2022-09-02 15:00:00.064,14619,14620,14624,173,173
2022-09-02 15:00:00.176,14624,14625,14625,8,8
2022-09-02 15:00:00.176,14624,14625,14625,18,18
2022-09-02 15:00:00.177,14624,14625,14625,9,9
2022-09-02 15:00:00.205,14624,14625,14627,1,1
2022-09-02 15:00:00.221,14624,14625,14624,1,-1
2022-09-02 15:00:00.280,14624,14625,14625,1,1
2022-09-02 15:00:00.283,14624,14625,14625,1,1
2022-09-02 15:00:00.294,14624,14625,14625,1,1
2022-09-02 15:00:00.297,14624,14625,14626,2,2
2022-09-02 15:00:00.342,14624,14625,14626,1,1
2022-09-02 15:00:00.342,14624,14625,14627,1,1
2022-09-02 15:00:00.342,14624,14625,14628,2,2
2022-09-02 15:00:00.365,14624,14625,14628,3,3
2022-09-02 15:00:00.384,14624,14625,14629,1,1
2022-09-02 15:00:00.402,14624,14625,14626,2,2
2022-09-02 15:00:00.405,14625,14628,14628,1,1
2022-09-02 15:00:00.405,14625,14628,14628,1,1
2022-09-02 15:00:00.438,14625,14628,14626,1,-1
2022-09-02 15:00:00.449,14625,14628,14626,1,-1
2022-09-02 15:00:00.477,14625,14628,14628,4,4
2022-09-02 15:00:00.477,14625,14628,14629,1,1
2022-09-02 15:00:00.525,14625,14628,14629,1,1
2022-09-02 15:00:00.534,14627,14629,14629,5,5
2022-09-02 15:00:00.758,14627,14629,14627,4,-4
2022-09-02 15:00:00.758,14627,14629,14626,4,-4
2022-09-02 15:00:00.765,14627,14629,14628,3,-3
2022-09-02 15:00:00.851,14626,14629,14627,1,-1
2022-09-02 15:00:00.852,14626,14629,14629,1,1
2022-09-02 15:00:00.922,14627,14629,14627,2,-2
2022-09-02 15:00:00.998,14627,14629,14628,1,-1
2022-09-02 15:00:01.053,14628,14630,14630,20,20
2022-09-02 15:00:01.054,14628,14630,14629,1,1
2022-09-02 15:00:01.075,14628,14630,14630,3,3
2022-09-02 15:00:01.075,14628,14630,14631,1,1
2022-09-02 15:00:01.108,14628,14630,14631,6,6
2022-09-02 15:00:01.114,14628,14630,14631,5,5
2022-09-02 15:00:01.114,14628,14630,14632,4,4
2022-09-02 15:00:01.114,14628,14630,14633,2,2
2022-09-02 15:00:01.114,14628,14630,14634,3,3
2022-09-02 15:00:01.143,14628,14630,14631,1,1
2022-09-02 15:00:01.147,14628,14630,14630,3,3
2022-09-02 15:00:01.152,14628,14630,14629,1,1
2022-09-02 15:00:01.189,14630,14632,14632,2,2
2022-09-02 15:00:01.237,14630,14632,14631,1,1
2022-09-02 15:00:01.238,14630,14632,14631,1,1
2022-09-02 15:00:01.258,14630,14632,14631,2,2
2022-09-02 15:00:01.287,14630,14631,14631,2,2
2022-09-02 15:00:01.288,14630,14631,14632,1,1
2022-09-02 15:00:01.363,14630,14631,14632,2,2
2022-09-02 15:00:01.388,14630,14631,14630,1,-1
2022-09-02 15:00:01.401,14630,14631,14630,1,-1
2022-09-02 15:00:01.639,14630,14632,14632,1,1
2022-09-02 15:00:01.653,14630,14632,14630,1,-1
2022-09-02 15:00:01.732,14630,14632,14632,1,1
2022-09-02 15:00:01.741,14630,14632,14632,1,1
2022-09-02 15:00:01.759,14630,14632,14632,1,1
2022-09-02 15:00:01.767,14630,14632,14630,2,-2
2022-09-02 15:00:01.767,14630,14632,14629,6,-6
2022-09-02 15:00:01.767,14630,14632,14628,8,-8
2022-09-02 15:00:01.767,14630,14632,14627,3,-3
2022-09-02 15:00:01.767,14630,14632,14626,3,-3
2022-09-02 15:00:01.767,14630,14632,14625,6,-6
2022-09-02 15:00:01.767,14630,14632,14624,32,-32
2022-09-02 15:00:01.771,14630,14632,14630,1,-1
2022-09-02 15:00:01.851,14628,14630,14631,1,1
2022-09-02 15:00:02.142,14629,14631,14631,1,1
2022-09-02 15:00:02.143,14629,14631,14629,1,-1
2022-09-02 15:00:02.144,14629,14631,14631,2,2
2022-09-02 15:00:02.282,14629,14630,14629,2,-2
2022-09-02 15:00:02.282,14629,14630,14629,1,-1
2022-09-02 15:00:02.282,14629,14630,14628,1,-1
2022-09-02 15:00:02.493,14629,14632,14629,1,-1
2022-09-02 15:00:02.514,14629,14632,14631,2,2
2022-09-02 15:00:02.616,14629,14632,14631,1,1
2022-09-02 15:00:02.630,14629,14632,14629,2,-2
2022-09-02 15:00:02.660,14629,14631,14629,1,-1
2022-09-02 15:00:02.660,14629,14631,14628,1,-1
2022-09-02 15:00:02.705,14629,14631,14629,2,-2
2022-09-02 15:00:02.771,14629,14631,14631,2,2
2022-09-02 15:00:02.936,14628,14630,14630,1,1
2022-09-02 15:00:02.936,14628,14630,14631,2,2
2022-09-02 15:00:02.936,14628,14630,14632,2,2
2022-09-02 15:00:02.938,14628,14630,14630,1,1
2022-09-02 15:00:02.951,14628,14630,14629,1,1
2022-09-02 15:00:02.978,14628,14630,14631,4,4
2022-09-02 15:00:03.146,14629,14631,14629,1,-1
2022-09-02 15:00:03.201,14628,14631,14628,2,-2
2022-09-02 15:00:03.205,14628,14631,14630,2,2
2022-09-02 15:00:03.314,14628,14630,14630,1,1
2022-09-02 15:00:03.332,14628,14630,14628,1,-1
2022-09-02 15:00:03.368,14628,14630,14630,1,1
2022-09-02 15:00:03.377,14628,14630,14628,1,-1
2022-09-02 15:00:03.559,14628,14630,14628,2,-2
2022-09-02 15:00:03.566,14628,14630,14629,4,-4
2022-09-02 15:00:03.566,14628,14630,14630,3,3
2022-09-02 15:00:03.680,14629,14631,14630,1,1
2022-09-02 15:00:03.869,14629,14630,14630,1,1
2022-09-02 15:00:03.982,14630,14631,14630,1,-1
2022-09-02 15:00:04.232,14630,14631,14630,1,-1
2022-09-02 15:00:04.281,14629,14631,14629,2,-2
2022-09-02 15:00:04.295,14629,14631,14629,1,-1
2022-09-02 15:00:04.295,14629,14631,14628,1,-1
2022-09-02 15:00:04.463,14628,14630,14629,1,-1
2022-09-02 15:00:04.481,14628,14630,14630,1,1
2022-09-02 15:00:04.481,14628,14630,14631,1,1
2022-09-02 15:00:04.510,14628,14630,14628,1,-1
2022-09-02 15:00:04.568,14628,14631,14628,2,-2
2022-09-02 15:00:04.569,14628,14631,14630,3,3
2022-09-02 15:00:04.575,14628,14631,14628,1,-1
2022-09-02 15:00:04.590,14628,14631,14630,1,1
2022-09-02 15:00:04.607,14628,14631,14631,1,1
2022-09-02 15:00:04.610,14628,14631,14631,3,3
2022-09-02 15:00:04.610,14628,14631,14632,4,4
2022-09-02 15:00:04.622,14628,14631,14630,1,1
2022-09-02 15:00:04.661,14629,14631,14631,2,2
2022-09-02 15:00:04.661,14629,14631,14632,1,1
2022-09-02 15:00:04.680,14629,14631,14630,1,1
2022-09-02 15:00:04.690,14629,14631,14630,1,1
2022-09-02 15:00:04.699,14629,14631,14629,1,-1
2022-09-02 15:00:04.704,14629,14631,14629,1,-1
2022-09-02 15:00:04.721,14629,14631,14629,1,-1
2022-09-02 15:00:04.731,14629,14631,14628,1,-1
2022-09-02 15:00:04.761,14629,14631,14631,3,3
2022-09-02 15:00:04.784,14630,14632,14632,1,1
2022-09-02 15:00:04.857,14630,14632,14630,1,-1
2022-09-02 15:00:04.868,14630,14632,14630,1,-1
2022-09-02 15:00:04.940,14629,14632,14629,2,-2
2022-09-02 15:00:04.961,14629,14632,14631,1,1
2022-09-02 15:00:05.031,14629,14631,14629,2,-2
2022-09-02 15:00:05.031,14629,14631,14628,1,-1
2022-09-02 15:00:05.050,14629,14631,14631,3,3
2022-09-02 15:00:05.055,14629,14631,14632,3,3
2022-09-02 15:00:05.243,14631,14633,14633,1,1
2022-09-02 15:00:05.341,14631,14633,14632,1,1
2022-09-02 15:00:05.345,14631,14633,14631,1,-1
2022-09-02 15:00:05.365,14631,14633,14633,1,1
2022-09-02 15:00:05.554,14631,14633,14633,1,1
2022-09-02 15:00:05.570,14631,14633,14631,1,-1
2022-09-02 15:00:05.712,14631,14633,14631,2,-2
2022-09-02 15:00:05.717,14631,14633,14633,4,4
2022-09-02 15:00:05.848,14631,14634,14634,1,1
2022-09-02 15:00:06.004,14631,14634,14633,1,1
2022-09-02 15:00:06.103,14632,14634,14634,4,4
2022-09-02 15:00:06.111,14632,14634,14632,1,-1
2022-09-02 15:00:06.133,14632,14634,14634,2,2
2022-09-02 15:00:06.262,14632,14634,14632,1,-1
2022-09-02 15:00:06.368,14632,14634,14634,1,1
2022-09-02 15:00:06.398,14632,14634,14635,3,3
2022-09-02 15:00:06.475,14633,14635,14633,4,-4
2022-09-02 15:00:06.475,14633,14635,14632,1,-1
2022-09-02 15:00:06.576,14632,14634,14632,1,-1
2022-09-02 15:00:06.604,14632,14634,14634,1,1
2022-09-02 15:00:06.605,14632,14634,14634,2,2
2022-09-02 15:00:06.608,14632,14634,14634,1,1
2022-09-02 15:00:06.757,14632,14634,14634,1,1
2022-09-02 15:00:06.770,14632,14634,14634,2,2
2022-09-02 15:00:06.770,14632,14634,14635,14,14
2022-09-02 15:00:06.867,14633,14635,14635,1,1
2022-09-02 15:00:06.886,14633,14635,14633,1,-1
2022-09-02 15:00:06.893,14633,14635,14633,3,-3
2022-09-02 15:00:06.893,14633,14635,14632,6,-6
2022-09-02 15:00:06.893,14633,14635,14631,4,-4
2022-09-02 15:00:06.893,14633,14635,14630,1,-1
2022-09-02 15:00:06.894,14633,14635,14632,1,-1
2022-09-02 15:00:06.963,14631,14633,14633,1,1
2022-09-02 15:00:07.127,14632,14634,14634,1,1
2022-09-02 15:00:07.165,14632,14634,14634,1,1
2022-09-02 15:00:07.253,14632,14634,14632,1,-1
2022-09-02 15:00:07.530,14633,14635,14635,1,1
2022-09-02 15:00:07.556,14633,14635,14633,1,-1
2022-09-02 15:00:07.658,14632,14634,14634,1,1
2022-09-02 15:00:07.715,14632,14634,14634,2,2
2022-09-02 15:00:07.923,14633,14635,14632,2,-2
2022-09-02 15:00:07.990,14633,14635,14634,1,-1
2022-09-02 15:00:08.086,14632,14634,14632,1,-1
2022-09-02 15:00:08.127,14632,14634,14632,1,-1
2022-09-02 15:00:08.342,14632,14634,14634,2,2
2022-09-02 15:00:08.423,14633,14634,14633,1,-1
2022-09-02 15:00:08.441,14633,14634,14633,2,-2
2022-09-02 15:00:08.543,14632,14633,14632,1,-1
2022-09-02 15:00:08.630,14632,14633,14633,1,1
2022-09-02 15:00:08.637,14632,14633,14633,1,1
2022-09-02 15:00:08.662,14631,14633,14631,1,-1
2022-09-02 15:00:08.683,14631,14633,14631,1,-1
2022-09-02 15:00:08.872,14631,14632,14631,1,-1
2022-09-02 15:00:08.915,14630,14632,14632,1,1
2022-09-02 15:00:08.915,14630,14632,14632,1,1
2022-09-02 15:00:08.932,14630,14632,14632,1,1
2022-09-02 15:00:09.681,14630,14632,14632,1,1
2022-09-02 15:00:09.686,14630,14632,14632,1,1
2022-09-02 15:00:09.693,14630,14632,14632,2,2
2022-09-02 15:00:10.161,14630,14632,14632,2,2
2022-09-02 15:00:10.245,14630,14632,14632,1,1
2022-09-02 15:00:10.458,14630,14632,14632,1,1
2022-09-02 15:00:10.577,14630,14632,14630,1,-1
2022-09-02 15:00:10.623,14630,14632,14632,1,1
2022-09-02 15:00:10.630,14630,14632,14632,1,1
2022-09-02 15:00:10.811,14632,14633,14633,1,1
2022-09-02 15:00:10.816,14632,14633,14633,1,1
2022-09-02 15:00:10.881,14632,14633,14633,3,3
2022-09-02 15:00:11.011,14631,14633,14631,2,-2
2022-09-02 15:00:11.062,14630,14632,14630,2,-2
2022-09-02 15:00:11.162,14630,14631,14631,1,1
2022-09-02 15:00:11.211,14630,14631,14632,1,1
2022-09-02 15:00:11.290,14631,14632,14632,1,1
2022-09-02 15:00:11.290,14631,14632,14632,1,1
2022-09-02 15:00:11.354,14631,14632,14632,1,1
2022-09-02 15:00:11.393,14631,14632,14633,1,1
2022-09-02 15:00:11.911,14632,14633,14632,1,-1
2022-09-02 15:00:12.041,14631,14633,14631,4,-4
2022-09-02 15:00:12.131,14631,14633,14633,1,1
2022-09-02 15:00:12.140,14631,14633,14630,6,-6
2022-09-02 15:00:12.140,14631,14633,14629,1,-1
2022-09-02 15:00:12.317,14629,14631,14629,2,-2
2022-09-02 15:00:12.549,14631,14633,14633,1,1
2022-09-02 15:00:12.554,14631,14633,14633,1,1
2022-09-02 15:00:12.575,14631,14633,14633,1,1
2022-09-02 15:00:12.631,14631,14633,14633,1,1
2022-09-02 15:00:12.659,14633,14634,14633,1,-1
2022-09-02 15:00:12.659,14633,14634,14632,1,-1
2022-09-02 15:00:12.659,14633,14634,14634,3,3
2022-09-02 15:00:12.833,14632,14634,14634,1,1
2022-09-02 15:00:12.833,14632,14634,14634,1,1
2022-09-02 15:00:13.113,14632,14633,14632,1,-1
2022-09-02 15:00:13.288,14632,14633,14633,1,1
2022-09-02 15:00:13.388,14632,14633,14632,1,-1
2022-09-02 15:00:13.549,14631,14633,14633,2,2
2022-09-02 15:00:13.549,14631,14633,14633,1,1
2022-09-02 15:00:13.549,14631,14633,14633,3,3
2022-09-02 15:00:13.549,14631,14633,14633,1,1
2022-09-02 15:00:14.202,14631,14632,14632,1,1
2022-09-02 15:00:14.291,14631,14632,14632,1,1
2022-09-02 15:00:14.394,14631,14632,14633,1,1
2022-09-02 15:00:14.650,14631,14633,14631,1,-1
2022-09-02 15:00:14.716,14631,14632,14632,1,1
2022-09-02 15:00:14.753,14631,14632,14632,1,1
2022-09-02 15:00:15.033,14631,14632,14632,1,1
2022-09-02 15:00:15.041,14631,14632,14632,1,1
2022-09-02 15:00:15.334,14631,14632,14631,5,-5
2022-09-02 15:00:15.334,14631,14632,14631,1,-1
2022-09-02 15:00:15.334,14631,14632,14631,3,-3
2022-09-02 15:00:15.335,14631,14632,14631,4,-4
2022-09-02 15:00:15.939,14630,14632,14632,1,1
2022-09-02 15:00:16.010,14630,14632,14632,1,1
2022-09-02 15:00:16.064,14630,14632,14632,1,1
2022-09-02 15:00:16.342,14631,14633,14631,1,-1
2022-09-02 15:00:16.699,14630,14632,14632,1,1
2022-09-02 15:00:17.382,14630,14632,14630,1,-1
2022-09-02 15:00:17.442,14629,14631,14629,1,-1
2022-09-02 15:00:17.850,14629,14631,14629,1,-1
2022-09-02 15:00:18.223,14629,14631,14629,1,-1
2022-09-02 15:00:18.269,14629,14631,14630,4,-4
2022-09-02 15:00:18.269,14629,14631,14631,5,5
2022-09-02 15:00:18.269,14629,14631,14632,7,7
2022-09-02 15:00:18.270,14629,14631,14632,1,1
2022-09-02 15:00:18.271,14629,14631,14632,13,13
2022-09-02 15:00:18.671,14629,14630,14630,2,2
2022-09-02 15:00:18.671,14629,14630,14631,2,2
2022-09-02 15:00:18.776,14629,14630,14629,1,-1
2022-09-02 15:00:18.778,14628,14630,14628,1,-1
2022-09-02 15:00:18.911,14628,14630,14630,5,5
2022-09-02 15:00:19.085,14629,14630,14631,1,1
2022-09-02 15:00:20.200,14628,14629,14629,1,1
2022-09-02 15:00:20.200,14628,14629,14629,3,3
2022-09-02 15:00:20.281,14628,14630,14628,1,-1
2022-09-02 15:00:20.303,14628,14630,14630,1,1
2022-09-02 15:00:20.383,14628,14630,14630,2,2
2022-09-02 15:00:20.636,14628,14630,14628,1,-1
2022-09-02 15:00:20.767,14627,14629,14627,1,-1
2022-09-02 15:00:20.799,14627,14629,14629,1,1
2022-09-02 15:00:20.919,14628,14629,14629,1,1
2022-09-02 15:00:22.047,14629,14630,14629,2,-2
2022-09-02 15:00:22.157,14629,14630,14630,1,1
2022-09-02 15:00:22.788,14629,14631,14631,1,1
2022-09-02 15:00:22.803,14629,14631,14631,1,1
2022-09-02 15:00:23.079,14629,14631,14631,1,1
2022-09-02 15:00:23.244,14629,14631,14629,1,-1
2022-09-02 15:00:24.083,14628,14630,14629,1,-1
2022-09-02 15:00:24.094,14628,14630,14630,1,1
2022-09-02 15:00:24.378,14628,14630,14630,1,1
2022-09-02 15:00:24.749,14629,14630,14630,3,3
2022-09-02 15:00:24.835,14629,14631,14631,6,6
2022-09-02 15:00:24.935,14630,14632,14632,3,3
2022-09-02 15:00:24.946,14630,14632,14630,1,-1
2022-09-02 15:00:25.017,14630,14632,14630,1,-1
2022-09-02 15:00:25.097,14630,14632,14630,4,-4
2022-09-02 15:00:25.181,14630,14632,14630,1,-1
2022-09-02 15:00:25.933,14629,14630,14630,1,1
2022-09-02 15:00:25.948,14629,14630,14629,1,-1
2022-09-02 15:00:26.148,14629,14630,14630,1,1
2022-09-02 15:00:26.218,14629,14631,14631,2,2
2022-09-02 15:00:26.462,14629,14631,14629,1,-1
2022-09-02 15:00:26.686,14629,14631,14631,1,1
2022-09-02 15:00:27.052,14630,14631,14631,1,1
2022-09-02 15:00:27.954,14630,14632,14630,1,-1
2022-09-02 15:00:28.111,14630,14632,14630,1,-1
2022-09-02 15:00:28.157,14630,14632,14630,1,-1
2022-09-02 15:00:28.163,14630,14632,14632,1,1
2022-09-02 15:00:28.988,14629,14631,14629,1,-1
2022-09-02 15:00:29.155,14629,14631,14631,1,1
2022-09-02 15:00:29.216,14629,14631,14631,1,1
2022-09-02 15:00:30.200,14630,14631,14631,2,2
2022-09-02 15:00:30.487,14630,14631,14631,1,1
2022-09-02 15:00:30.597,14630,14631,14631,1,1
2022-09-02 15:00:30.669,14630,14631,14631,1,1
2022-09-02 15:00:31.768,14630,14631,14630,2,-2
2022-09-02 15:00:31.909,14629,14631,14629,1,-1
2022-09-02 15:00:32.674,14629,14630,14629,1,-1
2022-09-02 15:00:32.675,14629,14630,14629,2,-2
2022-09-02 15:00:32.675,14629,14630,14629,7,-7
2022-09-02 15:00:33.778,14629,14630,14629,1,-1
2022-09-02 15:00:34.079,14628,14630,14630,1,1
2022-09-02 15:00:34.093,14628,14630,14628,1,-1
2022-09-02 15:00:36.246,14628,14629,14629,2,2
2022-09-02 15:00:36.246,14628,14629,14630,2,2
2022-09-02 15:00:36.367,14628,14630,14628,1,-1
2022-09-02 15:00:37.327,14628,14630,14628,4,-4
2022-09-02 15:00:37.327,14628,14630,14627,1,-1
2022-09-02 15:00:37.538,14627,14629,14627,2,-2
2022-09-02 15:00:38.191,14628,14629,14628,2,-2
2022-09-02 15:00:38.326,14627,14628,14627,1,-1
2022-09-02 15:00:38.327,14627,14628,14627,8,-8
2022-09-02 15:00:38.362,14627,14628,14625,1,-1
2022-09-02 15:00:38.379,14627,14628,14627,1,-1
2022-09-02 15:00:38.379,14627,14628,14628,1,1
2022-09-02 15:00:38.717,14626,14628,14628,2,2
2022-09-02 15:00:38.717,14626,14628,14629,3,3
2022-09-02 15:00:38.718,14626,14628,14627,1,1
2022-09-02 15:00:40.213,14626,14627,14627,1,1
2022-09-02 15:00:40.244,14626,14627,14626,1,-1
2022-09-02 15:00:41.650,14625,14627,14625,1,-1
2022-09-02 15:00:41.849,14625,14627,14625,5,-5
2022-09-02 15:00:43.296,14625,14626,14626,1,1
2022-09-02 15:00:43.296,14625,14626,14627,7,7
2022-09-02 15:00:43.296,14625,14626,14627,2,2
2022-09-02 15:00:45.614,14626,14628,14626,1,-1
2022-09-02 15:00:47.037,14627,14628,14628,1,1
2022-09-02 15:00:47.101,14627,14628,14627,1,-1
2022-09-02 15:00:47.103,14627,14628,14629,4,4
2022-09-02 15:00:47.463,14627,14629,14627,2,-2
2022-09-02 15:00:48.425,14626,14628,14626,1,-1
2022-09-02 15:00:48.855,14626,14628,14626,5,-5
2022-09-02 15:00:48.889,14626,14628,14628,1,1
2022-09-02 15:00:50.131,14626,14627,14627,9,9
2022-09-02 15:00:50.131,14626,14627,14627,1,1
2022-09-02 15:00:50.845,14626,14627,14626,1,-1
2022-09-02 15:00:51.113,14626,14627,14627,1,1
2022-09-02 15:00:51.222,14627,14628,14627,1,-1
2022-09-02 15:00:51.413,14626,14628,14628,1,1
2022-09-02 15:00:51.522,14626,14628,14628,1,1
2022-09-02 15:00:52.224,14628,14629,14629,1,1
2022-09-02 15:00:52.323,14628,14629,14629,5,5
2022-09-02 15:00:52.474,14628,14629,14628,1,-1
2022-09-02 15:00:52.838,14627,14629,14628,1,-1
2022-09-02 15:00:53.139,14627,14629,14627,1,-1
2022-09-02 15:00:53.319,14627,14629,14629,1,1
2022-09-02 15:00:53.454,14627,14629,14627,1,-1
2022-09-02 15:00:53.766,14627,14629,14629,4,4
2022-09-02 15:00:53.769,14627,14629,14629,1,1
2022-09-02 15:00:55.479,14627,14628,14628,1,1
2022-09-02 15:00:56.026,14627,14628,14628,2,2
2022-09-02 15:00:56.026,14627,14628,14628,4,4
2022-09-02 15:00:56.501,14628,14629,14628,1,-1
2022-09-02 15:00:56.530,14628,14629,14628,1,-1
2022-09-02 15:00:56.956,14627,14629,14629,2,2
2022-09-02 15:00:56.962,14627,14629,14629,2,2
2022-09-02 15:00:58.582,14627,14628,14628,1,1
2022-09-02 15:00:59.041,14627,14628,14628,2,2
2022-09-02 15:00:59.081,14627,14628,14628,2,2
2022-09-02 15:00:59.081,14627,14628,14628,1,1
2022-09-02 15:00:59.417,14628,14629,14629,1,1
2022-09-02 15:00:59.528,14628,14629,14629,1,1
2022-09-02 15:01:00.020,14628,14629,14629,1,1
2022-09-02 15:01:00.021,14628,14629,14628,1,-1
2022-09-02 15:01:00.203,14628,14629,14629,10,10
2022-09-02 15:01:00.338,14629,14630,14630,1,1
2022-09-02 15:01:00.338,14629,14630,14630,13,13
2022-09-02 15:01:00.618,14630,14631,14631,2,2
2022-09-02 15:01:00.618,14630,14631,14631,2,2
2022-09-02 15:01:00.801,14630,14631,14630,1,-1
2022-09-02 15:01:01.483,14629,14631,14629,1,-1
2022-09-02 15:01:01.871,14629,14631,14631,7,7
2022-09-02 15:01:01.894,14629,14631,14630,4,4
2022-09-02 15:01:02.000,14630,14632,14632,1,1
2022-09-02 15:01:02.089,14630,14632,14630,1,-1
2022-09-02 15:01:02.211,14630,14632,14632,1,1
2022-09-02 15:01:02.250,14630,14632,14632,12,12
2022-09-02 15:01:03.240,14631,14633,14633,1,1
2022-09-02 15:01:03.577,14631,14633,14631,1,-1
2022-09-02 15:01:04.287,14631,14633,14632,1,-1
2022-09-02 15:01:04.548,14631,14633,14632,3,-3
2022-09-02 15:01:04.620,14631,14633,14632,1,-1
2022-09-02 15:01:05.022,14631,14633,14631,1,-1
2022-09-02 15:01:05.084,14631,14633,14633,1,1
2022-09-02 15:01:05.084,14631,14633,14633,1,1
2022-09-02 15:01:05.085,14631,14633,14633,8,8
2022-09-02 15:01:05.085,14631,14633,14633,5,5
2022-09-02 15:01:05.744,14632,14634,14632,1,-1
2022-09-02 15:01:06.218,14632,14634,14632,1,-1
2022-09-02 15:01:06.950,14631,14632,14631,1,-1
2022-09-02 15:01:06.964,14631,14632,14630,1,-1
2022-09-02 15:01:08.277,14630,14631,14630,1,-1
2022-09-02 15:01:08.278,14630,14631,14630,1,-1
2022-09-02 15:01:08.278,14630,14631,14630,1,-1
2022-09-02 15:01:09.729,14629,14630,14630,1,1
2022-09-02 15:01:09.729,14629,14630,14630,1,1
2022-09-02 15:01:09.749,14629,14630,14631,2,2
2022-09-02 15:01:10.009,14629,14631,14631,1,1
2022-09-02 15:01:11.652,14629,14631,14631,1,1
2022-09-02 15:01:12.240,14630,14631,14631,1,1
2022-09-02 15:01:13.558,14630,14631,14631,2,2
2022-09-02 15:01:13.728,14630,14631,14630,1,-1
2022-09-02 15:01:13.949,14630,14631,14631,1,1
2022-09-02 15:01:14.225,14630,14632,14630,1,-1
2022-09-02 15:01:16.003,14630,14631,14630,1,-1
2022-09-02 15:01:16.288,14630,14631,14631,1,1
2022-09-02 15:01:16.288,14630,14631,14631,1,1
2022-09-02 15:01:16.756,14630,14631,14631,1,1
2022-09-02 15:01:16.862,14630,14631,14630,3,-3
2022-09-02 15:01:17.570,14630,14631,14630,4,-4
2022-09-02 15:01:19.061,14629,14630,14630,5,5
2022-09-02 15:01:19.156,14629,14630,14629,1,-1
2022-09-02 15:01:20.038,14629,14630,14629,1,-1
2022-09-02 15:01:20.178,14629,14630,14629,4,-4
2022-09-02 15:01:20.178,14629,14630,14629,5,-5
2022-09-02 15:01:20.200,14629,14630,14630,9,9
2022-09-02 15:01:20.292,14629,14631,14631,2,2
2022-09-02 15:01:20.720,14628,14631,14630,1,1
2022-09-02 15:01:20.720,14628,14631,14630,1,1
2022-09-02 15:01:21.117,14628,14630,14630,2,2
2022-09-02 15:01:21.657,14629,14630,14630,1,1
2022-09-02 15:01:21.691,14629,14630,14629,1,-1
2022-09-02 15:01:22.627,14628,14631,14628,1,-1
2022-09-02 15:01:24.810,14628,14630,14628,1,-1
2022-09-02 15:01:24.851,14628,14630,14627,1,-1
2022-09-02 15:01:26.686,14627,14628,14627,2,-2
2022-09-02 15:01:26.826,14626,14627,14626,7,-7
2022-09-02 15:01:28.325,14625,14626,14625,1,-1
2022-09-02 15:01:28.325,14625,14626,14625,2,-2
2022-09-02 15:01:28.325,14625,14626,14625,3,-3
2022-09-02 15:01:28.326,14625,14626,14625,3,-3
2022-09-02 15:01:28.326,14625,14626,14625,1,-1
2022-09-02 15:01:28.326,14625,14626,14625,24,-24
2022-09-02 15:01:28.678,14622,14624,14624,1,1
2022-09-02 15:01:29.155,14622,14624,14624,1,1
2022-09-02 15:01:29.852,14622,14623,14623,1,1
2022-09-02 15:01:30.356,14622,14625,14623,2,-2
2022-09-02 15:01:30.520,14623,14625,14623,1,-1
2022-09-02 15:01:30.947,14622,14624,14622,2,-2
2022-09-02 15:01:32.770,14623,14624,14623,1,-1
2022-09-02 15:01:33.018,14623,14624,14624,3,3
2022-09-02 15:01:33.529,14624,14625,14624,1,-1
2022-09-02 15:01:34.011,14624,14625,14624,3,-3
2022-09-02 15:01:35.206,14623,14624,14623,7,-7
2022-09-02 15:01:35.207,14623,14624,14623,3,-3
2022-09-02 15:01:35.210,14623,14624,14622,1,-1
2022-09-02 15:01:35.210,14623,14624,14622,1,-1
2022-09-02 15:01:35.532,14622,14624,14624,1,1
2022-09-02 15:01:35.905,14622,14624,14624,1,1
2022-09-02 15:01:36.328,14622,14624,14622,1,-1
2022-09-02 15:01:37.594,14623,14624,14624,1,1
2022-09-02 15:01:38.125,14623,14624,14624,1,1
2022-09-02 15:01:38.126,14623,14624,14624,1,1
2022-09-02 15:01:38.800,14623,14625,14623,1,-1
2022-09-02 15:01:39.069,14623,14625,14625,1,1
2022-09-02 15:01:39.069,14623,14625,14625,1,1
2022-09-02 15:01:39.070,14623,14625,14625,2,2
2022-09-02 15:01:39.108,14623,14625,14625,1,1
2022-09-02 15:01:39.148,14623,14625,14626,1,1
2022-09-02 15:01:39.148,14623,14625,14626,1,1
2022-09-02 15:01:39.149,14623,14625,14626,1,1
2022-09-02 15:01:39.395,14626,14627,14627,1,1
2022-09-02 15:01:41.739,14625,14626,14626,1,1
2022-09-02 15:01:43.763,14625,14626,14625,1,-1
2022-09-02 15:01:44.067,14624,14625,14625,1,1
2022-09-02 15:01:44.550,14624,14625,14624,1,-1
2022-09-02 15:01:45.137,14624,14625,14625,1,1
2022-09-02 15:01:46.025,14624,14625,14624,5,-5
2022-09-02 15:01:47.009,14623,14625,14625,1,1
2022-09-02 15:01:47.563,14623,14625,14623,1,-1
2022-09-02 15:01:47.569,14623,14625,14623,1,-1
2022-09-02 15:01:47.659,14623,14624,14624,1,1
2022-09-02 15:01:47.660,14623,14624,14623,1,-1
2022-09-02 15:01:49.040,14621,14622,14622,1,1
2022-09-02 15:01:49.593,14621,14622,14621,1,-1
2022-09-02 15:01:50.072,14621,14622,14621,1,-1
2022-09-02 15:01:50.637,14621,14623,14623,1,1
2022-09-02 15:01:50.736,14621,14623,14622,1,1
2022-09-02 15:01:51.088,14622,14624,14622,1,-1
2022-09-02 15:01:51.545,14622,14624,14624,2,2
2022-09-02 15:01:52.479,14622,14624,14623,5,5
2022-09-02 15:01:53.096,14623,14625,14623,1,-1
2022-09-02 15:01:53.506,14623,14625,14623,1,-1
2022-09-02 15:01:54.006,14623,14625,14623,1,-1
2022-09-02 15:01:54.006,14623,14625,14622,1,-1
2022-09-02 15:01:54.960,14622,14625,14622,3,-3
2022-09-02 15:01:55.758,14623,14624,14623,1,-1
2022-09-02 15:01:56.533,14623,14624,14623,1,-1
2022-09-02 15:01:57.526,14622,14623,14622,6,-6
2022-09-02 15:01:58.311,14621,14623,14623,1,1
2022-09-02 15:01:59.904,14621,14623,14621,1,-1
2022-09-02 15:01:59.970,14621,14623,14621,1,-1
2022-09-02 15:01:59.970,14621,14623,14621,1,-1
2022-09-02 15:01:59.978,14621,14623,14621,1,-1
2022-09-02 15:01:59.981,14621,14623,14621,1,-1
2022-09-02 15:02:00.301,14620,14621,14621,1,1
2022-09-02 15:02:00.301,14620,14621,14621,1,1
2022-09-02 15:02:00.325,14620,14621,14622,3,3
2022-09-02 15:02:00.348,14620,14621,14622,1,1
2022-09-02 15:02:00.403,14622,14623,14623,1,1
2022-09-02 15:02:00.518,14622,14623,14622,1,-1
2022-09-02 15:02:00.545,14622,14624,14624,1,1
2022-09-02 15:02:00.739,14622,14624,14624,1,1
2022-09-02 15:02:02.032,14621,14622,14622,1,1
2022-09-02 15:02:02.277,14621,14622,14622,1,1
2022-09-02 15:02:02.648,14621,14622,14622,1,1
2022-09-02 15:02:03.130,14622,14624,14622,9,-9
2022-09-02 15:02:03.130,14622,14624,14621,1,-1
2022-09-02 15:02:03.403,14622,14623,14623,1,1
2022-09-02 15:02:03.745,14622,14624,14623,2,2
2022-09-02 15:02:03.746,14622,14624,14624,2,2
2022-09-02 15:02:04.733,14623,14624,14623,1,-1
2022-09-02 15:02:05.977,14623,14624,14624,1,1
2022-09-02 15:02:06.609,14623,14624,14624,2,2
2022-09-02 15:02:06.965,14624,14625,14624,1,-1
2022-09-02 15:02:07.049,14624,14625,14624,1,-1
2022-09-02 15:02:07.162,14624,14625,14625,4,4
2022-09-02 15:02:07.163,14624,14625,14625,17,17
2022-09-02 15:02:07.164,14624,14625,14626,5,5
2022-09-02 15:02:08.125,14626,14627,14627,1,1
2022-09-02 15:02:08.238,14626,14627,14627,5,5
2022-09-02 15:02:08.311,14627,14628,14628,1,1
2022-09-02 15:02:08.312,14627,14628,14628,1,1
2022-09-02 15:02:08.390,14627,14628,14629,1,1
2022-09-02 15:02:08.431,14627,14629,14627,1,-1
2022-09-02 15:02:09.585,14626,14628,14626,1,-1
2022-09-02 15:02:09.885,14626,14628,14628,1,1
2022-09-02 15:02:10.475,14626,14628,14626,1,-1
2022-09-02 15:02:11.084,14627,14628,14628,1,1
2022-09-02 15:02:11.344,14627,14629,14629,1,1
2022-09-02 15:02:11.372,14627,14629,14627,1,-1
2022-09-02 15:02:11.421,14627,14629,14627,10,-10
2022-09-02 15:02:12.766,14626,14627,14627,1,1
2022-09-02 15:02:14.598,14626,14627,14626,1,-1
2022-09-02 15:02:14.851,14626,14627,14626,1,-1
2022-09-02 15:02:15.044,14624,14625,14625,1,1
2022-09-02 15:02:15.070,14624,14625,14625,1,1
2022-09-02 15:02:15.298,14624,14625,14624,2,-2
2022-09-02 15:02:16.311,14623,14625,14623,3,-3
2022-09-02 15:02:16.311,14623,14625,14622,2,-2
2022-09-02 15:02:16.457,14622,14624,14622,3,-3
2022-09-02 15:02:16.737,14621,14623,14622,1,-1
2022-09-02 15:02:17.188,14622,14623,14622,2,-2
2022-09-02 15:02:17.194,14622,14623,14621,16,-16
2022-09-02 15:02:17.317,14620,14621,14622,1,1
2022-09-02 15:02:17.863,14620,14622,14622,8,8
2022-09-02 15:02:17.916,14621,14623,14623,1,1
2022-09-02 15:02:21.708,14624,14626,14624,1,-1
2022-09-02 15:02:23.163,14624,14625,14624,1,-1
2022-09-02 15:02:24.807,14625,14627,14625,1,-1
2022-09-02 15:02:26.076,14625,14627,14627,1,1
2022-09-02 15:02:26.329,14625,14627,14627,1,1
2022-09-02 15:02:26.591,14625,14627,14625,1,-1
2022-09-02 15:02:29.077,14623,14625,14625,1,1
2022-09-02 15:02:30.004,14624,14625,14625,12,12
2022-09-02 15:02:31.674,14625,14626,14626,1,1
2022-09-02 15:02:32.574,14625,14626,14625,1,-1
2022-09-02 15:02:34.454,14625,14626,14625,1,-1
2022-09-02 15:02:34.463,14625,14626,14626,1,1
2022-09-02 15:02:36.964,14625,14626,14626,1,1
2022-09-02 15:02:37.207,14625,14626,14625,1,-1
2022-09-02 15:02:38.276,14624,14625,14624,1,-1
2022-09-02 15:02:38.961,14624,14625,14624,1,-1
2022-09-02 15:02:39.295,14624,14625,14625,1,1
2022-09-02 15:02:40.463,14623,14625,14625,1,1
2022-09-02 15:02:42.402,14624,14625,14625,10,10
2022-09-02 15:02:42.403,14624,14625,14625,1,1
2022-09-02 15:02:42.922,14624,14626,14626,1,1
2022-09-02 15:02:45.208,14623,14625,14625,1,1
2022-09-02 15:02:45.429,14624,14625,14625,1,1
2022-09-02 15:02:48.280,14625,14626,14625,1,-1
2022-09-02 15:02:48.396,14625,14626,14626,1,1
2022-09-02 15:02:48.607,14625,14626,14626,3,3
2022-09-02 15:02:49.040,14626,14627,14627,18,18
2022-09-02 15:02:49.040,14626,14627,14627,3,3
2022-09-02 15:02:49.445,14627,14628,14628,3,3
2022-09-02 15:02:50.094,14628,14629,14629,2,2
2022-09-02 15:02:50.899,14629,14630,14630,21,21
2022-09-02 15:02:50.901,14629,14630,14631,6,6
2022-09-02 15:02:50.902,14629,14630,14631,1,1
2022-09-02 15:02:50.970,14631,14632,14632,1,1
2022-09-02 15:02:51.844,14630,14631,14631,1,1
2022-09-02 15:02:52.216,14630,14631,14631,1,1
2022-09-02 15:02:52.656,14630,14631,14630,1,-1
2022-09-02 15:02:52.710,14630,14631,14630,1,-1
2022-09-02 15:02:53.247,14629,14631,14629,1,-1
2022-09-02 15:02:53.499,14629,14631,14629,1,-1
2022-09-02 15:02:54.873,14629,14630,14630,1,1
2022-09-02 15:02:55.124,14629,14630,14629,1,-1
2022-09-02 15:02:55.124,14629,14630,14629,1,-1
2022-09-02 15:02:55.707,14628,14629,14628,1,-1
2022-09-02 15:02:56.090,14627,14629,14627,3,-3
2022-09-02 15:02:56.583,14627,14628,14628,1,1
2022-09-02 15:02:58.670,14627,14628,14627,1,-1
2022-09-02 15:02:59.903,14627,14628,14628,1,1
2022-09-02 15:03:00.112,14627,14628,14627,2,-2
2022-09-02 15:03:00.203,14625,14627,14627,1,1
2022-09-02 15:03:00.283,14625,14627,14627,2,2
2022-09-02 15:03:00.380,14625,14627,14628,9,9
2022-09-02 15:03:00.432,14628,14629,14628,1,-1
2022-09-02 15:03:00.432,14628,14629,14627,1,-1
2022-09-02 15:03:00.695,14627,14629,14629,10,10
2022-09-02 15:03:00.695,14627,14629,14630,19,19
2022-09-02 15:03:00.697,14627,14629,14630,2,2
2022-09-02 15:03:00.964,14630,14631,14630,1,-1
2022-09-02 15:03:01.200,14630,14631,14631,3,3
2022-09-02 15:03:01.495,14630,14631,14630,1,-1
2022-09-02 15:03:01.537,14630,14631,14630,1,-1
2022-09-02 15:03:02.418,14630,14631,14630,1,-1
2022-09-02 15:03:02.560,14630,14631,14630,1,-1
2022-09-02 15:03:02.785,14630,14631,14631,1,1
2022-09-02 15:03:02.842,14630,14631,14631,3,3
2022-09-02 15:03:02.842,14630,14631,14630,2,-2
2022-09-02 15:03:03.483,14630,14631,14630,1,-1
2022-09-02 15:03:03.606,14630,14631,14630,1,-1
2022-09-02 15:03:04.402,14630,14631,14630,1,-1
2022-09-02 15:03:04.542,14630,14631,14630,1,-1
2022-09-02 15:03:04.582,14630,14631,14630,1,-1
2022-09-02 15:03:05.176,14630,14631,14630,1,-1
2022-09-02 15:03:05.431,14630,14631,14630,1,-1
2022-09-02 15:03:05.432,14630,14631,14630,1,-1
2022-09-02 15:03:05.908,14630,14631,14630,3,-3
2022-09-02 15:03:06.011,14630,14631,14630,2,-2
2022-09-02 15:03:06.019,14630,14631,14630,1,-1
2022-09-02 15:03:06.554,14628,14630,14628,1,-1
2022-09-02 15:03:06.562,14628,14630,14628,1,-1
2022-09-02 15:03:07.153,14627,14629,14629,1,1
2022-09-02 15:03:07.362,14627,14629,14628,1,1
2022-09-02 15:03:07.362,14627,14629,14629,4,4
2022-09-02 15:03:07.431,14627,14629,14627,1,-1
2022-09-02 15:03:07.435,14627,14629,14627,1,-1
2022-09-02 15:03:08.553,14628,14630,14628,1,-1
2022-09-02 15:03:08.595,14628,14630,14628,1,-1
2022-09-02 15:03:08.917,14628,14630,14628,1,-1
2022-09-02 15:03:09.404,14628,14629,14628,1,-1
2022-09-02 15:03:09.562,14628,14629,14628,1,-1
2022-09-02 15:03:10.506,14627,14629,14627,1,-1
2022-09-02 15:03:11.487,14627,14629,14627,1,-1
2022-09-02 15:03:12.501,14628,14630,14628,1,-1
2022-09-02 15:03:13.544,14627,14629,14627,1,-1
2022-09-02 15:03:14.480,14627,14629,14629,1,1
2022-09-02 15:03:14.507,14627,14629,14627,1,-1
2022-09-02 15:03:14.814,14627,14629,14629,1,1
2022-09-02 15:03:15.511,14627,14629,14627,1,-1
2022-09-02 15:03:15.541,14627,14629,14627,1,-1
2022-09-02 15:03:15.997,14627,14628,14627,1,-1
2022-09-02 15:03:16.087,14626,14627,14627,1,1
2022-09-02 15:03:16.486,14626,14627,14626,1,-1
2022-09-02 15:03:17.264,14626,14627,14627,1,1
2022-09-02 15:03:17.392,14626,14627,14627,1,1
2022-09-02 15:03:21.006,14626,14627,14626,1,-1
2022-09-02 15:03:24.555,14625,14626,14625,1,-1
2022-09-02 15:03:25.552,14625,14626,14625,1,-1
2022-09-02 15:03:25.557,14625,14626,14625,1,-1
2022-09-02 15:03:26.754,14625,14626,14625,1,-1
2022-09-02 15:03:27.773,14625,14626,14625,1,-1
2022-09-02 15:03:27.773,14625,14626,14625,1,-1
2022-09-02 15:03:27.811,14624,14625,14624,1,-1
2022-09-02 15:03:28.465,14624,14626,14624,1,-1
2022-09-02 15:03:29.555,14624,14625,14624,1,-1
2022-09-02 15:03:30.433,14624,14625,14624,1,-1
2022-09-02 15:03:30.775,14624,14625,14625,2,2
2022-09-02 15:03:31.002,14625,14626,14625,1,-1
2022-09-02 15:03:31.499,14625,14626,14625,1,-1
2022-09-02 15:03:31.535,14625,14626,14626,2,2
2022-09-02 15:03:33.868,14625,14627,14625,1,-1
2022-09-02 15:03:34.433,14626,14627,14626,1,-1
2022-09-02 15:03:34.725,14626,14627,14626,1,-1
2022-09-02 15:03:35.139,14626,14627,14626,1,-1
2022-09-02 15:03:35.577,14626,14627,14626,1,-1
2022-09-02 15:03:35.712,14626,14627,14626,4,-4
2022-09-02 15:03:36.046,14625,14626,14626,1,1
2022-09-02 15:03:36.450,14626,14627,14626,1,-1
2022-09-02 15:03:36.467,14626,14627,14626,5,-5
2022-09-02 15:03:36.593,14625,14627,14625,1,-1
2022-09-02 15:03:37.609,14626,14627,14626,1,-1
2022-09-02 15:03:38.072,14626,14627,14626,1,-1
2022-09-02 15:03:38.660,14625,14626,14625,1,-1
2022-09-02 15:03:38.753,14625,14626,14625,10,-10
2022-09-02 15:03:39.749,14624,14626,14624,1,-1
2022-09-02 15:03:42.950,14624,14625,14624,1,-1
2022-09-02 15:03:42.975,14624,14625,14625,1,1
2022-09-02 15:03:44.817,14624,14625,14624,1,-1
2022-09-02 15:03:44.962,14624,14625,14625,4,4
2022-09-02 15:03:46.656,14624,14625,14625,1,1
2022-09-02 15:03:47.599,14624,14626,14624,5,-5
2022-09-02 15:03:52.988,14624,14625,14624,2,-2
2022-09-02 15:03:53.106,14624,14625,14624,2,-2
2022-09-02 15:03:53.106,14624,14625,14624,8,-8
2022-09-02 15:03:56.493,14624,14625,14625,1,1
2022-09-02 15:03:57.479,14624,14625,14624,1,-1
2022-09-02 15:03:57.481,14624,14625,14623,9,-9
2022-09-02 15:03:57.780,14622,14623,14623,1,1
2022-09-02 15:03:58.503,14622,14624,14624,1,1
2022-09-02 15:03:58.969,14622,14624,14624,1,1
2022-09-02 15:04:00.282,14623,14624,14624,1,1
2022-09-02 15:04:00.777,14623,14625,14623,2,-2
2022-09-02 15:04:02.951,14623,14624,14624,2,2
2022-09-02 15:04:02.951,14623,14624,14624,1,1
2022-09-02 15:04:02.951,14623,14624,14624,1,1
2022-09-02 15:04:02.952,14623,14624,14624,2,2
2022-09-02 15:04:02.952,14623,14624,14624,2,2
2022-09-02 15:04:02.952,14623,14624,14624,2,2
2022-09-02 15:04:02.952,14623,14624,14624,1,1
2022-09-02 15:04:03.316,14624,14625,14625,1,1
2022-09-02 15:04:03.431,14624,14625,14625,1,1
2022-09-02 15:04:03.439,14624,14625,14625,1,1
2022-09-02 15:04:03.469,14624,14625,14624,1,-1
2022-09-02 15:04:03.941,14624,14625,14625,7,7
2022-09-02 15:04:04.772,14624,14626,14624,5,-5
2022-09-02 15:04:04.998,14624,14626,14624,1,-1
2022-09-02 15:04:09.166,14624,14625,14624,2,-2
2022-09-02 15:04:09.173,14624,14625,14624,4,-4
2022-09-02 15:04:09.951,14623,14624,14623,1,-1
2022-09-02 15:04:10.036,14622,14624,14622,2,-2
2022-09-02 15:04:10.257,14621,14623,14621,1,-1
2022-09-02 15:04:10.257,14621,14623,14621,2,-2
2022-09-02 15:04:10.283,14620,14622,14622,1,1
2022-09-02 15:04:11.624,14620,14622,14620,13,-13
2022-09-02 15:04:13.280,14620,14622,14622,2,2
2022-09-02 15:04:14.363,14620,14622,14620,2,-2
2022-09-02 15:04:15.433,14620,14622,14620,1,-1
2022-09-02 15:04:15.671,14621,14623,14623,1,1
2022-09-02 15:04:15.810,14621,14623,14621,1,-1
2022-09-02 15:04:15.962,14621,14623,14623,2,2
2022-09-02 15:04:15.963,14621,14623,14623,4,4
2022-09-02 15:04:16.506,14622,14624,14622,1,-1
2022-09-02 15:04:16.719,14622,14624,14624,1,1
2022-09-02 15:04:16.813,14622,14624,14622,1,-1
2022-09-02 15:04:16.896,14622,14624,14624,1,1
2022-09-02 15:04:17.153,14622,14624,14622,1,-1
2022-09-02 15:04:17.482,14622,14624,14623,1,-1
2022-09-02 15:04:18.831,14622,14623,14623,2,2
2022-09-02 15:04:19.027,14622,14624,14622,1,-1
2022-09-02 15:04:21.586,14621,14622,14621,1,-1
2022-09-02 15:04:21.586,14621,14622,14621,1,-1
2022-09-02 15:04:22.283,14620,14622,14622,1,1
2022-09-02 15:04:23.270,14620,14622,14620,1,-1
2022-09-02 15:04:23.301,14619,14621,14619,5,-5
2022-09-02 15:04:26.055,14619,14620,14620,1,1
2022-09-02 15:04:26.177,14619,14620,14620,1,1
2022-09-02 15:04:27.974,14619,14620,14619,1,-1
2022-09-02 15:04:28.035,14618,14620,14620,2,2
2022-09-02 15:04:28.382,14618,14620,14618,1,-1
2022-09-02 15:04:29.309,14618,14620,14618,10,-10
2022-09-02 15:04:29.309,14618,14620,14618,9,-9
2022-09-02 15:04:30.631,14617,14619,14619,1,1
2022-09-02 15:04:31.125,14617,14619,14617,1,-1
2022-09-02 15:04:31.260,14617,14619,14617,3,-3
2022-09-02 15:04:31.746,14617,14619,14618,1,-1
2022-09-02 15:04:32.301,14617,14619,14617,1,-1
2022-09-02 15:04:33.551,14617,14619,14617,5,-5
2022-09-02 15:04:33.794,14617,14618,14617,2,-2
2022-09-02 15:04:34.462,14617,14618,14618,1,1
2022-09-02 15:04:34.789,14617,14619,14617,1,-1
2022-09-02 15:04:35.566,14617,14618,14618,1,1
2022-09-02 15:04:38.560,14618,14619,14618,1,-1
2022-09-02 15:04:38.754,14618,14619,14618,1,-1
2022-09-02 15:04:40.668,14618,14619,14618,1,-1
2022-09-02 15:04:42.294,14618,14619,14619,4,4
2022-09-02 15:04:42.300,14618,14619,14620,2,2
2022-09-02 15:04:42.367,14618,14619,14619,2,2
2022-09-02 15:04:42.889,14618,14620,14620,1,1
2022-09-02 15:04:43.408,14618,14620,14620,2,2
2022-09-02 15:04:43.512,14618,14620,14619,1,1
2022-09-02 15:04:44.291,14618,14620,14618,1,-1
2022-09-02 15:04:45.868,14618,14619,14618,1,-1
2022-09-02 15:04:46.766,14617,14619,14618,1,-1
2022-09-02 15:04:46.858,14616,14618,14618,2,2
2022-09-02 15:04:48.985,14617,14618,14618,1,1
2022-09-02 15:04:49.152,14617,14618,14618,2,2
2022-09-02 15:04:50.376,14617,14618,14617,1,-1
2022-09-02 15:04:50.376,14617,14618,14616,1,-1
2022-09-02 15:04:51.732,14616,14618,14616,1,-1
2022-09-02 15:04:52.034,14616,14618,14616,1,-1
2022-09-02 15:04:52.267,14615,14617,14617,1,1
2022-09-02 15:04:52.747,14615,14616,14616,2,2
2022-09-02 15:04:53.294,14615,14616,14615,8,-8
2022-09-02 15:04:53.295,14615,14616,14615,11,-11
2022-09-02 15:04:53.706,14614,14615,14615,1,1
2022-09-02 15:04:54.603,14614,14615,14615,1,1
2022-09-02 15:04:57.043,14614,14615,14615,5,5
2022-09-02 15:04:57.120,14614,14615,14615,1,1
2022-09-02 15:04:57.208,14615,14616,14615,1,-1
2022-09-02 15:04:57.517,14615,14616,14616,1,1
2022-09-02 15:04:57.517,14615,14616,14617,1,1
2022-09-02 15:04:57.600,14615,14617,14617,4,4
2022-09-02 15:04:57.699,14616,14618,14616,1,-1
2022-09-02 15:04:57.960,14616,14618,14616,1,-1
2022-09-02 15:05:00.946,14617,14618,14618,13,13
2022-09-02 15:05:00.948,14617,14618,14619,1,1
2022-09-02 15:05:01.364,14619,14620,14620,4,4
2022-09-02 15:05:01.916,14620,14621,14621,1,1
2022-09-02 15:05:01.917,14620,14621,14621,1,1
2022-09-02 15:05:01.917,14620,14621,14621,1,1
2022-09-02 15:05:02.199,14621,14622,14622,2,2
2022-09-02 15:05:04.131,14622,14624,14622,1,-1
2022-09-02 15:05:04.905,14621,14624,14621,1,-1
2022-09-02 15:05:05.451,14622,14624,14622,1,-1
2022-09-02 15:05:06.105,14622,14624,14622,2,-2
2022-09-02 15:05:09.551,14622,14623,14622,1,-1
2022-09-02 15:05:09.689,14622,14623,14623,5,5
2022-09-02 15:05:09.801,14623,14624,14624,1,1
2022-09-02 15:05:09.877,14623,14624,14624,1,1
2022-09-02 15:05:09.877,14623,14624,14624,2,2
2022-09-02 15:05:10.627,14623,14625,14623,1,-1
2022-09-02 15:05:11.415,14623,14625,14623,1,-1
2022-09-02 15:05:11.617,14624,14625,14625,1,1
2022-09-02 15:05:13.449,14623,14625,14625,2,2
2022-09-02 15:05:13.673,14623,14625,14623,1,-1
2022-09-02 15:05:15.029,14622,14623,14622,1,-1
2022-09-02 15:05:15.105,14622,14623,14623,1,1
2022-09-02 15:05:19.236,14622,14623,14623,1,1
2022-09-02 15:05:22.158,14622,14623,14622,4,-4
2022-09-02 15:05:23.823,14621,14622,14621,1,-1
2022-09-02 15:05:24.387,14620,14621,14621,1,1
2022-09-02 15:05:24.582,14620,14621,14621,2,2
2022-09-02 15:05:25.141,14620,14621,14621,1,1
2022-09-02 15:05:26.240,14620,14622,14620,1,-1
2022-09-02 15:05:29.822,14619,14620,14619,1,-1
2022-09-02 15:05:32.120,14620,14621,14620,1,-1
2022-09-02 15:05:36.101,14620,14621,14621,1,1
2022-09-02 15:05:36.481,14621,14622,14622,1,1
2022-09-02 15:05:36.603,14621,14622,14622,1,1
2022-09-02 15:05:37.344,14621,14623,14622,1,1
2022-09-02 15:05:37.369,14621,14623,14621,1,-1
2022-09-02 15:05:38.051,14621,14622,14622,1,1
2022-09-02 15:05:39.319,14622,14623,14623,1,1
2022-09-02 15:05:39.321,14622,14623,14623,2,2
2022-09-02 15:05:40.208,14622,14624,14624,5,5
2022-09-02 15:05:41.300,14623,14624,14623,1,-1
2022-09-02 15:05:41.518,14623,14624,14623,1,-1
2022-09-02 15:05:41.842,14623,14624,14624,4,4
2022-09-02 15:05:42.724,14624,14625,14623,1,-1
2022-09-02 15:05:42.724,14624,14625,14623,1,-1
2022-09-02 15:05:43.517,14623,14625,14623,1,-1
2022-09-02 15:05:47.204,14622,14623,14622,1,-1
2022-09-02 15:05:51.268,14622,14623,14623,2,2
2022-09-02 15:05:51.268,14622,14623,14623,1,1
2022-09-02 15:05:52.126,14622,14624,14622,6,-6
2022-09-02 15:05:52.127,14622,14624,14622,4,-4
2022-09-02 15:05:54.665,14623,14624,14624,1,1
2022-09-02 15:05:57.825,14623,14624,14624,2,2
2022-09-02 15:05:58.952,14623,14624,14624,1,1
2022-09-02 15:06:00.351,14623,14625,14625,3,3
2022-09-02 15:06:00.933,14623,14625,14625,3,3
2022-09-02 15:06:00.934,14623,14625,14625,9,9
2022-09-02 15:06:00.934,14623,14625,14625,1,1
2022-09-02 15:06:01.004,14623,14625,14626,1,1
2022-09-02 15:06:01.234,14624,14626,14626,6,6
2022-09-02 15:06:02.594,14625,14627,14625,1,-1
2022-09-02 15:06:04.493,14624,14625,14624,1,-1
2022-09-02 15:06:04.914,14623,14625,14624,1,-1
2022-09-02 15:06:05.614,14623,14624,14623,1,-1
2022-09-02 15:06:05.614,14623,14624,14623,1,-1
2022-09-02 15:06:05.677,14622,14624,14622,1,-1
2022-09-02 15:06:09.006,14622,14624,14622,1,-1
2022-09-02 15:06:17.803,14621,14622,14621,2,-2
2022-09-02 15:06:17.906,14620,14622,14622,1,1
2022-09-02 15:06:18.807,14620,14622,14622,1,1
2022-09-02 15:06:19.240,14621,14622,14621,1,-1
2022-09-02 15:06:26.795,14620,14621,14621,1,1
2022-09-02 15:06:27.043,14620,14621,14620,1,-1
2022-09-02 15:06:29.932,14620,14621,14621,2,2
2022-09-02 15:06:31.600,14620,14621,14620,3,-3
2022-09-02 15:06:38.479,14620,14621,14620,6,-6
2022-09-02 15:06:38.786,14619,14620,14620,1,1
2022-09-02 15:06:39.538,14619,14620,14620,2,2
2022-09-02 15:06:40.019,14619,14621,14621,2,2
2022-09-02 15:06:42.486,14620,14621,14620,1,-1
2022-09-02 15:06:44.594,14620,14621,14620,1,-1
2022-09-02 15:06:48.151,14619,14620,14620,1,1
2022-09-02 15:06:48.161,14619,14621,14621,1,1
2022-09-02 15:06:48.161,14619,14621,14621,4,4
2022-09-02 15:06:48.792,14620,14622,14620,2,-2
2022-09-02 15:06:50.045,14619,14621,14619,1,-1
2022-09-02 15:06:50.672,14619,14621,14619,1,-1
2022-09-02 15:06:52.183,14619,14620,14619,10,-10
2022-09-02 15:06:55.762,14618,14619,14619,6,6
2022-09-02 15:06:55.998,14618,14619,14618,1,-1
2022-09-02 15:07:03.032,14618,14619,14618,2,-2
2022-09-02 15:07:03.662,14618,14619,14619,6,6
2022-09-02 15:07:03.839,14619,14620,14619,1,-1
2022-09-02 15:07:05.999,14619,14620,14620,1,1
2022-09-02 15:07:05.999,14619,14620,14620,3,3
2022-09-02 15:07:06.000,14619,14620,14620,1,1
2022-09-02 15:07:06.000,14619,14620,14620,1,1
2022-09-02 15:07:07.786,14619,14621,14620,2,2
2022-09-02 15:07:08.099,14619,14621,14621,1,1
2022-09-02 15:07:08.233,14619,14621,14619,1,-1
2022-09-02 15:07:11.800,14619,14620,14620,1,1
2022-09-02 15:07:12.654,14619,14620,14620,2,2
2022-09-02 15:07:13.879,14619,14621,14619,4,-4
2022-09-02 15:07:14.829,14619,14621,14619,1,-1
2022-09-02 15:07:16.029,14619,14621,14621,1,1
2022-09-02 15:07:19.709,14619,14620,14620,2,2
2022-09-02 15:07:23.382,14620,14621,14621,1,1
2022-09-02 15:07:25.636,14621,14622,14622,4,4
2022-09-02 15:07:28.156,14621,14623,14623,6,6
2022-09-02 15:07:28.864,14622,14624,14622,1,-1
2022-09-02 15:07:34.691,14622,14623,14622,1,-1
2022-09-02 15:07:36.646,14622,14623,14623,2,2
2022-09-02 15:07:40.942,14623,14624,14623,3,-3
2022-09-02 15:07:42.448,14622,14623,14622,2,-2
2022-09-02 15:07:42.448,14622,14623,14622,2,-2
2022-09-02 15:07:44.565,14621,14622,14621,1,-1
2022-09-02 15:07:44.565,14621,14622,14621,1,-1
2022-09-02 15:07:47.116,14620,14621,14621,1,1
2022-09-02 15:07:48.365,14620,14621,14620,1,-1
2022-09-02 15:07:52.676,14619,14620,14619,1,-1
2022-09-02 15:07:54.401,14618,14620,14620,7,7
2022-09-02 15:07:54.402,14618,14620,14620,3,3
2022-09-02 15:07:54.653,14618,14620,14620,1,1
2022-09-02 15:08:06.715,14619,14620,14620,1,1
2022-09-02 15:08:07.679,14619,14620,14620,1,1
2022-09-02 15:08:08.891,14619,14620,14620,5,5
2022-09-02 15:08:08.891,14619,14620,14621,12,12
2022-09-02 15:08:08.892,14619,14620,14621,4,4
2022-09-02 15:08:08.893,14619,14620,14621,6,6
2022-09-02 15:08:16.481,14619,14620,14619,1,-1
2022-09-02 15:08:18.521,14618,14620,14620,1,1
2022-09-02 15:08:23.181,14619,14620,14620,1,1
2022-09-02 15:08:25.184,14619,14620,14620,1,1
2022-09-02 15:08:25.188,14619,14620,14619,2,-2
2022-09-02 15:08:27.263,14619,14620,14619,1,-1
2022-09-02 15:08:33.401,14619,14620,14620,3,3
2022-09-02 15:08:36.248,14620,14621,14620,1,-1
2022-09-02 15:08:36.709,14620,14621,14620,1,-1
2022-09-02 15:08:39.215,14620,14621,14620,1,-1
2022-09-02 15:08:41.295,14620,14621,14621,3,3
2022-09-02 15:08:41.799,14621,14622,14622,3,3
2022-09-02 15:08:43.779,14621,14622,14621,3,-3
2022-09-02 15:08:45.141,14620,14622,14620,3,-3
2022-09-02 15:08:49.633,14621,14622,14622,3,3
2022-09-02 15:08:50.086,14621,14622,14622,1,1
2022-09-02 15:08:52.182,14621,14622,14622,2,2
2022-09-02 15:08:56.943,14622,14623,14623,4,4
2022-09-02 15:08:58.350,14623,14624,14623,3,-3
2022-09-02 15:08:58.350,14623,14624,14623,1,-1
2022-09-02 15:08:58.350,14623,14624,14623,1,-1
2022-09-02 15:08:58.351,14623,14624,14623,1,-1
2022-09-02 15:08:58.506,14622,14623,14622,1,-1
2022-09-02 15:09:00.134,14621,14622,14622,1,1
2022-09-02 15:09:01.138,14620,14622,14620,1,-1
2022-09-02 15:09:07.970,14619,14620,14619,1,-1
2022-09-02 15:09:07.970,14619,14620,14619,1,-1
2022-09-02 15:09:07.970,14619,14620,14619,3,-3
2022-09-02 15:09:07.971,14619,14620,14618,11,-11
2022-09-02 15:09:08.103,14617,14619,14617,1,-1
2022-09-02 15:09:13.095,14618,14619,14618,1,-1
2022-09-02 15:09:13.522,14617,14619,14619,1,1
2022-09-02 15:09:20.848,14618,14619,14618,2,-2
2022-09-02 15:09:20.995,14618,14619,14619,1,1
2022-09-02 15:09:22.380,14618,14619,14619,1,1
2022-09-02 15:09:28.605,14617,14618,14617,1,-1
2022-09-02 15:09:30.183,14616,14617,14617,1,1
2022-09-02 15:09:30.399,14616,14617,14616,4,-4
2022-09-02 15:09:31.492,14615,14616,14615,1,-1
2022-09-02 15:09:31.492,14615,14616,14615,3,-3
2022-09-02 15:09:33.957,14614,14615,14615,1,1
2022-09-02 15:09:37.013,14615,14616,14615,1,-1
2022-09-02 15:09:37.810,14615,14616,14615,2,-2
2022-09-02 15:09:38.594,14615,14616,14616,2,2
2022-09-02 15:09:40.198,14616,14617,14616,3,-3
2022-09-02 15:09:41.460,14616,14617,14616,1,-1
2022-09-02 15:09:43.300,14615,14616,14615,7,-7
2022-09-02 15:09:43.599,14615,14616,14615,1,-1
2022-09-02 15:09:43.600,14615,14616,14615,2,-2
2022-09-02 15:09:43.832,14614,14615,14615,4,4
2022-09-02 15:09:44.346,14614,14615,14614,1,-1
2022-09-02 15:09:44.512,14614,14615,14614,1,-1
2022-09-02 15:09:44.512,14614,14615,14614,2,-2
2022-09-02 15:09:44.526,14614,14615,14613,1,-1
2022-09-02 15:09:44.540,14613,14614,14613,1,-1
2022-09-02 15:09:44.541,14613,14614,14613,1,-1
2022-09-02 15:09:45.463,14611,14613,14611,1,-1
2022-09-02 15:09:45.648,14611,14613,14611,1,-1
2022-09-02 15:09:47.678,14612,14613,14612,1,-1
2022-09-02 15:09:48.174,14612,14613,14613,1,1
2022-09-02 15:09:48.330,14613,14614,14613,1,-1
2022-09-02 15:09:49.503,14613,14614,14613,1,-1
2022-09-02 15:09:51.010,14613,14614,14613,1,-1
2022-09-02 15:09:51.909,14613,14614,14613,1,-1
2022-09-02 15:09:53.701,14612,14614,14614,1,1
2022-09-02 15:09:54.177,14613,14615,14613,1,-1
2022-09-02 15:09:56.541,14613,14614,14614,1,1
2022-09-02 15:09:57.799,14612,14614,14614,1,1
2022-09-02 15:09:57.799,14612,14614,14614,3,3
2022-09-02 15:10:00.149,14613,14615,14613,2,-2
2022-09-02 15:10:00.180,14613,14615,14614,1,-1
2022-09-02 15:10:00.328,14614,14615,14615,1,1
2022-09-02 15:10:00.366,14614,14615,14615,1,1
2022-09-02 15:10:00.499,14615,14616,14616,1,1
2022-09-02 15:10:02.028,14615,14617,14617,1,1
2022-09-02 15:10:02.036,14615,14617,14617,1,1
2022-09-02 15:10:02.060,14615,14617,14618,1,1
2022-09-02 15:10:02.193,14618,14619,14619,1,1
2022-09-02 15:10:02.202,14618,14619,14619,1,1
2022-09-02 15:10:02.207,14618,14619,14619,1,1
2022-09-02 15:10:02.252,14618,14619,14620,1,1
2022-09-02 15:10:02.474,14618,14620,14619,1,1
2022-09-02 15:10:03.195,14617,14619,14617,2,-2
2022-09-02 15:10:03.427,14616,14618,14618,1,1
2022-09-02 15:10:03.578,14617,14619,14619,1,1
2022-09-02 15:10:04.934,14618,14619,14618,1,-1
2022-09-02 15:10:07.856,14618,14619,14619,1,1
2022-09-02 15:10:10.515,14619,14620,14620,1,1
2022-09-02 15:10:12.356,14620,14621,14621,3,3
2022-09-02 15:10:12.459,14621,14622,14622,1,1
2022-09-02 15:10:12.459,14621,14622,14622,11,11
2022-09-02 15:10:12.568,14622,14623,14623,1,1
2022-09-02 15:10:12.569,14622,14623,14623,1,1
2022-09-02 15:10:13.009,14622,14623,14622,1,-1
2022-09-02 15:10:15.697,14620,14622,14622,1,1
2022-09-02 15:10:19.000,14620,14622,14622,1,1
2022-09-02 15:10:19.295,14620,14621,14621,1,1
2022-09-02 15:10:21.178,14620,14622,14622,1,1
2022-09-02 15:10:22.069,14620,14622,14620,1,-1
2022-09-02 15:10:24.119,14620,14621,14620,1,-1
2022-09-02 15:10:24.123,14620,14621,14620,1,-1
2022-09-02 15:10:24.123,14620,14621,14620,1,-1
2022-09-02 15:10:24.124,14620,14621,14620,3,-3
2022-09-02 15:10:24.370,14619,14620,14620,1,1
2022-09-02 15:10:28.000,14619,14620,14619,1,-1
2022-09-02 15:10:40.675,14618,14619,14619,1,1
2022-09-02 15:10:40.675,14618,14619,14619,1,1
2022-09-02 15:10:42.209,14619,14620,14620,1,1
2022-09-02 15:10:43.323,14620,14621,14621,1,1
2022-09-02 15:10:43.323,14620,14621,14621,1,1
2022-09-02 15:10:49.662,14621,14622,14621,1,-1
2022-09-02 15:10:49.987,14621,14622,14622,2,2
2022-09-02 15:10:50.463,14622,14623,14622,1,-1
2022-09-02 15:10:50.471,14622,14623,14623,1,1
2022-09-02 15:10:50.739,14622,14623,14623,1,1
2022-09-02 15:10:50.739,14622,14623,14623,1,1
2022-09-02 15:10:51.008,14622,14623,14623,5,5
2022-09-02 15:10:51.156,14622,14623,14622,2,-2
2022-09-02 15:10:52.299,14621,14622,14622,2,2
2022-09-02 15:10:52.299,14621,14622,14623,1,1
2022-09-02 15:10:54.287,14621,14622,14621,1,-1
2022-09-02 15:10:55.094,14620,14622,14622,2,2
2022-09-02 15:10:56.373,14621,14622,14622,1,1
2022-09-02 15:10:58.131,14622,14623,14622,1,-1
2022-09-02 15:10:58.144,14622,14623,14623,1,1
2022-09-02 15:10:58.828,14622,14624,14622,1,-1
2022-09-02 15:11:00.684,14622,14624,14622,2,-2
2022-09-02 15:11:02.249,14622,14624,14622,10,-10
2022-09-02 15:11:02.528,14620,14622,14622,10,10
2022-09-02 15:11:03.019,14622,14623,14623,1,1
2022-09-02 15:11:05.806,14623,14624,14624,1,1
2022-09-02 15:11:05.806,14623,14624,14624,8,8
2022-09-02 15:11:07.040,14622,14624,14624,1,1
2022-09-02 15:11:09.564,14622,14624,14624,4,4
2022-09-02 15:11:09.846,14623,14624,14624,1,1
2022-09-02 15:11:10.288,14622,14624,14624,1,1
2022-09-02 15:11:15.552,14622,14623,14623,2,2
2022-09-02 15:11:15.552,14622,14623,14623,1,1
2022-09-02 15:11:15.681,14622,14624,14622,1,-1
2022-09-02 15:11:16.049,14622,14624,14622,2,-2
2022-09-02 15:11:18.208,14620,14622,14622,1,1
2022-09-02 15:11:23.239,14620,14622,14620,1,-1
2022-09-02 15:11:23.300,14620,14622,14620,1,-1
2022-09-02 15:11:23.605,14620,14622,14622,6,6
2022-09-02 15:11:23.633,14620,14622,14621,1,1
2022-09-02 15:11:24.139,14620,14622,14620,1,-1
2022-09-02 15:11:25.945,14621,14622,14622,1,1
2022-09-02 15:11:25.945,14621,14622,14623,5,5
2022-09-02 15:11:28.185,14621,14622,14622,5,5
2022-09-02 15:11:29.053,14622,14623,14623,2,2
2022-09-02 15:11:29.054,14622,14623,14623,4,4
2022-09-02 15:11:29.109,14622,14623,14622,1,-1
2022-09-02 15:11:29.842,14622,14624,14624,3,3
2022-09-02 15:11:30.749,14623,14624,14623,1,-1
2022-09-02 15:11:31.162,14623,14624,14624,1,1
2022-09-02 15:11:35.443,14623,14625,14625,5,5
2022-09-02 15:11:36.477,14624,14625,14624,1,-1
2022-09-02 15:11:36.911,14624,14625,14625,4,4
2022-09-02 15:11:36.911,14624,14625,14625,3,3
2022-09-02 15:11:37.525,14624,14625,14625,1,1
2022-09-02 15:11:37.525,14624,14625,14625,4,4
2022-09-02 15:11:40.148,14625,14626,14626,6,6
2022-09-02 15:11:40.852,14626,14627,14627,1,1
2022-09-02 15:11:40.873,14626,14627,14626,2,-2
2022-09-02 15:11:41.931,14626,14627,14626,1,-1
2022-09-02 15:11:42.080,14626,14627,14627,1,1
2022-09-02 15:11:42.735,14626,14627,14626,2,-2
2022-09-02 15:11:44.541,14626,14627,14626,3,-3
2022-09-02 15:11:44.700,14625,14626,14626,1,1
2022-09-02 15:11:45.347,14625,14626,14626,5,5
2022-09-02 15:11:45.689,14625,14626,14626,2,2
2022-09-02 15:11:46.347,14626,14627,14627,2,2
2022-09-02 15:11:46.347,14626,14627,14627,9,9
2022-09-02 15:11:46.897,14627,14628,14628,1,1
2022-09-02 15:11:46.970,14627,14628,14628,2,2
2022-09-02 15:11:46.976,14627,14628,14628,1,1
2022-09-02 15:11:47.086,14627,14628,14628,1,1
2022-09-02 15:11:47.189,14627,14628,14628,1,1
2022-09-02 15:11:47.250,14627,14628,14628,1,1
2022-09-02 15:11:47.314,14628,14629,14629,1,1
2022-09-02 15:11:47.433,14628,14629,14628,1,-1
2022-09-02 15:11:48.038,14628,14629,14629,3,3
2022-09-02 15:11:48.440,14627,14628,14628,1,1
2022-09-02 15:11:48.521,14627,14628,14628,3,3
2022-09-02 15:11:49.316,14627,14628,14627,1,-1
2022-09-02 15:11:50.159,14627,14628,14628,1,1
2022-09-02 15:11:51.740,14627,14628,14627,3,-3
2022-09-02 15:11:52.923,14627,14628,14628,1,1
2022-09-02 15:11:52.924,14627,14628,14628,1,1
2022-09-02 15:11:58.748,14627,14628,14628,1,1
2022-09-02 15:11:58.792,14627,14628,14627,5,-5
2022-09-02 15:11:58.930,14626,14627,14627,1,1
2022-09-02 15:12:00.339,14626,14627,14627,1,1
2022-09-02 15:12:01.711,14626,14628,14626,1,-1
2022-09-02 15:12:01.803,14625,14627,14626,1,-1
2022-09-02 15:12:05.416,14625,14627,14627,1,1
2022-09-02 15:12:06.805,14626,14628,14626,1,-1
2022-09-02 15:12:07.538,14626,14627,14627,1,1
2022-09-02 15:12:08.195,14627,14628,14628,5,5
2022-09-02 15:12:08.719,14627,14628,14627,2,-2
2022-09-02 15:12:08.720,14627,14628,14627,2,-2
2022-09-02 15:12:09.485,14625,14627,14627,5,5
2022-09-02 15:12:11.067,14625,14627,14627,4,4
2022-09-02 15:12:11.068,14625,14627,14627,1,1
2022-09-02 15:12:11.956,14625,14628,14628,5,5
2022-09-02 15:12:18.311,14626,14628,14628,3,3
2022-09-02 15:12:18.800,14626,14628,14628,1,1
2022-09-02 15:12:22.497,14626,14627,14627,3,3
2022-09-02 15:12:22.498,14626,14627,14627,1,1
2022-09-02 15:12:23.722,14627,14628,14627,1,-1
2022-09-02 15:12:24.192,14627,14628,14627,1,-1
2022-09-02 15:12:25.810,14627,14628,14627,3,-3
2022-09-02 15:12:25.873,14627,14628,14628,11,11
2022-09-02 15:12:25.873,14627,14628,14628,1,1
2022-09-02 15:12:25.873,14627,14628,14628,1,1
2022-09-02 15:12:25.873,14627,14628,14628,4,4
2022-09-02 15:12:26.428,14628,14629,14628,1,-1
2022-09-02 15:12:26.448,14628,14629,14628,1,-1
2022-09-02 15:12:27.063,14628,14629,14629,3,3
2022-09-02 15:12:27.132,14628,14629,14628,1,-1
2022-09-02 15:12:27.353,14627,14628,14628,1,1
2022-09-02 15:12:27.353,14627,14628,14629,2,2
2022-09-02 15:12:30.369,14627,14629,14629,1,1
2022-09-02 15:12:31.732,14627,14629,14628,1,1
2022-09-02 15:12:31.805,14628,14629,14629,1,1
2022-09-02 15:12:33.713,14627,14629,14629,5,5
2022-09-02 15:12:33.992,14628,14629,14629,1,1
2022-09-02 15:12:34.231,14629,14630,14629,1,-1
2022-09-02 15:12:35.659,14629,14630,14630,1,1
2022-09-02 15:12:35.659,14629,14630,14630,22,22
2022-09-02 15:12:35.662,14629,14630,14631,3,3
2022-09-02 15:12:35.662,14629,14630,14631,2,2
2022-09-02 15:12:35.663,14629,14630,14631,4,4
2022-09-02 15:12:37.763,14630,14632,14631,1,1
2022-09-02 15:12:37.921,14630,14632,14632,3,3
2022-09-02 15:12:38.241,14630,14632,14632,3,3
2022-09-02 15:12:38.375,14630,14632,14632,1,1
2022-09-02 15:12:38.419,14631,14632,14632,1,1
2022-09-02 15:12:38.561,14631,14632,14632,3,3
2022-09-02 15:12:38.838,14631,14632,14632,2,2
2022-09-02 15:12:38.838,14631,14632,14632,6,6
2022-09-02 15:12:38.838,14631,14632,14632,1,1
2022-09-02 15:12:38.967,14632,14633,14633,2,2
2022-09-02 15:12:38.968,14632,14633,14633,1,1
2022-09-02 15:12:38.968,14632,14633,14633,8,8
2022-09-02 15:12:40.087,14632,14634,14632,1,-1
2022-09-02 15:12:40.626,14632,14633,14633,1,1
2022-09-02 15:12:40.649,14632,14633,14634,2,2
2022-09-02 15:12:40.695,14632,14634,14634,1,1
2022-09-02 15:12:40.874,14632,14634,14634,1,1
2022-09-02 15:12:41.432,14632,14634,14634,1,1
2022-09-02 15:12:42.058,14633,14634,14634,1,1
2022-09-02 15:12:42.268,14633,14634,14634,1,1
2022-09-02 15:12:42.321,14633,14635,14635,5,5
2022-09-02 15:12:42.642,14633,14635,14635,1,1
2022-09-02 15:12:42.658,14634,14635,14635,1,1
2022-09-02 15:12:42.803,14634,14635,14635,2,2
2022-09-02 15:12:43.199,14634,14635,14634,1,-1
2022-09-02 15:12:44.113,14633,14635,14633,1,-1
2022-09-02 15:12:44.876,14633,14635,14633,1,-1
2022-09-02 15:12:45.188,14633,14634,14634,3,3
2022-09-02 15:12:46.772,14633,14635,14633,2,-2
2022-09-02 15:12:46.949,14632,14633,14633,1,1
2022-09-02 15:12:47.053,14632,14633,14633,1,1
2022-09-02 15:12:48.290,14632,14633,14632,1,-1
2022-09-02 15:12:48.495,14631,14633,14631,3,-3
2022-09-02 15:12:48.512,14631,14633,14631,1,-1
2022-09-02 15:12:48.571,14631,14632,14632,1,1
2022-09-02 15:12:48.571,14631,14632,14632,1,1
2022-09-02 15:12:49.155,14631,14633,14633,1,1
2022-09-02 15:12:49.992,14631,14632,14632,5,5
2022-09-02 15:12:49.992,14631,14632,14633,5,5
2022-09-02 15:12:50.233,14631,14633,14633,1,1
2022-09-02 15:12:52.762,14631,14633,14633,1,1
2022-09-02 15:12:53.161,14632,14634,14634,5,5
2022-09-02 15:12:53.549,14632,14634,14634,5,5
2022-09-02 15:12:53.844,14633,14634,14633,1,-1
2022-09-02 15:12:54.233,14633,14634,14634,5,5
2022-09-02 15:12:54.465,14634,14635,14634,1,-1
2022-09-02 15:12:55.569,14634,14635,14635,5,5
2022-09-02 15:12:55.573,14634,14635,14634,1,-1
2022-09-02 15:12:56.109,14634,14635,14635,1,1
2022-09-02 15:12:56.875,14634,14635,14635,1,1
2022-09-02 15:12:56.983,14634,14635,14634,1,-1
2022-09-02 15:12:57.189,14634,14635,14635,1,1
2022-09-02 15:12:57.674,14634,14635,14635,1,1
2022-09-02 15:12:58.254,14634,14635,14635,5,5
2022-09-02 15:12:58.254,14634,14635,14635,19,19
2022-09-02 15:12:58.666,14634,14636,14636,1,1
2022-09-02 15:12:58.829,14634,14636,14636,5,5
2022-09-02 15:12:58.898,14634,14636,14636,1,1
2022-09-02 15:12:59.137,14635,14636,14635,1,-1
2022-09-02 15:12:59.140,14635,14636,14635,1,-1
2022-09-02 15:12:59.159,14635,14636,14636,2,2
2022-09-02 15:12:59.222,14635,14636,14636,2,2
2022-09-02 15:12:59.283,14635,14637,14637,2,2
2022-09-02 15:12:59.287,14635,14637,14637,2,2
2022-09-02 15:12:59.287,14635,14637,14637,1,1
2022-09-02 15:12:59.297,14635,14637,14637,1,1
2022-09-02 15:12:59.297,14635,14637,14638,1,1
2022-09-02 15:12:59.359,14635,14637,14638,1,1
2022-09-02 15:12:59.736,14636,14638,14638,2,2
2022-09-02 15:12:59.797,14636,14638,14638,1,1
2022-09-02 15:12:59.823,14636,14638,14638,2,2
2022-09-02 15:13:00.569,14635,14637,14637,1,1
2022-09-02 15:13:00.671,14635,14637,14637,5,5
2022-09-02 15:13:01.823,14635,14637,14636,1,1
2022-09-02 15:13:02.305,14635,14636,14635,1,-1
2022-09-02 15:13:02.382,14635,14636,14635,1,-1
2022-09-02 15:13:02.477,14634,14635,14636,1,1
2022-09-02 15:13:02.501,14634,14635,14634,1,-1
2022-09-02 15:13:02.820,14634,14635,14634,1,-1
2022-09-02 15:13:02.820,14634,14635,14633,12,-12
2022-09-02 15:13:02.820,14634,14635,14632,7,-7
2022-09-02 15:13:02.888,14634,14635,14634,4,-4
2022-09-02 15:13:03.391,14632,14634,14634,1,1
2022-09-02 15:13:04.498,14632,14634,14634,5,5
2022-09-02 15:13:05.134,14632,14634,14634,1,1
2022-09-02 15:13:05.205,14632,14634,14632,1,-1
2022-09-02 15:13:06.305,14631,14633,14633,5,5
2022-09-02 15:13:06.395,14631,14633,14633,1,1
2022-09-02 15:13:06.461,14631,14633,14631,1,-1
2022-09-02 15:13:07.260,14631,14633,14633,1,1
2022-09-02 15:13:08.650,14632,14633,14633,2,2
2022-09-02 15:13:10.977,14632,14633,14632,5,-5
2022-09-02 15:13:11.341,14631,14632,14631,3,-3
2022-09-02 15:13:11.345,14631,14632,14630,1,-1
2022-09-02 15:13:11.454,14629,14631,14629,1,-1
2022-09-02 15:13:11.698,14628,14630,14630,1,1
2022-09-02 15:13:13.394,14631,14632,14632,1,1
2022-09-02 15:13:14.521,14631,14632,14632,1,1
2022-09-02 15:13:15.906,14631,14632,14631,1,-1
2022-09-02 15:13:19.336,14630,14632,14630,1,-1
2022-09-02 15:13:21.602,14631,14632,14632,1,1
2022-09-02 15:13:22.321,14631,14632,14632,1,1
2022-09-02 15:13:22.888,14631,14632,14631,1,-1
2022-09-02 15:13:31.554,14631,14632,14631,1,-1
2022-09-02 15:13:32.620,14631,14632,14632,1,1
2022-09-02 15:13:33.210,14631,14632,14631,2,-2
2022-09-02 15:13:34.182,14630,14631,14631,1,1
2022-09-02 15:13:34.349,14630,14631,14630,5,-5
2022-09-02 15:13:35.661,14629,14630,14629,1,-1
2022-09-02 15:13:36.584,14628,14629,14628,1,-1
2022-09-02 15:13:36.926,14628,14629,14629,1,1
2022-09-02 15:13:39.179,14628,14629,14628,1,-1
2022-09-02 15:13:39.179,14628,14629,14628,1,-1
2022-09-02 15:13:39.972,14626,14628,14628,1,1
2022-09-02 15:13:41.052,14628,14629,14628,1,-1
2022-09-02 15:13:45.887,14628,14629,14629,2,2
2022-09-02 15:13:48.906,14628,14629,14629,1,1
2022-09-02 15:13:51.795,14628,14629,14629,2,2
2022-09-02 15:13:53.531,14628,14629,14628,1,-1
2022-09-02 15:13:53.645,14628,14629,14629,2,2
2022-09-02 15:13:53.965,14628,14629,14628,5,-5
2022-09-02 15:13:54.328,14628,14629,14629,1,1
2022-09-02 15:13:55.430,14628,14629,14628,2,-2
2022-09-02 15:13:57.065,14627,14628,14627,1,-1
2022-09-02 15:14:02.593,14626,14628,14627,1,-1
2022-09-02 15:14:03.032,14627,14628,14628,1,1
2022-09-02 15:14:04.009,14627,14628,14627,1,-1
2022-09-02 15:14:05.222,14627,14628,14628,2,2
2022-09-02 15:14:17.083,14626,14627,14627,1,1
2022-09-02 15:14:21.999,14626,14627,14626,2,-2
2022-09-02 15:14:23.369,14625,14626,14625,5,-5
2022-09-02 15:14:23.611,14625,14626,14625,1,-1
2022-09-02 15:14:23.752,14625,14626,14625,5,-5
2022-09-02 15:14:25.615,14625,14626,14625,5,-5
2022-09-02 15:14:26.627,14625,14626,14625,1,-1
2022-09-02 15:14:27.171,14625,14626,14625,5,-5
2022-09-02 15:14:27.799,14625,14626,14626,1,1
2022-09-02 15:14:28.492,14625,14626,14625,1,-1
2022-09-02 15:14:33.326,14624,14626,14626,1,1
2022-09-02 15:14:40.219,14624,14625,14625,1,1
2022-09-02 15:14:41.239,14624,14625,14624,3,-3
2022-09-02 15:14:41.239,14624,14625,14624,1,-1
2022-09-02 15:14:41.239,14624,14625,14624,5,-5
2022-09-02 15:14:44.115,14622,14623,14622,3,-3
2022-09-02 15:14:45.494,14622,14623,14622,2,-2
2022-09-02 15:14:50.289,14622,14623,14623,1,1
2022-09-02 15:14:50.513,14623,14624,14623,1,-1
2022-09-02 15:14:53.773,14622,14624,14622,1,-1
2022-09-02 15:14:54.936,14621,14623,14623,3,3
2022-09-02 15:14:55.949,14623,14624,14623,1,-1
2022-09-02 15:14:57.876,14622,14624,14624,1,1
2022-09-02 15:14:59.371,14623,14624,14623,1,-1
2022-09-02 15:15:07.008,14623,14624,14624,5,5
2022-09-02 15:15:07.008,14623,14624,14624,1,1
2022-09-02 15:15:07.008,14623,14624,14624,2,2
2022-09-02 15:15:07.008,14623,14624,14624,1,1
2022-09-02 15:15:07.127,14623,14625,14624,1,1
2022-09-02 15:15:07.323,14624,14625,14624,3,-3
2022-09-02 15:15:07.323,14624,14625,14623,3,-3
2022-09-02 15:15:08.697,14622,14623,14623,1,1
2022-09-02 15:15:12.329,14623,14625,14625,1,1
2022-09-02 15:15:13.220,14623,14625,14625,1,1
2022-09-02 15:15:14.074,14623,14625,14625,1,1
2022-09-02 15:15:14.708,14623,14624,14624,1,1
2022-09-02 15:15:17.949,14624,14625,14624,1,-1
2022-09-02 15:15:24.690,14622,14623,14622,2,-2
2022-09-02 15:15:24.797,14622,14623,14622,5,-5
2022-09-02 15:15:28.781,14621,14622,14621,2,-2
2022-09-02 15:15:28.782,14621,14622,14621,1,-1
2022-09-02 15:15:29.891,14620,14621,14620,1,-1
2022-09-02 15:15:31.209,14620,14621,14620,1,-1
2022-09-02 15:15:31.209,14620,14621,14620,2,-2
2022-09-02 15:15:31.209,14620,14621,14620,3,-3
2022-09-02 15:15:31.210,14620,14621,14620,2,-2
2022-09-02 15:15:31.210,14620,14621,14620,3,-3
2022-09-02 15:15:31.211,14620,14621,14620,1,-1
2022-09-02 15:15:33.786,14619,14621,14621,1,1
2022-09-02 15:15:35.753,14619,14620,14619,1,-1
2022-09-02 15:15:35.779,14619,14620,14619,1,-1
2022-09-02 15:15:35.780,14619,14620,14619,1,-1
2022-09-02 15:15:35.780,14619,14620,14619,1,-1
2022-09-02 15:15:35.780,14619,14620,14619,1,-1
2022-09-02 15:15:35.781,14619,14620,14619,1,-1
2022-09-02 15:15:35.781,14619,14620,14619,2,-2
2022-09-02 15:15:35.781,14619,14620,14619,1,-1
2022-09-02 15:15:35.781,14619,14620,14619,3,-3
2022-09-02 15:15:47.063,14619,14620,14619,1,-1
2022-09-02 15:15:52.321,14619,14620,14619,2,-2
2022-09-02 15:15:52.497,14618,14620,14620,1,1
2022-09-02 15:15:54.464,14619,14620,14620,1,1
2022-09-02 15:15:54.464,14619,14620,14620,7,7
2022-09-02 15:16:00.205,14618,14619,14618,5,-5
2022-09-02 15:16:00.283,14617,14619,14619,1,1
2022-09-02 15:16:00.283,14617,14619,14619,1,1
2022-09-02 15:16:00.283,14617,14619,14619,1,1
2022-09-02 15:16:00.284,14617,14619,14619,1,1
2022-09-02 15:16:00.284,14617,14619,14620,1,1
2022-09-02 15:16:00.285,14617,14619,14620,2,2
2022-09-02 15:16:01.260,14619,14620,14620,1,1
2022-09-02 15:16:01.285,14620,14621,14621,1,1
2022-09-02 15:16:01.297,14620,14621,14621,1,1
2022-09-02 15:16:01.297,14620,14621,14621,2,2
2022-09-02 15:16:01.567,14621,14623,14621,1,-1
2022-09-02 15:16:05.908,14623,14624,14623,1,-1
2022-09-02 15:16:17.975,14622,14624,14623,2,-2
2022-09-02 15:16:19.908,14622,14623,14623,1,1
2022-09-02 15:16:20.196,14622,14624,14622,2,-2
2022-09-02 15:16:27.088,14621,14622,14621,3,-3
2022-09-02 15:16:27.282,14620,14622,14620,1,-1
2022-09-02 15:16:27.286,14620,14622,14620,1,-1
2022-09-02 15:16:30.280,14619,14621,14619,1,-1
2022-09-02 15:16:33.206,14620,14622,14622,2,2
2022-09-02 15:16:38.032,14621,14622,14621,3,-3
2022-09-02 15:16:44.508,14621,14622,14621,2,-2
2022-09-02 15:16:44.508,14621,14622,14620,2,-2
2022-09-02 15:16:46.615,14620,14622,14620,1,-1
2022-09-02 15:16:47.888,14620,14621,14620,2,-2
2022-09-02 15:16:49.031,14620,14621,14621,1,1
2022-09-02 15:16:49.536,14620,14621,14620,1,-1
2022-09-02 15:16:52.541,14620,14621,14620,1,-1
2022-09-02 15:16:54.364,14620,14621,14621,1,1
2022-09-02 15:16:54.364,14620,14621,14621,1,1
2022-09-02 15:16:56.423,14621,14622,14621,2,-2
2022-09-02 15:16:56.423,14621,14622,14621,1,-1
2022-09-02 15:17:00.195,14620,14621,14620,1,-1
2022-09-02 15:17:00.925,14619,14621,14619,1,-1
2022-09-02 15:17:02.720,14620,14621,14621,1,1
2022-09-02 15:17:04.431,14620,14622,14622,3,3
2022-09-02 15:17:04.465,14620,14622,14622,2,2
2022-09-02 15:17:04.497,14620,14622,14622,2,2
2022-09-02 15:17:04.500,14620,14622,14622,1,1
2022-09-02 15:17:06.810,14621,14622,14622,1,1
2022-09-02 15:17:06.810,14621,14622,14622,1,1
2022-09-02 15:17:06.810,14621,14622,14622,1,1
2022-09-02 15:17:08.160,14622,14623,14623,1,1
2022-09-02 15:17:22.615,14621,14623,14621,3,-3
2022-09-02 15:17:26.819,14620,14621,14620,1,-1
2022-09-02 15:17:28.118,14620,14621,14620,16,-16
2022-09-02 15:17:30.340,14619,14620,14620,1,1
2022-09-02 15:17:31.662,14620,14621,14620,5,-5
2022-09-02 15:17:35.725,14619,14620,14619,1,-1
2022-09-02 15:17:38.946,14619,14620,14619,1,-1
2022-09-02 15:17:41.064,14618,14619,14619,2,2
2022-09-02 15:17:51.282,14619,14620,14619,2,-2
2022-09-02 15:17:52.997,14618,14620,14620,1,1
2022-09-02 15:17:53.164,14618,14620,14618,1,-1
2022-09-02 15:17:59.847,14618,14619,14618,5,-5
2022-09-02 15:18:04.849,14618,14619,14619,1,1
2022-09-02 15:18:06.010,14619,14620,14620,1,1
2022-09-02 15:18:06.414,14619,14621,14619,2,-2
2022-09-02 15:18:10.027,14619,14620,14620,1,1
2022-09-02 15:18:11.731,14620,14621,14620,1,-1
2022-09-02 15:18:15.675,14620,14621,14621,1,1
2022-09-02 15:18:17.472,14620,14621,14620,4,-4
2022-09-02 15:18:17.785,14619,14620,14620,4,4
2022-09-02 15:18:17.786,14619,14620,14620,1,1
2022-09-02 15:18:17.786,14619,14620,14620,1,1
2022-09-02 15:18:17.951,14620,14621,14621,1,1
2022-09-02 15:18:18.025,14620,14621,14620,1,-1
2022-09-02 15:18:18.413,14620,14621,14621,4,4
2022-09-02 15:18:18.778,14621,14622,14621,1,-1
2022-09-02 15:18:21.371,14619,14620,14619,8,-8
2022-09-02 15:18:24.959,14619,14620,14619,1,-1
2022-09-02 15:18:27.817,14618,14620,14618,5,-5
2022-09-02 15:18:30.335,14618,14619,14618,1,-1
2022-09-02 15:18:30.335,14618,14619,14618,2,-2
2022-09-02 15:18:30.927,14617,14619,14619,2,2
2022-09-02 15:18:39.638,14618,14620,14620,1,1
2022-09-02 15:18:49.491,14620,14621,14620,1,-1
2022-09-02 15:18:49.519,14620,14621,14619,5,-5
2022-09-02 15:18:49.720,14619,14621,14621,1,1
2022-09-02 15:18:51.620,14619,14621,14619,1,-1
2022-09-02 15:18:57.564,14618,14620,14618,3,-3
2022-09-02 15:19:06.832,14618,14619,14619,1,1
2022-09-02 15:19:17.474,14619,14620,14619,1,-1
2022-09-02 15:19:18.012,14618,14619,14619,1,1
2022-09-02 15:19:32.313,14618,14619,14618,1,-1
2022-09-02 15:19:32.435,14618,14619,14618,1,-1
2022-09-02 15:19:33.327,14617,14618,14617,1,-1
2022-09-02 15:19:33.327,14617,14618,14617,5,-5
2022-09-02 15:19:33.327,14617,14618,14617,1,-1
2022-09-02 15:19:33.328,14617,14618,14617,3,-3
2022-09-02 15:19:33.328,14617,14618,14617,2,-2
2022-09-02 15:19:33.527,14616,14617,14616,2,-2
2022-09-02 15:19:38.352,14616,14617,14616,1,-1
2022-09-02 15:19:41.809,14616,14617,14616,1,-1
2022-09-02 15:19:42.383,14616,14617,14616,1,-1
2022-09-02 15:19:42.384,14616,14617,14616,1,-1
2022-09-02 15:19:42.384,14616,14617,14616,6,-6
2022-09-02 15:19:49.150,14615,14616,14615,2,-2
2022-09-02 15:19:50.950,14615,14616,14615,1,-1
2022-09-02 15:19:51.706,14615,14616,14615,1,-1
2022-09-02 15:19:52.213,14615,14616,14616,4,4
2022-09-02 15:19:52.320,14616,14617,14616,2,-2
2022-09-02 15:19:56.226,14616,14617,14616,1,-1
2022-09-02 15:19:57.209,14616,14617,14617,1,1
2022-09-02 15:20:00.643,14616,14618,14618,3,3
2022-09-02 15:20:04.599,14617,14618,14617,1,-1
2022-09-02 15:20:04.703,14617,14618,14618,1,1
2022-09-02 15:20:04.703,14617,14618,14618,1,1
2022-09-02 15:20:04.705,14617,14618,14618,1,1
2022-09-02 15:20:05.081,14618,14619,14618,1,-1
2022-09-02 15:20:06.042,14618,14619,14619,4,4
2022-09-02 15:20:06.879,14619,14620,14620,1,1
2022-09-02 15:20:07.505,14619,14621,14620,1,1
2022-09-02 15:20:10.280,14620,14621,14621,1,1
2022-09-02 15:20:10.295,14620,14621,14621,1,1
2022-09-02 15:20:10.295,14620,14621,14621,1,1
2022-09-02 15:20:10.295,14620,14621,14621,1,1
2022-09-02 15:20:12.537,14620,14622,14620,7,-7
2022-09-02 15:20:12.834,14619,14620,14620,5,5
2022-09-02 15:20:12.834,14619,14620,14620,4,4
2022-09-02 15:20:12.834,14619,14620,14620,1,1
2022-09-02 15:20:12.834,14619,14620,14620,2,2
2022-09-02 15:20:12.834,14619,14620,14620,2,2
2022-09-02 15:20:19.252,14621,14622,14622,1,1
2022-09-02 15:20:30.621,14620,14621,14620,2,-2
2022-09-02 15:20:30.820,14618,14620,14620,1,1
2022-09-02 15:20:33.447,14619,14621,14621,1,1
2022-09-02 15:20:42.368,14621,14622,14621,1,-1
2022-09-02 15:20:47.401,14621,14622,14621,1,-1
2022-09-02 15:20:48.305,14620,14621,14620,2,-2
2022-09-02 15:20:51.002,14619,14620,14620,1,1
2022-09-02 15:21:07.928,14621,14622,14622,2,2
2022-09-02 15:21:09.210,14622,14623,14623,1,1
2022-09-02 15:21:09.738,14622,14623,14622,1,-1
2022-09-02 15:21:11.389,14622,14623,14622,2,-2
2022-09-02 15:21:13.313,14622,14623,14623,5,5
2022-09-02 15:21:14.429,14623,14624,14623,1,-1
2022-09-02 15:21:14.429,14623,14624,14624,1,1
2022-09-02 15:21:16.694,14624,14625,14624,1,-1
2022-09-02 15:21:18.723,14624,14625,14624,1,-1
2022-09-02 15:21:20.469,14624,14625,14625,13,13
2022-09-02 15:21:22.087,14624,14626,14626,5,5
2022-09-02 15:21:25.824,14625,14627,14627,1,1
2022-09-02 15:21:27.745,14627,14628,14627,1,-1
2022-09-02 15:21:27.867,14626,14628,14628,1,1
2022-09-02 15:21:27.928,14626,14628,14628,1,1
2022-09-02 15:21:28.873,14627,14628,14627,1,-1
2022-09-02 15:21:29.408,14625,14627,14627,2,2
2022-09-02 15:21:30.986,14625,14627,14627,5,5
2022-09-02 15:21:34.865,14626,14627,14627,1,1
2022-09-02 15:21:37.882,14627,14628,14627,3,-3
2022-09-02 15:21:39.013,14627,14628,14627,1,-1
2022-09-02 15:21:39.583,14627,14628,14628,2,2
2022-09-02 15:21:42.178,14627,14628,14628,1,1
2022-09-02 15:21:42.864,14627,14628,14628,1,1
2022-09-02 15:21:44.587,14627,14628,14628,2,2
2022-09-02 15:21:44.920,14627,14628,14627,1,-1
2022-09-02 15:21:49.532,14626,14627,14626,2,-2
2022-09-02 15:21:49.701,14626,14627,14627,1,1
2022-09-02 15:21:53.464,14627,14628,14628,2,2
2022-09-02 15:21:53.464,14627,14628,14628,3,3
2022-09-02 15:22:00.235,14627,14629,14629,3,3
2022-09-02 15:22:01.242,14627,14629,14629,1,1
2022-09-02 15:22:01.647,14627,14629,14629,1,1
2022-09-02 15:22:01.936,14628,14629,14629,1,1
2022-09-02 15:22:02.246,14628,14629,14629,1,1
2022-09-02 15:22:02.685,14629,14630,14630,2,2
2022-09-02 15:22:02.685,14629,14630,14630,12,12
2022-09-02 15:22:03.564,14629,14631,14631,1,1
2022-09-02 15:22:09.321,14628,14629,14628,6,-6
2022-09-02 15:22:09.389,14628,14629,14627,2,-2
2022-09-02 15:22:09.394,14628,14629,14627,1,-1
2022-09-02 15:22:09.473,14626,14627,14626,1,-1
2022-09-02 15:22:09.491,14626,14627,14626,1,-1
2022-09-02 15:22:11.217,14625,14627,14627,2,2
2022-09-02 15:22:17.832,14626,14628,14626,1,-1
2022-09-02 15:22:35.298,14628,14629,14628,4,-4
2022-09-02 15:22:36.314,14628,14629,14629,1,1
2022-09-02 15:22:36.314,14628,14629,14629,1,1
2022-09-02 15:22:38.254,14629,14630,14629,2,-2
2022-09-02 15:22:40.216,14629,14630,14630,3,3
2022-09-02 15:22:42.063,14629,14630,14629,1,-1
2022-09-02 15:22:45.717,14629,14630,14629,3,-3
2022-09-02 15:22:46.797,14629,14630,14629,1,-1
2022-09-02 15:22:47.631,14628,14630,14630,1,1
2022-09-02 15:22:52.686,14629,14630,14629,1,-1
2022-09-02 15:22:52.906,14629,14630,14630,4,4
2022-09-02 15:22:53.007,14629,14630,14630,1,1
2022-09-02 15:22:57.366,14627,14629,14628,1,1
2022-09-02 15:22:58.961,14627,14628,14627,3,-3
2022-09-02 15:23:05.280,14628,14630,14630,1,1
2022-09-02 15:23:12.156,14629,14630,14630,1,1
2022-09-02 15:23:13.446,14629,14630,14630,3,3
2022-09-02 15:23:16.280,14629,14630,14630,1,1
2022-09-02 15:23:16.562,14629,14630,14630,24,24
2022-09-02 15:23:16.654,14630,14631,14630,4,-4
2022-09-02 15:23:16.843,14630,14631,14631,8,8
2022-09-02 15:23:17.576,14630,14632,14632,1,1
2022-09-02 15:23:24.721,14630,14631,14631,1,1
2022-09-02 15:23:25.663,14630,14631,14631,1,1
2022-09-02 15:23:26.225,14630,14631,14631,1,1
2022-09-02 15:23:26.282,14630,14631,14631,2,2
2022-09-02 15:23:26.310,14630,14631,14631,1,1
2022-09-02 15:23:29.033,14630,14631,14630,4,-4
2022-09-02 15:23:29.033,14630,14631,14630,1,-1
2022-09-02 15:23:29.033,14630,14631,14630,2,-2
2022-09-02 15:23:29.033,14630,14631,14630,4,-4
2022-09-02 15:23:29.033,14630,14631,14630,2,-2
2022-09-02 15:23:29.297,14629,14630,14630,1,1
2022-09-02 15:23:29.351,14629,14630,14630,1,1
2022-09-02 15:23:30.944,14629,14630,14630,1,1
2022-09-02 15:23:35.786,14629,14630,14630,1,1
2022-09-02 15:23:38.857,14629,14630,14629,2,-2
2022-09-02 15:23:42.481,14628,14629,14628,1,-1
2022-09-02 15:23:42.568,14627,14628,14627,1,-1
2022-09-02 15:23:46.349,14627,14629,14629,1,1
2022-09-02 15:23:46.823,14627,14629,14627,1,-1
2022-09-02 15:23:47.104,14627,14629,14629,1,1
2022-09-02 15:23:48.326,14629,14630,14630,2,2
2022-09-02 15:23:48.327,14629,14630,14630,2,2
2022-09-02 15:23:55.483,14628,14629,14629,1,1
2022-09-02 15:23:55.652,14628,14630,14630,1,1
2022-09-02 15:23:57.243,14629,14630,14629,1,-1
2022-09-02 15:23:57.415,14628,14630,14630,1,1
2022-09-02 15:23:59.402,14629,14631,14631,1,1
2022-09-02 15:24:02.608,14630,14631,14630,2,-2
2022-09-02 15:24:03.047,14630,14631,14631,1,1
2022-09-02 15:24:03.649,14630,14631,14630,1,-1
2022-09-02 15:24:06.374,14630,14631,14631,1,1
2022-09-02 15:24:07.475,14630,14631,14631,2,2
2022-09-02 15:24:07.476,14630,14631,14631,7,7
2022-09-02 15:24:08.435,14630,14632,14632,1,1
2022-09-02 15:24:09.712,14630,14632,14630,1,-1
2022-09-02 15:24:10.022,14630,14632,14630,1,-1
2022-09-02 15:24:15.334,14630,14631,14631,1,1
2022-09-02 15:24:17.734,14630,14631,14630,3,-3
2022-09-02 15:24:19.481,14628,14630,14630,1,1
2022-09-02 15:24:20.432,14629,14630,14630,1,1
2022-09-02 15:24:22.410,14628,14630,14628,1,-1
2022-09-02 15:24:27.676,14627,14628,14628,1,1
2022-09-02 15:24:30.528,14627,14628,14628,1,1
2022-09-02 15:24:32.519,14627,14628,14627,1,-1
2022-09-02 15:24:32.519,14627,14628,14626,2,-2
2022-09-02 15:24:33.043,14626,14628,14628,2,2
2022-09-02 15:24:36.179,14626,14628,14628,1,1
2022-09-02 15:24:37.155,14628,14629,14629,1,1
2022-09-02 15:24:40.323,14628,14630,14628,14,-14
2022-09-02 15:24:41.588,14628,14629,14629,1,1
2022-09-02 15:24:43.283,14628,14629,14628,1,-1
2022-09-02 15:24:46.009,14626,14628,14628,4,4
2022-09-02 15:24:52.626,14627,14628,14628,1,1
2022-09-02 15:24:52.720,14627,14628,14627,1,-1
2022-09-02 15:24:52.720,14627,14628,14627,4,-4
2022-09-02 15:24:52.721,14627,14628,14627,1,-1
2022-09-02 15:24:52.721,14627,14628,14627,1,-1
2022-09-02 15:24:52.721,14627,14628,14627,2,-2
2022-09-02 15:25:00.393,14626,14627,14627,1,1
2022-09-02 15:25:03.075,14626,14627,14626,1,-1
2022-09-02 15:25:03.559,14626,14627,14627,1,1
2022-09-02 15:25:03.572,14626,14627,14627,1,1
2022-09-02 15:25:03.572,14626,14627,14627,2,2
2022-09-02 15:25:03.662,14627,14628,14628,1,1
2022-09-02 15:25:07.074,14627,14628,14628,9,9
2022-09-02 15:25:07.075,14627,14628,14628,1,1
2022-09-02 15:25:14.025,14628,14629,14629,2,2
2022-09-02 15:25:14.741,14629,14630,14630,1,1
2022-09-02 15:25:14.742,14629,14630,14630,2,2
2022-09-02 15:25:15.387,14629,14631,14629,1,-1
2022-09-02 15:25:15.779,14629,14631,14629,1,-1
2022-09-02 15:25:25.786,14629,14630,14630,1,1
2022-09-02 15:25:26.903,14629,14630,14630,1,1
2022-09-02 15:25:28.251,14630,14631,14630,4,-4
2022-09-02 15:25:31.335,14629,14630,14630,1,1
2022-09-02 15:25:33.731,14630,14631,14631,1,1
2022-09-02 15:25:36.846,14630,14631,14631,1,1
2022-09-02 15:25:38.205,14630,14631,14630,1,-1
2022-09-02 15:25:39.957,14630,14631,14630,1,-1
2022-09-02 15:25:40.201,14630,14631,14631,2,2
2022-09-02 15:25:48.384,14630,14631,14631,1,1
2022-09-02 15:25:48.631,14630,14631,14630,1,-1
2022-09-02 15:25:48.689,14629,14630,14629,1,-1
2022-09-02 15:25:49.127,14628,14630,14630,1,1
2022-09-02 15:25:49.727,14628,14629,14628,1,-1
2022-09-02 15:25:50.654,14626,14628,14628,1,1
2022-09-02 15:25:56.269,14626,14627,14627,2,2
2022-09-02 15:25:59.425,14626,14627,14627,1,1
2022-09-02 15:26:01.369,14626,14627,14627,1,1
2022-09-02 15:26:09.124,14626,14627,14627,1,1
2022-09-02 15:26:10.491,14626,14627,14627,1,1
2022-09-02 15:26:21.548,14626,14627,14627,1,1
2022-09-02 15:26:21.848,14626,14627,14627,6,6
2022-09-02 15:26:21.848,14626,14627,14627,1,1
2022-09-02 15:26:27.140,14628,14629,14629,1,1
2022-09-02 15:26:27.724,14629,14630,14629,1,-1
2022-09-02 15:26:28.938,14629,14630,14629,1,-1
2022-09-02 15:26:28.938,14629,14630,14628,1,-1
2022-09-02 15:26:31.148,14628,14630,14630,1,1
2022-09-02 15:26:32.591,14627,14629,14629,1,1
2022-09-02 15:26:36.156,14629,14630,14630,1,1
2022-09-02 15:26:36.886,14629,14630,14629,1,-1
2022-09-02 15:26:42.630,14628,14630,14630,1,1
2022-09-02 15:26:43.631,14628,14630,14630,1,1
2022-09-02 15:26:44.319,14628,14630,14628,2,-2
2022-09-02 15:26:45.440,14627,14629,14627,1,-1
2022-09-02 15:26:48.962,14626,14628,14627,1,-1
2022-09-02 15:26:53.431,14626,14627,14627,2,2
2022-09-02 15:26:54.687,14628,14630,14630,1,1
2022-09-02 15:26:55.760,14628,14630,14628,1,-1
2022-09-02 15:27:02.321,14629,14630,14629,3,-3
2022-09-02 15:27:05.784,14629,14630,14630,1,1
2022-09-02 15:27:07.914,14629,14630,14630,1,1
2022-09-02 15:27:07.914,14629,14630,14630,1,1
2022-09-02 15:27:17.278,14630,14631,14631,1,1
2022-09-02 15:27:18.028,14630,14631,14630,2,-2
2022-09-02 15:27:21.201,14630,14631,14630,1,-1
2022-09-02 15:27:21.316,14628,14630,14630,1,1
2022-09-02 15:27:23.050,14627,14629,14627,1,-1
2022-09-02 15:27:25.765,14628,14630,14630,2,2
2022-09-02 15:27:26.867,14628,14630,14630,1,1
2022-09-02 15:27:27.353,14628,14630,14630,1,1
2022-09-02 15:27:38.404,14628,14630,14630,1,1
2022-09-02 15:27:45.915,14628,14630,14628,1,-1
2022-09-02 15:27:49.251,14629,14630,14629,2,-2
2022-09-02 15:27:49.384,14628,14629,14628,2,-2
2022-09-02 15:27:49.441,14627,14628,14628,1,1
2022-09-02 15:28:00.494,14627,14629,14629,1,1
2022-09-02 15:28:10.118,14627,14628,14628,1,1
2022-09-02 15:28:11.547,14628,14630,14630,1,1
2022-09-02 15:28:22.629,14628,14630,14630,1,1
2022-09-02 15:28:23.796,14628,14630,14630,1,1
2022-09-02 15:28:25.156,14628,14630,14630,3,3
2022-09-02 15:28:26.265,14628,14629,14629,1,1
2022-09-02 15:28:32.756,14629,14630,14630,2,2
2022-09-02 15:28:34.159,14629,14630,14630,1,1
2022-09-02 15:28:34.160,14629,14630,14630,1,1
2022-09-02 15:28:37.920,14630,14631,14630,2,-2
2022-09-02 15:28:39.808,14630,14631,14631,1,1
2022-09-02 15:28:40.191,14630,14631,14631,1,1
2022-09-02 15:28:43.023,14630,14631,14631,1,1
2022-09-02 15:28:44.326,14630,14631,14631,2,2
2022-09-02 15:28:44.713,14630,14631,14631,1,1
2022-09-02 15:28:46.568,14630,14631,14631,2,2
2022-09-02 15:28:48.774,14630,14631,14631,2,2
2022-09-02 15:28:50.012,14630,14631,14631,1,1
2022-09-02 15:28:50.573,14630,14631,14631,3,3
2022-09-02 15:28:52.080,14630,14631,14630,1,-1
2022-09-02 15:28:55.741,14631,14632,14632,1,1
2022-09-02 15:29:00.209,14631,14632,14632,2,2
2022-09-02 15:29:00.293,14631,14632,14632,1,1
2022-09-02 15:29:00.293,14631,14632,14632,6,6
2022-09-02 15:29:03.133,14631,14632,14632,1,1
2022-09-02 15:29:04.534,14631,14632,14631,1,-1
2022-09-02 15:29:06.789,14630,14631,14631,1,1
2022-09-02 15:29:18.343,14631,14632,14632,1,1
2022-09-02 15:29:20.196,14631,14632,14632,1,1
2022-09-02 15:29:28.972,14631,14632,14632,1,1
2022-09-02 15:29:33.483,14631,14632,14631,1,-1
2022-09-02 15:29:40.459,14630,14631,14631,1,1
2022-09-02 15:29:48.191,14630,14631,14631,1,1
2022-09-02 15:29:48.191,14630,14631,14631,2,2
2022-09-02 15:29:48.630,14631,14632,14632,1,1
2022-09-02 15:29:48.630,14631,14632,14632,4,4
2022-09-02 15:29:48.631,14631,14632,14632,2,2
2022-09-02 15:29:48.631,14631,14632,14632,1,1
2022-09-02 15:29:51.510,14632,14633,14633,1,1
2022-09-02 15:29:51.704,14632,14633,14632,1,-1
2022-09-02 15:29:55.314,14632,14633,14632,1,-1
2022-09-02 15:29:57.760,14632,14633,14633,1,1
2022-09-02 15:29:57.760,14632,14633,14633,6,6
2022-09-02 15:29:57.760,14632,14633,14633,2,2
2022-09-02 15:29:57.760,14632,14633,14633,1,1
2022-09-02 15:29:57.760,14632,14633,14633,2,2
2022-09-02 15:29:57.760,14632,14633,14633,21,21
2022-09-02 15:29:57.877,14633,14634,14634,1,1
2022-09-02 15:29:57.877,14633,14634,14634,1,1
2022-09-02 15:29:57.878,14633,14634,14634,1,1
2022-09-02 15:30:00.921,14632,14634,14634,1,1
2022-09-02 15:30:01.382,14632,14634,14632,1,-1
2022-09-02 15:30:01.382,14632,14634,14632,5,-5
2022-09-02 15:30:02.564,14631,14633,14633,1,1
2022-09-02 15:30:06.387,14632,14633,14632,1,-1
2022-09-02 15:30:06.387,14632,14633,14632,1,-1
2022-09-02 15:30:07.258,14631,14632,14632,1,1
2022-09-02 15:30:07.686,14631,14632,14631,1,-1
2022-09-02 15:30:10.316,14631,14632,14631,1,-1
2022-09-02 15:30:13.617,14630,14632,14632,1,1
2022-09-02 15:30:19.527,14631,14632,14632,1,1
2022-09-02 15:30:24.210,14631,14632,14631,1,-1
2022-09-02 15:30:24.702,14630,14631,14631,1,1
2022-09-02 15:30:26.476,14630,14631,14631,1,1
2022-09-02 15:30:27.848,14630,14632,14632,1,1
2022-09-02 15:30:33.094,14630,14631,14630,2,-2
2022-09-02 15:30:35.336,14629,14630,14630,1,1
2022-09-02 15:30:35.712,14629,14630,14630,1,1
2022-09-02 15:30:39.352,14631,14632,14632,1,1
2022-09-02 15:30:39.352,14631,14632,14632,1,1
2022-09-02 15:30:39.352,14631,14632,14632,1,1
2022-09-02 15:30:40.202,14632,14633,14633,1,1
2022-09-02 15:30:40.202,14632,14633,14633,3,3
2022-09-02 15:30:40.202,14632,14633,14633,2,2
2022-09-02 15:30:40.202,14632,14633,14633,1,1
2022-09-02 15:30:40.939,14633,14634,14633,1,-1
2022-09-02 15:30:41.495,14633,14634,14633,1,-1
2022-09-02 15:30:42.850,14632,14634,14634,3,3
2022-09-02 15:30:42.899,14632,14634,14633,2,2
2022-09-02 15:30:43.180,14632,14634,14634,1,1
2022-09-02 15:30:43.180,14632,14634,14634,1,1
2022-09-02 15:30:43.217,14632,14634,14632,2,-2
2022-09-02 15:30:44.126,14632,14633,14633,1,1
2022-09-02 15:30:45.582,14633,14634,14633,1,-1
2022-09-02 15:30:45.582,14633,14634,14632,4,-4
2022-09-02 15:30:45.583,14633,14634,14633,1,-1
2022-09-02 15:30:46.768,14632,14634,14634,1,1
2022-09-02 15:30:49.162,14632,14634,14634,1,1
2022-09-02 15:30:50.669,14633,14634,14633,1,-1
2022-09-02 15:30:51.603,14631,14633,14633,3,3
2022-09-02 15:30:51.603,14631,14633,14633,3,3
2022-09-02 15:30:52.852,14632,14633,14633,1,1
2022-09-02 15:30:53.855,14631,14633,14633,2,2
2022-09-02 15:30:54.135,14631,14633,14633,2,2
2022-09-02 15:30:57.828,14632,14633,14633,1,1
2022-09-02 15:30:59.748,14632,14633,14632,1,-1
2022-09-02 15:31:00.939,14631,14633,14632,1,-1
2022-09-02 15:31:01.033,14631,14632,14632,1,1
2022-09-02 15:31:01.033,14631,14632,14632,1,1
2022-09-02 15:31:01.033,14631,14632,14633,1,1
2022-09-02 15:31:01.034,14631,14632,14633,1,1
2022-09-02 15:31:01.034,14631,14632,14633,1,1
2022-09-02 15:31:01.034,14631,14632,14633,1,1
2022-09-02 15:31:01.034,14631,14632,14634,3,3
2022-09-02 15:31:01.035,14631,14632,14634,1,1
2022-09-02 15:31:01.035,14631,14632,14634,2,2
2022-09-02 15:31:01.162,14632,14633,14633,1,1
2022-09-02 15:31:02.493,14633,14634,14634,1,1
2022-09-02 15:31:03.925,14633,14635,14633,1,-1
2022-09-02 15:31:05.458,14633,14634,14634,1,1
2022-09-02 15:31:06.269,14634,14635,14635,1,1
2022-09-02 15:31:06.440,14634,14635,14635,1,1
2022-09-02 15:31:08.586,14634,14635,14634,1,-1
2022-09-02 15:31:08.873,14634,14635,14635,1,1
2022-09-02 15:31:09.190,14634,14635,14635,2,2
2022-09-02 15:31:10.488,14634,14635,14635,1,1
2022-09-02 15:31:10.489,14634,14635,14635,4,4
2022-09-02 15:31:10.857,14634,14636,14636,3,3
2022-09-02 15:31:10.913,14635,14637,14637,10,10
2022-09-02 15:31:12.022,14636,14637,14637,1,1
2022-09-02 15:31:12.180,14636,14637,14637,1,1
2022-09-02 15:31:13.612,14636,14637,14637,1,1
2022-09-02 15:31:13.713,14636,14637,14637,1,1
2022-09-02 15:31:13.713,14636,14637,14637,1,1
2022-09-02 15:31:13.713,14636,14637,14637,3,3
2022-09-02 15:31:17.201,14637,14638,14637,1,-1
2022-09-02 15:31:18.239,14637,14638,14638,1,1
2022-09-02 15:31:18.240,14637,14638,14638,4,4
2022-09-02 15:31:18.240,14637,14638,14638,1,1
2022-09-02 15:31:18.240,14637,14638,14638,1,1
2022-09-02 15:31:18.281,14637,14638,14638,1,1
2022-09-02 15:31:18.281,14637,14638,14638,14,14
2022-09-02 15:31:18.285,14637,14638,14639,1,1
2022-09-02 15:31:18.352,14637,14638,14639,2,2
2022-09-02 15:31:18.431,14638,14639,14639,2,2
2022-09-02 15:31:18.440,14638,14639,14639,1,1
2022-09-02 15:31:18.506,14638,14639,14639,2,2
2022-09-02 15:31:18.591,14638,14639,14639,3,3
2022-09-02 15:31:18.634,14638,14639,14639,1,1
2022-09-02 15:31:18.641,14638,14639,14639,1,1
2022-09-02 15:31:18.702,14638,14639,14639,1,1
2022-09-02 15:31:18.720,14638,14639,14639,1,1
2022-09-02 15:31:18.720,14638,14639,14639,4,4
2022-09-02 15:31:18.720,14638,14639,14639,1,1
2022-09-02 15:31:18.721,14638,14639,14639,3,3
2022-09-02 15:31:18.756,14638,14639,14640,1,1
2022-09-02 15:31:18.849,14638,14640,14640,1,1
2022-09-02 15:31:18.858,14638,14640,14640,1,1
2022-09-02 15:31:18.863,14638,14640,14640,1,1
2022-09-02 15:31:19.085,14638,14640,14640,1,1
2022-09-02 15:31:19.301,14638,14640,14640,2,2
2022-09-02 15:31:19.634,14638,14639,14639,1,1
2022-09-02 15:31:19.634,14638,14639,14639,1,1
2022-09-02 15:31:19.715,14638,14639,14639,1,1
2022-09-02 15:31:19.930,14638,14639,14639,1,1
2022-09-02 15:31:20.195,14638,14639,14639,1,1
2022-09-02 15:31:20.199,14638,14639,14639,2,2
2022-09-02 15:31:20.902,14638,14639,14639,1,1
2022-09-02 15:31:20.937,14638,14639,14639,2,2
2022-09-02 15:31:22.332,14638,14639,14638,2,-2
2022-09-02 15:31:22.549,14638,14639,14639,1,1
2022-09-02 15:31:23.314,14638,14639,14639,1,1
2022-09-02 15:31:23.843,14638,14639,14638,1,-1
2022-09-02 15:31:24.849,14638,14639,14638,2,-2
2022-09-02 15:31:26.777,14637,14638,14638,2,2
2022-09-02 15:31:30.636,14637,14638,14637,1,-1
2022-09-02 15:31:30.636,14637,14638,14637,1,-1
2022-09-02 15:31:30.636,14637,14638,14637,1,-1
2022-09-02 15:31:30.656,14636,14637,14637,1,1
2022-09-02 15:31:31.471,14636,14637,14637,1,1
2022-09-02 15:31:34.150,14636,14637,14637,1,1
2022-09-02 15:31:35.249,14636,14637,14637,2,2
2022-09-02 15:31:35.354,14636,14637,14637,1,1
2022-09-02 15:31:38.667,14636,14637,14636,2,-2
2022-09-02 15:31:38.785,14634,14636,14636,1,1
2022-09-02 15:31:39.341,14634,14636,14636,1,1
2022-09-02 15:31:42.059,14634,14635,14635,1,1
2022-09-02 15:31:42.189,14634,14635,14634,1,-1
2022-09-02 15:31:42.312,14633,14634,14634,1,1
2022-09-02 15:31:42.704,14633,14634,14633,1,-1
2022-09-02 15:31:42.897,14633,14634,14633,1,-1
2022-09-02 15:31:46.033,14632,14634,14634,1,1
2022-09-02 15:31:46.732,14631,14633,14633,1,1
2022-09-02 15:31:52.591,14631,14632,14632,1,1
2022-09-02 15:32:00.373,14631,14632,14631,1,-1
2022-09-02 15:32:02.997,14631,14632,14631,2,-2
2022-09-02 15:32:03.327,14631,14632,14631,2,-2
2022-09-02 15:32:03.594,14631,14632,14631,3,-3
2022-09-02 15:32:03.618,14631,14632,14632,1,1
2022-09-02 15:32:06.865,14630,14631,14630,1,-1
2022-09-02 15:32:09.248,14630,14631,14630,1,-1
2022-09-02 15:32:10.877,14630,14631,14630,1,-1
2022-09-02 15:32:10.938,14630,14631,14630,1,-1
2022-09-02 15:32:14.658,14630,14631,14630,1,-1
2022-09-02 15:32:14.682,14630,14631,14630,1,-1
2022-09-02 15:32:17.718,14629,14630,14629,3,-3
2022-09-02 15:32:23.156,14629,14630,14629,1,-1
2022-09-02 15:32:24.198,14629,14630,14629,4,-4
2022-09-02 15:32:25.748,14629,14630,14630,1,1
2022-09-02 15:32:28.300,14629,14630,14630,1,1
2022-09-02 15:32:29.423,14629,14630,14630,1,1
2022-09-02 15:32:36.812,14629,14630,14630,1,1
2022-09-02 15:32:40.139,14629,14630,14629,1,-1
2022-09-02 15:32:41.533,14629,14630,14630,1,1
2022-09-02 15:32:42.227,14629,14630,14629,1,-1
2022-09-02 15:32:43.034,14628,14630,14628,1,-1
2022-09-02 15:32:47.839,14628,14629,14629,1,1
2022-09-02 15:32:50.384,14628,14629,14628,1,-1
2022-09-02 15:32:55.233,14628,14629,14628,2,-2
2022-09-02 15:32:55.679,14628,14629,14629,1,1
2022-09-02 15:32:57.025,14629,14630,14629,1,-1
2022-09-02 15:32:58.896,14628,14630,14630,1,1
2022-09-02 15:33:01.424,14628,14629,14628,2,-2
2022-09-02 15:33:01.424,14628,14629,14628,2,-2
2022-09-02 15:33:01.528,14627,14628,14628,1,1
2022-09-02 15:33:01.528,14627,14628,14629,2,2
2022-09-02 15:33:04.088,14627,14628,14627,1,-1
2022-09-02 15:33:04.231,14627,14628,14627,1,-1
2022-09-02 15:33:09.944,14627,14628,14628,1,1
2022-09-02 15:33:21.010,14627,14628,14628,1,1
2022-09-02 15:33:22.671,14627,14628,14628,1,1
2022-09-02 15:33:22.781,14628,14630,14630,1,1
2022-09-02 15:33:25.604,14628,14630,14630,2,2
2022-09-02 15:33:28.700,14629,14630,14630,1,1
2022-09-02 15:33:28.701,14629,14630,14630,1,1
2022-09-02 15:33:30.103,14629,14631,14629,1,-1
2022-09-02 15:33:32.059,14629,14631,14631,1,1
2022-09-02 15:33:35.682,14629,14630,14630,1,1
2022-09-02 15:33:43.123,14629,14630,14630,1,1
2022-09-02 15:33:46.889,14629,14630,14630,1,1
2022-09-02 15:33:49.036,14629,14630,14630,2,2
2022-09-02 15:33:52.810,14630,14631,14630,2,-2
2022-09-02 15:33:53.910,14630,14631,14630,1,-1
2022-09-02 15:33:54.675,14629,14630,14630,1,1
2022-09-02 15:34:00.285,14629,14630,14630,1,1
2022-09-02 15:34:00.868,14629,14630,14630,1,1
2022-09-02 15:34:00.868,14629,14630,14630,1,1
2022-09-02 15:34:01.398,14629,14631,14629,1,-1
2022-09-02 15:34:02.517,14630,14631,14630,3,-3
2022-09-02 15:34:02.921,14629,14630,14629,2,-2
2022-09-02 15:34:02.922,14629,14630,14629,1,-1
2022-09-02 15:34:04.331,14629,14630,14630,1,1
2022-09-02 15:34:05.709,14629,14631,14631,1,1
2022-09-02 15:34:12.874,14629,14630,14630,1,1
2022-09-02 15:34:15.004,14629,14630,14629,2,-2
2022-09-02 15:34:16.767,14628,14629,14629,1,1
2022-09-02 15:34:18.065,14628,14629,14628,1,-1
2022-09-02 15:34:18.065,14628,14629,14628,2,-2
2022-09-02 15:34:18.065,14628,14629,14628,2,-2
2022-09-02 15:34:23.673,14627,14628,14628,3,3
2022-09-02 15:34:28.327,14627,14629,14629,1,1
2022-09-02 15:34:28.458,14627,14629,14627,1,-1
2022-09-02 15:34:28.680,14627,14629,14627,2,-2
2022-09-02 15:34:31.578,14628,14629,14628,1,-1
2022-09-02 15:34:38.868,14627,14629,14628,1,-1
2022-09-02 15:34:49.919,14627,14628,14628,1,1
2022-09-02 15:34:50.218,14627,14629,14627,1,-1
2022-09-02 15:34:58.570,14627,14628,14627,2,-2
2022-09-02 15:35:00.427,14627,14628,14627,4,-4
2022-09-02 15:35:00.453,14627,14628,14626,1,-1
2022-09-02 15:35:00.454,14627,14628,14626,8,-8
2022-09-02 15:35:00.454,14627,14628,14626,1,-1
2022-09-02 15:35:00.796,14625,14626,14626,1,1
2022-09-02 15:35:00.836,14625,14626,14626,3,3
2022-09-02 15:35:00.836,14625,14626,14627,3,3
2022-09-02 15:35:00.960,14625,14626,14626,5,5
2022-09-02 15:35:00.979,14625,14626,14626,1,1
2022-09-02 15:35:08.200,14625,14626,14625,3,-3
2022-09-02 15:35:08.200,14625,14626,14625,2,-2
2022-09-02 15:35:08.200,14625,14626,14625,4,-4
2022-09-02 15:35:08.300,14624,14625,14624,1,-1
2022-09-02 15:35:10.084,14624,14625,14624,1,-1
2022-09-02 15:35:12.017,14624,14625,14625,1,1
2022-09-02 15:35:12.162,14624,14625,14625,2,2
2022-09-02 15:35:13.152,14625,14626,14625,1,-1
2022-09-02 15:35:13.636,14624,14625,14624,3,-3
2022-09-02 15:35:13.838,14624,14625,14625,1,1
2022-09-02 15:35:16.965,14624,14625,14624,1,-1
2022-09-02 15:35:19.096,14624,14625,14624,1,-1
2022-09-02 15:35:20.248,14624,14625,14624,1,-1
2022-09-02 15:35:21.722,14624,14625,14624,1,-1
2022-09-02 15:35:22.985,14624,14625,14625,1,1
2022-09-02 15:35:23.082,14624,14625,14625,1,1
2022-09-02 15:35:32.803,14624,14625,14624,31,-31
2022-09-02 15:35:32.804,14624,14625,14624,2,-2
2022-09-02 15:35:32.804,14624,14625,14624,2,-2
2022-09-02 15:35:32.804,14624,14625,14624,2,-2
2022-09-02 15:35:32.804,14624,14625,14624,1,-1
2022-09-02 15:35:32.804,14624,14625,14624,4,-4
2022-09-02 15:35:32.804,14624,14625,14624,2,-2
2022-09-02 15:35:32.805,14624,14625,14623,3,-3
2022-09-02 15:35:32.805,14624,14625,14623,2,-2
2022-09-02 15:35:32.818,14624,14625,14623,2,-2
2022-09-02 15:35:33.466,14623,14624,14624,4,4
2022-09-02 15:35:33.706,14623,14624,14624,1,1
2022-09-02 15:35:34.113,14623,14624,14624,1,1
2022-09-02 15:35:36.675,14624,14625,14624,2,-2
2022-09-02 15:35:36.849,14624,14625,14625,19,19
2022-09-02 15:35:38.262,14625,14626,14625,1,-1
2022-09-02 15:35:39.226,14625,14626,14626,1,1
2022-09-02 15:35:39.226,14625,14626,14626,3,3
2022-09-02 15:35:40.994,14625,14627,14625,1,-1
2022-09-02 15:35:44.674,14625,14626,14626,1,1
2022-09-02 15:35:48.302,14625,14626,14626,1,1
2022-09-02 15:35:48.311,14625,14626,14626,2,2
2022-09-02 15:35:48.311,14625,14626,14626,2,2
2022-09-02 15:35:48.311,14625,14626,14626,4,4
2022-09-02 15:35:48.659,14626,14627,14627,1,1
2022-09-02 15:35:48.660,14626,14627,14627,1,1
2022-09-02 15:35:48.660,14626,14627,14627,2,2
2022-09-02 15:35:55.727,14627,14628,14628,1,1
2022-09-02 15:35:59.258,14627,14628,14628,1,1
2022-09-02 15:36:00.579,14627,14629,14629,1,1
2022-09-02 15:36:06.782,14627,14629,14629,1,1
2022-09-02 15:36:09.682,14627,14629,14628,1,1
2022-09-02 15:36:10.906,14628,14629,14629,1,1
2022-09-02 15:36:10.906,14628,14629,14629,1,1
2022-09-02 15:36:10.906,14628,14629,14629,17,17
2022-09-02 15:36:10.907,14628,14629,14629,3,3
2022-09-02 15:36:11.516,14628,14630,14630,1,1
2022-09-02 15:36:11.551,14628,14630,14630,1,1
2022-09-02 15:36:14.495,14628,14630,14630,1,1
2022-09-02 15:36:16.593,14629,14630,14629,1,-1
2022-09-02 15:36:17.845,14628,14630,14630,1,1
2022-09-02 15:36:20.764,14627,14628,14627,2,-2
2022-09-02 15:36:20.789,14626,14627,14626,1,-1
2022-09-02 15:36:24.096,14625,14627,14627,4,4
2022-09-02 15:36:28.901,14626,14628,14628,1,1
2022-09-02 15:36:38.904,14626,14627,14627,1,1
2022-09-02 15:36:39.935,14627,14629,14629,1,1
2022-09-02 15:36:50.996,14628,14630,14630,1,1
2022-09-02 15:37:02.024,14628,14629,14629,1,1
2022-09-02 15:37:13.086,14628,14630,14630,1,1
2022-09-02 15:37:16.944,14628,14630,14628,1,-1
2022-09-02 15:37:20.475,14627,14629,14628,1,-1
2022-09-02 15:37:23.857,14627,14628,14627,1,-1
2022-09-02 15:37:23.857,14627,14628,14627,1,-1
2022-09-02 15:37:24.141,14626,14627,14627,1,1
2022-09-02 15:37:24.311,14626,14627,14626,1,-1
2022-09-02 15:37:24.817,14625,14627,14627,1,1
2022-09-02 15:37:36.187,14625,14627,14627,1,1
2022-09-02 15:37:39.005,14626,14627,14627,1,1
2022-09-02 15:37:46.735,14626,14627,14627,1,1
2022-09-02 15:37:57.504,14626,14627,14627,1,1
2022-09-02 15:37:57.789,14627,14629,14629,1,1
2022-09-02 15:37:59.539,14627,14629,14627,3,-3
2022-09-02 15:38:07.995,14627,14628,14627,1,-1
2022-09-02 15:38:08.875,14625,14627,14627,1,1
2022-09-02 15:38:12.266,14626,14628,14626,1,-1
2022-09-02 15:38:19.906,14627,14628,14628,1,1
2022-09-02 15:38:30.965,14626,14627,14627,1,1
2022-09-02 15:38:39.932,14626,14627,14627,2,2
2022-09-02 15:38:39.932,14626,14627,14627,1,1
2022-09-02 15:38:42.018,14627,14628,14628,1,1
2022-09-02 15:38:47.595,14627,14629,14628,1,1
2022-09-02 15:38:47.968,14627,14629,14627,1,-1
2022-09-02 15:38:53.010,14627,14628,14627,1,-1
2022-09-02 15:38:53.082,14626,14628,14628,1,1
2022-09-02 15:39:05.121,14626,14627,14627,1,1
2022-09-02 15:39:06.779,14626,14627,14626,2,-2
2022-09-02 15:39:15.171,14625,14626,14626,1,1
2022-09-02 15:39:18.864,14625,14626,14625,2,-2
2022-09-02 15:39:25.704,14625,14627,14627,1,1
2022-09-02 15:39:26.968,14626,14627,14627,1,1
2022-09-02 15:39:37.264,14626,14628,14628,1,1
2022-09-02 15:39:47.196,14627,14628,14628,8,8
2022-09-02 15:39:47.197,14627,14628,14628,1,1
2022-09-02 15:39:47.802,14628,14629,14629,1,1
2022-09-02 15:39:48.466,14628,14629,14629,1,1
2022-09-02 15:39:58.879,14627,14629,14629,1,1
2022-09-02 15:40:09.914,14628,14630,14630,1,1
2022-09-02 15:40:15.076,14629,14630,14629,1,-1
2022-09-02 15:40:15.817,14628,14629,14629,1,1
2022-09-02 15:40:18.093,14628,14630,14630,1,1
2022-09-02 15:40:20.968,14628,14630,14630,1,1
2022-09-02 15:40:29.194,14628,14630,14628,1,-1
2022-09-02 15:40:31.638,14629,14630,14629,1,-1
2022-09-02 15:40:32.520,14628,14630,14630,1,1
2022-09-02 15:40:34.572,14629,14630,14629,1,-1
2022-09-02 15:40:36.884,14628,14630,14630,1,1
2022-09-02 15:40:42.003,14629,14630,14630,1,1
2022-09-02 15:40:42.004,14629,14630,14630,2,2
2022-09-02 15:40:42.004,14629,14630,14630,4,4
2022-09-02 15:40:42.004,14629,14630,14630,18,18
2022-09-02 15:40:42.006,14629,14630,14631,1,1
2022-09-02 15:40:42.006,14629,14630,14631,1,1
2022-09-02 15:40:42.006,14629,14630,14631,1,1
2022-09-02 15:40:43.076,14630,14632,14632,1,1
2022-09-02 15:40:43.946,14630,14632,14632,1,1
2022-09-02 15:40:48.917,14631,14632,14631,1,-1
2022-09-02 15:40:49.993,14630,14631,14630,1,-1
2022-09-02 15:40:54.136,14628,14630,14630,1,1
2022-09-02 15:40:59.376,14628,14630,14630,1,1
2022-09-02 15:40:59.692,14628,14630,14630,1,1
2022-09-02 15:41:04.784,14628,14630,14630,1,1
2022-09-02 15:41:05.678,14628,14630,14630,1,1
2022-09-02 15:41:16.224,14630,14631,14631,1,1
2022-09-02 15:41:21.816,14630,14631,14630,3,-3
2022-09-02 15:41:27.755,14630,14631,14631,1,1
2022-09-02 15:41:39.296,14629,14631,14631,1,1
2022-09-02 15:41:49.876,14629,14630,14630,1,1
2022-09-02 15:41:49.991,14629,14630,14629,1,-1
2022-09-02 15:41:54.047,14629,14630,14629,5,-5
2022-09-02 15:41:58.475,14627,14629,14629,2,2
2022-09-02 15:42:00.329,14628,14630,14630,11,11
2022-09-02 15:42:01.910,14629,14631,14631,1,1
2022-09-02 15:42:02.196,14630,14631,14631,1,1
2022-09-02 15:42:02.931,14629,14631,14631,1,1
2022-09-02 15:42:05.868,14629,14630,14630,1,1
2022-09-02 15:42:10.733,14630,14631,14631,1,1
2022-09-02 15:42:10.733,14630,14631,14631,1,1
2022-09-02 15:42:10.733,14630,14631,14631,1,1
2022-09-02 15:42:10.925,14631,14632,14631,1,-1
2022-09-02 15:42:11.977,14631,14632,14632,1,1
2022-09-02 15:42:14.431,14631,14632,14631,1,-1
2022-09-02 15:42:17.470,14631,14632,14631,1,-1
2022-09-02 15:42:17.888,14631,14632,14632,1,1
2022-09-02 15:42:20.579,14631,14632,14632,1,1
2022-09-02 15:42:20.579,14631,14632,14632,1,1
2022-09-02 15:42:21.403,14632,14633,14632,1,-1
2022-09-02 15:42:22.917,14632,14633,14633,1,1
2022-09-02 15:42:23.012,14632,14633,14633,1,1
2022-09-02 15:42:24.164,14632,14633,14632,1,-1
2022-09-02 15:42:24.573,14632,14633,14632,1,-1
2022-09-02 15:42:29.853,14632,14633,14632,5,-5
2022-09-02 15:42:34.050,14630,14632,14632,1,1
2022-09-02 15:42:38.824,14630,14631,14631,1,1
2022-09-02 15:42:38.980,14631,14632,14632,1,1
2022-09-02 15:42:45.142,14631,14632,14632,1,1
2022-09-02 15:42:56.143,14631,14632,14632,1,1
2022-09-02 15:42:57.733,14631,14632,14632,1,1
2022-09-02 15:43:02.550,14631,14632,14631,1,-1
2022-09-02 15:43:07.212,14631,14632,14632,1,1
2022-09-02 15:43:07.300,14631,14632,14632,1,1
2022-09-02 15:43:08.234,14631,14632,14632,7,7
2022-09-02 15:43:08.322,14632,14633,14633,5,5
2022-09-02 15:43:11.674,14632,14633,14632,2,-2
2022-09-02 15:43:12.727,14631,14632,14632,1,1
2022-09-02 15:43:17.515,14632,14633,14632,1,-1
2022-09-02 15:43:17.738,14631,14633,14633,1,1
2022-09-02 15:43:23.578,14632,14633,14632,1,-1
2022-09-02 15:43:28.820,14631,14633,14633,1,1
2022-09-02 15:43:39.883,14632,14633,14633,1,1
2022-09-02 15:43:50.918,14632,14633,14633,1,1
2022-09-02 15:43:51.048,14632,14633,14632,1,-1
2022-09-02 15:43:51.073,14632,14633,14632,1,-1
2022-09-02 15:44:00.583,14632,14633,14632,2,-2
2022-09-02 15:44:00.583,14632,14633,14632,1,-1
2022-09-02 15:44:00.648,14632,14633,14633,1,1
2022-09-02 15:44:01.049,14631,14633,14633,1,1
2022-09-02 15:44:01.093,14631,14633,14631,1,-1
2022-09-02 15:44:01.970,14631,14633,14633,1,1
2022-09-02 15:44:08.670,14633,14634,14634,1,1
2022-09-02 15:44:08.875,14633,14634,14634,1,1
2022-09-02 15:44:08.932,14633,14634,14634,1,1
2022-09-02 15:44:10.189,14633,14634,14634,2,2
2022-09-02 15:44:13.027,14634,14635,14635,1,1
2022-09-02 15:44:18.044,14634,14635,14634,1,-1
2022-09-02 15:44:24.055,14634,14635,14635,1,1
2022-09-02 15:44:28.890,14634,14635,14635,1,1
2022-09-02 15:44:35.119,14634,14635,14635,1,1
2022-09-02 15:44:35.222,14634,14635,14634,1,-1
2022-09-02 15:44:35.627,14634,14635,14634,1,-1
2022-09-02 15:44:41.863,14633,14634,14634,2,2
2022-09-02 15:44:44.822,14633,14634,14633,1,-1
2022-09-02 15:44:44.908,14632,14633,14632,2,-2
2022-09-02 15:44:46.176,14631,14633,14633,1,1
2022-09-02 15:44:52.405,14631,14632,14632,1,1
2022-09-02 15:44:57.216,14631,14633,14633,1,1
2022-09-02 15:45:01.408,14633,14635,14633,1,-1
