2021-11-12 15:00:00.016,17539,17540,17540,33,33
2021-11-12 15:00:00.017,17539,17540,17540,1,1
2021-11-12 15:00:00.018,17539,17540,17540,5,5
2021-11-12 15:00:00.080,17539,17541,17541,2,2
2021-11-12 15:00:00.103,17539,17541,17541,2,2
2021-11-12 15:00:00.198,17539,17541,17541,1,1
2021-11-12 15:00:00.199,17539,17541,17541,5,5
2021-11-12 15:00:00.209,17539,17541,17542,5,5
2021-11-12 15:00:00.209,17539,17541,17542,22,22
2021-11-12 15:00:00.367,17539,17544,17539,1,-1
2021-11-12 15:00:00.370,17539,17544,17539,1,-1
2021-11-12 15:00:00.395,17539,17544,17539,2,-2
2021-11-12 15:00:00.405,17539,17544,17539,1,-1
2021-11-12 15:00:00.448,17538,17544,17538,1,-1
2021-11-12 15:00:00.450,17538,17544,17538,1,-1
2021-11-12 15:00:00.450,17538,17544,17538,1,-1
2021-11-12 15:00:00.461,17538,17544,17538,1,-1
2021-11-12 15:00:00.485,17538,17544,17544,1,1
2021-11-12 15:00:00.485,17538,17544,17545,2,2
2021-11-12 15:00:00.485,17538,17544,17546,2,2
2021-11-12 15:00:00.485,17538,17544,17547,1,1
2021-11-12 15:00:00.491,17538,17544,17547,2,2
2021-11-12 15:00:00.610,17539,17547,17539,1,-1
2021-11-12 15:00:00.610,17539,17547,17539,1,-1
2021-11-12 15:00:00.702,17538,17547,17538,1,-1
2021-11-12 15:00:00.705,17538,17547,17546,1,1
2021-11-12 15:00:00.705,17538,17547,17547,1,1
2021-11-12 15:00:00.768,17538,17547,17546,1,1
2021-11-12 15:00:00.768,17538,17547,17547,1,1
2021-11-12 15:00:00.822,17539,17546,17546,1,1
2021-11-12 15:00:00.884,17539,17546,17546,1,1
2021-11-12 15:00:00.885,17539,17546,17547,1,1
2021-11-12 15:00:00.885,17539,17546,17547,1,1
2021-11-12 15:00:00.886,17539,17546,17547,6,6
2021-11-12 15:00:00.886,17539,17546,17548,1,1
2021-11-12 15:00:00.928,17539,17546,17548,1,1
2021-11-12 15:00:00.942,17546,17548,17548,6,6
2021-11-12 15:00:00.942,17546,17548,17549,1,1
2021-11-12 15:00:00.942,17546,17548,17550,1,1
2021-11-12 15:00:00.942,17546,17548,17552,1,1
2021-11-12 15:00:00.947,17546,17548,17550,1,1
2021-11-12 15:00:01.004,17546,17548,17550,1,1
2021-11-12 15:00:01.005,17546,17548,17552,3,3
2021-11-12 15:00:01.027,17546,17548,17552,1,1
2021-11-12 15:00:01.035,17546,17548,17553,1,1
2021-11-12 15:00:01.157,17550,17553,17552,1,1
2021-11-12 15:00:01.187,17550,17553,17553,1,1
2021-11-12 15:00:01.271,17551,17553,17552,1,1
2021-11-12 15:00:01.411,17550,17553,17553,2,2
2021-11-12 15:00:01.437,17550,17553,17550,1,-1
2021-11-12 15:00:01.638,17550,17553,17550,2,-2
2021-11-12 15:00:01.721,17549,17552,17552,2,2
2021-11-12 15:00:01.751,17549,17552,17550,1,-1
2021-11-12 15:00:02.029,17549,17552,17549,2,-2
2021-11-12 15:00:02.131,17549,17552,17550,1,-1
2021-11-12 15:00:02.162,17549,17552,17549,1,-1
2021-11-12 15:00:02.162,17549,17552,17549,1,-1
2021-11-12 15:00:02.163,17549,17552,17549,1,-1
2021-11-12 15:00:02.371,17546,17549,17547,1,-1
2021-11-12 15:00:02.371,17546,17549,17548,4,4
2021-11-12 15:00:02.403,17546,17549,17544,3,-3
2021-11-12 15:00:02.547,17544,17547,17547,1,1
2021-11-12 15:00:02.605,17546,17547,17546,1,-1
2021-11-12 15:00:02.775,17545,17547,17545,4,-4
2021-11-12 15:00:02.775,17545,17547,17544,4,-4
2021-11-12 15:00:02.776,17545,17547,17544,1,-1
2021-11-12 15:00:03.237,17544,17545,17544,1,-1
2021-11-12 15:00:04.569,17542,17545,17542,1,-1
2021-11-12 15:00:04.569,17542,17545,17541,1,-1
2021-11-12 15:00:04.711,17542,17545,17544,2,2
2021-11-12 15:00:04.857,17542,17545,17542,2,-2
2021-11-12 15:00:04.916,17542,17545,17542,1,-1
2021-11-12 15:00:05.699,17541,17543,17543,1,1
2021-11-12 15:00:05.755,17541,17543,17542,1,1
2021-11-12 15:00:06.848,17542,17543,17542,2,-2
2021-11-12 15:00:07.023,17542,17543,17543,1,1
2021-11-12 15:00:07.345,17543,17544,17544,1,1
2021-11-12 15:00:07.345,17543,17544,17545,1,1
2021-11-12 15:00:07.646,17544,17546,17544,2,-2
2021-11-12 15:00:08.804,17543,17545,17545,1,1
2021-11-12 15:00:08.897,17544,17546,17546,1,1
2021-11-12 15:00:09.146,17544,17546,17546,1,1
2021-11-12 15:00:10.506,17543,17545,17543,5,-5
2021-11-12 15:00:10.577,17543,17544,17543,3,-3
2021-11-12 15:00:10.577,17543,17544,17543,1,-1
2021-11-12 15:00:11.986,17543,17545,17543,1,-1
2021-11-12 15:00:13.514,17544,17545,17544,1,-1
2021-11-12 15:00:13.749,17543,17544,17544,1,1
2021-11-12 15:00:14.763,17544,17545,17544,1,-1
2021-11-12 15:00:15.550,17544,17545,17545,1,1
2021-11-12 15:00:15.550,17544,17545,17546,1,1
2021-11-12 15:00:15.594,17545,17546,17546,1,1
2021-11-12 15:00:15.594,17545,17546,17548,1,1
2021-11-12 15:00:15.669,17545,17546,17548,1,1
2021-11-12 15:00:15.681,17545,17546,17548,1,1
2021-11-12 15:00:15.721,17546,17548,17548,2,2
2021-11-12 15:00:15.737,17546,17548,17548,1,1
2021-11-12 15:00:15.896,17546,17547,17545,1,-1
2021-11-12 15:00:16.011,17545,17547,17545,1,-1
2021-11-12 15:00:16.943,17545,17546,17545,1,-1
2021-11-12 15:00:17.396,17545,17546,17545,1,-1
2021-11-12 15:00:17.542,17544,17545,17544,1,-1
2021-11-12 15:00:17.780,17544,17545,17544,1,-1
2021-11-12 15:00:18.553,17544,17545,17545,1,1
2021-11-12 15:00:18.565,17544,17545,17544,1,-1
2021-11-12 15:00:18.764,17544,17545,17544,1,-1
2021-11-12 15:00:18.788,17544,17545,17545,1,1
2021-11-12 15:00:19.676,17543,17544,17544,1,1
2021-11-12 15:00:20.214,17543,17544,17543,5,-5
2021-11-12 15:00:20.214,17543,17544,17542,5,-5
2021-11-12 15:00:20.495,17542,17543,17543,1,1
2021-11-12 15:00:20.782,17543,17544,17543,1,-1
2021-11-12 15:00:20.997,17542,17543,17542,1,-1
2021-11-12 15:00:20.997,17542,17543,17541,3,-3
2021-11-12 15:00:21.357,17541,17543,17541,1,-1
2021-11-12 15:00:21.420,17541,17543,17541,2,-2
2021-11-12 15:00:21.616,17541,17543,17541,1,-1
2021-11-12 15:00:21.616,17541,17543,17540,1,-1
2021-11-12 15:00:22.172,17540,17542,17543,1,1
2021-11-12 15:00:23.890,17541,17543,17543,1,1
2021-11-12 15:00:24.178,17541,17544,17541,4,-4
2021-11-12 15:00:24.458,17541,17542,17542,2,2
2021-11-12 15:00:24.459,17541,17542,17542,1,1
2021-11-12 15:00:25.327,17541,17542,17542,1,1
2021-11-12 15:00:26.513,17541,17542,17542,1,1
2021-11-12 15:00:26.675,17541,17542,17542,1,1
2021-11-12 15:00:27.470,17541,17542,17541,2,-2
2021-11-12 15:00:29.727,17541,17542,17542,2,2
2021-11-12 15:00:30.981,17541,17542,17541,1,-1
2021-11-12 15:00:32.248,17541,17542,17541,1,-1
2021-11-12 15:00:32.432,17541,17542,17542,1,1
2021-11-12 15:00:32.432,17541,17542,17542,2,2
2021-11-12 15:00:36.360,17542,17543,17543,1,1
2021-11-12 15:00:36.360,17542,17543,17544,1,1
2021-11-12 15:00:36.409,17542,17543,17543,1,1
2021-11-12 15:00:37.553,17542,17544,17542,3,-3
2021-11-12 15:00:37.752,17542,17544,17544,1,1
2021-11-12 15:00:37.900,17542,17544,17542,1,-1
2021-11-12 15:00:38.344,17542,17544,17542,1,-1
2021-11-12 15:00:40.600,17543,17544,17543,2,-2
2021-11-12 15:00:45.268,17543,17545,17544,1,1
2021-11-12 15:00:45.343,17543,17545,17545,2,2
2021-11-12 15:00:45.343,17543,17545,17545,3,3
2021-11-12 15:00:45.622,17545,17546,17545,1,-1
2021-11-12 15:00:45.622,17545,17546,17544,2,-2
2021-11-12 15:00:45.623,17545,17546,17544,1,-1
2021-11-12 15:00:53.367,17544,17545,17544,1,-1
2021-11-12 15:00:59.037,17544,17546,17546,1,1
2021-11-12 15:01:00.488,17544,17546,17546,1,1
2021-11-12 15:01:00.507,17544,17546,17546,1,1
2021-11-12 15:01:00.656,17545,17546,17546,1,1
2021-11-12 15:01:00.656,17545,17546,17547,1,1
2021-11-12 15:01:02.239,17545,17547,17547,1,1
2021-11-12 15:01:02.318,17546,17548,17548,1,1
2021-11-12 15:01:02.319,17546,17548,17548,1,1
2021-11-12 15:01:02.319,17546,17548,17548,1,1
2021-11-12 15:01:02.319,17546,17548,17548,1,1
2021-11-12 15:01:02.319,17546,17548,17548,1,1
2021-11-12 15:01:02.319,17546,17548,17548,1,1
2021-11-12 15:01:02.452,17546,17548,17546,1,-1
2021-11-12 15:01:07.499,17546,17547,17547,1,1
2021-11-12 15:01:08.850,17546,17547,17547,1,1
2021-11-12 15:01:08.944,17546,17547,17547,1,1
2021-11-12 15:01:08.944,17546,17547,17547,1,1
2021-11-12 15:01:08.944,17546,17547,17547,1,1
2021-11-12 15:01:11.852,17546,17547,17547,1,1
2021-11-12 15:01:12.131,17546,17547,17546,8,-8
2021-11-12 15:01:12.131,17546,17547,17546,1,-1
2021-11-12 15:01:13.779,17545,17546,17546,1,1
2021-11-12 15:01:14.159,17545,17546,17545,1,-1
2021-11-12 15:01:15.281,17545,17546,17546,4,4
2021-11-12 15:01:15.282,17545,17546,17545,1,-1
2021-11-12 15:01:15.282,17545,17546,17545,1,-1
2021-11-12 15:01:15.283,17545,17546,17545,1,-1
2021-11-12 15:01:15.430,17545,17546,17545,1,-1
2021-11-12 15:01:17.426,17545,17546,17545,1,-1
2021-11-12 15:01:18.101,17545,17546,17546,1,1
2021-11-12 15:01:18.193,17545,17547,17547,1,1
2021-11-12 15:01:18.194,17545,17547,17547,1,1
2021-11-12 15:01:18.194,17545,17547,17547,1,1
2021-11-12 15:01:18.194,17545,17547,17547,1,1
2021-11-12 15:01:18.194,17545,17547,17547,1,1
2021-11-12 15:01:18.194,17545,17547,17547,1,1
2021-11-12 15:01:18.194,17545,17547,17547,1,1
2021-11-12 15:01:18.194,17545,17547,17547,1,1
2021-11-12 15:01:18.194,17545,17547,17547,1,1
2021-11-12 15:01:18.194,17545,17547,17548,1,1
2021-11-12 15:01:18.194,17545,17547,17548,1,1
2021-11-12 15:01:18.195,17545,17547,17548,1,1
2021-11-12 15:01:18.195,17545,17547,17548,1,1
2021-11-12 15:01:18.195,17545,17547,17548,1,1
2021-11-12 15:01:18.195,17545,17547,17548,1,1
2021-11-12 15:01:18.195,17545,17547,17548,1,1
2021-11-12 15:01:18.195,17545,17547,17549,1,1
2021-11-12 15:01:19.931,17547,17549,17547,1,-1
2021-11-12 15:01:21.720,17548,17549,17548,1,-1
2021-11-12 15:01:23.936,17548,17549,17548,1,-1
2021-11-12 15:01:26.112,17547,17549,17549,1,1
2021-11-12 15:01:26.919,17547,17549,17548,1,1
2021-11-12 15:01:26.920,17547,17549,17549,5,5
2021-11-12 15:01:27.545,17548,17549,17549,1,1
2021-11-12 15:01:27.568,17548,17549,17549,1,1
2021-11-12 15:01:27.568,17548,17549,17549,1,1
2021-11-12 15:01:27.569,17548,17549,17549,1,1
2021-11-12 15:01:27.569,17548,17549,17549,1,1
2021-11-12 15:01:27.569,17548,17549,17549,1,1
2021-11-12 15:01:27.569,17548,17549,17549,1,1
2021-11-12 15:01:27.569,17548,17549,17549,1,1
2021-11-12 15:01:27.569,17548,17549,17549,1,1
2021-11-12 15:01:27.569,17548,17549,17549,1,1
2021-11-12 15:01:27.569,17548,17549,17550,1,1
2021-11-12 15:01:27.569,17548,17549,17550,1,1
2021-11-12 15:01:27.570,17548,17549,17550,1,1
2021-11-12 15:01:28.189,17549,17550,17549,1,-1
2021-11-12 15:01:28.766,17548,17550,17550,2,2
2021-11-12 15:01:30.407,17549,17550,17550,1,1
2021-11-12 15:01:30.498,17549,17550,17550,1,1
2021-11-12 15:01:30.524,17549,17550,17550,1,1
2021-11-12 15:01:30.524,17549,17550,17550,1,1
2021-11-12 15:01:31.669,17550,17551,17550,3,-3
2021-11-12 15:01:31.669,17550,17551,17549,1,-1
2021-11-12 15:01:36.166,17550,17551,17551,1,1
2021-11-12 15:01:40.520,17550,17551,17551,3,3
2021-11-12 15:01:40.568,17550,17551,17551,1,1
2021-11-12 15:01:40.678,17550,17551,17551,4,4
2021-11-12 15:01:40.678,17550,17551,17552,2,2
2021-11-12 15:01:42.452,17550,17552,17552,1,1
2021-11-12 15:01:43.585,17550,17552,17550,1,-1
2021-11-12 15:01:49.904,17550,17551,17551,1,1
2021-11-12 15:01:52.418,17551,17552,17551,2,-2
2021-11-12 15:01:52.587,17551,17552,17552,5,5
2021-11-12 15:01:54.412,17552,17553,17553,1,1
2021-11-12 15:01:55.301,17552,17553,17553,1,1
2021-11-12 15:01:57.682,17552,17553,17552,1,-1
2021-11-12 15:01:58.440,17552,17553,17552,1,-1
2021-11-12 15:02:00.642,17552,17553,17553,1,1
2021-11-12 15:02:00.696,17552,17553,17553,1,1
2021-11-12 15:02:05.606,17552,17553,17552,2,-2
2021-11-12 15:02:05.694,17552,17553,17553,1,1
2021-11-12 15:02:06.227,17552,17553,17553,2,2
2021-11-12 15:02:06.941,17552,17553,17552,1,-1
2021-11-12 15:02:08.221,17552,17553,17553,6,6
2021-11-12 15:02:08.302,17552,17553,17553,1,1
2021-11-12 15:02:13.090,17553,17554,17554,1,1
2021-11-12 15:02:13.356,17553,17554,17554,1,1
2021-11-12 15:02:14.007,17553,17554,17553,1,-1
2021-11-12 15:02:14.393,17553,17554,17554,6,6
2021-11-12 15:02:15.095,17553,17555,17554,1,1
2021-11-12 15:02:16.206,17553,17554,17553,1,-1
2021-11-12 15:02:16.206,17553,17554,17553,1,-1
2021-11-12 15:02:16.206,17553,17554,17553,1,-1
2021-11-12 15:02:16.206,17553,17554,17553,4,-4
2021-11-12 15:02:16.206,17553,17554,17553,1,-1
2021-11-12 15:02:16.207,17553,17554,17552,10,-10
2021-11-12 15:02:18.464,17551,17552,17551,1,-1
2021-11-12 15:02:18.568,17551,17552,17552,1,1
2021-11-12 15:02:18.568,17551,17552,17552,1,1
2021-11-12 15:02:18.569,17551,17552,17552,1,1
2021-11-12 15:02:18.570,17551,17552,17552,1,1
2021-11-12 15:02:19.556,17551,17553,17551,2,-2
2021-11-12 15:02:20.328,17551,17552,17551,1,-1
2021-11-12 15:02:23.797,17551,17552,17552,1,1
2021-11-12 15:02:27.858,17551,17552,17551,1,-1
2021-11-12 15:02:28.057,17551,17552,17551,7,-7
2021-11-12 15:02:28.069,17550,17552,17552,1,1
2021-11-12 15:02:28.322,17550,17552,17552,1,1
2021-11-12 15:02:28.418,17550,17552,17552,1,1
2021-11-12 15:02:32.696,17551,17552,17552,1,1
2021-11-12 15:02:32.895,17551,17552,17551,1,-1
2021-11-12 15:02:48.009,17550,17551,17551,1,1
2021-11-12 15:02:52.116,17551,17552,17552,1,1
2021-11-12 15:02:56.854,17551,17552,17551,1,-1
2021-11-12 15:02:57.308,17550,17552,17552,1,1
2021-11-12 15:02:58.248,17550,17551,17551,1,1
2021-11-12 15:03:02.479,17551,17552,17552,1,1
2021-11-12 15:03:02.569,17551,17552,17552,1,1
2021-11-12 15:03:02.570,17551,17552,17552,1,1
2021-11-12 15:03:02.570,17551,17552,17552,1,1
2021-11-12 15:03:02.571,17551,17552,17552,1,1
2021-11-12 15:03:11.651,17552,17553,17553,1,1
2021-11-12 15:03:11.693,17552,17553,17553,1,1
2021-11-12 15:03:11.694,17552,17553,17553,1,1
2021-11-12 15:03:11.694,17552,17553,17553,1,1
2021-11-12 15:03:11.694,17552,17553,17553,1,1
2021-11-12 15:03:11.695,17552,17553,17553,1,1
2021-11-12 15:03:13.304,17552,17554,17554,1,1
2021-11-12 15:03:13.319,17552,17554,17554,1,1
2021-11-12 15:03:13.319,17552,17554,17554,1,1
2021-11-12 15:03:13.319,17552,17554,17554,3,3
2021-11-12 15:03:13.320,17552,17554,17555,1,1
2021-11-12 15:03:13.320,17552,17554,17555,1,1
2021-11-12 15:03:13.558,17554,17555,17555,2,2
2021-11-12 15:03:13.574,17554,17555,17555,2,2
2021-11-12 15:03:13.580,17554,17555,17555,1,1
2021-11-12 15:03:14.080,17554,17555,17555,1,1
2021-11-12 15:03:14.080,17554,17555,17555,5,5
2021-11-12 15:03:14.080,17554,17555,17555,3,3
2021-11-12 15:03:14.198,17554,17556,17555,1,1
2021-11-12 15:03:14.221,17554,17556,17556,1,1
2021-11-12 15:03:14.380,17554,17556,17556,1,1
2021-11-12 15:03:14.636,17554,17556,17556,1,1
2021-11-12 15:03:14.962,17554,17556,17556,1,1
2021-11-12 15:03:15.252,17554,17556,17554,1,-1
2021-11-12 15:03:15.833,17554,17555,17555,1,1
2021-11-12 15:03:17.723,17554,17555,17554,2,-2
2021-11-12 15:03:19.167,17554,17555,17555,1,1
2021-11-12 15:03:19.194,17554,17555,17555,1,1
2021-11-12 15:03:19.194,17554,17555,17555,1,1
2021-11-12 15:03:19.194,17554,17555,17556,1,1
2021-11-12 15:03:20.690,17555,17556,17556,1,1
2021-11-12 15:03:21.692,17555,17556,17556,1,1
2021-11-12 15:03:22.017,17555,17556,17555,1,-1
2021-11-12 15:03:22.283,17555,17556,17555,1,-1
2021-11-12 15:03:22.365,17554,17555,17555,1,1
2021-11-12 15:03:22.652,17554,17555,17554,1,-1
2021-11-12 15:03:23.223,17554,17555,17555,2,2
2021-11-12 15:03:26.479,17555,17556,17555,2,-2
2021-11-12 15:03:26.501,17555,17556,17555,2,-2
2021-11-12 15:03:28.791,17555,17556,17556,3,3
2021-11-12 15:03:28.818,17555,17556,17556,1,1
2021-11-12 15:03:28.819,17555,17556,17556,1,1
2021-11-12 15:03:28.819,17555,17556,17556,1,1
2021-11-12 15:03:29.162,17555,17556,17556,1,1
2021-11-12 15:03:29.891,17555,17557,17557,1,1
2021-11-12 15:03:29.966,17555,17557,17555,5,-5
2021-11-12 15:03:30.194,17556,17557,17557,1,1
2021-11-12 15:03:30.343,17556,17557,17556,4,-4
2021-11-12 15:03:30.651,17555,17556,17556,1,1
2021-11-12 15:03:30.689,17555,17556,17556,1,1
2021-11-12 15:03:30.690,17555,17556,17557,2,2
2021-11-12 15:03:30.696,17555,17557,17557,1,1
2021-11-12 15:03:30.697,17555,17557,17557,1,1
2021-11-12 15:03:30.721,17555,17557,17557,1,1
2021-11-12 15:03:30.723,17555,17557,17557,1,1
2021-11-12 15:03:30.723,17555,17557,17558,1,1
2021-11-12 15:03:30.971,17556,17557,17557,1,1
2021-11-12 15:03:35.054,17556,17558,17558,1,1
2021-11-12 15:03:38.987,17557,17558,17558,1,1
2021-11-12 15:03:41.573,17557,17558,17558,1,1
2021-11-12 15:03:41.574,17557,17558,17558,1,1
2021-11-12 15:03:41.574,17557,17558,17558,1,1
2021-11-12 15:03:41.574,17557,17558,17558,1,1
2021-11-12 15:03:41.694,17557,17558,17558,1,1
2021-11-12 15:03:42.417,17557,17558,17558,2,2
2021-11-12 15:03:42.816,17557,17558,17558,3,3
2021-11-12 15:03:44.559,17558,17559,17558,1,-1
2021-11-12 15:03:46.228,17558,17559,17558,5,-5
2021-11-12 15:03:46.229,17558,17559,17558,6,-6
2021-11-12 15:03:47.214,17557,17558,17558,3,3
2021-11-12 15:03:47.214,17557,17558,17559,2,2
2021-11-12 15:03:47.937,17557,17559,17558,1,1
2021-11-12 15:03:49.273,17557,17559,17558,2,2
2021-11-12 15:03:49.627,17557,17559,17558,1,1
2021-11-12 15:03:50.132,17557,17559,17559,1,1
2021-11-12 15:03:50.133,17557,17559,17559,1,1
2021-11-12 15:03:50.257,17557,17559,17559,3,3
2021-11-12 15:03:50.410,17557,17559,17559,1,1
2021-11-12 15:03:50.784,17557,17559,17559,1,1
2021-11-12 15:03:52.245,17558,17559,17559,7,7
2021-11-12 15:03:52.395,17558,17559,17559,1,1
2021-11-12 15:03:52.427,17558,17559,17559,3,3
2021-11-12 15:03:53.111,17559,17560,17559,8,-8
2021-11-12 15:03:54.592,17558,17559,17559,1,1
2021-11-12 15:03:54.997,17558,17559,17558,1,-1
2021-11-12 15:03:56.779,17557,17559,17559,7,7
2021-11-12 15:03:57.077,17557,17559,17559,5,5
2021-11-12 15:03:58.062,17558,17559,17559,1,1
2021-11-12 15:03:58.128,17558,17559,17558,1,-1
2021-11-12 15:03:59.391,17558,17559,17559,1,1
2021-11-12 15:03:59.925,17558,17559,17559,2,2
2021-11-12 15:04:00.621,17558,17559,17558,2,-2
2021-11-12 15:04:01.387,17557,17559,17559,7,7
2021-11-12 15:04:02.131,17558,17559,17559,1,1
2021-11-12 15:04:03.012,17559,17560,17559,1,-1
2021-11-12 15:04:04.524,17559,17560,17559,6,-6
2021-11-12 15:04:04.524,17559,17560,17559,3,-3
2021-11-12 15:04:04.599,17558,17559,17558,1,-1
2021-11-12 15:04:05.532,17558,17559,17559,2,2
2021-11-12 15:04:08.793,17558,17559,17558,4,-4
2021-11-12 15:04:08.793,17558,17559,17557,1,-1
2021-11-12 15:04:09.521,17557,17559,17559,2,2
2021-11-12 15:04:09.568,17557,17559,17559,1,1
2021-11-12 15:04:09.569,17557,17559,17559,1,1
2021-11-12 15:04:09.569,17557,17559,17559,1,1
2021-11-12 15:04:09.795,17558,17559,17559,2,2
2021-11-12 15:04:13.863,17558,17559,17559,1,1
2021-11-12 15:04:15.370,17558,17559,17559,1,1
2021-11-12 15:04:16.117,17558,17559,17559,2,2
2021-11-12 15:04:16.130,17558,17559,17558,2,-2
2021-11-12 15:04:16.872,17558,17559,17559,1,1
2021-11-12 15:04:19.755,17558,17559,17559,1,1
2021-11-12 15:04:19.818,17558,17559,17559,1,1
2021-11-12 15:04:19.819,17558,17559,17559,1,1
2021-11-12 15:04:19.819,17558,17559,17559,1,1
2021-11-12 15:04:19.819,17558,17559,17559,1,1
2021-11-12 15:04:19.819,17558,17559,17559,1,1
2021-11-12 15:04:19.819,17558,17559,17559,1,1
2021-11-12 15:04:19.819,17558,17559,17559,1,1
2021-11-12 15:04:19.819,17558,17559,17559,1,1
2021-11-12 15:04:19.819,17558,17559,17560,1,1
2021-11-12 15:04:19.819,17558,17559,17560,1,1
2021-11-12 15:04:19.819,17558,17559,17560,1,1
2021-11-12 15:04:19.821,17558,17559,17560,1,1
2021-11-12 15:04:19.821,17558,17559,17560,1,1
2021-11-12 15:04:19.849,17558,17559,17560,7,7
2021-11-12 15:04:19.999,17559,17560,17559,1,-1
2021-11-12 15:04:20.050,17559,17560,17560,3,3
2021-11-12 15:04:20.190,17559,17560,17560,1,1
2021-11-12 15:04:20.263,17559,17560,17560,1,1
2021-11-12 15:04:20.516,17559,17560,17560,1,1
2021-11-12 15:04:20.583,17559,17560,17560,2,2
2021-11-12 15:04:20.794,17559,17560,17560,1,1
2021-11-12 15:04:20.971,17559,17560,17559,1,-1
2021-11-12 15:04:21.062,17559,17560,17560,1,1
2021-11-12 15:04:21.236,17559,17560,17560,1,1
2021-11-12 15:04:22.842,17559,17560,17559,1,-1
2021-11-12 15:04:23.651,17559,17560,17559,1,-1
2021-11-12 15:04:25.094,17559,17560,17560,3,3
2021-11-12 15:04:25.142,17559,17560,17559,5,-5
2021-11-12 15:04:25.803,17558,17559,17559,1,1
2021-11-12 15:04:28.934,17558,17559,17559,2,2
2021-11-12 15:04:30.003,17558,17559,17558,1,-1
2021-11-12 15:04:30.830,17558,17559,17558,12,-12
2021-11-12 15:04:32.091,17557,17559,17559,5,5
2021-11-12 15:04:32.756,17558,17559,17558,1,-1
2021-11-12 15:04:35.196,17557,17559,17557,1,-1
2021-11-12 15:04:37.927,17557,17558,17558,4,4
2021-11-12 15:04:37.927,17557,17558,17559,1,1
2021-11-12 15:04:38.453,17557,17559,17559,2,2
2021-11-12 15:04:38.466,17557,17559,17557,1,-1
2021-11-12 15:04:40.277,17557,17559,17557,1,-1
2021-11-12 15:04:41.330,17557,17559,17558,1,1
2021-11-12 15:04:41.362,17557,17559,17559,5,5
2021-11-12 15:04:41.811,17557,17559,17557,4,-4
2021-11-12 15:04:42.116,17557,17559,17557,1,-1
2021-11-12 15:04:42.744,17557,17559,17557,7,-7
2021-11-12 15:04:43.552,17556,17558,17556,1,-1
2021-11-12 15:04:43.730,17556,17558,17556,1,-1
2021-11-12 15:04:43.807,17556,17558,17558,1,1
2021-11-12 15:04:44.704,17556,17558,17558,5,5
2021-11-12 15:04:44.772,17556,17558,17559,5,5
2021-11-12 15:04:45.920,17556,17559,17559,1,1
2021-11-12 15:04:46.428,17556,17559,17556,1,-1
2021-11-12 15:04:46.767,17556,17559,17559,1,1
2021-11-12 15:04:46.979,17556,17559,17559,2,2
2021-11-12 15:04:47.192,17556,17559,17556,1,-1
2021-11-12 15:04:47.646,17556,17559,17559,1,1
2021-11-12 15:04:47.888,17556,17559,17556,1,-1
2021-11-12 15:04:50.162,17556,17558,17558,2,2
2021-11-12 15:04:50.400,17556,17558,17556,1,-1
2021-11-12 15:04:51.710,17556,17558,17558,1,1
2021-11-12 15:04:52.113,17557,17559,17557,1,-1
2021-11-12 15:04:52.449,17556,17559,17559,1,1
2021-11-12 15:04:55.842,17557,17559,17557,1,-1
2021-11-12 15:04:56.175,17557,17559,17559,1,1
2021-11-12 15:04:57.584,17557,17559,17557,1,-1
2021-11-12 15:04:57.822,17556,17559,17559,1,1
2021-11-12 15:04:59.657,17557,17558,17557,1,-1
2021-11-12 15:05:04.011,17556,17557,17557,1,1
2021-11-12 15:05:04.012,17556,17557,17556,12,-12
2021-11-12 15:05:04.126,17555,17557,17557,1,1
2021-11-12 15:05:04.373,17555,17557,17557,1,1
2021-11-12 15:05:04.392,17555,17557,17557,1,1
2021-11-12 15:05:05.431,17555,17557,17557,1,1
2021-11-12 15:05:05.473,17555,17557,17557,1,1
2021-11-12 15:05:05.903,17555,17557,17557,2,2
2021-11-12 15:05:05.903,17555,17557,17558,1,1
2021-11-12 15:05:07.092,17555,17557,17555,2,-2
2021-11-12 15:05:07.257,17555,17557,17555,1,-1
2021-11-12 15:05:08.827,17555,17557,17555,1,-1
2021-11-12 15:05:11.594,17556,17558,17556,1,-1
2021-11-12 15:05:11.805,17555,17558,17558,1,1
2021-11-12 15:05:12.455,17555,17558,17555,1,-1
2021-11-12 15:05:12.695,17555,17558,17558,1,1
2021-11-12 15:05:13.236,17555,17558,17555,1,-1
2021-11-12 15:05:13.557,17555,17557,17557,1,1
2021-11-12 15:05:14.656,17555,17557,17555,1,-1
2021-11-12 15:05:16.072,17555,17557,17557,1,1
2021-11-12 15:05:16.275,17556,17558,17555,1,-1
2021-11-12 15:05:16.406,17555,17558,17558,1,1
2021-11-12 15:05:16.626,17556,17558,17556,1,-1
2021-11-12 15:05:17.160,17555,17558,17558,1,1
2021-11-12 15:05:17.494,17555,17558,17555,1,-1
2021-11-12 15:05:17.934,17555,17557,17557,1,1
2021-11-12 15:05:19.265,17555,17557,17555,1,-1
2021-11-12 15:05:19.454,17555,17557,17557,1,1
2021-11-12 15:05:19.958,17556,17557,17557,1,1
2021-11-12 15:05:20.712,17556,17557,17556,1,-1
2021-11-12 15:05:21.430,17556,17557,17557,1,1
2021-11-12 15:05:21.430,17556,17557,17558,2,2
2021-11-12 15:05:22.078,17555,17558,17558,1,1
2021-11-12 15:05:31.005,17556,17558,17556,1,-1
2021-11-12 15:05:32.569,17556,17558,17556,1,-1
2021-11-12 15:05:33.800,17556,17558,17556,1,-1
2021-11-12 15:05:37.546,17555,17557,17556,1,1
2021-11-12 15:05:39.978,17556,17557,17556,1,-1
2021-11-12 15:05:46.517,17556,17557,17556,1,-1
2021-11-12 15:06:02.625,17555,17557,17555,10,-10
2021-11-12 15:06:02.626,17555,17557,17555,7,-7
2021-11-12 15:06:02.683,17555,17557,17556,3,3
2021-11-12 15:06:02.977,17554,17556,17554,5,-5
2021-11-12 15:06:03.205,17554,17556,17554,1,-1
2021-11-12 15:06:04.452,17554,17556,17554,1,-1
2021-11-12 15:06:11.370,17554,17555,17554,1,-1
2021-11-12 15:06:13.344,17554,17555,17554,1,-1
2021-11-12 15:06:13.889,17554,17555,17554,1,-1
2021-11-12 15:06:19.646,17554,17555,17554,1,-1
2021-11-12 15:06:19.816,17554,17555,17554,1,-1
2021-11-12 15:06:22.318,17554,17555,17554,1,-1
2021-11-12 15:06:25.291,17554,17555,17554,1,-1
2021-11-12 15:06:27.229,17554,17555,17554,1,-1
2021-11-12 15:06:32.202,17554,17555,17554,1,-1
2021-11-12 15:06:40.371,17553,17554,17554,3,3
2021-11-12 15:06:45.188,17553,17554,17554,1,1
2021-11-12 15:06:49.750,17553,17554,17554,1,1
2021-11-12 15:06:51.920,17553,17554,17553,2,-2
2021-11-12 15:06:52.990,17553,17554,17554,1,1
2021-11-12 15:06:53.708,17553,17555,17553,11,-11
2021-11-12 15:06:53.709,17553,17555,17553,1,-1
2021-11-12 15:06:57.839,17552,17553,17552,2,-2
2021-11-12 15:06:57.839,17552,17553,17552,3,-3
2021-11-12 15:06:58.068,17551,17553,17551,1,-1
2021-11-12 15:07:02.687,17551,17552,17551,1,-1
2021-11-12 15:07:02.936,17551,17552,17551,1,-1
2021-11-12 15:07:03.383,17551,17553,17553,1,1
2021-11-12 15:07:12.420,17551,17552,17551,6,-6
2021-11-12 15:07:12.506,17550,17552,17550,1,-1
2021-11-12 15:07:13.551,17550,17552,17550,15,-15
2021-11-12 15:07:13.552,17550,17552,17550,1,-1
2021-11-12 15:07:13.599,17549,17550,17549,1,-1
2021-11-12 15:07:16.575,17549,17550,17549,1,-1
2021-11-12 15:07:17.442,17549,17550,17550,1,1
2021-11-12 15:07:23.859,17549,17550,17550,2,2
2021-11-12 15:07:24.021,17549,17550,17549,3,-3
2021-11-12 15:07:24.149,17549,17550,17549,6,-6
2021-11-12 15:07:26.526,17548,17549,17548,4,-4
2021-11-12 15:07:26.590,17548,17549,17548,4,-4
2021-11-12 15:07:27.393,17548,17549,17548,1,-1
2021-11-12 15:07:28.216,17548,17549,17548,1,-1
2021-11-12 15:07:30.274,17548,17549,17548,1,-1
2021-11-12 15:07:31.151,17548,17549,17548,1,-1
2021-11-12 15:07:37.149,17548,17549,17549,3,3
2021-11-12 15:07:37.747,17548,17549,17548,1,-1
2021-11-12 15:07:41.957,17548,17549,17549,1,1
2021-11-12 15:07:45.237,17549,17550,17549,2,-2
2021-11-12 15:07:48.894,17549,17550,17549,1,-1
2021-11-12 15:07:48.894,17549,17550,17548,1,-1
2021-11-12 15:07:53.125,17549,17550,17550,6,6
2021-11-12 15:07:53.409,17549,17551,17549,1,-1
2021-11-12 15:07:54.158,17549,17550,17549,10,-10
2021-11-12 15:07:54.159,17549,17550,17549,1,-1
2021-11-12 15:08:00.401,17549,17550,17550,2,2
2021-11-12 15:08:01.132,17549,17550,17550,1,1
2021-11-12 15:08:02.103,17550,17551,17550,1,-1
2021-11-12 15:08:04.414,17550,17551,17550,1,-1
2021-11-12 15:08:05.538,17549,17550,17550,1,1
2021-11-12 15:08:13.198,17549,17550,17550,1,1
2021-11-12 15:08:13.481,17549,17550,17550,3,3
2021-11-12 15:08:14.968,17549,17550,17550,1,1
2021-11-12 15:08:16.094,17549,17550,17550,1,1
2021-11-12 15:08:16.094,17549,17550,17551,4,4
2021-11-12 15:08:18.562,17550,17551,17551,1,1
2021-11-12 15:08:32.292,17550,17551,17550,1,-1
2021-11-12 15:08:32.838,17550,17551,17551,1,1
2021-11-12 15:08:35.264,17550,17551,17551,6,6
2021-11-12 15:08:48.651,17551,17552,17552,1,1
2021-11-12 15:08:52.303,17551,17552,17552,1,1
2021-11-12 15:08:57.217,17551,17552,17551,1,-1
2021-11-12 15:08:59.994,17550,17552,17552,1,1
2021-11-12 15:09:05.462,17551,17552,17552,4,4
2021-11-12 15:09:16.112,17551,17552,17551,1,-1
2021-11-12 15:09:19.551,17551,17552,17551,2,-2
2021-11-12 15:09:25.012,17550,17552,17551,1,1
2021-11-12 15:09:29.362,17551,17552,17551,1,-1
2021-11-12 15:09:38.543,17550,17551,17551,1,1
2021-11-12 15:09:41.029,17550,17551,17550,6,-6
2021-11-12 15:09:42.863,17549,17551,17550,1,1
2021-11-12 15:09:45.630,17549,17551,17549,3,-3
2021-11-12 15:09:45.630,17549,17551,17548,17,-17
2021-11-12 15:09:45.631,17549,17551,17548,1,-1
2021-11-12 15:09:45.632,17549,17551,17548,1,-1
2021-11-12 15:09:48.420,17547,17548,17548,1,1
2021-11-12 15:09:54.457,17547,17549,17547,10,-10
2021-11-12 15:09:54.592,17546,17547,17546,3,-3
2021-11-12 15:09:54.800,17545,17546,17545,1,-1
2021-11-12 15:09:54.934,17545,17546,17545,1,-1
2021-11-12 15:09:57.259,17546,17547,17546,2,-2
2021-11-12 15:09:57.716,17546,17547,17546,2,-2
2021-11-12 15:09:58.616,17546,17547,17546,1,-1
2021-11-12 15:09:58.999,17546,17547,17546,1,-1
2021-11-12 15:09:59.082,17546,17547,17547,1,1
2021-11-12 15:09:59.268,17546,17547,17546,1,-1
2021-11-12 15:09:59.971,17546,17547,17546,3,-3
2021-11-12 15:10:01.477,17546,17547,17546,1,-1
2021-11-12 15:10:07.726,17545,17546,17545,1,-1
2021-11-12 15:10:08.771,17545,17546,17545,1,-1
2021-11-12 15:10:10.077,17545,17546,17545,1,-1
2021-11-12 15:10:10.461,17545,17546,17546,1,1
2021-11-12 15:10:14.142,17545,17546,17546,1,1
2021-11-12 15:10:14.207,17545,17546,17546,1,1
2021-11-12 15:10:14.294,17545,17546,17545,6,-6
2021-11-12 15:10:15.336,17545,17546,17545,1,-1
2021-11-12 15:10:15.337,17545,17546,17545,2,-2
2021-11-12 15:10:17.490,17544,17546,17544,1,-1
2021-11-12 15:10:20.557,17544,17545,17544,1,-1
2021-11-12 15:10:21.816,17544,17545,17545,1,1
2021-11-12 15:10:23.116,17544,17545,17544,5,-5
2021-11-12 15:10:23.655,17544,17545,17544,1,-1
2021-11-12 15:10:27.212,17544,17545,17544,4,-4
2021-11-12 15:10:28.591,17543,17544,17543,1,-1
2021-11-12 15:10:28.592,17543,17544,17543,1,-1
2021-11-12 15:10:28.592,17543,17544,17543,1,-1
2021-11-12 15:10:28.592,17543,17544,17543,1,-1
2021-11-12 15:10:28.592,17543,17544,17543,4,-4
2021-11-12 15:10:28.592,17543,17544,17543,3,-3
2021-11-12 15:10:28.592,17543,17544,17543,2,-2
2021-11-12 15:10:28.747,17542,17543,17543,3,3
2021-11-12 15:10:28.799,17542,17543,17542,3,-3
2021-11-12 15:10:29.924,17542,17543,17543,1,1
2021-11-12 15:10:31.752,17542,17544,17542,1,-1
2021-11-12 15:10:35.721,17542,17544,17542,5,-5
2021-11-12 15:10:36.486,17542,17543,17543,3,3
2021-11-12 15:10:36.768,17542,17544,17543,1,1
2021-11-12 15:10:37.137,17542,17543,17542,1,-1
2021-11-12 15:10:38.262,17542,17543,17543,4,4
2021-11-12 15:10:38.459,17542,17544,17542,3,-3
2021-11-12 15:10:39.001,17543,17544,17543,1,-1
2021-11-12 15:10:39.330,17542,17544,17542,1,-1
2021-11-12 15:10:41.453,17542,17544,17544,2,2
2021-11-12 15:10:43.658,17543,17544,17543,1,-1
2021-11-12 15:10:46.615,17542,17543,17543,3,3
2021-11-12 15:10:49.481,17543,17544,17543,2,-2
2021-11-12 15:10:49.481,17543,17544,17542,3,-3
2021-11-12 15:10:49.482,17543,17544,17544,20,20
2021-11-12 15:10:49.856,17543,17544,17543,1,-1
2021-11-12 15:10:51.837,17543,17544,17544,1,1
2021-11-12 15:10:56.129,17543,17544,17544,1,1
2021-11-12 15:10:58.057,17544,17545,17545,1,1
2021-11-12 15:10:58.057,17544,17545,17545,1,1
2021-11-12 15:10:58.057,17544,17545,17545,1,1
2021-11-12 15:10:58.057,17544,17545,17545,1,1
2021-11-12 15:11:05.177,17544,17545,17544,3,-3
2021-11-12 15:11:05.531,17544,17545,17545,1,1
2021-11-12 15:11:19.440,17544,17545,17545,1,1
2021-11-12 15:11:20.514,17544,17545,17545,1,1
2021-11-12 15:11:22.467,17544,17545,17544,2,-2
2021-11-12 15:11:25.972,17544,17545,17544,2,-2
2021-11-12 15:11:27.505,17543,17544,17544,2,2
2021-11-12 15:11:33.563,17543,17544,17543,1,-1
2021-11-12 15:11:44.156,17543,17544,17544,1,1
2021-11-12 15:11:49.816,17543,17545,17543,8,-8
2021-11-12 15:11:49.816,17543,17545,17542,1,-1
2021-11-12 15:11:52.930,17543,17544,17543,2,-2
2021-11-12 15:11:54.498,17543,17544,17544,1,1
2021-11-12 15:12:02.875,17543,17544,17544,2,2
2021-11-12 15:12:03.899,17543,17544,17544,2,2
2021-11-12 15:12:03.900,17543,17544,17544,1,1
2021-11-12 15:12:04.840,17543,17545,17545,1,1
2021-11-12 15:12:05.196,17543,17545,17545,5,5
2021-11-12 15:12:05.196,17543,17545,17545,2,2
2021-11-12 15:12:08.466,17545,17546,17546,3,3
2021-11-12 15:12:08.466,17545,17546,17547,1,1
2021-11-12 15:12:10.316,17545,17547,17547,1,1
2021-11-12 15:12:16.354,17545,17547,17547,1,1
2021-11-12 15:12:22.165,17545,17547,17547,1,1
2021-11-12 15:12:27.677,17545,17547,17547,1,1
2021-11-12 15:12:29.343,17546,17547,17546,1,-1
2021-11-12 15:12:31.402,17546,17547,17547,1,1
2021-11-12 15:12:31.416,17546,17547,17546,1,-1
2021-11-12 15:12:33.441,17545,17547,17545,2,-2
2021-11-12 15:12:40.022,17545,17546,17545,1,-1
2021-11-12 15:12:40.023,17545,17546,17545,1,-1
2021-11-12 15:12:44.500,17544,17546,17546,1,1
2021-11-12 15:12:52.855,17545,17546,17546,2,2
2021-11-12 15:12:54.669,17546,17547,17546,1,-1
2021-11-12 15:13:00.243,17545,17546,17546,2,2
2021-11-12 15:13:00.243,17545,17546,17547,1,1
2021-11-12 15:13:00.320,17545,17547,17547,3,3
2021-11-12 15:13:10.056,17546,17548,17547,1,1
2021-11-12 15:13:15.681,17547,17548,17547,1,-1
2021-11-12 15:13:15.681,17547,17548,17548,3,3
2021-11-12 15:13:20.507,17548,17549,17549,1,1
2021-11-12 15:13:22.435,17548,17549,17549,1,1
2021-11-12 15:13:47.882,17548,17549,17549,1,1
2021-11-12 15:13:47.921,17548,17549,17549,1,1
2021-11-12 15:13:48.128,17548,17549,17549,1,1
2021-11-12 15:13:48.164,17548,17549,17550,1,1
2021-11-12 15:13:48.214,17548,17550,17550,2,2
2021-11-12 15:13:57.671,17549,17550,17550,1,1
2021-11-12 15:13:58.967,17549,17550,17549,1,-1
2021-11-12 15:14:00.518,17549,17550,17550,1,1
2021-11-12 15:14:04.326,17549,17550,17549,1,-1
2021-11-12 15:14:04.378,17549,17550,17550,1,1
2021-11-12 15:14:04.378,17549,17550,17550,1,1
2021-11-12 15:14:08.645,17548,17549,17549,1,1
2021-11-12 15:14:32.820,17548,17550,17548,1,-1
2021-11-12 15:14:50.639,17549,17550,17549,1,-1
2021-11-12 15:15:00.619,17548,17549,17549,1,1
2021-11-12 15:15:01.366,17548,17549,17548,3,-3
2021-11-12 15:15:01.444,17548,17549,17549,1,1
2021-11-12 15:15:01.861,17548,17549,17548,1,-1
2021-11-12 15:15:01.873,17548,17549,17548,1,-1
2021-11-12 15:15:01.972,17548,17549,17549,2,2
2021-11-12 15:15:01.972,17548,17549,17550,1,1
2021-11-12 15:15:02.668,17548,17550,17548,1,-1
2021-11-12 15:15:05.089,17548,17549,17549,1,1
2021-11-12 15:15:20.535,17548,17549,17549,1,1
2021-11-12 15:15:24.771,17549,17550,17550,2,2
2021-11-12 15:15:24.818,17549,17550,17550,1,1
2021-11-12 15:15:24.819,17549,17550,17550,1,1
2021-11-12 15:15:24.819,17549,17550,17550,1,1
2021-11-12 15:15:24.819,17549,17550,17550,1,1
2021-11-12 15:15:24.819,17549,17550,17550,1,1
2021-11-12 15:15:24.819,17549,17550,17550,5,5
2021-11-12 15:15:24.819,17549,17550,17551,1,1
2021-11-12 15:15:24.819,17549,17550,17551,1,1
2021-11-12 15:15:24.964,17550,17551,17551,1,1
2021-11-12 15:15:28.350,17550,17551,17550,1,-1
2021-11-12 15:15:29.678,17549,17551,17550,1,1
2021-11-12 15:15:29.878,17550,17551,17551,7,7
2021-11-12 15:15:34.561,17551,17552,17552,1,1
2021-11-12 15:15:35.280,17551,17552,17552,1,1
2021-11-12 15:15:39.673,17551,17552,17552,1,1
2021-11-12 15:15:39.893,17551,17552,17552,3,3
2021-11-12 15:15:42.057,17551,17552,17552,4,4
2021-11-12 15:15:42.068,17551,17553,17553,1,1
2021-11-12 15:15:42.242,17552,17553,17553,4,4
2021-11-12 15:15:42.242,17552,17553,17553,1,1
2021-11-12 15:15:42.242,17552,17553,17553,3,3
2021-11-12 15:15:45.886,17553,17554,17553,2,-2
2021-11-12 15:15:46.187,17553,17554,17554,1,1
2021-11-12 15:15:47.518,17553,17554,17554,1,1
2021-11-12 15:15:47.569,17553,17554,17554,1,1
2021-11-12 15:15:47.569,17553,17554,17554,1,1
2021-11-12 15:15:47.569,17553,17554,17554,1,1
2021-11-12 15:15:47.569,17553,17554,17555,1,1
2021-11-12 15:15:47.570,17553,17554,17555,1,1
2021-11-12 15:15:47.570,17553,17554,17555,1,1
2021-11-12 15:15:47.570,17553,17554,17555,1,1
2021-11-12 15:15:47.571,17553,17554,17555,1,1
2021-11-12 15:15:47.571,17553,17554,17555,1,1
2021-11-12 15:15:47.853,17553,17555,17555,1,1
2021-11-12 15:15:49.791,17553,17554,17554,2,2
2021-11-12 15:15:49.895,17553,17554,17554,1,1
2021-11-12 15:15:52.652,17554,17555,17554,2,-2
2021-11-12 15:16:00.499,17553,17554,17554,1,1
2021-11-12 15:16:00.511,17553,17554,17554,1,1
2021-11-12 15:16:01.117,17553,17554,17554,1,1
2021-11-12 15:16:01.193,17553,17555,17555,1,1
2021-11-12 15:16:01.194,17553,17555,17555,1,1
2021-11-12 15:16:04.822,17554,17555,17554,1,-1
2021-11-12 15:16:05.935,17553,17554,17554,2,2
2021-11-12 15:16:06.106,17553,17555,17555,1,1
2021-11-12 15:16:12.605,17553,17554,17553,2,-2
2021-11-12 15:16:12.693,17553,17554,17554,1,1
2021-11-12 15:16:12.693,17553,17554,17554,1,1
2021-11-12 15:16:12.693,17553,17554,17555,1,1
2021-11-12 15:16:12.694,17553,17554,17555,1,1
2021-11-12 15:16:12.694,17553,17554,17555,1,1
2021-11-12 15:16:12.694,17553,17554,17555,1,1
2021-11-12 15:16:12.694,17553,17554,17555,1,1
2021-11-12 15:16:12.694,17553,17554,17555,1,1
2021-11-12 15:16:12.694,17553,17554,17555,1,1
2021-11-12 15:16:20.331,17553,17554,17553,1,-1
2021-11-12 15:16:20.331,17553,17554,17552,3,-3
2021-11-12 15:16:30.238,17552,17553,17553,1,1
2021-11-12 15:16:30.319,17552,17553,17553,1,1
2021-11-12 15:16:30.319,17552,17553,17554,1,1
2021-11-12 15:16:30.319,17552,17553,17554,1,1
2021-11-12 15:16:30.320,17552,17553,17554,1,1
2021-11-12 15:16:30.321,17552,17553,17554,1,1
2021-11-12 15:16:30.322,17552,17553,17555,1,1
2021-11-12 15:16:35.390,17553,17554,17553,1,-1
2021-11-12 15:16:35.443,17553,17554,17554,1,1
2021-11-12 15:16:35.443,17553,17554,17554,1,1
2021-11-12 15:16:35.443,17553,17554,17554,1,1
2021-11-12 15:16:35.443,17553,17554,17554,1,1
2021-11-12 15:16:35.444,17553,17554,17555,1,1
2021-11-12 15:16:35.444,17553,17554,17555,1,1
2021-11-12 15:16:35.444,17553,17554,17555,1,1
2021-11-12 15:16:35.444,17553,17554,17555,1,1
2021-11-12 15:16:35.444,17553,17554,17555,1,1
2021-11-12 15:16:35.444,17553,17554,17555,1,1
2021-11-12 15:16:35.444,17553,17554,17555,1,1
2021-11-12 15:16:35.444,17553,17554,17555,1,1
2021-11-12 15:16:35.444,17553,17554,17555,1,1
2021-11-12 15:16:35.445,17553,17554,17555,1,1
2021-11-12 15:16:35.445,17553,17554,17555,1,1
2021-11-12 15:16:35.446,17553,17554,17555,1,1
2021-11-12 15:16:41.303,17553,17554,17553,2,-2
2021-11-12 15:16:48.570,17553,17554,17554,1,1
2021-11-12 15:16:48.694,17553,17554,17554,1,1
2021-11-12 15:16:48.767,17553,17554,17553,1,-1
2021-11-12 15:16:49.238,17553,17555,17553,1,-1
2021-11-12 15:16:49.318,17553,17555,17555,1,1
2021-11-12 15:16:49.319,17553,17555,17555,1,1
2021-11-12 15:16:49.319,17553,17555,17555,1,1
2021-11-12 15:16:49.320,17553,17555,17556,1,1
2021-11-12 15:16:52.008,17554,17555,17554,2,-2
2021-11-12 15:16:57.224,17554,17555,17555,1,1
2021-11-12 15:16:59.580,17554,17555,17554,1,-1
2021-11-12 15:17:00.060,17554,17555,17555,3,3
2021-11-12 15:17:00.069,17554,17555,17555,1,1
2021-11-12 15:17:00.070,17554,17555,17555,1,1
2021-11-12 15:17:00.070,17554,17555,17556,1,1
2021-11-12 15:17:00.070,17554,17555,17556,1,1
2021-11-12 15:17:04.426,17555,17556,17556,5,5
2021-11-12 15:17:04.443,17555,17556,17556,1,1
2021-11-12 15:17:04.444,17555,17556,17556,1,1
2021-11-12 15:17:05.085,17555,17556,17555,2,-2
2021-11-12 15:17:08.270,17555,17556,17555,1,-1
2021-11-12 15:17:09.788,17554,17555,17555,1,1
2021-11-12 15:17:09.819,17554,17556,17556,1,1
2021-11-12 15:17:12.262,17555,17556,17555,2,-2
2021-11-12 15:17:14.769,17554,17555,17555,1,1
2021-11-12 15:17:15.278,17554,17555,17555,1,1
2021-11-12 15:17:16.159,17555,17556,17556,3,3
2021-11-12 15:17:19.828,17555,17557,17557,1,1
2021-11-12 15:17:20.365,17555,17557,17557,1,1
2021-11-12 15:17:21.252,17555,17557,17555,1,-1
2021-11-12 15:17:22.964,17555,17556,17555,1,-1
2021-11-12 15:17:25.396,17555,17556,17555,2,-2
2021-11-12 15:17:27.501,17555,17556,17556,1,1
2021-11-12 15:17:27.930,17555,17556,17555,2,-2
2021-11-12 15:17:28.600,17555,17556,17555,1,-1
2021-11-12 15:17:28.694,17554,17556,17556,1,1
2021-11-12 15:17:28.694,17554,17556,17556,1,1
2021-11-12 15:17:28.694,17554,17556,17556,1,1
2021-11-12 15:17:37.209,17555,17556,17555,2,-2
2021-11-12 15:17:37.979,17555,17556,17556,1,1
2021-11-12 15:17:39.348,17555,17556,17556,1,1
2021-11-12 15:17:39.445,17555,17557,17557,1,1
2021-11-12 15:17:40.982,17555,17556,17555,21,-21
2021-11-12 15:17:40.984,17555,17556,17554,1,-1
2021-11-12 15:17:42.194,17554,17555,17555,1,1
2021-11-12 15:17:42.493,17554,17555,17554,2,-2
2021-11-12 15:17:45.540,17554,17555,17554,1,-1
2021-11-12 15:17:46.745,17553,17554,17554,1,1
2021-11-12 15:17:49.436,17554,17555,17555,1,1
2021-11-12 15:17:49.444,17554,17556,17556,1,1
2021-11-12 15:18:05.071,17554,17555,17554,2,-2
2021-11-12 15:18:06.141,17554,17555,17554,1,-1
2021-11-12 15:18:11.451,17553,17554,17554,1,1
2021-11-12 15:18:13.156,17553,17554,17554,1,1
2021-11-12 15:18:15.143,17553,17554,17554,1,1
2021-11-12 15:18:17.178,17554,17555,17554,1,-1
2021-11-12 15:18:19.812,17553,17554,17554,1,1
2021-11-12 15:18:19.847,17554,17555,17555,1,1
2021-11-12 15:18:22.329,17553,17554,17554,1,1
2021-11-12 15:18:22.855,17553,17554,17554,1,1
2021-11-12 15:18:26.149,17553,17555,17553,3,-3
2021-11-12 15:18:30.226,17553,17555,17554,2,2
2021-11-12 15:18:30.333,17554,17555,17555,1,1
2021-11-12 15:18:30.333,17554,17555,17555,1,1
2021-11-12 15:18:30.333,17554,17555,17555,1,1
2021-11-12 15:18:30.333,17554,17555,17555,1,1
2021-11-12 15:18:30.333,17554,17555,17555,1,1
2021-11-12 15:18:54.095,17554,17555,17554,2,-2
2021-11-12 15:18:57.202,17554,17555,17554,2,-2
2021-11-12 15:18:57.781,17554,17555,17554,2,-2
2021-11-12 15:18:58.537,17554,17555,17555,5,5
2021-11-12 15:19:02.514,17555,17556,17555,2,-2
2021-11-12 15:19:02.822,17555,17556,17556,3,3
2021-11-12 15:19:02.980,17555,17556,17555,2,-2
2021-11-12 15:19:05.407,17553,17555,17553,2,-2
2021-11-12 15:19:08.875,17554,17555,17555,1,1
2021-11-12 15:19:08.875,17554,17555,17555,1,1
2021-11-12 15:19:11.536,17554,17556,17556,1,1
2021-11-12 15:19:11.569,17554,17556,17556,1,1
2021-11-12 15:19:13.473,17555,17556,17555,2,-2
2021-11-12 15:19:18.412,17555,17556,17555,1,-1
2021-11-12 15:19:23.382,17553,17555,17555,3,3
2021-11-12 15:19:23.443,17553,17555,17555,1,1
2021-11-12 15:19:23.443,17553,17555,17555,1,1
2021-11-12 15:19:25.399,17554,17555,17554,2,-2
2021-11-12 15:19:29.256,17553,17554,17554,2,2
2021-11-12 15:19:29.256,17553,17554,17555,1,1
2021-11-12 15:19:40.576,17554,17555,17554,2,-2
2021-11-12 15:19:41.061,17554,17555,17554,2,-2
2021-11-12 15:19:44.877,17553,17554,17553,2,-2
2021-11-12 15:19:45.307,17553,17554,17553,2,-2
2021-11-12 15:19:49.214,17553,17554,17553,2,-2
2021-11-12 15:19:49.756,17553,17554,17553,1,-1
2021-11-12 15:19:52.747,17552,17554,17554,2,2
2021-11-12 15:19:58.659,17553,17554,17553,2,-2
2021-11-12 15:19:59.550,17553,17554,17553,2,-2
2021-11-12 15:20:00.499,17553,17554,17554,1,1
2021-11-12 15:20:00.936,17553,17554,17553,2,-2
2021-11-12 15:20:03.202,17553,17554,17554,1,1
2021-11-12 15:20:03.722,17553,17554,17554,1,1
2021-11-12 15:20:03.821,17553,17554,17554,1,1
2021-11-12 15:20:03.821,17553,17554,17555,1,1
2021-11-12 15:20:13.411,17553,17555,17555,2,2
2021-11-12 15:20:13.506,17553,17555,17555,1,1
2021-11-12 15:20:13.855,17553,17555,17553,1,-1
2021-11-12 15:20:16.194,17553,17554,17553,14,-14
2021-11-12 15:20:16.208,17553,17554,17552,1,-1
2021-11-12 15:20:16.209,17553,17554,17552,2,-2
2021-11-12 15:20:16.304,17553,17554,17551,3,-3
2021-11-12 15:20:17.858,17551,17552,17551,1,-1
2021-11-12 15:20:18.543,17551,17552,17551,2,-2
2021-11-12 15:20:21.008,17551,17552,17552,5,5
2021-11-12 15:20:21.008,17551,17552,17551,5,-5
2021-11-12 15:20:25.094,17550,17551,17551,1,1
2021-11-12 15:20:25.801,17550,17551,17550,1,-1
2021-11-12 15:20:29.621,17550,17551,17550,4,-4
2021-11-12 15:20:30.942,17550,17551,17550,1,-1
2021-11-12 15:20:31.772,17550,17551,17550,2,-2
2021-11-12 15:20:32.159,17550,17551,17550,2,-2
2021-11-12 15:20:33.171,17549,17550,17550,1,1
2021-11-12 15:20:33.451,17549,17550,17549,2,-2
2021-11-12 15:20:33.655,17549,17550,17549,1,-1
2021-11-12 15:20:34.631,17549,17550,17549,2,-2
2021-11-12 15:20:40.244,17549,17550,17550,1,1
2021-11-12 15:20:40.286,17549,17550,17549,1,-1
2021-11-12 15:20:40.387,17549,17550,17549,2,-2
2021-11-12 15:20:40.539,17549,17550,17549,1,-1
2021-11-12 15:20:41.617,17549,17550,17549,2,-2
2021-11-12 15:20:42.027,17549,17550,17549,1,-1
2021-11-12 15:20:47.480,17548,17549,17548,2,-2
2021-11-12 15:20:49.024,17548,17549,17548,2,-2
2021-11-12 15:20:49.224,17548,17549,17548,2,-2
2021-11-12 15:20:50.716,17548,17549,17548,2,-2
2021-11-12 15:20:51.039,17548,17549,17548,2,-2
2021-11-12 15:20:51.421,17548,17549,17548,2,-2
2021-11-12 15:20:51.927,17547,17548,17548,3,3
2021-11-12 15:20:59.030,17547,17548,17547,1,-1
2021-11-12 15:21:01.649,17547,17548,17547,1,-1
2021-11-12 15:21:01.649,17547,17548,17547,1,-1
2021-11-12 15:21:01.650,17547,17548,17547,1,-1
2021-11-12 15:21:01.650,17547,17548,17547,2,-2
2021-11-12 15:21:01.650,17547,17548,17547,2,-2
2021-11-12 15:21:02.558,17546,17548,17546,1,-1
2021-11-12 15:21:02.761,17546,17548,17546,1,-1
2021-11-12 15:21:06.561,17545,17547,17545,2,-2
2021-11-12 15:21:07.898,17545,17546,17545,2,-2
2021-11-12 15:21:07.931,17545,17546,17545,4,-4
2021-11-12 15:21:07.931,17545,17546,17544,1,-1
2021-11-12 15:21:08.538,17544,17546,17544,1,-1
2021-11-12 15:21:09.051,17544,17545,17544,2,-2
2021-11-12 15:21:09.500,17544,17545,17544,1,-1
2021-11-12 15:21:12.383,17543,17544,17544,1,1
2021-11-12 15:21:14.655,17544,17545,17544,2,-2
2021-11-12 15:21:19.570,17544,17546,17544,1,-1
2021-11-12 15:21:19.897,17544,17546,17544,1,-1
2021-11-12 15:21:20.246,17544,17546,17544,1,-1
2021-11-12 15:21:20.819,17543,17545,17543,1,-1
2021-11-12 15:21:21.203,17543,17545,17543,5,-5
2021-11-12 15:21:26.516,17544,17545,17544,1,-1
2021-11-12 15:21:27.246,17543,17545,17543,2,-2
2021-11-12 15:21:28.530,17543,17545,17545,1,1
2021-11-12 15:21:28.642,17543,17545,17543,1,-1
2021-11-12 15:21:28.925,17543,17545,17545,2,2
2021-11-12 15:21:28.956,17545,17546,17545,2,-2
2021-11-12 15:21:29.082,17545,17546,17545,1,-1
2021-11-12 15:21:31.541,17545,17546,17546,1,1
2021-11-12 15:21:36.695,17546,17548,17548,1,1
2021-11-12 15:21:37.625,17546,17548,17546,1,-1
2021-11-12 15:21:38.253,17546,17548,17546,1,-1
2021-11-12 15:21:45.291,17546,17548,17548,1,1
2021-11-12 15:21:51.639,17546,17548,17548,2,2
2021-11-12 15:22:00.308,17548,17549,17548,1,-1
2021-11-12 15:22:09.394,17547,17549,17547,1,-1
2021-11-12 15:22:11.165,17547,17548,17547,1,-1
2021-11-12 15:22:13.832,17546,17548,17548,3,3
2021-11-12 15:22:14.418,17547,17548,17547,1,-1
2021-11-12 15:22:15.224,17547,17548,17547,1,-1
2021-11-12 15:22:16.617,17547,17548,17547,1,-1
2021-11-12 15:22:22.998,17548,17549,17548,1,-1
2021-11-12 15:22:23.795,17548,17549,17548,1,-1
2021-11-12 15:22:26.158,17548,17549,17548,2,-2
2021-11-12 15:22:27.189,17547,17549,17547,1,-1
2021-11-12 15:22:45.495,17547,17549,17547,1,-1
2021-11-12 15:22:54.442,17547,17549,17549,5,5
2021-11-12 15:22:55.248,17549,17551,17549,3,-3
2021-11-12 15:22:55.248,17549,17551,17548,1,-1
2021-11-12 15:22:57.794,17549,17550,17550,1,1
2021-11-12 15:22:57.946,17549,17551,17551,2,2
2021-11-12 15:23:04.542,17550,17552,17552,1,1
2021-11-12 15:23:09.153,17551,17552,17552,1,1
2021-11-12 15:23:16.039,17551,17552,17551,1,-1
2021-11-12 15:23:33.821,17551,17552,17552,7,7
2021-11-12 15:23:40.793,17552,17553,17552,1,-1
2021-11-12 15:23:58.922,17552,17553,17553,1,1
2021-11-12 15:23:58.922,17552,17553,17553,2,2
2021-11-12 15:24:08.122,17553,17554,17554,1,1
2021-11-12 15:24:11.350,17553,17554,17553,1,-1
2021-11-12 15:24:11.601,17552,17553,17553,1,1
2021-11-12 15:24:12.005,17552,17553,17552,1,-1
2021-11-12 15:24:20.399,17551,17552,17552,1,1
2021-11-12 15:24:27.776,17551,17552,17551,5,-5
2021-11-12 15:24:32.045,17551,17552,17552,1,1
2021-11-12 15:24:33.689,17551,17552,17551,1,-1
2021-11-12 15:24:33.689,17551,17552,17551,1,-1
2021-11-12 15:25:34.546,17550,17551,17550,1,-1
2021-11-12 15:25:34.547,17550,17551,17550,1,-1
2021-11-12 15:25:34.671,17549,17550,17549,1,-1
2021-11-12 15:25:39.309,17548,17549,17548,1,-1
2021-11-12 15:25:42.376,17548,17549,17548,1,-1
2021-11-12 15:25:43.896,17547,17548,17548,1,1
2021-11-12 15:26:01.373,17547,17549,17547,2,-2
2021-11-12 15:26:24.600,17547,17548,17547,1,-1
2021-11-12 15:26:42.095,17547,17548,17547,1,-1
2021-11-12 15:26:42.095,17547,17548,17547,2,-2
2021-11-12 15:26:42.095,17547,17548,17547,5,-5
2021-11-12 15:26:42.095,17547,17548,17547,1,-1
2021-11-12 15:26:55.860,17547,17548,17547,1,-1
2021-11-12 15:27:06.442,17547,17548,17548,3,3
2021-11-12 15:27:07.257,17547,17549,17547,1,-1
2021-11-12 15:27:12.913,17547,17549,17547,3,-3
2021-11-12 15:27:26.370,17547,17548,17548,1,1
2021-11-12 15:27:49.535,17549,17551,17551,3,3
2021-11-12 15:28:07.473,17550,17551,17550,3,-3
2021-11-12 15:28:15.222,17549,17550,17550,3,3
2021-11-12 15:28:16.324,17549,17550,17549,1,-1
2021-11-12 15:28:16.324,17549,17550,17549,3,-3
2021-11-12 15:28:16.324,17549,17550,17549,3,-3
2021-11-12 15:28:16.324,17549,17550,17549,2,-2
2021-11-12 15:28:16.324,17549,17550,17549,1,-1
2021-11-12 15:28:27.136,17548,17549,17549,1,1
2021-11-12 15:28:27.748,17548,17550,17550,5,5
2021-11-12 15:28:40.583,17548,17550,17550,1,1
2021-11-12 15:28:48.070,17548,17550,17550,1,1
2021-11-12 15:29:17.066,17548,17549,17548,1,-1
2021-11-12 15:29:17.066,17548,17549,17547,2,-2
2021-11-12 15:29:41.050,17547,17548,17548,3,3
2021-11-12 15:29:51.944,17548,17549,17549,1,1
2021-11-12 15:30:03.202,17548,17550,17550,1,1
2021-11-12 15:30:05.861,17548,17549,17548,1,-1
2021-11-12 15:30:08.868,17547,17548,17548,1,1
2021-11-12 15:30:10.725,17547,17549,17547,2,-2
2021-11-12 15:30:13.587,17547,17549,17547,1,-1
2021-11-12 15:30:25.836,17547,17548,17548,1,1
2021-11-12 15:30:26.015,17548,17549,17549,1,1
2021-11-12 15:30:29.317,17548,17550,17548,8,-8
2021-11-12 15:30:59.345,17547,17549,17547,1,-1
2021-11-12 15:31:13.766,17547,17548,17547,1,-1
2021-11-12 15:31:18.702,17547,17548,17547,1,-1
2021-11-12 15:31:18.819,17547,17548,17548,1,1
2021-11-12 15:31:18.819,17547,17548,17548,1,1
2021-11-12 15:31:18.821,17547,17548,17549,1,1
2021-11-12 15:31:23.829,17548,17549,17549,1,1
2021-11-12 15:31:33.493,17548,17549,17549,1,1
2021-11-12 15:31:58.628,17548,17550,17550,1,1
2021-11-12 15:31:58.629,17548,17550,17550,3,3
2021-11-12 15:31:58.629,17548,17550,17550,1,1
2021-11-12 15:31:58.629,17548,17550,17550,12,12
2021-11-12 15:31:59.299,17550,17551,17551,3,3
2021-11-12 15:32:15.240,17551,17552,17551,1,-1
2021-11-12 15:32:25.010,17550,17551,17550,1,-1
2021-11-12 15:32:50.466,17550,17551,17550,1,-1
2021-11-12 15:33:07.235,17549,17550,17549,1,-1
2021-11-12 15:33:07.235,17549,17550,17549,1,-1
2021-11-12 15:33:07.235,17549,17550,17549,3,-3
2021-11-12 15:33:25.850,17549,17551,17549,1,-1
2021-11-12 15:33:26.272,17548,17551,17549,1,-1
2021-11-12 15:33:30.528,17549,17551,17549,1,-1
2021-11-12 15:34:19.503,17549,17550,17549,1,-1
2021-11-12 15:34:49.511,17548,17549,17548,1,-1
2021-11-12 15:34:49.511,17548,17549,17548,1,-1
2021-11-12 15:34:49.511,17548,17549,17548,2,-2
2021-11-12 15:34:49.511,17548,17549,17548,2,-2
2021-11-12 15:34:54.340,17547,17548,17547,1,-1
2021-11-12 15:34:54.340,17547,17548,17547,1,-1
2021-11-12 15:34:54.340,17547,17548,17547,1,-1
2021-11-12 15:34:54.341,17547,17548,17547,1,-1
2021-11-12 15:34:54.341,17547,17548,17547,4,-4
2021-11-12 15:35:06.680,17546,17548,17546,1,-1
2021-11-12 15:35:07.220,17546,17548,17546,1,-1
2021-11-12 15:35:25.077,17546,17547,17546,1,-1
2021-11-12 15:35:28.535,17546,17548,17546,1,-1
2021-11-12 15:35:35.754,17546,17547,17547,1,1
2021-11-12 15:35:35.754,17546,17547,17548,2,2
2021-11-12 15:35:48.395,17547,17548,17547,3,-3
2021-11-12 15:35:52.942,17547,17548,17548,3,3
2021-11-12 15:35:56.542,17547,17548,17547,2,-2
2021-11-12 15:35:58.202,17546,17547,17547,2,2
2021-11-12 15:36:22.329,17546,17547,17546,1,-1
2021-11-12 15:36:39.140,17546,17547,17547,3,3
2021-11-12 15:36:48.254,17547,17549,17547,7,-7
2021-11-12 15:36:48.254,17547,17549,17547,3,-3
2021-11-12 15:37:01.169,17547,17548,17548,1,1
2021-11-12 15:37:16.465,17548,17549,17548,1,-1
2021-11-12 15:37:22.118,17548,17549,17548,1,-1
2021-11-12 15:37:29.802,17548,17549,17548,1,-1
2021-11-12 15:37:38.261,17547,17548,17547,1,-1
2021-11-12 15:37:38.517,17547,17548,17548,1,1
2021-11-12 15:37:45.324,17548,17549,17548,4,-4
2021-11-12 15:37:54.648,17547,17548,17548,1,1
2021-11-12 15:38:00.149,17547,17549,17547,5,-5
2021-11-12 15:38:06.079,17547,17549,17547,1,-1
2021-11-12 15:38:30.975,17547,17549,17547,1,-1
2021-11-12 15:38:44.933,17546,17547,17546,4,-4
2021-11-12 15:38:59.159,17546,17547,17547,1,1
2021-11-12 15:39:00.043,17547,17548,17547,1,-1
2021-11-12 15:39:00.043,17547,17548,17546,7,-7
2021-11-12 15:39:00.044,17547,17548,17546,2,-2
2021-11-12 15:39:10.008,17545,17547,17545,1,-1
2021-11-12 15:39:17.451,17545,17547,17545,1,-1
2021-11-12 15:39:41.385,17546,17547,17546,1,-1
2021-11-12 15:39:44.666,17545,17547,17547,1,1
2021-11-12 15:39:50.360,17545,17547,17545,9,-9
2021-11-12 15:40:09.842,17544,17545,17544,3,-3
2021-11-12 15:40:09.950,17544,17545,17545,1,1
2021-11-12 15:40:09.951,17544,17545,17545,1,1
2021-11-12 15:40:10.224,17544,17545,17544,2,-2
2021-11-12 15:40:10.319,17544,17545,17545,1,1
2021-11-12 15:40:10.319,17544,17545,17545,1,1
2021-11-12 15:40:10.319,17544,17545,17546,1,1
2021-11-12 15:40:25.211,17544,17546,17544,1,-1
2021-11-12 15:40:31.517,17545,17546,17546,1,1
2021-11-12 15:40:47.370,17545,17546,17546,1,1
2021-11-12 15:40:47.443,17546,17548,17548,1,1
2021-11-12 15:40:47.444,17546,17548,17548,1,1
2021-11-12 15:40:48.360,17546,17548,17546,2,-2
2021-11-12 15:40:48.444,17545,17547,17547,1,1
2021-11-12 15:40:48.444,17545,17547,17547,1,1
2021-11-12 15:40:48.444,17545,17547,17547,1,1
2021-11-12 15:41:02.594,17546,17547,17547,3,3
2021-11-12 15:41:13.444,17546,17547,17547,1,1
2021-11-12 15:41:16.217,17546,17547,17546,1,-1
2021-11-12 15:41:21.254,17545,17547,17545,1,-1
2021-11-12 15:41:42.870,17545,17546,17545,1,-1
2021-11-12 15:41:58.911,17544,17546,17544,1,-1
2021-11-12 15:42:15.180,17544,17545,17544,1,-1
2021-11-12 15:42:16.416,17544,17545,17544,1,-1
2021-11-12 15:42:16.904,17544,17545,17544,6,-6
2021-11-12 15:42:20.246,17543,17545,17543,1,-1
2021-11-12 15:42:20.323,17543,17545,17543,2,-2
2021-11-12 15:42:20.339,17543,17545,17543,1,-1
2021-11-12 15:42:20.434,17543,17545,17543,1,-1
2021-11-12 15:42:23.961,17543,17544,17544,1,1
2021-11-12 15:42:31.192,17543,17544,17543,1,-1
2021-11-12 15:42:38.992,17543,17544,17543,2,-2
2021-11-12 15:42:45.146,17543,17544,17544,3,3
2021-11-12 15:42:59.852,17544,17545,17544,1,-1
2021-11-12 15:43:00.769,17544,17545,17544,5,-5
2021-11-12 15:43:09.758,17543,17544,17544,1,1
2021-11-12 15:43:23.722,17544,17545,17544,1,-1
2021-11-12 15:43:26.266,17544,17545,17545,2,2
2021-11-12 15:43:26.344,17545,17546,17546,1,1
2021-11-12 15:43:34.996,17545,17546,17545,1,-1
2021-11-12 15:43:34.996,17545,17546,17545,2,-2
2021-11-12 15:43:43.127,17544,17545,17545,1,1
2021-11-12 15:43:43.128,17544,17545,17545,1,1
2021-11-12 15:43:43.128,17544,17545,17545,1,1
2021-11-12 15:44:01.536,17544,17545,17545,1,1
2021-11-12 15:44:06.060,17545,17546,17546,1,1
2021-11-12 15:44:32.529,17545,17546,17546,1,1
2021-11-12 15:44:52.877,17545,17546,17545,1,-1
2021-11-12 15:44:54.479,17545,17546,17546,3,3
2021-11-12 15:45:03.259,17546,17547,17547,1,1
2021-11-12 15:45:03.638,17546,17547,17546,1,-1
2021-11-12 15:45:03.638,17546,17547,17545,7,-7
2021-11-12 15:45:03.872,17544,17546,17546,5,5
2021-11-12 15:45:17.475,17545,17546,17545,1,-1
2021-11-12 15:45:19.690,17544,17545,17544,5,-5
2021-11-12 15:45:23.724,17544,17545,17544,3,-3
2021-11-12 15:45:33.834,17543,17544,17544,1,1
2021-11-12 15:45:36.774,17543,17544,17544,1,1
2021-11-12 15:45:37.424,17543,17544,17543,9,-9
2021-11-12 15:45:38.805,17542,17543,17542,1,-1
2021-11-12 15:45:39.219,17542,17543,17542,5,-5
2021-11-12 15:45:39.220,17542,17543,17542,2,-2
2021-11-12 15:45:40.924,17541,17543,17541,1,-1
2021-11-12 15:45:42.540,17541,17542,17541,8,-8
2021-11-12 15:45:42.593,17540,17541,17540,4,-4
2021-11-12 15:45:42.703,17540,17541,17540,2,-2
2021-11-12 15:45:42.807,17540,17541,17540,1,-1
2021-11-12 15:45:43.192,17540,17541,17540,1,-1
2021-11-12 15:45:43.193,17540,17541,17540,9,-9
2021-11-12 15:45:43.273,17540,17541,17539,1,-1
2021-11-12 15:45:47.106,17539,17540,17539,1,-1
2021-11-12 15:45:47.438,17539,17540,17540,1,1
2021-11-12 15:45:48.882,17539,17540,17540,1,1
2021-11-12 15:45:49.067,17539,17540,17539,2,-2
2021-11-12 15:45:53.406,17539,17540,17540,1,1
2021-11-12 15:45:55.117,17539,17541,17539,1,-1
2021-11-12 15:45:57.659,17539,17540,17539,3,-3
2021-11-12 15:45:58.400,17538,17539,17539,6,6
2021-11-12 15:45:58.400,17538,17539,17540,5,5
2021-11-12 15:45:58.401,17538,17539,17539,1,1
2021-11-12 15:46:04.979,17539,17540,17539,1,-1
2021-11-12 15:46:05.253,17539,17540,17539,1,-1
2021-11-12 15:46:06.400,17539,17540,17540,1,1
2021-11-12 15:46:11.503,17539,17540,17540,1,1
2021-11-12 15:46:18.153,17539,17540,17540,1,1
2021-11-12 15:46:18.153,17539,17540,17540,3,3
2021-11-12 15:46:18.153,17539,17540,17540,6,6
2021-11-12 15:46:18.508,17540,17541,17540,2,-2
2021-11-12 15:46:19.986,17540,17541,17540,1,-1
2021-11-12 15:46:20.068,17540,17541,17541,1,1
2021-11-12 15:46:20.069,17540,17541,17541,1,1
2021-11-12 15:46:20.069,17540,17541,17541,1,1
2021-11-12 15:46:20.070,17540,17541,17541,1,1
2021-11-12 15:46:20.480,17540,17541,17541,1,1
2021-11-12 15:46:20.868,17540,17541,17540,1,-1
2021-11-12 15:46:21.145,17540,17541,17541,1,1
2021-11-12 15:46:21.146,17540,17541,17541,1,1
2021-11-12 15:46:23.955,17540,17541,17541,1,1
2021-11-12 15:46:24.009,17540,17541,17541,1,1
2021-11-12 15:46:26.160,17540,17541,17541,1,1
2021-11-12 15:46:42.922,17540,17541,17541,3,3
2021-11-12 15:46:45.455,17540,17541,17541,1,1
2021-11-12 15:46:47.895,17540,17541,17541,1,1
2021-11-12 15:46:50.035,17541,17542,17541,2,-2
2021-11-12 15:46:52.395,17540,17541,17541,1,1
2021-11-12 15:46:59.657,17540,17541,17540,6,-6
2021-11-12 15:46:59.657,17540,17541,17540,1,-1
2021-11-12 15:47:03.304,17540,17541,17540,1,-1
2021-11-12 15:47:06.087,17540,17541,17540,1,-1
2021-11-12 15:47:08.627,17540,17541,17540,1,-1
2021-11-12 15:47:11.303,17539,17541,17539,4,-4
2021-11-12 15:47:13.270,17540,17541,17540,1,-1
2021-11-12 15:47:22.294,17539,17540,17540,1,1
2021-11-12 15:47:30.795,17539,17540,17539,2,-2
2021-11-12 15:47:33.231,17539,17540,17540,1,1
2021-11-12 15:47:40.357,17539,17540,17539,1,-1
2021-11-12 15:47:42.263,17539,17540,17540,1,1
2021-11-12 15:47:42.304,17539,17540,17540,1,1
2021-11-12 15:47:45.040,17539,17540,17540,1,1
2021-11-12 15:47:45.649,17539,17540,17540,1,1
2021-11-12 15:47:49.436,17539,17540,17539,1,-1
2021-11-12 15:47:52.336,17539,17540,17539,1,-1
2021-11-12 15:47:57.045,17539,17540,17539,3,-3
2021-11-12 15:47:59.861,17539,17540,17539,3,-3
2021-11-12 15:48:01.553,17539,17540,17539,1,-1
2021-11-12 15:48:01.553,17539,17540,17538,1,-1
2021-11-12 15:48:01.906,17538,17540,17538,1,-1
2021-11-12 15:48:02.614,17538,17539,17538,5,-5
2021-11-12 15:48:02.615,17538,17539,17538,1,-1
2021-11-12 15:48:02.615,17538,17539,17538,3,-3
2021-11-12 15:48:02.615,17538,17539,17538,13,-13
2021-11-12 15:48:07.472,17537,17538,17538,1,1
2021-11-12 15:48:08.262,17538,17539,17538,1,-1
2021-11-12 15:48:09.475,17537,17538,17538,1,1
2021-11-12 15:48:10.762,17537,17538,17537,1,-1
2021-11-12 15:48:10.862,17537,17538,17537,1,-1
2021-11-12 15:48:10.996,17537,17538,17537,1,-1
2021-11-12 15:48:11.008,17537,17538,17537,1,-1
2021-11-12 15:48:13.744,17537,17538,17538,1,1
2021-11-12 15:48:17.296,17537,17538,17537,1,-1
2021-11-12 15:48:17.460,17537,17538,17538,1,1
2021-11-12 15:48:20.446,17537,17538,17537,2,-2
2021-11-12 15:48:23.401,17537,17538,17537,2,-2
2021-11-12 15:48:25.073,17536,17538,17538,1,1
2021-11-12 15:48:26.226,17536,17537,17537,1,1
2021-11-12 15:48:29.772,17536,17537,17537,1,1
2021-11-12 15:48:31.774,17536,17537,17536,1,-1
2021-11-12 15:48:31.837,17536,17537,17536,2,-2
2021-11-12 15:48:36.904,17536,17537,17536,1,-1
2021-11-12 15:48:39.072,17536,17537,17536,1,-1
2021-11-12 15:48:42.959,17536,17537,17537,1,1
2021-11-12 15:48:43.788,17536,17537,17536,7,-7
2021-11-12 15:48:45.721,17536,17537,17536,2,-2
2021-11-12 15:48:45.722,17536,17537,17536,1,-1
2021-11-12 15:48:45.722,17536,17537,17536,1,-1
2021-11-12 15:48:45.722,17536,17537,17536,1,-1
2021-11-12 15:48:45.722,17536,17537,17536,4,-4
2021-11-12 15:48:45.722,17536,17537,17536,1,-1
2021-11-12 15:48:46.619,17535,17537,17537,1,1
2021-11-12 15:48:48.156,17535,17536,17536,1,1
2021-11-12 15:48:50.611,17535,17536,17535,1,-1
2021-11-12 15:48:50.706,17535,17536,17535,1,-1
2021-11-12 15:48:50.721,17535,17536,17535,3,-3
2021-11-12 15:48:51.237,17535,17536,17535,1,-1
2021-11-12 15:48:51.238,17535,17536,17535,1,-1
2021-11-12 15:48:51.242,17535,17536,17535,1,-1
2021-11-12 15:48:51.244,17535,17536,17535,1,-1
2021-11-12 15:48:51.245,17535,17536,17535,1,-1
2021-11-12 15:48:51.245,17535,17536,17535,6,-6
2021-11-12 15:48:51.245,17535,17536,17535,1,-1
2021-11-12 15:48:52.270,17534,17535,17534,2,-2
2021-11-12 15:48:52.339,17534,17535,17534,2,-2
2021-11-12 15:48:53.434,17534,17535,17534,1,-1
2021-11-12 15:48:53.557,17534,17535,17535,1,1
2021-11-12 15:48:55.464,17535,17536,17535,1,-1
2021-11-12 15:48:56.974,17535,17536,17536,1,1
2021-11-12 15:48:57.301,17535,17536,17535,1,-1
2021-11-12 15:48:57.341,17535,17536,17535,2,-2
2021-11-12 15:48:59.173,17535,17536,17535,2,-2
2021-11-12 15:49:01.368,17535,17536,17535,1,-1
2021-11-12 15:49:04.006,17534,17536,17534,1,-1
2021-11-12 15:49:05.522,17535,17536,17535,1,-1
2021-11-12 15:49:07.305,17534,17535,17534,5,-5
2021-11-12 15:49:07.482,17534,17535,17534,5,-5
2021-11-12 15:49:27.117,17534,17535,17535,10,10
2021-11-12 15:49:31.410,17535,17536,17536,1,1
2021-11-12 15:49:33.669,17535,17536,17536,1,1
2021-11-12 15:49:35.108,17535,17536,17535,1,-1
2021-11-12 15:49:35.168,17535,17536,17535,1,-1
2021-11-12 15:49:35.218,17535,17536,17536,1,1
2021-11-12 15:49:35.915,17535,17536,17535,7,-7
2021-11-12 15:49:37.537,17534,17535,17535,1,1
2021-11-12 15:49:37.960,17534,17535,17535,1,1
2021-11-12 15:49:38.143,17534,17535,17535,1,1
2021-11-12 15:49:38.314,17534,17535,17535,2,2
2021-11-12 15:49:38.346,17534,17535,17535,1,1
2021-11-12 15:49:38.728,17534,17535,17535,1,1
2021-11-12 15:49:39.482,17534,17535,17535,1,1
2021-11-12 15:49:39.853,17534,17535,17535,1,1
2021-11-12 15:49:40.033,17534,17535,17534,10,-10
2021-11-12 15:49:43.480,17534,17535,17534,1,-1
2021-11-12 15:49:46.739,17534,17535,17534,1,-1
2021-11-12 15:49:48.526,17534,17535,17534,1,-1
2021-11-12 15:49:48.779,17534,17535,17534,1,-1
2021-11-12 15:49:58.194,17533,17534,17534,1,1
2021-11-12 15:49:59.723,17533,17534,17534,1,1
2021-11-12 15:50:02.946,17534,17535,17534,1,-1
2021-11-12 15:50:09.735,17533,17534,17533,1,-1
2021-11-12 15:50:13.771,17533,17534,17533,1,-1
2021-11-12 15:50:13.876,17533,17534,17533,1,-1
2021-11-12 15:50:13.978,17533,17534,17533,1,-1
2021-11-12 15:50:15.961,17533,17534,17533,3,-3
2021-11-12 15:50:16.098,17533,17534,17533,2,-2
2021-11-12 15:50:16.316,17532,17533,17533,1,1
2021-11-12 15:50:16.351,17532,17533,17533,1,1
2021-11-12 15:50:18.189,17532,17533,17533,4,4
2021-11-12 15:50:18.190,17532,17533,17533,2,2
2021-11-12 15:50:29.615,17532,17533,17533,1,1
2021-11-12 15:50:30.255,17532,17533,17532,2,-2
2021-11-12 15:50:30.378,17532,17533,17532,1,-1
2021-11-12 15:50:30.942,17532,17533,17533,1,1
2021-11-12 15:50:32.134,17532,17533,17532,1,-1
2021-11-12 15:50:32.336,17532,17533,17533,1,1
2021-11-12 15:50:34.716,17532,17533,17532,5,-5
2021-11-12 15:50:35.030,17532,17533,17532,1,-1
2021-11-12 15:50:35.308,17532,17533,17532,4,-4
2021-11-12 15:50:36.655,17531,17532,17532,1,1
2021-11-12 15:50:39.963,17532,17533,17533,2,2
2021-11-12 15:50:39.963,17532,17533,17533,1,1
2021-11-12 15:50:45.641,17533,17534,17533,1,-1
2021-11-12 15:50:55.861,17533,17534,17534,2,2
2021-11-12 15:50:57.008,17533,17534,17534,3,3
2021-11-12 15:50:57.279,17533,17534,17533,3,-3
2021-11-12 15:50:58.121,17533,17534,17534,2,2
2021-11-12 15:51:00.316,17534,17535,17535,4,4
2021-11-12 15:51:01.121,17534,17535,17535,1,1
2021-11-12 15:51:01.188,17534,17535,17535,1,1
2021-11-12 15:51:01.834,17534,17535,17535,2,2
2021-11-12 15:51:07.764,17534,17535,17535,1,1
2021-11-12 15:51:07.768,17534,17535,17535,1,1
2021-11-12 15:51:14.828,17534,17535,17534,1,-1
2021-11-12 15:51:14.832,17534,17535,17534,1,-1
2021-11-12 15:51:14.848,17534,17535,17534,3,-3
2021-11-12 15:51:20.750,17533,17534,17534,1,1
2021-11-12 15:51:22.284,17533,17534,17534,2,2
2021-11-12 15:51:25.865,17533,17535,17533,1,-1
2021-11-12 15:51:37.596,17533,17534,17534,1,1
2021-11-12 15:51:40.210,17533,17534,17534,1,1
2021-11-12 15:51:40.443,17533,17534,17533,1,-1
2021-11-12 15:51:40.562,17533,17534,17533,1,-1
2021-11-12 15:51:43.768,17533,17534,17534,1,1
2021-11-12 15:51:43.768,17533,17534,17535,4,4
2021-11-12 15:51:45.760,17534,17535,17534,3,-3
2021-11-12 15:51:46.108,17533,17535,17535,5,5
2021-11-12 15:51:47.146,17534,17536,17536,5,5
2021-11-12 15:51:47.189,17534,17536,17535,1,1
2021-11-12 15:51:53.777,17535,17536,17535,1,-1
2021-11-12 15:52:00.210,17535,17536,17535,1,-1
2021-11-12 15:52:03.024,17534,17536,17534,1,-1
2021-11-12 15:52:07.551,17534,17536,17536,2,2
2021-11-12 15:52:20.501,17535,17536,17535,1,-1
2021-11-12 15:52:25.667,17535,17536,17536,5,5
2021-11-12 15:52:25.773,17535,17536,17536,1,1
2021-11-12 15:52:25.963,17535,17536,17536,2,2
2021-11-12 15:52:25.963,17535,17536,17537,1,1
2021-11-12 15:52:26.255,17535,17537,17537,1,1
2021-11-12 15:52:40.516,17536,17537,17536,1,-1
2021-11-12 15:52:46.935,17536,17537,17537,1,1
2021-11-12 15:52:54.124,17536,17537,17537,1,1
2021-11-12 15:53:00.963,17537,17538,17538,10,10
2021-11-12 15:53:00.964,17537,17538,17538,2,2
2021-11-12 15:53:02.095,17537,17539,17538,1,1
2021-11-12 15:53:03.617,17538,17539,17538,1,-1
2021-11-12 15:53:03.617,17538,17539,17537,4,-4
2021-11-12 15:53:21.157,17537,17538,17537,2,-2
2021-11-12 15:53:21.938,17537,17538,17537,2,-2
2021-11-12 15:53:24.567,17536,17537,17537,1,1
2021-11-12 15:53:31.126,17536,17538,17536,1,-1
2021-11-12 15:53:40.155,17536,17537,17536,4,-4
2021-11-12 15:53:51.946,17536,17537,17536,3,-3
2021-11-12 15:53:53.624,17535,17536,17536,1,1
2021-11-12 15:54:14.675,17535,17536,17535,12,-12
2021-11-12 15:54:15.435,17534,17535,17534,2,-2
2021-11-12 15:54:21.550,17534,17535,17534,4,-4
2021-11-12 15:54:23.525,17533,17535,17533,1,-1
2021-11-12 15:54:26.633,17533,17534,17534,4,4
2021-11-12 15:54:29.662,17533,17535,17535,1,1
2021-11-12 15:54:31.984,17533,17535,17533,1,-1
2021-11-12 15:54:33.744,17533,17535,17533,1,-1
2021-11-12 15:54:40.532,17533,17534,17533,1,-1
2021-11-12 15:54:40.544,17533,17534,17533,1,-1
2021-11-12 15:54:45.659,17533,17534,17533,1,-1
2021-11-12 15:54:51.108,17533,17534,17533,1,-1
2021-11-12 15:54:57.513,17533,17534,17533,1,-1
2021-11-12 15:54:59.924,17533,17534,17534,6,6
2021-11-12 15:55:11.199,17535,17536,17535,1,-1
2021-11-12 15:55:11.681,17534,17535,17534,1,-1
2021-11-12 15:55:12.652,17534,17535,17535,1,1
2021-11-12 15:55:12.881,17534,17535,17535,1,1
2021-11-12 15:55:31.234,17535,17536,17535,1,-1
2021-11-12 15:55:34.701,17534,17535,17535,1,1
2021-11-12 15:55:43.405,17534,17535,17535,1,1
2021-11-12 15:55:47.174,17534,17535,17535,2,2
2021-11-12 15:55:50.553,17535,17536,17536,2,2
2021-11-12 15:56:24.641,17536,17537,17536,1,-1
2021-11-12 15:56:44.411,17535,17536,17535,1,-1
2021-11-12 15:56:53.484,17535,17536,17535,1,-1
2021-11-12 15:56:53.498,17535,17536,17535,1,-1
2021-11-12 15:56:54.756,17535,17536,17535,1,-1
2021-11-12 15:57:02.590,17534,17535,17534,1,-1
2021-11-12 15:57:03.059,17534,17535,17534,3,-3
2021-11-12 15:57:03.134,17534,17535,17534,1,-1
2021-11-12 15:57:08.971,17533,17535,17533,1,-1
2021-11-12 15:57:15.955,17534,17535,17534,1,-1
2021-11-12 15:57:27.876,17533,17535,17535,1,1
2021-11-12 15:57:28.350,17534,17535,17534,3,-3
2021-11-12 15:57:28.350,17534,17535,17534,1,-1
2021-11-12 15:58:49.293,17534,17535,17535,1,1
2021-11-12 15:58:49.294,17534,17535,17535,4,4
2021-11-12 15:58:50.007,17535,17537,17535,1,-1
2021-11-12 15:58:58.582,17535,17536,17536,1,1
2021-11-12 15:59:03.500,17535,17536,17536,1,1
2021-11-12 15:59:08.248,17536,17537,17537,3,3
2021-11-12 15:59:15.513,17537,17538,17538,1,1
2021-11-12 15:59:18.301,17537,17538,17538,1,1
2021-11-12 15:59:20.494,17537,17538,17538,1,1
2021-11-12 15:59:27.163,17537,17538,17538,2,2
2021-11-12 15:59:27.303,17537,17538,17538,1,1
2021-11-12 15:59:30.936,17537,17538,17538,1,1
2021-11-12 15:59:35.861,17537,17538,17538,1,1
2021-11-12 15:59:42.338,17537,17538,17537,4,-4
2021-11-12 15:59:47.667,17537,17538,17538,5,5
2021-11-12 15:59:55.172,17538,17539,17539,2,2
2021-11-12 15:59:55.172,17538,17539,17539,1,1
2021-11-12 15:59:55.451,17538,17539,17539,1,1
2021-11-12 15:59:55.451,17538,17539,17539,1,1
2021-11-12 15:59:55.452,17538,17539,17539,4,4
2021-11-12 15:59:57.611,17539,17540,17540,2,2
2021-11-12 15:59:57.767,17539,17540,17540,1,1
2021-11-12 15:59:57.767,17539,17540,17540,1,1
2021-11-12 15:59:57.768,17539,17540,17540,1,1
2021-11-12 15:59:57.768,17539,17540,17540,1,1
2021-11-12 15:59:57.768,17539,17540,17540,1,1
2021-11-12 15:59:57.768,17539,17540,17540,6,6
2021-11-12 15:59:57.949,17540,17541,17540,1,-1
2021-11-12 16:00:04.905,17540,17541,17540,1,-1
2021-11-12 16:00:05.085,17540,17541,17540,4,-4
2021-11-12 16:00:05.304,17540,17541,17540,5,-5
2021-11-12 16:00:05.304,17540,17541,17539,3,-3
2021-11-12 16:00:07.324,17539,17540,17540,1,1
2021-11-12 16:00:13.725,17540,17541,17541,3,3
2021-11-12 16:00:13.838,17540,17541,17541,2,2
2021-11-12 16:00:13.838,17540,17541,17542,2,2
2021-11-12 16:00:18.210,17540,17542,17542,1,1
2021-11-12 16:00:18.845,17540,17542,17542,5,5
2021-11-12 16:00:20.487,17541,17542,17542,5,5
2021-11-12 16:00:21.798,17541,17542,17541,1,-1
2021-11-12 16:00:24.306,17540,17541,17541,1,1
2021-11-12 16:00:25.799,17541,17542,17542,2,2
2021-11-12 16:00:29.549,17542,17543,17543,2,2
2021-11-12 16:00:32.884,17543,17544,17544,5,5
2021-11-12 16:00:33.207,17543,17544,17544,3,3
2021-11-12 16:00:33.634,17543,17544,17544,1,1
2021-11-12 16:00:39.932,17543,17544,17544,1,1
2021-11-12 16:00:41.296,17543,17545,17545,2,2
2021-11-12 16:00:46.822,17544,17545,17544,7,-7
2021-11-12 16:00:48.364,17543,17544,17544,1,1
2021-11-12 16:00:48.529,17543,17544,17544,2,2
2021-11-12 16:00:48.529,17543,17544,17545,3,3
2021-11-12 16:00:52.363,17543,17544,17543,1,-1
2021-11-12 16:00:54.972,17543,17545,17545,2,2
2021-11-12 16:00:58.098,17544,17545,17545,2,2
2021-11-12 16:01:00.238,17544,17545,17545,1,1
2021-11-12 16:01:00.855,17544,17546,17546,1,1
2021-11-12 16:01:05.718,17544,17545,17545,1,1
2021-11-12 16:01:06.138,17544,17546,17546,2,2
2021-11-12 16:01:06.255,17544,17546,17546,1,1
2021-11-12 16:01:06.654,17544,17546,17545,1,1
2021-11-12 16:01:07.149,17544,17546,17546,1,1
2021-11-12 16:01:08.155,17544,17545,17545,1,1
2021-11-12 16:01:11.849,17544,17546,17544,1,-1
2021-11-12 16:01:14.965,17544,17545,17544,1,-1
2021-11-12 16:01:20.763,17544,17545,17545,1,1
2021-11-12 16:01:22.167,17544,17545,17545,1,1
2021-11-12 16:01:22.167,17544,17545,17545,1,1
2021-11-12 16:01:22.167,17544,17545,17545,1,1
2021-11-12 16:01:22.193,17544,17545,17545,1,1
2021-11-12 16:01:22.194,17544,17545,17545,1,1
2021-11-12 16:01:34.228,17544,17545,17545,2,2
2021-11-12 16:01:35.518,17544,17545,17545,1,1
2021-11-12 16:01:41.167,17545,17546,17546,4,4
2021-11-12 16:01:41.167,17545,17546,17546,1,1
2021-11-12 16:01:41.167,17545,17546,17546,1,1
2021-11-12 16:01:47.608,17546,17547,17547,8,8
2021-11-12 16:01:47.608,17546,17547,17547,1,1
2021-11-12 16:01:47.608,17546,17547,17547,2,2
2021-11-12 16:01:47.609,17546,17547,17547,1,1
2021-11-12 16:01:47.693,17547,17548,17548,1,1
2021-11-12 16:01:48.059,17547,17548,17548,4,4
2021-11-12 16:01:49.563,17547,17548,17548,1,1
2021-11-12 16:01:49.563,17547,17548,17548,1,1
2021-11-12 16:01:50.497,17548,17549,17549,1,1
2021-11-12 16:01:50.645,17548,17549,17549,7,7
2021-11-12 16:01:50.646,17548,17549,17549,1,1
2021-11-12 16:01:51.471,17548,17549,17549,1,1
2021-11-12 16:01:56.010,17548,17549,17548,6,-6
2021-11-12 16:01:57.191,17546,17548,17548,1,1
2021-11-12 16:01:57.411,17547,17548,17547,1,-1
2021-11-12 16:02:00.329,17547,17548,17547,1,-1
2021-11-12 16:02:01.041,17546,17547,17546,1,-1
2021-11-12 16:02:04.371,17545,17547,17545,1,-1
2021-11-12 16:02:06.991,17544,17545,17545,1,1
2021-11-12 16:02:08.153,17544,17545,17545,1,1
2021-11-12 16:02:10.035,17544,17545,17545,1,1
2021-11-12 16:02:11.957,17544,17545,17545,1,1
2021-11-12 16:02:12.747,17544,17546,17544,3,-3
2021-11-12 16:02:12.863,17544,17546,17546,1,1
2021-11-12 16:02:16.395,17545,17546,17546,1,1
2021-11-12 16:02:23.608,17546,17547,17546,2,-2
2021-11-12 16:02:26.869,17545,17546,17545,2,-2
2021-11-12 16:02:26.870,17545,17546,17545,2,-2
2021-11-12 16:02:29.514,17544,17545,17545,1,1
2021-11-12 16:02:32.272,17544,17545,17544,6,-6
2021-11-12 16:02:34.772,17543,17545,17545,3,3
2021-11-12 16:02:58.504,17545,17546,17545,1,-1
2021-11-12 16:03:01.462,17545,17546,17545,1,-1
2021-11-12 16:03:02.808,17544,17545,17545,1,1
2021-11-12 16:03:03.631,17544,17545,17545,1,1
2021-11-12 16:03:10.137,17545,17546,17546,1,1
2021-11-12 16:03:17.311,17545,17546,17546,4,4
2021-11-12 16:03:17.311,17545,17546,17546,1,1
2021-11-12 16:03:17.376,17545,17547,17545,1,-1
2021-11-12 16:03:20.524,17545,17547,17546,2,2
2021-11-12 16:03:20.713,17545,17546,17546,1,1
2021-11-12 16:03:25.050,17545,17546,17546,1,1
2021-11-12 16:03:38.936,17546,17547,17547,1,1
2021-11-12 16:03:38.936,17546,17547,17547,3,3
2021-11-12 16:03:38.936,17546,17547,17547,4,4
2021-11-12 16:03:47.535,17547,17548,17547,1,-1
2021-11-12 16:03:55.253,17546,17547,17547,2,2
2021-11-12 16:03:58.789,17546,17547,17546,1,-1
2021-11-12 16:04:29.028,17546,17547,17547,2,2
2021-11-12 16:04:29.294,17546,17547,17547,1,1
2021-11-12 16:04:40.717,17546,17547,17547,1,1
2021-11-12 16:04:46.848,17546,17547,17546,3,-3
2021-11-12 16:04:50.427,17546,17547,17547,1,1
2021-11-12 16:04:50.427,17546,17547,17547,1,1
2021-11-12 16:04:50.427,17546,17547,17547,1,1
2021-11-12 16:04:50.427,17546,17547,17547,1,1
2021-11-12 16:04:50.428,17546,17547,17547,1,1
2021-11-12 16:04:50.428,17546,17547,17547,8,8
2021-11-12 16:04:50.653,17547,17548,17548,1,1
2021-11-12 16:04:50.719,17547,17548,17548,1,1
2021-11-12 16:04:50.726,17547,17548,17548,2,2
2021-11-12 16:04:53.896,17547,17548,17548,1,1
2021-11-12 16:04:53.897,17547,17548,17548,1,1
2021-11-12 16:04:53.897,17547,17548,17548,1,1
2021-11-12 16:04:53.897,17547,17548,17548,1,1
2021-11-12 16:04:53.897,17547,17548,17548,4,4
2021-11-12 16:04:54.671,17548,17549,17549,2,2
2021-11-12 16:04:55.384,17548,17549,17548,2,-2
2021-11-12 16:04:55.407,17548,17549,17549,2,2
2021-11-12 16:04:58.686,17548,17549,17548,3,-3
2021-11-12 16:05:03.686,17548,17549,17548,1,-1
2021-11-12 16:05:11.430,17548,17549,17549,1,1
2021-11-12 16:05:11.430,17548,17549,17549,1,1
2021-11-12 16:05:11.430,17548,17549,17549,4,4
2021-11-12 16:05:11.430,17548,17549,17549,4,4
2021-11-12 16:05:11.430,17548,17549,17549,3,3
2021-11-12 16:05:11.478,17549,17550,17550,1,1
2021-11-12 16:05:11.542,17549,17550,17550,2,2
2021-11-12 16:05:11.620,17549,17550,17550,1,1
2021-11-12 16:05:12.119,17549,17550,17550,2,2
2021-11-12 16:05:12.193,17549,17550,17550,1,1
2021-11-12 16:05:12.193,17549,17550,17550,1,1
2021-11-12 16:05:12.194,17549,17550,17550,1,1
2021-11-12 16:05:12.194,17549,17550,17550,1,1
2021-11-12 16:05:12.194,17549,17550,17550,1,1
2021-11-12 16:05:12.194,17549,17550,17550,1,1
2021-11-12 16:05:12.194,17549,17550,17550,17,17
2021-11-12 16:05:12.194,17549,17550,17551,1,1
2021-11-12 16:05:12.194,17549,17550,17551,1,1
2021-11-12 16:05:12.195,17549,17550,17551,1,1
2021-11-12 16:05:12.195,17549,17550,17551,1,1
2021-11-12 16:05:12.195,17549,17550,17551,1,1
2021-11-12 16:05:12.196,17549,17550,17551,1,1
2021-11-12 16:05:12.196,17549,17550,17551,1,1
2021-11-12 16:05:12.196,17549,17550,17551,1,1
2021-11-12 16:05:12.196,17549,17550,17551,1,1
2021-11-12 16:05:12.231,17549,17550,17551,2,2
2021-11-12 16:05:12.231,17549,17550,17551,1,1
2021-11-12 16:05:13.313,17550,17551,17550,5,-5
2021-11-12 16:05:13.559,17549,17551,17549,1,-1
2021-11-12 16:05:18.520,17550,17551,17550,1,-1
2021-11-12 16:05:23.645,17550,17551,17550,2,-2
2021-11-12 16:05:23.693,17550,17551,17551,1,1
2021-11-12 16:05:23.693,17550,17551,17551,1,1
2021-11-12 16:05:23.693,17550,17551,17551,1,1
2021-11-12 16:05:23.694,17550,17551,17551,1,1
2021-11-12 16:05:23.694,17550,17551,17551,1,1
2021-11-12 16:05:23.694,17550,17551,17552,1,1
2021-11-12 16:05:23.695,17550,17551,17552,1,1
2021-11-12 16:05:23.695,17550,17551,17552,1,1
2021-11-12 16:05:23.695,17550,17551,17552,1,1
2021-11-12 16:05:23.695,17550,17551,17552,1,1
2021-11-12 16:05:23.695,17550,17551,17552,1,1
2021-11-12 16:05:23.697,17550,17551,17552,1,1
2021-11-12 16:05:23.837,17551,17552,17552,2,2
2021-11-12 16:05:23.911,17551,17552,17552,1,1
2021-11-12 16:05:24.046,17551,17552,17552,1,1
2021-11-12 16:05:24.093,17551,17553,17553,1,1
2021-11-12 16:05:25.894,17551,17553,17551,1,-1
2021-11-12 16:05:26.493,17551,17552,17551,1,-1
2021-11-12 16:05:30.224,17551,17552,17551,1,-1
2021-11-12 16:05:30.319,17550,17552,17552,1,1
2021-11-12 16:05:30.319,17550,17552,17552,1,1
2021-11-12 16:05:32.738,17550,17552,17552,2,2
2021-11-12 16:05:39.000,17552,17553,17552,1,-1
2021-11-12 16:05:39.350,17551,17553,17553,1,1
2021-11-12 16:05:41.380,17552,17553,17552,5,-5
2021-11-12 16:05:41.444,17550,17552,17552,1,1
2021-11-12 16:05:41.444,17550,17552,17552,1,1
2021-11-12 16:05:45.115,17551,17552,17552,1,1
2021-11-12 16:05:45.323,17551,17552,17552,5,5
2021-11-12 16:05:46.504,17551,17552,17551,5,-5
2021-11-12 16:05:46.576,17550,17552,17552,1,1
2021-11-12 16:05:47.447,17550,17552,17550,1,-1
2021-11-12 16:05:47.666,17550,17552,17550,1,-1
2021-11-12 16:05:48.797,17550,17552,17552,1,1
2021-11-12 16:05:54.184,17550,17551,17551,1,1
2021-11-12 16:05:54.334,17551,17552,17552,2,2
2021-11-12 16:05:55.228,17551,17552,17552,1,1
2021-11-12 16:05:55.229,17551,17552,17552,1,1
2021-11-12 16:05:55.229,17551,17552,17552,1,1
2021-11-12 16:05:55.649,17552,17553,17552,1,-1
2021-11-12 16:05:56.070,17551,17553,17551,1,-1
2021-11-12 16:06:00.437,17551,17552,17552,5,5
2021-11-12 16:06:00.948,17552,17553,17552,2,-2
2021-11-12 16:06:00.948,17552,17553,17551,1,-1
2021-11-12 16:06:21.171,17550,17552,17552,2,2
2021-11-12 16:06:29.550,17550,17551,17551,1,1
2021-11-12 16:06:29.569,17550,17552,17552,1,1
2021-11-12 16:06:29.569,17550,17552,17552,1,1
2021-11-12 16:06:29.569,17550,17552,17552,1,1
2021-11-12 16:06:29.704,17551,17552,17552,2,2
2021-11-12 16:06:31.864,17551,17553,17551,1,-1
2021-11-12 16:06:32.609,17551,17553,17551,1,-1
2021-11-12 16:06:46.592,17551,17552,17552,2,2
2021-11-12 16:06:55.683,17551,17552,17552,1,1
2021-11-12 16:07:02.036,17551,17552,17552,11,11
2021-11-12 16:07:02.070,17552,17553,17553,1,1
2021-11-12 16:07:02.070,17552,17553,17553,1,1
2021-11-12 16:07:02.071,17552,17553,17553,1,1
2021-11-12 16:07:02.082,17552,17553,17553,3,3
2021-11-12 16:07:05.674,17552,17553,17552,1,-1
2021-11-12 16:07:05.693,17552,17553,17553,1,1
2021-11-12 16:07:05.693,17552,17553,17553,1,1
2021-11-12 16:07:05.844,17552,17553,17552,1,-1
2021-11-12 16:07:18.472,17552,17553,17552,1,-1
2021-11-12 16:07:21.378,17552,17553,17552,2,-2
2021-11-12 16:07:21.443,17551,17552,17552,1,1
2021-11-12 16:07:21.443,17551,17552,17552,1,1
2021-11-12 16:07:31.787,17551,17552,17552,1,1
2021-11-12 16:07:33.595,17551,17552,17551,4,-4
2021-11-12 16:07:33.693,17550,17551,17551,1,1
2021-11-12 16:07:33.694,17550,17551,17552,1,1
2021-11-12 16:07:33.694,17550,17551,17552,1,1
2021-11-12 16:07:33.694,17550,17551,17552,1,1
2021-11-12 16:07:33.695,17550,17551,17552,1,1
2021-11-12 16:07:33.697,17550,17551,17552,1,1
2021-11-12 16:07:33.697,17550,17551,17552,1,1
2021-11-12 16:07:37.500,17551,17552,17551,5,-5
2021-11-12 16:07:49.680,17550,17551,17551,1,1
2021-11-12 16:07:58.229,17550,17551,17550,5,-5
2021-11-12 16:07:58.550,17550,17551,17551,3,3
2021-11-12 16:08:01.643,17550,17551,17550,5,-5
2021-11-12 16:08:07.229,17550,17551,17550,1,-1
2021-11-12 16:08:07.475,17549,17550,17550,1,1
2021-11-12 16:08:07.649,17549,17550,17550,1,1
2021-11-12 16:08:08.632,17549,17550,17550,1,1
2021-11-12 16:08:09.144,17549,17550,17550,1,1
2021-11-12 16:08:09.441,17549,17550,17550,1,1
2021-11-12 16:08:11.022,17550,17551,17550,1,-1
2021-11-12 16:08:18.093,17550,17551,17550,3,-3
2021-11-12 16:08:18.134,17550,17551,17550,3,-3
2021-11-12 16:08:19.686,17549,17550,17550,1,1
2021-11-12 16:08:19.694,17549,17551,17551,1,1
2021-11-12 16:08:19.694,17549,17551,17551,1,1
2021-11-12 16:08:25.072,17550,17551,17550,9,-9
2021-11-12 16:08:30.133,17549,17550,17550,1,1
2021-11-12 16:08:30.882,17549,17550,17550,1,1
2021-11-12 16:08:30.896,17549,17550,17550,1,1
2021-11-12 16:08:31.634,17549,17550,17550,1,1
2021-11-12 16:08:32.263,17549,17550,17549,5,-5
2021-11-12 16:08:33.394,17549,17550,17550,1,1
2021-11-12 16:08:33.631,17549,17550,17550,1,1
2021-11-12 16:08:34.899,17549,17550,17550,1,1
2021-11-12 16:08:38.492,17549,17550,17549,5,-5
2021-11-12 16:08:38.641,17548,17550,17548,1,-1
2021-11-12 16:08:38.734,17548,17549,17549,1,1
2021-11-12 16:08:40.534,17549,17550,17550,1,1
2021-11-12 16:08:40.798,17549,17550,17549,5,-5
2021-11-12 16:08:42.298,17549,17550,17550,2,2
2021-11-12 16:08:42.873,17549,17550,17550,1,1
2021-11-12 16:08:44.774,17549,17550,17549,1,-1
2021-11-12 16:08:46.151,17549,17550,17549,3,-3
2021-11-12 16:08:46.601,17548,17549,17549,2,2
2021-11-12 16:08:46.769,17548,17550,17550,2,2
2021-11-12 16:08:48.949,17549,17550,17550,1,1
2021-11-12 16:09:02.591,17549,17550,17550,4,4
2021-11-12 16:09:02.591,17549,17550,17550,5,5
2021-11-12 16:09:02.591,17549,17550,17550,1,1
2021-11-12 16:09:02.707,17550,17551,17551,2,2
2021-11-12 16:09:02.753,17550,17551,17551,2,2
2021-11-12 16:09:03.126,17550,17551,17551,3,3
2021-11-12 16:09:04.739,17550,17551,17551,1,1
2021-11-12 16:09:06.046,17550,17551,17550,5,-5
2021-11-12 16:09:08.448,17550,17551,17550,4,-4
2021-11-12 16:09:09.353,17549,17550,17550,1,1
2021-11-12 16:09:11.172,17549,17550,17550,1,1
2021-11-12 16:09:13.278,17549,17550,17550,1,1
2021-11-12 16:09:14.723,17549,17550,17550,1,1
2021-11-12 16:09:15.093,17549,17550,17549,1,-1
2021-11-12 16:09:15.093,17549,17550,17549,1,-1
2021-11-12 16:09:15.093,17549,17550,17549,4,-4
2021-11-12 16:09:15.919,17548,17550,17550,1,1
2021-11-12 16:09:23.224,17549,17550,17549,1,-1
2021-11-12 16:09:25.174,17548,17549,17548,2,-2
2021-11-12 16:09:25.174,17548,17549,17548,3,-3
2021-11-12 16:09:25.174,17548,17549,17548,2,-2
2021-11-12 16:09:27.686,17547,17548,17548,1,1
2021-11-12 16:09:32.871,17547,17548,17548,2,2
2021-11-12 16:09:42.240,17548,17549,17548,1,-1
2021-11-12 16:09:42.794,17548,17549,17549,1,1
2021-11-12 16:09:43.671,17548,17549,17548,4,-4
2021-11-12 16:09:48.553,17548,17549,17549,1,1
2021-11-12 16:09:48.553,17548,17549,17549,1,1
2021-11-12 16:09:48.559,17548,17549,17549,1,1
2021-11-12 16:09:48.559,17548,17549,17549,1,1
2021-11-12 16:09:48.559,17548,17549,17549,2,2
2021-11-12 16:09:51.191,17549,17550,17550,1,1
2021-11-12 16:09:57.034,17548,17549,17548,5,-5
2021-11-12 16:10:01.464,17548,17549,17549,1,1
2021-11-12 16:10:03.413,17548,17549,17548,5,-5
2021-11-12 16:10:12.231,17548,17549,17549,1,1
2021-11-12 16:10:17.399,17547,17548,17548,1,1
2021-11-12 16:10:20.418,17547,17548,17548,1,1
2021-11-12 16:10:26.653,17548,17549,17548,1,-1
2021-11-12 16:10:33.189,17547,17548,17548,1,1
2021-11-12 16:10:35.232,17547,17548,17548,1,1
2021-11-12 16:10:36.185,17547,17548,17547,3,-3
2021-11-12 16:10:42.813,17546,17548,17546,1,-1
2021-11-12 16:10:45.411,17546,17548,17547,1,1
2021-11-12 16:10:52.834,17546,17547,17547,1,1
2021-11-12 16:10:53.564,17547,17548,17548,2,2
2021-11-12 16:10:54.235,17547,17548,17548,1,1
2021-11-12 16:11:03.429,17547,17548,17547,1,-1
2021-11-12 16:11:17.766,17546,17548,17547,1,1
2021-11-12 16:11:22.105,17546,17547,17547,1,1
2021-11-12 16:11:24.143,17547,17548,17548,1,1
2021-11-12 16:11:27.501,17548,17549,17549,1,1
2021-11-12 16:11:27.501,17548,17549,17549,2,2
2021-11-12 16:11:27.501,17548,17549,17549,4,4
2021-11-12 16:11:28.049,17548,17550,17548,1,-1
2021-11-12 16:11:30.617,17548,17550,17550,2,2
2021-11-12 16:11:30.684,17548,17550,17548,1,-1
2021-11-12 16:11:32.436,17548,17550,17550,1,1
2021-11-12 16:11:36.548,17548,17550,17550,1,1
2021-11-12 16:12:09.412,17548,17549,17548,1,-1
2021-11-12 16:12:09.412,17548,17549,17548,1,-1
2021-11-12 16:12:09.690,17546,17548,17546,8,-8
2021-11-12 16:12:25.882,17547,17548,17547,1,-1
2021-11-12 16:12:27.676,17547,17548,17547,2,-2
2021-11-12 16:12:36.451,17547,17548,17547,1,-1
2021-11-12 16:12:36.451,17547,17548,17547,1,-1
2021-11-12 16:12:37.290,17546,17548,17546,3,-3
2021-11-12 16:12:39.243,17546,17547,17546,2,-2
2021-11-12 16:12:39.243,17546,17547,17545,1,-1
2021-11-12 16:12:44.833,17546,17547,17546,1,-1
2021-11-12 16:13:11.458,17545,17546,17545,1,-1
2021-11-12 16:13:12.706,17545,17546,17546,1,1
2021-11-12 16:13:43.491,17545,17546,17545,6,-6
2021-11-12 16:13:43.492,17545,17546,17545,3,-3
2021-11-12 16:13:43.492,17545,17546,17545,1,-1
2021-11-12 16:14:24.352,17544,17545,17544,1,-1
2021-11-12 16:14:29.139,17544,17545,17545,1,1
2021-11-12 16:14:40.457,17544,17545,17545,1,1
2021-11-12 16:14:40.457,17544,17545,17545,3,3
2021-11-12 16:14:40.457,17544,17545,17545,3,3
2021-11-12 16:14:40.965,17545,17546,17545,1,-1
2021-11-12 16:14:43.621,17544,17545,17545,6,6
2021-11-12 16:14:46.462,17545,17546,17545,5,-5
2021-11-12 16:14:49.386,17545,17546,17545,12,-12
2021-11-12 16:14:49.478,17544,17545,17545,1,1
2021-11-12 16:14:49.931,17544,17545,17544,1,-1
2021-11-12 16:14:49.931,17544,17545,17544,5,-5
2021-11-12 16:14:49.954,17543,17544,17543,1,-1
2021-11-12 16:14:49.954,17543,17544,17543,1,-1
2021-11-12 16:14:51.346,17543,17544,17543,2,-2
2021-11-12 16:14:51.949,17543,17544,17543,2,-2
2021-11-12 16:14:51.950,17543,17544,17543,1,-1
2021-11-12 16:14:51.950,17543,17544,17543,1,-1
2021-11-12 16:14:58.733,17542,17543,17542,2,-2
2021-11-12 16:14:58.889,17542,17543,17543,1,1
2021-11-12 16:15:00.599,17542,17543,17542,2,-2
2021-11-12 16:15:00.600,17542,17543,17542,2,-2
2021-11-12 16:15:01.189,17541,17542,17541,2,-2
2021-11-12 16:15:01.204,17541,17542,17541,1,-1
2021-11-12 16:15:01.837,17541,17542,17541,2,-2
2021-11-12 16:15:02.048,17541,17542,17541,1,-1
2021-11-12 16:15:02.412,17540,17541,17540,1,-1
2021-11-12 16:15:03.280,17540,17541,17541,1,1
2021-11-12 16:15:04.396,17540,17541,17541,1,1
2021-11-12 16:15:08.197,17540,17541,17541,1,1
2021-11-12 16:15:08.795,17541,17542,17541,1,-1
2021-11-12 16:15:12.121,17541,17542,17541,1,-1
2021-11-12 16:15:13.293,17541,17542,17542,1,1
2021-11-12 16:15:13.391,17541,17542,17541,1,-1
2021-11-12 16:15:20.522,17540,17541,17540,2,-2
2021-11-12 16:15:23.339,17540,17541,17541,1,1
2021-11-12 16:15:28.012,17540,17541,17541,2,2
2021-11-12 16:15:28.012,17540,17541,17541,1,1
2021-11-12 16:15:29.309,17541,17542,17541,2,-2
2021-11-12 16:15:29.310,17541,17542,17541,2,-2
2021-11-12 16:15:31.334,17540,17541,17541,1,1
2021-11-12 16:15:33.208,17540,17541,17541,2,2
2021-11-12 16:15:36.385,17541,17542,17541,3,-3
2021-11-12 16:15:47.284,17540,17541,17541,3,3
2021-11-12 16:15:50.322,17541,17542,17541,1,-1
2021-11-12 16:15:54.874,17541,17542,17542,1,1
2021-11-12 16:16:00.028,17541,17542,17541,1,-1
2021-11-12 16:16:00.376,17541,17542,17541,1,-1
2021-11-12 16:16:13.228,17541,17542,17542,1,1
2021-11-12 16:16:13.228,17541,17542,17542,1,1
2021-11-12 16:16:14.995,17541,17542,17541,3,-3
2021-11-12 16:16:15.069,17541,17542,17542,1,1
2021-11-12 16:16:15.069,17541,17542,17543,1,1
2021-11-12 16:16:15.170,17541,17542,17541,1,-1
2021-11-12 16:16:21.147,17542,17543,17542,1,-1
2021-11-12 16:16:24.823,17542,17543,17542,1,-1
2021-11-12 16:16:30.377,17541,17542,17542,1,1
2021-11-12 16:16:32.398,17541,17542,17542,1,1
2021-11-12 16:16:37.943,17541,17542,17541,1,-1
2021-11-12 16:16:37.943,17541,17542,17541,1,-1
2021-11-12 16:16:37.943,17541,17542,17541,2,-2
2021-11-12 16:16:41.040,17540,17541,17540,1,-1
2021-11-12 16:16:41.267,17540,17541,17541,1,1
2021-11-12 16:16:42.576,17540,17541,17541,1,1
2021-11-12 16:16:44.542,17540,17541,17541,1,1
2021-11-12 16:16:52.629,17540,17541,17541,1,1
2021-11-12 16:17:03.718,17540,17541,17540,1,-1
2021-11-12 16:17:06.983,17540,17541,17541,2,2
2021-11-12 16:17:23.989,17542,17543,17542,1,-1
2021-11-12 16:17:38.325,17542,17543,17542,1,-1
2021-11-12 16:17:44.817,17542,17543,17542,1,-1
2021-11-12 16:17:45.983,17542,17543,17543,2,2
2021-11-12 16:17:45.983,17542,17543,17543,2,2
2021-11-12 16:17:45.983,17542,17543,17543,4,4
2021-11-12 16:17:45.983,17542,17543,17543,1,1
2021-11-12 16:17:48.146,17543,17545,17545,1,1
2021-11-12 16:17:49.327,17543,17544,17544,1,1
2021-11-12 16:17:50.341,17544,17545,17545,1,1
2021-11-12 16:17:51.011,17544,17546,17544,1,-1
2021-11-12 16:17:54.727,17544,17545,17544,1,-1
2021-11-12 16:18:01.567,17543,17544,17543,1,-1
2021-11-12 16:18:02.469,17542,17544,17542,2,-2
2021-11-12 16:18:04.462,17541,17543,17541,1,-1
2021-11-12 16:18:17.600,17541,17543,17541,2,-2
2021-11-12 16:18:18.482,17541,17542,17541,1,-1
2021-11-12 16:18:30.956,17541,17542,17541,3,-3
2021-11-12 16:18:37.929,17540,17541,17541,1,1
2021-11-12 16:18:37.932,17540,17541,17542,1,1
2021-11-12 16:18:41.639,17540,17542,17542,1,1
2021-11-12 16:18:57.080,17541,17542,17542,1,1
2021-11-12 16:18:58.565,17541,17542,17542,1,1
2021-11-12 16:19:13.660,17541,17542,17541,5,-5
2021-11-12 16:19:20.064,17540,17541,17540,3,-3
2021-11-12 16:19:20.592,17540,17541,17540,1,-1
2021-11-12 16:19:22.631,17540,17541,17540,5,-5
2021-11-12 16:19:22.736,17540,17541,17540,1,-1
2021-11-12 16:19:22.836,17540,17541,17540,1,-1
2021-11-12 16:19:24.042,17539,17540,17540,1,1
2021-11-12 16:19:24.109,17539,17540,17540,1,1
2021-11-12 16:19:24.109,17539,17540,17540,1,1
2021-11-12 16:19:24.109,17539,17540,17540,1,1
2021-11-12 16:19:26.334,17540,17541,17540,2,-2
2021-11-12 16:19:35.030,17539,17540,17540,1,1
2021-11-12 16:19:51.687,17539,17540,17540,5,5
2021-11-12 16:19:56.158,17539,17540,17540,1,1
2021-11-12 16:20:06.162,17539,17540,17540,1,1
2021-11-12 16:20:06.491,17540,17541,17541,2,2
2021-11-12 16:20:07.653,17540,17541,17540,1,-1
2021-11-12 16:20:26.568,17539,17540,17540,2,2
2021-11-12 16:20:32.954,17539,17540,17540,1,1
2021-11-12 16:20:36.067,17539,17540,17540,1,1
2021-11-12 16:20:36.409,17539,17540,17540,1,1
2021-11-12 16:20:38.816,17540,17541,17540,1,-1
2021-11-12 16:20:39.036,17539,17540,17540,1,1
2021-11-12 16:20:43.486,17539,17540,17540,1,1
2021-11-12 16:20:54.349,17539,17540,17540,1,1
2021-11-12 16:20:58.216,17539,17540,17540,2,2
2021-11-12 16:21:02.440,17539,17540,17539,1,-1
2021-11-12 16:21:03.902,17539,17540,17540,5,5
2021-11-12 16:21:04.821,17540,17541,17540,1,-1
2021-11-12 16:21:08.979,17539,17540,17540,1,1
2021-11-12 16:21:45.871,17539,17540,17540,1,1
2021-11-12 16:21:50.600,17539,17540,17540,1,1
2021-11-12 16:21:56.741,17539,17540,17540,1,1
2021-11-12 16:22:09.028,17539,17540,17539,5,-5
2021-11-12 16:22:09.271,17539,17540,17539,5,-5
2021-11-12 16:22:12.822,17539,17540,17539,1,-1
2021-11-12 16:22:13.456,17539,17540,17539,4,-4
2021-11-12 16:22:13.854,17538,17539,17538,5,-5
2021-11-12 16:22:13.854,17538,17539,17538,9,-9
2021-11-12 16:22:13.854,17538,17539,17538,12,-12
2021-11-12 16:22:14.035,17537,17538,17538,3,3
2021-11-12 16:22:14.465,17537,17538,17537,5,-5
2021-11-12 16:22:14.574,17537,17538,17537,1,-1
2021-11-12 16:22:15.560,17537,17538,17537,1,-1
2021-11-12 16:22:17.132,17537,17538,17537,1,-1
2021-11-12 16:22:17.133,17537,17538,17537,1,-1
2021-11-12 16:22:17.157,17537,17538,17537,1,-1
2021-11-12 16:22:17.157,17537,17538,17537,1,-1
2021-11-12 16:22:17.157,17537,17538,17537,4,-4
2021-11-12 16:22:26.714,17536,17538,17536,2,-2
2021-11-12 16:22:26.880,17536,17538,17536,1,-1
2021-11-12 16:22:31.505,17536,17538,17536,1,-1
2021-11-12 16:22:33.847,17536,17538,17536,1,-1
2021-11-12 16:22:35.092,17537,17538,17538,1,1
2021-11-12 16:22:47.230,17539,17540,17540,16,16
2021-11-12 16:22:47.230,17539,17540,17541,9,9
2021-11-12 16:22:55.374,17540,17541,17541,1,1
2021-11-12 16:22:57.366,17540,17541,17541,1,1
2021-11-12 16:23:00.195,17540,17541,17541,1,1
2021-11-12 16:23:00.852,17540,17541,17541,5,5
2021-11-12 16:23:00.852,17540,17541,17541,11,11
2021-11-12 16:23:10.061,17541,17542,17542,2,2
2021-11-12 16:23:12.499,17541,17542,17542,1,1
2021-11-12 16:23:13.677,17541,17542,17542,1,1
2021-11-12 16:23:20.690,17541,17542,17542,2,2
2021-11-12 16:23:20.690,17541,17542,17543,2,2
2021-11-12 16:23:22.404,17542,17543,17543,1,1
2021-11-12 16:23:23.414,17542,17543,17543,5,5
2021-11-12 16:23:23.414,17542,17543,17544,25,25
2021-11-12 16:23:23.415,17542,17543,17544,1,1
2021-11-12 16:23:23.416,17542,17543,17544,1,1
2021-11-12 16:23:23.416,17542,17543,17544,5,5
2021-11-12 16:23:23.416,17542,17543,17544,2,2
2021-11-12 16:23:23.973,17544,17545,17544,1,-1
2021-11-12 16:23:24.336,17544,17545,17545,1,1
2021-11-12 16:23:24.468,17544,17545,17545,4,4
2021-11-12 16:23:26.262,17544,17545,17545,2,2
2021-11-12 16:23:30.006,17543,17545,17544,1,1
2021-11-12 16:23:35.060,17544,17545,17545,1,1
2021-11-12 16:23:38.195,17544,17545,17544,1,-1
2021-11-12 16:23:40.681,17544,17545,17544,1,-1
2021-11-12 16:23:44.622,17543,17544,17544,1,1
2021-11-12 16:23:55.124,17543,17544,17544,1,1
2021-11-12 16:24:05.186,17543,17544,17544,1,1
2021-11-12 16:24:05.913,17543,17544,17544,1,1
2021-11-12 16:24:05.913,17543,17544,17544,1,1
2021-11-12 16:24:05.929,17543,17544,17545,2,2
2021-11-12 16:24:10.437,17544,17545,17545,2,2
2021-11-12 16:24:10.438,17544,17545,17545,1,1
2021-11-12 16:24:10.438,17544,17545,17545,1,1
2021-11-12 16:24:10.438,17544,17545,17545,1,1
2021-11-12 16:24:10.438,17544,17545,17545,1,1
2021-11-12 16:24:10.438,17544,17545,17545,3,3
2021-11-12 16:24:10.438,17544,17545,17545,1,1
2021-11-12 16:24:11.973,17545,17546,17546,1,1
2021-11-12 16:24:15.990,17545,17546,17546,1,1
2021-11-12 16:24:17.997,17545,17546,17546,5,5
2021-11-12 16:24:18.262,17545,17546,17546,1,1
2021-11-12 16:24:20.227,17545,17546,17545,1,-1
2021-11-12 16:24:21.878,17545,17546,17545,1,-1
2021-11-12 16:24:31.705,17543,17544,17544,1,1
2021-11-12 16:24:31.989,17544,17545,17544,1,-1
2021-11-12 16:24:32.162,17544,17545,17545,3,3
2021-11-12 16:24:33.440,17544,17546,17545,1,1
2021-11-12 16:24:35.016,17545,17546,17545,1,-1
2021-11-12 16:24:36.061,17545,17546,17546,1,1
2021-11-12 16:24:37.493,17545,17546,17545,1,-1
2021-11-12 16:24:38.181,17545,17546,17546,1,1
2021-11-12 16:24:43.546,17545,17546,17545,1,-1
2021-11-12 16:24:44.127,17544,17546,17544,4,-4
2021-11-12 16:24:44.344,17544,17546,17546,1,1
2021-11-12 16:24:47.022,17544,17546,17546,1,1
2021-11-12 16:24:47.266,17544,17546,17546,1,1
2021-11-12 16:24:49.292,17544,17545,17545,1,1
2021-11-12 16:24:55.335,17544,17545,17545,1,1
2021-11-12 16:24:57.191,17544,17545,17545,1,1
2021-11-12 16:24:58.030,17544,17545,17545,1,1
2021-11-12 16:25:10.034,17543,17544,17544,1,1
2021-11-12 16:25:14.133,17543,17544,17543,2,-2
2021-11-12 16:25:15.119,17542,17543,17543,1,1
2021-11-12 16:25:21.031,17542,17543,17543,1,1
2021-11-12 16:25:24.141,17543,17544,17543,1,-1
2021-11-12 16:25:25.070,17542,17543,17543,1,1
2021-11-12 16:25:27.679,17543,17544,17543,1,-1
2021-11-12 16:25:32.305,17542,17543,17542,1,-1
2021-11-12 16:25:32.369,17541,17543,17542,1,1
2021-11-12 16:25:33.032,17540,17542,17542,1,1
2021-11-12 16:25:40.770,17541,17542,17542,1,1
2021-11-12 16:25:44.032,17541,17543,17543,1,1
2021-11-12 16:25:56.032,17541,17543,17542,1,1
2021-11-12 16:26:07.034,17541,17543,17543,1,1
2021-11-12 16:26:19.035,17541,17543,17543,1,1
2021-11-12 16:26:30.021,17541,17543,17543,1,1
2021-11-12 16:26:40.531,17542,17543,17543,1,1
2021-11-12 16:26:42.023,17542,17543,17543,1,1
2021-11-12 16:26:47.745,17542,17543,17542,1,-1
2021-11-12 16:26:48.727,17541,17542,17542,1,1
2021-11-12 16:26:49.238,17541,17543,17541,3,-3
2021-11-12 16:26:53.035,17541,17543,17543,1,1
2021-11-12 16:26:55.550,17541,17543,17541,1,-1
2021-11-12 16:27:05.030,17541,17543,17543,1,1
2021-11-12 16:27:09.618,17541,17543,17543,1,1
2021-11-12 16:27:16.028,17541,17543,17543,1,1
2021-11-12 16:27:26.403,17542,17543,17542,1,-1
2021-11-12 16:27:28.026,17541,17543,17543,1,1
2021-11-12 16:27:29.281,17542,17543,17543,1,1
2021-11-12 16:27:29.281,17542,17543,17543,3,3
2021-11-12 16:27:29.282,17542,17543,17543,1,1
2021-11-12 16:27:29.282,17542,17543,17543,1,1
2021-11-12 16:27:29.282,17542,17543,17543,1,1
2021-11-12 16:27:29.282,17542,17543,17543,7,7
2021-11-12 16:27:30.805,17543,17544,17543,1,-1
2021-11-12 16:27:30.878,17543,17544,17544,1,1
2021-11-12 16:27:39.026,17543,17544,17544,1,1
2021-11-12 16:27:46.555,17542,17543,17543,1,1
2021-11-12 16:27:51.024,17542,17543,17543,1,1
2021-11-12 16:27:58.359,17542,17543,17543,1,1
2021-11-12 16:27:59.813,17542,17543,17543,1,1
2021-11-12 16:28:02.031,17542,17543,17543,1,1
2021-11-12 16:28:02.115,17542,17543,17542,1,-1
2021-11-12 16:28:08.458,17541,17542,17542,1,1
2021-11-12 16:28:14.027,17541,17543,17543,1,1
2021-11-12 16:28:25.027,17541,17543,17543,1,1
2021-11-12 16:28:30.755,17541,17543,17541,4,-4
2021-11-12 16:28:30.755,17541,17543,17541,2,-2
2021-11-12 16:28:33.978,17540,17541,17541,2,2
2021-11-12 16:28:37.030,17540,17542,17542,1,1
2021-11-12 16:28:46.298,17540,17542,17540,2,-2
2021-11-12 16:28:46.347,17540,17542,17542,1,1
2021-11-12 16:28:47.750,17540,17542,17541,1,1
2021-11-12 16:28:48.032,17540,17541,17541,1,1
2021-11-12 16:29:00.026,17540,17542,17542,1,1
2021-11-12 16:29:13.687,17540,17541,17540,1,-1
2021-11-12 16:29:19.220,17540,17541,17540,2,-2
2021-11-12 16:29:21.461,17540,17541,17540,1,-1
2021-11-12 16:29:25.313,17540,17541,17540,1,-1
2021-11-12 16:29:25.409,17540,17541,17541,2,2
2021-11-12 16:29:26.495,17540,17541,17540,2,-2
2021-11-12 16:29:28.831,17539,17541,17539,2,-2
2021-11-12 16:29:35.225,17539,17541,17540,1,1
2021-11-12 16:29:36.624,17539,17540,17539,1,-1
2021-11-12 16:29:36.624,17539,17540,17538,2,-2
2021-11-12 16:29:40.115,17539,17540,17539,1,-1
2021-11-12 16:29:40.115,17539,17540,17538,2,-2
2021-11-12 16:29:43.024,17538,17540,17538,2,-2
2021-11-12 16:29:50.353,17538,17540,17538,3,-3
2021-11-12 16:29:52.837,17538,17539,17539,1,1
2021-11-12 16:29:54.904,17539,17540,17539,1,-1
2021-11-12 16:29:59.295,17538,17539,17538,3,-3
2021-11-12 16:30:02.611,17538,17539,17538,1,-1
2021-11-12 16:30:03.148,17537,17539,17539,1,1
2021-11-12 16:30:18.128,17537,17538,17538,1,1
2021-11-12 16:30:43.699,17538,17539,17538,1,-1
2021-11-12 16:30:44.860,17538,17539,17538,1,-1
2021-11-12 16:30:53.518,17537,17538,17538,1,1
2021-11-12 16:30:54.697,17537,17539,17538,1,1
2021-11-12 16:30:58.341,17537,17538,17538,1,1
2021-11-12 16:31:03.316,17538,17539,17538,1,-1
2021-11-12 16:31:04.698,17538,17539,17538,1,-1
2021-11-12 16:31:04.819,17537,17538,17538,1,1
2021-11-12 16:31:25.856,17537,17538,17537,10,-10
2021-11-12 16:31:28.217,17536,17537,17537,1,1
2021-11-12 16:31:28.319,17536,17537,17537,1,1
2021-11-12 16:31:32.533,17536,17537,17536,2,-2
2021-11-12 16:31:32.569,17536,17537,17537,1,1
2021-11-12 16:31:32.569,17536,17537,17537,1,1
2021-11-12 16:31:35.241,17536,17537,17536,2,-2
2021-11-12 16:31:35.241,17536,17537,17536,1,-1
2021-11-12 16:31:37.803,17535,17536,17535,2,-2
2021-11-12 16:31:37.864,17535,17536,17535,1,-1
2021-11-12 16:31:38.579,17535,17536,17535,1,-1
2021-11-12 16:31:38.695,17535,17536,17536,1,1
2021-11-12 16:31:38.696,17535,17536,17536,1,1
2021-11-12 16:31:50.926,17535,17536,17535,2,-2
2021-11-12 16:31:55.438,17535,17536,17535,1,-1
2021-11-12 16:31:56.598,17535,17536,17535,1,-1
2021-11-12 16:31:57.045,17535,17536,17535,9,-9
2021-11-12 16:31:57.970,17534,17536,17535,1,1
2021-11-12 16:32:02.236,17535,17536,17535,1,-1
2021-11-12 16:32:03.835,17535,17536,17535,5,-5
2021-11-12 16:32:03.836,17535,17536,17535,5,-5
2021-11-12 16:32:08.789,17535,17536,17535,1,-1
2021-11-12 16:32:09.880,17534,17536,17535,1,1
2021-11-12 16:32:25.914,17534,17535,17534,1,-1
2021-11-12 16:32:26.692,17534,17535,17534,1,-1
2021-11-12 16:32:32.484,17534,17535,17534,2,-2
2021-11-12 16:32:33.161,17534,17535,17534,1,-1
2021-11-12 16:32:33.652,17534,17535,17534,1,-1
2021-11-12 16:32:34.551,17533,17534,17534,1,1
2021-11-12 16:32:36.213,17533,17534,17533,12,-12
2021-11-12 16:32:39.751,17532,17533,17533,1,1
2021-11-12 16:32:39.791,17532,17533,17532,3,-3
2021-11-12 16:32:39.879,17532,17533,17532,1,-1
2021-11-12 16:32:39.879,17532,17533,17532,1,-1
2021-11-12 16:32:39.894,17532,17533,17532,2,-2
2021-11-12 16:32:40.010,17532,17533,17532,2,-2
2021-11-12 16:32:40.018,17532,17533,17532,1,-1
2021-11-12 16:32:40.146,17532,17533,17532,1,-1
2021-11-12 16:32:40.178,17532,17533,17531,1,-1
2021-11-12 16:32:40.181,17532,17533,17531,1,-1
2021-11-12 16:32:40.186,17532,17533,17531,1,-1
2021-11-12 16:32:40.195,17531,17532,17531,1,-1
2021-11-12 16:32:40.197,17531,17532,17531,1,-1
2021-11-12 16:32:40.199,17531,17532,17531,2,-2
2021-11-12 16:32:40.199,17531,17532,17531,13,-13
2021-11-12 16:32:40.200,17531,17532,17530,1,-1
2021-11-12 16:32:40.204,17531,17532,17530,3,-3
2021-11-12 16:32:40.205,17531,17532,17530,1,-1
2021-11-12 16:32:40.205,17531,17532,17530,1,-1
2021-11-12 16:32:40.226,17531,17532,17530,3,-3
2021-11-12 16:32:40.247,17531,17532,17530,1,-1
2021-11-12 16:32:40.283,17531,17532,17530,2,-2
2021-11-12 16:32:40.299,17531,17532,17530,2,-2
2021-11-12 16:32:40.299,17531,17532,17530,10,-10
2021-11-12 16:32:40.325,17529,17530,17529,1,-1
2021-11-12 16:32:40.325,17529,17530,17529,3,-3
2021-11-12 16:32:40.326,17529,17530,17529,1,-1
2021-11-12 16:32:40.332,17529,17530,17529,1,-1
2021-11-12 16:32:40.355,17529,17530,17528,1,-1
2021-11-12 16:32:40.357,17529,17530,17529,2,-2
2021-11-12 16:32:40.357,17529,17530,17530,1,1
2021-11-12 16:32:40.375,17529,17530,17528,2,-2
2021-11-12 16:32:40.449,17528,17530,17528,1,-1
2021-11-12 16:32:40.488,17528,17530,17528,1,-1
2021-11-12 16:32:40.555,17528,17530,17528,3,-3
2021-11-12 16:32:40.579,17528,17530,17528,7,-7
2021-11-12 16:32:40.599,17528,17530,17527,2,-2
2021-11-12 16:32:40.613,17528,17530,17527,2,-2
2021-11-12 16:32:40.614,17528,17530,17527,4,-4
2021-11-12 16:32:40.648,17528,17530,17526,1,-1
2021-11-12 16:32:40.732,17526,17528,17526,1,-1
2021-11-12 16:32:40.776,17526,17528,17528,1,1
2021-11-12 16:32:40.779,17526,17528,17528,1,1
2021-11-12 16:32:40.783,17526,17528,17528,1,1
2021-11-12 16:32:40.790,17526,17528,17528,1,1
