2022-12-02 15:00:00,14882,14882,14882,138,0
2022-12-02 15:00:00,14882,14882,14882,2,0
2022-12-02 15:00:00,14882,14882,14882,2,0
2022-12-02 15:00:00,14881,14881,14881,2,-2
2022-12-02 15:00:00,14881,14881,14881,2,0
2022-12-02 15:00:00,14880,14880,14880,2,-2
2022-12-02 15:00:00,14880,14880,14880,2,0
2022-12-02 15:00:00,14879,14879,14879,2,-2
2022-12-02 15:00:00,14878,14878,14878,2,-2
2022-12-02 15:00:00,14878,14878,14878,2,0
2022-12-02 15:00:00,14878,14878,14878,2,0
2022-12-02 15:00:00,14876,14876,14876,2,-2
2022-12-02 15:00:00,14876,14876,14876,2,0
2022-12-02 15:00:00,14875,14875,14875,2,-2
2022-12-02 15:00:00,14875,14875,14875,2,0
2022-12-02 15:00:00,14875,14875,14875,2,0
2022-12-02 15:00:00,14875,14875,14875,2,0
2022-12-02 15:00:00,14877,14877,14877,2,2
2022-12-02 15:00:00,14876,14876,14876,2,-2
2022-12-02 15:00:00,14876,14876,14876,2,0
2022-12-02 15:00:00,14876,14876,14876,2,0
2022-12-02 15:00:00,14878,14878,14878,12,12
2022-12-02 15:00:00,14878,14878,14878,2,0
2022-12-02 15:00:00,14878,14878,14878,2,0
2022-12-02 15:00:00,14877,14877,14877,2,-2
2022-12-02 15:00:00,14877,14877,14877,2,0
2022-12-02 15:00:00,14877,14877,14877,2,0
2022-12-02 15:00:00,14876,14876,14876,2,-2
2022-12-02 15:00:00,14876,14876,14876,2,0
2022-12-02 15:00:00,14875,14875,14875,2,-2
2022-12-02 15:00:00,14875,14875,14875,2,0
2022-12-02 15:00:00,14875,14875,14875,2,0
2022-12-02 15:00:00,14877,14877,14877,2,2
2022-12-02 15:00:00,14877,14877,14877,2,0
2022-12-02 15:00:00,14877,14877,14877,4,0
2022-12-02 15:00:00,14878,14878,14878,2,2
2022-12-02 15:00:00,14878,14878,14878,12,0
2022-12-02 15:00:00,14879,14879,14879,2,2
2022-12-02 15:00:01,14878,14878,14878,2,-2
2022-12-02 15:00:01,14878,14878,14878,4,0
2022-12-02 15:00:01,14877,14877,14877,2,-2
2022-12-02 15:00:01,14878,14878,14878,4,4
2022-12-02 15:00:01,14879,14879,14879,6,6
2022-12-02 15:00:01,14878,14878,14878,2,-2
2022-12-02 15:00:01,14878,14878,14878,2,0
2022-12-02 15:00:01,14877,14877,14877,2,-2
2022-12-02 15:00:01,14880,14880,14880,4,4
2022-12-02 15:00:02,14878,14878,14878,2,-2
2022-12-02 15:00:02,14881,14881,14881,4,4
2022-12-02 15:00:02,14881,14881,14881,4,0
2022-12-02 15:00:02,14881,14881,14881,2,0
2022-12-02 15:00:02,14882,14882,14882,2,2
2022-12-02 15:00:03,14882,14882,14882,2,0
2022-12-02 15:00:03,14880,14880,14880,2,-2
2022-12-02 15:00:03,14879,14879,14879,2,-2
2022-12-02 15:00:04,14880,14880,14880,2,2
2022-12-02 15:00:04,14880,14880,14880,6,0
2022-12-02 15:00:04,14880,14880,14880,2,0
2022-12-02 15:00:04,14879,14879,14879,2,-2
2022-12-02 15:00:04,14879,14879,14879,2,0
2022-12-02 15:00:04,14879,14879,14879,2,0
2022-12-02 15:00:04,14879,14879,14879,2,0
2022-12-02 15:00:04,14879,14879,14879,2,0
2022-12-02 15:00:04,14878,14878,14878,2,-2
2022-12-02 15:00:04,14881,14881,14881,6,6
2022-12-02 15:00:06,14880,14880,14880,2,-2
2022-12-02 15:00:06,14880,14880,14880,4,0
2022-12-02 15:00:06,14880,14880,14880,2,0
2022-12-02 15:00:06,14881,14881,14881,4,4
2022-12-02 15:00:06,14882,14882,14882,2,2
2022-12-02 15:00:06,14881,14881,14881,4,-4
2022-12-02 15:00:07,14882,14882,14882,8,8
2022-12-02 15:00:07,14883,14883,14883,4,4
2022-12-02 15:00:07,14881,14881,14881,2,-2
2022-12-02 15:00:07,14883,14883,14883,2,2
2022-12-02 15:00:07,14882,14882,14882,2,-2
2022-12-02 15:00:07,14882,14882,14882,2,0
2022-12-02 15:00:08,14882,14882,14882,2,0
2022-12-02 15:00:08,14882,14882,14882,4,0
2022-12-02 15:00:08,14883,14883,14883,10,10
2022-12-02 15:00:08,14882,14882,14882,2,-2
2022-12-02 15:00:08,14882,14882,14882,2,0
2022-12-02 15:00:08,14882,14882,14882,2,0
2022-12-02 15:00:12,14882,14882,14882,2,0
2022-12-02 15:00:12,14882,14882,14882,2,0
2022-12-02 15:00:12,14883,14883,14883,8,8
2022-12-02 15:00:12,14884,14884,14884,2,2
2022-12-02 15:00:13,14882,14882,14882,2,-2
2022-12-02 15:00:13,14882,14882,14882,2,0
2022-12-02 15:00:13,14882,14882,14882,2,0
2022-12-02 15:00:13,14882,14882,14882,2,0
2022-12-02 15:00:14,14884,14884,14884,40,40
2022-12-02 15:00:14,14885,14885,14885,4,4
2022-12-02 15:00:14,14885,14885,14885,2,0
2022-12-02 15:00:14,14884,14884,14884,2,-2
2022-12-02 15:00:14,14884,14884,14884,2,0
2022-12-02 15:00:14,14884,14884,14884,2,0
2022-12-02 15:00:14,14884,14884,14884,2,0
2022-12-02 15:00:14,14884,14884,14884,2,0
2022-12-02 15:00:14,14883,14883,14883,2,-2
2022-12-02 15:00:14,14884,14884,14884,2,2
2022-12-02 15:00:15,14885,14885,14885,14,14
2022-12-02 15:00:15,14884,14884,14884,2,-2
2022-12-02 15:00:16,14885,14885,14885,2,2
2022-12-02 15:00:16,14886,14886,14886,10,10
2022-12-02 15:00:16,14885,14885,14885,2,-2
2022-12-02 15:00:16,14885,14885,14885,2,0
2022-12-02 15:00:16,14887,14887,14887,2,2
2022-12-02 15:00:16,14887,14887,14887,2,0
2022-12-02 15:00:17,14887,14887,14887,4,0
2022-12-02 15:00:19,14887,14887,14887,2,0
2022-12-02 15:00:20,14886,14886,14886,2,-2
2022-12-02 15:00:21,14887,14887,14887,2,2
2022-12-02 15:00:21,14887,14887,14887,2,0
2022-12-02 15:00:21,14887,14887,14887,2,0
2022-12-02 15:00:22,14887,14887,14887,2,0
2022-12-02 15:00:22,14887,14887,14887,2,0
2022-12-02 15:00:23,14887,14887,14887,12,0
2022-12-02 15:00:23,14888,14888,14888,8,8
2022-12-02 15:00:23,14888,14888,14888,4,0
2022-12-02 15:00:24,14887,14887,14887,2,-2
2022-12-02 15:00:24,14887,14887,14887,2,0
2022-12-02 15:00:24,14887,14887,14887,2,0
2022-12-02 15:00:24,14887,14887,14887,2,0
2022-12-02 15:00:24,14887,14887,14887,2,0
2022-12-02 15:00:24,14887,14887,14887,2,0
2022-12-02 15:00:27,14887,14887,14887,2,0
2022-12-02 15:00:27,14886,14886,14886,2,-2
2022-12-02 15:00:27,14886,14886,14886,2,0
2022-12-02 15:00:27,14886,14886,14886,2,0
2022-12-02 15:00:27,14886,14886,14886,2,0
2022-12-02 15:00:28,14886,14886,14886,2,0
2022-12-02 15:00:28,14885,14885,14885,2,-2
2022-12-02 15:00:28,14885,14885,14885,2,0
2022-12-02 15:00:29,14885,14885,14885,2,0
2022-12-02 15:00:29,14886,14886,14886,2,2
2022-12-02 15:00:34,14885,14885,14885,2,-2
2022-12-02 15:00:34,14885,14885,14885,2,0
2022-12-02 15:00:34,14885,14885,14885,2,0
2022-12-02 15:00:35,14885,14885,14885,2,0
2022-12-02 15:00:35,14886,14886,14886,18,18
2022-12-02 15:00:35,14886,14886,14886,4,0
2022-12-02 15:00:35,14886,14886,14886,2,0
2022-12-02 15:00:36,14886,14886,14886,2,0
2022-12-02 15:00:39,14886,14886,14886,2,0
2022-12-02 15:00:41,14886,14886,14886,2,0
2022-12-02 15:00:41,14886,14886,14886,2,0
2022-12-02 15:00:43,14886,14886,14886,6,0
2022-12-02 15:00:43,14886,14886,14886,2,0
2022-12-02 15:00:43,14886,14886,14886,2,0
2022-12-02 15:00:48,14886,14886,14886,2,0
2022-12-02 15:00:48,14886,14886,14886,14,0
2022-12-02 15:00:48,14887,14887,14887,2,2
2022-12-02 15:00:48,14887,14887,14887,12,0
2022-12-02 15:00:48,14889,14889,14889,2,2
2022-12-02 15:00:48,14889,14889,14889,4,0
2022-12-02 15:00:50,14889,14889,14889,2,0
2022-12-02 15:00:50,14888,14888,14888,2,-2
2022-12-02 15:00:51,14889,14889,14889,2,2
2022-12-02 15:00:51,14889,14889,14889,2,0
2022-12-02 15:00:53,14889,14889,14889,2,0
2022-12-02 15:00:53,14890,14890,14890,4,4
2022-12-02 15:00:55,14889,14889,14889,2,-2
2022-12-02 15:00:57,14890,14890,14890,10,10
2022-12-02 15:00:57,14889,14889,14889,2,-2
2022-12-02 15:00:57,14889,14889,14889,2,0
2022-12-02 15:00:58,14889,14889,14889,2,0
2022-12-02 15:00:58,14889,14889,14889,2,0
2022-12-02 15:00:59,14889,14889,14889,2,0
2022-12-02 15:00:59,14890,14890,14890,10,10
2022-12-02 15:01:00,14890,14890,14890,6,0
2022-12-02 15:01:00,14891,14891,14891,2,2
2022-12-02 15:01:00,14891,14891,14891,2,0
2022-12-02 15:01:00,14891,14891,14891,2,0
2022-12-02 15:01:00,14891,14891,14891,4,0
2022-12-02 15:01:00,14890,14890,14890,4,-4
2022-12-02 15:01:00,14890,14890,14890,2,0
2022-12-02 15:01:00,14890,14890,14890,2,0
2022-12-02 15:01:00,14890,14890,14890,4,0
2022-12-02 15:01:00,14891,14891,14891,2,2
2022-12-02 15:01:00,14891,14891,14891,8,0
2022-12-02 15:01:00,14891,14891,14891,4,0
2022-12-02 15:01:01,14889,14889,14889,4,-4
2022-12-02 15:01:01,14889,14889,14889,2,0
2022-12-02 15:01:01,14890,14890,14890,2,2
2022-12-02 15:01:04,14890,14890,14890,2,0
2022-12-02 15:01:11,14890,14890,14890,2,0
2022-12-02 15:01:12,14890,14890,14890,2,0
2022-12-02 15:01:12,14890,14890,14890,2,0
2022-12-02 15:01:13,14890,14890,14890,2,0
2022-12-02 15:01:13,14890,14890,14890,2,0
2022-12-02 15:01:13,14890,14890,14890,2,0
2022-12-02 15:01:15,14890,14890,14890,2,0
2022-12-02 15:01:15,14890,14890,14890,2,0
2022-12-02 15:01:16,14891,14891,14891,2,2
2022-12-02 15:01:17,14890,14890,14890,2,-2
2022-12-02 15:01:17,14891,14891,14891,2,2
2022-12-02 15:01:18,14891,14891,14891,22,0
2022-12-02 15:01:18,14892,14892,14892,2,2
2022-12-02 15:01:18,14892,14892,14892,4,0
2022-12-02 15:01:18,14892,14892,14892,2,0
2022-12-02 15:01:18,14892,14892,14892,4,0
2022-12-02 15:01:19,14892,14892,14892,2,0
2022-12-02 15:01:19,14892,14892,14892,2,0
2022-12-02 15:01:23,14892,14892,14892,2,0
2022-12-02 15:01:23,14892,14892,14892,2,0
2022-12-02 15:01:23,14892,14892,14892,2,0
2022-12-02 15:01:24,14892,14892,14892,2,0
2022-12-02 15:01:24,14893,14893,14893,4,4
2022-12-02 15:01:26,14892,14892,14892,2,-2
2022-12-02 15:01:26,14891,14891,14891,2,-2
2022-12-02 15:01:26,14890,14890,14890,2,-2
2022-12-02 15:01:26,14890,14890,14890,2,0
2022-12-02 15:01:26,14890,14890,14890,2,0
2022-12-02 15:01:26,14890,14890,14890,2,0
2022-12-02 15:01:27,14890,14890,14890,4,0
2022-12-02 15:01:27,14891,14891,14891,2,2
2022-12-02 15:01:27,14889,14889,14889,2,-2
2022-12-02 15:01:28,14891,14891,14891,2,2
2022-12-02 15:01:30,14889,14889,14889,2,-2
2022-12-02 15:01:33,14889,14889,14889,8,0
2022-12-02 15:01:36,14888,14888,14888,2,-2
2022-12-02 15:01:36,14888,14888,14888,10,0
2022-12-02 15:01:39,14888,14888,14888,2,0
2022-12-02 15:01:39,14888,14888,14888,2,0
2022-12-02 15:01:39,14888,14888,14888,2,0
2022-12-02 15:01:39,14888,14888,14888,2,0
2022-12-02 15:01:39,14889,14889,14889,2,2
2022-12-02 15:01:39,14889,14889,14889,2,0
2022-12-02 15:01:42,14887,14887,14887,2,-2
2022-12-02 15:01:42,14887,14887,14887,2,0
2022-12-02 15:01:44,14887,14887,14887,2,0
2022-12-02 15:01:50,14886,14886,14886,4,-4
2022-12-02 15:01:52,14886,14886,14886,2,0
2022-12-02 15:01:54,14886,14886,14886,2,0
2022-12-02 15:01:57,14887,14887,14887,2,2
2022-12-02 15:01:57,14887,14887,14887,2,0
2022-12-02 15:01:57,14887,14887,14887,2,0
2022-12-02 15:01:57,14887,14887,14887,2,0
2022-12-02 15:01:58,14888,14888,14888,2,2
2022-12-02 15:02:00,14888,14888,14888,2,0
2022-12-02 15:02:00,14886,14886,14886,2,-2
2022-12-02 15:02:06,14888,14888,14888,2,2
2022-12-02 15:02:08,14889,14889,14889,2,2
2022-12-02 15:02:08,14889,14889,14889,2,0
2022-12-02 15:02:09,14889,14889,14889,2,0
2022-12-02 15:02:09,14889,14889,14889,2,0
2022-12-02 15:02:14,14889,14889,14889,2,0
2022-12-02 15:02:18,14889,14889,14889,2,0
2022-12-02 15:02:29,14890,14890,14890,2,2
2022-12-02 15:02:30,14890,14890,14890,2,0
2022-12-02 15:02:33,14890,14890,14890,2,0
2022-12-02 15:02:39,14890,14890,14890,6,0
2022-12-02 15:02:41,14891,14891,14891,30,30
2022-12-02 15:02:41,14892,14892,14892,10,10
2022-12-02 15:02:44,14892,14892,14892,2,0
2022-12-02 15:02:45,14893,14893,14893,2,2
2022-12-02 15:02:48,14893,14893,14893,2,0
2022-12-02 15:02:48,14893,14893,14893,2,0
2022-12-02 15:02:49,14893,14893,14893,10,0
2022-12-02 15:02:49,14894,14894,14894,2,2
2022-12-02 15:02:50,14892,14892,14892,2,-2
2022-12-02 15:02:50,14892,14892,14892,2,0
2022-12-02 15:02:50,14893,14893,14893,2,2
2022-12-02 15:02:50,14892,14892,14892,2,-2
2022-12-02 15:02:53,14893,14893,14893,2,2
2022-12-02 15:02:53,14892,14892,14892,2,-2
2022-12-02 15:02:53,14892,14892,14892,2,0
2022-12-02 15:02:54,14893,14893,14893,4,4
2022-12-02 15:02:56,14894,14894,14894,2,2
2022-12-02 15:02:56,14894,14894,14894,4,0
2022-12-02 15:02:58,14893,14893,14893,2,-2
2022-12-02 15:02:59,14893,14893,14893,4,0
2022-12-02 15:02:59,14893,14893,14893,2,0
2022-12-02 15:02:59,14893,14893,14893,2,0
2022-12-02 15:02:59,14893,14893,14893,2,0
2022-12-02 15:02:59,14893,14893,14893,2,0
2022-12-02 15:03:03,14893,14893,14893,2,0
2022-12-02 15:03:05,14893,14893,14893,2,0
2022-12-02 15:03:09,14892,14892,14892,2,-2
2022-12-02 15:03:09,14892,14892,14892,2,0
2022-12-02 15:03:10,14894,14894,14894,6,6
2022-12-02 15:03:10,14894,14894,14894,2,0
2022-12-02 15:03:11,14894,14894,14894,4,0
2022-12-02 15:03:13,14894,14894,14894,2,0
2022-12-02 15:03:13,14892,14892,14892,2,-2
2022-12-02 15:03:16,14894,14894,14894,2,2
2022-12-02 15:03:17,14894,14894,14894,2,0
2022-12-02 15:03:17,14895,14895,14895,2,2
2022-12-02 15:03:17,14895,14895,14895,2,0
2022-12-02 15:03:17,14895,14895,14895,2,0
2022-12-02 15:03:23,14894,14894,14894,2,-2
2022-12-02 15:03:25,14893,14893,14893,2,-2
2022-12-02 15:03:25,14893,14893,14893,2,0
2022-12-02 15:03:27,14892,14892,14892,2,-2
2022-12-02 15:03:34,14893,14893,14893,6,6
2022-12-02 15:03:37,14894,14894,14894,2,2
2022-12-02 15:03:40,14893,14893,14893,2,-2
2022-12-02 15:03:43,14894,14894,14894,10,10
2022-12-02 15:03:47,14893,14893,14893,2,-2
2022-12-02 15:03:49,14894,14894,14894,2,2
2022-12-02 15:03:53,14893,14893,14893,2,-2
2022-12-02 15:03:53,14893,14893,14893,4,0
2022-12-02 15:03:56,14893,14893,14893,2,0
2022-12-02 15:03:56,14893,14893,14893,2,0
2022-12-02 15:03:58,14892,14892,14892,2,-2
2022-12-02 15:03:59,14893,14893,14893,2,2
2022-12-02 15:03:59,14893,14893,14893,2,0
2022-12-02 15:04:00,14892,14892,14892,2,-2
2022-12-02 15:04:00,14892,14892,14892,2,0
2022-12-02 15:04:00,14892,14892,14892,2,0
2022-12-02 15:04:00,14892,14892,14892,2,0
2022-12-02 15:04:00,14892,14892,14892,4,0
2022-12-02 15:04:00,14892,14892,14892,2,0
2022-12-02 15:04:00,14892,14892,14892,2,0
2022-12-02 15:04:06,14892,14892,14892,2,0
2022-12-02 15:04:08,14892,14892,14892,2,0
2022-12-02 15:04:13,14891,14891,14891,2,-2
2022-12-02 15:04:15,14891,14891,14891,2,0
2022-12-02 15:04:15,14891,14891,14891,2,0
2022-12-02 15:04:15,14891,14891,14891,4,0
2022-12-02 15:04:15,14891,14891,14891,4,0
2022-12-02 15:04:23,14891,14891,14891,2,0
2022-12-02 15:04:27,14890,14890,14890,2,-2
2022-12-02 15:04:30,14890,14890,14890,2,0
2022-12-02 15:04:38,14892,14892,14892,12,12
2022-12-02 15:04:38,14892,14892,14892,2,0
2022-12-02 15:04:39,14892,14892,14892,2,0
2022-12-02 15:04:42,14891,14891,14891,2,-2
2022-12-02 15:04:42,14891,14891,14891,2,0
2022-12-02 15:04:42,14891,14891,14891,4,0
2022-12-02 15:04:42,14891,14891,14891,2,0
2022-12-02 15:04:42,14891,14891,14891,2,0
2022-12-02 15:04:42,14891,14891,14891,4,0
2022-12-02 15:04:52,14891,14891,14891,4,0
2022-12-02 15:04:55,14891,14891,14891,2,0
2022-12-02 15:04:56,14892,14892,14892,6,6
2022-12-02 15:04:56,14892,14892,14892,2,0
2022-12-02 15:04:56,14892,14892,14892,4,0
2022-12-02 15:05:02,14893,14893,14893,6,6
2022-12-02 15:05:02,14894,14894,14894,6,6
2022-12-02 15:05:02,14895,14895,14895,2,2
2022-12-02 15:05:02,14895,14895,14895,4,0
2022-12-02 15:05:04,14894,14894,14894,2,-2
2022-12-02 15:05:12,14894,14894,14894,2,0
2022-12-02 15:05:15,14893,14893,14893,2,-2
2022-12-02 15:05:16,14894,14894,14894,2,2
2022-12-02 15:05:23,14893,14893,14893,2,-2
2022-12-02 15:05:27,14894,14894,14894,4,4
2022-12-02 15:05:30,14894,14894,14894,2,0
2022-12-02 15:05:36,14894,14894,14894,4,0
2022-12-02 15:05:36,14894,14894,14894,2,0
2022-12-02 15:05:37,14893,14893,14893,2,-2
2022-12-02 15:05:37,14893,14893,14893,2,0
2022-12-02 15:05:37,14893,14893,14893,2,0
2022-12-02 15:05:43,14892,14892,14892,2,-2
2022-12-02 15:05:43,14892,14892,14892,2,0
2022-12-02 15:05:43,14893,14893,14893,10,10
2022-12-02 15:05:47,14893,14893,14893,2,0
2022-12-02 15:06:01,14893,14893,14893,2,0
2022-12-02 15:06:03,14891,14891,14891,4,-4
2022-12-02 15:06:03,14891,14891,14891,2,0
2022-12-02 15:06:03,14891,14891,14891,2,0
2022-12-02 15:06:10,14890,14890,14890,6,-6
2022-12-02 15:06:10,14890,14890,14890,2,0
2022-12-02 15:06:10,14890,14890,14890,4,0
2022-12-02 15:06:10,14890,14890,14890,4,0
2022-12-02 15:06:10,14890,14890,14890,20,0
2022-12-02 15:06:10,14890,14890,14890,4,0
2022-12-02 15:06:10,14890,14890,14890,4,0
2022-12-02 15:06:10,14890,14890,14890,2,0
2022-12-02 15:06:10,14890,14890,14890,2,0
2022-12-02 15:06:14,14890,14890,14890,2,0
2022-12-02 15:06:17,14889,14889,14889,2,-2
2022-12-02 15:06:18,14889,14889,14889,2,0
2022-12-02 15:06:18,14889,14889,14889,2,0
2022-12-02 15:06:18,14888,14888,14888,2,-2
2022-12-02 15:06:19,14888,14888,14888,2,0
2022-12-02 15:06:25,14886,14886,14886,4,-4
2022-12-02 15:06:31,14886,14886,14886,2,0
2022-12-02 15:06:34,14886,14886,14886,2,0
2022-12-02 15:06:37,14885,14885,14885,2,-2
2022-12-02 15:06:38,14885,14885,14885,2,0
2022-12-02 15:06:38,14885,14885,14885,2,0
2022-12-02 15:06:39,14886,14886,14886,2,2
2022-12-02 15:06:39,14885,14885,14885,2,-2
2022-12-02 15:06:39,14885,14885,14885,2,0
2022-12-02 15:06:39,14885,14885,14885,2,0
2022-12-02 15:06:39,14885,14885,14885,2,0
2022-12-02 15:06:39,14885,14885,14885,2,0
2022-12-02 15:06:39,14885,14885,14885,2,0
2022-12-02 15:06:40,14884,14884,14884,2,-2
2022-12-02 15:06:40,14884,14884,14884,2,0
2022-12-02 15:06:40,14884,14884,14884,2,0
2022-12-02 15:06:43,14883,14883,14883,2,-2
2022-12-02 15:06:43,14883,14883,14883,4,0
2022-12-02 15:06:43,14882,14882,14882,2,-2
2022-12-02 15:06:43,14882,14882,14882,2,0
2022-12-02 15:06:43,14882,14882,14882,2,0
2022-12-02 15:06:43,14882,14882,14882,2,0
2022-12-02 15:06:43,14882,14882,14882,2,0
2022-12-02 15:06:43,14882,14882,14882,2,0
2022-12-02 15:06:43,14882,14882,14882,2,0
2022-12-02 15:06:43,14882,14882,14882,4,0
2022-12-02 15:06:43,14882,14882,14882,2,0
2022-12-02 15:06:47,14881,14881,14881,2,-2
2022-12-02 15:06:47,14881,14881,14881,2,0
2022-12-02 15:06:47,14881,14881,14881,2,0
2022-12-02 15:06:47,14881,14881,14881,2,0
2022-12-02 15:06:47,14881,14881,14881,2,0
2022-12-02 15:06:47,14880,14880,14880,2,-2
2022-12-02 15:06:47,14880,14880,14880,2,0
2022-12-02 15:06:47,14880,14880,14880,10,0
2022-12-02 15:06:47,14880,14880,14880,2,0
2022-12-02 15:06:47,14880,14880,14880,2,0
2022-12-02 15:06:47,14880,14880,14880,2,0
2022-12-02 15:06:47,14880,14880,14880,2,0
2022-12-02 15:06:47,14880,14880,14880,2,0
2022-12-02 15:06:47,14880,14880,14880,2,0
2022-12-02 15:06:47,14880,14880,14880,2,0
2022-12-02 15:06:48,14880,14880,14880,2,0
2022-12-02 15:06:48,14880,14880,14880,2,0
2022-12-02 15:06:48,14882,14882,14882,4,4
2022-12-02 15:06:51,14882,14882,14882,4,0
2022-12-02 15:07:01,14884,14884,14884,2,2
2022-12-02 15:07:01,14885,14885,14885,2,2
2022-12-02 15:07:03,14885,14885,14885,2,0
2022-12-02 15:07:04,14886,14886,14886,4,4
2022-12-02 15:07:05,14886,14886,14886,2,0
2022-12-02 15:07:34,14886,14886,14886,8,0
2022-12-02 15:07:36,14886,14886,14886,2,0
2022-12-02 15:07:37,14888,14888,14888,2,2
2022-12-02 15:07:37,14889,14889,14889,2,2
2022-12-02 15:07:39,14888,14888,14888,2,-2
2022-12-02 15:07:40,14890,14890,14890,4,4
2022-12-02 15:07:42,14890,14890,14890,2,0
2022-12-02 15:07:46,14890,14890,14890,4,0
2022-12-02 15:07:46,14890,14890,14890,2,0
2022-12-02 15:07:48,14890,14890,14890,4,0
2022-12-02 15:07:49,14892,14892,14892,8,8
2022-12-02 15:07:51,14892,14892,14892,2,0
2022-12-02 15:07:54,14892,14892,14892,2,0
2022-12-02 15:07:55,14893,14893,14893,2,2
2022-12-02 15:07:55,14893,14893,14893,2,0
2022-12-02 15:07:55,14893,14893,14893,2,0
2022-12-02 15:07:55,14893,14893,14893,2,0
2022-12-02 15:07:55,14893,14893,14893,6,0
2022-12-02 15:07:55,14892,14892,14892,2,-2
2022-12-02 15:07:55,14894,14894,14894,2,2
2022-12-02 15:07:58,14893,14893,14893,2,-2
2022-12-02 15:07:58,14894,14894,14894,2,2
2022-12-02 15:07:58,14894,14894,14894,2,0
2022-12-02 15:08:01,14894,14894,14894,2,0
2022-12-02 15:08:02,14892,14892,14892,2,-2
2022-12-02 15:08:04,14892,14892,14892,2,0
2022-12-02 15:08:09,14892,14892,14892,4,0
2022-12-02 15:08:09,14892,14892,14892,6,0
2022-12-02 15:08:18,14891,14891,14891,2,-2
2022-12-02 15:08:19,14891,14891,14891,10,0
2022-12-02 15:08:19,14891,14891,14891,2,0
2022-12-02 15:08:19,14891,14891,14891,2,0
2022-12-02 15:08:24,14891,14891,14891,2,0
2022-12-02 15:08:24,14891,14891,14891,2,0
2022-12-02 15:08:25,14893,14893,14893,2,2
2022-12-02 15:08:27,14893,14893,14893,2,0
2022-12-02 15:08:50,14893,14893,14893,2,0
2022-12-02 15:08:50,14892,14892,14892,2,-2
2022-12-02 15:08:50,14892,14892,14892,2,0
2022-12-02 15:08:51,14892,14892,14892,4,0
2022-12-02 15:09:03,14891,14891,14891,2,-2
2022-12-02 15:09:08,14891,14891,14891,8,0
2022-12-02 15:09:08,14891,14891,14891,2,0
2022-12-02 15:09:20,14891,14891,14891,6,0
2022-12-02 15:09:28,14892,14892,14892,2,2
2022-12-02 15:09:28,14892,14892,14892,8,0
2022-12-02 15:09:28,14893,14893,14893,4,4
2022-12-02 15:09:29,14894,14894,14894,4,4
2022-12-02 15:09:29,14894,14894,14894,18,0
2022-12-02 15:09:30,14895,14895,14895,8,8
2022-12-02 15:09:35,14895,14895,14895,2,0
2022-12-02 15:09:36,14894,14894,14894,2,-2
2022-12-02 15:09:36,14894,14894,14894,2,0
2022-12-02 15:09:37,14894,14894,14894,2,0
2022-12-02 15:09:40,14893,14893,14893,2,-2
2022-12-02 15:09:43,14891,14891,14891,2,-2
2022-12-02 15:09:46,14894,14894,14894,2,2
2022-12-02 15:09:46,14894,14894,14894,2,0
2022-12-02 15:09:46,14894,14894,14894,2,0
2022-12-02 15:09:53,14895,14895,14895,22,22
2022-12-02 15:09:54,14896,14896,14896,12,12
2022-12-02 15:09:54,14896,14896,14896,2,0
2022-12-02 15:09:54,14896,14896,14896,4,0
2022-12-02 15:09:54,14897,14897,14897,2,2
2022-12-02 15:09:54,14896,14896,14896,2,-2
2022-12-02 15:10:00,14896,14896,14896,2,0
2022-12-02 15:10:00,14896,14896,14896,4,0
2022-12-02 15:10:00,14896,14896,14896,2,0
2022-12-02 15:10:03,14894,14894,14894,2,-2
2022-12-02 15:10:04,14894,14894,14894,2,0
2022-12-02 15:10:05,14894,14894,14894,12,0
2022-12-02 15:10:11,14893,14893,14893,2,-2
2022-12-02 15:10:21,14892,14892,14892,2,-2
2022-12-02 15:10:22,14892,14892,14892,2,0
2022-12-02 15:10:25,14893,14893,14893,2,2
2022-12-02 15:10:25,14893,14893,14893,2,0
2022-12-02 15:10:25,14893,14893,14893,2,0
2022-12-02 15:10:27,14893,14893,14893,2,0
2022-12-02 15:10:27,14893,14893,14893,2,0
2022-12-02 15:10:27,14893,14893,14893,2,0
2022-12-02 15:10:27,14893,14893,14893,4,0
2022-12-02 15:11:07,14893,14893,14893,2,0
2022-12-02 15:11:20,14893,14893,14893,2,0
2022-12-02 15:11:25,14894,14894,14894,2,2
2022-12-02 15:11:25,14894,14894,14894,6,0
2022-12-02 15:11:29,14895,14895,14895,2,2
2022-12-02 15:11:29,14895,14895,14895,6,0
2022-12-02 15:11:29,14896,14896,14896,2,2
2022-12-02 15:11:33,14896,14896,14896,2,0
2022-12-02 15:11:37,14896,14896,14896,4,0
2022-12-02 15:11:39,14896,14896,14896,2,0
2022-12-02 15:11:44,14896,14896,14896,2,0
2022-12-02 15:11:52,14896,14896,14896,2,0
2022-12-02 15:11:52,14896,14896,14896,2,0
2022-12-02 15:11:55,14894,14894,14894,2,-2
2022-12-02 15:11:58,14896,14896,14896,2,2
2022-12-02 15:11:58,14896,14896,14896,2,0
2022-12-02 15:11:59,14896,14896,14896,2,0
2022-12-02 15:11:59,14896,14896,14896,4,0
2022-12-02 15:12:02,14896,14896,14896,2,0
2022-12-02 15:12:02,14896,14896,14896,2,0
2022-12-02 15:12:02,14896,14896,14896,2,0
2022-12-02 15:12:02,14896,14896,14896,6,0
2022-12-02 15:12:03,14896,14896,14896,2,0
2022-12-02 15:12:07,14896,14896,14896,2,0
2022-12-02 15:12:09,14894,14894,14894,2,-2
2022-12-02 15:12:11,14896,14896,14896,8,8
2022-12-02 15:12:11,14896,14896,14896,2,0
2022-12-02 15:12:11,14896,14896,14896,4,0
2022-12-02 15:12:11,14896,14896,14896,2,0
2022-12-02 15:12:12,14896,14896,14896,4,0
2022-12-02 15:12:12,14895,14895,14895,2,-2
2022-12-02 15:12:12,14895,14895,14895,2,0
2022-12-02 15:12:13,14895,14895,14895,2,0
2022-12-02 15:12:14,14896,14896,14896,10,10
2022-12-02 15:12:14,14897,14897,14897,2,2
2022-12-02 15:12:18,14897,14897,14897,4,0
2022-12-02 15:12:22,14897,14897,14897,2,0
2022-12-02 15:12:24,14896,14896,14896,2,-2
2022-12-02 15:12:25,14897,14897,14897,4,4
2022-12-02 15:12:26,14897,14897,14897,6,0
2022-12-02 15:12:28,14897,14897,14897,2,0
2022-12-02 15:12:28,14896,14896,14896,2,-2
2022-12-02 15:12:28,14896,14896,14896,2,0
2022-12-02 15:12:28,14896,14896,14896,4,0
2022-12-02 15:12:28,14896,14896,14896,2,0
2022-12-02 15:12:28,14896,14896,14896,2,0
2022-12-02 15:12:28,14896,14896,14896,2,0
2022-12-02 15:12:28,14896,14896,14896,2,0
2022-12-02 15:12:28,14896,14896,14896,2,0
2022-12-02 15:12:28,14896,14896,14896,2,0
2022-12-02 15:12:28,14896,14896,14896,2,0
2022-12-02 15:12:28,14895,14895,14895,4,-4
2022-12-02 15:12:28,14895,14895,14895,2,0
2022-12-02 15:12:28,14895,14895,14895,2,0
2022-12-02 15:12:29,14897,14897,14897,10,10
2022-12-02 15:12:31,14897,14897,14897,4,0
2022-12-02 15:12:32,14896,14896,14896,10,-10
2022-12-02 15:12:34,14896,14896,14896,4,0
2022-12-02 15:12:40,14897,14897,14897,6,6
2022-12-02 15:12:41,14897,14897,14897,6,0
2022-12-02 15:12:46,14896,14896,14896,2,-2
2022-12-02 15:12:46,14897,14897,14897,8,8
2022-12-02 15:12:48,14898,14898,14898,10,10
2022-12-02 15:12:50,14898,14898,14898,4,0
2022-12-02 15:12:51,14898,14898,14898,10,0
2022-12-02 15:12:52,14898,14898,14898,2,0
2022-12-02 15:12:53,14897,14897,14897,2,-2
2022-12-02 15:12:53,14898,14898,14898,8,8
2022-12-02 15:12:55,14898,14898,14898,2,0
2022-12-02 15:12:58,14898,14898,14898,2,0
2022-12-02 15:12:58,14898,14898,14898,4,0
2022-12-02 15:12:58,14899,14899,14899,2,2
2022-12-02 15:12:58,14899,14899,14899,4,0
2022-12-02 15:13:00,14899,14899,14899,4,0
2022-12-02 15:13:02,14899,14899,14899,2,0
2022-12-02 15:13:03,14899,14899,14899,4,0
2022-12-02 15:13:04,14899,14899,14899,4,0
2022-12-02 15:13:09,14898,14898,14898,2,-2
2022-12-02 15:13:11,14898,14898,14898,2,0
2022-12-02 15:13:11,14898,14898,14898,2,0
2022-12-02 15:13:11,14898,14898,14898,2,0
2022-12-02 15:13:12,14898,14898,14898,2,0
2022-12-02 15:13:13,14897,14897,14897,2,-2
2022-12-02 15:13:13,14897,14897,14897,6,0
2022-12-02 15:13:13,14896,14896,14896,2,-2
2022-12-02 15:13:13,14896,14896,14896,2,0
2022-12-02 15:13:13,14896,14896,14896,6,0
2022-12-02 15:13:13,14896,14896,14896,2,0
2022-12-02 15:13:13,14897,14897,14897,8,8
2022-12-02 15:13:13,14897,14897,14897,2,0
2022-12-02 15:13:15,14899,14899,14899,2,2
2022-12-02 15:13:16,14898,14898,14898,2,-2
2022-12-02 15:13:20,14898,14898,14898,2,0
2022-12-02 15:13:22,14898,14898,14898,2,0
2022-12-02 15:13:23,14899,14899,14899,10,10
2022-12-02 15:13:23,14899,14899,14899,10,0
2022-12-02 15:13:23,14898,14898,14898,2,-2
2022-12-02 15:13:25,14898,14898,14898,2,0
2022-12-02 15:13:28,14898,14898,14898,2,0
2022-12-02 15:13:36,14898,14898,14898,2,0
2022-12-02 15:13:36,14898,14898,14898,2,0
2022-12-02 15:13:39,14898,14898,14898,2,0
2022-12-02 15:13:40,14899,14899,14899,2,2
2022-12-02 15:13:40,14898,14898,14898,8,-8
2022-12-02 15:13:53,14898,14898,14898,10,0
2022-12-02 15:13:54,14898,14898,14898,4,0
2022-12-02 15:13:58,14898,14898,14898,2,0
2022-12-02 15:13:59,14899,14899,14899,8,8
2022-12-02 15:13:59,14899,14899,14899,6,0
2022-12-02 15:13:59,14899,14899,14899,6,0
2022-12-02 15:14:00,14900,14900,14900,2,2
2022-12-02 15:14:00,14900,14900,14900,2,0
2022-12-02 15:14:01,14900,14900,14900,6,0
2022-12-02 15:14:01,14900,14900,14900,2,0
2022-12-02 15:14:01,14900,14900,14900,2,0
2022-12-02 15:14:01,14900,14900,14900,2,0
2022-12-02 15:14:01,14900,14900,14900,2,0
2022-12-02 15:14:01,14900,14900,14900,8,0
2022-12-02 15:14:01,14900,14900,14900,10,0
2022-12-02 15:14:01,14900,14900,14900,8,0
2022-12-02 15:14:01,14900,14900,14900,2,0
2022-12-02 15:14:01,14900,14900,14900,2,0
2022-12-02 15:14:01,14900,14900,14900,12,0
2022-12-02 15:14:01,14900,14900,14900,2,0
2022-12-02 15:14:01,14900,14900,14900,22,0
2022-12-02 15:14:01,14900,14900,14900,4,0
2022-12-02 15:14:01,14900,14900,14900,4,0
2022-12-02 15:14:01,14900,14900,14900,2,0
2022-12-02 15:14:01,14900,14900,14900,4,0
2022-12-02 15:14:01,14900,14900,14900,2,0
2022-12-02 15:14:01,14900,14900,14900,2,0
2022-12-02 15:14:01,14900,14900,14900,2,0
2022-12-02 15:14:01,14900,14900,14900,2,0
2022-12-02 15:14:03,14899,14899,14899,2,-2
2022-12-02 15:14:03,14899,14899,14899,4,0
2022-12-02 15:14:06,14899,14899,14899,4,0
2022-12-02 15:14:06,14899,14899,14899,2,0
2022-12-02 15:14:06,14898,14898,14898,2,-2
2022-12-02 15:14:11,14899,14899,14899,8,8
2022-12-02 15:14:15,14900,14900,14900,40,40
2022-12-02 15:14:19,14900,14900,14900,2,0
2022-12-02 15:14:20,14900,14900,14900,2,0
2022-12-02 15:14:21,14899,14899,14899,2,-2
2022-12-02 15:14:21,14899,14899,14899,2,0
2022-12-02 15:14:21,14899,14899,14899,2,0
2022-12-02 15:14:23,14899,14899,14899,10,0
2022-12-02 15:14:32,14899,14899,14899,4,0
2022-12-02 15:14:32,14899,14899,14899,6,0
2022-12-02 15:14:32,14899,14899,14899,2,0
2022-12-02 15:14:36,14899,14899,14899,2,0
2022-12-02 15:14:47,14899,14899,14899,2,0
2022-12-02 15:14:48,14899,14899,14899,2,0
2022-12-02 15:14:53,14899,14899,14899,2,0
2022-12-02 15:14:53,14899,14899,14899,2,0
2022-12-02 15:14:53,14899,14899,14899,2,0
2022-12-02 15:14:53,14898,14898,14898,6,-6
2022-12-02 15:14:53,14898,14898,14898,2,0
2022-12-02 15:14:53,14898,14898,14898,2,0
2022-12-02 15:14:53,14898,14898,14898,2,0
2022-12-02 15:14:53,14898,14898,14898,4,0
2022-12-02 15:14:53,14898,14898,14898,2,0
2022-12-02 15:14:53,14898,14898,14898,2,0
2022-12-02 15:14:53,14898,14898,14898,2,0
2022-12-02 15:14:53,14898,14898,14898,2,0
2022-12-02 15:14:53,14898,14898,14898,6,0
2022-12-02 15:14:53,14898,14898,14898,2,0
2022-12-02 15:14:53,14898,14898,14898,2,0
2022-12-02 15:14:53,14897,14897,14897,2,-2
2022-12-02 15:14:53,14897,14897,14897,2,0
2022-12-02 15:14:53,14897,14897,14897,2,0
2022-12-02 15:14:53,14897,14897,14897,4,0
2022-12-02 15:14:53,14897,14897,14897,2,0
2022-12-02 15:14:53,14897,14897,14897,2,0
2022-12-02 15:14:53,14897,14897,14897,2,0
2022-12-02 15:14:53,14897,14897,14897,2,0
2022-12-02 15:14:53,14897,14897,14897,2,0
2022-12-02 15:14:53,14897,14897,14897,2,0
2022-12-02 15:14:53,14897,14897,14897,2,0
2022-12-02 15:14:53,14897,14897,14897,6,0
2022-12-02 15:14:53,14897,14897,14897,2,0
2022-12-02 15:14:53,14897,14897,14897,2,0
2022-12-02 15:14:53,14897,14897,14897,10,0
2022-12-02 15:14:53,14897,14897,14897,10,0
2022-12-02 15:14:53,14897,14897,14897,10,0
2022-12-02 15:14:53,14897,14897,14897,10,0
2022-12-02 15:14:53,14897,14897,14897,2,0
2022-12-02 15:14:53,14897,14897,14897,10,0
2022-12-02 15:14:53,14897,14897,14897,14,0
2022-12-02 15:14:53,14896,14896,14896,2,-2
2022-12-02 15:14:53,14896,14896,14896,4,0
2022-12-02 15:14:53,14895,14895,14895,2,-2
2022-12-02 15:14:58,14895,14895,14895,2,0
2022-12-02 15:14:59,14897,14897,14897,2,2
2022-12-02 15:15:00,14896,14896,14896,2,-2
2022-12-02 15:15:00,14897,14897,14897,30,30
2022-12-02 15:15:00,14898,14898,14898,10,10
2022-12-02 15:15:04,14898,14898,14898,10,0
2022-12-02 15:15:06,14897,14897,14897,4,-4
2022-12-02 15:15:06,14897,14897,14897,2,0
2022-12-02 15:15:08,14896,14896,14896,4,-4
2022-12-02 15:15:08,14896,14896,14896,2,0
2022-12-02 15:15:08,14896,14896,14896,2,0
2022-12-02 15:15:08,14896,14896,14896,2,0
2022-12-02 15:15:17,14896,14896,14896,2,0
2022-12-02 15:15:18,14896,14896,14896,10,0
2022-12-02 15:15:19,14895,14895,14895,2,-2
2022-12-02 15:15:19,14895,14895,14895,4,0
2022-12-02 15:15:30,14896,14896,14896,2,2
2022-12-02 15:15:31,14897,14897,14897,2,2
2022-12-02 15:15:35,14898,14898,14898,2,2
2022-12-02 15:15:39,14898,14898,14898,2,0
2022-12-02 15:15:39,14898,14898,14898,4,0
2022-12-02 15:15:39,14898,14898,14898,2,0
2022-12-02 15:15:39,14898,14898,14898,2,0
2022-12-02 15:15:47,14898,14898,14898,2,0
2022-12-02 15:15:49,14898,14898,14898,2,0
2022-12-02 15:15:53,14899,14899,14899,6,6
2022-12-02 15:15:54,14899,14899,14899,12,0
2022-12-02 15:15:54,14899,14899,14899,8,0
2022-12-02 15:15:59,14899,14899,14899,2,0
2022-12-02 15:16:04,14899,14899,14899,2,0
2022-12-02 15:16:08,14900,14900,14900,26,26
2022-12-02 15:16:14,14901,14901,14901,20,20
2022-12-02 15:16:24,14901,14901,14901,4,0
2022-12-02 15:16:27,14900,14900,14900,14,-14
2022-12-02 15:16:27,14900,14900,14900,2,0
2022-12-02 15:16:27,14900,14900,14900,2,0
2022-12-02 15:16:27,14900,14900,14900,2,0
2022-12-02 15:16:29,14899,14899,14899,2,-2
2022-12-02 15:16:29,14899,14899,14899,14,0
2022-12-02 15:16:29,14900,14900,14900,44,44
2022-12-02 15:16:29,14900,14900,14900,4,0
2022-12-02 15:16:29,14900,14900,14900,6,0
2022-12-02 15:16:29,14900,14900,14900,2,0
2022-12-02 15:16:29,14900,14900,14900,8,0
2022-12-02 15:16:29,14900,14900,14900,2,0
2022-12-02 15:16:29,14899,14899,14899,2,-2
2022-12-02 15:16:31,14900,14900,14900,10,10
2022-12-02 15:16:31,14899,14899,14899,2,-2
2022-12-02 15:16:31,14899,14899,14899,2,0
2022-12-02 15:16:31,14899,14899,14899,2,0
2022-12-02 15:16:31,14899,14899,14899,4,0
2022-12-02 15:16:37,14899,14899,14899,2,0
2022-12-02 15:16:38,14900,14900,14900,6,6
2022-12-02 15:16:41,14901,14901,14901,8,8
2022-12-02 15:16:44,14901,14901,14901,8,0
2022-12-02 15:16:44,14901,14901,14901,2,0
2022-12-02 15:16:45,14901,14901,14901,2,0
2022-12-02 15:16:45,14901,14901,14901,6,0
2022-12-02 15:16:48,14902,14902,14902,2,2
2022-12-02 15:16:48,14902,14902,14902,2,0
2022-12-02 15:16:48,14902,14902,14902,16,0
2022-12-02 15:16:48,14902,14902,14902,2,0
2022-12-02 15:16:48,14902,14902,14902,14,0
2022-12-02 15:16:51,14901,14901,14901,2,-2
2022-12-02 15:16:52,14902,14902,14902,2,2
2022-12-02 15:16:52,14902,14902,14902,2,0
2022-12-02 15:16:53,14901,14901,14901,6,-6
2022-12-02 15:16:58,14902,14902,14902,2,2
2022-12-02 15:16:59,14901,14901,14901,2,-2
2022-12-02 15:17:00,14902,14902,14902,2,2
2022-12-02 15:17:03,14902,14902,14902,6,0
2022-12-02 15:17:08,14903,14903,14903,10,10
2022-12-02 15:17:08,14903,14903,14903,4,0
2022-12-02 15:17:08,14903,14903,14903,10,0
2022-12-02 15:17:08,14903,14903,14903,2,0
2022-12-02 15:17:10,14903,14903,14903,2,0
2022-12-02 15:17:12,14902,14902,14902,2,-2
2022-12-02 15:17:12,14902,14902,14902,2,0
2022-12-02 15:17:12,14902,14902,14902,2,0
2022-12-02 15:17:12,14902,14902,14902,2,0
2022-12-02 15:17:12,14901,14901,14901,2,-2
2022-12-02 15:17:12,14901,14901,14901,2,0
2022-12-02 15:17:12,14901,14901,14901,2,0
2022-12-02 15:17:19,14902,14902,14902,2,2
2022-12-02 15:17:21,14903,14903,14903,24,24
2022-12-02 15:17:21,14904,14904,14904,18,18
2022-12-02 15:17:22,14903,14903,14903,2,-2
2022-12-02 15:17:25,14902,14902,14902,4,-4
2022-12-02 15:17:25,14902,14902,14902,2,0
2022-12-02 15:17:34,14902,14902,14902,2,0
2022-12-02 15:17:53,14900,14900,14900,2,-2
2022-12-02 15:17:55,14901,14901,14901,2,2
2022-12-02 15:18:04,14900,14900,14900,2,-2
2022-12-02 15:18:06,14900,14900,14900,2,0
2022-12-02 15:18:08,14900,14900,14900,2,0
2022-12-02 15:18:12,14900,14900,14900,2,0
2022-12-02 15:18:22,14900,14900,14900,2,0
2022-12-02 15:18:23,14900,14900,14900,2,0
2022-12-02 15:18:33,14900,14900,14900,2,0
2022-12-02 15:18:37,14899,14899,14899,2,-2
2022-12-02 15:18:37,14899,14899,14899,2,0
2022-12-02 15:18:50,14899,14899,14899,2,0
2022-12-02 15:18:54,14899,14899,14899,2,0
2022-12-02 15:18:54,14899,14899,14899,2,0
2022-12-02 15:18:54,14899,14899,14899,2,0
2022-12-02 15:18:54,14899,14899,14899,2,0
2022-12-02 15:19:14,14900,14900,14900,2,2
2022-12-02 15:19:14,14900,14900,14900,2,0
2022-12-02 15:19:21,14901,14901,14901,2,2
2022-12-02 15:19:23,14900,14900,14900,2,-2
2022-12-02 15:19:26,14900,14900,14900,2,0
2022-12-02 15:19:27,14900,14900,14900,2,0
2022-12-02 15:19:36,14901,14901,14901,2,2
2022-12-02 15:19:45,14901,14901,14901,2,0
2022-12-02 15:19:46,14901,14901,14901,2,0
2022-12-02 15:20:00,14900,14900,14900,2,-2
2022-12-02 15:20:00,14900,14900,14900,2,0
2022-12-02 15:20:00,14901,14901,14901,2,2
2022-12-02 15:20:06,14900,14900,14900,2,-2
2022-12-02 15:20:15,14901,14901,14901,2,2
2022-12-02 15:20:15,14901,14901,14901,10,0
2022-12-02 15:20:15,14901,14901,14901,2,0
2022-12-02 15:20:17,14901,14901,14901,2,0
2022-12-02 15:20:19,14901,14901,14901,2,0
2022-12-02 15:20:21,14901,14901,14901,2,0
2022-12-02 15:20:26,14902,14902,14902,2,2
2022-12-02 15:20:26,14902,14902,14902,2,0
2022-12-02 15:20:26,14902,14902,14902,6,0
2022-12-02 15:20:26,14902,14902,14902,2,0
2022-12-02 15:20:26,14902,14902,14902,10,0
2022-12-02 15:20:28,14903,14903,14903,2,2
2022-12-02 15:20:28,14903,14903,14903,2,0
2022-12-02 15:20:28,14903,14903,14903,2,0
2022-12-02 15:20:30,14903,14903,14903,2,0
2022-12-02 15:20:31,14903,14903,14903,2,0
2022-12-02 15:20:32,14902,14902,14902,2,-2
2022-12-02 15:21:00,14903,14903,14903,4,4
2022-12-02 15:21:01,14903,14903,14903,2,0
2022-12-02 15:21:11,14903,14903,14903,2,0
2022-12-02 15:21:11,14903,14903,14903,2,0
2022-12-02 15:21:13,14903,14903,14903,2,0
2022-12-02 15:21:14,14902,14902,14902,2,-2
2022-12-02 15:21:14,14902,14902,14902,2,0
2022-12-02 15:21:17,14901,14901,14901,2,-2
2022-12-02 15:21:17,14901,14901,14901,2,0
2022-12-02 15:21:17,14901,14901,14901,6,0
2022-12-02 15:21:23,14900,14900,14900,2,-2
2022-12-02 15:21:23,14900,14900,14900,2,0
2022-12-02 15:21:23,14900,14900,14900,2,0
2022-12-02 15:21:23,14900,14900,14900,4,0
2022-12-02 15:21:23,14900,14900,14900,2,0
2022-12-02 15:21:23,14900,14900,14900,2,0
2022-12-02 15:21:23,14900,14900,14900,2,0
2022-12-02 15:21:23,14900,14900,14900,2,0
2022-12-02 15:21:23,14900,14900,14900,2,0
2022-12-02 15:21:38,14901,14901,14901,2,2
2022-12-02 15:21:39,14901,14901,14901,2,0
2022-12-02 15:21:39,14901,14901,14901,2,0
2022-12-02 15:21:40,14900,14900,14900,2,-2
2022-12-02 15:21:41,14900,14900,14900,2,0
2022-12-02 15:21:42,14900,14900,14900,2,0
2022-12-02 15:21:42,14900,14900,14900,2,0
2022-12-02 15:21:42,14900,14900,14900,6,0
2022-12-02 15:21:42,14899,14899,14899,2,-2
2022-12-02 15:21:45,14900,14900,14900,4,4
2022-12-02 15:21:47,14901,14901,14901,2,2
2022-12-02 15:21:50,14900,14900,14900,2,-2
2022-12-02 15:21:52,14900,14900,14900,2,0
2022-12-02 15:21:53,14902,14902,14902,2,2
2022-12-02 15:21:58,14900,14900,14900,2,-2
2022-12-02 15:21:59,14899,14899,14899,2,-2
2022-12-02 15:22:00,14898,14898,14898,2,-2
2022-12-02 15:22:00,14900,14900,14900,4,4
2022-12-02 15:22:08,14899,14899,14899,2,-2
2022-12-02 15:22:12,14898,14898,14898,2,-2
2022-12-02 15:22:12,14898,14898,14898,2,0
2022-12-02 15:22:12,14898,14898,14898,4,0
2022-12-02 15:22:12,14898,14898,14898,2,0
2022-12-02 15:22:12,14898,14898,14898,2,0
2022-12-02 15:22:12,14898,14898,14898,2,0
2022-12-02 15:22:12,14898,14898,14898,2,0
2022-12-02 15:22:12,14898,14898,14898,2,0
2022-12-02 15:22:12,14898,14898,14898,2,0
2022-12-02 15:22:12,14898,14898,14898,2,0
2022-12-02 15:22:19,14898,14898,14898,2,0
2022-12-02 15:22:24,14898,14898,14898,2,0
2022-12-02 15:22:24,14899,14899,14899,2,2
2022-12-02 15:22:24,14899,14899,14899,2,0
2022-12-02 15:22:25,14897,14897,14897,2,-2
2022-12-02 15:22:25,14897,14897,14897,2,0
2022-12-02 15:22:26,14898,14898,14898,2,2
2022-12-02 15:22:29,14898,14898,14898,2,0
2022-12-02 15:22:30,14899,14899,14899,4,4
2022-12-02 15:22:38,14899,14899,14899,2,0
2022-12-02 15:23:00,14899,14899,14899,2,0
2022-12-02 15:23:01,14899,14899,14899,2,0
2022-12-02 15:23:02,14899,14899,14899,2,0
2022-12-02 15:23:04,14898,14898,14898,2,-2
2022-12-02 15:23:04,14898,14898,14898,8,0
2022-12-02 15:23:08,14897,14897,14897,2,-2
2022-12-02 15:23:08,14897,14897,14897,2,0
2022-12-02 15:23:11,14898,14898,14898,2,2
2022-12-02 15:23:11,14897,14897,14897,2,-2
2022-12-02 15:23:11,14897,14897,14897,2,0
2022-12-02 15:23:14,14897,14897,14897,2,0
2022-12-02 15:23:16,14897,14897,14897,2,0
2022-12-02 15:23:16,14897,14897,14897,2,0
2022-12-02 15:23:19,14896,14896,14896,2,-2
2022-12-02 15:23:27,14897,14897,14897,2,2
2022-12-02 15:23:27,14897,14897,14897,4,0
2022-12-02 15:23:28,14897,14897,14897,2,0
2022-12-02 15:23:28,14897,14897,14897,2,0
2022-12-02 15:23:32,14897,14897,14897,2,0
2022-12-02 15:23:32,14897,14897,14897,2,0
2022-12-02 15:23:47,14898,14898,14898,2,2
2022-12-02 15:23:47,14898,14898,14898,8,0
2022-12-02 15:23:47,14898,14898,14898,2,0
2022-12-02 15:23:47,14898,14898,14898,4,0
2022-12-02 15:24:05,14899,14899,14899,20,20
2022-12-02 15:24:05,14900,14900,14900,2,2
2022-12-02 15:24:05,14900,14900,14900,4,0
2022-12-02 15:24:05,14900,14900,14900,2,0
2022-12-02 15:24:05,14900,14900,14900,4,0
2022-12-02 15:24:05,14900,14900,14900,8,0
2022-12-02 15:24:05,14900,14900,14900,2,0
2022-12-02 15:24:05,14900,14900,14900,2,0
2022-12-02 15:24:05,14900,14900,14900,2,0
2022-12-02 15:24:05,14900,14900,14900,2,0
2022-12-02 15:24:05,14900,14900,14900,2,0
2022-12-02 15:24:05,14900,14900,14900,2,0
2022-12-02 15:24:05,14900,14900,14900,2,0
2022-12-02 15:24:05,14900,14900,14900,2,0
2022-12-02 15:24:05,14900,14900,14900,8,0
2022-12-02 15:24:05,14900,14900,14900,28,0
2022-12-02 15:24:06,14900,14900,14900,2,0
2022-12-02 15:24:06,14900,14900,14900,2,0
2022-12-02 15:24:08,14901,14901,14901,2,2
2022-12-02 15:24:16,14901,14901,14901,2,0
2022-12-02 15:24:23,14899,14899,14899,2,-2
2022-12-02 15:24:28,14900,14900,14900,2,2
2022-12-02 15:24:35,14900,14900,14900,4,0
2022-12-02 15:24:49,14898,14898,14898,4,-4
2022-12-02 15:24:50,14898,14898,14898,2,0
2022-12-02 15:24:50,14898,14898,14898,2,0
2022-12-02 15:24:52,14897,14897,14897,2,-2
2022-12-02 15:24:52,14897,14897,14897,2,0
2022-12-02 15:24:52,14899,14899,14899,2,2
2022-12-02 15:24:55,14896,14896,14896,2,-2
2022-12-02 15:24:55,14896,14896,14896,2,0
2022-12-02 15:24:55,14896,14896,14896,6,0
2022-12-02 15:25:01,14898,14898,14898,2,2
2022-12-02 15:25:02,14898,14898,14898,2,0
2022-12-02 15:25:02,14898,14898,14898,2,0
2022-12-02 15:25:39,14898,14898,14898,2,0
2022-12-02 15:25:45,14896,14896,14896,4,-4
2022-12-02 15:25:45,14896,14896,14896,4,0
2022-12-02 15:25:45,14896,14896,14896,2,0
2022-12-02 15:25:45,14896,14896,14896,4,0
2022-12-02 15:25:45,14896,14896,14896,2,0
2022-12-02 15:25:52,14895,14895,14895,2,-2
2022-12-02 15:26:00,14896,14896,14896,2,2
2022-12-02 15:26:08,14897,14897,14897,2,2
2022-12-02 15:26:08,14897,14897,14897,2,0
2022-12-02 15:26:11,14897,14897,14897,2,0
2022-12-02 15:26:21,14897,14897,14897,2,0
2022-12-02 15:26:22,14898,14898,14898,2,2
2022-12-02 15:26:23,14898,14898,14898,4,0
2022-12-02 15:26:23,14898,14898,14898,2,0
2022-12-02 15:26:33,14897,14897,14897,2,-2
2022-12-02 15:26:43,14897,14897,14897,2,0
2022-12-02 15:27:05,14897,14897,14897,2,0
2022-12-02 15:27:11,14897,14897,14897,2,0
2022-12-02 15:27:16,14896,14896,14896,2,-2
2022-12-02 15:27:16,14896,14896,14896,10,0
2022-12-02 15:27:16,14896,14896,14896,6,0
2022-12-02 15:27:16,14896,14896,14896,2,0
2022-12-02 15:27:38,14895,14895,14895,2,-2
2022-12-02 15:27:43,14895,14895,14895,2,0
2022-12-02 15:27:46,14895,14895,14895,2,0
2022-12-02 15:27:50,14896,14896,14896,2,2
2022-12-02 15:27:54,14895,14895,14895,2,-2
2022-12-02 15:28:10,14895,14895,14895,2,0
2022-12-02 15:28:27,14895,14895,14895,6,0
2022-12-02 15:28:42,14895,14895,14895,10,0
2022-12-02 15:28:52,14896,14896,14896,2,2
2022-12-02 15:28:58,14895,14895,14895,10,-10
2022-12-02 15:28:59,14895,14895,14895,2,0
2022-12-02 15:28:59,14895,14895,14895,2,0
2022-12-02 15:28:59,14895,14895,14895,28,0
2022-12-02 15:28:59,14895,14895,14895,2,0
2022-12-02 15:28:59,14895,14895,14895,10,0
2022-12-02 15:28:59,14895,14895,14895,2,0
2022-12-02 15:28:59,14895,14895,14895,2,0
2022-12-02 15:28:59,14895,14895,14895,2,0
2022-12-02 15:28:59,14894,14894,14894,2,-2
2022-12-02 15:29:00,14894,14894,14894,2,0
2022-12-02 15:29:04,14893,14893,14893,2,-2
2022-12-02 15:29:05,14894,14894,14894,20,20
2022-12-02 15:29:05,14895,14895,14895,2,2
2022-12-02 15:29:27,14895,14895,14895,2,0
2022-12-02 15:29:31,14896,14896,14896,4,4
2022-12-02 15:29:34,14896,14896,14896,4,0
2022-12-02 15:29:34,14896,14896,14896,2,0
2022-12-02 15:29:38,14896,14896,14896,2,0
2022-12-02 15:29:40,14896,14896,14896,2,0
2022-12-02 15:29:43,14896,14896,14896,2,0
2022-12-02 15:29:48,14896,14896,14896,2,0
2022-12-02 15:30:01,14896,14896,14896,2,0
2022-12-02 15:30:01,14895,14895,14895,2,-2
2022-12-02 15:30:01,14894,14894,14894,4,-4
2022-12-02 15:30:01,14894,14894,14894,2,0
2022-12-02 15:30:01,14894,14894,14894,2,0
2022-12-02 15:30:01,14894,14894,14894,2,0
2022-12-02 15:30:01,14894,14894,14894,2,0
2022-12-02 15:30:01,14895,14895,14895,2,2
2022-12-02 15:30:03,14895,14895,14895,2,0
2022-12-02 15:30:03,14895,14895,14895,2,0
2022-12-02 15:30:03,14895,14895,14895,2,0
2022-12-02 15:30:03,14895,14895,14895,4,0
2022-12-02 15:30:03,14895,14895,14895,4,0
2022-12-02 15:30:13,14894,14894,14894,2,-2
2022-12-02 15:30:13,14893,14893,14893,2,-2
2022-12-02 15:30:21,14895,14895,14895,2,2
2022-12-02 15:30:22,14895,14895,14895,2,0
2022-12-02 15:30:28,14894,14894,14894,2,-2
2022-12-02 15:30:29,14895,14895,14895,2,2
2022-12-02 15:30:33,14896,14896,14896,2,2
2022-12-02 15:30:34,14896,14896,14896,2,0
2022-12-02 15:30:47,14895,14895,14895,2,-2
2022-12-02 15:30:54,14894,14894,14894,2,-2
2022-12-02 15:31:00,14894,14894,14894,10,0
2022-12-02 15:31:00,14895,14895,14895,2,2
2022-12-02 15:31:01,14894,14894,14894,2,-2
2022-12-02 15:31:04,14894,14894,14894,2,0
2022-12-02 15:31:06,14893,14893,14893,2,-2
2022-12-02 15:31:06,14893,14893,14893,2,0
2022-12-02 15:31:06,14893,14893,14893,2,0
2022-12-02 15:31:06,14893,14893,14893,2,0
2022-12-02 15:31:19,14893,14893,14893,2,0
2022-12-02 15:31:26,14894,14894,14894,2,2
2022-12-02 15:31:28,14894,14894,14894,2,0
2022-12-02 15:31:47,14893,14893,14893,4,-4
2022-12-02 15:31:55,14892,14892,14892,4,-4
2022-12-02 15:31:55,14892,14892,14892,2,0
2022-12-02 15:31:55,14892,14892,14892,4,0
2022-12-02 15:31:59,14892,14892,14892,2,0
2022-12-02 15:31:59,14892,14892,14892,4,0
2022-12-02 15:32:00,14893,14893,14893,2,2
2022-12-02 15:32:05,14893,14893,14893,2,0
2022-12-02 15:32:06,14892,14892,14892,2,-2
2022-12-02 15:32:11,14893,14893,14893,2,2
2022-12-02 15:32:16,14892,14892,14892,2,-2
2022-12-02 15:32:16,14892,14892,14892,2,0
2022-12-02 15:32:22,14892,14892,14892,2,0
2022-12-02 15:32:22,14892,14892,14892,2,0
2022-12-02 15:32:22,14892,14892,14892,2,0
2022-12-02 15:32:35,14892,14892,14892,2,0
2022-12-02 15:32:38,14891,14891,14891,4,-4
2022-12-02 15:32:39,14892,14892,14892,2,2
2022-12-02 15:32:45,14891,14891,14891,2,-2
2022-12-02 15:32:53,14892,14892,14892,2,2
2022-12-02 15:32:54,14892,14892,14892,2,0
2022-12-02 15:33:02,14892,14892,14892,2,0
2022-12-02 15:33:03,14891,14891,14891,2,-2
2022-12-02 15:33:06,14892,14892,14892,2,2
2022-12-02 15:33:14,14892,14892,14892,2,0
2022-12-02 15:33:16,14892,14892,14892,6,0
2022-12-02 15:33:21,14892,14892,14892,2,0
2022-12-02 15:33:21,14892,14892,14892,2,0
2022-12-02 15:33:21,14892,14892,14892,2,0
2022-12-02 15:33:21,14892,14892,14892,2,0
2022-12-02 15:33:21,14892,14892,14892,2,0
2022-12-02 15:33:32,14893,14893,14893,8,8
2022-12-02 15:34:00,14893,14893,14893,2,0
2022-12-02 15:34:05,14893,14893,14893,2,0
2022-12-02 15:34:05,14893,14893,14893,2,0
2022-12-02 15:34:06,14893,14893,14893,2,0
2022-12-02 15:34:19,14895,14895,14895,2,2
2022-12-02 15:34:19,14895,14895,14895,2,0
2022-12-02 15:34:25,14896,14896,14896,2,2
2022-12-02 15:34:33,14896,14896,14896,2,0
2022-12-02 15:34:57,14896,14896,14896,2,0
2022-12-02 15:34:59,14896,14896,14896,2,0
2022-12-02 15:35:00,14896,14896,14896,2,0
2022-12-02 15:35:00,14896,14896,14896,2,0
2022-12-02 15:35:00,14897,14897,14897,2,2
2022-12-02 15:35:00,14897,14897,14897,2,0
2022-12-02 15:35:00,14897,14897,14897,2,0
2022-12-02 15:35:00,14897,14897,14897,2,0
2022-12-02 15:35:00,14897,14897,14897,2,0
2022-12-02 15:35:00,14897,14897,14897,2,0
2022-12-02 15:35:01,14897,14897,14897,2,0
2022-12-02 15:35:02,14897,14897,14897,2,0
2022-12-02 15:35:03,14897,14897,14897,4,0
2022-12-02 15:35:04,14897,14897,14897,2,0
2022-12-02 15:35:10,14897,14897,14897,2,0
2022-12-02 15:35:12,14897,14897,14897,2,0
2022-12-02 15:35:12,14898,14898,14898,20,20
2022-12-02 15:35:12,14898,14898,14898,6,0
2022-12-02 15:35:12,14898,14898,14898,2,0
2022-12-02 15:35:15,14899,14899,14899,6,6
2022-12-02 15:35:39,14897,14897,14897,2,-2
2022-12-02 15:35:39,14897,14897,14897,2,0
2022-12-02 15:36:01,14897,14897,14897,2,0
2022-12-02 15:36:01,14897,14897,14897,2,0
2022-12-02 15:36:11,14897,14897,14897,2,0
2022-12-02 15:36:11,14897,14897,14897,2,0
2022-12-02 15:36:20,14898,14898,14898,2,2
2022-12-02 15:36:20,14898,14898,14898,4,0
2022-12-02 15:36:20,14898,14898,14898,2,0
2022-12-02 15:36:35,14898,14898,14898,2,0
2022-12-02 15:36:40,14898,14898,14898,2,0
2022-12-02 15:36:59,14897,14897,14897,2,-2
2022-12-02 15:36:59,14897,14897,14897,2,0
2022-12-02 15:37:08,14898,14898,14898,4,4
2022-12-02 15:37:48,14898,14898,14898,8,0
2022-12-02 15:38:00,14898,14898,14898,2,0
2022-12-02 15:38:01,14898,14898,14898,4,0
2022-12-02 15:38:02,14899,14899,14899,2,2
2022-12-02 15:38:02,14899,14899,14899,2,0
2022-12-02 15:38:02,14899,14899,14899,2,0
2022-12-02 15:38:02,14899,14899,14899,4,0
2022-12-02 15:38:02,14899,14899,14899,2,0
2022-12-02 15:38:02,14899,14899,14899,6,0
2022-12-02 15:38:02,14899,14899,14899,4,0
2022-12-02 15:38:02,14900,14900,14900,2,2
2022-12-02 15:38:02,14900,14900,14900,2,0
2022-12-02 15:38:03,14900,14900,14900,2,0
2022-12-02 15:38:03,14899,14899,14899,2,-2
2022-12-02 15:38:08,14900,14900,14900,2,2
2022-12-02 15:38:10,14900,14900,14900,2,0
2022-12-02 15:38:10,14900,14900,14900,2,0
2022-12-02 15:38:19,14899,14899,14899,2,-2
2022-12-02 15:38:20,14900,14900,14900,2,2
2022-12-02 15:38:40,14900,14900,14900,2,0
2022-12-02 15:38:46,14899,14899,14899,2,-2
2022-12-02 15:38:46,14899,14899,14899,2,0
2022-12-02 15:38:47,14899,14899,14899,4,0
2022-12-02 15:38:49,14899,14899,14899,2,0
2022-12-02 15:38:56,14899,14899,14899,2,0
2022-12-02 15:38:57,14900,14900,14900,2,2
2022-12-02 15:39:09,14900,14900,14900,2,0
2022-12-02 15:39:20,14900,14900,14900,10,0
2022-12-02 15:39:31,14900,14900,14900,2,0
2022-12-02 15:39:31,14900,14900,14900,18,0
2022-12-02 15:39:31,14900,14900,14900,2,0
2022-12-02 15:39:31,14900,14900,14900,2,0
2022-12-02 15:39:31,14900,14900,14900,2,0
2022-12-02 15:39:31,14900,14900,14900,16,0
2022-12-02 15:39:31,14900,14900,14900,4,0
2022-12-02 15:39:31,14900,14900,14900,6,0
2022-12-02 15:39:31,14900,14900,14900,6,0
2022-12-02 15:39:37,14900,14900,14900,2,0
2022-12-02 15:39:40,14900,14900,14900,2,0
2022-12-02 15:39:41,14899,14899,14899,2,-2
2022-12-02 15:39:41,14899,14899,14899,2,0
2022-12-02 15:39:58,14899,14899,14899,2,0
2022-12-02 15:40:02,14900,14900,14900,2,2
2022-12-02 15:40:08,14899,14899,14899,2,-2
2022-12-02 15:40:08,14899,14899,14899,2,0
2022-12-02 15:40:12,14899,14899,14899,12,0
2022-12-02 15:40:21,14899,14899,14899,2,0
2022-12-02 15:40:22,14900,14900,14900,22,22
2022-12-02 15:40:35,14901,14901,14901,2,2
2022-12-02 15:40:35,14902,14902,14902,2,2
2022-12-02 15:40:47,14901,14901,14901,2,-2
2022-12-02 15:40:47,14901,14901,14901,4,0
2022-12-02 15:40:47,14901,14901,14901,2,0
2022-12-02 15:40:48,14900,14900,14900,2,-2
2022-12-02 15:40:54,14901,14901,14901,2,2
2022-12-02 15:40:58,14900,14900,14900,2,-2
2022-12-02 15:40:58,14900,14900,14900,2,0
2022-12-02 15:40:58,14900,14900,14900,6,0
2022-12-02 15:41:00,14901,14901,14901,2,2
2022-12-02 15:41:02,14901,14901,14901,2,0
2022-12-02 15:41:04,14901,14901,14901,8,0
2022-12-02 15:41:17,14901,14901,14901,10,0
2022-12-02 15:41:30,14900,14900,14900,2,-2
2022-12-02 15:41:35,14899,14899,14899,2,-2
2022-12-02 15:41:35,14899,14899,14899,2,0
2022-12-02 15:41:43,14898,14898,14898,2,-2
2022-12-02 15:41:54,14898,14898,14898,2,0
2022-12-02 15:41:54,14898,14898,14898,2,0
2022-12-02 15:42:00,14899,14899,14899,4,4
2022-12-02 15:42:00,14899,14899,14899,2,0
2022-12-02 15:42:01,14898,14898,14898,2,-2
2022-12-02 15:42:01,14898,14898,14898,2,0
2022-12-02 15:42:01,14898,14898,14898,2,0
2022-12-02 15:42:08,14898,14898,14898,2,0
2022-12-02 15:42:08,14898,14898,14898,2,0
2022-12-02 15:42:08,14898,14898,14898,2,0
2022-12-02 15:42:08,14898,14898,14898,2,0
2022-12-02 15:42:09,14898,14898,14898,2,0
2022-12-02 15:42:49,14897,14897,14897,2,-2
2022-12-02 15:42:49,14897,14897,14897,2,0
2022-12-02 15:42:49,14897,14897,14897,2,0
2022-12-02 15:42:56,14896,14896,14896,2,-2
2022-12-02 15:43:00,14897,14897,14897,2,2
2022-12-02 15:43:04,14897,14897,14897,2,0
2022-12-02 15:43:07,14898,14898,14898,20,20
2022-12-02 15:43:08,14896,14896,14896,2,-2
2022-12-02 15:43:12,14899,14899,14899,16,16
2022-12-02 15:43:32,14897,14897,14897,2,-2
2022-12-02 15:43:47,14898,14898,14898,2,2
2022-12-02 15:43:56,14897,14897,14897,12,-12
2022-12-02 15:43:56,14897,14897,14897,2,0
2022-12-02 15:43:56,14897,14897,14897,4,0
2022-12-02 15:43:56,14897,14897,14897,2,0
2022-12-02 15:43:56,14897,14897,14897,2,0
2022-12-02 15:43:56,14897,14897,14897,2,0
2022-12-02 15:43:56,14897,14897,14897,2,0
2022-12-02 15:43:56,14897,14897,14897,2,0
2022-12-02 15:44:00,14897,14897,14897,2,0
2022-12-02 15:44:01,14899,14899,14899,2,2
2022-12-02 15:44:03,14899,14899,14899,2,0
2022-12-02 15:44:04,14898,14898,14898,2,-2
2022-12-02 15:44:04,14898,14898,14898,2,0
2022-12-02 15:44:04,14898,14898,14898,6,0
2022-12-02 15:44:04,14898,14898,14898,2,0
2022-12-02 15:44:04,14897,14897,14897,2,-2
2022-12-02 15:44:04,14897,14897,14897,2,0
2022-12-02 15:44:04,14897,14897,14897,4,0
2022-12-02 15:44:04,14897,14897,14897,2,0
2022-12-02 15:44:04,14897,14897,14897,2,0
2022-12-02 15:44:04,14897,14897,14897,2,0
2022-12-02 15:44:04,14897,14897,14897,2,0
2022-12-02 15:44:04,14897,14897,14897,2,0
2022-12-02 15:44:06,14897,14897,14897,4,0
2022-12-02 15:44:06,14897,14897,14897,2,0
2022-12-02 15:44:06,14897,14897,14897,2,0
2022-12-02 15:44:06,14897,14897,14897,2,0
2022-12-02 15:44:06,14897,14897,14897,6,0
2022-12-02 15:44:06,14897,14897,14897,4,0
2022-12-02 15:44:06,14897,14897,14897,2,0
2022-12-02 15:44:06,14897,14897,14897,2,0
2022-12-02 15:44:06,14897,14897,14897,2,0
2022-12-02 15:44:06,14897,14897,14897,2,0
2022-12-02 15:44:06,14897,14897,14897,2,0
2022-12-02 15:44:06,14898,14898,14898,2,2
2022-12-02 15:44:26,14896,14896,14896,2,-2
2022-12-02 15:44:44,14896,14896,14896,2,0
2022-12-02 15:45:01,14896,14896,14896,2,0
2022-12-02 15:45:09,14896,14896,14896,2,0
2022-12-02 15:45:15,14895,14895,14895,2,-2
2022-12-02 15:45:21,14895,14895,14895,2,0
2022-12-02 15:45:21,14895,14895,14895,2,0
2022-12-02 15:45:21,14895,14895,14895,2,0
2022-12-02 15:45:28,14894,14894,14894,2,-2
2022-12-02 15:45:29,14894,14894,14894,2,0
2022-12-02 15:45:32,14894,14894,14894,2,0
2022-12-02 15:45:32,14894,14894,14894,2,0
2022-12-02 15:45:34,14894,14894,14894,2,0
2022-12-02 15:45:34,14894,14894,14894,2,0
2022-12-02 15:45:43,14893,14893,14893,2,-2
2022-12-02 15:45:43,14893,14893,14893,2,0
2022-12-02 15:45:45,14892,14892,14892,2,-2
2022-12-02 15:45:48,14892,14892,14892,2,0
2022-12-02 15:45:56,14892,14892,14892,2,0
2022-12-02 15:46:00,14893,14893,14893,4,4
2022-12-02 15:46:00,14893,14893,14893,2,0
2022-12-02 15:46:05,14893,14893,14893,66,0
2022-12-02 15:46:05,14894,14894,14894,2,2
2022-12-02 15:46:05,14894,14894,14894,4,0
2022-12-02 15:46:20,14893,14893,14893,2,-2
2022-12-02 15:46:20,14892,14892,14892,6,-6
2022-12-02 15:46:32,14892,14892,14892,2,0
2022-12-02 15:47:11,14893,14893,14893,2,2
2022-12-02 15:47:25,14893,14893,14893,2,0
2022-12-02 15:47:27,14892,14892,14892,2,-2
2022-12-02 15:47:27,14892,14892,14892,2,0
2022-12-02 15:47:27,14892,14892,14892,2,0
2022-12-02 15:47:34,14892,14892,14892,6,0
2022-12-02 15:47:34,14892,14892,14892,2,0
2022-12-02 15:47:34,14892,14892,14892,10,0
2022-12-02 15:47:34,14892,14892,14892,4,0
2022-12-02 15:47:34,14892,14892,14892,2,0
2022-12-02 15:47:34,14892,14892,14892,2,0
2022-12-02 15:47:34,14892,14892,14892,2,0
2022-12-02 15:47:34,14893,14893,14893,2,2
2022-12-02 15:47:45,14893,14893,14893,2,0
2022-12-02 15:47:45,14893,14893,14893,6,0
2022-12-02 15:47:46,14892,14892,14892,2,-2
2022-12-02 15:47:50,14893,14893,14893,2,2
2022-12-02 15:48:13,14893,14893,14893,8,0
2022-12-02 15:48:22,14893,14893,14893,2,0
2022-12-02 15:48:35,14893,14893,14893,4,0
2022-12-02 15:48:51,14892,14892,14892,2,-2
2022-12-02 15:48:51,14892,14892,14892,2,0
2022-12-02 15:49:01,14892,14892,14892,2,0
2022-12-02 15:49:05,14892,14892,14892,6,0
2022-12-02 15:49:35,14892,14892,14892,8,0
2022-12-02 15:49:38,14892,14892,14892,2,0
2022-12-02 15:49:56,14892,14892,14892,2,0
2022-12-02 15:50:09,14892,14892,14892,2,0
2022-12-02 15:50:10,14893,14893,14893,2,2
2022-12-02 15:50:19,14892,14892,14892,2,-2
2022-12-02 15:50:29,14893,14893,14893,2,2
2022-12-02 15:51:03,14892,14892,14892,2,-2
2022-12-02 15:51:16,14893,14893,14893,2,2
2022-12-02 15:51:16,14893,14893,14893,4,0
2022-12-02 15:51:29,14894,14894,14894,2,2
2022-12-02 15:51:32,14894,14894,14894,2,0
2022-12-02 15:51:35,14895,14895,14895,2,2
2022-12-02 15:51:35,14895,14895,14895,2,0
2022-12-02 15:51:40,14895,14895,14895,2,0
2022-12-02 15:51:59,14894,14894,14894,2,-2
2022-12-02 15:52:00,14894,14894,14894,2,0
2022-12-02 15:52:07,14894,14894,14894,2,0
2022-12-02 15:52:25,14894,14894,14894,2,0
2022-12-02 15:52:25,14894,14894,14894,2,0
2022-12-02 15:52:28,14894,14894,14894,2,0
2022-12-02 15:53:00,14895,14895,14895,2,2
2022-12-02 15:53:01,14896,14896,14896,2,2
2022-12-02 15:53:05,14896,14896,14896,2,0
2022-12-02 15:53:06,14896,14896,14896,2,0
2022-12-02 15:53:21,14895,14895,14895,2,-2
2022-12-02 15:53:32,14895,14895,14895,2,0
2022-12-02 15:53:35,14896,14896,14896,2,2
2022-12-02 15:53:35,14895,14895,14895,2,-2
2022-12-02 15:53:35,14895,14895,14895,2,0
2022-12-02 15:53:35,14895,14895,14895,2,0
2022-12-02 15:53:44,14895,14895,14895,2,0
2022-12-02 15:53:46,14894,14894,14894,2,-2
2022-12-02 15:53:46,14894,14894,14894,2,0
2022-12-02 15:53:46,14894,14894,14894,2,0
2022-12-02 15:53:46,14894,14894,14894,2,0
2022-12-02 15:54:02,14894,14894,14894,2,0
2022-12-02 15:54:21,14893,14893,14893,2,-2
2022-12-02 15:54:25,14893,14893,14893,2,0
2022-12-02 15:54:27,14893,14893,14893,2,0
2022-12-02 15:54:28,14893,14893,14893,2,0
2022-12-02 15:54:29,14892,14892,14892,2,-2
2022-12-02 15:54:31,14893,14893,14893,2,2
2022-12-02 15:54:35,14893,14893,14893,2,0
2022-12-02 15:54:35,14893,14893,14893,4,0
2022-12-02 15:54:47,14893,14893,14893,2,0
2022-12-02 15:54:48,14892,14892,14892,2,-2
2022-12-02 15:54:48,14892,14892,14892,2,0
2022-12-02 15:54:55,14893,14893,14893,6,6
2022-12-02 15:55:00,14894,14894,14894,2,2
2022-12-02 15:55:03,14893,14893,14893,2,-2
2022-12-02 15:55:07,14893,14893,14893,2,0
2022-12-02 15:55:08,14892,14892,14892,2,-2
2022-12-02 15:55:08,14892,14892,14892,2,0
2022-12-02 15:55:21,14894,14894,14894,2,2
2022-12-02 15:55:23,14893,14893,14893,2,-2
2022-12-02 15:55:43,14894,14894,14894,2,2
2022-12-02 15:56:00,14893,14893,14893,2,-2
2022-12-02 15:56:00,14893,14893,14893,2,0
2022-12-02 15:56:00,14894,14894,14894,2,2
2022-12-02 15:56:17,14893,14893,14893,2,-2
2022-12-02 15:56:34,14894,14894,14894,2,2
2022-12-02 15:56:35,14893,14893,14893,2,-2
2022-12-02 15:56:40,14894,14894,14894,2,2
2022-12-02 15:56:40,14894,14894,14894,2,0
2022-12-02 15:57:21,14895,14895,14895,2,2
2022-12-02 15:57:23,14894,14894,14894,2,-2
2022-12-02 15:57:31,14894,14894,14894,2,0
2022-12-02 15:57:31,14894,14894,14894,2,0
2022-12-02 15:57:31,14894,14894,14894,2,0
2022-12-02 15:57:31,14894,14894,14894,2,0
2022-12-02 15:57:51,14894,14894,14894,2,0
2022-12-02 15:57:55,14893,14893,14893,2,-2
2022-12-02 15:58:23,14893,14893,14893,2,0
2022-12-02 15:58:23,14893,14893,14893,2,0
2022-12-02 15:58:23,14893,14893,14893,4,0
2022-12-02 15:58:23,14893,14893,14893,2,0
2022-12-02 15:58:24,14894,14894,14894,2,2
2022-12-02 15:58:26,14893,14893,14893,2,-2
2022-12-02 15:58:50,14893,14893,14893,4,0
2022-12-02 15:59:00,14892,14892,14892,2,-2
2022-12-02 15:59:00,14892,14892,14892,2,0
2022-12-02 15:59:00,14892,14892,14892,4,0
2022-12-02 15:59:00,14892,14892,14892,2,0
2022-12-02 15:59:00,14892,14892,14892,2,0
2022-12-02 15:59:00,14892,14892,14892,2,0
2022-12-02 15:59:00,14892,14892,14892,2,0
2022-12-02 15:59:00,14892,14892,14892,2,0
2022-12-02 15:59:00,14892,14892,14892,2,0
2022-12-02 15:59:04,14891,14891,14891,2,-2
2022-12-02 15:59:04,14891,14891,14891,2,0
2022-12-02 15:59:04,14891,14891,14891,2,0
2022-12-02 15:59:04,14891,14891,14891,2,0
2022-12-02 15:59:04,14891,14891,14891,2,0
2022-12-02 15:59:04,14891,14891,14891,2,0
2022-12-02 15:59:04,14891,14891,14891,2,0
2022-12-02 15:59:04,14891,14891,14891,2,0
2022-12-02 15:59:04,14891,14891,14891,2,0
2022-12-02 15:59:04,14891,14891,14891,2,0
2022-12-02 15:59:04,14891,14891,14891,2,0
2022-12-02 15:59:04,14891,14891,14891,2,0
2022-12-02 15:59:04,14891,14891,14891,2,0
2022-12-02 15:59:05,14890,14890,14890,2,-2
2022-12-02 15:59:05,14890,14890,14890,2,0
2022-12-02 15:59:10,14890,14890,14890,4,0
2022-12-02 15:59:11,14890,14890,14890,4,0
2022-12-02 15:59:11,14891,14891,14891,2,2
2022-12-02 15:59:11,14890,14890,14890,2,-2
2022-12-02 15:59:13,14891,14891,14891,2,2
2022-12-02 15:59:16,14890,14890,14890,2,-2
2022-12-02 15:59:21,14889,14889,14889,2,-2
2022-12-02 15:59:21,14889,14889,14889,2,0
2022-12-02 15:59:26,14889,14889,14889,2,0
2022-12-02 15:59:26,14888,14888,14888,4,-4
2022-12-02 15:59:26,14888,14888,14888,2,0
2022-12-02 15:59:26,14888,14888,14888,2,0
2022-12-02 15:59:28,14888,14888,14888,2,0
2022-12-02 15:59:29,14888,14888,14888,2,0
2022-12-02 15:59:36,14889,14889,14889,2,2
2022-12-02 15:59:36,14889,14889,14889,2,0
2022-12-02 15:59:36,14889,14889,14889,2,0
2022-12-02 15:59:36,14889,14889,14889,4,0
2022-12-02 15:59:54,14889,14889,14889,2,0
2022-12-02 15:59:54,14888,14888,14888,2,-2
2022-12-02 15:59:54,14888,14888,14888,4,0
2022-12-02 15:59:56,14889,14889,14889,2,2
2022-12-02 15:59:57,14889,14889,14889,2,0
2022-12-02 15:59:57,14888,14888,14888,4,-4
2022-12-02 16:00:00,14890,14890,14890,2,2
2022-12-02 16:00:00,14890,14890,14890,2,0
2022-12-02 16:00:01,14891,14891,14891,2,2
2022-12-02 16:00:01,14891,14891,14891,2,0
2022-12-02 16:00:02,14892,14892,14892,2,2
2022-12-02 16:00:10,14890,14890,14890,2,-2
2022-12-02 16:00:11,14890,14890,14890,2,0
2022-12-02 16:00:14,14889,14889,14889,2,-2
2022-12-02 16:00:14,14889,14889,14889,2,0
2022-12-02 16:00:20,14889,14889,14889,2,0
2022-12-02 16:00:20,14889,14889,14889,2,0
2022-12-02 16:00:21,14890,14890,14890,2,2
2022-12-02 16:00:35,14889,14889,14889,4,-4
2022-12-02 16:00:48,14888,14888,14888,2,-2
2022-12-02 16:00:49,14888,14888,14888,2,0
2022-12-02 16:00:51,14888,14888,14888,2,0
2022-12-02 16:00:51,14888,14888,14888,4,0
2022-12-02 16:00:51,14888,14888,14888,2,0
2022-12-02 16:00:51,14888,14888,14888,2,0
2022-12-02 16:00:51,14888,14888,14888,2,0
2022-12-02 16:00:53,14887,14887,14887,2,-2
2022-12-02 16:00:53,14887,14887,14887,6,0
2022-12-02 16:00:53,14887,14887,14887,2,0
2022-12-02 16:00:53,14887,14887,14887,4,0
2022-12-02 16:00:53,14886,14886,14886,2,-2
2022-12-02 16:00:53,14886,14886,14886,4,0
2022-12-02 16:00:53,14886,14886,14886,2,0
2022-12-02 16:00:53,14886,14886,14886,2,0
2022-12-02 16:00:53,14886,14886,14886,2,0
2022-12-02 16:00:56,14886,14886,14886,4,0
2022-12-02 16:00:58,14887,14887,14887,2,2
2022-12-02 16:01:00,14886,14886,14886,2,-2
2022-12-02 16:01:00,14886,14886,14886,4,0
2022-12-02 16:01:00,14886,14886,14886,2,0
2022-12-02 16:01:01,14886,14886,14886,2,0
2022-12-02 16:01:01,14886,14886,14886,2,0
2022-12-02 16:01:01,14886,14886,14886,2,0
2022-12-02 16:01:02,14886,14886,14886,2,0
2022-12-02 16:01:04,14885,14885,14885,2,-2
2022-12-02 16:01:06,14885,14885,14885,2,0
2022-12-02 16:01:06,14886,14886,14886,2,2
2022-12-02 16:01:07,14885,14885,14885,8,-8
2022-12-02 16:01:07,14885,14885,14885,2,0
2022-12-02 16:01:07,14885,14885,14885,2,0
2022-12-02 16:01:07,14885,14885,14885,2,0
2022-12-02 16:01:07,14885,14885,14885,2,0
2022-12-02 16:01:07,14885,14885,14885,2,0
2022-12-02 16:01:07,14885,14885,14885,4,0
2022-12-02 16:01:07,14885,14885,14885,2,0
2022-12-02 16:01:07,14885,14885,14885,2,0
2022-12-02 16:01:08,14885,14885,14885,4,0
2022-12-02 16:01:09,14884,14884,14884,2,-2
2022-12-02 16:01:13,14883,14883,14883,2,-2
2022-12-02 16:01:13,14883,14883,14883,2,0
2022-12-02 16:01:13,14883,14883,14883,2,0
2022-12-02 16:01:13,14883,14883,14883,2,0
2022-12-02 16:01:13,14883,14883,14883,2,0
2022-12-02 16:01:13,14883,14883,14883,2,0
2022-12-02 16:01:13,14883,14883,14883,2,0
2022-12-02 16:01:13,14883,14883,14883,2,0
2022-12-02 16:01:14,14883,14883,14883,2,0
2022-12-02 16:01:16,14883,14883,14883,2,0
2022-12-02 16:01:16,14882,14882,14882,4,-4
2022-12-02 16:01:16,14882,14882,14882,2,0
2022-12-02 16:01:16,14882,14882,14882,2,0
2022-12-02 16:01:16,14882,14882,14882,2,0
2022-12-02 16:01:23,14883,14883,14883,4,4
2022-12-02 16:01:24,14882,14882,14882,2,-2
2022-12-02 16:01:25,14883,14883,14883,2,2
2022-12-02 16:01:26,14882,14882,14882,2,-2
2022-12-02 16:01:27,14883,14883,14883,4,4
2022-12-02 16:01:27,14883,14883,14883,2,0
2022-12-02 16:01:27,14883,14883,14883,2,0
2022-12-02 16:01:27,14883,14883,14883,2,0
2022-12-02 16:01:28,14882,14882,14882,2,-2
2022-12-02 16:01:33,14883,14883,14883,2,2
2022-12-02 16:01:37,14884,14884,14884,2,2
2022-12-02 16:01:40,14884,14884,14884,2,0
2022-12-02 16:01:40,14884,14884,14884,4,0
2022-12-02 16:01:46,14885,14885,14885,2,2
2022-12-02 16:01:55,14885,14885,14885,2,0
2022-12-02 16:01:57,14886,14886,14886,2,2
2022-12-02 16:01:57,14886,14886,14886,2,0
2022-12-02 16:02:00,14886,14886,14886,2,0
2022-12-02 16:02:06,14885,14885,14885,2,-2
2022-12-02 16:02:06,14885,14885,14885,2,0
2022-12-02 16:02:06,14885,14885,14885,2,0
2022-12-02 16:02:07,14884,14884,14884,2,-2
2022-12-02 16:02:07,14884,14884,14884,2,0
2022-12-02 16:02:07,14884,14884,14884,2,0
2022-12-02 16:02:18,14884,14884,14884,2,0
2022-12-02 16:02:18,14886,14886,14886,2,2
2022-12-02 16:02:19,14886,14886,14886,14,0
2022-12-02 16:02:28,14886,14886,14886,2,0
2022-12-02 16:02:33,14886,14886,14886,2,0
2022-12-02 16:02:34,14886,14886,14886,2,0
2022-12-02 16:02:35,14887,14887,14887,2,2
2022-12-02 16:02:35,14887,14887,14887,2,0
2022-12-02 16:02:35,14887,14887,14887,2,0
2022-12-02 16:02:35,14887,14887,14887,2,0
2022-12-02 16:02:36,14887,14887,14887,2,0
2022-12-02 16:02:38,14887,14887,14887,2,0
2022-12-02 16:02:38,14886,14886,14886,2,-2
2022-12-02 16:02:38,14886,14886,14886,2,0
2022-12-02 16:02:38,14886,14886,14886,2,0
2022-12-02 16:02:38,14886,14886,14886,2,0
2022-12-02 16:02:38,14886,14886,14886,2,0
2022-12-02 16:02:43,14888,14888,14888,6,6
2022-12-02 16:02:46,14887,14887,14887,2,-2
2022-12-02 16:02:48,14887,14887,14887,2,0
2022-12-02 16:02:49,14886,14886,14886,2,-2
2022-12-02 16:02:49,14886,14886,14886,2,0
2022-12-02 16:02:53,14887,14887,14887,2,2
2022-12-02 16:03:02,14887,14887,14887,2,0
2022-12-02 16:03:02,14887,14887,14887,2,0
2022-12-02 16:03:03,14888,14888,14888,2,2
2022-12-02 16:03:04,14887,14887,14887,2,-2
2022-12-02 16:03:07,14887,14887,14887,2,0
2022-12-02 16:03:07,14887,14887,14887,2,0
2022-12-02 16:03:07,14887,14887,14887,2,0
2022-12-02 16:03:07,14887,14887,14887,2,0
2022-12-02 16:03:07,14886,14886,14886,2,-2
2022-12-02 16:03:07,14886,14886,14886,2,0
2022-12-02 16:03:07,14886,14886,14886,2,0
2022-12-02 16:03:07,14886,14886,14886,2,0
2022-12-02 16:03:07,14886,14886,14886,4,0
2022-12-02 16:03:07,14886,14886,14886,2,0
2022-12-02 16:03:07,14886,14886,14886,2,0
2022-12-02 16:03:07,14886,14886,14886,2,0
2022-12-02 16:03:07,14886,14886,14886,2,0
2022-12-02 16:03:07,14886,14886,14886,2,0
2022-12-02 16:03:07,14886,14886,14886,2,0
2022-12-02 16:03:07,14886,14886,14886,2,0
2022-12-02 16:03:07,14886,14886,14886,2,0
2022-12-02 16:03:09,14886,14886,14886,2,0
2022-12-02 16:03:14,14885,14885,14885,2,-2
2022-12-02 16:03:14,14885,14885,14885,2,0
2022-12-02 16:03:15,14886,14886,14886,2,2
2022-12-02 16:03:16,14886,14886,14886,2,0
2022-12-02 16:03:29,14886,14886,14886,2,0
2022-12-02 16:03:35,14885,14885,14885,2,-2
2022-12-02 16:03:35,14885,14885,14885,2,0
2022-12-02 16:03:35,14885,14885,14885,2,0
2022-12-02 16:03:35,14885,14885,14885,2,0
2022-12-02 16:03:35,14885,14885,14885,2,0
2022-12-02 16:03:40,14885,14885,14885,2,0
2022-12-02 16:03:48,14884,14884,14884,4,-4
2022-12-02 16:03:48,14884,14884,14884,4,0
2022-12-02 16:03:48,14884,14884,14884,2,0
2022-12-02 16:03:48,14884,14884,14884,2,0
2022-12-02 16:03:48,14884,14884,14884,8,0
2022-12-02 16:03:48,14884,14884,14884,6,0
2022-12-02 16:03:48,14884,14884,14884,2,0
2022-12-02 16:03:53,14883,14883,14883,2,-2
2022-12-02 16:03:54,14884,14884,14884,4,4
2022-12-02 16:03:55,14883,14883,14883,2,-2
2022-12-02 16:03:59,14884,14884,14884,2,2
2022-12-02 16:04:00,14883,14883,14883,2,-2
2022-12-02 16:04:02,14883,14883,14883,2,0
2022-12-02 16:04:02,14883,14883,14883,2,0
2022-12-02 16:04:09,14884,14884,14884,2,2
2022-12-02 16:04:09,14884,14884,14884,6,0
2022-12-02 16:04:12,14883,14883,14883,4,-4
2022-12-02 16:04:12,14883,14883,14883,2,0
2022-12-02 16:04:12,14883,14883,14883,2,0
2022-12-02 16:04:12,14883,14883,14883,2,0
2022-12-02 16:04:12,14883,14883,14883,4,0
2022-12-02 16:04:12,14882,14882,14882,2,-2
2022-12-02 16:04:12,14882,14882,14882,4,0
2022-12-02 16:04:12,14882,14882,14882,2,0
2022-12-02 16:04:12,14881,14881,14881,2,-2
2022-12-02 16:04:12,14881,14881,14881,2,0
2022-12-02 16:04:12,14881,14881,14881,2,0
2022-12-02 16:04:12,14881,14881,14881,2,0
2022-12-02 16:04:12,14881,14881,14881,2,0
2022-12-02 16:04:13,14880,14880,14880,2,-2
2022-12-02 16:04:13,14880,14880,14880,10,0
2022-12-02 16:04:13,14880,14880,14880,2,0
2022-12-02 16:04:13,14880,14880,14880,2,0
2022-12-02 16:04:13,14880,14880,14880,2,0
2022-12-02 16:04:13,14880,14880,14880,4,0
2022-12-02 16:04:13,14880,14880,14880,2,0
2022-12-02 16:04:13,14880,14880,14880,10,0
2022-12-02 16:04:13,14880,14880,14880,4,0
2022-12-02 16:04:13,14880,14880,14880,2,0
2022-12-02 16:04:13,14880,14880,14880,2,0
2022-12-02 16:04:13,14880,14880,14880,2,0
2022-12-02 16:04:13,14880,14880,14880,4,0
2022-12-02 16:04:13,14880,14880,14880,2,0
2022-12-02 16:04:13,14880,14880,14880,2,0
2022-12-02 16:04:13,14880,14880,14880,2,0
2022-12-02 16:04:13,14880,14880,14880,2,0
2022-12-02 16:04:13,14880,14880,14880,2,0
2022-12-02 16:04:13,14880,14880,14880,2,0
2022-12-02 16:04:13,14880,14880,14880,2,0
2022-12-02 16:04:16,14880,14880,14880,2,0
2022-12-02 16:04:17,14879,14879,14879,2,-2
2022-12-02 16:04:17,14879,14879,14879,2,0
2022-12-02 16:04:17,14879,14879,14879,4,0
2022-12-02 16:04:20,14879,14879,14879,2,0
2022-12-02 16:04:20,14879,14879,14879,2,0
2022-12-02 16:04:20,14880,14880,14880,2,2
2022-12-02 16:04:21,14880,14880,14880,2,0
2022-12-02 16:04:21,14879,14879,14879,2,-2
2022-12-02 16:04:25,14879,14879,14879,2,0
2022-12-02 16:04:27,14879,14879,14879,2,0
2022-12-02 16:04:27,14879,14879,14879,2,0
2022-12-02 16:04:27,14879,14879,14879,2,0
2022-12-02 16:04:27,14879,14879,14879,2,0
2022-12-02 16:04:28,14880,14880,14880,2,2
2022-12-02 16:04:28,14880,14880,14880,4,0
2022-12-02 16:04:28,14880,14880,14880,2,0
2022-12-02 16:04:30,14882,14882,14882,2,2
2022-12-02 16:04:30,14883,14883,14883,2,2
2022-12-02 16:04:31,14881,14881,14881,2,-2
2022-12-02 16:04:34,14881,14881,14881,2,0
2022-12-02 16:04:34,14881,14881,14881,2,0
2022-12-02 16:04:34,14882,14882,14882,2,2
2022-12-02 16:04:37,14881,14881,14881,2,-2
2022-12-02 16:04:37,14881,14881,14881,2,0
2022-12-02 16:04:37,14880,14880,14880,2,-2
2022-12-02 16:04:37,14880,14880,14880,2,0
2022-12-02 16:04:37,14880,14880,14880,2,0
2022-12-02 16:04:37,14881,14881,14881,4,4
2022-12-02 16:04:38,14880,14880,14880,8,-8
2022-12-02 16:04:38,14880,14880,14880,2,0
2022-12-02 16:04:44,14880,14880,14880,2,0
2022-12-02 16:04:44,14880,14880,14880,2,0
2022-12-02 16:04:44,14880,14880,14880,2,0
2022-12-02 16:04:44,14880,14880,14880,2,0
2022-12-02 16:04:44,14880,14880,14880,2,0
2022-12-02 16:04:44,14880,14880,14880,2,0
2022-12-02 16:04:46,14881,14881,14881,2,2
2022-12-02 16:04:51,14880,14880,14880,2,-2
2022-12-02 16:04:51,14880,14880,14880,2,0
2022-12-02 16:04:55,14880,14880,14880,2,0
2022-12-02 16:04:57,14880,14880,14880,2,0
2022-12-02 16:04:58,14879,14879,14879,2,-2
2022-12-02 16:04:58,14879,14879,14879,2,0
2022-12-02 16:04:59,14880,14880,14880,2,2
2022-12-02 16:05:00,14880,14880,14880,2,0
2022-12-02 16:05:00,14880,14880,14880,2,0
2022-12-02 16:05:02,14880,14880,14880,2,0
2022-12-02 16:05:05,14881,14881,14881,4,4
2022-12-02 16:05:10,14881,14881,14881,2,0
2022-12-02 16:05:13,14881,14881,14881,2,0
2022-12-02 16:05:14,14882,14882,14882,2,2
2022-12-02 16:05:17,14881,14881,14881,2,-2
2022-12-02 16:05:17,14881,14881,14881,2,0
2022-12-02 16:05:17,14881,14881,14881,2,0
2022-12-02 16:05:17,14883,14883,14883,2,2
2022-12-02 16:05:17,14883,14883,14883,2,0
2022-12-02 16:05:23,14882,14882,14882,2,-2
2022-12-02 16:05:23,14882,14882,14882,4,0
2022-12-02 16:05:23,14882,14882,14882,2,0
2022-12-02 16:05:24,14883,14883,14883,4,4
2022-12-02 16:05:27,14883,14883,14883,2,0
2022-12-02 16:05:28,14883,14883,14883,2,0
2022-12-02 16:05:29,14883,14883,14883,2,0
2022-12-02 16:05:37,14883,14883,14883,2,0
2022-12-02 16:05:44,14883,14883,14883,2,0
2022-12-02 16:05:44,14883,14883,14883,2,0
2022-12-02 16:05:44,14883,14883,14883,2,0
2022-12-02 16:05:45,14882,14882,14882,2,-2
2022-12-02 16:05:45,14882,14882,14882,2,0
2022-12-02 16:05:45,14882,14882,14882,2,0
2022-12-02 16:05:48,14883,14883,14883,2,2
2022-12-02 16:05:51,14882,14882,14882,4,-4
2022-12-02 16:06:01,14883,14883,14883,2,2
2022-12-02 16:06:07,14884,14884,14884,6,6
2022-12-02 16:06:07,14884,14884,14884,2,0
2022-12-02 16:06:07,14884,14884,14884,2,0
2022-12-02 16:06:07,14884,14884,14884,2,0
2022-12-02 16:06:07,14884,14884,14884,10,0
2022-12-02 16:06:07,14885,14885,14885,2,2
2022-12-02 16:06:07,14884,14884,14884,2,-2
2022-12-02 16:06:15,14885,14885,14885,2,2
2022-12-02 16:06:15,14885,14885,14885,6,0
2022-12-02 16:06:15,14886,14886,14886,4,4
2022-12-02 16:06:15,14887,14887,14887,10,10
2022-12-02 16:06:15,14887,14887,14887,2,0
2022-12-02 16:06:22,14886,14886,14886,2,-2
2022-12-02 16:06:23,14887,14887,14887,2,2
2022-12-02 16:06:25,14887,14887,14887,2,0
2022-12-02 16:06:29,14888,14888,14888,2,2
2022-12-02 16:06:30,14888,14888,14888,4,0
2022-12-02 16:06:32,14888,14888,14888,4,0
2022-12-02 16:06:34,14887,14887,14887,2,-2
2022-12-02 16:06:34,14887,14887,14887,2,0
2022-12-02 16:06:34,14887,14887,14887,2,0
2022-12-02 16:06:43,14886,14886,14886,2,-2
2022-12-02 16:06:48,14886,14886,14886,2,0
2022-12-02 16:06:56,14887,14887,14887,2,2
2022-12-02 16:07:00,14887,14887,14887,6,0
2022-12-02 16:07:01,14887,14887,14887,2,0
2022-12-02 16:07:06,14885,14885,14885,2,-2
2022-12-02 16:07:14,14886,14886,14886,2,2
2022-12-02 16:07:26,14888,14888,14888,2,2
2022-12-02 16:07:27,14887,14887,14887,2,-2
2022-12-02 16:07:41,14886,14886,14886,2,-2
2022-12-02 16:07:41,14886,14886,14886,2,0
2022-12-02 16:07:41,14886,14886,14886,2,0
2022-12-02 16:07:41,14887,14887,14887,2,2
2022-12-02 16:07:50,14886,14886,14886,2,-2
2022-12-02 16:07:58,14887,14887,14887,2,2
2022-12-02 16:08:26,14888,14888,14888,2,2
2022-12-02 16:08:26,14888,14888,14888,2,0
2022-12-02 16:08:26,14888,14888,14888,2,0
2022-12-02 16:08:26,14888,14888,14888,2,0
2022-12-02 16:08:26,14888,14888,14888,4,0
2022-12-02 16:08:26,14887,14887,14887,2,-2
2022-12-02 16:08:36,14887,14887,14887,2,0
2022-12-02 16:08:45,14887,14887,14887,2,0
2022-12-02 16:08:49,14886,14886,14886,2,-2
2022-12-02 16:08:49,14886,14886,14886,2,0
2022-12-02 16:08:49,14886,14886,14886,2,0
2022-12-02 16:08:49,14886,14886,14886,2,0
2022-12-02 16:08:49,14886,14886,14886,2,0
2022-12-02 16:09:10,14887,14887,14887,2,2
2022-12-02 16:09:10,14887,14887,14887,2,0
2022-12-02 16:09:10,14888,14888,14888,8,8
2022-12-02 16:09:10,14888,14888,14888,8,0
2022-12-02 16:09:16,14887,14887,14887,2,-2
2022-12-02 16:09:31,14886,14886,14886,2,-2
2022-12-02 16:09:43,14886,14886,14886,2,0
2022-12-02 16:09:43,14886,14886,14886,2,0
2022-12-02 16:10:00,14885,14885,14885,4,-4
2022-12-02 16:10:00,14885,14885,14885,2,0
2022-12-02 16:10:02,14886,14886,14886,2,2
2022-12-02 16:10:02,14886,14886,14886,2,0
2022-12-02 16:10:04,14885,14885,14885,2,-2
2022-12-02 16:10:05,14886,14886,14886,2,2
2022-12-02 16:10:06,14887,14887,14887,4,4
2022-12-02 16:10:08,14887,14887,14887,6,0
2022-12-02 16:10:13,14886,14886,14886,2,-2
2022-12-02 16:10:17,14886,14886,14886,2,0
2022-12-02 16:10:17,14886,14886,14886,2,0
2022-12-02 16:10:17,14886,14886,14886,10,0
2022-12-02 16:10:30,14888,14888,14888,2,2
2022-12-02 16:10:30,14888,14888,14888,2,0
2022-12-02 16:10:43,14888,14888,14888,2,0
2022-12-02 16:11:10,14886,14886,14886,2,-2
2022-12-02 16:11:18,14884,14884,14884,2,-2
2022-12-02 16:11:20,14884,14884,14884,4,0
2022-12-02 16:11:20,14884,14884,14884,2,0
2022-12-02 16:11:26,14884,14884,14884,2,0
2022-12-02 16:11:26,14884,14884,14884,2,0
2022-12-02 16:11:26,14884,14884,14884,2,0
2022-12-02 16:11:32,14883,14883,14883,2,-2
2022-12-02 16:11:33,14883,14883,14883,2,0
2022-12-02 16:11:53,14883,14883,14883,6,0
2022-12-02 16:11:53,14883,14883,14883,2,0
2022-12-02 16:11:53,14883,14883,14883,2,0
2022-12-02 16:11:53,14883,14883,14883,2,0
2022-12-02 16:11:54,14882,14882,14882,4,-4
2022-12-02 16:11:54,14881,14881,14881,2,-2
2022-12-02 16:11:54,14881,14881,14881,6,0
2022-12-02 16:11:54,14881,14881,14881,4,0
2022-12-02 16:11:55,14881,14881,14881,2,0
2022-12-02 16:11:55,14881,14881,14881,2,0
2022-12-02 16:11:55,14881,14881,14881,2,0
2022-12-02 16:11:55,14881,14881,14881,2,0
2022-12-02 16:11:55,14880,14880,14880,2,-2
2022-12-02 16:11:55,14880,14880,14880,2,0
2022-12-02 16:11:55,14880,14880,14880,2,0
2022-12-02 16:11:55,14880,14880,14880,4,0
2022-12-02 16:11:55,14880,14880,14880,4,0
2022-12-02 16:11:55,14880,14880,14880,2,0
2022-12-02 16:11:55,14880,14880,14880,2,0
2022-12-02 16:11:55,14880,14880,14880,6,0
2022-12-02 16:11:55,14880,14880,14880,2,0
2022-12-02 16:11:55,14880,14880,14880,4,0
2022-12-02 16:12:00,14879,14879,14879,2,-2
2022-12-02 16:12:00,14879,14879,14879,2,0
2022-12-02 16:12:00,14879,14879,14879,2,0
2022-12-02 16:12:00,14879,14879,14879,2,0
2022-12-02 16:12:00,14880,14880,14880,2,2
2022-12-02 16:12:00,14880,14880,14880,2,0
2022-12-02 16:12:01,14880,14880,14880,2,0
2022-12-02 16:12:01,14881,14881,14881,6,6
2022-12-02 16:12:03,14880,14880,14880,2,-2
2022-12-02 16:12:03,14880,14880,14880,4,0
2022-12-02 16:12:03,14880,14880,14880,4,0
2022-12-02 16:12:03,14880,14880,14880,2,0
2022-12-02 16:12:03,14880,14880,14880,2,0
2022-12-02 16:12:03,14879,14879,14879,2,-2
2022-12-02 16:12:03,14879,14879,14879,2,0
2022-12-02 16:12:03,14879,14879,14879,4,0
2022-12-02 16:12:07,14880,14880,14880,2,2
2022-12-02 16:12:07,14880,14880,14880,2,0
2022-12-02 16:12:07,14880,14880,14880,2,0
2022-12-02 16:12:07,14880,14880,14880,2,0
2022-12-02 16:12:11,14880,14880,14880,4,0
2022-12-02 16:12:12,14880,14880,14880,2,0
2022-12-02 16:12:15,14880,14880,14880,6,0
2022-12-02 16:12:15,14881,14881,14881,2,2
2022-12-02 16:12:18,14880,14880,14880,2,-2
2022-12-02 16:12:20,14880,14880,14880,2,0
2022-12-02 16:12:21,14881,14881,14881,2,2
2022-12-02 16:12:28,14881,14881,14881,2,0
2022-12-02 16:12:30,14881,14881,14881,2,0
2022-12-02 16:12:30,14880,14880,14880,2,-2
2022-12-02 16:12:30,14880,14880,14880,2,0
2022-12-02 16:12:30,14880,14880,14880,2,0
2022-12-02 16:12:30,14879,14879,14879,2,-2
2022-12-02 16:12:30,14879,14879,14879,2,0
2022-12-02 16:12:30,14879,14879,14879,2,0
2022-12-02 16:12:30,14879,14879,14879,6,0
2022-12-02 16:12:32,14879,14879,14879,2,0
2022-12-02 16:12:34,14878,14878,14878,2,-2
2022-12-02 16:12:34,14878,14878,14878,2,0
2022-12-02 16:12:34,14878,14878,14878,2,0
2022-12-02 16:12:34,14878,14878,14878,2,0
2022-12-02 16:12:34,14878,14878,14878,2,0
2022-12-02 16:12:34,14878,14878,14878,2,0
2022-12-02 16:12:34,14878,14878,14878,6,0
2022-12-02 16:12:34,14878,14878,14878,2,0
2022-12-02 16:12:34,14878,14878,14878,2,0
2022-12-02 16:12:34,14878,14878,14878,6,0
2022-12-02 16:12:34,14878,14878,14878,2,0
2022-12-02 16:12:34,14878,14878,14878,2,0
2022-12-02 16:12:34,14878,14878,14878,2,0
2022-12-02 16:12:34,14878,14878,14878,2,0
2022-12-02 16:12:34,14878,14878,14878,2,0
2022-12-02 16:12:34,14877,14877,14877,2,-2
2022-12-02 16:12:34,14877,14877,14877,2,0
2022-12-02 16:12:36,14877,14877,14877,2,0
2022-12-02 16:12:36,14877,14877,14877,2,0
2022-12-02 16:12:41,14878,14878,14878,4,4
2022-12-02 16:12:41,14879,14879,14879,4,4
2022-12-02 16:12:41,14878,14878,14878,2,-2
2022-12-02 16:12:44,14878,14878,14878,2,0
2022-12-02 16:12:47,14879,14879,14879,2,2
2022-12-02 16:12:52,14880,14880,14880,4,4
2022-12-02 16:12:55,14880,14880,14880,2,0
2022-12-02 16:12:55,14881,14881,14881,4,4
2022-12-02 16:13:00,14880,14880,14880,2,-2
2022-12-02 16:13:00,14880,14880,14880,2,0
2022-12-02 16:13:01,14881,14881,14881,2,2
2022-12-02 16:13:10,14881,14881,14881,2,0
2022-12-02 16:13:10,14882,14882,14882,2,2
2022-12-02 16:13:12,14882,14882,14882,2,0
2022-12-02 16:13:12,14883,14883,14883,4,4
2022-12-02 16:13:14,14883,14883,14883,6,0
2022-12-02 16:13:16,14883,14883,14883,2,0
2022-12-02 16:13:18,14883,14883,14883,2,0
2022-12-02 16:13:28,14884,14884,14884,2,2
2022-12-02 16:13:28,14885,14885,14885,4,4
2022-12-02 16:13:39,14885,14885,14885,6,0
2022-12-02 16:13:39,14884,14884,14884,2,-2
2022-12-02 16:13:39,14884,14884,14884,4,0
2022-12-02 16:13:39,14884,14884,14884,2,0
2022-12-02 16:13:39,14884,14884,14884,2,0
2022-12-02 16:13:39,14884,14884,14884,2,0
2022-12-02 16:13:41,14885,14885,14885,2,2
2022-12-02 16:13:41,14885,14885,14885,6,0
2022-12-02 16:13:43,14885,14885,14885,6,0
2022-12-02 16:13:45,14884,14884,14884,6,-6
2022-12-02 16:13:46,14884,14884,14884,4,0
2022-12-02 16:13:47,14884,14884,14884,2,0
2022-12-02 16:13:47,14885,14885,14885,4,4
2022-12-02 16:13:51,14884,14884,14884,2,-2
2022-12-02 16:13:52,14884,14884,14884,6,0
2022-12-02 16:13:53,14885,14885,14885,2,2
2022-12-02 16:13:54,14885,14885,14885,2,0
2022-12-02 16:14:04,14885,14885,14885,2,0
2022-12-02 16:14:06,14885,14885,14885,2,0
2022-12-02 16:14:06,14885,14885,14885,2,0
2022-12-02 16:14:06,14885,14885,14885,2,0
2022-12-02 16:14:06,14885,14885,14885,2,0
2022-12-02 16:14:06,14885,14885,14885,2,0
2022-12-02 16:14:12,14886,14886,14886,10,10
2022-12-02 16:14:12,14886,14886,14886,6,0
2022-12-02 16:14:13,14886,14886,14886,2,0
2022-12-02 16:14:13,14886,14886,14886,2,0
2022-12-02 16:14:16,14885,14885,14885,8,-8
2022-12-02 16:14:16,14885,14885,14885,2,0
2022-12-02 16:14:28,14884,14884,14884,2,-2
2022-12-02 16:14:28,14884,14884,14884,2,0
2022-12-02 16:14:32,14885,14885,14885,2,2
2022-12-02 16:14:32,14886,14886,14886,8,8
2022-12-02 16:14:37,14885,14885,14885,2,-2
2022-12-02 16:14:56,14885,14885,14885,2,0
2022-12-02 16:15:18,14887,14887,14887,2,2
2022-12-02 16:15:18,14887,14887,14887,2,0
2022-12-02 16:15:18,14887,14887,14887,8,0
2022-12-02 16:15:18,14887,14887,14887,2,0
2022-12-02 16:15:18,14887,14887,14887,12,0
2022-12-02 16:15:18,14887,14887,14887,2,0
2022-12-02 16:15:21,14886,14886,14886,2,-2
2022-12-02 16:15:21,14886,14886,14886,4,0
2022-12-02 16:15:40,14886,14886,14886,2,0
2022-12-02 16:16:03,14887,14887,14887,2,2
2022-12-02 16:16:03,14887,14887,14887,2,0
2022-12-02 16:16:08,14888,14888,14888,2,2
2022-12-02 16:16:08,14888,14888,14888,2,0
2022-12-02 16:16:08,14888,14888,14888,4,0
2022-12-02 16:16:08,14888,14888,14888,2,0
2022-12-02 16:16:08,14888,14888,14888,2,0
2022-12-02 16:16:08,14889,14889,14889,2,2
2022-12-02 16:16:09,14889,14889,14889,4,0
2022-12-02 16:16:09,14888,14888,14888,2,-2
2022-12-02 16:16:09,14888,14888,14888,4,0
2022-12-02 16:16:16,14889,14889,14889,6,6
2022-12-02 16:16:16,14888,14888,14888,2,-2
2022-12-02 16:16:19,14889,14889,14889,2,2
2022-12-02 16:16:19,14889,14889,14889,2,0
2022-12-02 16:16:19,14890,14890,14890,4,4
2022-12-02 16:16:21,14890,14890,14890,6,0
2022-12-02 16:16:23,14890,14890,14890,6,0
2022-12-02 16:16:26,14890,14890,14890,6,0
2022-12-02 16:16:28,14890,14890,14890,6,0
2022-12-02 16:16:32,14890,14890,14890,6,0
2022-12-02 16:16:33,14891,14891,14891,6,6
2022-12-02 16:16:35,14890,14890,14890,2,-2
2022-12-02 16:16:35,14890,14890,14890,6,0
2022-12-02 16:16:39,14889,14889,14889,2,-2
2022-12-02 16:16:40,14890,14890,14890,6,6
2022-12-02 16:16:40,14890,14890,14890,2,0
2022-12-02 16:16:42,14890,14890,14890,6,0
2022-12-02 16:16:44,14889,14889,14889,4,-4
2022-12-02 16:16:44,14890,14890,14890,2,2
2022-12-02 16:16:44,14889,14889,14889,2,-2
2022-12-02 16:16:51,14889,14889,14889,2,0
2022-12-02 16:16:51,14890,14890,14890,4,4
2022-12-02 16:16:53,14889,14889,14889,2,-2
2022-12-02 16:16:53,14890,14890,14890,4,4
2022-12-02 16:16:55,14889,14889,14889,4,-4
2022-12-02 16:16:55,14890,14890,14890,2,2
2022-12-02 16:16:57,14890,14890,14890,6,0
2022-12-02 16:16:58,14889,14889,14889,2,-2
2022-12-02 16:16:58,14888,14888,14888,2,-2
2022-12-02 16:16:59,14890,14890,14890,6,6
2022-12-02 16:17:02,14889,14889,14889,2,-2
2022-12-02 16:17:03,14889,14889,14889,4,0
2022-12-02 16:17:03,14889,14889,14889,6,0
2022-12-02 16:17:03,14889,14889,14889,2,0
2022-12-02 16:17:03,14889,14889,14889,2,0
2022-12-02 16:17:03,14888,14888,14888,2,-2
2022-12-02 16:17:10,14888,14888,14888,2,0
2022-12-02 16:17:24,14888,14888,14888,2,0
2022-12-02 16:17:24,14888,14888,14888,6,0
2022-12-02 16:17:38,14889,14889,14889,2,2
2022-12-02 16:17:42,14889,14889,14889,2,0
2022-12-02 16:17:43,14889,14889,14889,2,0
2022-12-02 16:17:50,14889,14889,14889,2,0
2022-12-02 16:17:50,14890,14890,14890,4,4
2022-12-02 16:17:50,14890,14890,14890,4,0
2022-12-02 16:17:51,14888,14888,14888,2,-2
2022-12-02 16:17:51,14890,14890,14890,6,6
2022-12-02 16:17:52,14890,14890,14890,10,0
2022-12-02 16:17:52,14888,14888,14888,2,-2
2022-12-02 16:17:52,14890,14890,14890,6,6
2022-12-02 16:17:53,14889,14889,14889,2,-2
2022-12-02 16:18:12,14886,14886,14886,2,-2
2022-12-02 16:18:12,14886,14886,14886,2,0
2022-12-02 16:18:12,14886,14886,14886,2,0
2022-12-02 16:18:12,14886,14886,14886,2,0
2022-12-02 16:18:35,14888,14888,14888,2,2
2022-12-02 16:19:16,14889,14889,14889,2,2
2022-12-02 16:19:36,14889,14889,14889,4,0
2022-12-02 16:19:36,14888,14888,14888,2,-2
2022-12-02 16:19:48,14889,14889,14889,4,4
2022-12-02 16:19:55,14890,14890,14890,2,2
2022-12-02 16:19:55,14890,14890,14890,2,0
2022-12-02 16:19:55,14890,14890,14890,2,0
2022-12-02 16:19:55,14890,14890,14890,2,0
2022-12-02 16:19:55,14890,14890,14890,4,0
2022-12-02 16:20:03,14890,14890,14890,2,0
2022-12-02 16:20:04,14891,14891,14891,2,2
2022-12-02 16:20:06,14890,14890,14890,2,-2
2022-12-02 16:20:06,14890,14890,14890,2,0
2022-12-02 16:20:09,14890,14890,14890,2,0
2022-12-02 16:20:22,14890,14890,14890,2,0
2022-12-02 16:20:22,14890,14890,14890,2,0
2022-12-02 16:20:29,14890,14890,14890,10,0
2022-12-02 16:20:29,14890,14890,14890,6,0
2022-12-02 16:20:32,14889,14889,14889,2,-2
2022-12-02 16:20:32,14889,14889,14889,2,0
2022-12-02 16:20:36,14889,14889,14889,2,0
2022-12-02 16:20:47,14889,14889,14889,2,0
2022-12-02 16:20:47,14889,14889,14889,2,0
2022-12-02 16:20:52,14888,14888,14888,2,-2
2022-12-02 16:20:52,14888,14888,14888,2,0
2022-12-02 16:20:52,14888,14888,14888,2,0
2022-12-02 16:20:52,14887,14887,14887,2,-2
2022-12-02 16:21:03,14888,14888,14888,2,2
2022-12-02 16:21:06,14889,14889,14889,2,2
2022-12-02 16:21:15,14890,14890,14890,2,2
2022-12-02 16:21:29,14891,14891,14891,62,62
2022-12-02 16:21:29,14892,14892,14892,2,2
2022-12-02 16:21:29,14892,14892,14892,8,0
2022-12-02 16:21:29,14892,14892,14892,2,0
2022-12-02 16:21:29,14892,14892,14892,4,0
2022-12-02 16:21:29,14893,14893,14893,2,2
2022-12-02 16:21:34,14892,14892,14892,2,-2
2022-12-02 16:21:47,14892,14892,14892,2,0
2022-12-02 16:21:48,14892,14892,14892,2,0
2022-12-02 16:21:55,14892,14892,14892,4,0
2022-12-02 16:22:15,14893,14893,14893,2,2
2022-12-02 16:22:15,14893,14893,14893,2,0
2022-12-02 16:22:15,14893,14893,14893,2,0
2022-12-02 16:22:15,14893,14893,14893,2,0
2022-12-02 16:22:15,14893,14893,14893,2,0
2022-12-02 16:22:15,14893,14893,14893,2,0
2022-12-02 16:22:15,14893,14893,14893,4,0
2022-12-02 16:22:27,14893,14893,14893,2,0
2022-12-02 16:22:30,14893,14893,14893,2,0
2022-12-02 16:22:33,14892,14892,14892,4,-4
2022-12-02 16:22:33,14892,14892,14892,2,0
2022-12-02 16:22:40,14892,14892,14892,2,0
2022-12-02 16:22:40,14892,14892,14892,2,0
2022-12-02 16:22:44,14893,14893,14893,2,2
2022-12-02 16:22:48,14892,14892,14892,2,-2
2022-12-02 16:23:10,14892,14892,14892,2,0
2022-12-02 16:23:10,14892,14892,14892,4,0
2022-12-02 16:23:10,14892,14892,14892,2,0
2022-12-02 16:23:10,14892,14892,14892,2,0
2022-12-02 16:23:10,14892,14892,14892,2,0
2022-12-02 16:23:19,14891,14891,14891,2,-2
2022-12-02 16:23:19,14891,14891,14891,6,0
2022-12-02 16:23:34,14890,14890,14890,2,-2
2022-12-02 16:23:34,14890,14890,14890,6,0
2022-12-02 16:23:35,14889,14889,14889,2,-2
2022-12-02 16:23:35,14889,14889,14889,2,0
2022-12-02 16:24:04,14889,14889,14889,2,0
2022-12-02 16:24:04,14889,14889,14889,2,0
2022-12-02 16:24:21,14890,14890,14890,2,2
2022-12-02 16:24:32,14890,14890,14890,2,0
2022-12-02 16:24:32,14890,14890,14890,2,0
2022-12-02 16:24:56,14890,14890,14890,2,0
2022-12-02 16:24:56,14890,14890,14890,2,0
2022-12-02 16:24:56,14890,14890,14890,2,0
2022-12-02 16:24:56,14890,14890,14890,4,0
2022-12-02 16:24:59,14890,14890,14890,6,0
2022-12-02 16:25:32,14889,14889,14889,2,-2
2022-12-02 16:25:32,14889,14889,14889,6,0
2022-12-02 16:25:32,14889,14889,14889,14,0
2022-12-02 16:25:32,14889,14889,14889,2,0
2022-12-02 16:25:32,14889,14889,14889,2,0
2022-12-02 16:25:32,14889,14889,14889,2,0
2022-12-02 16:25:33,14889,14889,14889,2,0
2022-12-02 16:25:33,14889,14889,14889,2,0
2022-12-02 16:25:33,14889,14889,14889,2,0
2022-12-02 16:25:33,14889,14889,14889,2,0
2022-12-02 16:25:33,14889,14889,14889,2,0
2022-12-02 16:25:33,14888,14888,14888,2,-2
2022-12-02 16:25:36,14888,14888,14888,2,0
2022-12-02 16:25:38,14887,14887,14887,2,-2
2022-12-02 16:25:38,14887,14887,14887,2,0
2022-12-02 16:25:52,14888,14888,14888,2,2
2022-12-02 16:25:52,14888,14888,14888,2,0
2022-12-02 16:26:03,14888,14888,14888,2,0
2022-12-02 16:26:11,14888,14888,14888,2,0
2022-12-02 16:26:22,14889,14889,14889,2,2
2022-12-02 16:26:22,14889,14889,14889,2,0
2022-12-02 16:26:22,14889,14889,14889,2,0
2022-12-02 16:26:22,14889,14889,14889,2,0
2022-12-02 16:26:25,14889,14889,14889,2,0
2022-12-02 16:26:30,14890,14890,14890,2,2
2022-12-02 16:26:30,14890,14890,14890,2,0
2022-12-02 16:26:32,14891,14891,14891,4,4
2022-12-02 16:26:32,14892,14892,14892,2,2
2022-12-02 16:26:42,14890,14890,14890,2,-2
2022-12-02 16:26:52,14890,14890,14890,2,0
2022-12-02 16:26:56,14890,14890,14890,2,0
2022-12-02 16:26:56,14890,14890,14890,2,0
2022-12-02 16:27:00,14891,14891,14891,2,2
2022-12-02 16:27:00,14891,14891,14891,2,0
2022-12-02 16:27:20,14890,14890,14890,2,-2
2022-12-02 16:27:27,14891,14891,14891,6,6
2022-12-02 16:27:49,14890,14890,14890,2,-2
2022-12-02 16:27:58,14890,14890,14890,2,0
2022-12-02 16:27:58,14890,14890,14890,2,0
2022-12-02 16:27:58,14890,14890,14890,2,0
2022-12-02 16:27:58,14890,14890,14890,2,0
2022-12-02 16:28:02,14891,14891,14891,6,6
2022-12-02 16:28:04,14891,14891,14891,6,0
2022-12-02 16:28:06,14891,14891,14891,6,0
2022-12-02 16:28:09,14892,14892,14892,6,6
2022-12-02 16:28:11,14891,14891,14891,6,-6
2022-12-02 16:28:19,14891,14891,14891,6,0
2022-12-02 16:28:21,14891,14891,14891,6,0
2022-12-02 16:28:30,14890,14890,14890,4,-4
2022-12-02 16:28:30,14890,14890,14890,2,0
2022-12-02 16:28:32,14890,14890,14890,2,0
2022-12-02 16:29:05,14891,14891,14891,2,2
2022-12-02 16:29:05,14891,14891,14891,2,0
2022-12-02 16:29:49,14891,14891,14891,2,0
2022-12-02 16:29:49,14891,14891,14891,2,0
2022-12-02 16:29:49,14890,14890,14890,2,-2
2022-12-02 16:29:49,14890,14890,14890,2,0
2022-12-02 16:29:49,14890,14890,14890,2,0
2022-12-02 16:29:49,14890,14890,14890,2,0
2022-12-02 16:29:49,14892,14892,14892,2,2
2022-12-02 16:29:49,14892,14892,14892,2,0
2022-12-02 16:29:51,14891,14891,14891,2,-2
2022-12-02 16:29:51,14891,14891,14891,2,0
2022-12-02 16:29:51,14892,14892,14892,2,2
2022-12-02 16:29:51,14892,14892,14892,2,0
2022-12-02 16:29:51,14892,14892,14892,2,0
2022-12-02 16:30:02,14891,14891,14891,2,-2
2022-12-02 16:30:02,14890,14890,14890,2,-2
2022-12-02 16:30:02,14889,14889,14889,2,-2
2022-12-02 16:30:03,14890,14890,14890,2,2
2022-12-02 16:30:16,14889,14889,14889,2,-2
2022-12-02 16:30:16,14889,14889,14889,2,0
2022-12-02 16:30:17,14888,14888,14888,2,-2
2022-12-02 16:30:19,14888,14888,14888,2,0
2022-12-02 16:30:19,14889,14889,14889,2,2
2022-12-02 16:30:20,14888,14888,14888,2,-2
2022-12-02 16:30:21,14888,14888,14888,2,0
2022-12-02 16:30:21,14888,14888,14888,2,0
2022-12-02 16:30:23,14888,14888,14888,2,0
2022-12-02 16:30:23,14888,14888,14888,6,0
2022-12-02 16:30:33,14887,14887,14887,2,-2
2022-12-02 16:30:33,14887,14887,14887,2,0
2022-12-02 16:30:33,14887,14887,14887,2,0
2022-12-02 16:30:33,14887,14887,14887,2,0
2022-12-02 16:30:37,14886,14886,14886,2,-2
2022-12-02 16:30:37,14886,14886,14886,4,0
2022-12-02 16:30:37,14886,14886,14886,4,0
2022-12-02 16:30:40,14885,14885,14885,2,-2
2022-12-02 16:30:41,14886,14886,14886,2,2
2022-12-02 16:30:45,14886,14886,14886,4,0
2022-12-02 16:30:55,14886,14886,14886,2,0
2022-12-02 16:31:00,14887,14887,14887,2,2
2022-12-02 16:31:00,14887,14887,14887,2,0
2022-12-02 16:31:02,14888,14888,14888,2,2
2022-12-02 16:31:02,14888,14888,14888,2,0
2022-12-02 16:31:04,14889,14889,14889,2,2
2022-12-02 16:31:06,14890,14890,14890,2,2
2022-12-02 16:31:36,14890,14890,14890,2,0
2022-12-02 16:31:42,14889,14889,14889,2,-2
2022-12-02 16:32:00,14889,14889,14889,2,0
2022-12-02 16:32:37,14892,14892,14892,2,2
2022-12-02 16:32:37,14892,14892,14892,2,0
2022-12-02 16:32:39,14891,14891,14891,2,-2
2022-12-02 16:32:39,14891,14891,14891,2,0
2022-12-02 16:32:39,14890,14890,14890,2,-2
2022-12-02 16:32:39,14890,14890,14890,2,0
2022-12-02 16:32:39,14890,14890,14890,4,0
2022-12-02 16:32:39,14890,14890,14890,2,0
2022-12-02 16:32:39,14890,14890,14890,2,0
2022-12-02 16:32:39,14891,14891,14891,4,4
2022-12-02 16:32:42,14890,14890,14890,2,-2
2022-12-02 16:32:42,14890,14890,14890,2,0
2022-12-02 16:32:42,14890,14890,14890,2,0
2022-12-02 16:32:53,14890,14890,14890,2,0
2022-12-02 16:33:02,14890,14890,14890,2,0
2022-12-02 16:33:02,14890,14890,14890,8,0
2022-12-02 16:33:02,14890,14890,14890,4,0
2022-12-02 16:33:02,14890,14890,14890,4,0
2022-12-02 16:33:02,14890,14890,14890,2,0
2022-12-02 16:33:02,14890,14890,14890,2,0
2022-12-02 16:33:15,14890,14890,14890,2,0
2022-12-02 16:33:16,14891,14891,14891,2,2
2022-12-02 16:33:16,14891,14891,14891,2,0
2022-12-02 16:33:16,14891,14891,14891,14,0
2022-12-02 16:33:16,14892,14892,14892,2,2
2022-12-02 16:33:16,14892,14892,14892,4,0
2022-12-02 16:33:16,14892,14892,14892,2,0
2022-12-02 16:33:16,14892,14892,14892,2,0
2022-12-02 16:33:19,14892,14892,14892,2,0
2022-12-02 16:33:22,14892,14892,14892,2,0
2022-12-02 16:33:24,14893,14893,14893,2,2
2022-12-02 16:33:25,14892,14892,14892,2,-2
2022-12-02 16:33:25,14893,14893,14893,2,2
2022-12-02 16:33:28,14893,14893,14893,2,0
2022-12-02 16:33:31,14893,14893,14893,2,0
2022-12-02 16:33:32,14893,14893,14893,2,0
2022-12-02 16:33:37,14892,14892,14892,2,-2
2022-12-02 16:33:38,14892,14892,14892,2,0
2022-12-02 16:33:38,14893,14893,14893,2,2
2022-12-02 16:33:46,14892,14892,14892,2,-2
2022-12-02 16:33:50,14893,14893,14893,4,4
2022-12-02 16:33:51,14892,14892,14892,2,-2
2022-12-02 16:33:51,14891,14891,14891,2,-2
2022-12-02 16:34:00,14892,14892,14892,2,2
2022-12-02 16:34:12,14892,14892,14892,2,0
2022-12-02 16:34:12,14892,14892,14892,2,0
2022-12-02 16:34:12,14892,14892,14892,8,0
2022-12-02 16:34:37,14893,14893,14893,8,8
2022-12-02 16:34:38,14893,14893,14893,2,0
2022-12-02 16:34:38,14893,14893,14893,2,0
2022-12-02 16:34:40,14893,14893,14893,4,0
2022-12-02 16:34:51,14893,14893,14893,2,0
2022-12-02 16:34:54,14892,14892,14892,2,-2
2022-12-02 16:35:00,14892,14892,14892,2,0
2022-12-02 16:35:30,14892,14892,14892,2,0
2022-12-02 16:35:30,14892,14892,14892,2,0
2022-12-02 16:35:30,14892,14892,14892,2,0
2022-12-02 16:35:45,14892,14892,14892,2,0
2022-12-02 16:35:48,14893,14893,14893,2,2
2022-12-02 16:35:48,14893,14893,14893,2,0
2022-12-02 16:35:48,14893,14893,14893,2,0
2022-12-02 16:36:00,14893,14893,14893,6,0
2022-12-02 16:36:01,14893,14893,14893,2,0
2022-12-02 16:36:17,14893,14893,14893,2,0
2022-12-02 16:36:18,14892,14892,14892,2,-2
2022-12-02 16:36:18,14891,14891,14891,2,-2
2022-12-02 16:36:20,14893,14893,14893,2,2
2022-12-02 16:36:21,14893,14893,14893,2,0
2022-12-02 16:36:21,14894,14894,14894,2,2
2022-12-02 16:36:25,14892,14892,14892,2,-2
2022-12-02 16:36:29,14894,14894,14894,2,2
2022-12-02 16:36:29,14894,14894,14894,2,0
2022-12-02 16:36:29,14894,14894,14894,2,0
2022-12-02 16:36:29,14894,14894,14894,2,0
2022-12-02 16:36:29,14894,14894,14894,2,0
2022-12-02 16:36:29,14894,14894,14894,2,0
2022-12-02 16:36:33,14893,14893,14893,2,-2
2022-12-02 16:36:35,14894,14894,14894,2,2
2022-12-02 16:36:37,14894,14894,14894,2,0
2022-12-02 16:36:37,14894,14894,14894,2,0
2022-12-02 16:36:37,14894,14894,14894,2,0
2022-12-02 16:36:37,14894,14894,14894,4,0
2022-12-02 16:36:41,14894,14894,14894,2,0
2022-12-02 16:36:42,14894,14894,14894,2,0
2022-12-02 16:36:42,14894,14894,14894,2,0
2022-12-02 16:36:43,14894,14894,14894,2,0
2022-12-02 16:36:43,14894,14894,14894,2,0
2022-12-02 16:36:43,14894,14894,14894,2,0
2022-12-02 16:36:43,14894,14894,14894,2,0
2022-12-02 16:36:43,14894,14894,14894,2,0
2022-12-02 16:36:43,14894,14894,14894,6,0
2022-12-02 16:36:43,14894,14894,14894,2,0
2022-12-02 16:36:43,14894,14894,14894,2,0
2022-12-02 16:36:43,14894,14894,14894,2,0
2022-12-02 16:36:43,14894,14894,14894,4,0
2022-12-02 16:36:43,14894,14894,14894,2,0
2022-12-02 16:36:44,14893,14893,14893,2,-2
2022-12-02 16:36:49,14894,14894,14894,2,2
2022-12-02 16:37:02,14894,14894,14894,4,0
2022-12-02 16:37:16,14894,14894,14894,2,0
2022-12-02 16:37:23,14894,14894,14894,2,0
2022-12-02 16:37:31,14895,14895,14895,4,4
2022-12-02 16:37:38,14895,14895,14895,2,0
2022-12-02 16:37:38,14895,14895,14895,2,0
2022-12-02 16:37:38,14895,14895,14895,18,0
2022-12-02 16:37:38,14896,14896,14896,2,2
2022-12-02 16:37:38,14896,14896,14896,2,0
2022-12-02 16:37:38,14896,14896,14896,2,0
2022-12-02 16:37:38,14896,14896,14896,2,0
2022-12-02 16:37:44,14896,14896,14896,2,0
2022-12-02 16:37:44,14896,14896,14896,2,0
2022-12-02 16:37:49,14894,14894,14894,2,-2
2022-12-02 16:37:49,14894,14894,14894,2,0
2022-12-02 16:37:52,14895,14895,14895,2,2
2022-12-02 16:37:52,14895,14895,14895,4,0
2022-12-02 16:37:58,14895,14895,14895,4,0
2022-12-02 16:38:03,14896,14896,14896,10,10
2022-12-02 16:38:05,14896,14896,14896,2,0
2022-12-02 16:38:18,14896,14896,14896,2,0
2022-12-02 16:38:25,14895,14895,14895,2,-2
2022-12-02 16:38:25,14895,14895,14895,2,0
2022-12-02 16:38:25,14895,14895,14895,2,0
2022-12-02 16:38:29,14895,14895,14895,2,0
2022-12-02 16:38:32,14895,14895,14895,6,0
2022-12-02 16:38:46,14894,14894,14894,2,-2
2022-12-02 16:39:10,14894,14894,14894,4,0
2022-12-02 16:39:10,14894,14894,14894,2,0
2022-12-02 16:39:13,14894,14894,14894,2,0
2022-12-02 16:39:18,14894,14894,14894,2,0
2022-12-02 16:39:32,14894,14894,14894,2,0
2022-12-02 16:39:35,14895,14895,14895,4,4
2022-12-02 16:39:45,14895,14895,14895,2,0
2022-12-02 16:39:46,14895,14895,14895,2,0
2022-12-02 16:40:08,14895,14895,14895,2,0
2022-12-02 16:40:08,14895,14895,14895,2,0
2022-12-02 16:40:08,14895,14895,14895,2,0
2022-12-02 16:40:09,14896,14896,14896,2,2
2022-12-02 16:40:09,14896,14896,14896,4,0
2022-12-02 16:40:09,14896,14896,14896,2,0
2022-12-02 16:40:09,14896,14896,14896,4,0
2022-12-02 16:40:09,14896,14896,14896,2,0
2022-12-02 16:40:15,14896,14896,14896,2,0
2022-12-02 16:40:26,14896,14896,14896,2,0
2022-12-02 16:40:26,14896,14896,14896,2,0
2022-12-02 16:40:26,14896,14896,14896,2,0
2022-12-02 16:40:26,14897,14897,14897,2,2
2022-12-02 16:40:26,14897,14897,14897,2,0
2022-12-02 16:40:26,14897,14897,14897,2,0
2022-12-02 16:40:26,14897,14897,14897,2,0
2022-12-02 16:40:26,14897,14897,14897,4,0
2022-12-02 16:40:26,14898,14898,14898,6,6
2022-12-02 16:40:26,14898,14898,14898,4,0
2022-12-02 16:40:27,14898,14898,14898,4,0
2022-12-02 16:40:30,14897,14897,14897,2,-2
2022-12-02 16:40:30,14897,14897,14897,2,0
2022-12-02 16:40:38,14896,14896,14896,2,-2
2022-12-02 16:40:48,14897,14897,14897,2,2
2022-12-02 16:40:51,14898,14898,14898,2,2
2022-12-02 16:40:56,14897,14897,14897,2,-2
2022-12-02 16:40:56,14898,14898,14898,2,2
2022-12-02 16:40:57,14898,14898,14898,6,0
2022-12-02 16:41:02,14898,14898,14898,2,0
2022-12-02 16:41:02,14898,14898,14898,6,0
2022-12-02 16:41:05,14898,14898,14898,2,0
2022-12-02 16:41:12,14897,14897,14897,2,-2
2022-12-02 16:41:19,14898,14898,14898,2,2
2022-12-02 16:41:19,14898,14898,14898,2,0
2022-12-02 16:41:19,14898,14898,14898,2,0
2022-12-02 16:41:19,14898,14898,14898,2,0
2022-12-02 16:41:23,14899,14899,14899,2,2
2022-12-02 16:41:24,14899,14899,14899,16,0
2022-12-02 16:41:24,14899,14899,14899,2,0
2022-12-02 16:41:25,14899,14899,14899,2,0
2022-12-02 16:41:25,14899,14899,14899,2,0
2022-12-02 16:41:26,14899,14899,14899,16,0
2022-12-02 16:41:26,14899,14899,14899,2,0
2022-12-02 16:41:29,14899,14899,14899,2,0
2022-12-02 16:41:29,14900,14900,14900,2,2
2022-12-02 16:41:32,14900,14900,14900,2,0
2022-12-02 16:41:32,14900,14900,14900,2,0
2022-12-02 16:41:32,14900,14900,14900,8,0
2022-12-02 16:41:32,14900,14900,14900,2,0
2022-12-02 16:41:32,14900,14900,14900,2,0
2022-12-02 16:41:32,14900,14900,14900,2,0
2022-12-02 16:41:32,14900,14900,14900,2,0
2022-12-02 16:41:32,14900,14900,14900,2,0
2022-12-02 16:41:32,14899,14899,14899,2,-2
2022-12-02 16:41:35,14900,14900,14900,4,4
2022-12-02 16:41:36,14900,14900,14900,4,0
2022-12-02 16:41:38,14899,14899,14899,2,-2
2022-12-02 16:41:38,14899,14899,14899,4,0
2022-12-02 16:41:40,14900,14900,14900,4,4
2022-12-02 16:41:40,14900,14900,14900,4,0
2022-12-02 16:41:40,14900,14900,14900,2,0
2022-12-02 16:41:41,14900,14900,14900,8,0
2022-12-02 16:41:45,14900,14900,14900,8,0
2022-12-02 16:41:47,14900,14900,14900,8,0
2022-12-02 16:41:59,14900,14900,14900,4,0
2022-12-02 16:42:00,14900,14900,14900,2,0
2022-12-02 16:42:00,14899,14899,14899,2,-2
2022-12-02 16:42:00,14900,14900,14900,2,2
2022-12-02 16:42:00,14900,14900,14900,2,0
2022-12-02 16:42:00,14900,14900,14900,2,0
2022-12-02 16:42:01,14899,14899,14899,2,-2
2022-12-02 16:42:05,14899,14899,14899,2,0
2022-12-02 16:42:08,14900,14900,14900,2,2
2022-12-02 16:42:14,14900,14900,14900,2,0
2022-12-02 16:42:18,14900,14900,14900,2,0
2022-12-02 16:42:20,14900,14900,14900,2,0
2022-12-02 16:42:25,14900,14900,14900,2,0
2022-12-02 16:42:26,14900,14900,14900,2,0
2022-12-02 16:42:29,14899,14899,14899,2,-2
2022-12-02 16:42:30,14899,14899,14899,2,0
