2023-06-01 15:00:00,16473,16473,16473,68,0
2023-06-01 15:00:00,16472,16472,16472,2,-2
2023-06-01 15:00:00,16472,16472,16472,2,0
2023-06-01 15:00:00,16472,16472,16472,2,0
2023-06-01 15:00:00,16471,16471,16471,6,-6
2023-06-01 15:00:01,16473,16473,16473,2,2
2023-06-01 15:00:02,16471,16471,16471,2,-2
2023-06-01 15:00:02,16473,16473,16473,2,2
2023-06-01 15:00:02,16473,16473,16473,2,0
2023-06-01 15:00:02,16472,16472,16472,2,-2
2023-06-01 15:00:02,16471,16471,16471,8,-8
2023-06-01 15:00:02,16471,16471,16471,22,0
2023-06-01 15:00:02,16471,16471,16471,2,0
2023-06-01 15:00:02,16471,16471,16471,4,0
2023-06-01 15:00:03,16472,16472,16472,6,6
2023-06-01 15:00:04,16472,16472,16472,2,0
2023-06-01 15:00:04,16471,16471,16471,2,-2
2023-06-01 15:00:04,16471,16471,16471,2,0
2023-06-01 15:00:06,16471,16471,16471,4,0
2023-06-01 15:00:06,16472,16472,16472,2,2
2023-06-01 15:00:06,16472,16472,16472,4,0
2023-06-01 15:00:06,16473,16473,16473,2,2
2023-06-01 15:00:06,16471,16471,16471,2,-2
2023-06-01 15:00:08,16472,16472,16472,4,4
2023-06-01 15:00:09,16472,16472,16472,4,0
2023-06-01 15:00:09,16473,16473,16473,2,2
2023-06-01 15:00:11,16471,16471,16471,2,-2
2023-06-01 15:00:11,16471,16471,16471,2,0
2023-06-01 15:00:11,16471,16471,16471,4,0
2023-06-01 15:00:11,16473,16473,16473,6,6
2023-06-01 15:00:13,16472,16472,16472,2,-2
2023-06-01 15:00:14,16472,16472,16472,2,0
2023-06-01 15:00:14,16472,16472,16472,2,0
2023-06-01 15:00:14,16473,16473,16473,6,6
2023-06-01 15:00:15,16473,16473,16473,2,0
2023-06-01 15:00:15,16473,16473,16473,2,0
2023-06-01 15:00:16,16473,16473,16473,2,0
2023-06-01 15:00:16,16473,16473,16473,8,0
2023-06-01 15:00:16,16473,16473,16473,2,0
2023-06-01 15:00:17,16474,16474,16474,2,2
2023-06-01 15:00:17,16474,16474,16474,2,0
2023-06-01 15:00:17,16474,16474,16474,2,0
2023-06-01 15:00:17,16474,16474,16474,2,0
2023-06-01 15:00:17,16474,16474,16474,2,0
2023-06-01 15:00:17,16474,16474,16474,2,0
2023-06-01 15:00:18,16474,16474,16474,4,0
2023-06-01 15:00:18,16474,16474,16474,2,0
2023-06-01 15:00:19,16474,16474,16474,6,0
2023-06-01 15:00:19,16473,16473,16473,2,-2
2023-06-01 15:00:21,16474,16474,16474,6,6
2023-06-01 15:00:24,16474,16474,16474,2,0
2023-06-01 15:00:25,16473,16473,16473,4,-4
2023-06-01 15:00:25,16473,16473,16473,2,0
2023-06-01 15:00:25,16473,16473,16473,4,0
2023-06-01 15:00:25,16473,16473,16473,2,0
2023-06-01 15:00:27,16474,16474,16474,2,2
2023-06-01 15:00:27,16473,16473,16473,2,-2
2023-06-01 15:00:27,16473,16473,16473,4,0
2023-06-01 15:00:27,16473,16473,16473,2,0
2023-06-01 15:00:27,16473,16473,16473,2,0
2023-06-01 15:00:28,16472,16472,16472,2,-2
2023-06-01 15:00:28,16474,16474,16474,6,6
2023-06-01 15:00:30,16473,16473,16473,2,-2
2023-06-01 15:00:31,16472,16472,16472,2,-2
2023-06-01 15:00:31,16472,16472,16472,2,0
2023-06-01 15:00:31,16472,16472,16472,2,0
2023-06-01 15:00:31,16472,16472,16472,2,0
2023-06-01 15:00:31,16472,16472,16472,8,0
2023-06-01 15:00:31,16472,16472,16472,2,0
2023-06-01 15:00:32,16472,16472,16472,2,0
2023-06-01 15:00:32,16473,16473,16473,4,4
2023-06-01 15:00:33,16472,16472,16472,2,-2
2023-06-01 15:00:33,16472,16472,16472,2,0
2023-06-01 15:00:34,16472,16472,16472,2,0
2023-06-01 15:00:34,16472,16472,16472,4,0
2023-06-01 15:00:34,16472,16472,16472,2,0
2023-06-01 15:00:36,16471,16471,16471,2,-2
2023-06-01 15:00:36,16473,16473,16473,2,2
2023-06-01 15:00:40,16472,16472,16472,2,-2
2023-06-01 15:00:43,16473,16473,16473,2,2
2023-06-01 15:00:47,16474,16474,16474,6,6
2023-06-01 15:00:50,16473,16473,16473,2,-2
2023-06-01 15:00:51,16473,16473,16473,6,0
2023-06-01 15:00:55,16472,16472,16472,2,-2
2023-06-01 15:00:58,16473,16473,16473,2,2
2023-06-01 15:01:00,16473,16473,16473,6,0
2023-06-01 15:01:00,16472,16472,16472,4,-4
2023-06-01 15:01:00,16472,16472,16472,2,0
2023-06-01 15:01:00,16472,16472,16472,2,0
2023-06-01 15:01:00,16472,16472,16472,2,0
2023-06-01 15:01:00,16472,16472,16472,2,0
2023-06-01 15:01:00,16472,16472,16472,2,0
2023-06-01 15:01:00,16472,16472,16472,8,0
2023-06-01 15:01:00,16472,16472,16472,4,0
2023-06-01 15:01:00,16472,16472,16472,2,0
2023-06-01 15:01:00,16472,16472,16472,2,0
2023-06-01 15:01:00,16473,16473,16473,2,2
2023-06-01 15:01:01,16471,16471,16471,2,-2
2023-06-01 15:01:01,16471,16471,16471,2,0
2023-06-01 15:01:01,16471,16471,16471,2,0
2023-06-01 15:01:01,16471,16471,16471,2,0
2023-06-01 15:01:01,16471,16471,16471,2,0
2023-06-01 15:01:01,16471,16471,16471,8,0
2023-06-01 15:01:01,16471,16471,16471,2,0
2023-06-01 15:01:01,16471,16471,16471,2,0
2023-06-01 15:01:01,16470,16470,16470,4,-4
2023-06-01 15:01:01,16470,16470,16470,2,0
2023-06-01 15:01:01,16470,16470,16470,18,0
2023-06-01 15:01:01,16470,16470,16470,2,0
2023-06-01 15:01:01,16470,16470,16470,2,0
2023-06-01 15:01:01,16470,16470,16470,4,0
2023-06-01 15:01:01,16470,16470,16470,4,0
2023-06-01 15:01:01,16470,16470,16470,2,0
2023-06-01 15:01:01,16470,16470,16470,2,0
2023-06-01 15:01:01,16470,16470,16470,2,0
2023-06-01 15:01:01,16470,16470,16470,2,0
2023-06-01 15:01:01,16470,16470,16470,2,0
2023-06-01 15:01:01,16470,16470,16470,2,0
2023-06-01 15:01:01,16470,16470,16470,4,0
2023-06-01 15:01:01,16470,16470,16470,2,0
2023-06-01 15:01:01,16470,16470,16470,2,0
2023-06-01 15:01:01,16470,16470,16470,2,0
2023-06-01 15:01:01,16470,16470,16470,2,0
2023-06-01 15:01:01,16470,16470,16470,6,0
2023-06-01 15:01:01,16470,16470,16470,2,0
2023-06-01 15:01:01,16469,16469,16469,2,-2
2023-06-01 15:01:01,16469,16469,16469,2,0
2023-06-01 15:01:01,16469,16469,16469,4,0
2023-06-01 15:01:01,16469,16469,16469,6,0
2023-06-01 15:01:01,16469,16469,16469,2,0
2023-06-01 15:01:01,16469,16469,16469,2,0
2023-06-01 15:01:01,16469,16469,16469,2,0
2023-06-01 15:01:01,16469,16469,16469,2,0
2023-06-01 15:01:01,16469,16469,16469,2,0
2023-06-01 15:01:01,16469,16469,16469,6,0
2023-06-01 15:01:01,16469,16469,16469,6,0
2023-06-01 15:01:01,16469,16469,16469,2,0
2023-06-01 15:01:01,16469,16469,16469,2,0
2023-06-01 15:01:01,16469,16469,16469,10,0
2023-06-01 15:01:01,16468,16468,16468,2,-2
2023-06-01 15:01:01,16468,16468,16468,2,0
2023-06-01 15:01:01,16468,16468,16468,2,0
2023-06-01 15:01:08,16469,16469,16469,2,2
2023-06-01 15:01:09,16468,16468,16468,2,-2
2023-06-01 15:01:18,16468,16468,16468,2,0
2023-06-01 15:01:19,16469,16469,16469,2,2
2023-06-01 15:01:22,16469,16469,16469,2,0
2023-06-01 15:01:25,16469,16469,16469,2,0
2023-06-01 15:01:29,16469,16469,16469,2,0
2023-06-01 15:01:30,16469,16469,16469,2,0
2023-06-01 15:01:36,16470,16470,16470,8,8
2023-06-01 15:01:37,16471,16471,16471,2,2
2023-06-01 15:01:40,16472,16472,16472,2,2
2023-06-01 15:01:42,16472,16472,16472,6,0
2023-06-01 15:01:44,16472,16472,16472,6,0
2023-06-01 15:01:47,16472,16472,16472,6,0
2023-06-01 15:01:48,16472,16472,16472,2,0
2023-06-01 15:01:49,16470,16470,16470,4,-4
2023-06-01 15:01:51,16469,16469,16469,2,-2
2023-06-01 15:01:51,16469,16469,16469,2,0
2023-06-01 15:01:57,16468,16468,16468,2,-2
2023-06-01 15:01:57,16468,16468,16468,2,0
2023-06-01 15:01:57,16468,16468,16468,2,0
2023-06-01 15:01:57,16468,16468,16468,2,0
2023-06-01 15:01:57,16468,16468,16468,2,0
2023-06-01 15:01:59,16468,16468,16468,2,0
2023-06-01 15:01:59,16468,16468,16468,2,0
2023-06-01 15:01:59,16468,16468,16468,2,0
2023-06-01 15:01:59,16468,16468,16468,2,0
2023-06-01 15:01:59,16468,16468,16468,2,0
2023-06-01 15:02:00,16469,16469,16469,2,2
2023-06-01 15:02:01,16469,16469,16469,2,0
2023-06-01 15:02:02,16468,16468,16468,2,-2
2023-06-01 15:02:03,16468,16468,16468,4,0
2023-06-01 15:02:05,16467,16467,16467,2,-2
2023-06-01 15:02:06,16467,16467,16467,2,0
2023-06-01 15:02:06,16467,16467,16467,2,0
2023-06-01 15:02:06,16467,16467,16467,20,0
2023-06-01 15:02:06,16467,16467,16467,2,0
2023-06-01 15:02:08,16466,16466,16466,2,-2
2023-06-01 15:02:08,16466,16466,16466,2,0
2023-06-01 15:02:08,16465,16465,16465,2,-2
2023-06-01 15:02:08,16465,16465,16465,2,0
2023-06-01 15:02:08,16465,16465,16465,2,0
2023-06-01 15:02:08,16465,16465,16465,2,0
2023-06-01 15:02:08,16465,16465,16465,2,0
2023-06-01 15:02:08,16465,16465,16465,2,0
2023-06-01 15:02:08,16465,16465,16465,2,0
2023-06-01 15:02:08,16464,16464,16464,2,-2
2023-06-01 15:02:08,16464,16464,16464,2,0
2023-06-01 15:02:09,16465,16465,16465,2,2
2023-06-01 15:02:09,16465,16465,16465,4,0
2023-06-01 15:02:09,16465,16465,16465,2,0
2023-06-01 15:02:10,16465,16465,16465,4,0
2023-06-01 15:02:10,16465,16465,16465,2,0
2023-06-01 15:02:10,16465,16465,16465,2,0
2023-06-01 15:02:11,16465,16465,16465,2,0
2023-06-01 15:02:17,16464,16464,16464,2,-2
2023-06-01 15:02:17,16464,16464,16464,2,0
2023-06-01 15:02:20,16463,16463,16463,2,-2
2023-06-01 15:02:21,16463,16463,16463,2,0
2023-06-01 15:02:21,16463,16463,16463,2,0
2023-06-01 15:02:23,16463,16463,16463,2,0
2023-06-01 15:02:23,16463,16463,16463,2,0
2023-06-01 15:02:24,16463,16463,16463,2,0
2023-06-01 15:02:25,16463,16463,16463,2,0
2023-06-01 15:02:26,16463,16463,16463,2,0
2023-06-01 15:02:28,16463,16463,16463,2,0
2023-06-01 15:02:28,16463,16463,16463,4,0
2023-06-01 15:02:30,16463,16463,16463,2,0
2023-06-01 15:02:30,16463,16463,16463,2,0
2023-06-01 15:02:31,16463,16463,16463,2,0
2023-06-01 15:02:31,16463,16463,16463,2,0
2023-06-01 15:02:31,16463,16463,16463,2,0
2023-06-01 15:02:31,16463,16463,16463,2,0
2023-06-01 15:02:31,16462,16462,16462,2,-2
2023-06-01 15:02:34,16463,16463,16463,2,2
2023-06-01 15:02:34,16463,16463,16463,2,0
2023-06-01 15:02:37,16463,16463,16463,4,0
2023-06-01 15:02:37,16464,16464,16464,2,2
2023-06-01 15:02:38,16464,16464,16464,2,0
2023-06-01 15:02:39,16464,16464,16464,4,0
2023-06-01 15:02:40,16463,16463,16463,2,-2
2023-06-01 15:02:41,16464,16464,16464,2,2
2023-06-01 15:02:47,16465,16465,16465,2,2
2023-06-01 15:02:47,16464,16464,16464,2,-2
2023-06-01 15:02:50,16464,16464,16464,2,0
2023-06-01 15:02:50,16464,16464,16464,2,0
2023-06-01 15:02:50,16464,16464,16464,10,0
2023-06-01 15:02:50,16464,16464,16464,8,0
2023-06-01 15:02:50,16464,16464,16464,2,0
2023-06-01 15:02:50,16465,16465,16465,4,4
2023-06-01 15:02:53,16465,16465,16465,2,0
2023-06-01 15:03:00,16463,16463,16463,2,-2
2023-06-01 15:03:00,16463,16463,16463,2,0
2023-06-01 15:03:00,16463,16463,16463,2,0
2023-06-01 15:03:00,16462,16462,16462,2,-2
2023-06-01 15:03:02,16464,16464,16464,2,2
2023-06-01 15:03:05,16464,16464,16464,2,0
2023-06-01 15:03:05,16464,16464,16464,4,0
2023-06-01 15:03:10,16464,16464,16464,2,0
2023-06-01 15:03:13,16464,16464,16464,4,0
2023-06-01 15:03:13,16464,16464,16464,2,0
2023-06-01 15:03:18,16465,16465,16465,10,10
2023-06-01 15:03:19,16465,16465,16465,2,0
2023-06-01 15:03:19,16465,16465,16465,2,0
2023-06-01 15:03:20,16465,16465,16465,2,0
2023-06-01 15:03:20,16465,16465,16465,2,0
2023-06-01 15:03:21,16465,16465,16465,2,0
2023-06-01 15:03:23,16466,16466,16466,4,4
2023-06-01 15:03:23,16467,16467,16467,4,4
2023-06-01 15:03:27,16465,16465,16465,2,-2
2023-06-01 15:03:27,16465,16465,16465,2,0
2023-06-01 15:03:31,16467,16467,16467,4,4
2023-06-01 15:03:31,16467,16467,16467,2,0
2023-06-01 15:03:35,16467,16467,16467,8,0
2023-06-01 15:03:35,16465,16465,16465,2,-2
2023-06-01 15:03:43,16465,16465,16465,2,0
2023-06-01 15:03:45,16465,16465,16465,2,0
2023-06-01 15:03:47,16465,16465,16465,2,0
2023-06-01 15:03:48,16465,16465,16465,2,0
2023-06-01 15:03:48,16465,16465,16465,2,0
2023-06-01 15:03:48,16465,16465,16465,2,0
2023-06-01 15:03:50,16465,16465,16465,2,0
2023-06-01 15:03:53,16466,16466,16466,2,2
2023-06-01 15:03:53,16466,16466,16466,4,0
2023-06-01 15:03:53,16465,16465,16465,2,-2
2023-06-01 15:03:53,16465,16465,16465,2,0
2023-06-01 15:04:06,16465,16465,16465,4,0
2023-06-01 15:04:06,16465,16465,16465,2,0
2023-06-01 15:04:06,16465,16465,16465,2,0
2023-06-01 15:04:09,16464,16464,16464,2,-2
2023-06-01 15:04:09,16464,16464,16464,2,0
2023-06-01 15:04:09,16464,16464,16464,6,0
2023-06-01 15:04:09,16464,16464,16464,2,0
2023-06-01 15:04:09,16464,16464,16464,2,0
2023-06-01 15:04:09,16464,16464,16464,4,0
2023-06-01 15:04:09,16464,16464,16464,2,0
2023-06-01 15:04:09,16464,16464,16464,2,0
2023-06-01 15:04:10,16463,16463,16463,2,-2
2023-06-01 15:04:14,16464,16464,16464,2,2
2023-06-01 15:04:14,16464,16464,16464,4,0
2023-06-01 15:04:14,16464,16464,16464,2,0
2023-06-01 15:04:15,16464,16464,16464,2,0
2023-06-01 15:04:19,16465,16465,16465,2,2
2023-06-01 15:04:19,16465,16465,16465,2,0
2023-06-01 15:04:19,16465,16465,16465,2,0
2023-06-01 15:04:20,16466,16466,16466,2,2
2023-06-01 15:04:24,16465,16465,16465,2,-2
2023-06-01 15:04:24,16465,16465,16465,2,0
2023-06-01 15:04:27,16466,16466,16466,2,2
2023-06-01 15:04:29,16467,16467,16467,6,6
2023-06-01 15:04:30,16467,16467,16467,2,0
2023-06-01 15:04:30,16468,16468,16468,2,2
2023-06-01 15:04:33,16469,16469,16469,6,6
2023-06-01 15:04:36,16469,16469,16469,2,0
2023-06-01 15:04:47,16468,16468,16468,2,-2
2023-06-01 15:04:47,16468,16468,16468,2,0
2023-06-01 15:04:49,16468,16468,16468,2,0
2023-06-01 15:04:49,16468,16468,16468,2,0
2023-06-01 15:04:50,16469,16469,16469,2,2
2023-06-01 15:04:53,16468,16468,16468,2,-2
2023-06-01 15:04:56,16468,16468,16468,2,0
2023-06-01 15:05:00,16468,16468,16468,2,0
2023-06-01 15:05:00,16468,16468,16468,2,0
2023-06-01 15:05:00,16468,16468,16468,2,0
2023-06-01 15:05:00,16468,16468,16468,4,0
2023-06-01 15:05:01,16468,16468,16468,2,0
2023-06-01 15:05:01,16468,16468,16468,6,0
2023-06-01 15:05:01,16468,16468,16468,4,0
2023-06-01 15:05:01,16468,16468,16468,2,0
2023-06-01 15:05:01,16469,16469,16469,22,22
2023-06-01 15:05:01,16469,16469,16469,4,0
2023-06-01 15:05:03,16468,16468,16468,2,-2
2023-06-01 15:05:06,16469,16469,16469,2,2
2023-06-01 15:05:07,16470,16470,16470,2,2
2023-06-01 15:05:07,16470,16470,16470,2,0
2023-06-01 15:05:10,16469,16469,16469,2,-2
2023-06-01 15:05:11,16470,16470,16470,6,6
2023-06-01 15:05:11,16470,16470,16470,2,0
2023-06-01 15:05:12,16469,16469,16469,2,-2
2023-06-01 15:05:14,16471,16471,16471,2,2
2023-06-01 15:05:14,16471,16471,16471,4,0
2023-06-01 15:05:14,16471,16471,16471,8,0
2023-06-01 15:05:14,16471,16471,16471,2,0
2023-06-01 15:05:18,16471,16471,16471,2,0
2023-06-01 15:05:20,16472,16472,16472,8,8
2023-06-01 15:05:20,16472,16472,16472,8,0
2023-06-01 15:05:25,16471,16471,16471,2,-2
2023-06-01 15:05:27,16471,16471,16471,2,0
2023-06-01 15:05:30,16473,16473,16473,2,2
2023-06-01 15:05:30,16473,16473,16473,18,0
2023-06-01 15:05:30,16473,16473,16473,4,0
2023-06-01 15:05:32,16473,16473,16473,2,0
2023-06-01 15:05:33,16473,16473,16473,2,0
2023-06-01 15:05:35,16474,16474,16474,2,2
2023-06-01 15:05:36,16474,16474,16474,2,0
2023-06-01 15:05:36,16474,16474,16474,4,0
2023-06-01 15:05:37,16474,16474,16474,2,0
2023-06-01 15:05:37,16474,16474,16474,2,0
2023-06-01 15:05:38,16475,16475,16475,2,2
2023-06-01 15:05:40,16475,16475,16475,2,0
2023-06-01 15:05:42,16475,16475,16475,2,0
2023-06-01 15:05:42,16475,16475,16475,2,0
2023-06-01 15:05:42,16475,16475,16475,4,0
2023-06-01 15:05:43,16475,16475,16475,2,0
2023-06-01 15:05:43,16475,16475,16475,2,0
2023-06-01 15:05:44,16475,16475,16475,6,0
2023-06-01 15:05:46,16475,16475,16475,2,0
2023-06-01 15:05:48,16475,16475,16475,2,0
2023-06-01 15:05:49,16475,16475,16475,4,0
2023-06-01 15:05:49,16474,16474,16474,4,-4
2023-06-01 15:05:49,16474,16474,16474,2,0
2023-06-01 15:05:49,16474,16474,16474,2,0
2023-06-01 15:05:52,16474,16474,16474,2,0
2023-06-01 15:05:57,16474,16474,16474,2,0
2023-06-01 15:06:00,16474,16474,16474,6,0
2023-06-01 15:06:02,16474,16474,16474,2,0
2023-06-01 15:06:03,16474,16474,16474,4,0
2023-06-01 15:06:03,16474,16474,16474,2,0
2023-06-01 15:06:06,16475,16475,16475,2,2
2023-06-01 15:06:06,16475,16475,16475,4,0
2023-06-01 15:06:07,16475,16475,16475,6,0
2023-06-01 15:06:11,16475,16475,16475,4,0
2023-06-01 15:06:11,16476,16476,16476,10,10
2023-06-01 15:06:11,16476,16476,16476,2,0
2023-06-01 15:06:11,16476,16476,16476,6,0
2023-06-01 15:06:15,16476,16476,16476,2,0
2023-06-01 15:06:16,16476,16476,16476,6,0
2023-06-01 15:06:16,16476,16476,16476,8,0
2023-06-01 15:06:16,16476,16476,16476,4,0
2023-06-01 15:06:16,16476,16476,16476,2,0
2023-06-01 15:06:16,16476,16476,16476,2,0
2023-06-01 15:06:16,16476,16476,16476,2,0
2023-06-01 15:06:16,16476,16476,16476,2,0
2023-06-01 15:06:16,16476,16476,16476,2,0
2023-06-01 15:06:18,16477,16477,16477,32,32
2023-06-01 15:06:19,16478,16478,16478,14,14
2023-06-01 15:06:20,16479,16479,16479,2,2
2023-06-01 15:06:20,16479,16479,16479,2,0
2023-06-01 15:06:20,16480,16480,16480,6,6
2023-06-01 15:06:20,16480,16480,16480,2,0
2023-06-01 15:06:21,16480,16480,16480,2,0
2023-06-01 15:06:21,16480,16480,16480,2,0
2023-06-01 15:06:21,16481,16481,16481,6,6
2023-06-01 15:06:24,16481,16481,16481,6,0
2023-06-01 15:06:25,16480,16480,16480,2,-2
2023-06-01 15:06:25,16480,16480,16480,2,0
2023-06-01 15:06:25,16480,16480,16480,8,0
2023-06-01 15:06:25,16480,16480,16480,2,0
2023-06-01 15:06:26,16480,16480,16480,2,0
2023-06-01 15:06:27,16480,16480,16480,4,0
2023-06-01 15:06:28,16480,16480,16480,2,0
2023-06-01 15:06:28,16480,16480,16480,6,0
2023-06-01 15:06:31,16479,16479,16479,2,-2
2023-06-01 15:06:32,16479,16479,16479,6,0
2023-06-01 15:06:32,16479,16479,16479,2,0
2023-06-01 15:06:33,16479,16479,16479,2,0
2023-06-01 15:06:34,16479,16479,16479,2,0
2023-06-01 15:06:35,16478,16478,16478,2,-2
2023-06-01 15:06:35,16478,16478,16478,2,0
2023-06-01 15:06:36,16477,16477,16477,2,-2
2023-06-01 15:06:38,16478,16478,16478,2,2
2023-06-01 15:06:38,16479,16479,16479,4,4
2023-06-01 15:06:39,16478,16478,16478,2,-2
2023-06-01 15:06:41,16477,16477,16477,2,-2
2023-06-01 15:06:44,16477,16477,16477,2,0
2023-06-01 15:06:44,16477,16477,16477,2,0
2023-06-01 15:06:45,16478,16478,16478,2,2
2023-06-01 15:06:47,16478,16478,16478,2,0
2023-06-01 15:06:47,16478,16478,16478,2,0
2023-06-01 15:06:50,16478,16478,16478,2,0
2023-06-01 15:06:53,16478,16478,16478,8,0
2023-06-01 15:06:55,16477,16477,16477,2,-2
2023-06-01 15:06:56,16478,16478,16478,2,2
2023-06-01 15:06:57,16478,16478,16478,6,0
2023-06-01 15:06:57,16478,16478,16478,2,0
2023-06-01 15:06:57,16478,16478,16478,2,0
2023-06-01 15:06:57,16478,16478,16478,2,0
2023-06-01 15:06:57,16478,16478,16478,2,0
2023-06-01 15:06:58,16479,16479,16479,2,2
2023-06-01 15:06:58,16479,16479,16479,2,0
2023-06-01 15:06:58,16479,16479,16479,2,0
2023-06-01 15:06:58,16479,16479,16479,4,0
2023-06-01 15:06:59,16479,16479,16479,2,0
2023-06-01 15:07:01,16480,16480,16480,10,10
2023-06-01 15:07:02,16479,16479,16479,2,-2
2023-06-01 15:07:03,16479,16479,16479,2,0
2023-06-01 15:07:04,16479,16479,16479,4,0
2023-06-01 15:07:04,16478,16478,16478,2,-2
2023-06-01 15:07:06,16480,16480,16480,6,6
2023-06-01 15:07:07,16480,16480,16480,10,0
2023-06-01 15:07:07,16480,16480,16480,2,0
2023-06-01 15:07:08,16480,16480,16480,4,0
2023-06-01 15:07:08,16480,16480,16480,2,0
2023-06-01 15:07:08,16480,16480,16480,2,0
2023-06-01 15:07:08,16480,16480,16480,6,0
2023-06-01 15:07:08,16480,16480,16480,2,0
2023-06-01 15:07:08,16480,16480,16480,2,0
2023-06-01 15:07:08,16480,16480,16480,10,0
2023-06-01 15:07:08,16480,16480,16480,2,0
2023-06-01 15:07:08,16480,16480,16480,2,0
2023-06-01 15:07:10,16480,16480,16480,2,0
2023-06-01 15:07:10,16480,16480,16480,2,0
2023-06-01 15:07:11,16481,16481,16481,2,2
2023-06-01 15:07:11,16481,16481,16481,6,0
2023-06-01 15:07:12,16481,16481,16481,2,0
2023-06-01 15:07:12,16480,16480,16480,2,-2
2023-06-01 15:07:12,16479,16479,16479,2,-2
2023-06-01 15:07:12,16479,16479,16479,2,0
2023-06-01 15:07:14,16480,16480,16480,2,2
2023-06-01 15:07:19,16478,16478,16478,2,-2
2023-06-01 15:07:19,16478,16478,16478,2,0
2023-06-01 15:07:29,16479,16479,16479,2,2
2023-06-01 15:07:37,16479,16479,16479,2,0
2023-06-01 15:07:37,16479,16479,16479,2,0
2023-06-01 15:07:41,16479,16479,16479,2,0
2023-06-01 15:07:48,16480,16480,16480,2,2
2023-06-01 15:07:48,16479,16479,16479,2,-2
2023-06-01 15:07:49,16480,16480,16480,6,6
2023-06-01 15:07:58,16480,16480,16480,2,0
2023-06-01 15:08:00,16479,16479,16479,2,-2
2023-06-01 15:08:00,16480,16480,16480,2,2
2023-06-01 15:08:03,16480,16480,16480,4,0
2023-06-01 15:08:03,16480,16480,16480,8,0
2023-06-01 15:08:03,16480,16480,16480,10,0
2023-06-01 15:08:03,16480,16480,16480,6,0
2023-06-01 15:08:03,16480,16480,16480,2,0
2023-06-01 15:08:04,16480,16480,16480,2,0
2023-06-01 15:08:04,16480,16480,16480,2,0
2023-06-01 15:08:05,16480,16480,16480,2,0
2023-06-01 15:08:05,16481,16481,16481,6,6
2023-06-01 15:08:06,16481,16481,16481,2,0
2023-06-01 15:08:07,16480,16480,16480,4,-4
2023-06-01 15:08:07,16480,16480,16480,4,0
2023-06-01 15:08:09,16480,16480,16480,2,0
2023-06-01 15:08:10,16479,16479,16479,2,-2
2023-06-01 15:08:11,16480,16480,16480,4,4
2023-06-01 15:08:12,16480,16480,16480,4,0
2023-06-01 15:08:12,16479,16479,16479,2,-2
2023-06-01 15:08:12,16478,16478,16478,2,-2
2023-06-01 15:08:12,16478,16478,16478,2,0
2023-06-01 15:08:15,16480,16480,16480,2,2
2023-06-01 15:08:16,16478,16478,16478,2,-2
2023-06-01 15:08:16,16478,16478,16478,2,0
2023-06-01 15:08:16,16478,16478,16478,2,0
2023-06-01 15:08:16,16479,16479,16479,2,2
2023-06-01 15:08:16,16480,16480,16480,4,4
2023-06-01 15:08:28,16479,16479,16479,2,-2
2023-06-01 15:08:29,16480,16480,16480,6,6
2023-06-01 15:08:33,16479,16479,16479,2,-2
2023-06-01 15:08:33,16478,16478,16478,2,-2
2023-06-01 15:08:33,16478,16478,16478,2,0
2023-06-01 15:08:34,16480,16480,16480,2,2
2023-06-01 15:08:42,16479,16479,16479,2,-2
2023-06-01 15:08:44,16479,16479,16479,2,0
2023-06-01 15:08:48,16480,16480,16480,2,2
2023-06-01 15:08:48,16480,16480,16480,4,0
2023-06-01 15:08:48,16480,16480,16480,10,0
2023-06-01 15:08:54,16480,16480,16480,2,0
2023-06-01 15:08:56,16480,16480,16480,2,0
2023-06-01 15:08:56,16480,16480,16480,2,0
2023-06-01 15:08:58,16480,16480,16480,2,0
2023-06-01 15:09:03,16480,16480,16480,2,0
2023-06-01 15:09:05,16480,16480,16480,2,0
2023-06-01 15:09:05,16480,16480,16480,2,0
2023-06-01 15:09:06,16480,16480,16480,2,0
2023-06-01 15:09:07,16480,16480,16480,2,0
2023-06-01 15:09:11,16480,16480,16480,2,0
2023-06-01 15:09:13,16479,16479,16479,2,-2
2023-06-01 15:09:13,16479,16479,16479,2,0
2023-06-01 15:09:13,16479,16479,16479,2,0
2023-06-01 15:09:13,16479,16479,16479,2,0
2023-06-01 15:09:13,16479,16479,16479,2,0
2023-06-01 15:09:14,16479,16479,16479,10,0
2023-06-01 15:09:17,16479,16479,16479,2,0
2023-06-01 15:09:17,16479,16479,16479,4,0
2023-06-01 15:09:20,16478,16478,16478,10,-10
2023-06-01 15:09:20,16478,16478,16478,2,0
2023-06-01 15:09:20,16478,16478,16478,2,0
2023-06-01 15:09:20,16478,16478,16478,2,0
2023-06-01 15:09:20,16478,16478,16478,2,0
2023-06-01 15:09:20,16478,16478,16478,4,0
2023-06-01 15:09:20,16478,16478,16478,2,0
2023-06-01 15:09:20,16478,16478,16478,2,0
2023-06-01 15:09:20,16478,16478,16478,2,0
2023-06-01 15:09:20,16477,16477,16477,2,-2
2023-06-01 15:09:20,16478,16478,16478,2,2
2023-06-01 15:09:20,16478,16478,16478,2,0
2023-06-01 15:09:26,16478,16478,16478,2,0
2023-06-01 15:09:26,16478,16478,16478,2,0
2023-06-01 15:09:26,16477,16477,16477,2,-2
2023-06-01 15:09:27,16477,16477,16477,2,0
2023-06-01 15:09:27,16477,16477,16477,4,0
2023-06-01 15:09:27,16478,16478,16478,8,8
2023-06-01 15:09:27,16478,16478,16478,2,0
2023-06-01 15:09:33,16478,16478,16478,2,0
2023-06-01 15:09:34,16479,16479,16479,4,4
2023-06-01 15:09:35,16478,16478,16478,2,-2
2023-06-01 15:09:38,16478,16478,16478,2,0
2023-06-01 15:09:42,16478,16478,16478,2,0
2023-06-01 15:09:43,16479,16479,16479,2,2
2023-06-01 15:09:53,16477,16477,16477,2,-2
2023-06-01 15:09:53,16477,16477,16477,6,0
2023-06-01 15:09:53,16477,16477,16477,4,0
2023-06-01 15:09:53,16477,16477,16477,4,0
2023-06-01 15:09:53,16477,16477,16477,2,0
2023-06-01 15:09:53,16477,16477,16477,2,0
2023-06-01 15:09:53,16477,16477,16477,2,0
2023-06-01 15:09:53,16477,16477,16477,2,0
2023-06-01 15:09:53,16477,16477,16477,2,0
2023-06-01 15:09:53,16477,16477,16477,2,0
2023-06-01 15:09:53,16477,16477,16477,2,0
2023-06-01 15:09:55,16476,16476,16476,2,-2
2023-06-01 15:09:56,16476,16476,16476,2,0
2023-06-01 15:09:56,16476,16476,16476,2,0
2023-06-01 15:09:56,16476,16476,16476,2,0
2023-06-01 15:09:56,16475,16475,16475,2,-2
2023-06-01 15:10:04,16476,16476,16476,2,2
2023-06-01 15:10:04,16476,16476,16476,2,0
2023-06-01 15:10:04,16476,16476,16476,2,0
2023-06-01 15:10:04,16476,16476,16476,2,0
2023-06-01 15:10:04,16476,16476,16476,2,0
2023-06-01 15:10:04,16476,16476,16476,2,0
2023-06-01 15:10:04,16476,16476,16476,2,0
2023-06-01 15:10:04,16476,16476,16476,2,0
2023-06-01 15:10:04,16476,16476,16476,2,0
2023-06-01 15:10:04,16476,16476,16476,2,0
2023-06-01 15:10:04,16477,16477,16477,2,2
2023-06-01 15:10:04,16477,16477,16477,2,0
2023-06-01 15:10:04,16477,16477,16477,2,0
2023-06-01 15:10:04,16477,16477,16477,2,0
2023-06-01 15:10:04,16477,16477,16477,2,0
2023-06-01 15:10:04,16477,16477,16477,2,0
2023-06-01 15:10:11,16476,16476,16476,6,-6
2023-06-01 15:10:11,16476,16476,16476,2,0
2023-06-01 15:10:11,16476,16476,16476,2,0
2023-06-01 15:10:11,16476,16476,16476,2,0
2023-06-01 15:10:11,16476,16476,16476,4,0
2023-06-01 15:10:11,16476,16476,16476,8,0
2023-06-01 15:10:11,16476,16476,16476,2,0
2023-06-01 15:10:11,16477,16477,16477,4,4
2023-06-01 15:10:11,16477,16477,16477,2,0
2023-06-01 15:10:13,16478,16478,16478,4,4
2023-06-01 15:10:21,16479,16479,16479,2,2
2023-06-01 15:10:22,16478,16478,16478,2,-2
2023-06-01 15:10:22,16477,16477,16477,4,-4
2023-06-01 15:10:22,16477,16477,16477,2,0
2023-06-01 15:10:23,16476,16476,16476,2,-2
2023-06-01 15:10:23,16476,16476,16476,4,0
2023-06-01 15:10:25,16476,16476,16476,2,0
2023-06-01 15:10:27,16476,16476,16476,2,0
2023-06-01 15:10:30,16477,16477,16477,2,2
2023-06-01 15:10:32,16477,16477,16477,2,0
2023-06-01 15:10:32,16477,16477,16477,2,0
2023-06-01 15:10:43,16475,16475,16475,2,-2
2023-06-01 15:10:43,16475,16475,16475,2,0
2023-06-01 15:10:43,16475,16475,16475,2,0
2023-06-01 15:10:43,16475,16475,16475,2,0
2023-06-01 15:10:43,16475,16475,16475,2,0
2023-06-01 15:10:45,16474,16474,16474,2,-2
2023-06-01 15:10:45,16474,16474,16474,2,0
2023-06-01 15:10:45,16474,16474,16474,2,0
2023-06-01 15:10:49,16475,16475,16475,2,2
2023-06-01 15:10:49,16476,16476,16476,4,4
2023-06-01 15:10:49,16477,16477,16477,4,4
2023-06-01 15:10:52,16477,16477,16477,4,0
2023-06-01 15:10:52,16477,16477,16477,2,0
2023-06-01 15:10:52,16477,16477,16477,4,0
2023-06-01 15:10:55,16478,16478,16478,4,4
2023-06-01 15:10:56,16478,16478,16478,2,0
2023-06-01 15:11:02,16477,16477,16477,2,-2
2023-06-01 15:11:03,16477,16477,16477,4,0
2023-06-01 15:11:03,16477,16477,16477,2,0
2023-06-01 15:11:03,16477,16477,16477,2,0
2023-06-01 15:11:03,16477,16477,16477,2,0
2023-06-01 15:11:03,16477,16477,16477,2,0
2023-06-01 15:11:06,16479,16479,16479,2,2
2023-06-01 15:11:06,16478,16478,16478,2,-2
2023-06-01 15:11:06,16478,16478,16478,2,0
2023-06-01 15:11:13,16478,16478,16478,2,0
2023-06-01 15:11:14,16479,16479,16479,2,2
2023-06-01 15:11:14,16479,16479,16479,14,0
2023-06-01 15:11:15,16480,16480,16480,4,4
2023-06-01 15:11:19,16480,16480,16480,2,0
2023-06-01 15:11:20,16480,16480,16480,2,0
2023-06-01 15:11:21,16480,16480,16480,2,0
2023-06-01 15:11:23,16478,16478,16478,2,-2
2023-06-01 15:11:26,16479,16479,16479,4,4
2023-06-01 15:11:29,16480,16480,16480,2,2
2023-06-01 15:11:31,16480,16480,16480,2,0
2023-06-01 15:11:32,16480,16480,16480,6,0
2023-06-01 15:11:32,16480,16480,16480,2,0
2023-06-01 15:11:34,16481,16481,16481,6,6
2023-06-01 15:11:34,16481,16481,16481,28,0
2023-06-01 15:11:34,16481,16481,16481,2,0
2023-06-01 15:11:35,16482,16482,16482,6,6
2023-06-01 15:11:38,16480,16480,16480,4,-4
2023-06-01 15:11:38,16480,16480,16480,2,0
2023-06-01 15:11:41,16481,16481,16481,2,2
2023-06-01 15:11:42,16480,16480,16480,2,-2
2023-06-01 15:11:42,16480,16480,16480,2,0
2023-06-01 15:11:42,16480,16480,16480,6,0
2023-06-01 15:11:42,16480,16480,16480,6,0
2023-06-01 15:11:42,16480,16480,16480,4,0
2023-06-01 15:11:42,16480,16480,16480,10,0
2023-06-01 15:11:42,16480,16480,16480,2,0
2023-06-01 15:11:42,16480,16480,16480,2,0
2023-06-01 15:11:42,16480,16480,16480,2,0
2023-06-01 15:11:42,16480,16480,16480,8,0
2023-06-01 15:11:42,16480,16480,16480,2,0
2023-06-01 15:11:42,16480,16480,16480,2,0
2023-06-01 15:11:51,16479,16479,16479,2,-2
2023-06-01 15:11:51,16479,16479,16479,2,0
2023-06-01 15:11:51,16479,16479,16479,2,0
2023-06-01 15:11:51,16479,16479,16479,2,0
2023-06-01 15:11:58,16480,16480,16480,6,6
2023-06-01 15:12:03,16479,16479,16479,2,-2
2023-06-01 15:12:12,16479,16479,16479,2,0
2023-06-01 15:12:12,16480,16480,16480,2,2
2023-06-01 15:12:12,16480,16480,16480,2,0
2023-06-01 15:12:21,16480,16480,16480,2,0
2023-06-01 15:12:24,16480,16480,16480,2,0
2023-06-01 15:12:29,16480,16480,16480,2,0
2023-06-01 15:12:29,16479,16479,16479,2,-2
2023-06-01 15:12:33,16479,16479,16479,2,0
2023-06-01 15:12:33,16479,16479,16479,2,0
2023-06-01 15:12:33,16479,16479,16479,2,0
2023-06-01 15:12:36,16479,16479,16479,2,0
2023-06-01 15:12:36,16479,16479,16479,4,0
2023-06-01 15:12:44,16480,16480,16480,2,2
2023-06-01 15:13:00,16480,16480,16480,6,0
2023-06-01 15:13:00,16480,16480,16480,4,0
2023-06-01 15:13:02,16481,16481,16481,2,2
2023-06-01 15:13:15,16481,16481,16481,2,0
2023-06-01 15:13:15,16481,16481,16481,2,0
2023-06-01 15:13:21,16480,16480,16480,2,-2
2023-06-01 15:13:22,16480,16480,16480,2,0
2023-06-01 15:13:26,16479,16479,16479,2,-2
2023-06-01 15:13:30,16481,16481,16481,2,2
2023-06-01 15:13:32,16481,16481,16481,4,0
2023-06-01 15:13:32,16481,16481,16481,4,0
2023-06-01 15:13:32,16481,16481,16481,2,0
2023-06-01 15:13:34,16482,16482,16482,2,2
2023-06-01 15:13:34,16482,16482,16482,2,0
2023-06-01 15:13:34,16482,16482,16482,2,0
2023-06-01 15:13:34,16482,16482,16482,8,0
2023-06-01 15:13:34,16482,16482,16482,2,0
2023-06-01 15:13:34,16482,16482,16482,2,0
2023-06-01 15:13:34,16482,16482,16482,4,0
2023-06-01 15:13:34,16482,16482,16482,2,0
2023-06-01 15:13:34,16482,16482,16482,2,0
2023-06-01 15:13:34,16482,16482,16482,28,0
2023-06-01 15:13:35,16482,16482,16482,2,0
2023-06-01 15:13:36,16483,16483,16483,4,4
2023-06-01 15:13:36,16483,16483,16483,6,0
2023-06-01 15:13:36,16483,16483,16483,6,0
2023-06-01 15:13:37,16483,16483,16483,2,0
2023-06-01 15:13:38,16483,16483,16483,22,0
2023-06-01 15:13:39,16484,16484,16484,6,6
2023-06-01 15:13:39,16484,16484,16484,4,0
2023-06-01 15:13:39,16484,16484,16484,2,0
2023-06-01 15:13:39,16484,16484,16484,2,0
2023-06-01 15:13:39,16484,16484,16484,4,0
2023-06-01 15:13:39,16484,16484,16484,2,0
2023-06-01 15:13:39,16484,16484,16484,2,0
2023-06-01 15:13:39,16484,16484,16484,16,0
2023-06-01 15:13:39,16484,16484,16484,6,0
2023-06-01 15:13:39,16484,16484,16484,2,0
2023-06-01 15:13:39,16484,16484,16484,20,0
2023-06-01 15:13:41,16485,16485,16485,4,4
2023-06-01 15:13:41,16485,16485,16485,2,0
2023-06-01 15:13:41,16485,16485,16485,14,0
2023-06-01 15:13:41,16486,16486,16486,4,4
2023-06-01 15:13:41,16486,16486,16486,2,0
2023-06-01 15:13:41,16486,16486,16486,2,0
2023-06-01 15:13:43,16484,16484,16484,2,-2
2023-06-01 15:13:46,16484,16484,16484,2,0
2023-06-01 15:13:46,16484,16484,16484,2,0
2023-06-01 15:13:49,16484,16484,16484,4,0
2023-06-01 15:13:50,16484,16484,16484,2,0
2023-06-01 15:13:50,16485,16485,16485,4,4
2023-06-01 15:13:53,16485,16485,16485,2,0
2023-06-01 15:13:53,16485,16485,16485,2,0
2023-06-01 15:13:54,16485,16485,16485,4,0
2023-06-01 15:14:00,16485,16485,16485,2,0
2023-06-01 15:14:00,16485,16485,16485,4,0
2023-06-01 15:14:00,16485,16485,16485,2,0
2023-06-01 15:14:02,16485,16485,16485,2,0
2023-06-01 15:14:04,16485,16485,16485,2,0
2023-06-01 15:14:05,16485,16485,16485,4,0
2023-06-01 15:14:11,16485,16485,16485,2,0
2023-06-01 15:14:14,16485,16485,16485,4,0
2023-06-01 15:14:15,16485,16485,16485,2,0
2023-06-01 15:14:15,16485,16485,16485,2,0
2023-06-01 15:14:23,16486,16486,16486,8,8
2023-06-01 15:14:24,16486,16486,16486,2,0
2023-06-01 15:14:24,16486,16486,16486,2,0
2023-06-01 15:14:25,16487,16487,16487,4,4
2023-06-01 15:14:28,16487,16487,16487,2,0
2023-06-01 15:14:33,16487,16487,16487,2,0
2023-06-01 15:14:33,16487,16487,16487,2,0
2023-06-01 15:14:34,16487,16487,16487,2,0
2023-06-01 15:14:34,16487,16487,16487,2,0
2023-06-01 15:14:35,16487,16487,16487,8,0
2023-06-01 15:14:35,16487,16487,16487,2,0
2023-06-01 15:14:35,16487,16487,16487,6,0
2023-06-01 15:14:35,16487,16487,16487,2,0
2023-06-01 15:14:36,16487,16487,16487,2,0
2023-06-01 15:14:36,16487,16487,16487,2,0
2023-06-01 15:14:38,16487,16487,16487,6,0
2023-06-01 15:14:40,16488,16488,16488,8,8
2023-06-01 15:14:40,16488,16488,16488,4,0
2023-06-01 15:14:40,16488,16488,16488,4,0
2023-06-01 15:14:40,16488,16488,16488,12,0
2023-06-01 15:14:40,16488,16488,16488,4,0
2023-06-01 15:14:40,16488,16488,16488,6,0
2023-06-01 15:14:40,16488,16488,16488,2,0
2023-06-01 15:14:40,16488,16488,16488,16,0
2023-06-01 15:14:40,16488,16488,16488,2,0
2023-06-01 15:14:40,16488,16488,16488,6,0
2023-06-01 15:14:40,16488,16488,16488,6,0
2023-06-01 15:14:40,16489,16489,16489,4,4
2023-06-01 15:14:40,16489,16489,16489,2,0
2023-06-01 15:14:40,16489,16489,16489,2,0
2023-06-01 15:14:40,16489,16489,16489,16,0
2023-06-01 15:14:40,16488,16488,16488,2,-2
2023-06-01 15:14:41,16490,16490,16490,2,2
2023-06-01 15:14:41,16490,16490,16490,4,0
2023-06-01 15:14:41,16490,16490,16490,6,0
2023-06-01 15:14:41,16490,16490,16490,20,0
2023-06-01 15:14:41,16491,16491,16491,2,2
2023-06-01 15:14:41,16491,16491,16491,2,0
2023-06-01 15:14:41,16491,16491,16491,4,0
2023-06-01 15:14:41,16491,16491,16491,2,0
2023-06-01 15:14:41,16491,16491,16491,2,0
2023-06-01 15:14:41,16491,16491,16491,2,0
2023-06-01 15:14:41,16491,16491,16491,6,0
2023-06-01 15:14:41,16491,16491,16491,2,0
2023-06-01 15:14:41,16491,16491,16491,4,0
2023-06-01 15:14:41,16491,16491,16491,4,0
2023-06-01 15:14:42,16491,16491,16491,2,0
2023-06-01 15:14:42,16491,16491,16491,2,0
2023-06-01 15:14:42,16491,16491,16491,2,0
2023-06-01 15:14:42,16491,16491,16491,2,0
2023-06-01 15:14:42,16491,16491,16491,2,0
2023-06-01 15:14:43,16491,16491,16491,2,0
2023-06-01 15:14:44,16491,16491,16491,2,0
2023-06-01 15:14:45,16490,16490,16490,2,-2
2023-06-01 15:14:45,16490,16490,16490,2,0
2023-06-01 15:14:46,16490,16490,16490,2,0
2023-06-01 15:14:46,16491,16491,16491,2,2
2023-06-01 15:14:48,16490,16490,16490,10,-10
2023-06-01 15:14:48,16490,16490,16490,2,0
2023-06-01 15:14:48,16490,16490,16490,4,0
2023-06-01 15:14:50,16489,16489,16489,2,-2
2023-06-01 15:14:50,16490,16490,16490,2,2
2023-06-01 15:14:51,16490,16490,16490,2,0
2023-06-01 15:14:51,16490,16490,16490,2,0
2023-06-01 15:14:52,16490,16490,16490,2,0
2023-06-01 15:14:52,16489,16489,16489,2,-2
2023-06-01 15:14:52,16489,16489,16489,2,0
2023-06-01 15:14:52,16489,16489,16489,2,0
2023-06-01 15:14:52,16489,16489,16489,2,0
2023-06-01 15:14:53,16489,16489,16489,2,0
2023-06-01 15:14:53,16489,16489,16489,2,0
2023-06-01 15:14:56,16490,16490,16490,4,4
2023-06-01 15:14:56,16490,16490,16490,2,0
2023-06-01 15:14:56,16490,16490,16490,4,0
2023-06-01 15:14:56,16490,16490,16490,4,0
2023-06-01 15:14:56,16490,16490,16490,2,0
2023-06-01 15:14:56,16490,16490,16490,2,0
2023-06-01 15:14:57,16490,16490,16490,2,0
2023-06-01 15:14:57,16490,16490,16490,2,0
2023-06-01 15:14:57,16490,16490,16490,2,0
2023-06-01 15:14:58,16490,16490,16490,2,0
2023-06-01 15:15:01,16490,16490,16490,2,0
2023-06-01 15:15:01,16491,16491,16491,4,4
2023-06-01 15:15:01,16491,16491,16491,2,0
2023-06-01 15:15:01,16491,16491,16491,2,0
2023-06-01 15:15:01,16491,16491,16491,2,0
2023-06-01 15:15:01,16491,16491,16491,2,0
2023-06-01 15:15:01,16491,16491,16491,2,0
2023-06-01 15:15:01,16491,16491,16491,8,0
2023-06-01 15:15:01,16492,16492,16492,8,8
2023-06-01 15:15:01,16492,16492,16492,2,0
2023-06-01 15:15:01,16492,16492,16492,4,0
2023-06-01 15:15:02,16492,16492,16492,2,0
2023-06-01 15:15:02,16492,16492,16492,2,0
2023-06-01 15:15:02,16492,16492,16492,2,0
2023-06-01 15:15:02,16492,16492,16492,2,0
2023-06-01 15:15:02,16492,16492,16492,2,0
2023-06-01 15:15:02,16492,16492,16492,4,0
2023-06-01 15:15:02,16492,16492,16492,2,0
2023-06-01 15:15:02,16492,16492,16492,2,0
2023-06-01 15:15:02,16492,16492,16492,2,0
2023-06-01 15:15:02,16492,16492,16492,2,0
2023-06-01 15:15:02,16492,16492,16492,2,0
2023-06-01 15:15:02,16492,16492,16492,2,0
2023-06-01 15:15:02,16492,16492,16492,2,0
2023-06-01 15:15:02,16492,16492,16492,2,0
2023-06-01 15:15:02,16492,16492,16492,2,0
2023-06-01 15:15:02,16492,16492,16492,2,0
2023-06-01 15:15:02,16492,16492,16492,2,0
2023-06-01 15:15:02,16491,16491,16491,2,-2
2023-06-01 15:15:02,16492,16492,16492,2,2
2023-06-01 15:15:02,16492,16492,16492,2,0
2023-06-01 15:15:02,16492,16492,16492,2,0
2023-06-01 15:15:02,16493,16493,16493,2,2
2023-06-01 15:15:02,16492,16492,16492,2,-2
2023-06-01 15:15:04,16490,16490,16490,2,-2
2023-06-01 15:15:05,16491,16491,16491,2,2
2023-06-01 15:15:05,16492,16492,16492,6,6
2023-06-01 15:15:07,16493,16493,16493,2,2
2023-06-01 15:15:07,16493,16493,16493,2,0
2023-06-01 15:15:07,16493,16493,16493,6,0
2023-06-01 15:15:08,16493,16493,16493,2,0
2023-06-01 15:15:09,16492,16492,16492,2,-2
2023-06-01 15:15:09,16492,16492,16492,2,0
2023-06-01 15:15:12,16492,16492,16492,2,0
2023-06-01 15:15:12,16493,16493,16493,2,2
2023-06-01 15:15:13,16493,16493,16493,2,0
2023-06-01 15:15:14,16493,16493,16493,8,0
2023-06-01 15:15:15,16494,16494,16494,28,28
2023-06-01 15:15:15,16495,16495,16495,4,4
2023-06-01 15:15:15,16494,16494,16494,14,-14
2023-06-01 15:15:15,16495,16495,16495,10,10
2023-06-01 15:15:15,16494,16494,16494,2,-2
2023-06-01 15:15:15,16494,16494,16494,2,0
2023-06-01 15:15:15,16494,16494,16494,2,0
2023-06-01 15:15:16,16494,16494,16494,2,0
2023-06-01 15:15:16,16494,16494,16494,2,0
2023-06-01 15:15:17,16493,16493,16493,4,-4
2023-06-01 15:15:17,16493,16493,16493,2,0
2023-06-01 15:15:17,16493,16493,16493,2,0
2023-06-01 15:15:19,16493,16493,16493,2,0
2023-06-01 15:15:20,16492,16492,16492,2,-2
2023-06-01 15:15:20,16492,16492,16492,2,0
2023-06-01 15:15:20,16492,16492,16492,2,0
2023-06-01 15:15:20,16492,16492,16492,2,0
2023-06-01 15:15:20,16492,16492,16492,2,0
2023-06-01 15:15:20,16492,16492,16492,6,0
2023-06-01 15:15:21,16493,16493,16493,6,6
2023-06-01 15:15:23,16492,16492,16492,2,-2
2023-06-01 15:15:24,16491,16491,16491,2,-2
2023-06-01 15:15:24,16491,16491,16491,2,0
2023-06-01 15:15:24,16491,16491,16491,2,0
2023-06-01 15:15:24,16491,16491,16491,2,0
2023-06-01 15:15:24,16491,16491,16491,2,0
2023-06-01 15:15:28,16490,16490,16490,4,-4
2023-06-01 15:15:28,16490,16490,16490,2,0
2023-06-01 15:15:28,16490,16490,16490,2,0
2023-06-01 15:15:29,16490,16490,16490,2,0
2023-06-01 15:15:31,16491,16491,16491,2,2
2023-06-01 15:15:32,16492,16492,16492,2,2
2023-06-01 15:15:32,16490,16490,16490,2,-2
2023-06-01 15:15:32,16490,16490,16490,4,0
2023-06-01 15:15:33,16489,16489,16489,2,-2
2023-06-01 15:15:33,16490,16490,16490,2,2
2023-06-01 15:15:34,16489,16489,16489,2,-2
2023-06-01 15:15:35,16490,16490,16490,2,2
2023-06-01 15:15:37,16490,16490,16490,2,0
2023-06-01 15:15:37,16490,16490,16490,4,0
2023-06-01 15:15:39,16491,16491,16491,2,2
2023-06-01 15:15:40,16491,16491,16491,4,0
2023-06-01 15:15:44,16491,16491,16491,2,0
2023-06-01 15:15:45,16491,16491,16491,2,0
2023-06-01 15:15:50,16490,16490,16490,2,-2
2023-06-01 15:15:56,16491,16491,16491,4,4
2023-06-01 15:15:56,16492,16492,16492,2,2
2023-06-01 15:15:58,16490,16490,16490,2,-2
2023-06-01 15:15:58,16490,16490,16490,2,0
2023-06-01 15:15:58,16490,16490,16490,2,0
2023-06-01 15:15:58,16490,16490,16490,2,0
2023-06-01 15:15:58,16490,16490,16490,2,0
2023-06-01 15:15:58,16490,16490,16490,2,0
2023-06-01 15:15:58,16490,16490,16490,4,0
2023-06-01 15:15:58,16490,16490,16490,2,0
2023-06-01 15:15:58,16489,16489,16489,2,-2
2023-06-01 15:15:58,16489,16489,16489,2,0
2023-06-01 15:15:58,16489,16489,16489,2,0
2023-06-01 15:15:58,16489,16489,16489,2,0
2023-06-01 15:15:58,16489,16489,16489,2,0
2023-06-01 15:15:58,16489,16489,16489,8,0
2023-06-01 15:15:58,16489,16489,16489,2,0
2023-06-01 15:15:59,16490,16490,16490,6,6
2023-06-01 15:16:00,16490,16490,16490,26,0
2023-06-01 15:16:05,16490,16490,16490,2,0
2023-06-01 15:16:05,16490,16490,16490,2,0
2023-06-01 15:16:05,16489,16489,16489,2,-2
2023-06-01 15:16:06,16490,16490,16490,2,2
2023-06-01 15:16:06,16490,16490,16490,2,0
2023-06-01 15:16:06,16489,16489,16489,2,-2
2023-06-01 15:16:07,16489,16489,16489,2,0
2023-06-01 15:16:07,16490,16490,16490,2,2
2023-06-01 15:16:07,16488,16488,16488,4,-4
2023-06-01 15:16:07,16488,16488,16488,2,0
2023-06-01 15:16:07,16489,16489,16489,4,4
2023-06-01 15:16:10,16489,16489,16489,4,0
2023-06-01 15:16:10,16488,16488,16488,2,-2
2023-06-01 15:16:10,16488,16488,16488,2,0
2023-06-01 15:16:10,16488,16488,16488,2,0
2023-06-01 15:16:10,16488,16488,16488,30,0
2023-06-01 15:16:10,16488,16488,16488,2,0
2023-06-01 15:16:10,16488,16488,16488,2,0
2023-06-01 15:16:12,16488,16488,16488,2,0
2023-06-01 15:16:13,16487,16487,16487,2,-2
2023-06-01 15:16:13,16487,16487,16487,2,0
2023-06-01 15:16:14,16486,16486,16486,2,-2
2023-06-01 15:16:15,16487,16487,16487,2,2
2023-06-01 15:16:16,16487,16487,16487,2,0
2023-06-01 15:16:16,16486,16486,16486,2,-2
2023-06-01 15:16:19,16486,16486,16486,2,0
2023-06-01 15:16:20,16486,16486,16486,2,0
2023-06-01 15:16:23,16487,16487,16487,2,2
2023-06-01 15:16:24,16487,16487,16487,2,0
2023-06-01 15:16:25,16488,16488,16488,2,2
2023-06-01 15:16:29,16487,16487,16487,2,-2
2023-06-01 15:16:29,16488,16488,16488,2,2
2023-06-01 15:16:34,16488,16488,16488,2,0
2023-06-01 15:16:36,16489,16489,16489,4,4
2023-06-01 15:16:36,16489,16489,16489,6,0
2023-06-01 15:16:37,16488,16488,16488,2,-2
2023-06-01 15:16:42,16489,16489,16489,2,2
2023-06-01 15:16:45,16490,16490,16490,2,2
2023-06-01 15:17:00,16489,16489,16489,2,-2
2023-06-01 15:17:10,16489,16489,16489,2,0
2023-06-01 15:17:10,16489,16489,16489,4,0
2023-06-01 15:17:14,16489,16489,16489,2,0
2023-06-01 15:17:15,16490,16490,16490,2,2
2023-06-01 15:17:16,16490,16490,16490,2,0
2023-06-01 15:17:24,16488,16488,16488,6,-6
2023-06-01 15:17:32,16490,16490,16490,2,2
2023-06-01 15:17:36,16490,16490,16490,2,0
2023-06-01 15:17:36,16490,16490,16490,2,0
2023-06-01 15:17:36,16490,16490,16490,14,0
2023-06-01 15:17:36,16490,16490,16490,2,0
2023-06-01 15:17:40,16490,16490,16490,2,0
2023-06-01 15:17:49,16489,16489,16489,2,-2
2023-06-01 15:17:49,16488,16488,16488,4,-4
2023-06-01 15:17:50,16488,16488,16488,2,0
2023-06-01 15:17:50,16489,16489,16489,6,6
2023-06-01 15:17:53,16489,16489,16489,2,0
2023-06-01 15:17:53,16488,16488,16488,6,-6
2023-06-01 15:17:53,16488,16488,16488,2,0
2023-06-01 15:17:53,16488,16488,16488,2,0
2023-06-01 15:17:53,16488,16488,16488,2,0
2023-06-01 15:17:53,16488,16488,16488,2,0
2023-06-01 15:17:53,16488,16488,16488,2,0
2023-06-01 15:17:53,16488,16488,16488,2,0
2023-06-01 15:17:53,16488,16488,16488,2,0
2023-06-01 15:17:56,16488,16488,16488,2,0
2023-06-01 15:18:03,16488,16488,16488,6,0
2023-06-01 15:18:09,16489,16489,16489,2,2
2023-06-01 15:18:14,16488,16488,16488,2,-2
2023-06-01 15:18:18,16487,16487,16487,2,-2
2023-06-01 15:18:18,16487,16487,16487,2,0
2023-06-01 15:18:18,16487,16487,16487,8,0
2023-06-01 15:18:18,16487,16487,16487,2,0
2023-06-01 15:18:18,16487,16487,16487,2,0
2023-06-01 15:18:18,16487,16487,16487,2,0
2023-06-01 15:18:18,16487,16487,16487,6,0
2023-06-01 15:18:18,16487,16487,16487,4,0
2023-06-01 15:18:18,16487,16487,16487,2,0
2023-06-01 15:18:18,16487,16487,16487,2,0
2023-06-01 15:18:19,16486,16486,16486,4,-4
2023-06-01 15:18:19,16486,16486,16486,2,0
2023-06-01 15:18:19,16486,16486,16486,2,0
2023-06-01 15:18:19,16486,16486,16486,4,0
2023-06-01 15:18:19,16486,16486,16486,2,0
2023-06-01 15:18:19,16486,16486,16486,2,0
2023-06-01 15:18:19,16486,16486,16486,2,0
2023-06-01 15:18:19,16486,16486,16486,4,0
2023-06-01 15:18:20,16486,16486,16486,2,0
2023-06-01 15:18:20,16486,16486,16486,4,0
2023-06-01 15:18:20,16486,16486,16486,16,0
2023-06-01 15:18:20,16486,16486,16486,2,0
2023-06-01 15:18:20,16486,16486,16486,6,0
2023-06-01 15:18:20,16486,16486,16486,2,0
2023-06-01 15:18:20,16486,16486,16486,2,0
2023-06-01 15:18:20,16486,16486,16486,2,0
2023-06-01 15:18:20,16486,16486,16486,2,0
2023-06-01 15:18:22,16485,16485,16485,2,-2
2023-06-01 15:18:22,16485,16485,16485,2,0
2023-06-01 15:18:22,16485,16485,16485,2,0
2023-06-01 15:18:22,16485,16485,16485,2,0
2023-06-01 15:18:22,16485,16485,16485,6,0
2023-06-01 15:18:22,16485,16485,16485,2,0
2023-06-01 15:18:22,16485,16485,16485,2,0
2023-06-01 15:18:22,16484,16484,16484,2,-2
2023-06-01 15:18:22,16485,16485,16485,2,2
2023-06-01 15:18:26,16485,16485,16485,2,0
2023-06-01 15:18:27,16485,16485,16485,4,0
2023-06-01 15:18:28,16484,16484,16484,2,-2
2023-06-01 15:18:28,16484,16484,16484,2,0
2023-06-01 15:18:28,16484,16484,16484,2,0
2023-06-01 15:18:28,16484,16484,16484,4,0
2023-06-01 15:18:28,16484,16484,16484,2,0
2023-06-01 15:18:28,16484,16484,16484,4,0
2023-06-01 15:18:29,16484,16484,16484,2,0
2023-06-01 15:18:33,16484,16484,16484,2,0
2023-06-01 15:18:34,16483,16483,16483,2,-2
2023-06-01 15:18:34,16483,16483,16483,2,0
2023-06-01 15:18:34,16483,16483,16483,2,0
2023-06-01 15:18:38,16484,16484,16484,4,4
2023-06-01 15:18:40,16483,16483,16483,2,-2
2023-06-01 15:18:41,16483,16483,16483,2,0
2023-06-01 15:18:44,16483,16483,16483,2,0
2023-06-01 15:18:44,16483,16483,16483,2,0
2023-06-01 15:18:44,16483,16483,16483,2,0
2023-06-01 15:18:45,16483,16483,16483,2,0
2023-06-01 15:18:45,16484,16484,16484,4,4
2023-06-01 15:18:48,16484,16484,16484,2,0
2023-06-01 15:18:49,16483,16483,16483,2,-2
2023-06-01 15:18:50,16484,16484,16484,2,2
2023-06-01 15:18:50,16484,16484,16484,2,0
2023-06-01 15:18:53,16484,16484,16484,4,0
2023-06-01 15:18:53,16484,16484,16484,2,0
2023-06-01 15:18:53,16484,16484,16484,4,0
2023-06-01 15:18:53,16485,16485,16485,8,8
2023-06-01 15:18:53,16485,16485,16485,4,0
2023-06-01 15:18:53,16485,16485,16485,4,0
2023-06-01 15:18:53,16485,16485,16485,4,0
2023-06-01 15:18:53,16485,16485,16485,2,0
2023-06-01 15:18:53,16485,16485,16485,2,0
2023-06-01 15:18:54,16485,16485,16485,10,0
2023-06-01 15:19:07,16485,16485,16485,30,0
2023-06-01 15:19:07,16485,16485,16485,2,0
2023-06-01 15:19:07,16485,16485,16485,2,0
2023-06-01 15:19:07,16484,16484,16484,2,-2
2023-06-01 15:19:07,16484,16484,16484,2,0
2023-06-01 15:19:07,16483,16483,16483,2,-2
2023-06-01 15:19:07,16483,16483,16483,2,0
2023-06-01 15:19:07,16483,16483,16483,2,0
2023-06-01 15:19:07,16483,16483,16483,6,0
2023-06-01 15:19:07,16483,16483,16483,2,0
2023-06-01 15:19:07,16483,16483,16483,8,0
2023-06-01 15:19:07,16483,16483,16483,2,0
2023-06-01 15:19:07,16483,16483,16483,2,0
2023-06-01 15:19:07,16482,16482,16482,2,-2
2023-06-01 15:19:07,16482,16482,16482,4,0
2023-06-01 15:19:08,16483,16483,16483,2,2
2023-06-01 15:19:09,16482,16482,16482,2,-2
2023-06-01 15:19:09,16483,16483,16483,18,18
2023-06-01 15:19:12,16485,16485,16485,2,2
2023-06-01 15:19:12,16486,16486,16486,2,2
2023-06-01 15:19:14,16485,16485,16485,2,-2
2023-06-01 15:19:30,16485,16485,16485,2,0
2023-06-01 15:19:30,16485,16485,16485,2,0
2023-06-01 15:19:30,16484,16484,16484,2,-2
2023-06-01 15:19:35,16485,16485,16485,2,2
2023-06-01 15:19:35,16485,16485,16485,2,0
2023-06-01 15:19:37,16484,16484,16484,2,-2
2023-06-01 15:19:37,16484,16484,16484,2,0
2023-06-01 15:19:37,16484,16484,16484,2,0
2023-06-01 15:19:40,16486,16486,16486,6,6
2023-06-01 15:19:44,16485,16485,16485,2,-2
2023-06-01 15:19:44,16484,16484,16484,2,-2
2023-06-01 15:19:52,16485,16485,16485,2,2
2023-06-01 15:19:52,16485,16485,16485,2,0
2023-06-01 15:19:52,16485,16485,16485,4,0
2023-06-01 15:19:57,16484,16484,16484,2,-2
2023-06-01 15:19:59,16484,16484,16484,2,0
2023-06-01 15:19:59,16484,16484,16484,2,0
2023-06-01 15:20:00,16484,16484,16484,2,0
2023-06-01 15:20:00,16485,16485,16485,2,2
2023-06-01 15:20:00,16485,16485,16485,6,0
2023-06-01 15:20:01,16485,16485,16485,2,0
2023-06-01 15:20:01,16486,16486,16486,6,6
2023-06-01 15:20:01,16486,16486,16486,4,0
2023-06-01 15:20:08,16486,16486,16486,2,0
2023-06-01 15:20:09,16488,16488,16488,30,30
2023-06-01 15:20:09,16488,16488,16488,6,0
2023-06-01 15:20:09,16488,16488,16488,2,0
2023-06-01 15:20:13,16487,16487,16487,2,-2
2023-06-01 15:20:14,16487,16487,16487,2,0
2023-06-01 15:20:15,16487,16487,16487,2,0
2023-06-01 15:20:15,16487,16487,16487,2,0
2023-06-01 15:20:20,16487,16487,16487,2,0
2023-06-01 15:20:36,16488,16488,16488,8,8
2023-06-01 15:20:41,16489,16489,16489,2,2
2023-06-01 15:20:42,16488,16488,16488,2,-2
2023-06-01 15:20:42,16489,16489,16489,4,4
2023-06-01 15:20:47,16489,16489,16489,2,0
2023-06-01 15:20:52,16488,16488,16488,2,-2
2023-06-01 15:20:56,16489,16489,16489,2,2
2023-06-01 15:21:00,16489,16489,16489,2,0
2023-06-01 15:21:05,16489,16489,16489,2,0
2023-06-01 15:21:11,16488,16488,16488,2,-2
2023-06-01 15:21:11,16488,16488,16488,6,0
2023-06-01 15:21:11,16488,16488,16488,2,0
2023-06-01 15:21:11,16488,16488,16488,2,0
2023-06-01 15:21:11,16488,16488,16488,2,0
2023-06-01 15:21:11,16488,16488,16488,2,0
2023-06-01 15:21:11,16488,16488,16488,2,0
2023-06-01 15:21:13,16488,16488,16488,2,0
2023-06-01 15:21:14,16487,16487,16487,2,-2
2023-06-01 15:21:14,16486,16486,16486,2,-2
2023-06-01 15:21:14,16486,16486,16486,2,0
2023-06-01 15:21:20,16485,16485,16485,2,-2
2023-06-01 15:21:23,16485,16485,16485,2,0
2023-06-01 15:21:23,16485,16485,16485,2,0
2023-06-01 15:21:23,16484,16484,16484,2,-2
2023-06-01 15:21:23,16486,16486,16486,2,2
2023-06-01 15:21:32,16486,16486,16486,12,0
2023-06-01 15:21:32,16486,16486,16486,2,0
2023-06-01 15:21:32,16486,16486,16486,2,0
2023-06-01 15:21:32,16486,16486,16486,22,0
2023-06-01 15:21:40,16486,16486,16486,2,0
2023-06-01 15:21:44,16485,16485,16485,2,-2
2023-06-01 15:21:44,16485,16485,16485,4,0
2023-06-01 15:21:47,16485,16485,16485,2,0
2023-06-01 15:21:47,16485,16485,16485,2,0
2023-06-01 15:21:48,16486,16486,16486,2,2
2023-06-01 15:21:56,16486,16486,16486,2,0
2023-06-01 15:22:01,16485,16485,16485,2,-2
2023-06-01 15:22:03,16484,16484,16484,2,-2
2023-06-01 15:22:06,16485,16485,16485,2,2
2023-06-01 15:22:10,16485,16485,16485,2,0
2023-06-01 15:22:11,16484,16484,16484,2,-2
2023-06-01 15:22:14,16484,16484,16484,2,0
2023-06-01 15:22:14,16484,16484,16484,6,0
2023-06-01 15:22:14,16484,16484,16484,2,0
2023-06-01 15:22:14,16484,16484,16484,2,0
2023-06-01 15:22:14,16484,16484,16484,8,0
2023-06-01 15:22:14,16484,16484,16484,2,0
2023-06-01 15:22:14,16484,16484,16484,8,0
2023-06-01 15:22:14,16484,16484,16484,6,0
2023-06-01 15:22:14,16484,16484,16484,2,0
2023-06-01 15:22:14,16484,16484,16484,2,0
2023-06-01 15:22:15,16483,16483,16483,2,-2
2023-06-01 15:22:18,16483,16483,16483,4,0
2023-06-01 15:22:18,16484,16484,16484,2,2
2023-06-01 15:22:20,16484,16484,16484,2,0
2023-06-01 15:22:24,16484,16484,16484,2,0
2023-06-01 15:22:24,16484,16484,16484,2,0
2023-06-01 15:22:25,16485,16485,16485,2,2
2023-06-01 15:22:25,16485,16485,16485,4,0
2023-06-01 15:22:27,16485,16485,16485,4,0
2023-06-01 15:22:27,16485,16485,16485,6,0
2023-06-01 15:22:27,16485,16485,16485,2,0
2023-06-01 15:22:27,16485,16485,16485,2,0
2023-06-01 15:22:27,16485,16485,16485,2,0
2023-06-01 15:22:27,16485,16485,16485,2,0
2023-06-01 15:22:27,16485,16485,16485,6,0
2023-06-01 15:22:27,16485,16485,16485,2,0
2023-06-01 15:22:27,16485,16485,16485,2,0
2023-06-01 15:22:31,16485,16485,16485,2,0
2023-06-01 15:22:31,16486,16486,16486,2,2
2023-06-01 15:22:34,16485,16485,16485,2,-2
2023-06-01 15:22:37,16485,16485,16485,4,0
2023-06-01 15:22:37,16484,16484,16484,2,-2
2023-06-01 15:22:37,16485,16485,16485,2,2
2023-06-01 15:22:39,16485,16485,16485,2,0
2023-06-01 15:22:39,16484,16484,16484,2,-2
2023-06-01 15:22:40,16484,16484,16484,4,0
2023-06-01 15:22:40,16485,16485,16485,2,2
2023-06-01 15:22:41,16484,16484,16484,2,-2
2023-06-01 15:22:41,16484,16484,16484,4,0
2023-06-01 15:22:41,16484,16484,16484,2,0
2023-06-01 15:22:41,16483,16483,16483,2,-2
2023-06-01 15:22:41,16483,16483,16483,2,0
2023-06-01 15:22:41,16483,16483,16483,2,0
2023-06-01 15:22:45,16484,16484,16484,2,2
2023-06-01 15:22:45,16484,16484,16484,2,0
2023-06-01 15:22:48,16484,16484,16484,2,0
2023-06-01 15:22:49,16483,16483,16483,2,-2
2023-06-01 15:22:49,16483,16483,16483,2,0
2023-06-01 15:22:49,16483,16483,16483,2,0
2023-06-01 15:22:57,16484,16484,16484,6,6
2023-06-01 15:23:00,16483,16483,16483,2,-2
2023-06-01 15:23:00,16483,16483,16483,4,0
2023-06-01 15:23:00,16484,16484,16484,8,8
2023-06-01 15:23:00,16484,16484,16484,2,0
2023-06-01 15:23:00,16484,16484,16484,2,0
2023-06-01 15:23:00,16484,16484,16484,2,0
2023-06-01 15:23:00,16484,16484,16484,2,0
2023-06-01 15:23:00,16484,16484,16484,2,0
2023-06-01 15:23:00,16483,16483,16483,2,-2
2023-06-01 15:23:00,16483,16483,16483,2,0
2023-06-01 15:23:00,16483,16483,16483,4,0
2023-06-01 15:23:00,16483,16483,16483,2,0
2023-06-01 15:23:00,16483,16483,16483,2,0
2023-06-01 15:23:00,16483,16483,16483,2,0
2023-06-01 15:23:00,16483,16483,16483,2,0
2023-06-01 15:23:00,16483,16483,16483,2,0
2023-06-01 15:23:00,16483,16483,16483,2,0
2023-06-01 15:23:00,16483,16483,16483,2,0
2023-06-01 15:23:00,16483,16483,16483,2,0
2023-06-01 15:23:00,16483,16483,16483,2,0
2023-06-01 15:23:00,16483,16483,16483,2,0
2023-06-01 15:23:01,16483,16483,16483,2,0
2023-06-01 15:23:07,16485,16485,16485,2,2
2023-06-01 15:23:08,16484,16484,16484,2,-2
2023-06-01 15:23:10,16484,16484,16484,2,0
2023-06-01 15:23:10,16484,16484,16484,4,0
2023-06-01 15:23:10,16484,16484,16484,2,0
2023-06-01 15:23:10,16484,16484,16484,2,0
2023-06-01 15:23:16,16484,16484,16484,2,0
2023-06-01 15:23:20,16483,16483,16483,2,-2
2023-06-01 15:23:20,16483,16483,16483,2,0
2023-06-01 15:23:21,16482,16482,16482,2,-2
2023-06-01 15:23:21,16482,16482,16482,2,0
2023-06-01 15:23:21,16482,16482,16482,2,0
2023-06-01 15:23:23,16483,16483,16483,2,2
2023-06-01 15:23:26,16483,16483,16483,2,0
2023-06-01 15:23:26,16483,16483,16483,2,0
2023-06-01 15:23:28,16482,16482,16482,2,-2
2023-06-01 15:23:34,16483,16483,16483,2,2
2023-06-01 15:23:34,16483,16483,16483,4,0
2023-06-01 15:23:34,16483,16483,16483,2,0
2023-06-01 15:23:34,16483,16483,16483,6,0
2023-06-01 15:23:34,16483,16483,16483,2,0
2023-06-01 15:23:34,16483,16483,16483,4,0
2023-06-01 15:23:36,16483,16483,16483,2,0
2023-06-01 15:23:38,16484,16484,16484,2,2
2023-06-01 15:23:38,16484,16484,16484,2,0
2023-06-01 15:23:39,16484,16484,16484,2,0
2023-06-01 15:23:45,16483,16483,16483,2,-2
2023-06-01 15:23:47,16482,16482,16482,2,-2
2023-06-01 15:23:47,16482,16482,16482,2,0
2023-06-01 15:23:47,16482,16482,16482,2,0
2023-06-01 15:23:47,16482,16482,16482,4,0
2023-06-01 15:23:47,16482,16482,16482,2,0
2023-06-01 15:23:47,16482,16482,16482,2,0
2023-06-01 15:23:47,16482,16482,16482,2,0
2023-06-01 15:23:47,16482,16482,16482,2,0
2023-06-01 15:23:47,16482,16482,16482,2,0
2023-06-01 15:23:48,16483,16483,16483,4,4
2023-06-01 15:23:49,16483,16483,16483,2,0
2023-06-01 15:23:49,16482,16482,16482,2,-2
2023-06-01 15:23:54,16482,16482,16482,2,0
2023-06-01 15:23:55,16482,16482,16482,2,0
2023-06-01 15:23:55,16482,16482,16482,2,0
2023-06-01 15:23:55,16482,16482,16482,2,0
2023-06-01 15:23:57,16483,16483,16483,2,2
2023-06-01 15:23:59,16482,16482,16482,4,-4
2023-06-01 15:24:00,16482,16482,16482,4,0
2023-06-01 15:24:04,16482,16482,16482,2,0
2023-06-01 15:24:05,16482,16482,16482,2,0
2023-06-01 15:24:08,16483,16483,16483,6,6
2023-06-01 15:24:08,16483,16483,16483,2,0
2023-06-01 15:24:08,16483,16483,16483,2,0
2023-06-01 15:24:08,16483,16483,16483,2,0
2023-06-01 15:24:08,16483,16483,16483,2,0
2023-06-01 15:24:14,16483,16483,16483,2,0
2023-06-01 15:24:16,16482,16482,16482,2,-2
2023-06-01 15:24:18,16482,16482,16482,2,0
2023-06-01 15:24:18,16482,16482,16482,4,0
2023-06-01 15:24:18,16482,16482,16482,2,0
2023-06-01 15:24:18,16482,16482,16482,2,0
2023-06-01 15:24:18,16482,16482,16482,2,0
2023-06-01 15:24:18,16482,16482,16482,2,0
2023-06-01 15:24:20,16481,16481,16481,2,-2
2023-06-01 15:24:21,16481,16481,16481,2,0
2023-06-01 15:24:24,16481,16481,16481,2,0
2023-06-01 15:24:31,16481,16481,16481,2,0
2023-06-01 15:24:32,16481,16481,16481,2,0
2023-06-01 15:24:33,16481,16481,16481,2,0
2023-06-01 15:24:33,16481,16481,16481,2,0
2023-06-01 15:24:42,16482,16482,16482,2,2
2023-06-01 15:24:43,16482,16482,16482,2,0
2023-06-01 15:24:44,16483,16483,16483,8,8
2023-06-01 15:24:45,16482,16482,16482,4,-4
2023-06-01 15:25:06,16483,16483,16483,2,2
2023-06-01 15:25:06,16483,16483,16483,2,0
2023-06-01 15:25:10,16482,16482,16482,2,-2
2023-06-01 15:25:10,16483,16483,16483,2,2
2023-06-01 15:25:18,16483,16483,16483,6,0
2023-06-01 15:25:34,16483,16483,16483,2,0
2023-06-01 15:25:35,16483,16483,16483,2,0
2023-06-01 15:25:35,16483,16483,16483,4,0
2023-06-01 15:25:35,16483,16483,16483,14,0
2023-06-01 15:25:35,16483,16483,16483,2,0
2023-06-01 15:25:35,16483,16483,16483,8,0
2023-06-01 15:25:35,16483,16483,16483,2,0
2023-06-01 15:25:35,16483,16483,16483,4,0
2023-06-01 15:25:35,16484,16484,16484,4,4
2023-06-01 15:25:40,16483,16483,16483,2,-2
2023-06-01 15:25:53,16483,16483,16483,2,0
2023-06-01 15:25:53,16483,16483,16483,2,0
2023-06-01 15:25:53,16483,16483,16483,2,0
2023-06-01 15:25:53,16483,16483,16483,2,0
2023-06-01 15:25:55,16483,16483,16483,18,0
2023-06-01 15:25:55,16483,16483,16483,2,0
2023-06-01 15:26:04,16482,16482,16482,2,-2
2023-06-01 15:26:04,16482,16482,16482,2,0
2023-06-01 15:26:04,16482,16482,16482,2,0
2023-06-01 15:26:04,16482,16482,16482,2,0
2023-06-01 15:26:04,16482,16482,16482,8,0
2023-06-01 15:26:04,16482,16482,16482,2,0
2023-06-01 15:26:04,16482,16482,16482,2,0
2023-06-01 15:26:04,16481,16481,16481,2,-2
2023-06-01 15:26:04,16481,16481,16481,2,0
2023-06-01 15:26:04,16481,16481,16481,2,0
2023-06-01 15:26:04,16481,16481,16481,2,0
2023-06-01 15:26:04,16481,16481,16481,2,0
2023-06-01 15:26:04,16481,16481,16481,4,0
2023-06-01 15:26:04,16481,16481,16481,2,0
2023-06-01 15:26:06,16482,16482,16482,20,20
2023-06-01 15:26:20,16482,16482,16482,2,0
2023-06-01 15:26:29,16483,16483,16483,2,2
2023-06-01 15:26:30,16483,16483,16483,2,0
2023-06-01 15:26:30,16483,16483,16483,2,0
2023-06-01 15:26:31,16484,16484,16484,2,2
2023-06-01 15:26:31,16484,16484,16484,2,0
2023-06-01 15:26:31,16484,16484,16484,2,0
2023-06-01 15:26:44,16484,16484,16484,2,0
2023-06-01 15:26:51,16485,16485,16485,2,2
2023-06-01 15:26:51,16485,16485,16485,2,0
2023-06-01 15:26:51,16485,16485,16485,4,0
2023-06-01 15:27:00,16486,16486,16486,2,2
2023-06-01 15:27:00,16486,16486,16486,4,0
2023-06-01 15:27:04,16487,16487,16487,2,2
2023-06-01 15:27:17,16487,16487,16487,8,0
2023-06-01 15:27:20,16488,16488,16488,2,2
2023-06-01 15:27:20,16487,16487,16487,2,-2
2023-06-01 15:27:24,16488,16488,16488,2,2
2023-06-01 15:27:24,16488,16488,16488,6,0
2023-06-01 15:27:31,16489,16489,16489,12,12
2023-06-01 15:27:35,16490,16490,16490,2,2
2023-06-01 15:27:35,16490,16490,16490,6,0
2023-06-01 15:27:35,16490,16490,16490,2,0
2023-06-01 15:27:37,16490,16490,16490,2,0
2023-06-01 15:27:38,16490,16490,16490,2,0
2023-06-01 15:27:38,16490,16490,16490,2,0
2023-06-01 15:27:38,16490,16490,16490,2,0
2023-06-01 15:27:38,16490,16490,16490,2,0
2023-06-01 15:27:43,16490,16490,16490,2,0
2023-06-01 15:27:43,16490,16490,16490,2,0
2023-06-01 15:27:44,16491,16491,16491,2,2
2023-06-01 15:27:49,16490,16490,16490,2,-2
2023-06-01 15:27:55,16490,16490,16490,4,0
2023-06-01 15:27:55,16490,16490,16490,2,0
2023-06-01 15:27:55,16490,16490,16490,2,0
2023-06-01 15:27:55,16490,16490,16490,2,0
2023-06-01 15:27:55,16490,16490,16490,2,0
2023-06-01 15:27:55,16490,16490,16490,2,0
2023-06-01 15:27:55,16490,16490,16490,2,0
2023-06-01 15:27:58,16491,16491,16491,6,6
2023-06-01 15:28:01,16490,16490,16490,2,-2
2023-06-01 15:28:06,16490,16490,16490,6,0
2023-06-01 15:28:07,16491,16491,16491,6,6
2023-06-01 15:28:18,16491,16491,16491,2,0
2023-06-01 15:28:19,16490,16490,16490,2,-2
2023-06-01 15:28:19,16491,16491,16491,2,2
2023-06-01 15:28:20,16491,16491,16491,8,0
2023-06-01 15:28:20,16491,16491,16491,6,0
2023-06-01 15:28:22,16491,16491,16491,2,0
2023-06-01 15:28:23,16491,16491,16491,2,0
2023-06-01 15:28:24,16491,16491,16491,2,0
2023-06-01 15:28:26,16491,16491,16491,2,0
2023-06-01 15:28:27,16491,16491,16491,2,0
2023-06-01 15:28:28,16491,16491,16491,2,0
2023-06-01 15:28:32,16490,16490,16490,2,-2
2023-06-01 15:28:33,16490,16490,16490,2,0
2023-06-01 15:28:34,16490,16490,16490,2,0
2023-06-01 15:28:34,16490,16490,16490,4,0
2023-06-01 15:28:34,16490,16490,16490,2,0
2023-06-01 15:28:34,16490,16490,16490,2,0
2023-06-01 15:28:34,16490,16490,16490,2,0
2023-06-01 15:28:34,16490,16490,16490,2,0
2023-06-01 15:28:34,16490,16490,16490,2,0
2023-06-01 15:28:34,16490,16490,16490,2,0
2023-06-01 15:28:35,16489,16489,16489,2,-2
2023-06-01 15:28:37,16490,16490,16490,2,2
2023-06-01 15:28:40,16489,16489,16489,2,-2
2023-06-01 15:28:41,16489,16489,16489,2,0
2023-06-01 15:28:41,16488,16488,16488,2,-2
2023-06-01 15:28:41,16488,16488,16488,2,0
2023-06-01 15:28:41,16488,16488,16488,2,0
2023-06-01 15:28:42,16488,16488,16488,2,0
2023-06-01 15:28:42,16488,16488,16488,2,0
2023-06-01 15:28:42,16488,16488,16488,2,0
2023-06-01 15:28:44,16488,16488,16488,2,0
2023-06-01 15:28:44,16487,16487,16487,2,-2
2023-06-01 15:28:44,16487,16487,16487,2,0
2023-06-01 15:29:02,16488,16488,16488,2,2
2023-06-01 15:29:03,16489,16489,16489,2,2
2023-06-01 15:29:07,16489,16489,16489,10,0
2023-06-01 15:29:07,16488,16488,16488,2,-2
2023-06-01 15:29:07,16488,16488,16488,6,0
2023-06-01 15:29:11,16487,16487,16487,2,-2
2023-06-01 15:29:19,16487,16487,16487,2,0
2023-06-01 15:29:29,16489,16489,16489,6,6
2023-06-01 15:29:32,16488,16488,16488,2,-2
2023-06-01 15:29:32,16488,16488,16488,4,0
2023-06-01 15:29:36,16489,16489,16489,6,6
2023-06-01 15:29:37,16488,16488,16488,2,-2
2023-06-01 15:29:59,16489,16489,16489,2,2
2023-06-01 15:30:00,16488,16488,16488,2,-2
2023-06-01 15:30:00,16489,16489,16489,2,2
2023-06-01 15:30:00,16489,16489,16489,2,0
2023-06-01 15:30:00,16489,16489,16489,2,0
2023-06-01 15:30:00,16489,16489,16489,2,0
2023-06-01 15:30:00,16489,16489,16489,2,0
2023-06-01 15:30:00,16489,16489,16489,2,0
2023-06-01 15:30:00,16489,16489,16489,2,0
2023-06-01 15:30:00,16490,16490,16490,2,2
2023-06-01 15:30:00,16490,16490,16490,2,0
2023-06-01 15:30:01,16490,16490,16490,2,0
2023-06-01 15:30:01,16490,16490,16490,4,0
2023-06-01 15:30:01,16490,16490,16490,2,0
2023-06-01 15:30:01,16490,16490,16490,4,0
2023-06-01 15:30:01,16491,16491,16491,2,2
2023-06-01 15:30:01,16491,16491,16491,2,0
2023-06-01 15:30:01,16490,16490,16490,2,-2
2023-06-01 15:30:01,16490,16490,16490,2,0
2023-06-01 15:30:02,16490,16490,16490,6,0
2023-06-01 15:30:06,16491,16491,16491,16,16
2023-06-01 15:30:11,16490,16490,16490,4,-4
2023-06-01 15:30:11,16490,16490,16490,2,0
2023-06-01 15:30:11,16490,16490,16490,2,0
2023-06-01 15:30:11,16489,16489,16489,2,-2
2023-06-01 15:30:11,16489,16489,16489,2,0
2023-06-01 15:30:17,16489,16489,16489,2,0
2023-06-01 15:30:17,16489,16489,16489,2,0
2023-06-01 15:30:17,16489,16489,16489,2,0
2023-06-01 15:30:17,16489,16489,16489,2,0
2023-06-01 15:30:18,16490,16490,16490,2,2
2023-06-01 15:30:18,16490,16490,16490,2,0
2023-06-01 15:30:18,16490,16490,16490,2,0
2023-06-01 15:30:20,16490,16490,16490,2,0
2023-06-01 15:30:28,16490,16490,16490,2,0
2023-06-01 15:30:28,16489,16489,16489,2,-2
2023-06-01 15:30:28,16489,16489,16489,2,0
2023-06-01 15:30:28,16489,16489,16489,4,0
2023-06-01 15:30:32,16490,16490,16490,2,2
2023-06-01 15:30:32,16491,16491,16491,2,2
2023-06-01 15:30:32,16491,16491,16491,2,0
2023-06-01 15:30:35,16490,16490,16490,2,-2
2023-06-01 15:30:38,16490,16490,16490,2,0
2023-06-01 15:30:40,16490,16490,16490,2,0
2023-06-01 15:30:41,16491,16491,16491,2,2
2023-06-01 15:30:43,16490,16490,16490,2,-2
2023-06-01 15:30:47,16490,16490,16490,2,0
2023-06-01 15:30:47,16489,16489,16489,2,-2
2023-06-01 15:30:50,16490,16490,16490,28,28
2023-06-01 15:30:50,16490,16490,16490,2,0
2023-06-01 15:30:52,16490,16490,16490,2,0
2023-06-01 15:31:01,16490,16490,16490,2,0
2023-06-01 15:31:01,16490,16490,16490,2,0
2023-06-01 15:31:01,16490,16490,16490,2,0
2023-06-01 15:31:03,16491,16491,16491,2,2
2023-06-01 15:31:03,16491,16491,16491,4,0
2023-06-01 15:31:07,16490,16490,16490,2,-2
2023-06-01 15:31:07,16490,16490,16490,2,0
2023-06-01 15:31:07,16490,16490,16490,2,0
2023-06-01 15:31:07,16490,16490,16490,2,0
2023-06-01 15:31:07,16488,16488,16488,4,-4
2023-06-01 15:31:07,16488,16488,16488,2,0
2023-06-01 15:31:07,16488,16488,16488,2,0
2023-06-01 15:31:07,16488,16488,16488,4,0
2023-06-01 15:31:07,16488,16488,16488,2,0
2023-06-01 15:31:07,16488,16488,16488,2,0
2023-06-01 15:31:07,16487,16487,16487,2,-2
2023-06-01 15:31:07,16487,16487,16487,2,0
2023-06-01 15:31:09,16488,16488,16488,2,2
2023-06-01 15:31:13,16490,16490,16490,2,2
2023-06-01 15:31:13,16490,16490,16490,4,0
2023-06-01 15:31:24,16490,16490,16490,2,0
2023-06-01 15:31:27,16490,16490,16490,2,0
2023-06-01 15:31:27,16491,16491,16491,6,6
2023-06-01 15:31:28,16491,16491,16491,2,0
2023-06-01 15:31:31,16491,16491,16491,2,0
2023-06-01 15:31:31,16491,16491,16491,2,0
2023-06-01 15:31:35,16491,16491,16491,6,0
2023-06-01 15:31:37,16492,16492,16492,2,2
2023-06-01 15:31:39,16491,16491,16491,4,-4
2023-06-01 15:31:39,16491,16491,16491,2,0
2023-06-01 15:31:42,16491,16491,16491,2,0
2023-06-01 15:31:42,16491,16491,16491,2,0
2023-06-01 15:31:43,16492,16492,16492,2,2
2023-06-01 15:31:43,16491,16491,16491,2,-2
2023-06-01 15:31:50,16491,16491,16491,2,0
2023-06-01 15:32:06,16492,16492,16492,2,2
2023-06-01 15:32:11,16491,16491,16491,2,-2
2023-06-01 15:32:11,16491,16491,16491,2,0
2023-06-01 15:32:11,16491,16491,16491,2,0
2023-06-01 15:32:11,16491,16491,16491,2,0
2023-06-01 15:32:11,16491,16491,16491,2,0
2023-06-01 15:32:11,16490,16490,16490,4,-4
2023-06-01 15:32:11,16490,16490,16490,6,0
2023-06-01 15:32:11,16490,16490,16490,2,0
2023-06-01 15:32:11,16490,16490,16490,2,0
2023-06-01 15:32:11,16490,16490,16490,2,0
2023-06-01 15:32:11,16490,16490,16490,2,0
2023-06-01 15:32:11,16489,16489,16489,2,-2
2023-06-01 15:32:11,16489,16489,16489,2,0
2023-06-01 15:32:16,16490,16490,16490,2,2
2023-06-01 15:32:30,16488,16488,16488,2,-2
2023-06-01 15:32:34,16489,16489,16489,2,2
2023-06-01 15:32:36,16489,16489,16489,2,0
2023-06-01 15:32:38,16488,16488,16488,4,-4
2023-06-01 15:32:38,16488,16488,16488,4,0
2023-06-01 15:32:44,16488,16488,16488,4,0
2023-06-01 15:32:46,16488,16488,16488,2,0
2023-06-01 15:32:56,16488,16488,16488,2,0
2023-06-01 15:33:02,16489,16489,16489,2,2
2023-06-01 15:33:02,16488,16488,16488,2,-2
2023-06-01 15:33:09,16489,16489,16489,2,2
2023-06-01 15:33:12,16488,16488,16488,2,-2
2023-06-01 15:33:12,16488,16488,16488,2,0
2023-06-01 15:33:15,16488,16488,16488,2,0
2023-06-01 15:33:15,16488,16488,16488,2,0
2023-06-01 15:33:15,16488,16488,16488,2,0
2023-06-01 15:33:15,16488,16488,16488,2,0
2023-06-01 15:33:27,16487,16487,16487,2,-2
2023-06-01 15:33:29,16487,16487,16487,2,0
2023-06-01 15:33:29,16487,16487,16487,2,0
2023-06-01 15:33:29,16487,16487,16487,4,0
2023-06-01 15:33:29,16487,16487,16487,2,0
2023-06-01 15:33:29,16487,16487,16487,2,0
2023-06-01 15:33:38,16486,16486,16486,2,-2
2023-06-01 15:33:38,16486,16486,16486,2,0
2023-06-01 15:33:38,16486,16486,16486,2,0
2023-06-01 15:33:38,16486,16486,16486,2,0
2023-06-01 15:33:38,16486,16486,16486,2,0
2023-06-01 15:33:38,16486,16486,16486,4,0
2023-06-01 15:33:38,16486,16486,16486,2,0
2023-06-01 15:33:38,16485,16485,16485,2,-2
2023-06-01 15:33:38,16485,16485,16485,2,0
2023-06-01 15:33:38,16485,16485,16485,2,0
2023-06-01 15:33:39,16485,16485,16485,2,0
2023-06-01 15:33:39,16485,16485,16485,4,0
2023-06-01 15:33:39,16485,16485,16485,2,0
2023-06-01 15:33:39,16484,16484,16484,2,-2
2023-06-01 15:33:39,16485,16485,16485,2,2
2023-06-01 15:33:44,16484,16484,16484,2,-2
2023-06-01 15:33:44,16484,16484,16484,2,0
2023-06-01 15:33:44,16484,16484,16484,4,0
2023-06-01 15:33:44,16484,16484,16484,2,0
2023-06-01 15:33:44,16484,16484,16484,2,0
2023-06-01 15:33:47,16483,16483,16483,2,-2
2023-06-01 15:33:47,16483,16483,16483,6,0
2023-06-01 15:33:47,16483,16483,16483,4,0
2023-06-01 15:33:50,16483,16483,16483,2,0
2023-06-01 15:33:51,16483,16483,16483,2,0
2023-06-01 15:33:51,16482,16482,16482,2,-2
2023-06-01 15:33:51,16482,16482,16482,2,0
2023-06-01 15:33:51,16482,16482,16482,2,0
2023-06-01 15:33:54,16483,16483,16483,6,6
2023-06-01 15:33:54,16483,16483,16483,2,0
2023-06-01 15:33:54,16483,16483,16483,2,0
2023-06-01 15:33:55,16483,16483,16483,2,0
2023-06-01 15:33:57,16484,16484,16484,6,6
2023-06-01 15:34:10,16483,16483,16483,2,-2
2023-06-01 15:34:11,16484,16484,16484,2,2
2023-06-01 15:34:24,16483,16483,16483,2,-2
2023-06-01 15:34:24,16483,16483,16483,2,0
2023-06-01 15:34:24,16483,16483,16483,2,0
2023-06-01 15:34:25,16483,16483,16483,2,0
2023-06-01 15:34:26,16482,16482,16482,2,-2
2023-06-01 15:34:27,16482,16482,16482,2,0
2023-06-01 15:34:31,16484,16484,16484,2,2
2023-06-01 15:34:40,16483,16483,16483,2,-2
2023-06-01 15:34:40,16483,16483,16483,2,0
2023-06-01 15:34:40,16483,16483,16483,4,0
2023-06-01 15:34:40,16483,16483,16483,2,0
2023-06-01 15:34:40,16483,16483,16483,2,0
2023-06-01 15:34:52,16483,16483,16483,2,0
2023-06-01 15:34:53,16483,16483,16483,2,0
2023-06-01 15:34:53,16483,16483,16483,6,0
2023-06-01 15:34:53,16483,16483,16483,2,0
2023-06-01 15:34:54,16483,16483,16483,2,0
2023-06-01 15:34:54,16483,16483,16483,2,0
2023-06-01 15:34:57,16483,16483,16483,2,0
2023-06-01 15:34:59,16483,16483,16483,2,0
2023-06-01 15:35:00,16482,16482,16482,2,-2
2023-06-01 15:35:00,16482,16482,16482,2,0
2023-06-01 15:35:00,16482,16482,16482,2,0
2023-06-01 15:35:00,16482,16482,16482,2,0
2023-06-01 15:35:00,16482,16482,16482,2,0
2023-06-01 15:35:02,16482,16482,16482,10,0
2023-06-01 15:35:04,16482,16482,16482,2,0
2023-06-01 15:35:06,16482,16482,16482,2,0
2023-06-01 15:35:08,16483,16483,16483,2,2
2023-06-01 15:35:19,16483,16483,16483,4,0
2023-06-01 15:35:33,16483,16483,16483,2,0
2023-06-01 15:35:51,16483,16483,16483,2,0
2023-06-01 15:35:54,16482,16482,16482,2,-2
2023-06-01 15:36:01,16482,16482,16482,2,0
2023-06-01 15:36:06,16482,16482,16482,2,0
2023-06-01 15:36:07,16483,16483,16483,2,2
2023-06-01 15:36:10,16483,16483,16483,10,0
2023-06-01 15:36:16,16482,16482,16482,2,-2
2023-06-01 15:36:27,16482,16482,16482,2,0
2023-06-01 15:36:27,16482,16482,16482,2,0
2023-06-01 15:36:27,16482,16482,16482,2,0
2023-06-01 15:36:27,16482,16482,16482,2,0
2023-06-01 15:36:27,16482,16482,16482,2,0
2023-06-01 15:36:32,16482,16482,16482,2,0
2023-06-01 15:36:34,16482,16482,16482,2,0
2023-06-01 15:36:40,16481,16481,16481,2,-2
2023-06-01 15:36:40,16481,16481,16481,2,0
2023-06-01 15:36:41,16481,16481,16481,4,0
2023-06-01 15:36:41,16481,16481,16481,2,0
2023-06-01 15:36:41,16482,16482,16482,2,2
2023-06-01 15:36:44,16481,16481,16481,2,-2
2023-06-01 15:36:44,16481,16481,16481,2,0
2023-06-01 15:36:44,16481,16481,16481,2,0
2023-06-01 15:36:46,16481,16481,16481,2,0
2023-06-01 15:36:46,16481,16481,16481,2,0
2023-06-01 15:36:47,16481,16481,16481,2,0
2023-06-01 15:36:56,16481,16481,16481,2,0
2023-06-01 15:36:57,16481,16481,16481,2,0
2023-06-01 15:36:57,16482,16482,16482,2,2
2023-06-01 15:37:00,16481,16481,16481,2,-2
2023-06-01 15:37:00,16481,16481,16481,6,0
2023-06-01 15:37:03,16481,16481,16481,2,0
2023-06-01 15:37:04,16481,16481,16481,2,0
2023-06-01 15:37:04,16481,16481,16481,2,0
2023-06-01 15:37:04,16481,16481,16481,2,0
2023-06-01 15:37:05,16482,16482,16482,2,2
2023-06-01 15:37:05,16482,16482,16482,2,0
2023-06-01 15:37:05,16483,16483,16483,10,10
2023-06-01 15:37:06,16484,16484,16484,2,2
2023-06-01 15:37:06,16484,16484,16484,4,0
2023-06-01 15:37:06,16484,16484,16484,4,0
2023-06-01 15:37:09,16485,16485,16485,4,4
2023-06-01 15:37:11,16484,16484,16484,2,-2
2023-06-01 15:37:13,16485,16485,16485,2,2
2023-06-01 15:37:14,16484,16484,16484,2,-2
2023-06-01 15:37:14,16484,16484,16484,2,0
2023-06-01 15:37:18,16483,16483,16483,2,-2
2023-06-01 15:37:21,16484,16484,16484,2,2
2023-06-01 15:37:22,16484,16484,16484,2,0
2023-06-01 15:37:28,16484,16484,16484,2,0
2023-06-01 15:37:35,16483,16483,16483,2,-2
2023-06-01 15:37:35,16483,16483,16483,2,0
2023-06-01 15:37:35,16483,16483,16483,2,0
2023-06-01 15:37:40,16482,16482,16482,2,-2
2023-06-01 15:37:40,16482,16482,16482,2,0
2023-06-01 15:37:49,16482,16482,16482,2,0
2023-06-01 15:37:58,16483,16483,16483,2,2
2023-06-01 15:38:02,16485,16485,16485,10,10
2023-06-01 15:38:02,16486,16486,16486,4,4
2023-06-01 15:38:03,16486,16486,16486,4,0
2023-06-01 15:38:07,16485,16485,16485,2,-2
2023-06-01 15:38:10,16485,16485,16485,2,0
2023-06-01 15:38:13,16485,16485,16485,2,0
2023-06-01 15:38:23,16484,16484,16484,2,-2
2023-06-01 15:38:38,16484,16484,16484,2,0
2023-06-01 15:38:38,16484,16484,16484,2,0
2023-06-01 15:38:38,16484,16484,16484,2,0
2023-06-01 15:38:46,16484,16484,16484,2,0
2023-06-01 15:38:46,16484,16484,16484,2,0
2023-06-01 15:38:46,16484,16484,16484,2,0
2023-06-01 15:38:46,16482,16482,16482,2,-2
2023-06-01 15:38:46,16482,16482,16482,2,0
2023-06-01 15:38:46,16482,16482,16482,2,0
2023-06-01 15:39:07,16482,16482,16482,2,0
2023-06-01 15:39:20,16481,16481,16481,2,-2
2023-06-01 15:39:20,16481,16481,16481,2,0
2023-06-01 15:39:20,16481,16481,16481,2,0
2023-06-01 15:39:20,16481,16481,16481,2,0
2023-06-01 15:39:20,16481,16481,16481,2,0
2023-06-01 15:39:20,16481,16481,16481,2,0
2023-06-01 15:39:31,16480,16480,16480,2,-2
2023-06-01 15:39:31,16480,16480,16480,2,0
2023-06-01 15:39:32,16480,16480,16480,2,0
2023-06-01 15:39:32,16480,16480,16480,2,0
2023-06-01 15:39:32,16480,16480,16480,2,0
2023-06-01 15:39:32,16480,16480,16480,2,0
2023-06-01 15:39:32,16480,16480,16480,2,0
2023-06-01 15:39:32,16480,16480,16480,2,0
2023-06-01 15:39:32,16480,16480,16480,2,0
2023-06-01 15:39:32,16480,16480,16480,2,0
2023-06-01 15:39:32,16480,16480,16480,2,0
2023-06-01 15:39:32,16480,16480,16480,2,0
2023-06-01 15:39:32,16480,16480,16480,2,0
2023-06-01 15:39:32,16480,16480,16480,2,0
2023-06-01 15:39:32,16480,16480,16480,2,0
2023-06-01 15:39:32,16480,16480,16480,2,0
2023-06-01 15:39:32,16480,16480,16480,2,0
2023-06-01 15:39:32,16480,16480,16480,2,0
2023-06-01 15:39:32,16480,16480,16480,2,0
2023-06-01 15:39:32,16480,16480,16480,2,0
2023-06-01 15:39:33,16480,16480,16480,2,0
2023-06-01 15:39:33,16480,16480,16480,4,0
2023-06-01 15:39:33,16480,16480,16480,2,0
2023-06-01 15:39:33,16480,16480,16480,2,0
2023-06-01 15:39:33,16480,16480,16480,2,0
2023-06-01 15:39:35,16480,16480,16480,6,0
2023-06-01 15:39:39,16479,16479,16479,2,-2
2023-06-01 15:39:39,16479,16479,16479,2,0
2023-06-01 15:39:40,16479,16479,16479,6,0
2023-06-01 15:39:48,16480,16480,16480,4,4
2023-06-01 15:39:51,16479,16479,16479,2,-2
2023-06-01 15:39:55,16480,16480,16480,2,2
2023-06-01 15:39:57,16480,16480,16480,2,0
2023-06-01 15:40:01,16479,16479,16479,2,-2
2023-06-01 15:40:01,16479,16479,16479,4,0
2023-06-01 15:40:08,16479,16479,16479,4,0
2023-06-01 15:40:08,16480,16480,16480,32,32
2023-06-01 15:40:09,16481,16481,16481,2,2
2023-06-01 15:40:10,16482,16482,16482,2,2
2023-06-01 15:40:10,16482,16482,16482,2,0
2023-06-01 15:40:10,16482,16482,16482,2,0
2023-06-01 15:40:10,16482,16482,16482,2,0
2023-06-01 15:40:13,16482,16482,16482,2,0
2023-06-01 15:40:13,16482,16482,16482,2,0
2023-06-01 15:40:13,16482,16482,16482,2,0
2023-06-01 15:40:16,16482,16482,16482,2,0
2023-06-01 15:40:18,16483,16483,16483,6,6
2023-06-01 15:40:18,16483,16483,16483,4,0
2023-06-01 15:40:29,16483,16483,16483,2,0
2023-06-01 15:40:29,16484,16484,16484,2,2
2023-06-01 15:40:29,16483,16483,16483,2,-2
2023-06-01 15:40:29,16484,16484,16484,2,2
2023-06-01 15:40:35,16485,16485,16485,12,12
2023-06-01 15:40:35,16486,16486,16486,2,2
2023-06-01 15:40:38,16486,16486,16486,2,0
2023-06-01 15:40:41,16486,16486,16486,2,0
2023-06-01 15:40:55,16485,16485,16485,2,-2
2023-06-01 15:40:59,16486,16486,16486,2,2
2023-06-01 15:41:02,16485,16485,16485,4,-4
2023-06-01 15:41:21,16485,16485,16485,4,0
2023-06-01 15:41:39,16486,16486,16486,2,2
2023-06-01 15:41:42,16486,16486,16486,12,0
2023-06-01 15:41:50,16486,16486,16486,2,0
2023-06-01 15:41:53,16487,16487,16487,6,6
2023-06-01 15:42:01,16486,16486,16486,2,-2
2023-06-01 15:42:02,16487,16487,16487,2,2
2023-06-01 15:42:03,16487,16487,16487,2,0
2023-06-01 15:42:03,16488,16488,16488,18,18
2023-06-01 15:42:12,16487,16487,16487,2,-2
2023-06-01 15:42:12,16487,16487,16487,2,0
2023-06-01 15:42:12,16487,16487,16487,2,0
2023-06-01 15:42:12,16487,16487,16487,2,0
2023-06-01 15:42:12,16487,16487,16487,2,0
2023-06-01 15:42:12,16486,16486,16486,2,-2
2023-06-01 15:42:12,16486,16486,16486,2,0
2023-06-01 15:42:12,16486,16486,16486,6,0
2023-06-01 15:42:12,16486,16486,16486,2,0
2023-06-01 15:42:12,16486,16486,16486,2,0
2023-06-01 15:42:12,16485,16485,16485,4,-4
2023-06-01 15:42:12,16485,16485,16485,2,0
2023-06-01 15:42:12,16485,16485,16485,2,0
2023-06-01 15:42:12,16485,16485,16485,2,0
2023-06-01 15:42:12,16485,16485,16485,4,0
2023-06-01 15:42:12,16485,16485,16485,2,0
2023-06-01 15:42:12,16484,16484,16484,2,-2
2023-06-01 15:42:12,16484,16484,16484,6,0
2023-06-01 15:42:12,16484,16484,16484,2,0
2023-06-01 15:42:17,16484,16484,16484,2,0
2023-06-01 15:42:17,16483,16483,16483,2,-2
2023-06-01 15:42:17,16483,16483,16483,2,0
2023-06-01 15:42:17,16483,16483,16483,2,0
2023-06-01 15:42:18,16484,16484,16484,2,2
2023-06-01 15:42:18,16484,16484,16484,2,0
2023-06-01 15:42:50,16483,16483,16483,4,-4
2023-06-01 15:42:51,16482,16482,16482,2,-2
2023-06-01 15:42:54,16482,16482,16482,2,0
2023-06-01 15:42:59,16484,16484,16484,6,6
2023-06-01 15:43:00,16482,16482,16482,2,-2
2023-06-01 15:43:02,16483,16483,16483,2,2
2023-06-01 15:43:02,16483,16483,16483,2,0
2023-06-01 15:43:02,16482,16482,16482,2,-2
2023-06-01 15:43:08,16482,16482,16482,6,0
2023-06-01 15:43:12,16482,16482,16482,32,0
2023-06-01 15:43:12,16482,16482,16482,2,0
2023-06-01 15:43:12,16482,16482,16482,2,0
2023-06-01 15:43:12,16482,16482,16482,4,0
2023-06-01 15:43:12,16482,16482,16482,2,0
2023-06-01 15:43:12,16481,16481,16481,2,-2
2023-06-01 15:43:12,16481,16481,16481,2,0
2023-06-01 15:43:18,16480,16480,16480,2,-2
2023-06-01 15:43:18,16480,16480,16480,4,0
2023-06-01 15:43:19,16480,16480,16480,2,0
2023-06-01 15:43:19,16480,16480,16480,6,0
2023-06-01 15:43:19,16480,16480,16480,2,0
2023-06-01 15:43:22,16480,16480,16480,2,0
2023-06-01 15:43:24,16480,16480,16480,2,0
2023-06-01 15:43:24,16480,16480,16480,6,0
2023-06-01 15:43:34,16480,16480,16480,2,0
2023-06-01 15:43:40,16479,16479,16479,2,-2
2023-06-01 15:43:40,16479,16479,16479,2,0
2023-06-01 15:43:40,16479,16479,16479,2,0
2023-06-01 15:43:40,16479,16479,16479,2,0
2023-06-01 15:43:44,16480,16480,16480,10,10
2023-06-01 15:43:44,16481,16481,16481,6,6
2023-06-01 15:43:50,16481,16481,16481,4,0
2023-06-01 15:43:50,16481,16481,16481,2,0
2023-06-01 15:43:51,16481,16481,16481,2,0
2023-06-01 15:44:10,16481,16481,16481,4,0
2023-06-01 15:44:10,16481,16481,16481,2,0
2023-06-01 15:44:12,16480,16480,16480,4,-4
2023-06-01 15:44:19,16480,16480,16480,2,0
2023-06-01 15:44:23,16480,16480,16480,2,0
2023-06-01 15:44:23,16480,16480,16480,2,0
2023-06-01 15:44:33,16479,16479,16479,2,-2
2023-06-01 15:44:37,16479,16479,16479,2,0
2023-06-01 15:44:41,16479,16479,16479,2,0
2023-06-01 15:44:41,16479,16479,16479,2,0
2023-06-01 15:44:46,16478,16478,16478,2,-2
2023-06-01 15:44:48,16478,16478,16478,2,0
2023-06-01 15:44:51,16478,16478,16478,2,0
2023-06-01 15:44:54,16479,16479,16479,2,2
2023-06-01 15:44:55,16478,16478,16478,2,-2
2023-06-01 15:45:03,16478,16478,16478,2,0
2023-06-01 15:45:08,16479,16479,16479,2,2
2023-06-01 15:45:09,16479,16479,16479,2,0
2023-06-01 15:45:10,16479,16479,16479,2,0
2023-06-01 15:45:16,16479,16479,16479,28,0
2023-06-01 15:45:19,16480,16480,16480,2,2
2023-06-01 15:45:19,16480,16480,16480,2,0
2023-06-01 15:45:19,16480,16480,16480,2,0
2023-06-01 15:45:19,16480,16480,16480,2,0
2023-06-01 15:45:19,16480,16480,16480,2,0
2023-06-01 15:45:19,16480,16480,16480,8,0
2023-06-01 15:45:19,16480,16480,16480,4,0
2023-06-01 15:45:19,16480,16480,16480,2,0
2023-06-01 15:45:19,16481,16481,16481,2,2
2023-06-01 15:45:25,16481,16481,16481,2,0
2023-06-01 15:45:27,16482,16482,16482,6,6
2023-06-01 15:45:31,16481,16481,16481,2,-2
2023-06-01 15:45:31,16481,16481,16481,6,0
2023-06-01 15:45:31,16481,16481,16481,2,0
2023-06-01 15:45:31,16481,16481,16481,6,0
2023-06-01 15:45:31,16481,16481,16481,2,0
2023-06-01 15:45:31,16481,16481,16481,2,0
2023-06-01 15:45:31,16481,16481,16481,2,0
2023-06-01 15:45:48,16480,16480,16480,2,-2
2023-06-01 15:45:50,16480,16480,16480,2,0
2023-06-01 15:45:51,16480,16480,16480,2,0
2023-06-01 15:45:52,16480,16480,16480,2,0
2023-06-01 15:45:56,16481,16481,16481,2,2
2023-06-01 15:46:02,16482,16482,16482,4,4
2023-06-01 15:46:08,16481,16481,16481,2,-2
2023-06-01 15:46:08,16480,16480,16480,2,-2
2023-06-01 15:46:08,16480,16480,16480,2,0
2023-06-01 15:46:08,16480,16480,16480,6,0
2023-06-01 15:46:08,16480,16480,16480,6,0
2023-06-01 15:46:08,16480,16480,16480,2,0
2023-06-01 15:46:10,16480,16480,16480,10,0
2023-06-01 15:46:11,16479,16479,16479,2,-2
2023-06-01 15:46:11,16479,16479,16479,2,0
2023-06-01 15:46:12,16480,16480,16480,2,2
2023-06-01 15:46:42,16480,16480,16480,2,0
2023-06-01 15:46:42,16479,16479,16479,2,-2
2023-06-01 15:46:45,16480,16480,16480,2,2
2023-06-01 15:47:07,16480,16480,16480,2,0
2023-06-01 15:47:12,16480,16480,16480,6,0
2023-06-01 15:47:13,16480,16480,16480,2,0
2023-06-01 15:47:16,16479,16479,16479,2,-2
2023-06-01 15:47:16,16479,16479,16479,2,0
2023-06-01 15:47:16,16479,16479,16479,2,0
2023-06-01 15:47:16,16479,16479,16479,2,0
2023-06-01 15:47:16,16479,16479,16479,2,0
2023-06-01 15:47:16,16479,16479,16479,2,0
2023-06-01 15:47:19,16480,16480,16480,2,2
2023-06-01 15:47:25,16479,16479,16479,2,-2
2023-06-01 15:47:30,16480,16480,16480,4,4
2023-06-01 15:47:33,16480,16480,16480,2,0
2023-06-01 15:47:37,16478,16478,16478,2,-2
2023-06-01 15:47:37,16478,16478,16478,2,0
2023-06-01 15:47:37,16478,16478,16478,6,0
2023-06-01 15:47:37,16478,16478,16478,2,0
2023-06-01 15:47:39,16478,16478,16478,2,0
2023-06-01 15:47:39,16478,16478,16478,2,0
2023-06-01 15:47:39,16478,16478,16478,2,0
2023-06-01 15:47:39,16478,16478,16478,2,0
2023-06-01 15:47:42,16478,16478,16478,2,0
2023-06-01 15:47:42,16478,16478,16478,2,0
2023-06-01 15:47:42,16478,16478,16478,2,0
2023-06-01 15:47:42,16478,16478,16478,4,0
2023-06-01 15:47:42,16478,16478,16478,6,0
2023-06-01 15:47:43,16479,16479,16479,4,4
2023-06-01 15:48:10,16477,16477,16477,2,-2
2023-06-01 15:48:14,16477,16477,16477,2,0
2023-06-01 15:48:17,16477,16477,16477,2,0
2023-06-01 15:48:17,16477,16477,16477,2,0
2023-06-01 15:48:17,16477,16477,16477,2,0
2023-06-01 15:48:17,16477,16477,16477,4,0
2023-06-01 15:48:17,16477,16477,16477,2,0
2023-06-01 15:48:17,16477,16477,16477,2,0
2023-06-01 15:48:17,16477,16477,16477,2,0
2023-06-01 15:48:20,16477,16477,16477,2,0
2023-06-01 15:48:20,16477,16477,16477,2,0
2023-06-01 15:48:23,16477,16477,16477,2,0
2023-06-01 15:48:23,16477,16477,16477,2,0
2023-06-01 15:48:23,16477,16477,16477,2,0
2023-06-01 15:48:23,16477,16477,16477,2,0
2023-06-01 15:48:26,16478,16478,16478,2,2
2023-06-01 15:48:26,16477,16477,16477,2,-2
2023-06-01 15:48:29,16477,16477,16477,2,0
2023-06-01 15:48:29,16477,16477,16477,2,0
2023-06-01 15:48:29,16477,16477,16477,2,0
2023-06-01 15:48:29,16477,16477,16477,2,0
2023-06-01 15:48:29,16478,16478,16478,10,10
2023-06-01 15:48:38,16478,16478,16478,2,0
2023-06-01 15:48:46,16478,16478,16478,2,0
2023-06-01 15:48:46,16478,16478,16478,2,0
2023-06-01 15:48:56,16477,16477,16477,2,-2
2023-06-01 15:48:56,16477,16477,16477,2,0
2023-06-01 15:48:56,16477,16477,16477,2,0
2023-06-01 15:48:58,16476,16476,16476,2,-2
2023-06-01 15:48:58,16476,16476,16476,2,0
2023-06-01 15:48:58,16476,16476,16476,2,0
2023-06-01 15:48:58,16476,16476,16476,2,0
2023-06-01 15:49:01,16476,16476,16476,4,0
2023-06-01 15:49:02,16476,16476,16476,2,0
2023-06-01 15:49:06,16476,16476,16476,2,0
2023-06-01 15:49:06,16476,16476,16476,2,0
2023-06-01 15:49:06,16476,16476,16476,2,0
2023-06-01 15:49:08,16475,16475,16475,2,-2
2023-06-01 15:49:09,16475,16475,16475,2,0
2023-06-01 15:49:10,16475,16475,16475,2,0
2023-06-01 15:49:14,16475,16475,16475,2,0
2023-06-01 15:49:15,16475,16475,16475,2,0
2023-06-01 15:49:16,16475,16475,16475,2,0
2023-06-01 15:49:18,16475,16475,16475,4,0
2023-06-01 15:49:18,16475,16475,16475,2,0
2023-06-01 15:49:18,16475,16475,16475,2,0
2023-06-01 15:49:18,16475,16475,16475,2,0
2023-06-01 15:49:18,16475,16475,16475,2,0
2023-06-01 15:49:18,16475,16475,16475,4,0
2023-06-01 15:49:20,16475,16475,16475,2,0
2023-06-01 15:49:20,16476,16476,16476,2,2
2023-06-01 15:49:21,16475,16475,16475,2,-2
2023-06-01 15:49:21,16475,16475,16475,2,0
2023-06-01 15:49:21,16475,16475,16475,2,0
2023-06-01 15:49:21,16475,16475,16475,2,0
2023-06-01 15:49:21,16475,16475,16475,10,0
2023-06-01 15:49:21,16475,16475,16475,2,0
2023-06-01 15:49:21,16475,16475,16475,2,0
2023-06-01 15:49:21,16475,16475,16475,2,0
2023-06-01 15:49:21,16475,16475,16475,2,0
2023-06-01 15:49:22,16474,16474,16474,2,-2
2023-06-01 15:49:23,16474,16474,16474,2,0
2023-06-01 15:49:26,16475,16475,16475,10,10
2023-06-01 15:49:30,16475,16475,16475,2,0
2023-06-01 15:49:30,16474,16474,16474,2,-2
2023-06-01 15:49:35,16474,16474,16474,4,0
2023-06-01 15:49:35,16474,16474,16474,2,0
2023-06-01 15:49:35,16474,16474,16474,16,0
2023-06-01 15:49:35,16475,16475,16475,2,2
2023-06-01 15:49:35,16475,16475,16475,2,0
2023-06-01 15:49:45,16474,16474,16474,2,-2
2023-06-01 15:49:45,16474,16474,16474,6,0
2023-06-01 15:49:45,16474,16474,16474,2,0
2023-06-01 15:49:45,16474,16474,16474,2,0
2023-06-01 15:49:45,16474,16474,16474,4,0
2023-06-01 15:49:45,16474,16474,16474,2,0
2023-06-01 15:49:45,16474,16474,16474,6,0
2023-06-01 15:49:45,16474,16474,16474,14,0
2023-06-01 15:49:45,16474,16474,16474,2,0
2023-06-01 15:49:45,16474,16474,16474,2,0
2023-06-01 15:49:45,16474,16474,16474,2,0
2023-06-01 15:49:45,16474,16474,16474,4,0
2023-06-01 15:49:45,16474,16474,16474,50,0
2023-06-01 15:49:45,16474,16474,16474,2,0
2023-06-01 15:49:45,16474,16474,16474,12,0
2023-06-01 15:49:45,16474,16474,16474,10,0
2023-06-01 15:49:45,16474,16474,16474,6,0
2023-06-01 15:49:45,16474,16474,16474,6,0
2023-06-01 15:49:45,16474,16474,16474,2,0
2023-06-01 15:49:45,16474,16474,16474,2,0
2023-06-01 15:49:45,16474,16474,16474,4,0
2023-06-01 15:49:45,16474,16474,16474,2,0
2023-06-01 15:49:45,16474,16474,16474,10,0
2023-06-01 15:49:45,16474,16474,16474,8,0
2023-06-01 15:49:47,16474,16474,16474,22,0
2023-06-01 15:49:47,16474,16474,16474,128,0
2023-06-01 15:49:47,16474,16474,16474,8,0
2023-06-01 15:49:47,16474,16474,16474,2,0
2023-06-01 15:49:47,16473,16473,16473,2,-2
2023-06-01 15:49:47,16473,16473,16473,2,0
2023-06-01 15:49:47,16473,16473,16473,2,0
2023-06-01 15:49:47,16473,16473,16473,2,0
2023-06-01 15:49:47,16473,16473,16473,2,0
2023-06-01 15:49:47,16473,16473,16473,2,0
2023-06-01 15:49:47,16472,16472,16472,2,-2
2023-06-01 15:49:47,16472,16472,16472,2,0
2023-06-01 15:49:47,16472,16472,16472,2,0
2023-06-01 15:49:47,16472,16472,16472,2,0
2023-06-01 15:49:47,16472,16472,16472,2,0
2023-06-01 15:49:50,16472,16472,16472,2,0
2023-06-01 15:49:50,16472,16472,16472,2,0
2023-06-01 15:49:50,16472,16472,16472,8,0
2023-06-01 15:49:52,16472,16472,16472,2,0
2023-06-01 15:49:52,16472,16472,16472,2,0
2023-06-01 15:49:55,16472,16472,16472,2,0
2023-06-01 15:49:55,16472,16472,16472,2,0
2023-06-01 15:49:55,16472,16472,16472,2,0
2023-06-01 15:49:55,16472,16472,16472,2,0
2023-06-01 15:49:56,16473,16473,16473,2,2
2023-06-01 15:49:58,16473,16473,16473,2,0
2023-06-01 15:49:58,16473,16473,16473,2,0
2023-06-01 15:49:58,16473,16473,16473,2,0
2023-06-01 15:50:05,16473,16473,16473,2,0
2023-06-01 15:50:05,16474,16474,16474,4,4
2023-06-01 15:50:06,16474,16474,16474,2,0
2023-06-01 15:50:06,16474,16474,16474,2,0
2023-06-01 15:50:06,16473,16473,16473,2,-2
2023-06-01 15:50:06,16473,16473,16473,2,0
2023-06-01 15:50:06,16473,16473,16473,2,0
2023-06-01 15:50:06,16473,16473,16473,2,0
2023-06-01 15:50:06,16473,16473,16473,2,0
2023-06-01 15:50:06,16473,16473,16473,2,0
2023-06-01 15:50:06,16473,16473,16473,2,0
2023-06-01 15:50:06,16473,16473,16473,2,0
2023-06-01 15:50:06,16473,16473,16473,2,0
2023-06-01 15:50:06,16473,16473,16473,2,0
2023-06-01 15:50:06,16473,16473,16473,2,0
2023-06-01 15:50:06,16473,16473,16473,2,0
2023-06-01 15:50:06,16473,16473,16473,2,0
2023-06-01 15:50:06,16473,16473,16473,2,0
2023-06-01 15:50:06,16473,16473,16473,2,0
2023-06-01 15:50:06,16473,16473,16473,2,0
2023-06-01 15:50:06,16473,16473,16473,2,0
2023-06-01 15:50:06,16473,16473,16473,2,0
2023-06-01 15:50:06,16473,16473,16473,2,0
2023-06-01 15:50:06,16473,16473,16473,2,0
2023-06-01 15:50:06,16473,16473,16473,2,0
2023-06-01 15:50:07,16474,16474,16474,2,2
2023-06-01 15:50:07,16474,16474,16474,2,0
2023-06-01 15:50:07,16473,16473,16473,2,-2
2023-06-01 15:50:07,16474,16474,16474,2,2
2023-06-01 15:50:10,16474,16474,16474,2,0
2023-06-01 15:50:10,16474,16474,16474,4,0
2023-06-01 15:50:16,16475,16475,16475,2,2
2023-06-01 15:50:16,16475,16475,16475,2,0
2023-06-01 15:50:16,16475,16475,16475,2,0
2023-06-01 15:50:19,16475,16475,16475,2,0
2023-06-01 15:50:26,16474,16474,16474,2,-2
2023-06-01 15:50:33,16474,16474,16474,2,0
2023-06-01 15:50:33,16474,16474,16474,2,0
2023-06-01 15:50:36,16475,16475,16475,2,2
2023-06-01 15:50:47,16474,16474,16474,2,-2
2023-06-01 15:50:47,16474,16474,16474,2,0
2023-06-01 15:50:47,16475,16475,16475,2,2
2023-06-01 15:50:48,16474,16474,16474,2,-2
2023-06-01 15:50:48,16474,16474,16474,2,0
2023-06-01 15:50:48,16474,16474,16474,4,0
2023-06-01 15:50:48,16474,16474,16474,2,0
2023-06-01 15:50:48,16474,16474,16474,2,0
2023-06-01 15:50:48,16473,16473,16473,2,-2
2023-06-01 15:50:48,16473,16473,16473,2,0
2023-06-01 15:50:48,16473,16473,16473,2,0
2023-06-01 15:50:49,16473,16473,16473,2,0
2023-06-01 15:50:55,16473,16473,16473,2,0
2023-06-01 15:50:56,16474,16474,16474,2,2
2023-06-01 15:50:56,16475,16475,16475,2,2
2023-06-01 15:50:56,16475,16475,16475,2,0
2023-06-01 15:50:56,16475,16475,16475,2,0
2023-06-01 15:50:56,16475,16475,16475,2,0
2023-06-01 15:51:04,16473,16473,16473,2,-2
2023-06-01 15:51:04,16473,16473,16473,6,0
2023-06-01 15:51:04,16473,16473,16473,2,0
2023-06-01 15:51:04,16473,16473,16473,4,0
2023-06-01 15:51:04,16473,16473,16473,6,0
2023-06-01 15:51:04,16473,16473,16473,6,0
2023-06-01 15:51:04,16473,16473,16473,2,0
2023-06-01 15:51:04,16472,16472,16472,2,-2
2023-06-01 15:51:04,16472,16472,16472,2,0
2023-06-01 15:51:04,16472,16472,16472,2,0
2023-06-01 15:51:04,16472,16472,16472,2,0
2023-06-01 15:51:04,16474,16474,16474,2,2
2023-06-01 15:51:05,16473,16473,16473,2,-2
2023-06-01 15:51:08,16474,16474,16474,2,2
2023-06-01 15:51:10,16474,16474,16474,2,0
2023-06-01 15:51:21,16474,16474,16474,2,0
2023-06-01 15:51:25,16474,16474,16474,2,0
2023-06-01 15:51:29,16474,16474,16474,18,0
2023-06-01 15:51:33,16474,16474,16474,20,0
2023-06-01 15:51:33,16474,16474,16474,2,0
2023-06-01 15:51:34,16473,16473,16473,2,-2
2023-06-01 15:51:34,16472,16472,16472,4,-4
2023-06-01 15:51:36,16473,16473,16473,2,2
2023-06-01 15:51:39,16474,16474,16474,2,2
2023-06-01 15:51:47,16472,16472,16472,6,-6
2023-06-01 15:51:48,16473,16473,16473,2,2
2023-06-01 15:51:55,16472,16472,16472,2,-2
2023-06-01 15:52:00,16472,16472,16472,2,0
2023-06-01 15:52:00,16472,16472,16472,2,0
2023-06-01 15:52:00,16473,16473,16473,4,4
2023-06-01 15:52:00,16472,16472,16472,2,-2
2023-06-01 15:52:00,16472,16472,16472,2,0
2023-06-01 15:52:00,16472,16472,16472,2,0
2023-06-01 15:52:03,16472,16472,16472,2,0
2023-06-01 15:52:04,16472,16472,16472,2,0
2023-06-01 15:52:04,16472,16472,16472,2,0
2023-06-01 15:52:04,16472,16472,16472,2,0
2023-06-01 15:52:14,16472,16472,16472,2,0
2023-06-01 15:52:14,16472,16472,16472,2,0
2023-06-01 15:52:14,16472,16472,16472,2,0
2023-06-01 15:52:14,16472,16472,16472,2,0
2023-06-01 15:52:14,16472,16472,16472,6,0
2023-06-01 15:52:14,16472,16472,16472,4,0
2023-06-01 15:52:14,16472,16472,16472,2,0
2023-06-01 15:52:14,16472,16472,16472,2,0
2023-06-01 15:52:14,16472,16472,16472,2,0
2023-06-01 15:52:14,16472,16472,16472,2,0
2023-06-01 15:52:14,16472,16472,16472,2,0
2023-06-01 15:52:14,16471,16471,16471,6,-6
2023-06-01 15:52:14,16471,16471,16471,4,0
2023-06-01 15:52:14,16471,16471,16471,2,0
2023-06-01 15:52:15,16471,16471,16471,2,0
2023-06-01 15:52:15,16471,16471,16471,2,0
2023-06-01 15:52:16,16471,16471,16471,2,0
2023-06-01 15:52:17,16471,16471,16471,2,0
2023-06-01 15:52:18,16472,16472,16472,2,2
2023-06-01 15:52:21,16472,16472,16472,2,0
2023-06-01 15:52:26,16471,16471,16471,2,-2
2023-06-01 15:52:26,16471,16471,16471,2,0
2023-06-01 15:52:27,16472,16472,16472,2,2
2023-06-01 15:52:34,16472,16472,16472,2,0
2023-06-01 15:52:40,16471,16471,16471,2,-2
2023-06-01 15:52:40,16471,16471,16471,2,0
2023-06-01 15:52:42,16472,16472,16472,2,2
2023-06-01 15:52:42,16472,16472,16472,4,0
2023-06-01 15:52:57,16472,16472,16472,2,0
2023-06-01 15:52:57,16472,16472,16472,2,0
2023-06-01 15:52:57,16472,16472,16472,2,0
2023-06-01 15:53:05,16472,16472,16472,2,0
2023-06-01 15:53:06,16472,16472,16472,2,0
2023-06-01 15:53:06,16472,16472,16472,2,0
2023-06-01 15:53:06,16472,16472,16472,2,0
2023-06-01 15:53:06,16472,16472,16472,2,0
2023-06-01 15:53:06,16471,16471,16471,2,-2
2023-06-01 15:53:06,16471,16471,16471,2,0
2023-06-01 15:53:06,16471,16471,16471,2,0
2023-06-01 15:53:06,16471,16471,16471,2,0
2023-06-01 15:53:06,16471,16471,16471,2,0
2023-06-01 15:53:06,16471,16471,16471,2,0
2023-06-01 15:53:06,16471,16471,16471,2,0
2023-06-01 15:53:06,16471,16471,16471,2,0
2023-06-01 15:53:06,16471,16471,16471,2,0
2023-06-01 15:53:07,16471,16471,16471,2,0
2023-06-01 15:53:07,16470,16470,16470,4,-4
2023-06-01 15:53:07,16470,16470,16470,2,0
2023-06-01 15:53:07,16471,16471,16471,2,2
2023-06-01 15:53:07,16471,16471,16471,2,0
2023-06-01 15:53:10,16472,16472,16472,2,2
2023-06-01 15:53:11,16473,16473,16473,4,4
2023-06-01 15:53:19,16473,16473,16473,4,0
2023-06-01 15:53:34,16474,16474,16474,6,6
2023-06-01 15:53:36,16474,16474,16474,2,0
2023-06-01 15:53:36,16474,16474,16474,2,0
2023-06-01 15:53:36,16475,16475,16475,4,4
2023-06-01 15:53:36,16475,16475,16475,2,0
2023-06-01 15:53:44,16475,16475,16475,2,0
2023-06-01 15:53:45,16474,16474,16474,2,-2
2023-06-01 15:53:49,16475,16475,16475,2,2
2023-06-01 15:53:51,16475,16475,16475,2,0
2023-06-01 15:53:51,16475,16475,16475,2,0
2023-06-01 15:53:52,16476,16476,16476,2,2
2023-06-01 15:53:53,16476,16476,16476,2,0
2023-06-01 15:53:57,16476,16476,16476,2,0
2023-06-01 15:54:00,16475,16475,16475,2,-2
2023-06-01 15:54:04,16475,16475,16475,4,0
2023-06-01 15:54:04,16475,16475,16475,4,0
2023-06-01 15:54:11,16475,16475,16475,2,0
2023-06-01 15:54:11,16475,16475,16475,2,0
2023-06-01 15:54:12,16475,16475,16475,2,0
2023-06-01 15:54:13,16475,16475,16475,2,0
2023-06-01 15:54:15,16475,16475,16475,2,0
2023-06-01 15:54:24,16476,16476,16476,2,2
2023-06-01 15:54:30,16475,16475,16475,2,-2
2023-06-01 15:54:35,16475,16475,16475,2,0
2023-06-01 15:54:42,16474,16474,16474,2,-2
2023-06-01 15:54:42,16474,16474,16474,2,0
2023-06-01 15:54:42,16474,16474,16474,4,0
2023-06-01 15:54:42,16474,16474,16474,4,0
2023-06-01 15:54:42,16474,16474,16474,2,0
2023-06-01 15:54:42,16474,16474,16474,6,0
2023-06-01 15:54:42,16474,16474,16474,2,0
2023-06-01 15:54:42,16474,16474,16474,2,0
2023-06-01 15:54:42,16474,16474,16474,2,0
2023-06-01 15:54:44,16475,16475,16475,2,2
2023-06-01 15:54:48,16474,16474,16474,4,-4
2023-06-01 15:54:48,16473,16473,16473,2,-2
2023-06-01 15:55:04,16475,16475,16475,4,4
2023-06-01 15:55:07,16474,16474,16474,2,-2
2023-06-01 15:55:14,16473,16473,16473,2,-2
2023-06-01 15:55:17,16474,16474,16474,2,2
2023-06-01 15:55:17,16474,16474,16474,2,0
2023-06-01 15:55:17,16473,16473,16473,6,-6
2023-06-01 15:55:17,16473,16473,16473,12,0
2023-06-01 15:55:17,16473,16473,16473,2,0
2023-06-01 15:55:17,16473,16473,16473,2,0
2023-06-01 15:55:17,16473,16473,16473,2,0
2023-06-01 15:55:18,16474,16474,16474,2,2
2023-06-01 15:55:19,16472,16472,16472,2,-2
2023-06-01 15:55:19,16472,16472,16472,4,0
2023-06-01 15:55:19,16472,16472,16472,2,0
2023-06-01 15:55:19,16472,16472,16472,2,0
2023-06-01 15:55:19,16472,16472,16472,2,0
2023-06-01 15:55:19,16472,16472,16472,2,0
2023-06-01 15:55:19,16472,16472,16472,2,0
2023-06-01 15:55:19,16472,16472,16472,2,0
2023-06-01 15:55:19,16471,16471,16471,2,-2
2023-06-01 15:55:19,16471,16471,16471,4,0
2023-06-01 15:55:19,16471,16471,16471,4,0
2023-06-01 15:55:19,16471,16471,16471,6,0
2023-06-01 15:55:19,16471,16471,16471,2,0
2023-06-01 15:55:19,16471,16471,16471,2,0
2023-06-01 15:55:19,16471,16471,16471,2,0
2023-06-01 15:55:19,16471,16471,16471,2,0
2023-06-01 15:55:19,16471,16471,16471,2,0
2023-06-01 15:55:19,16471,16471,16471,2,0
2023-06-01 15:55:26,16472,16472,16472,2,2
2023-06-01 15:55:26,16472,16472,16472,2,0
2023-06-01 15:55:27,16472,16472,16472,2,0
2023-06-01 15:55:28,16473,16473,16473,4,4
2023-06-01 15:55:29,16472,16472,16472,2,-2
2023-06-01 15:55:29,16472,16472,16472,2,0
2023-06-01 15:55:29,16472,16472,16472,6,0
2023-06-01 15:55:29,16472,16472,16472,4,0
2023-06-01 15:55:29,16472,16472,16472,4,0
2023-06-01 15:55:29,16472,16472,16472,2,0
2023-06-01 15:55:29,16471,16471,16471,6,-6
2023-06-01 15:55:29,16471,16471,16471,2,0
2023-06-01 15:55:29,16471,16471,16471,2,0
2023-06-01 15:55:29,16471,16471,16471,2,0
2023-06-01 15:55:29,16471,16471,16471,4,0
2023-06-01 15:55:29,16471,16471,16471,2,0
2023-06-01 15:55:29,16471,16471,16471,2,0
2023-06-01 15:55:31,16471,16471,16471,4,0
2023-06-01 15:55:31,16471,16471,16471,2,0
2023-06-01 15:55:34,16471,16471,16471,2,0
2023-06-01 15:55:34,16471,16471,16471,4,0
2023-06-01 15:55:37,16471,16471,16471,2,0
2023-06-01 15:55:37,16471,16471,16471,2,0
2023-06-01 15:55:37,16471,16471,16471,2,0
2023-06-01 15:55:40,16472,16472,16472,6,6
2023-06-01 15:56:15,16471,16471,16471,2,-2
2023-06-01 15:56:19,16471,16471,16471,2,0
2023-06-01 15:56:32,16471,16471,16471,2,0
2023-06-01 15:56:36,16470,16470,16470,2,-2
2023-06-01 15:56:36,16471,16471,16471,2,2
2023-06-01 15:56:37,16470,16470,16470,4,-4
2023-06-01 15:56:38,16470,16470,16470,2,0
2023-06-01 15:56:44,16470,16470,16470,2,0
2023-06-01 15:56:52,16470,16470,16470,2,0
2023-06-01 15:56:52,16470,16470,16470,2,0
2023-06-01 15:57:03,16470,16470,16470,4,0
2023-06-01 15:57:03,16470,16470,16470,2,0
2023-06-01 15:57:03,16471,16471,16471,2,2
2023-06-01 15:57:04,16471,16471,16471,2,0
2023-06-01 15:57:04,16471,16471,16471,2,0
2023-06-01 15:57:04,16472,16472,16472,4,4
2023-06-01 15:57:04,16471,16471,16471,2,-2
2023-06-01 15:57:04,16471,16471,16471,2,0
2023-06-01 15:57:04,16471,16471,16471,2,0
2023-06-01 15:57:11,16471,16471,16471,2,0
2023-06-01 15:57:23,16471,16471,16471,4,0
2023-06-01 15:57:24,16471,16471,16471,2,0
2023-06-01 15:57:37,16471,16471,16471,2,0
2023-06-01 15:57:42,16471,16471,16471,2,0
2023-06-01 15:57:46,16470,16470,16470,2,-2
2023-06-01 15:57:51,16471,16471,16471,2,2
2023-06-01 15:57:58,16471,16471,16471,2,0
2023-06-01 15:58:20,16471,16471,16471,2,0
2023-06-01 15:58:23,16471,16471,16471,2,0
2023-06-01 15:58:24,16471,16471,16471,2,0
2023-06-01 15:58:33,16471,16471,16471,2,0
2023-06-01 15:58:33,16471,16471,16471,2,0
2023-06-01 15:58:33,16471,16471,16471,2,0
2023-06-01 15:58:44,16471,16471,16471,2,0
2023-06-01 15:58:48,16471,16471,16471,4,0
2023-06-01 15:58:48,16471,16471,16471,2,0
2023-06-01 15:58:53,16471,16471,16471,2,0
2023-06-01 15:58:56,16471,16471,16471,2,0
2023-06-01 15:58:59,16471,16471,16471,2,0
2023-06-01 15:58:59,16471,16471,16471,4,0
2023-06-01 15:59:04,16471,16471,16471,2,0
2023-06-01 15:59:18,16472,16472,16472,2,2
2023-06-01 15:59:19,16471,16471,16471,2,-2
2023-06-01 15:59:19,16471,16471,16471,2,0
2023-06-01 15:59:19,16471,16471,16471,2,0
2023-06-01 15:59:19,16471,16471,16471,2,0
2023-06-01 15:59:24,16472,16472,16472,2,2
2023-06-01 15:59:25,16470,16470,16470,2,-2
2023-06-01 15:59:29,16470,16470,16470,2,0
2023-06-01 15:59:33,16471,16471,16471,2,2
2023-06-01 15:59:37,16471,16471,16471,2,0
2023-06-01 15:59:39,16471,16471,16471,2,0
2023-06-01 15:59:39,16471,16471,16471,2,0
2023-06-01 15:59:39,16471,16471,16471,2,0
2023-06-01 15:59:41,16471,16471,16471,2,0
2023-06-01 15:59:43,16471,16471,16471,2,0
2023-06-01 16:00:00,16471,16471,16471,2,0
2023-06-01 16:00:00,16472,16472,16472,2,2
2023-06-01 16:00:00,16472,16472,16472,4,0
2023-06-01 16:00:00,16473,16473,16473,2,2
2023-06-01 16:00:00,16473,16473,16473,2,0
2023-06-01 16:00:01,16471,16471,16471,2,-2
2023-06-01 16:00:01,16471,16471,16471,2,0
2023-06-01 16:00:09,16471,16471,16471,2,0
2023-06-01 16:00:09,16471,16471,16471,8,0
2023-06-01 16:00:09,16471,16471,16471,2,0
2023-06-01 16:00:17,16472,16472,16472,2,2
2023-06-01 16:00:20,16471,16471,16471,2,-2
2023-06-01 16:00:27,16471,16471,16471,2,0
2023-06-01 16:00:37,16471,16471,16471,2,0
2023-06-01 16:00:37,16471,16471,16471,2,0
2023-06-01 16:00:37,16471,16471,16471,2,0
2023-06-01 16:00:37,16471,16471,16471,2,0
2023-06-01 16:00:37,16471,16471,16471,2,0
2023-06-01 16:00:38,16471,16471,16471,10,0
2023-06-01 16:00:44,16471,16471,16471,2,0
2023-06-01 16:00:46,16472,16472,16472,2,2
2023-06-01 16:01:08,16471,16471,16471,6,-6
2023-06-01 16:01:18,16472,16472,16472,2,2
2023-06-01 16:01:35,16473,16473,16473,2,2
2023-06-01 16:01:35,16471,16471,16471,2,-2
2023-06-01 16:01:35,16471,16471,16471,2,0
2023-06-01 16:01:35,16471,16471,16471,2,0
2023-06-01 16:01:35,16471,16471,16471,2,0
2023-06-01 16:01:35,16471,16471,16471,2,0
2023-06-01 16:01:35,16471,16471,16471,8,0
2023-06-01 16:01:35,16471,16471,16471,2,0
2023-06-01 16:01:35,16471,16471,16471,2,0
2023-06-01 16:01:35,16471,16471,16471,2,0
2023-06-01 16:01:35,16471,16471,16471,2,0
2023-06-01 16:01:35,16471,16471,16471,2,0
2023-06-01 16:01:35,16471,16471,16471,2,0
2023-06-01 16:01:36,16471,16471,16471,2,0
2023-06-01 16:01:37,16470,16470,16470,4,-4
2023-06-01 16:01:37,16470,16470,16470,2,0
2023-06-01 16:01:37,16471,16471,16471,2,2
2023-06-01 16:01:38,16470,16470,16470,2,-2
2023-06-01 16:01:38,16470,16470,16470,2,0
2023-06-01 16:01:38,16470,16470,16470,2,0
2023-06-01 16:01:38,16470,16470,16470,2,0
2023-06-01 16:01:38,16470,16470,16470,4,0
2023-06-01 16:01:38,16470,16470,16470,4,0
