2022-05-30 15:00:00.068,16559,16560,16560,203,203
2022-05-30 15:00:00.101,16560,16561,16560,1,-1
2022-05-30 15:00:00.195,16560,16561,16561,1,1
2022-05-30 15:00:00.232,16560,16561,16561,2,2
2022-05-30 15:00:00.236,16560,16561,16560,1,-1
2022-05-30 15:00:00.488,16560,16561,16561,8,8
2022-05-30 15:00:00.540,16561,16562,16561,2,-2
2022-05-30 15:00:00.573,16561,16562,16561,1,-1
2022-05-30 15:00:00.678,16561,16562,16561,1,-1
2022-05-30 15:00:00.715,16561,16562,16562,3,3
2022-05-30 15:00:00.736,16561,16562,16562,1,1
2022-05-30 15:00:00.736,16561,16562,16562,1,1
2022-05-30 15:00:00.736,16561,16562,16562,1,1
2022-05-30 15:00:00.737,16561,16562,16562,1,1
2022-05-30 15:00:00.737,16561,16562,16562,5,5
2022-05-30 15:00:00.752,16561,16562,16563,1,1
2022-05-30 15:00:00.812,16562,16563,16562,1,-1
2022-05-30 15:00:00.812,16562,16563,16561,1,-1
2022-05-30 15:00:00.884,16562,16563,16562,1,-1
2022-05-30 15:00:01.020,16562,16563,16563,1,1
2022-05-30 15:00:01.052,16562,16563,16562,3,-3
2022-05-30 15:00:01.052,16562,16563,16563,10,10
2022-05-30 15:00:01.053,16562,16563,16563,2,2
2022-05-30 15:00:01.053,16562,16563,16563,1,1
2022-05-30 15:00:01.053,16562,16563,16563,14,14
2022-05-30 15:00:01.053,16562,16563,16563,1,1
2022-05-30 15:00:01.053,16562,16563,16563,1,1
2022-05-30 15:00:01.053,16562,16563,16563,1,1
2022-05-30 15:00:01.053,16562,16563,16563,1,1
2022-05-30 15:00:01.054,16562,16563,16563,1,1
2022-05-30 15:00:01.054,16562,16563,16563,3,3
2022-05-30 15:00:01.054,16562,16563,16563,2,2
2022-05-30 15:00:01.076,16562,16563,16563,1,1
2022-05-30 15:00:01.076,16562,16563,16563,1,1
2022-05-30 15:00:01.124,16562,16563,16564,1,1
2022-05-30 15:00:01.313,16562,16564,16562,1,-1
2022-05-30 15:00:01.313,16562,16564,16562,1,-1
2022-05-30 15:00:01.313,16562,16564,16562,4,-4
2022-05-30 15:00:01.313,16562,16564,16562,1,-1
2022-05-30 15:00:01.313,16562,16564,16562,1,-1
2022-05-30 15:00:01.313,16562,16564,16562,2,-2
2022-05-30 15:00:01.344,16562,16564,16561,2,-2
2022-05-30 15:00:01.567,16560,16562,16562,1,1
2022-05-30 15:00:01.586,16560,16562,16562,1,1
2022-05-30 15:00:02.344,16560,16562,16560,1,-1
2022-05-30 15:00:02.710,16560,16562,16562,2,2
2022-05-30 15:00:02.722,16560,16562,16560,3,-3
2022-05-30 15:00:03.141,16560,16562,16560,12,-12
2022-05-30 15:00:03.142,16560,16562,16559,6,-6
2022-05-30 15:00:03.377,16558,16559,16559,1,1
2022-05-30 15:00:03.456,16559,16560,16560,1,1
2022-05-30 15:00:03.456,16559,16560,16560,19,19
2022-05-30 15:00:03.553,16561,16562,16561,1,-1
2022-05-30 15:00:03.615,16561,16562,16562,1,1
2022-05-30 15:00:03.791,16561,16562,16562,1,1
2022-05-30 15:00:03.796,16561,16562,16561,1,-1
2022-05-30 15:00:04.145,16561,16562,16562,1,1
2022-05-30 15:00:04.146,16561,16562,16562,1,1
2022-05-30 15:00:04.525,16562,16563,16563,3,3
2022-05-30 15:00:04.794,16562,16563,16562,1,-1
2022-05-30 15:00:05.349,16561,16562,16561,1,-1
2022-05-30 15:00:05.775,16561,16562,16561,1,-1
2022-05-30 15:00:06.113,16561,16562,16561,1,-1
2022-05-30 15:00:06.643,16560,16562,16562,3,3
2022-05-30 15:00:06.706,16560,16562,16561,2,2
2022-05-30 15:00:06.706,16560,16562,16560,1,-1
2022-05-30 15:00:07.555,16561,16562,16561,1,-1
2022-05-30 15:00:07.555,16561,16562,16561,3,-3
2022-05-30 15:00:08.516,16560,16561,16561,1,1
2022-05-30 15:00:08.551,16560,16561,16560,4,-4
2022-05-30 15:00:08.705,16559,16560,16559,3,-3
2022-05-30 15:00:08.706,16559,16560,16559,1,-1
2022-05-30 15:00:08.706,16559,16560,16559,6,-6
2022-05-30 15:00:08.706,16559,16560,16558,3,-3
2022-05-30 15:00:09.031,16558,16559,16559,2,2
2022-05-30 15:00:09.031,16558,16559,16559,1,1
2022-05-30 15:00:09.110,16559,16561,16561,1,1
2022-05-30 15:00:10.169,16559,16560,16560,1,1
2022-05-30 15:00:10.365,16559,16560,16560,1,1
2022-05-30 15:00:10.567,16560,16561,16561,4,4
2022-05-30 15:00:10.567,16560,16561,16561,1,1
2022-05-30 15:00:10.567,16560,16561,16561,3,3
2022-05-30 15:00:10.567,16560,16561,16561,7,7
2022-05-30 15:00:10.568,16560,16561,16562,1,1
2022-05-30 15:00:10.569,16560,16561,16562,1,1
2022-05-30 15:00:10.706,16561,16562,16560,1,-1
2022-05-30 15:00:10.706,16561,16562,16559,2,-2
2022-05-30 15:00:11.313,16560,16561,16561,1,1
2022-05-30 15:00:11.313,16560,16561,16562,18,18
2022-05-30 15:00:11.373,16560,16561,16563,2,2
2022-05-30 15:00:12.590,16562,16563,16563,2,2
2022-05-30 15:00:12.706,16562,16563,16562,2,-2
2022-05-30 15:00:12.706,16562,16563,16561,1,-1
2022-05-30 15:00:12.883,16561,16563,16563,1,1
2022-05-30 15:00:13.217,16561,16562,16561,4,-4
2022-05-30 15:00:13.355,16560,16561,16561,1,1
2022-05-30 15:00:13.373,16560,16561,16561,2,2
2022-05-30 15:00:13.432,16560,16561,16560,1,-1
2022-05-30 15:00:14.001,16559,16560,16560,1,1
2022-05-30 15:00:14.212,16559,16561,16561,1,1
2022-05-30 15:00:14.212,16559,16561,16561,25,25
2022-05-30 15:00:14.706,16560,16562,16560,3,-3
2022-05-30 15:00:15.575,16559,16562,16562,2,2
2022-05-30 15:00:16.667,16560,16561,16561,1,1
2022-05-30 15:00:17.118,16560,16561,16561,1,1
2022-05-30 15:00:17.132,16560,16561,16560,1,-1
2022-05-30 15:00:17.158,16560,16561,16559,1,-1
2022-05-30 15:00:17.158,16560,16561,16559,2,-2
2022-05-30 15:00:17.382,16558,16560,16560,1,1
2022-05-30 15:00:17.744,16558,16560,16558,2,-2
2022-05-30 15:00:18.517,16559,16560,16560,1,1
2022-05-30 15:00:18.707,16559,16560,16559,1,-1
2022-05-30 15:00:18.707,16559,16560,16558,2,-2
2022-05-30 15:00:18.728,16559,16560,16559,1,-1
2022-05-30 15:00:18.728,16559,16560,16560,1,1
2022-05-30 15:00:18.744,16559,16560,16560,1,1
2022-05-30 15:00:18.770,16559,16560,16558,1,-1
2022-05-30 15:00:20.193,16558,16559,16559,1,1
2022-05-30 15:00:20.710,16558,16560,16558,3,-3
2022-05-30 15:00:20.710,16558,16560,16558,1,-1
2022-05-30 15:00:20.710,16558,16560,16558,2,-2
2022-05-30 15:00:21.085,16559,16560,16559,1,-1
2022-05-30 15:00:23.149,16557,16559,16558,1,-1
2022-05-30 15:00:23.404,16557,16558,16557,3,-3
2022-05-30 15:00:23.405,16557,16558,16557,13,-13
2022-05-30 15:00:23.405,16557,16558,16556,2,-2
2022-05-30 15:00:25.927,16555,16557,16555,1,-1
2022-05-30 15:00:26.092,16555,16557,16555,1,-1
2022-05-30 15:00:26.299,16555,16557,16555,5,-5
2022-05-30 15:00:27.669,16554,16555,16555,1,1
2022-05-30 15:00:28.730,16554,16555,16554,1,-1
2022-05-30 15:00:28.802,16554,16555,16555,1,1
2022-05-30 15:00:28.847,16554,16555,16554,1,-1
2022-05-30 15:00:29.052,16554,16555,16555,1,1
2022-05-30 15:00:29.896,16554,16555,16554,1,-1
2022-05-30 15:00:30.368,16553,16555,16554,1,-1
2022-05-30 15:00:32.041,16553,16555,16555,1,1
2022-05-30 15:00:33.611,16554,16555,16554,1,-1
2022-05-30 15:00:33.692,16553,16555,16555,1,1
2022-05-30 15:00:34.809,16554,16555,16554,1,-1
2022-05-30 15:00:35.489,16553,16554,16553,1,-1
2022-05-30 15:00:36.090,16553,16554,16554,1,1
2022-05-30 15:00:36.342,16553,16554,16553,1,-1
2022-05-30 15:00:36.620,16553,16554,16553,1,-1
2022-05-30 15:00:37.489,16553,16554,16553,1,-1
2022-05-30 15:00:37.946,16553,16554,16554,1,1
2022-05-30 15:00:38.191,16553,16555,16555,1,1
2022-05-30 15:00:39.428,16553,16555,16553,1,-1
2022-05-30 15:00:39.508,16553,16555,16555,1,1
2022-05-30 15:00:40.185,16553,16555,16555,1,1
2022-05-30 15:00:40.185,16553,16555,16555,1,1
2022-05-30 15:00:40.185,16553,16555,16555,1,1
2022-05-30 15:00:40.185,16553,16555,16555,2,2
2022-05-30 15:00:41.962,16554,16555,16555,5,5
2022-05-30 15:00:42.599,16555,16557,16555,2,-2
2022-05-30 15:00:44.595,16554,16556,16554,1,-1
2022-05-30 15:00:46.347,16554,16555,16554,1,-1
2022-05-30 15:00:47.265,16554,16555,16555,2,2
2022-05-30 15:00:47.587,16555,16556,16556,10,10
2022-05-30 15:00:48.911,16555,16557,16555,1,-1
2022-05-30 15:00:49.171,16555,16557,16555,1,-1
2022-05-30 15:00:50.118,16555,16556,16555,10,-10
2022-05-30 15:00:51.405,16554,16555,16555,1,1
2022-05-30 15:00:51.446,16554,16555,16555,4,4
2022-05-30 15:00:51.576,16554,16555,16555,1,1
2022-05-30 15:00:52.794,16554,16555,16554,1,-1
2022-05-30 15:00:52.844,16554,16555,16554,5,-5
2022-05-30 15:00:53.254,16554,16555,16554,2,-2
2022-05-30 15:00:53.477,16553,16554,16554,1,1
2022-05-30 15:00:53.633,16553,16555,16555,2,2
2022-05-30 15:00:56.682,16554,16555,16554,2,-2
2022-05-30 15:00:56.990,16553,16554,16554,4,4
2022-05-30 15:00:59.365,16553,16554,16553,7,-7
2022-05-30 15:00:59.528,16553,16554,16554,1,1
2022-05-30 15:00:59.698,16553,16554,16554,1,1
2022-05-30 15:01:00.138,16553,16554,16554,1,1
2022-05-30 15:01:00.138,16553,16554,16554,1,1
2022-05-30 15:01:00.220,16554,16555,16555,3,3
2022-05-30 15:01:00.220,16554,16555,16555,4,4
2022-05-30 15:01:00.220,16554,16555,16555,1,1
2022-05-30 15:01:00.220,16554,16555,16555,1,1
2022-05-30 15:01:00.220,16554,16555,16555,4,4
2022-05-30 15:01:00.221,16554,16555,16555,1,1
2022-05-30 15:01:00.221,16554,16555,16555,1,1
2022-05-30 15:01:00.221,16554,16555,16555,8,8
2022-05-30 15:01:00.262,16554,16555,16557,1,1
2022-05-30 15:01:00.358,16555,16557,16555,3,-3
2022-05-30 15:01:00.359,16555,16557,16555,1,-1
2022-05-30 15:01:00.368,16555,16557,16555,1,-1
2022-05-30 15:01:00.368,16555,16557,16556,2,-2
2022-05-30 15:01:00.857,16554,16556,16554,3,-3
2022-05-30 15:01:01.315,16554,16556,16556,1,1
2022-05-30 15:01:01.738,16554,16556,16554,3,-3
2022-05-30 15:01:02.020,16554,16556,16554,1,-1
2022-05-30 15:01:03.301,16554,16555,16554,1,-1
2022-05-30 15:01:03.316,16554,16555,16554,2,-2
2022-05-30 15:01:03.622,16553,16554,16554,1,1
2022-05-30 15:01:03.737,16553,16554,16553,1,-1
2022-05-30 15:01:03.737,16553,16554,16552,2,-2
2022-05-30 15:01:03.934,16552,16554,16552,10,-10
2022-05-30 15:01:03.934,16552,16554,16551,9,-9
2022-05-30 15:01:03.936,16552,16554,16552,1,-1
2022-05-30 15:01:04.109,16551,16553,16551,3,-3
2022-05-30 15:01:05.247,16551,16553,16553,5,5
2022-05-30 15:01:06.312,16552,16554,16552,1,-1
2022-05-30 15:01:06.650,16552,16554,16553,1,-1
2022-05-30 15:01:06.650,16552,16554,16552,2,-2
2022-05-30 15:01:06.650,16552,16554,16551,7,-7
2022-05-30 15:01:06.696,16551,16553,16551,2,-2
2022-05-30 15:01:08.852,16550,16551,16551,2,2
2022-05-30 15:01:08.912,16551,16553,16551,1,-1
2022-05-30 15:01:09.510,16553,16554,16553,1,-1
2022-05-30 15:01:12.072,16552,16553,16552,2,-2
2022-05-30 15:01:15.208,16552,16553,16552,1,-1
2022-05-30 15:01:15.816,16551,16553,16552,2,-2
2022-05-30 15:01:16.686,16552,16553,16552,1,-1
2022-05-30 15:01:17.337,16552,16553,16552,2,-2
2022-05-30 15:01:20.192,16552,16553,16553,1,1
2022-05-30 15:01:22.052,16551,16553,16553,2,2
2022-05-30 15:01:22.354,16553,16555,16553,2,-2
2022-05-30 15:01:23.938,16553,16555,16553,1,-1
2022-05-30 15:01:23.945,16553,16555,16553,1,-1
2022-05-30 15:01:24.167,16553,16555,16553,1,-1
2022-05-30 15:01:24.169,16553,16555,16553,1,-1
2022-05-30 15:01:25.650,16552,16553,16553,1,1
2022-05-30 15:01:25.955,16552,16553,16553,6,6
2022-05-30 15:01:25.955,16552,16553,16553,10,10
2022-05-30 15:01:25.956,16552,16553,16553,1,1
2022-05-30 15:01:25.956,16552,16553,16553,3,3
2022-05-30 15:01:25.956,16552,16553,16553,10,10
2022-05-30 15:01:29.650,16553,16554,16553,1,-1
2022-05-30 15:01:30.807,16553,16554,16553,3,-3
2022-05-30 15:01:30.912,16552,16553,16552,1,-1
2022-05-30 15:01:31.288,16552,16553,16553,1,1
2022-05-30 15:01:31.293,16552,16553,16553,2,2
2022-05-30 15:01:32.408,16552,16553,16553,1,1
2022-05-30 15:01:33.419,16552,16553,16553,1,1
2022-05-30 15:01:33.422,16552,16553,16553,1,1
2022-05-30 15:01:33.562,16552,16553,16553,2,2
2022-05-30 15:01:34.329,16552,16553,16552,1,-1
2022-05-30 15:01:36.797,16552,16553,16552,1,-1
2022-05-30 15:01:38.786,16552,16553,16553,4,4
2022-05-30 15:01:43.785,16553,16554,16554,1,1
2022-05-30 15:01:43.788,16553,16554,16554,1,1
2022-05-30 15:01:44.004,16553,16554,16554,2,2
2022-05-30 15:01:44.405,16553,16554,16553,1,-1
2022-05-30 15:01:44.405,16553,16554,16553,14,-14
2022-05-30 15:01:44.456,16553,16554,16554,1,1
2022-05-30 15:01:44.464,16553,16554,16554,1,1
2022-05-30 15:01:44.714,16554,16555,16555,1,1
2022-05-30 15:01:44.718,16554,16555,16555,1,1
2022-05-30 15:01:46.806,16554,16555,16555,8,8
2022-05-30 15:01:46.807,16554,16555,16556,4,4
2022-05-30 15:01:46.928,16555,16557,16557,1,1
2022-05-30 15:01:47.260,16555,16557,16555,1,-1
2022-05-30 15:01:49.546,16555,16557,16557,1,1
2022-05-30 15:01:49.550,16555,16557,16557,1,1
2022-05-30 15:01:49.554,16555,16557,16557,1,1
2022-05-30 15:01:49.566,16555,16557,16557,1,1
2022-05-30 15:01:52.085,16555,16557,16557,1,1
2022-05-30 15:01:52.085,16555,16557,16557,1,1
2022-05-30 15:01:52.266,16555,16557,16557,2,2
2022-05-30 15:01:52.870,16556,16558,16556,1,-1
2022-05-30 15:01:54.498,16556,16557,16556,2,-2
2022-05-30 15:01:54.528,16556,16557,16557,1,1
2022-05-30 15:01:54.529,16556,16557,16557,1,1
2022-05-30 15:01:54.533,16556,16557,16557,1,1
2022-05-30 15:01:54.549,16555,16557,16557,2,2
2022-05-30 15:01:56.500,16555,16557,16557,3,3
2022-05-30 15:01:56.500,16555,16557,16558,2,2
2022-05-30 15:01:57.872,16556,16557,16556,1,-1
2022-05-30 15:01:58.016,16556,16557,16556,2,-2
2022-05-30 15:01:58.017,16556,16557,16556,7,-7
2022-05-30 15:01:59.546,16556,16557,16556,2,-2
2022-05-30 15:01:59.546,16556,16557,16555,3,-3
2022-05-30 15:02:00.201,16555,16557,16557,1,1
2022-05-30 15:02:00.975,16556,16558,16558,10,10
2022-05-30 15:02:01.392,16558,16559,16559,1,1
2022-05-30 15:02:01.532,16558,16560,16560,1,1
2022-05-30 15:02:02.333,16559,16560,16560,1,1
2022-05-30 15:02:03.328,16559,16560,16559,1,-1
2022-05-30 15:02:03.328,16559,16560,16559,1,-1
2022-05-30 15:02:04.041,16559,16560,16559,1,-1
2022-05-30 15:02:08.789,16558,16560,16559,2,-2
2022-05-30 15:02:09.438,16559,16560,16559,1,-1
2022-05-30 15:02:09.438,16559,16560,16558,4,-4
2022-05-30 15:02:11.231,16558,16560,16559,1,-1
2022-05-30 15:02:11.865,16558,16559,16559,6,6
2022-05-30 15:02:18.137,16558,16560,16558,3,-3
2022-05-30 15:02:18.521,16558,16559,16559,9,9
2022-05-30 15:02:18.733,16558,16560,16560,3,3
2022-05-30 15:02:20.128,16559,16560,16559,2,-2
2022-05-30 15:02:20.128,16559,16560,16558,8,-8
2022-05-30 15:02:20.335,16558,16560,16560,2,2
2022-05-30 15:02:20.930,16558,16560,16558,4,-4
2022-05-30 15:02:20.930,16558,16560,16557,1,-1
2022-05-30 15:02:22.420,16559,16560,16560,1,1
2022-05-30 15:02:22.747,16559,16560,16560,3,3
2022-05-30 15:02:25.645,16559,16560,16559,1,-1
2022-05-30 15:02:26.949,16559,16560,16560,1,1
2022-05-30 15:02:27.897,16559,16560,16560,1,1
2022-05-30 15:02:27.897,16559,16560,16560,1,1
2022-05-30 15:02:29.536,16559,16560,16560,1,1
2022-05-30 15:02:35.887,16559,16560,16560,1,1
2022-05-30 15:02:39.613,16559,16560,16559,1,-1
2022-05-30 15:02:43.897,16558,16559,16558,3,-3
2022-05-30 15:02:45.568,16557,16558,16558,2,2
2022-05-30 15:02:45.568,16557,16558,16559,1,1
2022-05-30 15:02:49.424,16557,16558,16557,1,-1
2022-05-30 15:03:00.157,16556,16558,16558,1,1
2022-05-30 15:03:00.370,16558,16559,16558,1,-1
2022-05-30 15:03:00.617,16558,16559,16559,2,2
2022-05-30 15:03:00.768,16558,16559,16559,1,1
2022-05-30 15:03:00.846,16559,16560,16559,1,-1
2022-05-30 15:03:03.073,16559,16560,16560,1,1
2022-05-30 15:03:03.073,16559,16560,16560,2,2
2022-05-30 15:03:03.628,16559,16561,16561,4,4
2022-05-30 15:03:03.677,16559,16562,16561,2,2
2022-05-30 15:03:06.286,16560,16562,16560,1,-1
2022-05-30 15:03:08.450,16561,16562,16561,1,-1
2022-05-30 15:03:11.049,16561,16562,16562,1,1
2022-05-30 15:03:12.474,16561,16562,16561,1,-1
2022-05-30 15:03:13.818,16561,16562,16562,1,1
2022-05-30 15:03:13.818,16561,16562,16562,3,3
2022-05-30 15:03:13.820,16561,16562,16562,3,3
2022-05-30 15:03:14.085,16561,16562,16562,1,1
2022-05-30 15:03:14.092,16561,16562,16562,1,1
2022-05-30 15:03:14.093,16561,16562,16562,1,1
2022-05-30 15:03:14.876,16561,16562,16562,2,2
2022-05-30 15:03:15.093,16561,16563,16563,1,1
2022-05-30 15:03:15.307,16562,16563,16563,1,1
2022-05-30 15:03:16.346,16562,16563,16563,1,1
2022-05-30 15:03:16.347,16562,16563,16563,2,2
2022-05-30 15:03:16.347,16562,16563,16563,1,1
2022-05-30 15:03:16.351,16562,16563,16563,2,2
2022-05-30 15:03:16.352,16562,16563,16563,1,1
2022-05-30 15:03:16.365,16562,16563,16563,3,3
2022-05-30 15:03:17.557,16563,16564,16564,7,7
2022-05-30 15:03:17.557,16563,16564,16564,2,2
2022-05-30 15:03:17.840,16564,16565,16565,1,1
2022-05-30 15:03:18.631,16564,16565,16565,1,1
2022-05-30 15:03:18.693,16564,16565,16565,1,1
2022-05-30 15:03:19.556,16564,16565,16565,1,1
2022-05-30 15:03:19.591,16564,16565,16565,2,2
2022-05-30 15:03:19.975,16564,16566,16564,1,-1
2022-05-30 15:03:19.981,16564,16566,16563,1,-1
2022-05-30 15:03:20.189,16563,16564,16564,1,1
2022-05-30 15:03:21.201,16563,16564,16563,2,-2
2022-05-30 15:03:23.653,16563,16564,16564,1,1
2022-05-30 15:03:24.011,16563,16564,16563,2,-2
2022-05-30 15:03:24.467,16563,16564,16564,1,1
2022-05-30 15:03:24.859,16563,16564,16564,3,3
2022-05-30 15:03:25.594,16563,16564,16563,3,-3
2022-05-30 15:03:25.594,16563,16564,16563,4,-4
2022-05-30 15:03:25.594,16563,16564,16563,1,-1
2022-05-30 15:03:26.360,16562,16564,16562,1,-1
2022-05-30 15:03:32.517,16563,16564,16563,1,-1
2022-05-30 15:03:36.708,16562,16564,16562,1,-1
2022-05-30 15:03:37.136,16562,16564,16562,10,-10
2022-05-30 15:03:40.992,16562,16563,16562,2,-2
2022-05-30 15:03:40.995,16562,16563,16563,1,1
2022-05-30 15:03:49.856,16561,16562,16562,1,1
2022-05-30 15:03:51.240,16562,16563,16563,1,1
2022-05-30 15:03:51.240,16562,16563,16563,1,1
2022-05-30 15:03:51.240,16562,16563,16563,1,1
2022-05-30 15:03:51.240,16562,16563,16563,3,3
2022-05-30 15:03:52.251,16563,16564,16564,1,1
2022-05-30 15:03:52.605,16563,16564,16563,3,-3
2022-05-30 15:03:54.155,16563,16564,16563,1,-1
2022-05-30 15:03:57.973,16563,16564,16564,2,2
2022-05-30 15:03:59.270,16563,16564,16563,1,-1
2022-05-30 15:03:59.707,16563,16564,16564,1,1
2022-05-30 15:04:00.305,16563,16564,16564,1,1
2022-05-30 15:04:02.892,16563,16564,16563,3,-3
2022-05-30 15:04:03.435,16563,16564,16564,1,1
2022-05-30 15:04:05.019,16563,16564,16564,2,2
2022-05-30 15:04:07.218,16563,16564,16564,1,1
2022-05-30 15:04:07.899,16563,16564,16563,3,-3
2022-05-30 15:04:08.645,16562,16564,16562,7,-7
2022-05-30 15:04:08.763,16561,16562,16561,1,-1
2022-05-30 15:04:08.794,16560,16562,16562,1,1
2022-05-30 15:04:08.797,16560,16562,16562,1,1
2022-05-30 15:04:08.799,16560,16562,16562,1,1
2022-05-30 15:04:09.794,16560,16562,16560,1,-1
2022-05-30 15:04:10.261,16560,16562,16562,1,1
2022-05-30 15:04:11.683,16560,16561,16560,1,-1
2022-05-30 15:04:11.683,16560,16561,16560,1,-1
2022-05-30 15:04:11.683,16560,16561,16560,1,-1
2022-05-30 15:04:11.683,16560,16561,16560,2,-2
2022-05-30 15:04:17.666,16559,16560,16560,1,1
2022-05-30 15:04:19.331,16560,16561,16560,1,-1
2022-05-30 15:04:22.850,16560,16561,16561,1,1
2022-05-30 15:04:24.676,16560,16561,16560,1,-1
2022-05-30 15:04:24.676,16560,16561,16559,2,-2
2022-05-30 15:04:28.948,16560,16561,16560,2,-2
2022-05-30 15:04:29.058,16559,16560,16559,6,-6
2022-05-30 15:04:34.141,16556,16557,16557,1,1
2022-05-30 15:04:35.285,16557,16558,16557,1,-1
2022-05-30 15:04:35.492,16557,16558,16557,1,-1
2022-05-30 15:04:40.346,16557,16558,16557,1,-1
2022-05-30 15:04:41.690,16557,16558,16557,2,-2
2022-05-30 15:04:42.954,16556,16558,16558,1,1
2022-05-30 15:04:44.912,16557,16558,16557,1,-1
2022-05-30 15:04:48.719,16556,16557,16556,1,-1
2022-05-30 15:04:48.719,16556,16557,16556,1,-1
2022-05-30 15:04:48.723,16556,16557,16555,3,-3
2022-05-30 15:04:49.289,16554,16555,16554,1,-1
2022-05-30 15:04:49.289,16554,16555,16554,1,-1
2022-05-30 15:04:49.789,16553,16555,16555,1,1
2022-05-30 15:04:50.363,16553,16555,16553,1,-1
2022-05-30 15:04:50.657,16553,16555,16553,5,-5
2022-05-30 15:04:54.247,16553,16555,16555,4,4
2022-05-30 15:04:59.197,16554,16555,16554,1,-1
2022-05-30 15:05:00.113,16553,16555,16553,1,-1
2022-05-30 15:05:00.655,16553,16554,16554,1,1
2022-05-30 15:05:02.409,16553,16554,16554,1,1
2022-05-30 15:05:03.536,16553,16555,16553,2,-2
2022-05-30 15:05:07.082,16553,16554,16554,1,1
2022-05-30 15:05:07.082,16553,16554,16554,2,2
2022-05-30 15:05:10.359,16553,16554,16554,1,1
2022-05-30 15:05:10.359,16553,16554,16554,2,2
2022-05-30 15:05:11.112,16553,16554,16553,12,-12
2022-05-30 15:05:11.113,16553,16554,16553,1,-1
2022-05-30 15:05:11.811,16553,16554,16554,1,1
2022-05-30 15:05:12.463,16553,16554,16553,1,-1
2022-05-30 15:05:12.886,16553,16554,16553,1,-1
2022-05-30 15:05:16.263,16553,16555,16555,1,1
2022-05-30 15:05:16.550,16553,16555,16553,5,-5
2022-05-30 15:05:18.064,16553,16555,16553,1,-1
2022-05-30 15:05:20.941,16553,16554,16553,1,-1
2022-05-30 15:05:20.942,16553,16554,16553,2,-2
2022-05-30 15:05:21.999,16552,16554,16553,1,-1
2022-05-30 15:05:22.237,16552,16553,16552,11,-11
2022-05-30 15:05:22.238,16552,16553,16552,1,-1
2022-05-30 15:05:22.238,16552,16553,16552,1,-1
2022-05-30 15:05:22.238,16552,16553,16552,2,-2
2022-05-30 15:05:22.238,16552,16553,16552,1,-1
2022-05-30 15:05:22.239,16552,16553,16552,2,-2
2022-05-30 15:05:22.239,16552,16553,16552,1,-1
2022-05-30 15:05:22.240,16552,16553,16552,2,-2
2022-05-30 15:05:22.240,16552,16553,16552,1,-1
2022-05-30 15:05:22.394,16551,16553,16552,1,-1
2022-05-30 15:05:23.911,16551,16553,16551,1,-1
2022-05-30 15:05:24.560,16551,16553,16551,9,-9
2022-05-30 15:05:25.980,16550,16551,16550,25,-25
2022-05-30 15:05:25.981,16550,16551,16549,1,-1
2022-05-30 15:05:25.981,16550,16551,16549,5,-5
2022-05-30 15:05:26.052,16548,16549,16548,1,-1
2022-05-30 15:05:26.108,16548,16549,16548,2,-2
2022-05-30 15:05:26.140,16548,16549,16548,1,-1
2022-05-30 15:05:26.180,16548,16549,16548,5,-5
2022-05-30 15:05:26.236,16548,16549,16548,3,-3
2022-05-30 15:05:26.247,16548,16549,16548,1,-1
2022-05-30 15:05:26.339,16548,16549,16548,1,-1
2022-05-30 15:05:26.362,16548,16549,16548,1,-1
2022-05-30 15:05:26.422,16548,16549,16548,1,-1
2022-05-30 15:05:27.262,16548,16549,16548,1,-1
2022-05-30 15:05:27.421,16548,16549,16548,1,-1
2022-05-30 15:05:27.549,16548,16549,16548,1,-1
2022-05-30 15:05:28.556,16548,16549,16548,1,-1
2022-05-30 15:05:28.921,16549,16550,16549,1,-1
2022-05-30 15:05:31.125,16549,16550,16550,1,1
2022-05-30 15:05:31.952,16549,16550,16549,2,-2
2022-05-30 15:05:32.002,16549,16550,16549,1,-1
2022-05-30 15:05:32.318,16548,16549,16549,1,1
2022-05-30 15:05:32.667,16548,16550,16550,1,1
2022-05-30 15:05:34.721,16548,16550,16550,1,1
2022-05-30 15:05:35.336,16548,16550,16550,1,1
2022-05-30 15:05:37.817,16548,16549,16548,2,-2
2022-05-30 15:05:39.341,16548,16549,16549,1,1
2022-05-30 15:05:39.833,16548,16549,16548,6,-6
2022-05-30 15:05:40.193,16547,16548,16547,3,-3
2022-05-30 15:05:40.194,16547,16548,16547,1,-1
2022-05-30 15:05:40.304,16546,16547,16546,2,-2
2022-05-30 15:05:40.304,16546,16547,16545,1,-1
2022-05-30 15:05:40.306,16546,16547,16545,5,-5
2022-05-30 15:05:40.393,16546,16547,16545,1,-1
2022-05-30 15:05:40.426,16545,16547,16545,2,-2
2022-05-30 15:05:40.426,16545,16547,16544,2,-2
2022-05-30 15:05:40.456,16545,16547,16545,1,-1
2022-05-30 15:05:40.456,16545,16547,16544,1,-1
2022-05-30 15:05:40.560,16544,16546,16544,1,-1
2022-05-30 15:05:40.561,16544,16546,16544,1,-1
2022-05-30 15:05:40.600,16544,16546,16543,3,-3
2022-05-30 15:05:40.646,16544,16546,16543,1,-1
2022-05-30 15:05:40.716,16543,16545,16543,1,-1
2022-05-30 15:05:40.762,16543,16545,16543,1,-1
2022-05-30 15:05:40.769,16543,16545,16543,1,-1
2022-05-30 15:05:40.816,16543,16545,16543,1,-1
2022-05-30 15:05:40.835,16543,16545,16543,1,-1
2022-05-30 15:05:40.862,16543,16545,16542,1,-1
2022-05-30 15:05:40.910,16542,16545,16542,1,-1
2022-05-30 15:05:40.910,16542,16545,16542,1,-1
2022-05-30 15:05:40.988,16542,16545,16542,1,-1
2022-05-30 15:05:40.990,16542,16545,16542,1,-1
2022-05-30 15:05:41.004,16542,16545,16542,1,-1
2022-05-30 15:05:41.138,16542,16545,16542,1,-1
2022-05-30 15:05:41.176,16542,16545,16542,1,-1
2022-05-30 15:05:41.213,16542,16545,16542,1,-1
2022-05-30 15:05:41.214,16542,16545,16545,1,1
2022-05-30 15:05:41.237,16542,16545,16543,2,-2
2022-05-30 15:05:41.285,16543,16545,16543,2,-2
2022-05-30 15:05:41.293,16543,16545,16542,1,-1
2022-05-30 15:05:41.717,16543,16545,16543,1,-1
2022-05-30 15:05:41.817,16543,16545,16543,2,-2
2022-05-30 15:05:41.968,16542,16545,16542,1,-1
2022-05-30 15:05:41.999,16542,16545,16542,1,-1
2022-05-30 15:05:42.610,16542,16544,16542,1,-1
2022-05-30 15:05:42.658,16542,16544,16544,1,1
2022-05-30 15:05:42.754,16542,16544,16542,1,-1
2022-05-30 15:05:42.926,16542,16545,16542,1,-1
2022-05-30 15:05:45.179,16542,16544,16544,1,1
2022-05-30 15:05:45.181,16542,16544,16544,1,1
2022-05-30 15:05:46.046,16542,16543,16542,3,-3
2022-05-30 15:05:46.205,16541,16543,16542,1,-1
2022-05-30 15:05:46.365,16541,16543,16542,1,-1
2022-05-30 15:05:46.841,16541,16543,16542,1,-1
2022-05-30 15:05:46.981,16542,16543,16542,4,-4
2022-05-30 15:05:48.506,16541,16543,16542,1,-1
2022-05-30 15:05:50.272,16541,16543,16542,1,-1
2022-05-30 15:05:50.316,16541,16543,16541,3,-3
2022-05-30 15:05:50.647,16541,16542,16541,5,-5
2022-05-30 15:05:50.647,16541,16542,16541,2,-2
2022-05-30 15:05:51.395,16540,16541,16541,1,1
2022-05-30 15:05:51.647,16540,16541,16541,1,1
2022-05-30 15:05:51.868,16541,16542,16542,2,2
2022-05-30 15:05:51.967,16542,16544,16544,1,1
2022-05-30 15:05:52.249,16542,16544,16544,1,1
2022-05-30 15:05:52.763,16542,16544,16542,2,-2
2022-05-30 15:05:52.951,16542,16544,16542,2,-2
2022-05-30 15:05:54.027,16542,16544,16542,1,-1
2022-05-30 15:05:54.140,16542,16544,16544,1,1
2022-05-30 15:05:54.165,16542,16544,16544,1,1
2022-05-30 15:05:55.748,16544,16545,16544,1,-1
2022-05-30 15:05:55.748,16544,16545,16543,3,-3
2022-05-30 15:05:56.672,16543,16545,16543,1,-1
2022-05-30 15:05:57.208,16543,16545,16545,3,3
2022-05-30 15:05:57.385,16544,16546,16546,3,3
2022-05-30 15:05:57.450,16545,16546,16546,1,1
2022-05-30 15:05:57.805,16545,16546,16546,2,2
2022-05-30 15:06:00.419,16544,16547,16544,2,-2
2022-05-30 15:06:01.729,16544,16545,16545,5,5
2022-05-30 15:06:02.308,16544,16546,16544,1,-1
2022-05-30 15:06:04.053,16544,16545,16545,5,5
2022-05-30 15:06:06.229,16545,16546,16546,2,2
2022-05-30 15:06:06.229,16545,16546,16547,6,6
2022-05-30 15:06:06.229,16545,16546,16548,2,2
2022-05-30 15:06:06.325,16546,16548,16546,1,-1
2022-05-30 15:06:07.039,16545,16547,16545,1,-1
2022-05-30 15:06:08.678,16545,16546,16546,1,1
2022-05-30 15:06:09.701,16546,16548,16546,1,-1
2022-05-30 15:06:10.256,16546,16548,16546,3,-3
2022-05-30 15:06:10.587,16546,16548,16546,5,-5
2022-05-30 15:06:10.635,16546,16548,16545,2,-2
2022-05-30 15:06:12.425,16543,16545,16545,1,1
2022-05-30 15:06:14.258,16544,16545,16544,1,-1
2022-05-30 15:06:14.274,16544,16545,16544,1,-1
2022-05-30 15:06:14.517,16543,16544,16544,1,1
2022-05-30 15:06:14.518,16543,16544,16544,1,1
2022-05-30 15:06:15.039,16543,16544,16544,1,1
2022-05-30 15:06:15.886,16543,16544,16543,5,-5
2022-05-30 15:06:16.018,16542,16543,16542,6,-6
2022-05-30 15:06:16.018,16542,16543,16541,10,-10
2022-05-30 15:06:16.524,16540,16541,16541,1,1
2022-05-30 15:06:16.526,16540,16541,16541,34,34
2022-05-30 15:06:16.622,16541,16543,16543,2,2
2022-05-30 15:06:16.637,16541,16543,16543,1,1
2022-05-30 15:06:16.876,16541,16543,16543,4,4
2022-05-30 15:06:20.736,16541,16542,16541,2,-2
2022-05-30 15:06:20.736,16541,16542,16540,1,-1
2022-05-30 15:06:20.829,16540,16542,16540,1,-1
2022-05-30 15:06:20.863,16540,16542,16540,1,-1
2022-05-30 15:06:21.119,16540,16542,16540,1,-1
2022-05-30 15:06:21.136,16540,16542,16540,1,-1
2022-05-30 15:06:21.159,16540,16542,16540,1,-1
2022-05-30 15:06:22.770,16540,16541,16541,1,1
2022-05-30 15:06:23.167,16540,16541,16541,3,3
2022-05-30 15:06:23.567,16541,16542,16541,1,-1
2022-05-30 15:06:23.744,16541,16542,16541,1,-1
2022-05-30 15:06:24.868,16541,16542,16541,1,-1
2022-05-30 15:06:24.868,16541,16542,16540,1,-1
2022-05-30 15:06:25.153,16540,16542,16542,1,1
2022-05-30 15:06:25.205,16540,16542,16540,1,-1
2022-05-30 15:06:25.819,16540,16542,16540,1,-1
2022-05-30 15:06:27.787,16540,16542,16540,1,-1
2022-05-30 15:06:28.139,16540,16541,16540,1,-1
2022-05-30 15:06:32.731,16540,16541,16541,1,1
2022-05-30 15:06:33.619,16540,16541,16540,2,-2
2022-05-30 15:06:33.838,16540,16541,16540,1,-1
2022-05-30 15:06:34.231,16540,16541,16540,1,-1
2022-05-30 15:06:34.857,16540,16541,16540,2,-2
2022-05-30 15:06:34.857,16540,16541,16540,1,-1
2022-05-30 15:06:36.191,16539,16540,16540,1,1
2022-05-30 15:06:37.228,16539,16540,16539,2,-2
2022-05-30 15:06:37.988,16539,16540,16539,1,-1
2022-05-30 15:06:39.733,16539,16540,16539,3,-3
2022-05-30 15:06:39.929,16538,16540,16538,2,-2
2022-05-30 15:06:41.510,16538,16539,16539,1,1
2022-05-30 15:06:41.757,16539,16540,16540,1,1
2022-05-30 15:06:41.846,16539,16540,16540,1,1
2022-05-30 15:06:42.371,16539,16540,16539,1,-1
2022-05-30 15:06:43.018,16539,16540,16540,4,4
2022-05-30 15:06:43.018,16539,16540,16540,3,3
2022-05-30 15:06:43.101,16539,16541,16539,5,-5
2022-05-30 15:06:43.869,16538,16540,16540,1,1
2022-05-30 15:06:46.150,16539,16540,16540,1,1
2022-05-30 15:06:46.604,16540,16541,16541,1,1
2022-05-30 15:06:48.656,16540,16541,16540,1,-1
2022-05-30 15:06:48.805,16540,16541,16540,1,-1
2022-05-30 15:06:49.016,16540,16541,16540,1,-1
2022-05-30 15:06:49.211,16540,16541,16540,1,-1
2022-05-30 15:06:49.597,16540,16541,16540,1,-1
2022-05-30 15:06:50.021,16540,16541,16540,1,-1
2022-05-30 15:06:52.471,16539,16540,16539,1,-1
2022-05-30 15:06:55.646,16539,16540,16540,2,2
2022-05-30 15:06:57.508,16539,16540,16539,2,-2
2022-05-30 15:06:57.713,16539,16540,16540,1,1
2022-05-30 15:06:58.667,16539,16540,16539,5,-5
2022-05-30 15:06:59.554,16539,16540,16539,1,-1
2022-05-30 15:06:59.771,16539,16540,16539,1,-1
2022-05-30 15:07:00.186,16539,16540,16539,2,-2
2022-05-30 15:07:00.492,16538,16540,16538,1,-1
2022-05-30 15:07:00.495,16538,16540,16538,1,-1
2022-05-30 15:07:00.511,16538,16540,16538,1,-1
2022-05-30 15:07:00.524,16538,16540,16538,1,-1
2022-05-30 15:07:00.544,16538,16540,16538,1,-1
2022-05-30 15:07:00.570,16538,16540,16538,1,-1
2022-05-30 15:07:00.897,16538,16540,16538,1,-1
2022-05-30 15:07:01.251,16538,16540,16538,1,-1
2022-05-30 15:07:01.514,16538,16539,16539,1,1
2022-05-30 15:07:02.592,16538,16540,16539,2,2
2022-05-30 15:07:03.556,16538,16540,16538,1,-1
2022-05-30 15:07:03.882,16538,16540,16539,1,-1
2022-05-30 15:07:04.146,16538,16540,16538,1,-1
2022-05-30 15:07:04.627,16538,16539,16539,2,2
2022-05-30 15:07:07.028,16538,16540,16540,1,1
2022-05-30 15:07:07.455,16539,16540,16539,2,-2
2022-05-30 15:07:07.616,16539,16540,16539,1,-1
2022-05-30 15:07:10.175,16539,16540,16539,1,-1
2022-05-30 15:07:10.873,16539,16540,16540,1,1
2022-05-30 15:07:11.932,16539,16540,16540,12,12
2022-05-30 15:07:11.945,16539,16540,16540,3,3
2022-05-30 15:07:12.175,16540,16541,16540,1,-1
2022-05-30 15:07:12.208,16540,16541,16539,1,-1
2022-05-30 15:07:12.462,16539,16541,16539,2,-2
2022-05-30 15:07:12.758,16538,16539,16539,1,1
2022-05-30 15:07:12.769,16538,16539,16539,1,1
2022-05-30 15:07:12.774,16538,16539,16539,1,1
2022-05-30 15:07:12.778,16538,16539,16539,1,1
2022-05-30 15:07:14.005,16538,16539,16538,1,-1
2022-05-30 15:07:14.005,16538,16539,16538,1,-1
2022-05-30 15:07:14.043,16537,16538,16537,1,-1
2022-05-30 15:07:14.261,16537,16538,16537,1,-1
2022-05-30 15:07:14.328,16537,16538,16537,1,-1
2022-05-30 15:07:14.387,16537,16538,16537,1,-1
2022-05-30 15:07:14.390,16537,16538,16537,12,-12
2022-05-30 15:07:14.476,16536,16537,16536,24,-24
2022-05-30 15:07:14.596,16535,16536,16535,4,-4
2022-05-30 15:07:14.605,16535,16536,16535,2,-2
2022-05-30 15:07:14.605,16535,16536,16535,5,-5
2022-05-30 15:07:14.606,16535,16536,16535,3,-3
2022-05-30 15:07:14.635,16535,16536,16535,1,-1
2022-05-30 15:07:14.635,16535,16536,16534,5,-5
2022-05-30 15:07:14.787,16533,16535,16533,1,-1
2022-05-30 15:07:14.798,16533,16535,16533,2,-2
2022-05-30 15:07:14.798,16533,16535,16533,1,-1
2022-05-30 15:07:14.984,16533,16535,16533,1,-1
2022-05-30 15:07:15.048,16534,16536,16534,1,-1
2022-05-30 15:07:15.098,16534,16536,16534,8,-8
2022-05-30 15:07:15.098,16534,16536,16533,4,-4
2022-05-30 15:07:15.108,16534,16536,16533,4,-4
2022-05-30 15:07:15.123,16534,16536,16533,2,-2
2022-05-30 15:07:15.123,16534,16536,16532,2,-2
2022-05-30 15:07:15.182,16532,16534,16532,2,-2
2022-05-30 15:07:15.238,16532,16534,16532,1,-1
2022-05-30 15:07:15.270,16532,16534,16532,1,-1
2022-05-30 15:07:15.271,16532,16534,16532,1,-1
2022-05-30 15:07:15.329,16532,16534,16532,1,-1
2022-05-30 15:07:15.331,16532,16534,16531,4,-4
2022-05-30 15:07:15.461,16531,16533,16531,1,-1
2022-05-30 15:07:15.512,16531,16533,16533,1,1
2022-05-30 15:07:15.608,16531,16533,16533,1,1
2022-05-30 15:07:15.612,16531,16533,16533,1,1
2022-05-30 15:07:15.648,16531,16533,16531,6,-6
2022-05-30 15:07:15.675,16531,16533,16533,1,1
2022-05-30 15:07:15.749,16531,16533,16532,1,1
2022-05-30 15:07:15.759,16531,16533,16531,1,-1
2022-05-30 15:07:16.013,16531,16533,16533,1,1
2022-05-30 15:07:16.172,16533,16535,16533,2,-2
2022-05-30 15:07:16.172,16533,16535,16532,2,-2
2022-05-30 15:07:16.248,16533,16535,16534,1,-1
2022-05-30 15:07:16.485,16533,16535,16535,1,1
2022-05-30 15:07:16.887,16533,16535,16534,1,1
2022-05-30 15:07:18.386,16534,16535,16534,1,-1
2022-05-30 15:07:18.456,16534,16535,16534,1,-1
2022-05-30 15:07:19.708,16533,16535,16535,1,1
2022-05-30 15:07:19.825,16533,16535,16535,2,2
2022-05-30 15:07:19.830,16533,16535,16536,1,1
2022-05-30 15:07:20.179,16534,16536,16536,1,1
2022-05-30 15:07:20.255,16534,16536,16534,1,-1
2022-05-30 15:07:20.889,16534,16537,16534,1,-1
2022-05-30 15:07:21.174,16534,16536,16534,2,-2
2022-05-30 15:07:22.325,16534,16536,16534,1,-1
2022-05-30 15:07:23.313,16534,16536,16536,1,1
2022-05-30 15:07:23.475,16535,16537,16536,1,1
2022-05-30 15:07:23.863,16536,16538,16536,4,-4
2022-05-30 15:07:23.863,16536,16538,16535,2,-2
2022-05-30 15:07:24.413,16535,16537,16535,1,-1
2022-05-30 15:07:25.074,16535,16537,16535,2,-2
2022-05-30 15:07:25.482,16535,16537,16537,1,1
2022-05-30 15:07:27.656,16536,16538,16538,1,1
2022-05-30 15:07:27.914,16536,16538,16538,3,3
2022-05-30 15:07:27.915,16536,16538,16539,7,7
2022-05-30 15:07:28.249,16538,16540,16540,1,1
2022-05-30 15:07:28.410,16538,16540,16538,1,-1
2022-05-30 15:07:32.612,16537,16539,16537,1,-1
2022-05-30 15:07:33.579,16537,16539,16537,1,-1
2022-05-30 15:07:34.077,16537,16538,16538,2,2
2022-05-30 15:07:34.608,16537,16538,16537,1,-1
2022-05-30 15:07:35.960,16537,16539,16538,1,-1
2022-05-30 15:07:36.770,16538,16539,16538,1,-1
2022-05-30 15:07:37.369,16537,16539,16539,2,2
2022-05-30 15:07:37.369,16537,16539,16540,2,2
2022-05-30 15:07:37.687,16538,16540,16538,1,-1
2022-05-30 15:07:37.708,16538,16540,16538,1,-1
2022-05-30 15:07:42.211,16538,16540,16540,6,6
2022-05-30 15:07:42.935,16540,16541,16541,2,2
2022-05-30 15:07:44.377,16539,16541,16541,1,1
2022-05-30 15:07:50.989,16538,16539,16539,1,1
2022-05-30 15:07:51.036,16539,16541,16539,1,-1
2022-05-30 15:07:53.143,16539,16540,16539,1,-1
2022-05-30 15:07:54.932,16538,16539,16539,1,1
2022-05-30 15:07:55.268,16539,16540,16540,1,1
2022-05-30 15:07:57.193,16539,16541,16541,3,3
2022-05-30 15:07:57.193,16539,16541,16541,2,2
2022-05-30 15:07:57.193,16539,16541,16541,15,15
2022-05-30 15:07:57.355,16541,16542,16541,2,-2
2022-05-30 15:07:58.884,16541,16542,16541,1,-1
2022-05-30 15:07:59.711,16541,16542,16541,1,-1
2022-05-30 15:08:00.188,16541,16542,16541,2,-2
2022-05-30 15:08:01.593,16541,16542,16542,1,1
2022-05-30 15:08:01.755,16541,16542,16542,2,2
2022-05-30 15:08:01.755,16541,16542,16542,1,1
2022-05-30 15:08:01.875,16542,16543,16543,2,2
2022-05-30 15:08:01.875,16542,16543,16543,2,2
2022-05-30 15:08:02.092,16543,16544,16544,1,1
2022-05-30 15:08:02.159,16542,16544,16544,1,1
2022-05-30 15:08:02.617,16542,16544,16544,1,1
2022-05-30 15:08:04.972,16540,16542,16542,1,1
2022-05-30 15:08:07.689,16541,16543,16541,1,-1
2022-05-30 15:08:08.902,16541,16543,16542,1,-1
2022-05-30 15:08:09.713,16542,16544,16542,1,-1
2022-05-30 15:08:12.505,16542,16543,16542,1,-1
2022-05-30 15:08:13.619,16541,16543,16543,1,1
2022-05-30 15:08:16.101,16541,16542,16542,2,2
2022-05-30 15:08:16.700,16541,16543,16541,1,-1
2022-05-30 15:08:19.297,16541,16542,16541,1,-1
2022-05-30 15:08:20.014,16541,16542,16541,1,-1
2022-05-30 15:08:20.424,16540,16541,16541,1,1
2022-05-30 15:08:20.438,16540,16541,16542,1,1
2022-05-30 15:08:23.460,16541,16542,16542,1,1
2022-05-30 15:08:23.469,16541,16542,16543,1,1
2022-05-30 15:08:23.493,16541,16542,16542,3,3
2022-05-30 15:08:23.493,16541,16542,16541,1,-1
2022-05-30 15:08:23.552,16542,16544,16544,1,1
2022-05-30 15:08:23.560,16542,16544,16544,1,1
2022-05-30 15:08:24.453,16542,16544,16544,2,2
2022-05-30 15:08:24.636,16543,16545,16545,1,1
2022-05-30 15:08:24.641,16543,16545,16545,1,1
2022-05-30 15:08:24.642,16543,16545,16545,1,1
2022-05-30 15:08:25.003,16543,16545,16543,1,-1
2022-05-30 15:08:26.367,16543,16545,16543,1,-1
2022-05-30 15:08:29.244,16543,16545,16543,1,-1
2022-05-30 15:08:29.244,16543,16545,16542,2,-2
2022-05-30 15:08:29.420,16542,16544,16544,2,2
2022-05-30 15:08:30.149,16543,16544,16544,2,2
2022-05-30 15:08:30.339,16543,16545,16545,1,1
2022-05-30 15:08:31.623,16543,16545,16545,1,1
2022-05-30 15:08:31.638,16543,16545,16543,5,-5
2022-05-30 15:08:31.639,16543,16545,16543,6,-6
2022-05-30 15:08:32.468,16542,16544,16542,1,-1
2022-05-30 15:08:35.184,16543,16544,16544,1,1
2022-05-30 15:08:35.381,16544,16545,16545,5,5
2022-05-30 15:08:35.627,16544,16547,16547,5,5
2022-05-30 15:08:36.704,16545,16547,16545,1,-1
2022-05-30 15:08:38.679,16546,16548,16548,1,1
2022-05-30 15:08:39.448,16547,16548,16548,5,5
2022-05-30 15:08:39.449,16547,16548,16549,3,3
2022-05-30 15:08:40.210,16548,16550,16550,1,1
2022-05-30 15:08:40.945,16549,16550,16549,1,-1
2022-05-30 15:08:41.341,16548,16549,16549,3,3
2022-05-30 15:08:41.341,16548,16549,16550,2,2
2022-05-30 15:08:42.086,16548,16550,16549,1,1
2022-05-30 15:08:42.603,16548,16549,16549,1,1
2022-05-30 15:08:43.518,16548,16549,16549,1,1
2022-05-30 15:08:44.748,16548,16549,16548,1,-1
2022-05-30 15:08:45.075,16548,16549,16549,1,1
2022-05-30 15:08:45.915,16548,16549,16548,1,-1
2022-05-30 15:08:48.763,16548,16549,16549,2,2
2022-05-30 15:08:49.283,16548,16550,16548,1,-1
2022-05-30 15:08:49.844,16547,16548,16547,1,-1
2022-05-30 15:08:49.928,16545,16547,16547,2,2
2022-05-30 15:08:50.404,16546,16548,16548,1,1
2022-05-30 15:08:56.299,16545,16546,16545,1,-1
2022-05-30 15:08:58.263,16544,16545,16545,1,1
2022-05-30 15:08:59.417,16544,16546,16544,1,-1
2022-05-30 15:09:00.983,16545,16546,16545,1,-1
2022-05-30 15:09:03.023,16544,16546,16546,1,1
2022-05-30 15:09:03.037,16544,16546,16546,1,1
2022-05-30 15:09:21.005,16545,16546,16545,2,-2
2022-05-30 15:09:22.154,16544,16546,16546,4,4
2022-05-30 15:09:24.003,16544,16545,16545,1,1
2022-05-30 15:09:25.204,16544,16545,16544,1,-1
2022-05-30 15:09:26.591,16544,16546,16546,1,1
2022-05-30 15:09:33.584,16544,16545,16545,1,1
2022-05-30 15:09:37.761,16544,16545,16545,2,2
2022-05-30 15:09:38.634,16545,16546,16546,1,1
2022-05-30 15:09:44.463,16545,16546,16545,1,-1
2022-05-30 15:09:45.628,16545,16546,16545,1,-1
2022-05-30 15:09:45.704,16544,16546,16546,1,1
2022-05-30 15:09:46.969,16545,16546,16546,1,1
2022-05-30 15:09:47.685,16545,16546,16546,2,2
2022-05-30 15:09:47.685,16545,16546,16546,8,8
2022-05-30 15:09:47.685,16545,16546,16546,1,1
2022-05-30 15:09:47.686,16545,16546,16546,10,10
2022-05-30 15:09:47.686,16545,16546,16546,1,1
2022-05-30 15:09:47.686,16545,16546,16546,2,2
2022-05-30 15:09:47.686,16545,16546,16546,1,1
2022-05-30 15:09:47.686,16545,16546,16546,1,1
2022-05-30 15:09:47.686,16545,16546,16546,1,1
2022-05-30 15:09:50.103,16546,16547,16546,1,-1
2022-05-30 15:09:51.310,16546,16547,16546,2,-2
2022-05-30 15:09:51.622,16545,16546,16546,1,1
2022-05-30 15:09:54.056,16545,16546,16545,1,-1
2022-05-30 15:09:54.057,16545,16546,16545,1,-1
2022-05-30 15:09:54.057,16545,16546,16545,1,-1
2022-05-30 15:09:54.057,16545,16546,16545,2,-2
2022-05-30 15:09:54.371,16544,16545,16545,2,2
2022-05-30 15:09:54.470,16544,16545,16544,4,-4
2022-05-30 15:09:58.819,16543,16544,16544,2,2
2022-05-30 15:10:01.500,16544,16545,16545,1,1
2022-05-30 15:10:01.764,16545,16546,16545,1,-1
2022-05-30 15:10:01.764,16545,16546,16544,1,-1
2022-05-30 15:10:01.802,16545,16546,16545,1,-1
2022-05-30 15:10:07.490,16543,16545,16545,2,2
2022-05-30 15:10:07.492,16543,16545,16545,3,3
2022-05-30 15:10:11.867,16543,16544,16543,2,-2
2022-05-30 15:10:11.867,16543,16544,16543,2,-2
2022-05-30 15:10:14.477,16542,16543,16543,1,1
2022-05-30 15:10:14.656,16542,16543,16542,2,-2
2022-05-30 15:10:14.769,16541,16543,16541,1,-1
2022-05-30 15:10:18.527,16541,16542,16541,2,-2
2022-05-30 15:10:18.593,16541,16542,16542,2,2
2022-05-30 15:10:22.674,16541,16542,16542,1,1
2022-05-30 15:10:29.732,16542,16543,16542,1,-1
2022-05-30 15:10:33.478,16542,16543,16543,2,2
2022-05-30 15:10:33.656,16543,16544,16544,1,1
2022-05-30 15:10:33.661,16542,16544,16544,1,1
2022-05-30 15:10:35.045,16543,16544,16544,2,2
2022-05-30 15:10:35.046,16543,16544,16544,2,2
2022-05-30 15:10:37.937,16545,16547,16547,1,1
2022-05-30 15:10:37.940,16545,16547,16547,1,1
2022-05-30 15:10:41.472,16544,16546,16545,1,1
2022-05-30 15:10:41.900,16543,16545,16545,1,1
2022-05-30 15:10:44.062,16543,16544,16543,1,-1
2022-05-30 15:10:44.147,16543,16544,16543,1,-1
2022-05-30 15:11:01.455,16543,16544,16544,1,1
2022-05-30 15:11:01.455,16543,16544,16544,1,1
2022-05-30 15:11:01.995,16543,16545,16545,1,1
2022-05-30 15:11:08.042,16543,16544,16543,1,-1
2022-05-30 15:11:13.357,16542,16543,16542,2,-2
2022-05-30 15:11:14.238,16541,16543,16541,1,-1
2022-05-30 15:11:16.253,16541,16542,16541,1,-1
2022-05-30 15:11:16.253,16541,16542,16541,1,-1
2022-05-30 15:11:16.253,16541,16542,16541,3,-3
2022-05-30 15:11:18.404,16540,16541,16541,1,1
2022-05-30 15:11:19.411,16540,16541,16540,17,-17
2022-05-30 15:11:19.779,16538,16540,16538,1,-1
2022-05-30 15:11:24.098,16538,16539,16538,1,-1
2022-05-30 15:11:26.273,16539,16541,16539,1,-1
2022-05-30 15:11:26.708,16539,16541,16539,1,-1
2022-05-30 15:11:30.866,16539,16540,16540,1,1
2022-05-30 15:11:31.301,16540,16541,16541,1,1
2022-05-30 15:11:31.664,16540,16542,16540,3,-3
2022-05-30 15:11:32.754,16541,16543,16541,1,-1
2022-05-30 15:11:35.822,16541,16543,16541,1,-1
2022-05-30 15:11:37.770,16541,16542,16541,1,-1
2022-05-30 15:11:40.924,16540,16541,16540,2,-2
2022-05-30 15:11:41.565,16540,16541,16541,3,3
2022-05-30 15:11:42.979,16540,16541,16540,2,-2
2022-05-30 15:11:44.183,16539,16540,16540,2,2
2022-05-30 15:11:44.183,16539,16540,16540,1,1
2022-05-30 15:11:44.814,16540,16541,16540,1,-1
2022-05-30 15:11:50.860,16540,16541,16540,2,-2
2022-05-30 15:11:51.088,16540,16541,16540,2,-2
2022-05-30 15:11:51.184,16540,16541,16540,1,-1
2022-05-30 15:11:51.185,16540,16541,16540,1,-1
2022-05-30 15:11:53.070,16539,16540,16540,1,1
2022-05-30 15:11:53.876,16540,16541,16540,1,-1
2022-05-30 15:11:54.838,16540,16541,16541,5,5
2022-05-30 15:11:54.839,16540,16541,16541,1,1
2022-05-30 15:11:56.516,16541,16542,16542,1,1
2022-05-30 15:12:01.903,16541,16542,16542,3,3
2022-05-30 15:12:02.699,16542,16544,16544,2,2
2022-05-30 15:12:02.782,16542,16544,16544,2,2
2022-05-30 15:12:02.813,16542,16544,16544,2,2
2022-05-30 15:12:02.858,16542,16544,16544,2,2
2022-05-30 15:12:02.992,16543,16545,16545,1,1
2022-05-30 15:12:04.852,16543,16544,16543,4,-4
2022-05-30 15:12:04.852,16543,16544,16542,2,-2
2022-05-30 15:12:05.405,16543,16544,16543,2,-2
2022-05-30 15:12:07.271,16543,16544,16544,1,1
2022-05-30 15:12:07.271,16543,16544,16544,1,1
2022-05-30 15:12:07.271,16543,16544,16544,2,2
2022-05-30 15:12:08.163,16545,16546,16546,2,2
2022-05-30 15:12:08.196,16545,16546,16545,1,-1
2022-05-30 15:12:08.477,16545,16547,16547,3,3
2022-05-30 15:12:08.760,16545,16547,16545,2,-2
2022-05-30 15:12:09.778,16545,16547,16546,1,-1
2022-05-30 15:12:14.796,16544,16547,16544,2,-2
2022-05-30 15:12:15.209,16544,16546,16544,3,-3
2022-05-30 15:12:16.063,16544,16546,16545,1,-1
2022-05-30 15:12:17.115,16545,16546,16546,1,1
2022-05-30 15:12:20.558,16544,16546,16545,2,2
2022-05-30 15:12:22.543,16543,16545,16543,1,-1
2022-05-30 15:12:27.431,16542,16544,16542,1,-1
2022-05-30 15:12:28.307,16541,16543,16541,1,-1
2022-05-30 15:12:28.308,16541,16543,16541,1,-1
2022-05-30 15:12:28.308,16541,16543,16541,2,-2
2022-05-30 15:12:28.867,16540,16542,16540,1,-1
2022-05-30 15:12:30.133,16540,16542,16540,1,-1
2022-05-30 15:12:31.717,16540,16541,16540,1,-1
2022-05-30 15:12:31.717,16540,16541,16540,1,-1
2022-05-30 15:12:31.721,16540,16541,16541,1,1
2022-05-30 15:12:33.685,16540,16541,16541,1,1
2022-05-30 15:12:36.440,16541,16543,16543,2,2
2022-05-30 15:12:42.100,16542,16543,16543,1,1
2022-05-30 15:12:42.790,16542,16543,16542,2,-2
2022-05-30 15:12:45.451,16541,16543,16541,1,-1
2022-05-30 15:12:47.094,16541,16543,16543,2,2
2022-05-30 15:12:47.504,16542,16543,16543,1,1
2022-05-30 15:12:47.533,16542,16543,16542,1,-1
2022-05-30 15:12:54.307,16543,16544,16543,1,-1
2022-05-30 15:12:57.312,16543,16544,16544,2,2
2022-05-30 15:12:57.592,16544,16545,16544,1,-1
2022-05-30 15:13:00.189,16544,16545,16545,1,1
2022-05-30 15:13:00.918,16544,16545,16544,1,-1
2022-05-30 15:13:00.939,16544,16545,16543,1,-1
2022-05-30 15:13:01.020,16544,16545,16543,1,-1
2022-05-30 15:13:01.037,16543,16545,16543,1,-1
2022-05-30 15:13:01.047,16543,16545,16543,1,-1
2022-05-30 15:13:04.176,16542,16543,16542,2,-2
2022-05-30 15:13:05.648,16542,16543,16542,2,-2
2022-05-30 15:13:06.458,16541,16542,16541,4,-4
2022-05-30 15:13:09.418,16541,16542,16542,4,4
2022-05-30 15:13:09.934,16542,16543,16542,1,-1
2022-05-30 15:13:10.151,16542,16543,16543,2,2
2022-05-30 15:13:10.151,16542,16543,16544,1,1
2022-05-30 15:13:10.324,16542,16544,16544,1,1
2022-05-30 15:13:10.392,16542,16544,16544,1,1
2022-05-30 15:13:12.246,16542,16543,16543,1,1
2022-05-30 15:13:13.209,16542,16543,16542,1,-1
2022-05-30 15:13:13.250,16542,16543,16542,1,-1
2022-05-30 15:13:13.643,16541,16543,16543,1,1
2022-05-30 15:13:14.888,16541,16542,16541,1,-1
2022-05-30 15:13:23.784,16540,16541,16541,1,1
2022-05-30 15:13:23.788,16540,16541,16541,1,1
2022-05-30 15:13:24.927,16541,16542,16541,1,-1
2022-05-30 15:13:27.283,16540,16541,16540,2,-2
2022-05-30 15:13:27.614,16540,16541,16541,1,1
2022-05-30 15:13:28.853,16540,16541,16540,1,-1
2022-05-30 15:13:30.317,16540,16541,16540,2,-2
2022-05-30 15:13:30.317,16540,16541,16540,1,-1
2022-05-30 15:13:32.540,16539,16540,16539,1,-1
2022-05-30 15:13:33.475,16539,16541,16539,1,-1
2022-05-30 15:13:33.645,16539,16541,16539,1,-1
2022-05-30 15:13:38.636,16540,16541,16541,1,1
2022-05-30 15:13:38.646,16540,16541,16541,1,1
2022-05-30 15:13:40.155,16540,16541,16541,2,2
2022-05-30 15:13:41.517,16541,16542,16541,2,-2
2022-05-30 15:13:43.340,16541,16542,16541,2,-2
2022-05-30 15:13:44.126,16541,16542,16542,2,2
2022-05-30 15:13:44.868,16542,16543,16542,2,-2
2022-05-30 15:13:45.429,16542,16543,16543,1,1
2022-05-30 15:13:45.432,16542,16543,16543,1,1
2022-05-30 15:13:46.387,16542,16543,16542,1,-1
2022-05-30 15:13:47.354,16541,16542,16542,1,1
2022-05-30 15:13:48.852,16541,16542,16542,1,1
2022-05-30 15:13:50.899,16541,16542,16541,1,-1
2022-05-30 15:13:59.410,16540,16541,16541,1,1
2022-05-30 15:14:00.047,16540,16541,16540,2,-2
2022-05-30 15:14:00.193,16539,16541,16541,1,1
2022-05-30 15:14:02.248,16540,16541,16540,1,-1
2022-05-30 15:14:02.255,16540,16541,16539,7,-7
2022-05-30 15:14:02.286,16538,16539,16538,3,-3
2022-05-30 15:14:02.287,16538,16539,16538,15,-15
2022-05-30 15:14:02.819,16537,16538,16537,1,-1
2022-05-30 15:14:03.041,16536,16538,16538,1,1
2022-05-30 15:14:04.173,16537,16538,16538,2,2
2022-05-30 15:14:04.465,16538,16540,16538,1,-1
2022-05-30 15:14:04.731,16538,16540,16539,4,-4
2022-05-30 15:14:08.370,16539,16541,16539,1,-1
2022-05-30 15:14:08.553,16539,16540,16539,2,-2
2022-05-30 15:14:10.540,16539,16540,16540,1,1
2022-05-30 15:14:10.750,16539,16541,16539,1,-1
2022-05-30 15:14:12.823,16540,16541,16541,1,1
2022-05-30 15:14:12.829,16540,16541,16540,1,-1
2022-05-30 15:14:18.049,16539,16540,16540,1,1
2022-05-30 15:14:18.355,16539,16540,16540,1,1
2022-05-30 15:14:19.320,16539,16540,16540,1,1
2022-05-30 15:14:19.857,16539,16540,16539,3,-3
2022-05-30 15:14:23.707,16538,16539,16538,2,-2
2022-05-30 15:14:29.636,16538,16539,16538,2,-2
2022-05-30 15:14:31.520,16538,16539,16539,2,2
2022-05-30 15:14:31.520,16538,16539,16540,3,3
2022-05-30 15:14:32.108,16539,16540,16540,1,1
2022-05-30 15:14:32.109,16539,16540,16540,1,1
2022-05-30 15:14:32.682,16540,16542,16541,2,2
2022-05-30 15:14:33.038,16541,16542,16541,2,-2
2022-05-30 15:14:33.868,16541,16542,16541,2,-2
2022-05-30 15:14:34.357,16541,16542,16541,2,-2
2022-05-30 15:14:35.692,16541,16542,16541,2,-2
2022-05-30 15:14:36.270,16540,16541,16541,1,1
2022-05-30 15:14:36.315,16540,16541,16540,2,-2
2022-05-30 15:14:44.595,16539,16540,16540,1,1
2022-05-30 15:14:44.902,16540,16541,16541,1,1
2022-05-30 15:14:44.902,16540,16541,16541,1,1
2022-05-30 15:14:44.909,16540,16541,16541,1,1
2022-05-30 15:14:44.910,16540,16541,16541,1,1
2022-05-30 15:14:46.443,16541,16542,16541,2,-2
2022-05-30 15:14:47.640,16539,16540,16540,1,1
2022-05-30 15:14:47.931,16539,16540,16540,1,1
2022-05-30 15:14:48.009,16539,16540,16539,2,-2
2022-05-30 15:14:49.766,16539,16541,16539,1,-1
2022-05-30 15:14:49.766,16539,16541,16539,1,-1
2022-05-30 15:14:49.766,16539,16541,16539,1,-1
2022-05-30 15:14:51.621,16538,16539,16538,2,-2
2022-05-30 15:14:55.095,16538,16539,16538,4,-4
2022-05-30 15:14:56.828,16538,16539,16538,1,-1
2022-05-30 15:14:57.190,16537,16538,16538,1,1
2022-05-30 15:15:00.474,16537,16538,16538,3,3
2022-05-30 15:15:01.794,16537,16539,16537,2,-2
2022-05-30 15:15:01.854,16537,16539,16537,1,-1
2022-05-30 15:15:03.662,16537,16538,16538,2,2
2022-05-30 15:15:03.662,16537,16538,16539,8,8
2022-05-30 15:15:06.684,16538,16540,16540,2,2
2022-05-30 15:15:06.735,16538,16540,16538,3,-3
2022-05-30 15:15:06.736,16538,16540,16538,5,-5
2022-05-30 15:15:08.120,16537,16539,16537,2,-2
2022-05-30 15:15:08.476,16537,16538,16537,3,-3
2022-05-30 15:15:08.777,16537,16538,16537,1,-1
2022-05-30 15:15:08.838,16536,16537,16537,1,1
2022-05-30 15:15:09.648,16537,16538,16537,1,-1
2022-05-30 15:15:09.709,16536,16538,16537,1,-1
2022-05-30 15:15:10.408,16537,16538,16537,1,-1
2022-05-30 15:15:14.372,16536,16537,16537,1,1
2022-05-30 15:15:14.464,16536,16537,16536,1,-1
2022-05-30 15:15:14.547,16536,16537,16536,1,-1
2022-05-30 15:15:15.773,16536,16537,16536,14,-14
2022-05-30 15:15:15.774,16536,16537,16536,1,-1
2022-05-30 15:15:15.774,16536,16537,16536,1,-1
2022-05-30 15:15:15.774,16536,16537,16536,1,-1
2022-05-30 15:15:15.775,16536,16537,16536,2,-2
2022-05-30 15:15:15.899,16535,16536,16536,2,2
2022-05-30 15:15:15.899,16535,16536,16537,8,8
2022-05-30 15:15:16.670,16535,16537,16537,1,1
2022-05-30 15:15:16.827,16535,16537,16535,2,-2
2022-05-30 15:15:17.076,16535,16537,16535,4,-4
2022-05-30 15:15:17.371,16534,16535,16535,2,2
2022-05-30 15:15:17.371,16534,16535,16536,8,8
2022-05-30 15:15:18.080,16535,16536,16536,2,2
2022-05-30 15:15:18.081,16535,16536,16536,8,8
2022-05-30 15:15:21.638,16535,16536,16536,2,2
2022-05-30 15:15:22.417,16535,16536,16535,1,-1
2022-05-30 15:15:24.683,16535,16537,16535,2,-2
2022-05-30 15:15:25.603,16535,16536,16535,1,-1
2022-05-30 15:15:25.604,16535,16536,16535,1,-1
2022-05-30 15:15:26.066,16534,16536,16536,1,1
2022-05-30 15:15:26.637,16534,16536,16535,1,1
2022-05-30 15:15:27.062,16534,16535,16534,5,-5
2022-05-30 15:15:27.772,16534,16535,16535,1,1
2022-05-30 15:15:29.531,16534,16535,16535,1,1
2022-05-30 15:15:29.621,16534,16535,16534,1,-1
2022-05-30 15:15:29.669,16534,16535,16534,10,-10
2022-05-30 15:15:31.240,16533,16534,16534,1,1
2022-05-30 15:15:33.834,16533,16534,16533,5,-5
2022-05-30 15:15:33.835,16533,16534,16533,1,-1
2022-05-30 15:15:33.835,16533,16534,16533,5,-5
2022-05-30 15:15:34.238,16532,16534,16532,1,-1
2022-05-30 15:15:34.480,16533,16534,16533,4,-4
2022-05-30 15:15:34.480,16533,16534,16533,1,-1
2022-05-30 15:15:34.480,16533,16534,16533,4,-4
2022-05-30 15:15:34.480,16533,16534,16533,2,-2
2022-05-30 15:15:34.620,16532,16533,16532,7,-7
2022-05-30 15:15:35.053,16531,16532,16531,5,-5
2022-05-30 15:15:35.186,16531,16532,16532,1,1
2022-05-30 15:15:35.250,16531,16532,16531,1,-1
2022-05-30 15:15:35.294,16531,16532,16532,1,1
2022-05-30 15:15:35.363,16531,16532,16531,5,-5
2022-05-30 15:15:35.363,16531,16532,16530,6,-6
2022-05-30 15:15:35.384,16531,16532,16530,1,-1
2022-05-30 15:15:35.397,16531,16532,16531,1,-1
2022-05-30 15:15:35.416,16530,16531,16530,9,-9
2022-05-30 15:15:35.416,16530,16531,16530,1,-1
2022-05-30 15:15:35.416,16530,16531,16530,19,-19
2022-05-30 15:15:35.417,16530,16531,16529,1,-1
2022-05-30 15:15:35.418,16530,16531,16529,1,-1
2022-05-30 15:15:35.418,16530,16531,16529,4,-4
2022-05-30 15:15:35.418,16530,16531,16528,1,-1
2022-05-30 15:15:35.419,16530,16531,16528,1,-1
2022-05-30 15:15:35.422,16530,16531,16528,2,-2
2022-05-30 15:15:35.422,16530,16531,16528,1,-1
2022-05-30 15:15:35.425,16530,16531,16528,1,-1
2022-05-30 15:15:35.458,16530,16531,16529,2,-2
2022-05-30 15:15:35.458,16530,16531,16529,2,-2
2022-05-30 15:15:35.587,16529,16530,16529,1,-1
2022-05-30 15:15:35.617,16529,16530,16529,1,-1
2022-05-30 15:15:35.617,16529,16530,16529,1,-1
2022-05-30 15:15:35.636,16529,16530,16528,1,-1
2022-05-30 15:15:35.642,16529,16530,16528,2,-2
2022-05-30 15:15:35.706,16528,16530,16529,2,-2
2022-05-30 15:15:35.717,16528,16530,16529,1,-1
2022-05-30 15:15:35.767,16528,16530,16528,3,-3
2022-05-30 15:15:35.800,16529,16530,16529,1,-1
2022-05-30 15:15:35.913,16529,16531,16529,1,-1
2022-05-30 15:15:36.058,16529,16531,16529,1,-1
2022-05-30 15:15:36.146,16529,16531,16529,1,-1
2022-05-30 15:15:36.504,16529,16531,16531,3,3
2022-05-30 15:15:36.522,16529,16531,16530,1,1
2022-05-30 15:15:36.578,16529,16532,16529,1,-1
2022-05-30 15:15:36.718,16529,16530,16529,3,-3
2022-05-30 15:15:37.033,16529,16530,16529,1,-1
2022-05-30 15:15:37.427,16529,16530,16529,2,-2
2022-05-30 15:15:39.661,16529,16530,16530,4,4
2022-05-30 15:15:39.842,16529,16531,16529,11,-11
2022-05-30 15:15:39.842,16529,16531,16528,11,-11
2022-05-30 15:15:40.304,16528,16530,16530,1,1
2022-05-30 15:15:41.018,16529,16531,16529,1,-1
2022-05-30 15:15:43.361,16529,16530,16530,1,1
2022-05-30 15:15:43.569,16529,16531,16529,5,-5
2022-05-30 15:15:44.835,16529,16530,16529,2,-2
2022-05-30 15:15:44.835,16529,16530,16529,1,-1
2022-05-30 15:15:45.104,16528,16530,16529,1,-1
2022-05-30 15:15:45.262,16528,16530,16528,3,-3
2022-05-30 15:15:45.653,16528,16530,16528,2,-2
2022-05-30 15:15:45.863,16527,16529,16529,1,1
2022-05-30 15:15:47.091,16527,16528,16528,1,1
2022-05-30 15:15:48.223,16527,16528,16528,5,5
2022-05-30 15:15:48.453,16527,16528,16527,2,-2
2022-05-30 15:15:48.581,16527,16528,16527,1,-1
2022-05-30 15:15:49.095,16527,16528,16527,1,-1
2022-05-30 15:15:51.043,16527,16528,16528,5,5
2022-05-30 15:15:53.279,16527,16528,16528,1,1
2022-05-30 15:15:55.917,16527,16528,16528,4,4
2022-05-30 15:15:56.222,16528,16529,16528,1,-1
2022-05-30 15:15:56.965,16528,16529,16528,1,-1
2022-05-30 15:15:57.094,16527,16529,16528,1,-1
2022-05-30 15:15:57.198,16527,16528,16528,2,2
2022-05-30 15:15:57.836,16528,16529,16529,1,1
2022-05-30 15:15:58.094,16528,16530,16530,1,1
2022-05-30 15:16:01.618,16529,16530,16530,8,8
2022-05-30 15:16:01.663,16529,16531,16532,1,1
2022-05-30 15:16:01.663,16529,16531,16532,1,1
2022-05-30 15:16:01.663,16529,16531,16532,2,2
2022-05-30 15:16:01.663,16529,16531,16532,1,1
2022-05-30 15:16:01.665,16529,16531,16532,1,1
2022-05-30 15:16:02.043,16531,16533,16533,1,1
2022-05-30 15:16:02.089,16531,16533,16533,1,1
2022-05-30 15:16:02.093,16531,16533,16533,1,1
2022-05-30 15:16:02.124,16531,16533,16533,1,1
2022-05-30 15:16:02.361,16531,16533,16533,3,3
2022-05-30 15:16:03.325,16531,16532,16532,1,1
2022-05-30 15:16:05.008,16532,16534,16534,3,3
2022-05-30 15:16:05.602,16532,16534,16534,1,1
2022-05-30 15:16:06.785,16533,16534,16534,2,2
2022-05-30 15:16:07.942,16534,16535,16535,1,1
2022-05-30 15:16:07.942,16534,16535,16535,2,2
2022-05-30 15:16:08.553,16534,16536,16534,1,-1
2022-05-30 15:16:08.940,16534,16536,16534,1,-1
2022-05-30 15:16:09.283,16534,16536,16534,1,-1
2022-05-30 15:16:09.641,16533,16535,16535,3,3
2022-05-30 15:16:09.641,16533,16535,16536,2,2
2022-05-30 15:16:12.590,16534,16535,16535,1,1
2022-05-30 15:16:12.672,16534,16535,16534,1,-1
2022-05-30 15:16:12.737,16534,16535,16534,1,-1
2022-05-30 15:16:13.681,16534,16535,16534,2,-2
2022-05-30 15:16:13.702,16534,16535,16535,3,3
2022-05-30 15:16:14.290,16534,16535,16534,1,-1
2022-05-30 15:16:15.325,16533,16535,16535,1,1
2022-05-30 15:16:16.665,16534,16535,16534,1,-1
2022-05-30 15:16:17.303,16534,16535,16534,1,-1
2022-05-30 15:16:20.136,16533,16534,16534,1,1
2022-05-30 15:16:21.605,16533,16534,16533,1,-1
2022-05-30 15:16:25.315,16532,16533,16533,2,2
2022-05-30 15:16:25.315,16532,16533,16534,3,3
2022-05-30 15:16:26.061,16532,16533,16533,1,1
2022-05-30 15:16:26.061,16532,16533,16534,1,1
2022-05-30 15:16:28.691,16532,16534,16532,6,-6
2022-05-30 15:16:29.252,16530,16532,16532,3,3
2022-05-30 15:16:29.542,16530,16532,16532,1,1
2022-05-30 15:16:31.496,16531,16533,16533,1,1
2022-05-30 15:16:32.148,16532,16534,16534,1,1
2022-05-30 15:16:40.781,16532,16533,16532,4,-4
2022-05-30 15:16:49.496,16532,16533,16532,1,-1
2022-05-30 15:16:49.618,16532,16533,16533,2,2
2022-05-30 15:16:49.677,16533,16534,16533,2,-2
2022-05-30 15:16:49.677,16533,16534,16532,1,-1
2022-05-30 15:16:54.034,16532,16533,16532,1,-1
2022-05-30 15:16:54.718,16531,16532,16532,4,4
2022-05-30 15:16:55.065,16532,16533,16532,1,-1
2022-05-30 15:17:02.280,16531,16532,16531,2,-2
2022-05-30 15:17:03.570,16531,16532,16532,1,1
2022-05-30 15:17:07.099,16531,16532,16532,3,3
2022-05-30 15:17:07.925,16532,16533,16533,1,1
2022-05-30 15:17:07.925,16532,16533,16533,1,1
2022-05-30 15:17:09.512,16532,16533,16533,2,2
2022-05-30 15:17:09.756,16533,16534,16533,1,-1
2022-05-30 15:17:11.150,16533,16534,16533,3,-3
2022-05-30 15:17:11.150,16533,16534,16532,5,-5
2022-05-30 15:17:12.269,16532,16534,16534,6,6
2022-05-30 15:17:12.394,16534,16535,16535,1,1
2022-05-30 15:17:12.394,16534,16535,16535,9,9
2022-05-30 15:17:13.968,16535,16536,16536,2,2
2022-05-30 15:17:16.508,16535,16537,16537,1,1
2022-05-30 15:17:18.086,16536,16537,16537,1,1
2022-05-30 15:17:18.429,16536,16538,16536,1,-1
2022-05-30 15:17:21.204,16535,16537,16535,6,-6
2022-05-30 15:17:22.999,16535,16536,16536,1,1
2022-05-30 15:17:26.175,16536,16537,16536,1,-1
2022-05-30 15:17:26.285,16535,16537,16535,1,-1
2022-05-30 15:17:35.002,16536,16537,16536,1,-1
2022-05-30 15:17:35.002,16536,16537,16536,1,-1
2022-05-30 15:17:35.024,16536,16537,16535,4,-4
2022-05-30 15:17:35.197,16534,16535,16534,1,-1
2022-05-30 15:17:36.366,16533,16534,16534,1,1
2022-05-30 15:17:41.753,16533,16535,16535,1,1
2022-05-30 15:17:50.763,16534,16535,16534,1,-1
2022-05-30 15:17:52.169,16534,16535,16535,2,2
2022-05-30 15:17:56.471,16536,16537,16537,1,1
2022-05-30 15:17:58.785,16536,16537,16536,2,-2
2022-05-30 15:18:00.519,16535,16537,16537,6,6
2022-05-30 15:18:01.188,16537,16538,16537,2,-2
2022-05-30 15:18:01.234,16537,16538,16537,1,-1
2022-05-30 15:18:01.234,16537,16538,16536,1,-1
2022-05-30 15:18:01.240,16537,16538,16536,1,-1
2022-05-30 15:18:02.738,16537,16538,16538,2,2
2022-05-30 15:18:02.738,16537,16538,16538,2,2
2022-05-30 15:18:04.016,16538,16539,16538,2,-2
2022-05-30 15:18:04.442,16538,16539,16539,5,5
2022-05-30 15:18:04.442,16538,16539,16540,1,1
2022-05-30 15:18:06.019,16539,16540,16540,1,1
2022-05-30 15:18:09.197,16539,16540,16540,1,1
2022-05-30 15:18:12.056,16539,16540,16540,1,1
2022-05-30 15:18:12.205,16539,16540,16540,1,1
2022-05-30 15:18:12.231,16539,16540,16539,2,-2
2022-05-30 15:18:12.539,16539,16540,16539,1,-1
2022-05-30 15:18:13.152,16538,16539,16539,1,1
2022-05-30 15:18:13.366,16538,16539,16539,1,1
2022-05-30 15:18:15.944,16536,16538,16536,3,-3
2022-05-30 15:18:16.154,16536,16538,16536,1,-1
2022-05-30 15:18:20.335,16537,16538,16537,1,-1
2022-05-30 15:18:25.968,16537,16538,16537,2,-2
2022-05-30 15:18:30.564,16536,16537,16537,1,1
2022-05-30 15:18:34.467,16536,16537,16536,1,-1
2022-05-30 15:18:34.468,16536,16537,16536,1,-1
2022-05-30 15:18:35.293,16535,16536,16536,1,1
2022-05-30 15:18:37.192,16535,16537,16537,1,1
2022-05-30 15:18:38.373,16536,16537,16536,1,-1
2022-05-30 15:18:41.532,16535,16536,16535,1,-1
2022-05-30 15:18:41.532,16535,16536,16535,3,-3
2022-05-30 15:18:44.200,16533,16535,16534,1,-1
2022-05-30 15:18:44.201,16533,16535,16535,1,1
2022-05-30 15:18:44.202,16533,16535,16535,1,1
2022-05-30 15:18:44.699,16534,16536,16534,1,-1
2022-05-30 15:18:44.719,16534,16536,16534,1,-1
2022-05-30 15:18:46.850,16533,16534,16534,3,3
2022-05-30 15:18:46.850,16533,16534,16535,2,2
2022-05-30 15:18:55.513,16533,16535,16533,3,-3
2022-05-30 15:18:56.731,16533,16535,16533,1,-1
2022-05-30 15:18:56.759,16533,16535,16534,1,-1
2022-05-30 15:19:04.177,16533,16534,16533,1,-1
2022-05-30 15:19:06.413,16532,16533,16532,3,-3
2022-05-30 15:19:06.415,16532,16533,16532,1,-1
2022-05-30 15:19:07.303,16531,16532,16531,6,-6
2022-05-30 15:19:07.304,16531,16532,16530,9,-9
2022-05-30 15:19:08.556,16529,16531,16529,1,-1
2022-05-30 15:19:08.810,16529,16531,16529,1,-1
2022-05-30 15:19:09.948,16529,16531,16531,1,1
2022-05-30 15:19:11.451,16530,16532,16530,1,-1
2022-05-30 15:19:12.084,16530,16532,16530,1,-1
2022-05-30 15:19:13.164,16529,16531,16529,2,-2
2022-05-30 15:19:14.130,16529,16531,16529,1,-1
2022-05-30 15:19:14.489,16529,16531,16531,1,1
2022-05-30 15:19:16.470,16530,16531,16530,1,-1
2022-05-30 15:19:16.470,16530,16531,16529,1,-1
2022-05-30 15:19:18.221,16529,16531,16529,1,-1
2022-05-30 15:19:20.936,16529,16530,16530,3,3
2022-05-30 15:19:20.937,16529,16530,16530,2,2
2022-05-30 15:19:22.002,16529,16530,16530,3,3
2022-05-30 15:19:22.776,16529,16530,16529,1,-1
2022-05-30 15:19:22.777,16529,16530,16529,2,-2
2022-05-30 15:19:22.777,16529,16530,16529,1,-1
2022-05-30 15:19:22.777,16529,16530,16529,1,-1
2022-05-30 15:19:23.339,16529,16531,16529,2,-2
2022-05-30 15:19:24.710,16529,16531,16529,2,-2
2022-05-30 15:19:26.575,16529,16530,16530,3,3
2022-05-30 15:19:27.954,16529,16530,16529,1,-1
2022-05-30 15:19:30.971,16529,16530,16530,1,1
2022-05-30 15:19:31.126,16529,16530,16529,3,-3
2022-05-30 15:19:33.985,16529,16530,16529,6,-6
2022-05-30 15:19:37.456,16529,16530,16530,10,10
2022-05-30 15:19:37.827,16530,16531,16530,1,-1
2022-05-30 15:19:37.827,16530,16531,16530,1,-1
2022-05-30 15:19:39.079,16530,16531,16530,1,-1
2022-05-30 15:19:39.889,16529,16531,16529,8,-8
2022-05-30 15:19:41.171,16529,16531,16529,1,-1
2022-05-30 15:19:41.202,16529,16531,16531,1,1
2022-05-30 15:19:43.217,16529,16531,16529,1,-1
2022-05-30 15:19:45.326,16530,16531,16531,4,4
2022-05-30 15:19:45.327,16530,16531,16531,1,1
2022-05-30 15:19:45.327,16530,16531,16531,3,3
2022-05-30 15:19:45.551,16531,16532,16531,1,-1
2022-05-30 15:19:45.593,16531,16532,16530,1,-1
2022-05-30 15:19:46.699,16530,16532,16531,1,-1
2022-05-30 15:19:47.126,16530,16531,16531,1,1
2022-05-30 15:19:47.301,16531,16532,16531,1,-1
2022-05-30 15:19:47.584,16531,16532,16532,1,1
2022-05-30 15:19:47.585,16531,16532,16532,1,1
2022-05-30 15:19:47.588,16531,16532,16532,1,1
2022-05-30 15:19:47.596,16531,16532,16532,1,1
2022-05-30 15:19:47.874,16531,16532,16531,1,-1
2022-05-30 15:19:48.600,16531,16532,16532,1,1
2022-05-30 15:19:51.753,16531,16532,16532,1,1
2022-05-30 15:19:52.650,16531,16532,16531,1,-1
2022-05-30 15:19:57.082,16531,16532,16532,1,1
2022-05-30 15:19:57.407,16531,16533,16534,2,2
2022-05-30 15:19:57.408,16531,16533,16534,1,1
2022-05-30 15:20:00.559,16534,16535,16535,3,3
2022-05-30 15:20:06.825,16534,16535,16534,2,-2
2022-05-30 15:20:06.982,16533,16534,16533,1,-1
2022-05-30 15:20:07.009,16533,16534,16534,1,1
2022-05-30 15:20:07.041,16532,16534,16534,1,1
2022-05-30 15:20:07.042,16532,16534,16534,1,1
2022-05-30 15:20:07.273,16534,16535,16535,2,2
2022-05-30 15:20:07.273,16534,16535,16536,3,3
2022-05-30 15:20:11.844,16535,16536,16535,1,-1
2022-05-30 15:20:12.793,16534,16536,16534,3,-3
2022-05-30 15:20:13.188,16534,16536,16536,5,5
2022-05-30 15:20:14.528,16534,16536,16534,1,-1
2022-05-30 15:20:18.586,16533,16535,16533,2,-2
2022-05-30 15:20:20.687,16533,16535,16535,5,5
2022-05-30 15:20:23.210,16533,16534,16533,3,-3
2022-05-30 15:20:23.212,16533,16534,16532,5,-5
2022-05-30 15:20:24.389,16531,16532,16532,1,1
2022-05-30 15:20:24.393,16531,16532,16532,1,1
2022-05-30 15:20:24.396,16531,16532,16532,1,1
2022-05-30 15:20:25.132,16531,16532,16531,1,-1
2022-05-30 15:20:25.584,16530,16532,16532,7,7
2022-05-30 15:20:25.584,16530,16532,16532,1,1
2022-05-30 15:20:25.584,16530,16532,16532,3,3
2022-05-30 15:20:27.159,16530,16532,16532,3,3
2022-05-30 15:20:33.215,16532,16533,16533,1,1
2022-05-30 15:20:37.871,16532,16533,16533,1,1
2022-05-30 15:20:48.613,16532,16533,16532,2,-2
2022-05-30 15:20:50.648,16532,16533,16532,1,-1
2022-05-30 15:20:50.648,16532,16533,16532,2,-2
2022-05-30 15:20:51.158,16530,16532,16532,5,5
2022-05-30 15:20:51.373,16530,16533,16533,1,1
2022-05-30 15:20:51.477,16531,16533,16533,1,1
2022-05-30 15:20:58.354,16532,16533,16532,1,-1
2022-05-30 15:20:58.478,16530,16532,16532,4,4
2022-05-30 15:21:00.383,16530,16532,16532,2,2
2022-05-30 15:21:09.500,16531,16533,16533,1,1
2022-05-30 15:21:10.337,16532,16533,16533,1,1
2022-05-30 15:21:24.114,16533,16534,16534,1,1
2022-05-30 15:21:24.114,16533,16534,16534,1,1
2022-05-30 15:21:28.737,16533,16535,16535,2,2
2022-05-30 15:21:35.462,16533,16534,16534,1,1
2022-05-30 15:21:36.905,16533,16534,16534,3,3
2022-05-30 15:21:36.905,16533,16534,16535,2,2
2022-05-30 15:21:40.714,16533,16535,16535,1,1
2022-05-30 15:21:43.671,16533,16535,16533,3,-3
2022-05-30 15:22:01.979,16532,16533,16533,1,1
2022-05-30 15:22:06.668,16532,16533,16533,2,2
2022-05-30 15:22:06.668,16532,16533,16533,11,11
2022-05-30 15:22:08.879,16533,16535,16533,10,-10
2022-05-30 15:22:08.879,16533,16535,16532,16,-16
2022-05-30 15:22:08.879,16533,16535,16531,14,-14
2022-05-30 15:22:08.951,16532,16533,16533,3,3
2022-05-30 15:22:11.674,16533,16534,16534,5,5
2022-05-30 15:22:11.813,16534,16535,16534,1,-1
2022-05-30 15:22:13.353,16534,16535,16535,1,1
2022-05-30 15:22:13.353,16534,16535,16535,3,3
2022-05-30 15:22:13.353,16534,16535,16535,1,1
2022-05-30 15:22:13.353,16534,16535,16535,1,1
2022-05-30 15:22:15.869,16535,16536,16536,1,1
2022-05-30 15:22:17.411,16535,16536,16536,2,2
2022-05-30 15:22:17.829,16536,16537,16537,1,1
2022-05-30 15:22:18.079,16537,16538,16538,1,1
2022-05-30 15:22:18.415,16537,16538,16537,3,-3
2022-05-30 15:22:22.262,16536,16538,16537,3,-3
2022-05-30 15:22:26.315,16536,16538,16538,1,1
2022-05-30 15:22:26.986,16536,16538,16538,1,1
2022-05-30 15:22:43.553,16535,16537,16537,3,3
2022-05-30 15:22:46.264,16536,16538,16536,1,-1
2022-05-30 15:22:47.683,16536,16537,16537,1,1
2022-05-30 15:22:47.683,16536,16537,16538,1,1
2022-05-30 15:22:49.391,16536,16538,16537,1,1
2022-05-30 15:22:49.421,16535,16537,16537,1,1
2022-05-30 15:22:49.782,16535,16537,16537,1,1
2022-05-30 15:22:56.605,16537,16538,16538,3,3
2022-05-30 15:22:56.605,16537,16538,16539,3,3
2022-05-30 15:22:58.233,16538,16539,16538,2,-2
2022-05-30 15:22:59.427,16538,16539,16538,1,-1
2022-05-30 15:23:01.109,16537,16539,16538,1,-1
2022-05-30 15:23:03.118,16537,16539,16537,1,-1
2022-05-30 15:23:03.119,16537,16539,16537,8,-8
2022-05-30 15:23:03.976,16535,16537,16535,2,-2
2022-05-30 15:23:08.686,16534,16535,16534,1,-1
2022-05-30 15:23:12.687,16534,16535,16535,2,2
2022-05-30 15:23:14.694,16534,16536,16536,5,5
2022-05-30 15:23:20.188,16535,16536,16535,1,-1
2022-05-30 15:23:20.824,16534,16536,16534,1,-1
2022-05-30 15:23:33.275,16535,16536,16536,2,2
2022-05-30 15:23:33.276,16535,16536,16536,1,1
2022-05-30 15:23:36.506,16536,16538,16536,1,-1
2022-05-30 15:23:38.555,16537,16539,16539,1,1
2022-05-30 15:23:38.690,16537,16539,16537,1,-1
2022-05-30 15:23:43.906,16537,16539,16537,3,-3
2022-05-30 15:23:43.906,16537,16539,16536,2,-2
2022-05-30 15:23:50.951,16537,16539,16537,4,-4
2022-05-30 15:24:02.049,16536,16537,16536,2,-2
2022-05-30 15:24:02.049,16536,16537,16536,1,-1
2022-05-30 15:24:02.361,16535,16536,16535,2,-2
2022-05-30 15:24:02.361,16535,16536,16535,1,-1
2022-05-30 15:24:02.403,16535,16536,16534,1,-1
2022-05-30 15:24:02.448,16534,16535,16534,1,-1
2022-05-30 15:24:02.756,16534,16535,16534,1,-1
2022-05-30 15:24:02.781,16534,16535,16533,1,-1
2022-05-30 15:24:02.809,16533,16535,16533,1,-1
2022-05-30 15:24:02.889,16533,16535,16533,1,-1
2022-05-30 15:24:02.909,16533,16535,16533,1,-1
2022-05-30 15:24:02.928,16533,16535,16533,1,-1
2022-05-30 15:24:03.003,16533,16535,16533,2,-2
2022-05-30 15:24:03.059,16533,16535,16533,1,-1
2022-05-30 15:24:03.074,16533,16535,16533,1,-1
2022-05-30 15:24:03.109,16533,16535,16533,1,-1
2022-05-30 15:24:03.139,16533,16535,16533,1,-1
2022-05-30 15:24:03.174,16533,16535,16533,1,-1
2022-05-30 15:24:03.175,16533,16535,16533,8,-8
2022-05-30 15:24:03.408,16533,16534,16533,2,-2
2022-05-30 15:24:03.758,16533,16534,16533,1,-1
2022-05-30 15:24:03.899,16533,16534,16533,1,-1
2022-05-30 15:24:04.411,16533,16534,16533,1,-1
2022-05-30 15:24:04.867,16533,16534,16533,1,-1
2022-05-30 15:24:07.961,16532,16534,16533,1,-1
2022-05-30 15:24:12.473,16533,16534,16533,1,-1
2022-05-30 15:24:12.473,16533,16534,16533,2,-2
2022-05-30 15:24:13.096,16532,16533,16532,2,-2
2022-05-30 15:24:14.801,16532,16533,16533,1,1
2022-05-30 15:24:16.836,16532,16534,16533,1,1
2022-05-30 15:24:18.360,16532,16533,16533,1,1
2022-05-30 15:24:19.119,16532,16534,16532,1,-1
2022-05-30 15:24:24.433,16533,16535,16533,1,-1
2022-05-30 15:24:26.023,16533,16535,16533,2,-2
2022-05-30 15:24:28.629,16532,16533,16533,1,1
2022-05-30 15:24:29.543,16533,16535,16533,1,-1
2022-05-30 15:24:31.485,16533,16535,16533,1,-1
2022-05-30 15:24:33.452,16533,16535,16533,1,-1
2022-05-30 15:24:34.576,16533,16535,16533,1,-1
2022-05-30 15:24:44.188,16532,16534,16532,5,-5
2022-05-30 15:24:44.188,16532,16534,16532,9,-9
2022-05-30 15:24:45.569,16531,16533,16531,3,-3
2022-05-30 15:24:45.795,16531,16533,16531,1,-1
2022-05-30 15:24:47.552,16531,16532,16531,1,-1
2022-05-30 15:24:47.552,16531,16532,16531,1,-1
2022-05-30 15:24:47.552,16531,16532,16531,3,-3
2022-05-30 15:24:48.289,16530,16531,16530,3,-3
2022-05-30 15:24:48.435,16530,16531,16531,1,1
2022-05-30 15:24:49.109,16530,16531,16530,2,-2
2022-05-30 15:24:49.456,16530,16531,16531,1,1
2022-05-30 15:24:49.954,16530,16531,16530,1,-1
2022-05-30 15:24:50.721,16530,16531,16530,1,-1
2022-05-30 15:24:51.058,16530,16531,16530,2,-2
2022-05-30 15:24:51.058,16530,16531,16529,8,-8
2022-05-30 15:24:52.392,16529,16530,16529,1,-1
2022-05-30 15:24:52.860,16529,16530,16530,1,1
2022-05-30 15:24:52.860,16529,16530,16530,1,1
2022-05-30 15:24:55.066,16530,16531,16530,1,-1
2022-05-30 15:24:55.461,16530,16531,16530,4,-4
2022-05-30 15:24:55.461,16530,16531,16529,6,-6
2022-05-30 15:24:56.446,16529,16530,16529,1,-1
2022-05-30 15:24:57.501,16529,16530,16530,1,1
2022-05-30 15:24:58.962,16530,16531,16531,1,1
2022-05-30 15:25:00.143,16531,16533,16531,3,-3
2022-05-30 15:25:00.143,16531,16533,16530,7,-7
2022-05-30 15:25:01.079,16532,16534,16533,1,-1
2022-05-30 15:25:01.311,16532,16534,16532,1,-1
2022-05-30 15:25:01.928,16532,16534,16532,1,-1
2022-05-30 15:25:02.867,16531,16533,16531,2,-2
2022-05-30 15:25:05.693,16530,16532,16530,6,-6
2022-05-30 15:25:05.693,16530,16532,16529,4,-4
2022-05-30 15:25:07.454,16531,16532,16531,1,-1
2022-05-30 15:25:10.876,16530,16531,16530,5,-5
2022-05-30 15:25:10.876,16530,16531,16529,5,-5
2022-05-30 15:25:11.638,16529,16531,16529,2,-2
2022-05-30 15:25:12.608,16529,16531,16531,2,2
2022-05-30 15:25:12.612,16529,16531,16532,2,2
2022-05-30 15:25:12.618,16529,16531,16533,2,2
2022-05-30 15:25:12.701,16533,16534,16534,1,1
2022-05-30 15:25:12.836,16534,16535,16534,1,-1
2022-05-30 15:25:12.995,16533,16535,16534,4,-4
2022-05-30 15:25:13.746,16533,16534,16533,1,-1
2022-05-30 15:25:13.998,16531,16533,16531,2,-2
2022-05-30 15:25:14.275,16531,16533,16533,1,1
2022-05-30 15:25:16.692,16531,16533,16531,1,-1
2022-05-30 15:25:16.692,16531,16533,16530,4,-4
2022-05-30 15:25:16.843,16530,16532,16530,1,-1
2022-05-30 15:25:19.359,16529,16531,16529,1,-1
2022-05-30 15:25:21.071,16529,16531,16530,1,-1
2022-05-30 15:25:26.709,16530,16531,16531,2,2
2022-05-30 15:25:27.598,16530,16532,16530,1,-1
2022-05-30 15:25:28.172,16530,16532,16532,1,1
2022-05-30 15:25:40.993,16532,16533,16533,2,2
2022-05-30 15:25:42.841,16532,16533,16533,1,1
2022-05-30 15:25:43.227,16532,16534,16534,1,1
2022-05-30 15:25:46.792,16532,16534,16532,2,-2
2022-05-30 15:25:48.214,16531,16532,16532,2,2
2022-05-30 15:25:52.071,16531,16532,16532,1,1
2022-05-30 15:25:52.383,16531,16532,16532,1,1
2022-05-30 15:25:57.348,16531,16533,16533,5,5
2022-05-30 15:26:04.916,16533,16534,16533,1,-1
2022-05-30 15:26:06.067,16533,16534,16533,2,-2
2022-05-30 15:26:06.067,16533,16534,16533,4,-4
2022-05-30 15:26:06.067,16533,16534,16533,1,-1
2022-05-30 15:26:16.208,16533,16534,16534,2,2
2022-05-30 15:26:16.242,16533,16534,16533,1,-1
2022-05-30 15:26:20.196,16533,16534,16533,2,-2
2022-05-30 15:26:21.291,16533,16534,16534,1,1
2022-05-30 15:26:24.248,16534,16535,16534,1,-1
2022-05-30 15:26:36.347,16534,16535,16535,1,1
2022-05-30 15:26:38.146,16534,16535,16535,9,9
2022-05-30 15:26:39.140,16534,16536,16536,2,2
2022-05-30 15:26:39.345,16535,16537,16537,2,2
2022-05-30 15:26:40.919,16536,16537,16537,3,3
2022-05-30 15:26:40.919,16536,16537,16537,1,1
2022-05-30 15:26:44.900,16535,16537,16537,1,1
2022-05-30 15:26:48.415,16536,16537,16536,4,-4
2022-05-30 15:26:49.963,16535,16537,16537,1,1
2022-05-30 15:26:54.292,16535,16536,16536,1,1
2022-05-30 15:27:00.255,16534,16536,16534,1,-1
2022-05-30 15:27:00.255,16534,16536,16534,1,-1
2022-05-30 15:27:00.256,16534,16536,16534,1,-1
2022-05-30 15:27:00.676,16533,16534,16534,2,2
2022-05-30 15:27:00.676,16533,16534,16535,3,3
2022-05-30 15:27:09.123,16534,16536,16534,4,-4
2022-05-30 15:27:09.124,16534,16536,16534,1,-1
2022-05-30 15:27:09.124,16534,16536,16534,1,-1
2022-05-30 15:27:09.124,16534,16536,16534,1,-1
2022-05-30 15:27:10.446,16533,16535,16535,1,1
2022-05-30 15:27:14.827,16533,16535,16535,1,1
2022-05-30 15:27:21.527,16534,16535,16535,1,1
2022-05-30 15:27:31.621,16535,16537,16537,1,1
2022-05-30 15:27:31.787,16537,16538,16538,2,2
2022-05-30 15:27:31.935,16537,16539,16537,1,-1
2022-05-30 15:27:34.023,16536,16538,16538,1,1
2022-05-30 15:27:38.977,16537,16539,16537,1,-1
2022-05-30 15:27:39.167,16537,16539,16537,1,-1
2022-05-30 15:27:40.391,16537,16539,16539,1,1
2022-05-30 15:27:40.584,16537,16539,16539,1,1
2022-05-30 15:27:43.070,16536,16539,16539,1,1
2022-05-30 15:27:45.028,16536,16538,16538,1,1
2022-05-30 15:27:46.009,16536,16538,16538,1,1
2022-05-30 15:27:48.190,16536,16538,16538,3,3
2022-05-30 15:27:54.740,16536,16538,16536,1,-1
2022-05-30 15:28:06.162,16536,16537,16536,1,-1
2022-05-30 15:28:06.948,16536,16537,16536,2,-2
2022-05-30 15:28:09.057,16536,16537,16537,1,1
2022-05-30 15:28:09.737,16536,16537,16536,4,-4
2022-05-30 15:28:11.791,16535,16537,16537,3,3
2022-05-30 15:28:20.936,16535,16537,16537,3,3
2022-05-30 15:28:27.479,16536,16537,16537,1,1
2022-05-30 15:28:51.190,16535,16537,16537,1,1
2022-05-30 15:28:54.923,16535,16537,16535,3,-3
2022-05-30 15:28:56.688,16535,16537,16537,2,2
2022-05-30 15:28:57.721,16535,16537,16535,1,-1
2022-05-30 15:28:58.651,16535,16537,16535,1,-1
2022-05-30 15:29:01.079,16536,16538,16536,1,-1
2022-05-30 15:29:01.383,16536,16538,16538,1,1
2022-05-30 15:29:03.960,16536,16538,16538,1,1
2022-05-30 15:29:05.473,16537,16538,16538,6,6
2022-05-30 15:29:06.099,16538,16539,16538,3,-3
2022-05-30 15:29:10.026,16538,16539,16538,1,-1
2022-05-30 15:29:12.194,16537,16539,16539,1,1
2022-05-30 15:29:12.454,16537,16539,16539,1,1
2022-05-30 15:29:18.584,16537,16539,16537,1,-1
2022-05-30 15:29:19.472,16537,16539,16539,2,2
2022-05-30 15:29:19.692,16537,16539,16537,1,-1
2022-05-30 15:29:19.818,16537,16539,16537,1,-1
2022-05-30 15:29:19.818,16537,16539,16537,1,-1
2022-05-30 15:29:27.096,16537,16539,16539,2,2
2022-05-30 15:29:27.624,16537,16539,16537,1,-1
2022-05-30 15:29:30.886,16537,16538,16537,2,-2
2022-05-30 15:29:35.621,16537,16538,16537,1,-1
2022-05-30 15:29:35.630,16537,16538,16536,4,-4
2022-05-30 15:29:35.691,16535,16536,16536,1,1
2022-05-30 15:29:37.460,16535,16536,16535,2,-2
2022-05-30 15:29:37.460,16535,16536,16535,1,-1
2022-05-30 15:29:37.460,16535,16536,16535,1,-1
2022-05-30 15:29:46.532,16534,16536,16534,1,-1
2022-05-30 15:30:00.153,16535,16536,16536,1,1
2022-05-30 15:30:00.330,16535,16536,16535,1,-1
2022-05-30 15:30:00.331,16535,16536,16534,1,-1
2022-05-30 15:30:00.342,16535,16536,16534,1,-1
2022-05-30 15:30:00.379,16535,16536,16534,1,-1
2022-05-30 15:30:00.397,16535,16536,16534,1,-1
2022-05-30 15:30:00.403,16535,16536,16534,1,-1
2022-05-30 15:30:00.404,16535,16536,16534,1,-1
2022-05-30 15:30:00.415,16534,16536,16534,1,-1
2022-05-30 15:30:00.429,16534,16536,16534,1,-1
2022-05-30 15:30:00.430,16534,16536,16533,1,-1
2022-05-30 15:30:00.443,16534,16536,16533,1,-1
2022-05-30 15:30:00.454,16534,16536,16533,1,-1
2022-05-30 15:30:00.457,16534,16536,16533,1,-1
2022-05-30 15:30:00.489,16534,16536,16533,1,-1
2022-05-30 15:30:00.504,16534,16536,16533,1,-1
2022-05-30 15:30:00.731,16534,16536,16534,1,-1
2022-05-30 15:30:00.731,16534,16536,16533,1,-1
2022-05-30 15:30:00.756,16534,16536,16533,2,-2
2022-05-30 15:30:00.776,16534,16536,16533,1,-1
2022-05-30 15:30:00.915,16533,16535,16533,1,-1
2022-05-30 15:30:00.917,16533,16535,16533,1,-1
2022-05-30 15:30:00.951,16533,16535,16533,1,-1
2022-05-30 15:30:01.001,16533,16535,16533,1,-1
2022-05-30 15:30:01.041,16533,16535,16533,1,-1
2022-05-30 15:30:01.048,16533,16535,16532,1,-1
2022-05-30 15:30:01.163,16532,16534,16532,1,-1
2022-05-30 15:30:01.226,16532,16534,16532,1,-1
2022-05-30 15:30:01.240,16532,16534,16532,1,-1
2022-05-30 15:30:01.276,16532,16534,16532,1,-1
2022-05-30 15:30:01.290,16532,16534,16532,2,-2
2022-05-30 15:30:01.335,16532,16534,16532,1,-1
2022-05-30 15:30:01.371,16532,16534,16532,1,-1
2022-05-30 15:30:01.425,16532,16534,16533,1,-1
2022-05-30 15:30:01.430,16532,16534,16534,1,1
2022-05-30 15:30:01.548,16533,16534,16533,2,-2
2022-05-30 15:30:01.549,16533,16534,16533,3,-3
2022-05-30 15:30:01.657,16533,16534,16533,1,-1
2022-05-30 15:30:01.741,16532,16534,16533,1,-1
2022-05-30 15:30:01.917,16533,16534,16533,2,-2
2022-05-30 15:30:01.917,16533,16534,16532,1,-1
2022-05-30 15:30:01.936,16533,16534,16534,4,4
2022-05-30 15:30:01.936,16533,16534,16534,1,1
2022-05-30 15:30:02.049,16533,16535,16533,2,-2
2022-05-30 15:30:02.626,16533,16534,16534,1,1
2022-05-30 15:30:03.608,16534,16536,16534,1,-1
2022-05-30 15:30:06.270,16533,16534,16534,1,1
2022-05-30 15:30:06.353,16533,16535,16535,1,1
2022-05-30 15:30:10.932,16535,16537,16535,1,-1
2022-05-30 15:30:11.681,16535,16537,16537,1,1
2022-05-30 15:30:13.483,16535,16537,16537,4,4
2022-05-30 15:30:16.522,16535,16537,16537,1,1
2022-05-30 15:30:20.368,16535,16537,16535,1,-1
2022-05-30 15:30:21.625,16535,16537,16537,1,1
2022-05-30 15:30:33.778,16537,16538,16538,1,1
2022-05-30 15:30:33.807,16538,16539,16539,2,2
2022-05-30 15:30:33.807,16538,16539,16539,7,7
2022-05-30 15:30:36.174,16538,16540,16540,1,1
2022-05-30 15:30:36.349,16538,16540,16540,2,2
2022-05-30 15:30:36.735,16539,16540,16539,1,-1
2022-05-30 15:30:36.735,16539,16540,16538,2,-2
2022-05-30 15:30:38.555,16538,16540,16538,1,-1
2022-05-30 15:30:40.313,16538,16540,16540,1,1
2022-05-30 15:30:40.689,16538,16540,16540,2,2
2022-05-30 15:30:40.697,16538,16540,16538,1,-1
2022-05-30 15:30:43.133,16538,16540,16538,1,-1
2022-05-30 15:30:44.568,16538,16540,16538,2,-2
2022-05-30 15:30:45.093,16537,16539,16537,1,-1
2022-05-30 15:30:50.572,16537,16538,16538,1,1
2022-05-30 15:30:51.174,16537,16538,16538,1,1
2022-05-30 15:30:54.466,16537,16538,16538,1,1
2022-05-30 15:30:56.729,16538,16539,16539,1,1
2022-05-30 15:31:03.382,16538,16539,16538,4,-4
2022-05-30 15:31:03.731,16537,16538,16537,1,-1
2022-05-30 15:31:04.290,16537,16538,16537,1,-1
2022-05-30 15:31:04.412,16537,16538,16538,1,1
2022-05-30 15:31:14.398,16537,16539,16537,1,-1
2022-05-30 15:31:14.977,16537,16539,16537,1,-1
2022-05-30 15:31:16.726,16537,16539,16538,1,-1
2022-05-30 15:31:16.806,16537,16539,16537,1,-1
2022-05-30 15:31:19.612,16538,16539,16539,1,1
2022-05-30 15:31:20.613,16538,16539,16538,1,-1
2022-05-30 15:31:25.113,16538,16539,16538,1,-1
2022-05-30 15:31:33.980,16538,16539,16539,2,2
2022-05-30 15:31:37.659,16539,16540,16540,1,1
2022-05-30 15:31:37.887,16539,16540,16539,1,-1
2022-05-30 15:31:38.015,16539,16540,16540,7,7
2022-05-30 15:31:38.837,16540,16541,16540,1,-1
2022-05-30 15:31:41.045,16539,16541,16539,1,-1
2022-05-30 15:31:41.077,16539,16541,16541,1,1
2022-05-30 15:31:41.182,16539,16541,16541,1,1
2022-05-30 15:31:42.434,16539,16541,16539,1,-1
2022-05-30 15:31:45.240,16540,16541,16541,1,1
2022-05-30 15:31:46.014,16539,16541,16541,3,3
2022-05-30 15:31:47.094,16539,16541,16539,1,-1
2022-05-30 15:31:48.190,16540,16541,16540,1,-1
2022-05-30 15:31:49.051,16539,16541,16539,1,-1
2022-05-30 15:31:53.702,16539,16540,16540,1,1
2022-05-30 15:31:54.270,16539,16541,16539,1,-1
2022-05-30 15:32:00.479,16540,16541,16541,6,6
2022-05-30 15:32:00.479,16540,16541,16542,1,1
2022-05-30 15:32:00.563,16540,16542,16542,2,2
2022-05-30 15:32:00.569,16540,16542,16542,1,1
2022-05-30 15:32:00.695,16540,16542,16542,1,1
2022-05-30 15:32:04.083,16540,16542,16541,1,1
2022-05-30 15:32:04.161,16540,16542,16542,7,7
2022-05-30 15:32:04.353,16541,16543,16541,1,-1
2022-05-30 15:32:04.556,16541,16543,16542,1,-1
2022-05-30 15:32:05.128,16541,16542,16542,1,1
2022-05-30 15:32:05.828,16541,16543,16543,1,1
2022-05-30 15:32:08.292,16542,16543,16543,1,1
2022-05-30 15:32:08.292,16542,16543,16543,2,2
2022-05-30 15:32:11.608,16543,16544,16543,1,-1
2022-05-30 15:32:12.360,16542,16544,16544,2,2
2022-05-30 15:32:13.865,16543,16544,16544,1,1
2022-05-30 15:32:15.123,16542,16544,16544,1,1
2022-05-30 15:32:16.378,16542,16544,16542,2,-2
2022-05-30 15:32:18.002,16540,16543,16543,6,6
2022-05-30 15:32:18.907,16542,16543,16543,1,1
2022-05-30 15:32:19.881,16542,16543,16542,1,-1
2022-05-30 15:32:22.626,16541,16543,16543,1,1
2022-05-30 15:32:22.630,16541,16543,16544,1,1
2022-05-30 15:32:25.074,16542,16543,16543,1,1
2022-05-30 15:32:25.353,16542,16543,16543,2,2
2022-05-30 15:32:35.139,16543,16544,16544,1,1
2022-05-30 15:32:35.140,16543,16544,16544,2,2
2022-05-30 15:32:35.199,16543,16544,16544,1,1
2022-05-30 15:32:35.260,16543,16544,16544,1,1
2022-05-30 15:32:35.260,16543,16544,16544,2,2
2022-05-30 15:32:35.498,16544,16545,16545,2,2
2022-05-30 15:32:35.628,16544,16545,16545,1,1
2022-05-30 15:32:35.737,16544,16545,16544,1,-1
2022-05-30 15:32:37.802,16544,16545,16545,1,1
2022-05-30 15:32:38.271,16544,16545,16545,2,2
2022-05-30 15:32:38.412,16544,16545,16544,1,-1
2022-05-30 15:32:39.419,16544,16545,16544,1,-1
2022-05-30 15:32:39.848,16544,16545,16545,1,1
2022-05-30 15:32:41.956,16544,16545,16545,1,1
2022-05-30 15:32:41.956,16544,16545,16545,1,1
2022-05-30 15:32:41.956,16544,16545,16545,2,2
2022-05-30 15:32:43.467,16545,16546,16545,2,-2
2022-05-30 15:32:43.760,16545,16546,16546,2,2
2022-05-30 15:32:43.804,16545,16546,16546,1,1
2022-05-30 15:32:43.809,16545,16546,16547,1,1
2022-05-30 15:32:46.552,16545,16546,16545,2,-2
2022-05-30 15:32:49.075,16544,16545,16544,1,-1
2022-05-30 15:32:49.081,16544,16545,16545,1,1
2022-05-30 15:32:50.130,16544,16545,16545,1,1
2022-05-30 15:32:52.123,16544,16545,16545,1,1
2022-05-30 15:32:52.492,16544,16545,16545,1,1
2022-05-30 15:32:55.175,16544,16545,16545,2,2
2022-05-30 15:32:56.807,16544,16545,16544,1,-1
2022-05-30 15:32:56.807,16544,16545,16544,4,-4
2022-05-30 15:32:57.415,16543,16544,16543,1,-1
2022-05-30 15:32:57.974,16543,16544,16544,1,1
2022-05-30 15:32:58.273,16543,16544,16543,6,-6
2022-05-30 15:32:58.274,16543,16544,16542,1,-1
2022-05-30 15:32:58.600,16541,16543,16543,1,1
2022-05-30 15:32:58.622,16541,16543,16543,1,1
2022-05-30 15:33:01.069,16541,16543,16541,1,-1
2022-05-30 15:33:02.756,16541,16542,16541,2,-2
2022-05-30 15:33:02.756,16541,16542,16541,2,-2
2022-05-30 15:33:02.756,16541,16542,16541,1,-1
2022-05-30 15:33:02.756,16541,16542,16541,1,-1
2022-05-30 15:33:04.943,16540,16541,16541,1,1
2022-05-30 15:33:08.632,16542,16544,16542,1,-1
2022-05-30 15:33:13.310,16542,16544,16544,1,1
2022-05-30 15:33:14.120,16542,16544,16544,2,2
2022-05-30 15:33:17.051,16542,16544,16544,1,1
2022-05-30 15:33:18.060,16543,16544,16543,1,-1
2022-05-30 15:33:30.267,16544,16545,16544,2,-2
2022-05-30 15:33:49.609,16543,16545,16543,3,-3
2022-05-30 15:34:01.503,16543,16545,16545,1,1
2022-05-30 15:34:13.387,16543,16545,16545,1,1
2022-05-30 15:34:16.141,16543,16544,16543,9,-9
2022-05-30 15:34:16.141,16543,16544,16543,1,-1
2022-05-30 15:34:16.142,16543,16544,16543,1,-1
2022-05-30 15:34:17.242,16542,16543,16543,1,1
2022-05-30 15:34:18.281,16542,16543,16543,1,1
2022-05-30 15:34:28.915,16542,16543,16542,1,-1
2022-05-30 15:34:35.221,16542,16543,16543,1,1
2022-05-30 15:34:35.287,16542,16543,16543,1,1
2022-05-30 15:34:40.896,16542,16543,16543,1,1
2022-05-30 15:34:41.602,16542,16543,16542,1,-1
2022-05-30 15:34:43.836,16542,16543,16542,1,-1
2022-05-30 15:34:58.232,16542,16543,16543,1,1
2022-05-30 15:35:00.161,16543,16544,16544,1,1
2022-05-30 15:35:00.161,16543,16544,16544,5,5
2022-05-30 15:35:01.855,16544,16545,16544,2,-2
2022-05-30 15:35:02.202,16543,16545,16543,4,-4
2022-05-30 15:35:02.236,16543,16545,16545,1,1
2022-05-30 15:35:02.278,16543,16545,16543,2,-2
2022-05-30 15:35:10.686,16544,16545,16545,1,1
2022-05-30 15:35:10.686,16544,16545,16545,1,1
2022-05-30 15:35:10.690,16544,16545,16545,3,3
2022-05-30 15:35:15.875,16544,16545,16544,8,-8
2022-05-30 15:35:16.076,16543,16545,16545,1,1
2022-05-30 15:35:16.229,16543,16545,16545,1,1
2022-05-30 15:35:18.314,16543,16545,16543,6,-6
2022-05-30 15:35:18.315,16543,16545,16543,1,-1
2022-05-30 15:35:31.349,16543,16544,16544,1,1
2022-05-30 15:35:33.348,16543,16545,16543,1,-1
2022-05-30 15:35:41.039,16544,16545,16545,1,1
2022-05-30 15:35:42.950,16544,16545,16545,9,9
2022-05-30 15:35:42.950,16544,16545,16546,1,1
2022-05-30 15:35:47.185,16544,16545,16545,1,1
2022-05-30 15:35:48.623,16544,16545,16545,1,1
2022-05-30 15:35:49.590,16544,16546,16546,1,1
2022-05-30 15:35:49.955,16544,16546,16546,1,1
2022-05-30 15:35:51.072,16545,16546,16545,1,-1
2022-05-30 15:35:52.500,16544,16545,16544,1,-1
2022-05-30 15:35:53.094,16544,16545,16545,2,2
2022-05-30 15:35:54.791,16544,16545,16544,3,-3
2022-05-30 15:35:54.792,16544,16545,16544,1,-1
2022-05-30 15:35:54.856,16544,16545,16543,2,-2
2022-05-30 15:35:55.372,16543,16544,16544,2,2
2022-05-30 15:35:56.834,16543,16544,16543,1,-1
2022-05-30 15:35:58.215,16543,16544,16544,1,1
2022-05-30 15:36:05.403,16543,16544,16544,1,1
2022-05-30 15:36:06.260,16543,16544,16544,2,2
2022-05-30 15:36:06.630,16543,16544,16544,1,1
2022-05-30 15:36:07.230,16543,16544,16543,5,-5
2022-05-30 15:36:07.230,16543,16544,16543,1,-1
2022-05-30 15:36:07.231,16543,16544,16543,1,-1
2022-05-30 15:36:07.231,16543,16544,16543,1,-1
2022-05-30 15:36:16.550,16542,16543,16543,1,1
2022-05-30 15:36:16.934,16542,16543,16542,2,-2
2022-05-30 15:36:23.481,16542,16543,16542,1,-1
2022-05-30 15:36:23.481,16542,16543,16542,1,-1
2022-05-30 15:36:23.482,16542,16543,16542,1,-1
2022-05-30 15:36:29.817,16541,16542,16542,1,1
2022-05-30 15:36:35.967,16541,16542,16542,2,2
2022-05-30 15:36:36.090,16542,16543,16543,2,2
2022-05-30 15:36:36.204,16543,16544,16543,1,-1
2022-05-30 15:36:42.679,16542,16543,16542,1,-1
2022-05-30 15:36:46.073,16542,16543,16542,1,-1
2022-05-30 15:36:46.245,16542,16543,16543,1,1
2022-05-30 15:36:46.483,16543,16544,16543,1,-1
2022-05-30 15:36:53.201,16542,16543,16542,1,-1
2022-05-30 15:36:56.418,16542,16543,16542,1,-1
2022-05-30 15:36:57.118,16542,16543,16542,1,-1
2022-05-30 15:36:58.758,16542,16543,16542,1,-1
2022-05-30 15:36:59.949,16542,16543,16542,3,-3
2022-05-30 15:37:07.009,16541,16542,16542,1,1
2022-05-30 15:37:12.090,16541,16542,16541,1,-1
2022-05-30 15:37:20.114,16541,16542,16541,6,-6
2022-05-30 15:37:24.971,16541,16542,16542,1,1
2022-05-30 15:37:29.737,16542,16543,16542,1,-1
2022-05-30 15:37:37.154,16542,16543,16543,3,3
2022-05-30 15:37:37.155,16542,16543,16543,3,3
2022-05-30 15:37:39.435,16543,16544,16544,1,1
2022-05-30 15:37:39.435,16543,16544,16544,2,2
2022-05-30 15:37:43.316,16543,16545,16545,2,2
2022-05-30 15:37:55.395,16544,16545,16544,1,-1
2022-05-30 15:38:00.059,16544,16545,16545,3,3
2022-05-30 15:38:00.270,16544,16545,16544,1,-1
2022-05-30 15:38:12.614,16544,16545,16544,1,-1
2022-05-30 15:38:12.763,16544,16545,16544,1,-1
2022-05-30 15:38:17.874,16544,16545,16544,2,-2
2022-05-30 15:38:21.796,16543,16544,16544,1,1
2022-05-30 15:38:21.796,16543,16544,16544,4,4
2022-05-30 15:38:21.943,16543,16545,16545,2,2
2022-05-30 15:38:23.965,16543,16545,16543,1,-1
2022-05-30 15:38:31.116,16543,16544,16543,1,-1
2022-05-30 15:38:32.050,16543,16544,16544,1,1
2022-05-30 15:38:36.774,16544,16545,16545,1,1
2022-05-30 15:38:36.774,16544,16545,16545,1,1
2022-05-30 15:38:36.774,16544,16545,16545,2,2
2022-05-30 15:38:45.500,16544,16545,16544,2,-2
2022-05-30 15:38:47.388,16544,16545,16544,13,-13
2022-05-30 15:38:48.951,16543,16544,16544,1,1
2022-05-30 15:38:52.304,16543,16544,16543,4,-4
2022-05-30 15:39:00.191,16542,16543,16542,2,-2
2022-05-30 15:39:00.286,16542,16543,16542,1,-1
2022-05-30 15:39:09.952,16542,16543,16543,1,1
2022-05-30 15:39:11.938,16542,16543,16542,1,-1
2022-05-30 15:39:14.128,16542,16543,16542,2,-2
2022-05-30 15:39:16.378,16542,16543,16542,1,-1
2022-05-30 15:39:17.097,16541,16543,16542,1,-1
2022-05-30 15:39:19.471,16541,16543,16541,5,-5
2022-05-30 15:39:19.656,16541,16543,16543,1,1
2022-05-30 15:39:19.745,16541,16543,16543,1,1
2022-05-30 15:39:24.846,16542,16543,16542,1,-1
2022-05-30 15:39:34.007,16542,16543,16543,1,1
2022-05-30 15:39:34.007,16542,16543,16543,2,2
2022-05-30 15:39:34.008,16542,16543,16543,1,1
2022-05-30 15:39:38.250,16542,16544,16542,1,-1
2022-05-30 15:39:41.860,16542,16544,16542,1,-1
2022-05-30 15:39:44.829,16543,16544,16543,1,-1
2022-05-30 15:40:00.188,16543,16544,16543,2,-2
2022-05-30 15:40:03.673,16542,16543,16542,4,-4
2022-05-30 15:40:03.685,16542,16543,16541,7,-7
2022-05-30 15:40:03.895,16540,16542,16540,1,-1
2022-05-30 15:40:03.962,16540,16542,16540,1,-1
2022-05-30 15:40:04.097,16540,16541,16541,1,1
2022-05-30 15:40:04.200,16540,16541,16540,1,-1
2022-05-30 15:40:04.200,16540,16541,16540,1,-1
2022-05-30 15:40:04.200,16540,16541,16540,9,-9
2022-05-30 15:40:04.200,16540,16541,16540,2,-2
2022-05-30 15:40:04.200,16540,16541,16540,2,-2
2022-05-30 15:40:04.200,16540,16541,16540,2,-2
2022-05-30 15:40:18.923,16540,16541,16540,3,-3
2022-05-30 15:40:20.191,16540,16541,16540,1,-1
2022-05-30 15:40:20.889,16540,16541,16540,2,-2
2022-05-30 15:40:20.889,16540,16541,16539,14,-14
2022-05-30 15:40:20.891,16540,16541,16539,17,-17
2022-05-30 15:40:22.875,16538,16539,16538,1,-1
2022-05-30 15:40:25.009,16538,16539,16538,3,-3
2022-05-30 15:40:25.009,16538,16539,16538,3,-3
2022-05-30 15:40:25.011,16538,16539,16537,10,-10
2022-05-30 15:40:25.383,16536,16538,16536,1,-1
2022-05-30 15:40:27.781,16537,16539,16538,1,-1
2022-05-30 15:40:40.187,16537,16538,16537,1,-1
2022-05-30 15:40:41.824,16537,16538,16537,2,-2
2022-05-30 15:40:41.824,16537,16538,16536,3,-3
2022-05-30 15:40:46.999,16536,16538,16536,1,-1
2022-05-30 15:40:47.906,16536,16538,16536,6,-6
2022-05-30 15:40:49.196,16535,16537,16535,1,-1
2022-05-30 15:40:49.509,16535,16537,16535,1,-1
2022-05-30 15:40:50.382,16535,16537,16535,1,-1
2022-05-30 15:40:54.785,16535,16536,16535,1,-1
2022-05-30 15:40:55.390,16535,16536,16535,1,-1
2022-05-30 15:40:55.934,16535,16536,16535,1,-1
2022-05-30 15:40:56.285,16535,16536,16535,3,-3
2022-05-30 15:40:56.286,16535,16536,16535,2,-2
2022-05-30 15:40:56.286,16535,16536,16535,2,-2
2022-05-30 15:40:57.256,16535,16537,16535,1,-1
2022-05-30 15:40:57.577,16535,16536,16535,1,-1
2022-05-30 15:41:01.341,16535,16537,16535,1,-1
2022-05-30 15:41:02.561,16535,16537,16535,1,-1
2022-05-30 15:41:04.035,16536,16537,16536,2,-2
2022-05-30 15:41:05.003,16536,16537,16537,2,2
2022-05-30 15:41:05.003,16536,16537,16537,1,1
2022-05-30 15:41:05.004,16536,16537,16537,4,4
2022-05-30 15:41:07.826,16537,16538,16538,1,1
2022-05-30 15:41:10.079,16536,16538,16538,1,1
2022-05-30 15:41:10.677,16536,16538,16538,1,1
2022-05-30 15:41:11.667,16536,16538,16538,1,1
2022-05-30 15:41:15.283,16536,16537,16537,1,1
2022-05-30 15:41:15.283,16536,16537,16538,1,1
2022-05-30 15:41:15.635,16536,16538,16536,2,-2
2022-05-30 15:41:15.991,16536,16538,16536,1,-1
2022-05-30 15:41:21.117,16536,16538,16536,1,-1
2022-05-30 15:41:21.315,16536,16538,16536,1,-1
2022-05-30 15:41:23.070,16537,16538,16538,2,2
2022-05-30 15:41:24.820,16538,16539,16538,1,-1
2022-05-30 15:41:34.199,16537,16538,16538,1,1
2022-05-30 15:41:34.942,16537,16538,16538,1,1
2022-05-30 15:41:36.677,16538,16539,16538,1,-1
2022-05-30 15:41:42.358,16538,16539,16539,1,1
2022-05-30 15:41:50.538,16538,16539,16539,1,1
2022-05-30 15:41:54.767,16539,16540,16540,5,5
2022-05-30 15:41:54.807,16540,16542,16540,1,-1
2022-05-30 15:41:55.191,16540,16542,16542,1,1
2022-05-30 15:41:58.960,16540,16541,16540,1,-1
2022-05-30 15:42:00.194,16540,16541,16541,1,1
2022-05-30 15:42:00.537,16540,16541,16540,2,-2
2022-05-30 15:42:00.537,16540,16541,16539,1,-1
2022-05-30 15:42:00.789,16540,16541,16540,1,-1
2022-05-30 15:42:04.399,16540,16541,16540,1,-1
2022-05-30 15:42:04.400,16540,16541,16540,1,-1
2022-05-30 15:42:06.392,16539,16540,16540,1,1
2022-05-30 15:42:23.557,16539,16540,16539,1,-1
2022-05-30 15:42:24.699,16538,16540,16538,2,-2
2022-05-30 15:42:37.510,16538,16539,16538,2,-2
2022-05-30 15:42:43.841,16537,16538,16537,5,-5
2022-05-30 15:42:44.157,16537,16538,16537,1,-1
2022-05-30 15:42:48.393,16537,16538,16538,1,1
2022-05-30 15:42:49.111,16538,16539,16539,1,1
2022-05-30 15:42:53.199,16537,16539,16537,1,-1
2022-05-30 15:42:55.473,16537,16539,16539,1,1
2022-05-30 15:42:55.745,16537,16539,16539,2,2
2022-05-30 15:42:55.746,16537,16539,16539,1,1
2022-05-30 15:43:00.237,16539,16540,16539,1,-1
2022-05-30 15:43:09.914,16539,16540,16540,7,7
2022-05-30 15:43:09.915,16539,16540,16540,5,5
2022-05-30 15:43:09.915,16539,16540,16540,1,1
2022-05-30 15:43:14.158,16540,16541,16540,3,-3
2022-05-30 15:43:19.508,16539,16540,16539,1,-1
2022-05-30 15:43:19.594,16538,16540,16540,1,1
2022-05-30 15:43:19.625,16538,16540,16540,2,2
2022-05-30 15:43:44.904,16539,16540,16540,1,1
2022-05-30 15:43:45.036,16539,16540,16540,1,1
2022-05-30 15:43:56.727,16540,16541,16541,1,1
2022-05-30 15:43:58.039,16540,16541,16541,1,1
2022-05-30 15:43:58.040,16540,16541,16541,2,2
2022-05-30 15:44:01.975,16540,16541,16541,1,1
2022-05-30 15:44:04.119,16540,16542,16542,1,1
2022-05-30 15:44:04.161,16540,16542,16542,1,1
2022-05-30 15:44:04.194,16540,16542,16542,1,1
2022-05-30 15:44:08.885,16542,16543,16543,2,2
2022-05-30 15:44:08.939,16542,16544,16544,1,1
2022-05-30 15:44:31.425,16542,16543,16543,1,1
2022-05-30 15:44:35.631,16542,16543,16543,1,1
2022-05-30 15:44:36.241,16542,16543,16542,3,-3
2022-05-30 15:44:42.573,16540,16541,16541,1,1
2022-05-30 15:44:45.573,16540,16542,16542,1,1
2022-05-30 15:44:54.678,16540,16541,16540,5,-5
2022-05-30 15:44:59.507,16540,16541,16540,1,-1
2022-05-30 15:45:00.849,16539,16541,16541,2,2
2022-05-30 15:45:00.851,16539,16541,16541,1,1
2022-05-30 15:45:10.794,16540,16541,16541,1,1
2022-05-30 15:45:11.340,16541,16542,16542,1,1
2022-05-30 15:45:12.063,16541,16542,16541,1,-1
2022-05-30 15:45:16.752,16540,16541,16541,2,2
2022-05-30 15:45:16.752,16540,16541,16541,1,1
2022-05-30 15:45:17.455,16540,16541,16540,1,-1
2022-05-30 15:45:17.455,16540,16541,16540,6,-6
2022-05-30 15:45:19.034,16540,16541,16540,1,-1
2022-05-30 15:45:23.222,16539,16540,16540,1,1
2022-05-30 15:45:28.210,16539,16541,16541,4,4
2022-05-30 15:45:46.909,16540,16541,16540,2,-2
2022-05-30 15:45:50.560,16539,16540,16540,1,1
2022-05-30 15:45:51.274,16539,16541,16539,3,-3
2022-05-30 15:46:00.143,16539,16540,16540,3,3
2022-05-30 15:46:01.738,16539,16540,16539,1,-1
2022-05-30 15:46:18.483,16539,16540,16540,3,3
2022-05-30 15:46:23.493,16540,16541,16540,1,-1
2022-05-30 15:46:23.645,16539,16540,16540,3,3
2022-05-30 15:46:24.709,16539,16540,16540,1,1
2022-05-30 15:46:29.657,16540,16541,16541,2,2
2022-05-30 15:46:32.701,16541,16543,16541,2,-2
2022-05-30 15:46:35.454,16539,16541,16540,1,-1
2022-05-30 15:46:35.596,16539,16541,16541,1,1
2022-05-30 15:46:35.597,16539,16541,16541,2,2
2022-05-30 15:46:39.584,16539,16541,16541,1,1
2022-05-30 15:46:51.507,16540,16541,16540,1,-1
2022-05-30 15:46:51.507,16540,16541,16539,3,-3
2022-05-30 15:47:00.025,16539,16541,16539,2,-2
2022-05-30 15:47:03.607,16538,16539,16539,1,1
2022-05-30 15:47:05.472,16538,16540,16539,1,1
2022-05-30 15:47:08.619,16538,16539,16539,1,1
2022-05-30 15:47:10.566,16539,16540,16540,2,2
2022-05-30 15:47:12.178,16540,16541,16540,1,-1
2022-05-30 15:47:31.728,16540,16541,16541,1,1
2022-05-30 15:47:33.089,16540,16541,16541,1,1
2022-05-30 15:47:33.174,16540,16541,16541,6,6
2022-05-30 15:47:33.188,16540,16541,16541,1,1
2022-05-30 15:47:38.602,16541,16542,16542,1,1
2022-05-30 15:47:38.946,16541,16542,16542,1,1
2022-05-30 15:47:51.650,16541,16542,16541,4,-4
2022-05-30 15:47:52.192,16540,16541,16541,1,1
2022-05-30 15:47:52.923,16540,16541,16541,1,1
2022-05-30 15:47:54.624,16540,16541,16540,1,-1
2022-05-30 15:47:54.627,16540,16541,16539,4,-4
2022-05-30 15:47:59.049,16538,16540,16540,3,3
2022-05-30 15:48:02.348,16539,16540,16539,1,-1
2022-05-30 15:48:19.166,16539,16541,16541,1,1
2022-05-30 15:48:44.252,16540,16541,16540,1,-1
2022-05-30 15:48:47.505,16539,16540,16539,5,-5
2022-05-30 15:49:06.015,16538,16539,16539,1,1
2022-05-30 15:49:06.347,16538,16539,16538,3,-3
2022-05-30 15:49:06.376,16538,16539,16538,2,-2
2022-05-30 15:49:07.979,16537,16539,16537,1,-1
2022-05-30 15:49:14.110,16538,16539,16538,1,-1
2022-05-30 15:49:14.271,16538,16539,16538,1,-1
2022-05-30 15:49:14.786,16537,16539,16537,1,-1
2022-05-30 15:49:14.941,16537,16539,16537,1,-1
2022-05-30 15:49:22.801,16538,16539,16539,1,1
2022-05-30 15:49:33.333,16538,16539,16539,1,1
2022-05-30 15:49:52.018,16538,16539,16539,1,1
2022-05-30 15:49:52.088,16538,16539,16539,1,1
2022-05-30 15:50:00.487,16539,16540,16540,3,3
2022-05-30 15:50:00.487,16539,16540,16541,1,1
2022-05-30 15:50:07.127,16538,16541,16541,1,1
2022-05-30 15:50:07.487,16538,16541,16541,1,1
2022-05-30 15:50:07.806,16539,16541,16539,1,-1
2022-05-30 15:50:10.260,16539,16541,16541,1,1
2022-05-30 15:50:22.741,16540,16541,16541,4,4
2022-05-30 15:50:22.969,16541,16542,16541,1,-1
2022-05-30 15:50:28.372,16541,16542,16542,1,1
2022-05-30 15:50:28.412,16541,16542,16542,1,1
2022-05-30 15:50:30.489,16541,16542,16541,5,-5
2022-05-30 15:50:43.886,16540,16542,16542,1,1
2022-05-30 15:50:44.057,16540,16542,16542,1,1
2022-05-30 15:50:44.508,16540,16542,16542,1,1
2022-05-30 15:50:44.686,16540,16542,16542,1,1
2022-05-30 15:50:52.694,16541,16542,16541,2,-2
2022-05-30 15:51:04.181,16541,16542,16541,1,-1
2022-05-30 15:51:06.369,16540,16541,16540,3,-3
2022-05-30 15:51:13.649,16539,16540,16540,1,1
2022-05-30 15:51:50.234,16539,16541,16539,1,-1
2022-05-30 15:51:50.320,16539,16540,16540,1,1
2022-05-30 15:51:53.920,16540,16541,16541,3,3
2022-05-30 15:51:59.981,16541,16542,16542,1,1
2022-05-30 15:51:59.981,16541,16542,16542,1,1
2022-05-30 15:52:00.418,16542,16543,16543,1,1
2022-05-30 15:52:00.418,16542,16543,16543,1,1
2022-05-30 15:52:06.856,16543,16544,16543,1,-1
2022-05-30 15:52:09.125,16543,16544,16543,1,-1
2022-05-30 15:52:10.263,16543,16544,16544,1,1
2022-05-30 15:52:10.398,16543,16544,16544,1,1
2022-05-30 15:52:14.846,16543,16544,16544,7,7
2022-05-30 15:52:16.049,16544,16545,16544,1,-1
2022-05-30 15:52:16.776,16544,16545,16544,1,-1
2022-05-30 15:52:19.554,16544,16545,16545,1,1
2022-05-30 15:52:19.555,16544,16545,16545,1,1
2022-05-30 15:52:19.555,16544,16545,16545,1,1
2022-05-30 15:52:19.555,16544,16545,16545,4,4
2022-05-30 15:52:22.708,16545,16546,16546,1,1
2022-05-30 15:52:28.557,16545,16546,16545,1,-1
2022-05-30 15:52:33.331,16545,16546,16546,5,5
2022-05-30 15:52:33.331,16545,16546,16546,2,2
2022-05-30 15:52:35.578,16546,16547,16546,1,-1
2022-05-30 15:52:41.316,16546,16547,16546,2,-2
2022-05-30 15:52:41.841,16546,16547,16547,2,2
2022-05-30 15:52:42.147,16546,16547,16547,1,1
2022-05-30 15:52:42.147,16546,16547,16547,2,2
2022-05-30 15:52:42.148,16546,16547,16547,1,1
2022-05-30 15:52:43.687,16547,16548,16547,1,-1
2022-05-30 15:52:44.975,16546,16548,16548,1,1
2022-05-30 15:52:45.058,16546,16548,16548,1,1
2022-05-30 15:52:45.078,16546,16548,16548,1,1
2022-05-30 15:52:45.971,16546,16548,16547,1,1
2022-05-30 15:52:48.891,16546,16547,16547,1,1
2022-05-30 15:52:51.063,16547,16548,16547,1,-1
2022-05-30 15:52:51.199,16547,16548,16547,1,-1
2022-05-30 15:52:52.365,16547,16548,16547,1,-1
2022-05-30 15:52:56.871,16547,16548,16548,1,1
2022-05-30 15:52:57.172,16547,16548,16547,1,-1
2022-05-30 15:52:58.600,16547,16548,16547,1,-1
2022-05-30 15:53:00.536,16547,16548,16547,1,-1
2022-05-30 15:53:01.804,16547,16548,16548,5,5
2022-05-30 15:53:01.911,16547,16548,16548,1,1
2022-05-30 15:53:01.912,16547,16548,16548,2,2
2022-05-30 15:53:02.527,16548,16549,16548,1,-1
2022-05-30 15:53:02.527,16548,16549,16547,3,-3
2022-05-30 15:53:06.197,16547,16548,16548,1,1
2022-05-30 15:53:11.846,16548,16549,16549,1,1
2022-05-30 15:53:11.846,16548,16549,16549,4,4
2022-05-30 15:53:12.859,16549,16550,16549,1,-1
2022-05-30 15:53:14.050,16549,16550,16550,2,2
2022-05-30 15:53:14.271,16549,16550,16550,1,1
2022-05-30 15:53:14.505,16549,16550,16550,2,2
2022-05-30 15:53:14.506,16549,16550,16550,2,2
2022-05-30 15:53:14.507,16549,16550,16550,1,1
