2019-03-27 15:00:00.088,10525,10525,10525,19,19
2019-03-27 15:00:00.114,10525,10525,10525,1,1
2019-03-27 15:00:00.700,10524,10524,10524,1,-1
2019-03-27 15:00:01.030,10525,10525,10525,1,1
2019-03-27 15:00:01.146,10525,10525,10525,6,6
2019-03-27 15:00:01.298,10526,10526,10526,2,2
2019-03-27 15:00:01.396,10525,10525,10525,1,-1
2019-03-27 15:00:01.595,10526,10526,10526,4,4
2019-03-27 15:00:01.707,10526,10526,10526,2,2
2019-03-27 15:00:02.126,10526,10526,10526,4,4
2019-03-27 15:00:02.152,10526,10526,10526,2,2
2019-03-27 15:00:02.253,10526,10526,10526,4,4
2019-03-27 15:00:02.646,10526,10526,10526,3,3
2019-03-27 15:00:03.396,10526,10526,10526,1,1
2019-03-27 15:00:03.506,10526,10526,10526,1,1
2019-03-27 15:00:04.814,10525,10525,10525,3,-3
2019-03-27 15:00:08.482,10526,10526,10526,1,1
2019-03-27 15:00:11.765,10526,10526,10526,1,1
2019-03-27 15:00:17.047,10525,10525,10525,2,-2
2019-03-27 15:00:18.577,10525,10525,10525,6,6
2019-03-27 15:00:18.577,10525,10525,10525,8,8
2019-03-27 15:00:19.681,10524,10524,10524,1,-1
2019-03-27 15:00:20.112,10524,10524,10524,5,5
2019-03-27 15:00:31.910,10524,10524,10524,3,3
2019-03-27 15:00:31.910,10523,10523,10523,11,-11
2019-03-27 15:00:34.550,10524,10524,10524,1,1
2019-03-27 15:00:39.581,10523,10523,10523,1,-1
2019-03-27 15:00:40.871,10524,10524,10524,1,1
2019-03-27 15:00:42.771,10524,10524,10524,1,1
2019-03-27 15:00:46.826,10523,10523,10523,1,-1
2019-03-27 15:00:54.801,10523,10523,10523,1,1
2019-03-27 15:01:00.264,10523,10523,10523,1,1
2019-03-27 15:01:00.390,10523,10523,10523,1,1
2019-03-27 15:01:06.475,10523,10523,10523,1,1
2019-03-27 15:01:17.776,10524,10524,10524,1,1
2019-03-27 15:01:18.998,10523,10523,10523,1,-1
2019-03-27 15:01:21.948,10523,10523,10523,4,4
2019-03-27 15:01:31.981,10523,10523,10523,1,1
2019-03-27 15:01:32.151,10523,10523,10523,1,1
2019-03-27 15:01:41.211,10524,10524,10524,1,1
2019-03-27 15:01:44.800,10524,10524,10524,12,12
2019-03-27 15:01:47.309,10524,10524,10524,1,1
2019-03-27 15:01:49.275,10524,10524,10524,1,1
2019-03-27 15:01:49.475,10524,10524,10524,1,1
2019-03-27 15:01:52.779,10524,10524,10524,2,2
2019-03-27 15:01:53.105,10524,10524,10524,1,1
2019-03-27 15:01:55.196,10524,10524,10524,1,1
2019-03-27 15:01:55.537,10524,10524,10524,1,1
2019-03-27 15:02:00.985,10524,10524,10524,1,1
2019-03-27 15:02:02.484,10524,10524,10524,1,1
2019-03-27 15:02:08.739,10524,10524,10524,1,1
2019-03-27 15:02:13.294,10524,10524,10524,1,1
2019-03-27 15:02:16.672,10524,10524,10524,3,3
2019-03-27 15:02:16.784,10524,10524,10524,3,3
2019-03-27 15:02:20.130,10524,10524,10524,1,1
2019-03-27 15:02:20.194,10524,10524,10524,1,1
2019-03-27 15:02:40.930,10524,10524,10524,3,3
2019-03-27 15:02:43.338,10524,10524,10524,1,1
2019-03-27 15:02:50.497,10524,10524,10524,1,1
2019-03-27 15:02:53.148,10524,10524,10524,1,1
2019-03-27 15:02:59.659,10524,10524,10524,2,2
2019-03-27 15:03:11.802,10524,10524,10524,1,1
2019-03-27 15:03:12.513,10524,10524,10524,1,1
2019-03-27 15:03:12.521,10524,10524,10524,2,2
2019-03-27 15:03:12.521,10524,10524,10524,6,6
2019-03-27 15:03:12.760,10524,10524,10524,2,2
2019-03-27 15:03:12.765,10524,10524,10524,2,2
2019-03-27 15:03:18.602,10524,10524,10524,1,1
2019-03-27 15:03:30.184,10524,10524,10524,2,2
2019-03-27 15:03:30.834,10524,10524,10524,2,2
2019-03-27 15:03:31.784,10524,10524,10524,2,2
2019-03-27 15:03:32.022,10524,10524,10524,1,1
2019-03-27 15:03:33.432,10524,10524,10524,1,1
2019-03-27 15:03:36.982,10524,10524,10524,1,1
2019-03-27 15:03:38.790,10524,10524,10524,1,1
2019-03-27 15:03:42.593,10524,10524,10524,2,2
2019-03-27 15:03:52.516,10525,10525,10525,2,2
2019-03-27 15:03:54.754,10524,10524,10524,2,-2
2019-03-27 15:04:03.843,10524,10524,10524,1,1
2019-03-27 15:04:04.392,10524,10524,10524,2,2
2019-03-27 15:04:06.888,10525,10525,10525,1,1
2019-03-27 15:04:08.588,10525,10525,10525,1,1
2019-03-27 15:04:09.958,10524,10524,10524,1,-1
2019-03-27 15:04:10.176,10525,10525,10525,1,1
2019-03-27 15:04:11.421,10525,10525,10525,1,1
2019-03-27 15:04:12.332,10525,10525,10525,1,1
2019-03-27 15:04:13.133,10525,10525,10525,1,1
2019-03-27 15:04:13.955,10525,10525,10525,1,1
2019-03-27 15:04:14.731,10525,10525,10525,1,1
2019-03-27 15:04:15.541,10525,10525,10525,1,1
2019-03-27 15:04:16.394,10525,10525,10525,1,1
2019-03-27 15:04:17.499,10525,10525,10525,1,1
2019-03-27 15:04:18.331,10525,10525,10525,1,1
2019-03-27 15:04:18.385,10525,10525,10525,1,1
2019-03-27 15:04:22.194,10524,10524,10524,3,-3
2019-03-27 15:04:22.659,10525,10525,10525,1,1
2019-03-27 15:04:24.882,10524,10524,10524,1,-1
2019-03-27 15:04:26.930,10525,10525,10525,1,1
2019-03-27 15:04:28.515,10525,10525,10525,1,1
2019-03-27 15:04:30.339,10525,10525,10525,1,1
2019-03-27 15:04:39.000,10525,10525,10525,2,2
2019-03-27 15:04:40.128,10525,10525,10525,5,5
2019-03-27 15:04:42.832,10525,10525,10525,2,2
2019-03-27 15:04:43.626,10525,10525,10525,1,1
2019-03-27 15:04:44.641,10525,10525,10525,1,1
2019-03-27 15:04:46.190,10525,10525,10525,2,2
2019-03-27 15:04:47.188,10524,10524,10524,5,-5
2019-03-27 15:04:53.488,10525,10525,10525,1,1
2019-03-27 15:04:57.452,10525,10525,10525,2,2
2019-03-27 15:04:58.465,10525,10525,10525,1,1
2019-03-27 15:04:58.838,10525,10525,10525,1,1
2019-03-27 15:04:59.406,10525,10525,10525,1,1
2019-03-27 15:04:59.521,10525,10525,10525,1,1
2019-03-27 15:05:04.667,10525,10525,10525,3,3
2019-03-27 15:05:05.605,10525,10525,10525,1,1
2019-03-27 15:05:06.825,10526,10526,10526,3,3
2019-03-27 15:05:06.896,10526,10526,10526,10,10
2019-03-27 15:05:11.153,10526,10526,10526,9,9
2019-03-27 15:05:14.600,10526,10526,10526,1,1
2019-03-27 15:05:17.271,10525,10525,10525,1,-1
2019-03-27 15:05:19.149,10526,10526,10526,1,1
2019-03-27 15:05:31.978,10525,10525,10525,1,-1
2019-03-27 15:05:32.190,10526,10526,10526,1,1
2019-03-27 15:05:34.784,10525,10525,10525,5,-5
2019-03-27 15:05:34.832,10526,10526,10526,1,1
2019-03-27 15:05:35.817,10525,10525,10525,2,-2
2019-03-27 15:05:36.878,10525,10525,10525,1,1
2019-03-27 15:06:01.275,10525,10525,10525,2,2
2019-03-27 15:06:01.739,10524,10524,10524,1,-1
2019-03-27 15:06:01.771,10524,10524,10524,1,1
2019-03-27 15:06:01.771,10524,10524,10524,1,1
2019-03-27 15:06:01.773,10524,10524,10524,6,6
2019-03-27 15:06:01.774,10524,10524,10524,30,30
2019-03-27 15:06:02.021,10523,10523,10523,4,-4
2019-03-27 15:06:02.021,10523,10523,10523,10,10
2019-03-27 15:06:03.654,10522,10522,10522,1,-1
2019-03-27 15:06:20.785,10523,10523,10523,8,8
2019-03-27 15:06:21.026,10523,10523,10523,1,1
2019-03-27 15:06:28.329,10523,10523,10523,1,1
2019-03-27 15:06:31.463,10523,10523,10523,1,1
2019-03-27 15:06:32.172,10524,10524,10524,1,1
2019-03-27 15:06:35.563,10523,10523,10523,1,-1
2019-03-27 15:06:37.399,10524,10524,10524,1,1
2019-03-27 15:06:39.735,10524,10524,10524,2,2
2019-03-27 15:06:45.409,10525,10525,10525,1,1
2019-03-27 15:06:58.014,10524,10524,10524,1,-1
2019-03-27 15:07:05.882,10525,10525,10525,1,1
2019-03-27 15:07:06.345,10524,10524,10524,3,-3
2019-03-27 15:07:20.146,10524,10524,10524,4,4
2019-03-27 15:07:24.590,10525,10525,10525,2,2
2019-03-27 15:07:28.236,10524,10524,10524,1,-1
2019-03-27 15:07:28.315,10525,10525,10525,1,1
2019-03-27 15:07:28.425,10524,10524,10524,1,-1
2019-03-27 15:07:29.661,10524,10524,10524,1,1
2019-03-27 15:07:51.101,10524,10524,10524,1,1
2019-03-27 15:08:02.982,10524,10524,10524,2,2
2019-03-27 15:08:03.223,10524,10524,10524,2,2
2019-03-27 15:08:03.337,10524,10524,10524,1,1
2019-03-27 15:08:11.465,10523,10523,10523,1,-1
2019-03-27 15:08:19.483,10523,10523,10523,1,1
2019-03-27 15:08:22.678,10523,10523,10523,1,1
2019-03-27 15:08:23.981,10523,10523,10523,1,1
2019-03-27 15:08:26.795,10523,10523,10523,1,1
2019-03-27 15:08:31.754,10523,10523,10523,1,1
2019-03-27 15:08:32.227,10523,10523,10523,1,1
2019-03-27 15:08:32.231,10523,10523,10523,1,1
2019-03-27 15:08:32.271,10523,10523,10523,3,3
2019-03-27 15:08:36.562,10523,10523,10523,1,1
2019-03-27 15:08:49.898,10523,10523,10523,3,3
2019-03-27 15:08:53.603,10523,10523,10523,1,1
2019-03-27 15:09:09.652,10522,10522,10522,1,-1
2019-03-27 15:09:09.652,10522,10522,10522,1,1
2019-03-27 15:09:15.069,10522,10522,10522,1,1
2019-03-27 15:09:25.019,10522,10522,10522,1,1
2019-03-27 15:09:27.034,10523,10523,10523,2,2
2019-03-27 15:09:32.472,10523,10523,10523,1,1
2019-03-27 15:09:33.890,10523,10523,10523,1,1
2019-03-27 15:09:48.983,10523,10523,10523,1,1
2019-03-27 15:10:05.609,10522,10522,10522,3,-3
2019-03-27 15:10:12.156,10523,10523,10523,1,1
2019-03-27 15:10:18.417,10522,10522,10522,3,-3
2019-03-27 15:10:20.452,10522,10522,10522,1,1
2019-03-27 15:10:22.541,10522,10522,10522,3,3
2019-03-27 15:10:30.293,10522,10522,10522,1,1
2019-03-27 15:10:35.294,10522,10522,10522,1,1
2019-03-27 15:10:39.018,10522,10522,10522,2,2
2019-03-27 15:10:40.633,10522,10522,10522,2,2
2019-03-27 15:10:42.234,10522,10522,10522,1,1
2019-03-27 15:10:42.845,10522,10522,10522,1,1
2019-03-27 15:10:43.158,10522,10522,10522,2,2
2019-03-27 15:10:43.165,10522,10522,10522,1,1
2019-03-27 15:10:43.577,10522,10522,10522,1,1
2019-03-27 15:10:45.509,10522,10522,10522,1,1
2019-03-27 15:11:02.196,10521,10521,10521,1,-1
2019-03-27 15:11:21.502,10521,10521,10521,1,1
2019-03-27 15:11:29.638,10522,10522,10522,2,2
2019-03-27 15:11:44.829,10522,10522,10522,1,1
2019-03-27 15:12:03.578,10521,10521,10521,1,-1
2019-03-27 15:12:06.010,10521,10521,10521,1,1
2019-03-27 15:12:31.899,10522,10522,10522,3,3
2019-03-27 15:12:39.398,10522,10522,10522,1,1
2019-03-27 15:12:53.558,10522,10522,10522,1,1
2019-03-27 15:12:54.003,10522,10522,10522,2,2
2019-03-27 15:13:06.141,10522,10522,10522,1,1
2019-03-27 15:13:06.776,10522,10522,10522,1,1
2019-03-27 15:13:39.915,10522,10522,10522,1,1
2019-03-27 15:14:13.562,10522,10522,10522,10,10
2019-03-27 15:14:21.534,10522,10522,10522,1,1
2019-03-27 15:14:21.534,10522,10522,10522,5,5
2019-03-27 15:14:21.534,10522,10522,10522,2,2
2019-03-27 15:14:24.783,10523,10523,10523,1,1
2019-03-27 15:14:26.726,10523,10523,10523,2,2
2019-03-27 15:14:26.771,10523,10523,10523,6,6
2019-03-27 15:14:28.234,10523,10523,10523,1,1
2019-03-27 15:14:31.771,10523,10523,10523,1,1
2019-03-27 15:14:37.598,10523,10523,10523,1,1
2019-03-27 15:14:37.755,10523,10523,10523,1,1
2019-03-27 15:14:45.410,10523,10523,10523,2,2
2019-03-27 15:15:05.279,10523,10523,10523,3,3
2019-03-27 15:15:05.279,10522,10522,10522,1,-1
2019-03-27 15:15:14.773,10523,10523,10523,1,1
2019-03-27 15:15:16.657,10523,10523,10523,1,1
2019-03-27 15:15:17.515,10523,10523,10523,2,2
2019-03-27 15:15:17.832,10523,10523,10523,1,1
2019-03-27 15:15:17.832,10523,10523,10523,1,1
2019-03-27 15:15:18.072,10523,10523,10523,2,2
2019-03-27 15:15:18.578,10523,10523,10523,1,1
2019-03-27 15:15:22.830,10523,10523,10523,2,2
2019-03-27 15:15:29.404,10523,10523,10523,1,1
2019-03-27 15:15:29.834,10523,10523,10523,1,1
2019-03-27 15:15:46.713,10523,10523,10523,1,1
2019-03-27 15:15:48.770,10523,10523,10523,2,2
2019-03-27 15:15:56.394,10523,10523,10523,1,1
2019-03-27 15:15:57.949,10523,10523,10523,1,1
2019-03-27 15:16:00.622,10523,10523,10523,1,1
2019-03-27 15:16:06.938,10523,10523,10523,1,1
2019-03-27 15:16:45.070,10522,10522,10522,9,-9
2019-03-27 15:17:03.871,10522,10522,10522,1,1
2019-03-27 15:17:03.876,10522,10522,10522,7,7
2019-03-27 15:17:04.117,10522,10522,10522,2,2
2019-03-27 15:17:05.119,10522,10522,10522,1,1
2019-03-27 15:17:05.308,10523,10523,10523,2,2
2019-03-27 15:17:10.200,10522,10522,10522,2,-2
2019-03-27 15:17:10.440,10522,10522,10522,1,1
2019-03-27 15:17:54.408,10522,10522,10522,1,1
2019-03-27 15:18:01.039,10522,10522,10522,1,1
2019-03-27 15:18:06.727,10522,10522,10522,1,1
2019-03-27 15:18:18.592,10521,10521,10521,2,-2
2019-03-27 15:18:18.739,10521,10521,10521,1,1
2019-03-27 15:18:18.939,10521,10521,10521,1,1
2019-03-27 15:18:31.954,10521,10521,10521,25,25
2019-03-27 15:18:33.236,10521,10521,10521,2,2
2019-03-27 15:18:33.518,10521,10521,10521,2,2
2019-03-27 15:18:33.714,10521,10521,10521,1,1
2019-03-27 15:18:36.017,10521,10521,10521,1,1
2019-03-27 15:18:57.331,10520,10520,10520,35,-35
2019-03-27 15:18:57.465,10519,10519,10519,1,-1
2019-03-27 15:18:59.364,10519,10519,10519,2,2
2019-03-27 15:18:59.603,10519,10519,10519,2,2
2019-03-27 15:18:59.839,10519,10519,10519,1,1
2019-03-27 15:19:00.386,10519,10519,10519,1,1
2019-03-27 15:19:01.849,10520,10520,10520,1,1
2019-03-27 15:19:02.113,10519,10519,10519,3,-3
2019-03-27 15:19:02.149,10519,10519,10519,1,1
2019-03-27 15:19:07.623,10519,10519,10519,2,2
2019-03-27 15:19:08.244,10519,10519,10519,4,4
2019-03-27 15:19:08.491,10519,10519,10519,1,1
2019-03-27 15:19:09.463,10519,10519,10519,1,1
2019-03-27 15:19:13.295,10519,10519,10519,1,1
2019-03-27 15:19:14.142,10520,10520,10520,6,6
2019-03-27 15:19:21.160,10520,10520,10520,2,2
2019-03-27 15:19:40.617,10520,10520,10520,1,1
2019-03-27 15:20:06.908,10520,10520,10520,1,1
2019-03-27 15:20:10.407,10520,10520,10520,2,2
2019-03-27 15:20:28.290,10520,10520,10520,1,1
2019-03-27 15:20:56.110,10520,10520,10520,1,1
2019-03-27 15:21:03.337,10520,10520,10520,1,1
2019-03-27 15:21:08.404,10520,10520,10520,1,1
2019-03-27 15:21:12.822,10519,10519,10519,1,-1
2019-03-27 15:21:13.447,10519,10519,10519,5,5
2019-03-27 15:21:16.496,10519,10519,10519,3,3
2019-03-27 15:21:17.345,10519,10519,10519,1,1
2019-03-27 15:21:19.845,10519,10519,10519,1,1
2019-03-27 15:21:22.524,10519,10519,10519,1,1
2019-03-27 15:21:24.094,10519,10519,10519,2,2
2019-03-27 15:21:29.654,10520,10520,10520,1,1
2019-03-27 15:21:37.849,10520,10520,10520,2,2
2019-03-27 15:21:37.872,10520,10520,10520,1,1
2019-03-27 15:21:37.901,10520,10520,10520,1,1
2019-03-27 15:21:37.929,10520,10520,10520,2,2
2019-03-27 15:21:41.048,10520,10520,10520,2,2
2019-03-27 15:22:32.804,10519,10519,10519,1,-1
2019-03-27 15:22:34.824,10519,10519,10519,1,1
2019-03-27 15:22:36.808,10519,10519,10519,1,1
2019-03-27 15:22:36.896,10519,10519,10519,7,7
2019-03-27 15:22:38.293,10518,10518,10518,1,-1
2019-03-27 15:22:47.116,10519,10519,10519,1,1
2019-03-27 15:22:47.298,10518,10518,10518,1,-1
2019-03-27 15:22:48.635,10519,10519,10519,1,1
2019-03-27 15:22:56.122,10519,10519,10519,10,10
2019-03-27 15:23:01.825,10519,10519,10519,1,1
2019-03-27 15:23:04.238,10519,10519,10519,3,3
2019-03-27 15:23:04.477,10519,10519,10519,1,1
2019-03-27 15:23:04.996,10519,10519,10519,1,1
2019-03-27 15:23:06.158,10519,10519,10519,1,1
2019-03-27 15:23:19.361,10519,10519,10519,1,1
2019-03-27 15:23:29.518,10520,10520,10520,5,5
2019-03-27 15:23:42.044,10519,10519,10519,3,-3
2019-03-27 15:23:46.003,10519,10519,10519,1,1
2019-03-27 15:24:00.032,10519,10519,10519,1,1
2019-03-27 15:24:02.162,10519,10519,10519,3,3
2019-03-27 15:24:09.287,10519,10519,10519,1,1
2019-03-27 15:24:20.351,10519,10519,10519,1,1
2019-03-27 15:24:30.373,10519,10519,10519,1,1
2019-03-27 15:24:39.332,10519,10519,10519,1,1
2019-03-27 15:24:40.456,10519,10519,10519,1,1
2019-03-27 15:25:04.445,10519,10519,10519,3,3
2019-03-27 15:25:04.879,10520,10520,10520,1,1
2019-03-27 15:25:05.038,10520,10520,10520,1,1
2019-03-27 15:25:05.159,10520,10520,10520,3,3
2019-03-27 15:25:05.250,10520,10520,10520,3,3
2019-03-27 15:25:06.826,10519,10519,10519,1,-1
2019-03-27 15:25:07.901,10519,10519,10519,2,2
2019-03-27 15:25:08.140,10519,10519,10519,2,2
2019-03-27 15:25:08.945,10519,10519,10519,2,2
2019-03-27 15:25:22.265,10518,10518,10518,2,-2
2019-03-27 15:25:29.095,10518,10518,10518,1,1
2019-03-27 15:25:29.146,10518,10518,10518,15,15
2019-03-27 15:25:40.888,10517,10517,10517,2,-2
2019-03-27 15:25:45.225,10517,10517,10517,2,2
2019-03-27 15:25:48.364,10517,10517,10517,2,2
2019-03-27 15:25:55.913,10517,10517,10517,2,2
2019-03-27 15:25:59.430,10517,10517,10517,1,1
2019-03-27 15:26:01.982,10517,10517,10517,1,1
2019-03-27 15:26:03.391,10517,10517,10517,1,1
2019-03-27 15:26:04.243,10517,10517,10517,1,1
2019-03-27 15:26:04.814,10517,10517,10517,3,3
2019-03-27 15:26:04.896,10517,10517,10517,1,1
2019-03-27 15:26:06.871,10517,10517,10517,1,1
2019-03-27 15:26:06.896,10517,10517,10517,7,7
2019-03-27 15:26:24.154,10516,10516,10516,15,-15
2019-03-27 15:26:24.298,10516,10516,10516,1,1
2019-03-27 15:26:24.320,10516,10516,10516,1,1
2019-03-27 15:26:24.615,10516,10516,10516,1,1
2019-03-27 15:26:25.156,10516,10516,10516,1,1
2019-03-27 15:26:26.481,10516,10516,10516,1,1
2019-03-27 15:26:26.810,10516,10516,10516,1,1
2019-03-27 15:26:28.503,10516,10516,10516,1,1
2019-03-27 15:26:28.746,10516,10516,10516,2,2
2019-03-27 15:26:30.007,10516,10516,10516,2,2
2019-03-27 15:26:30.244,10516,10516,10516,2,2
2019-03-27 15:26:30.425,10516,10516,10516,1,1
2019-03-27 15:26:31.987,10516,10516,10516,2,2
2019-03-27 15:26:32.226,10516,10516,10516,2,2
2019-03-27 15:26:36.738,10516,10516,10516,1,1
2019-03-27 15:26:46.018,10516,10516,10516,1,1
2019-03-27 15:26:48.591,10517,10517,10517,1,1
2019-03-27 15:26:51.450,10517,10517,10517,1,1
2019-03-27 15:27:22.572,10516,10516,10516,1,-1
2019-03-27 15:27:24.453,10516,10516,10516,2,2
2019-03-27 15:27:38.396,10516,10516,10516,3,3
2019-03-27 15:27:41.760,10516,10516,10516,1,1
2019-03-27 15:27:44.424,10516,10516,10516,1,1
2019-03-27 15:27:48.221,10517,10517,10517,1,1
2019-03-27 15:27:53.011,10517,10517,10517,6,6
2019-03-27 15:27:54.842,10517,10517,10517,2,2
2019-03-27 15:27:58.858,10517,10517,10517,1,1
2019-03-27 15:28:00.447,10517,10517,10517,2,2
2019-03-27 15:28:01.244,10517,10517,10517,1,1
2019-03-27 15:28:01.666,10517,10517,10517,1,1
2019-03-27 15:28:05.478,10517,10517,10517,1,1
2019-03-27 15:28:06.240,10516,10516,10516,1,-1
2019-03-27 15:28:24.708,10516,10516,10516,1,1
2019-03-27 15:28:35.914,10516,10516,10516,1,1
2019-03-27 15:29:05.308,10516,10516,10516,2,2
2019-03-27 15:29:06.938,10516,10516,10516,1,1
2019-03-27 15:29:07.270,10516,10516,10516,1,1
2019-03-27 15:29:12.745,10517,10517,10517,1,1
2019-03-27 15:29:27.372,10517,10517,10517,2,2
2019-03-27 15:29:41.883,10516,10516,10516,2,-2
2019-03-27 15:29:46.583,10516,10516,10516,2,2
2019-03-27 15:30:00.236,10516,10516,10516,2,2
2019-03-27 15:30:00.910,10516,10516,10516,1,1
2019-03-27 15:30:01.157,10516,10516,10516,2,2
2019-03-27 15:30:01.560,10516,10516,10516,2,2
2019-03-27 15:30:03.436,10516,10516,10516,1,1
2019-03-27 15:30:04.981,10516,10516,10516,2,2
2019-03-27 15:30:05.221,10516,10516,10516,2,2
2019-03-27 15:30:05.459,10516,10516,10516,1,1
2019-03-27 15:30:09.384,10516,10516,10516,1,1
2019-03-27 15:30:12.527,10516,10516,10516,3,3
2019-03-27 15:30:12.527,10516,10516,10516,6,6
2019-03-27 15:30:12.527,10516,10516,10516,2,2
2019-03-27 15:30:17.499,10515,10515,10515,1,-1
2019-03-27 15:30:17.906,10516,10516,10516,1,1
2019-03-27 15:30:25.952,10516,10516,10516,1,1
2019-03-27 15:30:37.392,10515,10515,10515,3,-3
2019-03-27 15:30:38.073,10516,10516,10516,2,2
2019-03-27 15:30:40.360,10516,10516,10516,5,5
2019-03-27 15:30:50.232,10516,10516,10516,1,1
2019-03-27 15:30:51.461,10516,10516,10516,1,1
2019-03-27 15:30:53.388,10516,10516,10516,2,2
2019-03-27 15:31:11.734,10516,10516,10516,1,1
2019-03-27 15:31:12.635,10516,10516,10516,1,1
2019-03-27 15:31:38.784,10516,10516,10516,1,1
2019-03-27 15:31:42.349,10516,10516,10516,1,1
2019-03-27 15:31:45.341,10516,10516,10516,1,1
2019-03-27 15:31:55.597,10515,10515,10515,5,-5
2019-03-27 15:32:00.070,10515,10515,10515,1,1
2019-03-27 15:32:10.633,10515,10515,10515,6,6
2019-03-27 15:32:13.323,10516,10516,10516,1,1
2019-03-27 15:32:13.651,10516,10516,10516,4,4
2019-03-27 15:32:17.869,10516,10516,10516,1,1
2019-03-27 15:32:17.879,10516,10516,10516,1,1
2019-03-27 15:32:17.890,10516,10516,10516,4,4
2019-03-27 15:32:19.703,10516,10516,10516,1,1
2019-03-27 15:32:20.280,10516,10516,10516,1,1
2019-03-27 15:32:23.561,10516,10516,10516,1,1
2019-03-27 15:32:28.360,10516,10516,10516,2,2
2019-03-27 15:32:49.309,10516,10516,10516,1,1
2019-03-27 15:32:51.307,10517,10517,10517,1,1
2019-03-27 15:33:03.414,10517,10517,10517,1,1
2019-03-27 15:33:29.038,10516,10516,10516,2,-2
2019-03-27 15:33:32.223,10516,10516,10516,1,1
2019-03-27 15:33:43.770,10516,10516,10516,1,1
2019-03-27 15:34:21.175,10516,10516,10516,1,1
2019-03-27 15:34:44.375,10517,10517,10517,2,2
2019-03-27 15:34:44.396,10517,10517,10517,1,1
2019-03-27 15:34:44.521,10517,10517,10517,1,1
2019-03-27 15:34:44.771,10517,10517,10517,1,1
2019-03-27 15:34:45.031,10516,10516,10516,1,-1
2019-03-27 15:34:46.330,10517,10517,10517,1,1
2019-03-27 15:34:49.459,10517,10517,10517,1,1
2019-03-27 15:34:52.767,10517,10517,10517,1,1
2019-03-27 15:34:59.814,10517,10517,10517,1,1
2019-03-27 15:34:59.814,10517,10517,10517,6,6
2019-03-27 15:34:59.814,10517,10517,10517,9,9
2019-03-27 15:35:08.343,10517,10517,10517,2,2
2019-03-27 15:35:13.298,10517,10517,10517,1,1
2019-03-27 15:35:13.451,10517,10517,10517,4,4
2019-03-27 15:35:13.451,10516,10516,10516,6,-6
2019-03-27 15:35:14.338,10516,10516,10516,1,1
2019-03-27 15:35:21.392,10517,10517,10517,1,1
2019-03-27 15:35:23.268,10517,10517,10517,2,2
2019-03-27 15:35:41.002,10517,10517,10517,1,1
2019-03-27 15:35:50.999,10516,10516,10516,1,-1
2019-03-27 15:36:03.096,10517,10517,10517,1,1
2019-03-27 15:36:24.223,10517,10517,10517,1,1
2019-03-27 15:36:54.512,10517,10517,10517,12,12
2019-03-27 15:36:56.901,10517,10517,10517,5,5
2019-03-27 15:36:57.091,10517,10517,10517,1,1
2019-03-27 15:37:00.151,10517,10517,10517,1,1
2019-03-27 15:37:01.381,10517,10517,10517,1,1
2019-03-27 15:37:11.745,10517,10517,10517,1,1
2019-03-27 15:37:13.007,10517,10517,10517,3,3
2019-03-27 15:37:22.863,10517,10517,10517,1,1
2019-03-27 15:37:39.573,10517,10517,10517,1,1
2019-03-27 15:38:17.158,10517,10517,10517,1,1
2019-03-27 15:38:17.345,10517,10517,10517,4,4
2019-03-27 15:38:27.897,10517,10517,10517,1,1
2019-03-27 15:38:54.592,10518,10518,10518,1,1
2019-03-27 15:39:05.769,10518,10518,10518,1,1
2019-03-27 15:39:20.647,10518,10518,10518,1,1
2019-03-27 15:39:28.232,10518,10518,10518,1,1
2019-03-27 15:39:35.821,10518,10518,10518,1,1
2019-03-27 15:39:37.742,10518,10518,10518,6,6
2019-03-27 15:39:53.779,10518,10518,10518,1,1
2019-03-27 15:40:17.570,10519,10519,10519,1,1
2019-03-27 15:40:34.531,10519,10519,10519,1,1
2019-03-27 15:41:05.995,10519,10519,10519,5,5
2019-03-27 15:41:10.015,10519,10519,10519,1,1
2019-03-27 15:41:18.299,10519,10519,10519,3,3
2019-03-27 15:41:29.001,10519,10519,10519,1,1
2019-03-27 15:41:29.641,10519,10519,10519,1,1
2019-03-27 15:42:37.051,10519,10519,10519,1,1
2019-03-27 15:42:46.576,10519,10519,10519,1,1
2019-03-27 15:43:04.337,10519,10519,10519,3,3
2019-03-27 15:43:04.523,10519,10519,10519,6,6
2019-03-27 15:43:04.646,10519,10519,10519,1,1
2019-03-27 15:43:05.248,10519,10519,10519,1,1
2019-03-27 15:43:05.688,10519,10519,10519,1,1
2019-03-27 15:43:06.527,10519,10519,10519,1,1
2019-03-27 15:43:27.271,10520,10520,10520,11,11
2019-03-27 15:43:27.396,10521,10521,10521,46,46
2019-03-27 15:43:27.458,10521,10521,10521,2,2
2019-03-27 15:43:27.521,10521,10521,10521,1,1
2019-03-27 15:43:27.646,10522,10522,10522,19,19
2019-03-27 15:43:27.646,10522,10522,10522,2,2
2019-03-27 15:43:27.682,10523,10523,10523,1,1
2019-03-27 15:43:27.772,10523,10523,10523,1,1
2019-03-27 15:43:27.834,10523,10523,10523,1,1
2019-03-27 15:43:27.835,10523,10523,10523,1,1
2019-03-27 15:43:27.838,10522,10522,10522,1,-1
2019-03-27 15:43:27.840,10523,10523,10523,1,1
2019-03-27 15:43:27.849,10522,10522,10522,1,-1
2019-03-27 15:43:27.896,10523,10523,10523,2,2
2019-03-27 15:43:27.896,10523,10523,10523,3,3
2019-03-27 15:43:27.896,10523,10523,10523,1,1
2019-03-27 15:43:27.909,10523,10523,10523,1,1
2019-03-27 15:43:27.918,10522,10522,10522,1,-1
2019-03-27 15:43:27.965,10523,10523,10523,1,1
2019-03-27 15:43:28.021,10523,10523,10523,3,3
2019-03-27 15:43:28.040,10523,10523,10523,3,3
2019-03-27 15:43:28.043,10523,10523,10523,1,1
2019-03-27 15:43:28.436,10522,10522,10522,2,-2
2019-03-27 15:43:31.286,10523,10523,10523,2,2
2019-03-27 15:43:32.655,10523,10523,10523,1,1
2019-03-27 15:43:33.386,10523,10523,10523,1,1
2019-03-27 15:43:34.628,10523,10523,10523,7,7
2019-03-27 15:43:34.646,10523,10523,10523,1,1
2019-03-27 15:43:35.250,10524,10524,10524,1,1
2019-03-27 15:43:36.771,10523,10523,10523,1,-1
2019-03-27 15:43:39.093,10523,10523,10523,1,1
2019-03-27 15:43:41.415,10523,10523,10523,2,2
2019-03-27 15:43:49.637,10523,10523,10523,1,1
2019-03-27 15:43:55.396,10522,10522,10522,6,-6
2019-03-27 15:43:55.441,10522,10522,10522,3,3
2019-03-27 15:43:55.521,10522,10522,10522,4,4
2019-03-27 15:43:59.116,10522,10522,10522,1,1
2019-03-27 15:44:16.698,10522,10522,10522,1,1
2019-03-27 15:44:17.007,10521,10521,10521,1,-1
2019-03-27 15:44:30.015,10521,10521,10521,2,2
2019-03-27 15:44:44.145,10521,10521,10521,1,1
2019-03-27 15:44:53.629,10520,10520,10520,2,-2
2019-03-27 15:44:53.780,10520,10520,10520,1,1
2019-03-27 15:45:14.776,10521,10521,10521,2,2
2019-03-27 15:45:34.846,10521,10521,10521,2,2
2019-03-27 15:45:51.469,10522,10522,10522,1,1
2019-03-27 15:46:18.884,10522,10522,10522,1,1
2019-03-27 15:46:21.652,10521,10521,10521,1,-1
2019-03-27 15:46:26.533,10521,10521,10521,1,1
2019-03-27 15:46:38.458,10522,10522,10522,1,1
2019-03-27 15:46:47.014,10522,10522,10522,1,1
2019-03-27 15:46:47.014,10522,10522,10522,1,1
2019-03-27 15:46:47.014,10522,10522,10522,7,7
2019-03-27 15:46:47.253,10523,10523,10523,1,1
2019-03-27 15:46:49.754,10523,10523,10523,1,1
2019-03-27 15:46:53.169,10523,10523,10523,3,3
2019-03-27 15:46:55.434,10523,10523,10523,1,1
2019-03-27 15:46:56.763,10523,10523,10523,1,1
2019-03-27 15:47:01.904,10523,10523,10523,4,4
2019-03-27 15:47:01.969,10523,10523,10523,2,2
2019-03-27 15:47:14.146,10522,10522,10522,2,-2
2019-03-27 15:47:14.382,10522,10522,10522,2,2
2019-03-27 15:47:14.576,10522,10522,10522,1,1
2019-03-27 15:47:17.198,10522,10522,10522,1,1
2019-03-27 15:48:03.701,10522,10522,10522,2,2
2019-03-27 15:48:14.083,10522,10522,10522,1,1
2019-03-27 15:48:21.164,10522,10522,10522,1,1
2019-03-27 15:48:36.562,10522,10522,10522,3,3
2019-03-27 15:48:36.562,10523,10523,10523,12,12
2019-03-27 15:48:43.136,10523,10523,10523,15,15
2019-03-27 15:49:00.295,10523,10523,10523,2,2
2019-03-27 15:49:02.840,10523,10523,10523,1,1
2019-03-27 15:49:04.450,10523,10523,10523,1,1
2019-03-27 15:49:06.802,10523,10523,10523,1,1
2019-03-27 15:49:09.396,10523,10523,10523,1,1
2019-03-27 15:49:38.362,10523,10523,10523,1,1
2019-03-27 15:50:02.345,10523,10523,10523,1,1
2019-03-27 15:50:02.713,10524,10524,10524,1,1
2019-03-27 15:50:05.001,10524,10524,10524,1,1
2019-03-27 15:50:10.543,10524,10524,10524,6,6
2019-03-27 15:50:20.420,10523,10523,10523,1,-1
2019-03-27 15:50:20.421,10523,10523,10523,9,9
2019-03-27 15:50:20.421,10523,10523,10523,4,4
2019-03-27 15:50:20.423,10523,10523,10523,4,4
2019-03-27 15:50:20.426,10523,10523,10523,3,3
2019-03-27 15:50:20.456,10523,10523,10523,1,1
2019-03-27 15:50:20.456,10523,10523,10523,1,1
2019-03-27 15:50:20.521,10523,10523,10523,1,1
2019-03-27 15:50:20.521,10523,10523,10523,1,1
2019-03-27 15:50:20.521,10523,10523,10523,3,3
2019-03-27 15:50:20.521,10523,10523,10523,2,2
2019-03-27 15:50:26.774,10522,10522,10522,1,-1
2019-03-27 15:50:33.480,10522,10522,10522,1,1
2019-03-27 15:50:41.839,10522,10522,10522,1,1
2019-03-27 15:50:42.086,10523,10523,10523,1,1
2019-03-27 15:51:26.856,10523,10523,10523,1,1
2019-03-27 15:52:15.133,10523,10523,10523,1,1
2019-03-27 15:52:34.235,10522,10522,10522,1,-1
2019-03-27 15:52:36.815,10522,10522,10522,1,1
2019-03-27 15:52:50.353,10522,10522,10522,1,1
2019-03-27 15:52:53.229,10522,10522,10522,5,5
2019-03-27 15:52:58.010,10523,10523,10523,24,24
2019-03-27 15:52:58.010,10523,10523,10523,8,8
2019-03-27 15:52:58.010,10523,10523,10523,7,7
2019-03-27 15:52:58.189,10524,10524,10524,18,18
2019-03-27 15:52:58.190,10524,10524,10524,2,2
2019-03-27 15:52:58.190,10524,10524,10524,8,8
2019-03-27 15:53:00.163,10524,10524,10524,2,2
2019-03-27 15:53:03.568,10524,10524,10524,1,1
2019-03-27 15:53:12.093,10525,10525,10525,1,1
2019-03-27 15:53:18.493,10525,10525,10525,1,1
2019-03-27 15:53:28.578,10525,10525,10525,1,1
2019-03-27 15:53:55.471,10525,10525,10525,1,1
2019-03-27 15:53:58.272,10524,10524,10524,2,-2
2019-03-27 15:54:24.972,10524,10524,10524,2,2
2019-03-27 15:54:25.021,10524,10524,10524,4,4
2019-03-27 15:54:31.832,10524,10524,10524,1,1
2019-03-27 15:54:32.058,10524,10524,10524,1,1
2019-03-27 15:54:42.656,10524,10524,10524,1,1
2019-03-27 15:55:04.469,10524,10524,10524,1,1
2019-03-27 15:55:05.270,10524,10524,10524,1,1
2019-03-27 15:55:39.727,10524,10524,10524,2,2
2019-03-27 15:56:56.899,10524,10524,10524,1,1
2019-03-27 15:57:00.980,10524,10524,10524,6,6
2019-03-27 15:57:00.980,10524,10524,10524,4,4
2019-03-27 15:57:00.980,10524,10524,10524,5,5
2019-03-27 15:57:00.980,10524,10524,10524,4,4
2019-03-27 15:57:11.898,10525,10525,10525,3,3
2019-03-27 15:57:12.185,10525,10525,10525,12,12
2019-03-27 15:57:12.271,10525,10525,10525,19,19
2019-03-27 15:57:12.271,10525,10525,10525,11,11
2019-03-27 15:57:16.060,10525,10525,10525,5,5
2019-03-27 15:57:16.856,10525,10525,10525,1,1
2019-03-27 15:57:19.043,10525,10525,10525,1,1
2019-03-27 15:57:28.720,10525,10525,10525,1,1
2019-03-27 15:57:47.106,10526,10526,10526,1,1
2019-03-27 15:57:47.137,10526,10526,10526,1,1
2019-03-27 15:57:47.146,10526,10526,10526,2,2
2019-03-27 15:57:47.146,10526,10526,10526,1,1
2019-03-27 15:57:47.187,10526,10526,10526,1,1
2019-03-27 15:57:47.203,10526,10526,10526,1,1
2019-03-27 15:57:47.283,10526,10526,10526,1,1
2019-03-27 15:57:47.283,10526,10526,10526,1,1
2019-03-27 15:57:47.284,10526,10526,10526,2,2
2019-03-27 15:57:47.284,10526,10526,10526,1,1
2019-03-27 15:57:47.285,10526,10526,10526,3,3
2019-03-27 15:57:47.285,10526,10526,10526,8,8
2019-03-27 15:57:47.285,10526,10526,10526,2,2
2019-03-27 15:57:47.444,10527,10527,10527,1,1
2019-03-27 15:57:47.465,10527,10527,10527,1,1
2019-03-27 15:57:47.476,10527,10527,10527,1,1
2019-03-27 15:57:47.521,10527,10527,10527,2,2
2019-03-27 15:57:47.790,10527,10527,10527,1,1
2019-03-27 15:58:00.306,10527,10527,10527,2,2
2019-03-27 15:58:03.648,10526,10526,10526,1,-1
2019-03-27 15:58:03.771,10526,10526,10526,8,8
2019-03-27 15:58:08.629,10527,10527,10527,1,1
2019-03-27 15:58:13.600,10526,10526,10526,8,-8
2019-03-27 15:58:16.524,10526,10526,10526,1,1
2019-03-27 15:58:18.446,10526,10526,10526,2,2
2019-03-27 15:58:23.606,10526,10526,10526,1,1
2019-03-27 15:58:25.148,10525,10525,10525,2,-2
2019-03-27 15:58:25.149,10525,10525,10525,5,5
2019-03-27 15:58:25.150,10525,10525,10525,2,2
2019-03-27 15:58:25.521,10525,10525,10525,1,1
2019-03-27 15:58:49.144,10525,10525,10525,1,1
2019-03-27 15:58:50.056,10525,10525,10525,1,1
2019-03-27 15:58:51.133,10525,10525,10525,1,1
2019-03-27 15:58:52.309,10525,10525,10525,1,1
2019-03-27 15:58:52.629,10525,10525,10525,4,4
2019-03-27 15:58:53.470,10525,10525,10525,1,1
2019-03-27 15:58:54.744,10525,10525,10525,1,1
2019-03-27 15:58:55.851,10525,10525,10525,1,1
2019-03-27 15:58:57.099,10525,10525,10525,1,1
2019-03-27 15:58:57.675,10525,10525,10525,1,1
2019-03-27 15:58:59.670,10525,10525,10525,1,1
2019-03-27 15:59:00.165,10525,10525,10525,2,2
2019-03-27 15:59:09.471,10525,10525,10525,5,5
2019-03-27 15:59:18.983,10525,10525,10525,1,1
2019-03-27 15:59:25.319,10525,10525,10525,3,3
2019-03-27 15:59:29.830,10525,10525,10525,3,3
2019-03-27 15:59:31.715,10525,10525,10525,2,2
2019-03-27 15:59:33.865,10525,10525,10525,1,1
2019-03-27 15:59:38.758,10525,10525,10525,1,1
2019-03-27 15:59:45.063,10525,10525,10525,1,1
2019-03-27 16:00:00.920,10525,10525,10525,2,2
2019-03-27 16:00:01.471,10525,10525,10525,1,1
2019-03-27 16:00:01.570,10525,10525,10525,1,1
2019-03-27 16:00:01.980,10524,10524,10524,1,-1
2019-03-27 16:00:01.980,10524,10524,10524,1,1
2019-03-27 16:00:01.981,10524,10524,10524,1,1
2019-03-27 16:00:01.997,10524,10524,10524,1,1
2019-03-27 16:00:01.997,10524,10524,10524,8,8
2019-03-27 16:00:02.134,10524,10524,10524,3,3
2019-03-27 16:00:02.146,10523,10523,10523,3,-3
2019-03-27 16:00:02.146,10523,10523,10523,1,1
2019-03-27 16:00:02.152,10523,10523,10523,1,1
2019-03-27 16:00:02.205,10524,10524,10524,3,3
2019-03-27 16:00:04.060,10523,10523,10523,1,-1
2019-03-27 16:00:04.242,10523,10523,10523,1,1
2019-03-27 16:00:04.247,10523,10523,10523,2,2
2019-03-27 16:00:04.271,10523,10523,10523,8,8
2019-03-27 16:00:06.662,10523,10523,10523,1,1
2019-03-27 16:00:07.175,10522,10522,10522,2,-2
2019-03-27 16:00:07.175,10522,10522,10522,1,1
2019-03-27 16:00:07.271,10522,10522,10522,2,2
2019-03-27 16:00:07.271,10522,10522,10522,4,4
2019-03-27 16:00:07.271,10522,10522,10522,8,8
2019-03-27 16:00:07.271,10522,10522,10522,3,3
2019-03-27 16:00:07.274,10522,10522,10522,3,3
2019-03-27 16:00:08.819,10522,10522,10522,1,1
2019-03-27 16:00:09.360,10522,10522,10522,1,1
2019-03-27 16:00:23.415,10521,10521,10521,1,-1
2019-03-27 16:00:28.049,10521,10521,10521,1,1
2019-03-27 16:00:30.706,10521,10521,10521,1,1
2019-03-27 16:00:30.708,10521,10521,10521,1,1
2019-03-27 16:00:31.968,10521,10521,10521,1,1
2019-03-27 16:00:34.271,10522,10522,10522,1,1
2019-03-27 16:00:38.921,10523,10523,10523,13,13
2019-03-27 16:00:38.980,10524,10524,10524,1,1
2019-03-27 16:00:47.005,10523,10523,10523,1,-1
2019-03-27 16:00:47.005,10524,10524,10524,9,9
2019-03-27 16:00:54.027,10524,10524,10524,1,1
2019-03-27 16:01:13.285,10523,10523,10523,2,-2
2019-03-27 16:01:18.988,10523,10523,10523,1,1
2019-03-27 16:01:19.260,10522,10522,10522,2,-2
2019-03-27 16:01:20.151,10522,10522,10522,1,1
2019-03-27 16:01:26.712,10522,10522,10522,1,1
2019-03-27 16:01:32.591,10522,10522,10522,1,1
2019-03-27 16:01:40.271,10522,10522,10522,1,1
2019-03-27 16:01:46.619,10522,10522,10522,1,1
2019-03-27 16:01:59.730,10522,10522,10522,5,5
2019-03-27 16:02:43.421,10522,10522,10522,1,1
2019-03-27 16:02:49.840,10522,10522,10522,1,1
2019-03-27 16:02:58.762,10522,10522,10522,1,1
2019-03-27 16:03:05.881,10522,10522,10522,1,1
2019-03-27 16:03:06.532,10522,10522,10522,1,1
2019-03-27 16:03:10.068,10522,10522,10522,1,1
2019-03-27 16:03:10.087,10522,10522,10522,2,2
2019-03-27 16:03:10.087,10522,10522,10522,4,4
2019-03-27 16:03:10.397,10522,10522,10522,2,2
2019-03-27 16:03:11.748,10522,10522,10522,1,1
2019-03-27 16:03:11.748,10522,10522,10522,1,1
2019-03-27 16:03:16.232,10522,10522,10522,2,2
2019-03-27 16:03:31.611,10521,10521,10521,2,-2
2019-03-27 16:03:31.611,10521,10521,10521,1,1
2019-03-27 16:03:32.408,10521,10521,10521,5,5
2019-03-27 16:03:32.409,10521,10521,10521,1,1
2019-03-27 16:03:32.521,10521,10521,10521,1,1
2019-03-27 16:03:32.568,10521,10521,10521,2,2
2019-03-27 16:03:32.568,10521,10521,10521,4,4
2019-03-27 16:03:32.568,10521,10521,10521,13,13
2019-03-27 16:03:32.569,10521,10521,10521,3,3
2019-03-27 16:03:32.569,10521,10521,10521,1,1
2019-03-27 16:03:34.941,10521,10521,10521,1,1
2019-03-27 16:03:36.743,10520,10520,10520,1,-1
2019-03-27 16:03:36.815,10520,10520,10520,1,1
2019-03-27 16:03:36.824,10520,10520,10520,2,2
2019-03-27 16:03:36.900,10520,10520,10520,2,2
2019-03-27 16:03:36.999,10520,10520,10520,2,2
2019-03-27 16:03:37.038,10520,10520,10520,2,2
2019-03-27 16:03:37.159,10520,10520,10520,2,2
2019-03-27 16:03:37.438,10520,10520,10520,3,3
2019-03-27 16:03:37.442,10520,10520,10520,1,1
2019-03-27 16:03:37.611,10520,10520,10520,1,1
2019-03-27 16:03:44.035,10520,10520,10520,1,1
2019-03-27 16:03:50.592,10520,10520,10520,1,1
2019-03-27 16:03:53.935,10521,10521,10521,15,15
2019-03-27 16:03:54.993,10521,10521,10521,1,1
2019-03-27 16:03:54.993,10520,10520,10520,1,-1
2019-03-27 16:03:55.513,10520,10520,10520,5,5
2019-03-27 16:04:15.747,10520,10520,10520,2,2
2019-03-27 16:04:18.904,10520,10520,10520,1,1
2019-03-27 16:04:22.834,10521,10521,10521,1,1
2019-03-27 16:04:24.004,10522,10522,10522,1,1
2019-03-27 16:04:24.251,10522,10522,10522,2,2
2019-03-27 16:04:26.284,10520,10520,10520,1,-1
2019-03-27 16:04:28.770,10521,10521,10521,1,1
2019-03-27 16:04:28.770,10522,10522,10522,1,1
2019-03-27 16:04:30.802,10522,10522,10522,2,2
2019-03-27 16:04:45.121,10521,10521,10521,1,-1
2019-03-27 16:04:45.328,10521,10521,10521,1,1
2019-03-27 16:05:40.924,10520,10520,10520,4,-4
2019-03-27 16:05:42.036,10520,10520,10520,2,2
2019-03-27 16:05:45.584,10520,10520,10520,3,3
2019-03-27 16:05:45.646,10520,10520,10520,4,4
2019-03-27 16:05:56.941,10520,10520,10520,1,1
2019-03-27 16:05:58.249,10519,10519,10519,1,-1
2019-03-27 16:05:59.338,10519,10519,10519,1,1
2019-03-27 16:05:59.715,10519,10519,10519,1,1
2019-03-27 16:06:04.781,10519,10519,10519,1,1
2019-03-27 16:06:04.877,10519,10519,10519,3,3
2019-03-27 16:06:04.877,10519,10519,10519,4,4
2019-03-27 16:06:05.318,10519,10519,10519,1,1
2019-03-27 16:06:05.863,10519,10519,10519,1,1
2019-03-27 16:06:06.817,10519,10519,10519,4,4
2019-03-27 16:06:14.726,10519,10519,10519,3,3
2019-03-27 16:06:34.459,10519,10519,10519,1,1
2019-03-27 16:06:36.038,10519,10519,10519,3,3
2019-03-27 16:06:36.038,10519,10519,10519,1,1
2019-03-27 16:06:36.039,10519,10519,10519,1,1
2019-03-27 16:06:36.342,10519,10519,10519,1,1
2019-03-27 16:06:40.750,10519,10519,10519,1,1
2019-03-27 16:06:42.562,10519,10519,10519,2,2
2019-03-27 16:07:04.768,10519,10519,10519,2,2
2019-03-27 16:07:05.753,10519,10519,10519,1,1
2019-03-27 16:07:06.080,10519,10519,10519,1,1
2019-03-27 16:07:09.172,10519,10519,10519,5,5
2019-03-27 16:07:15.459,10519,10519,10519,1,1
2019-03-27 16:07:25.582,10520,10520,10520,2,2
2019-03-27 16:07:25.582,10520,10520,10520,3,3
2019-03-27 16:07:31.747,10520,10520,10520,1,1
2019-03-27 16:07:39.239,10520,10520,10520,1,1
2019-03-27 16:07:45.442,10520,10520,10520,2,2
2019-03-27 16:07:58.252,10520,10520,10520,4,4
2019-03-27 16:08:04.666,10520,10520,10520,1,1
2019-03-27 16:08:11.812,10520,10520,10520,1,1
2019-03-27 16:08:11.812,10520,10520,10520,1,1
2019-03-27 16:08:11.836,10520,10520,10520,2,2
2019-03-27 16:08:16.471,10520,10520,10520,1,1
2019-03-27 16:08:27.064,10520,10520,10520,1,1
2019-03-27 16:08:28.097,10520,10520,10520,1,1
2019-03-27 16:08:46.641,10521,10521,10521,2,2
2019-03-27 16:09:02.400,10521,10521,10521,1,1
2019-03-27 16:09:15.379,10520,10520,10520,1,-1
2019-03-27 16:09:17.487,10520,10520,10520,1,1
2019-03-27 16:09:21.261,10520,10520,10520,1,1
2019-03-27 16:09:31.834,10520,10520,10520,1,1
2019-03-27 16:09:40.408,10520,10520,10520,4,4
2019-03-27 16:09:42.730,10520,10520,10520,2,2
2019-03-27 16:09:44.207,10521,10521,10521,6,6
2019-03-27 16:09:49.976,10520,10520,10520,4,-4
2019-03-27 16:09:49.976,10520,10520,10520,4,4
2019-03-27 16:09:49.976,10520,10520,10520,4,4
2019-03-27 16:09:49.976,10520,10520,10520,1,1
2019-03-27 16:09:51.896,10520,10520,10520,1,1
2019-03-27 16:10:11.924,10520,10520,10520,5,5
2019-03-27 16:10:15.278,10521,10521,10521,3,3
2019-03-27 16:10:24.542,10521,10521,10521,1,1
2019-03-27 16:10:25.978,10521,10521,10521,1,1
2019-03-27 16:10:41.301,10521,10521,10521,5,5
2019-03-27 16:11:04.861,10521,10521,10521,1,1
2019-03-27 16:11:10.399,10521,10521,10521,1,1
2019-03-27 16:11:10.736,10521,10521,10521,2,2
2019-03-27 16:11:10.736,10521,10521,10521,1,1
2019-03-27 16:11:10.736,10521,10521,10521,1,1
2019-03-27 16:11:10.737,10521,10521,10521,1,1
2019-03-27 16:11:11.119,10521,10521,10521,1,1
2019-03-27 16:11:22.157,10522,10522,10522,1,1
2019-03-27 16:11:30.920,10522,10522,10522,2,2
2019-03-27 16:11:31.621,10521,10521,10521,1,-1
2019-03-27 16:11:34.990,10522,10522,10522,1,1
2019-03-27 16:12:01.056,10522,10522,10522,6,6
2019-03-27 16:12:06.533,10522,10522,10522,2,2
2019-03-27 16:12:11.090,10522,10522,10522,1,1
2019-03-27 16:12:14.958,10522,10522,10522,3,3
2019-03-27 16:12:15.140,10522,10522,10522,1,1
2019-03-27 16:12:20.256,10522,10522,10522,1,1
2019-03-27 16:12:20.256,10522,10522,10522,5,5
2019-03-27 16:12:41.356,10523,10523,10523,1,1
2019-03-27 16:12:54.773,10523,10523,10523,15,15
2019-03-27 16:13:05.992,10523,10523,10523,2,2
2019-03-27 16:13:05.994,10523,10523,10523,2,2
2019-03-27 16:13:05.995,10523,10523,10523,2,2
2019-03-27 16:13:05.996,10523,10523,10523,2,2
2019-03-27 16:13:06.021,10523,10523,10523,6,6
2019-03-27 16:13:06.146,10523,10523,10523,2,2
2019-03-27 16:13:06.146,10523,10523,10523,8,8
2019-03-27 16:13:08.576,10524,10524,10524,1,1
2019-03-27 16:13:10.202,10523,10523,10523,1,-1
2019-03-27 16:13:25.736,10523,10523,10523,1,1
2019-03-27 16:13:25.793,10524,10524,10524,1,1
2019-03-27 16:13:29.100,10524,10524,10524,2,2
2019-03-27 16:13:30.849,10524,10524,10524,1,1
2019-03-27 16:13:45.606,10524,10524,10524,1,1
2019-03-27 16:13:47.078,10523,10523,10523,1,-1
2019-03-27 16:13:47.638,10523,10523,10523,1,1
2019-03-27 16:13:48.477,10523,10523,10523,1,1
2019-03-27 16:13:49.849,10524,10524,10524,1,1
2019-03-27 16:14:23.396,10523,10523,10523,3,-3
2019-03-27 16:14:24.972,10523,10523,10523,2,2
2019-03-27 16:14:47.671,10523,10523,10523,3,3
2019-03-27 16:14:51.073,10523,10523,10523,1,1
2019-03-27 16:15:13.349,10522,10522,10522,1,-1
2019-03-27 16:15:13.349,10522,10522,10522,3,3
2019-03-27 16:15:13.396,10522,10522,10522,18,18
2019-03-27 16:15:13.396,10522,10522,10522,3,3
2019-03-27 16:15:13.856,10522,10522,10522,1,1
2019-03-27 16:15:19.946,10521,10521,10521,2,-2
2019-03-27 16:15:22.940,10521,10521,10521,1,1
2019-03-27 16:15:24.476,10521,10521,10521,1,1
2019-03-27 16:15:27.529,10521,10521,10521,5,5
2019-03-27 16:15:31.665,10521,10521,10521,1,1
2019-03-27 16:15:54.845,10521,10521,10521,1,1
2019-03-27 16:15:55.348,10521,10521,10521,1,1
2019-03-27 16:16:07.950,10520,10520,10520,2,-2
2019-03-27 16:16:07.950,10520,10520,10520,4,4
2019-03-27 16:16:07.991,10520,10520,10520,1,1
2019-03-27 16:16:07.991,10520,10520,10520,1,1
2019-03-27 16:16:29.967,10520,10520,10520,1,1
2019-03-27 16:16:32.056,10520,10520,10520,1,1
2019-03-27 16:16:50.863,10520,10520,10520,1,1
2019-03-27 16:17:11.584,10521,10521,10521,10,10
2019-03-27 16:17:21.489,10521,10521,10521,1,1
2019-03-27 16:17:52.247,10521,10521,10521,1,1
2019-03-27 16:17:59.144,10521,10521,10521,1,1
2019-03-27 16:18:19.705,10521,10521,10521,1,1
2019-03-27 16:18:26.151,10521,10521,10521,1,1
2019-03-27 16:19:10.971,10521,10521,10521,1,1
2019-03-27 16:19:39.531,10521,10521,10521,1,1
2019-03-27 16:19:40.021,10521,10521,10521,2,2
2019-03-27 16:19:59.730,10521,10521,10521,1,1
2019-03-27 16:20:09.437,10521,10521,10521,1,1
2019-03-27 16:20:26.533,10521,10521,10521,1,1
2019-03-27 16:20:26.684,10521,10521,10521,3,3
2019-03-27 16:20:49.189,10521,10521,10521,1,1
2019-03-27 16:21:32.940,10521,10521,10521,1,1
2019-03-27 16:21:43.519,10521,10521,10521,1,1
2019-03-27 16:21:43.577,10521,10521,10521,2,2
2019-03-27 16:22:01.240,10522,10522,10522,2,2
2019-03-27 16:22:24.414,10522,10522,10522,2,2
2019-03-27 16:22:32.233,10522,10522,10522,1,1
2019-03-27 16:22:46.445,10522,10522,10522,1,1
2019-03-27 16:22:48.581,10522,10522,10522,2,2
2019-03-27 16:22:48.584,10522,10522,10522,1,1
2019-03-27 16:22:49.271,10522,10522,10522,2,2
2019-03-27 16:23:12.149,10521,10521,10521,5,-5
2019-03-27 16:23:12.149,10521,10521,10521,1,1
2019-03-27 16:23:12.149,10521,10521,10521,4,4
2019-03-27 16:23:12.271,10521,10521,10521,11,11
2019-03-27 16:23:12.507,10520,10520,10520,2,-2
2019-03-27 16:23:12.723,10521,10521,10521,1,1
2019-03-27 16:23:59.990,10520,10520,10520,1,-1
2019-03-27 16:24:05.021,10520,10520,10520,1,1
2019-03-27 16:24:07.586,10520,10520,10520,1,1
2019-03-27 16:24:11.468,10520,10520,10520,1,1
2019-03-27 16:24:19.632,10520,10520,10520,1,1
2019-03-27 16:24:30.980,10521,10521,10521,1,1
2019-03-27 16:25:02.796,10521,10521,10521,2,2
2019-03-27 16:25:42.341,10520,10520,10520,14,-14
2019-03-27 16:25:42.364,10520,10520,10520,3,3
2019-03-27 16:25:42.378,10520,10520,10520,3,3
2019-03-27 16:25:42.378,10520,10520,10520,2,2
2019-03-27 16:25:42.379,10520,10520,10520,1,1
2019-03-27 16:25:42.379,10520,10520,10520,2,2
2019-03-27 16:25:42.379,10520,10520,10520,1,1
2019-03-27 16:25:42.379,10520,10520,10520,1,1
2019-03-27 16:25:42.379,10520,10520,10520,3,3
2019-03-27 16:25:42.379,10520,10520,10520,1,1
2019-03-27 16:25:42.379,10520,10520,10520,2,2
2019-03-27 16:25:42.379,10520,10520,10520,2,2
2019-03-27 16:25:42.379,10520,10520,10520,1,1
2019-03-27 16:25:42.416,10519,10519,10519,11,-11
2019-03-27 16:25:42.416,10519,10519,10519,1,1
2019-03-27 16:25:42.418,10519,10519,10519,2,2
2019-03-27 16:25:42.421,10519,10519,10519,1,1
2019-03-27 16:25:42.421,10519,10519,10519,1,1
2019-03-27 16:25:42.421,10519,10519,10519,7,7
2019-03-27 16:25:42.421,10519,10519,10519,4,4
2019-03-27 16:25:42.421,10519,10519,10519,4,4
2019-03-27 16:25:42.422,10519,10519,10519,4,4
2019-03-27 16:25:42.424,10519,10519,10519,7,7
2019-03-27 16:25:42.424,10519,10519,10519,3,3
2019-03-27 16:25:42.648,10518,10518,10518,9,-9
2019-03-27 16:25:42.670,10518,10518,10518,1,1
2019-03-27 16:25:42.771,10518,10518,10518,13,13
2019-03-27 16:25:42.943,10518,10518,10518,1,1
2019-03-27 16:25:43.021,10518,10518,10518,1,1
2019-03-27 16:25:45.720,10518,10518,10518,1,1
2019-03-27 16:25:46.083,10518,10518,10518,7,7
2019-03-27 16:25:46.083,10518,10518,10518,3,3
2019-03-27 16:25:46.084,10518,10518,10518,1,1
2019-03-27 16:25:46.084,10518,10518,10518,1,1
2019-03-27 16:25:54.009,10518,10518,10518,1,1
2019-03-27 16:25:56.837,10518,10518,10518,1,1
2019-03-27 16:26:00.992,10518,10518,10518,2,2
2019-03-27 16:26:04.485,10518,10518,10518,1,1
2019-03-27 16:26:14.078,10518,10518,10518,1,1
2019-03-27 16:26:19.386,10519,10519,10519,1,1
2019-03-27 16:26:19.386,10519,10519,10519,4,4
2019-03-27 16:26:19.771,10519,10519,10519,5,5
2019-03-27 16:26:31.984,10518,10518,10518,1,-1
2019-03-27 16:26:46.795,10518,10518,10518,1,1
2019-03-27 16:26:49.245,10518,10518,10518,1,1
2019-03-27 16:26:51.021,10518,10518,10518,2,2
2019-03-27 16:26:52.218,10518,10518,10518,2,2
2019-03-27 16:27:08.072,10517,10517,10517,1,-1
2019-03-27 16:27:12.383,10518,10518,10518,1,1
2019-03-27 16:27:12.489,10517,10517,10517,2,-2
2019-03-27 16:27:17.371,10517,10517,10517,1,1
2019-03-27 16:27:19.437,10517,10517,10517,6,6
2019-03-27 16:27:26.225,10517,10517,10517,4,4
2019-03-27 16:27:30.307,10517,10517,10517,1,1
2019-03-27 16:27:30.792,10517,10517,10517,1,1
2019-03-27 16:27:32.353,10517,10517,10517,5,5
2019-03-27 16:27:32.822,10517,10517,10517,4,4
2019-03-27 16:27:32.924,10517,10517,10517,1,1
2019-03-27 16:27:33.396,10517,10517,10517,1,1
2019-03-27 16:27:35.179,10516,10516,10516,3,-3
2019-03-27 16:27:36.212,10517,10517,10517,2,2
2019-03-27 16:27:36.646,10517,10517,10517,1,1
2019-03-27 16:27:42.102,10517,10517,10517,1,1
2019-03-27 16:27:44.331,10517,10517,10517,1,1
2019-03-27 16:27:48.104,10518,10518,10518,1,1
2019-03-27 16:27:48.346,10518,10518,10518,1,1
2019-03-27 16:27:49.025,10518,10518,10518,1,1
2019-03-27 16:27:49.026,10518,10518,10518,1,1
2019-03-27 16:27:49.026,10518,10518,10518,2,2
2019-03-27 16:27:49.026,10518,10518,10518,5,5
2019-03-27 16:27:49.924,10518,10518,10518,1,1
2019-03-27 16:27:55.916,10518,10518,10518,1,1
2019-03-27 16:28:00.992,10518,10518,10518,1,1
2019-03-27 16:28:02.533,10517,10517,10517,5,-5
2019-03-27 16:28:03.466,10517,10517,10517,1,1
2019-03-27 16:28:03.467,10517,10517,10517,3,3
2019-03-27 16:28:03.467,10517,10517,10517,1,1
2019-03-27 16:28:07.344,10516,10516,10516,1,-1
2019-03-27 16:28:23.246,10517,10517,10517,1,1
2019-03-27 16:28:37.802,10517,10517,10517,1,1
2019-03-27 16:28:40.438,10517,10517,10517,1,1
2019-03-27 16:28:46.390,10517,10517,10517,1,1
2019-03-27 16:28:46.730,10517,10517,10517,1,1
2019-03-27 16:28:57.242,10517,10517,10517,2,2
2019-03-27 16:29:00.795,10517,10517,10517,1,1
2019-03-27 16:29:10.735,10517,10517,10517,1,1
2019-03-27 16:29:10.735,10516,10516,10516,1,-1
2019-03-27 16:30:10.887,10516,10516,10516,1,1
2019-03-27 16:30:11.057,10516,10516,10516,1,1
2019-03-27 16:30:11.072,10516,10516,10516,1,1
2019-03-27 16:30:11.193,10516,10516,10516,4,4
2019-03-27 16:30:11.339,10516,10516,10516,4,4
2019-03-27 16:30:11.729,10516,10516,10516,4,4
2019-03-27 16:30:14.938,10517,10517,10517,3,3
2019-03-27 16:30:14.938,10517,10517,10517,4,4
2019-03-27 16:30:16.728,10517,10517,10517,6,6
2019-03-27 16:30:29.011,10517,10517,10517,20,20
2019-03-27 16:30:30.618,10518,10518,10518,1,1
2019-03-27 16:30:33.819,10517,10517,10517,1,-1
2019-03-27 16:30:34.632,10517,10517,10517,1,1
2019-03-27 16:30:36.795,10517,10517,10517,1,1
2019-03-27 16:30:38.614,10517,10517,10517,1,1
2019-03-27 16:30:53.677,10517,10517,10517,1,1
2019-03-27 16:31:19.175,10517,10517,10517,2,2
2019-03-27 16:31:25.404,10517,10517,10517,1,1
2019-03-27 16:31:28.443,10518,10518,10518,1,1
2019-03-27 16:31:32.222,10518,10518,10518,2,2
2019-03-27 16:31:32.223,10518,10518,10518,3,3
2019-03-27 16:31:32.223,10518,10518,10518,3,3
2019-03-27 16:31:32.223,10518,10518,10518,2,2
2019-03-27 16:31:50.357,10519,10519,10519,2,2
2019-03-27 16:31:54.018,10519,10519,10519,1,1
2019-03-27 16:32:27.646,10519,10519,10519,3,3
2019-03-27 16:33:21.564,10519,10519,10519,1,1
2019-03-27 16:33:40.146,10518,10518,10518,1,-1
2019-03-27 16:33:40.271,10518,10518,10518,1,1
2019-03-27 16:33:42.006,10519,10519,10519,1,1
2019-03-27 16:33:51.431,10518,10518,10518,1,-1
2019-03-27 16:33:53.415,10518,10518,10518,2,2
2019-03-27 16:34:00.146,10518,10518,10518,1,1
2019-03-27 16:34:10.809,10518,10518,10518,1,1
2019-03-27 16:34:19.577,10518,10518,10518,1,1
2019-03-27 16:34:19.578,10518,10518,10518,2,2
2019-03-27 16:34:19.578,10518,10518,10518,1,1
2019-03-27 16:34:38.662,10517,10517,10517,3,-3
2019-03-27 16:34:52.699,10517,10517,10517,5,5
2019-03-27 16:35:00.325,10517,10517,10517,1,1
2019-03-27 16:35:07.786,10517,10517,10517,1,1
2019-03-27 16:35:22.285,10517,10517,10517,2,2
2019-03-27 16:35:22.285,10517,10517,10517,4,4
2019-03-27 16:35:49.419,10517,10517,10517,8,8
2019-03-27 16:35:56.235,10517,10517,10517,1,1
2019-03-27 16:35:58.269,10517,10517,10517,1,1
2019-03-27 16:36:11.551,10517,10517,10517,6,6
2019-03-27 16:36:16.541,10516,10516,10516,1,-1
2019-03-27 16:36:49.459,10516,10516,10516,1,1
2019-03-27 16:36:49.646,10517,10517,10517,1,1
2019-03-27 16:36:49.771,10517,10517,10517,1,1
2019-03-27 16:36:58.938,10517,10517,10517,2,2
2019-03-27 16:36:59.713,10518,10518,10518,1,1
2019-03-27 16:37:04.587,10517,10517,10517,1,-1
2019-03-27 16:37:12.503,10517,10517,10517,2,2
2019-03-27 16:37:15.798,10517,10517,10517,1,1
2019-03-27 16:37:20.343,10517,10517,10517,5,5
2019-03-27 16:37:28.027,10517,10517,10517,1,1
2019-03-27 16:37:32.694,10518,10518,10518,1,1
2019-03-27 16:38:07.128,10517,10517,10517,10,-10
2019-03-27 16:38:07.146,10517,10517,10517,2,2
2019-03-27 16:38:15.685,10517,10517,10517,2,2
2019-03-27 16:38:16.812,10516,10516,10516,1,-1
2019-03-27 16:38:23.728,10517,10517,10517,1,1
2019-03-27 16:38:40.344,10517,10517,10517,1,1
2019-03-27 16:38:53.814,10517,10517,10517,3,3
2019-03-27 16:38:56.630,10517,10517,10517,1,1
2019-03-27 16:39:37.025,10517,10517,10517,1,1
2019-03-27 16:39:38.573,10517,10517,10517,2,2
2019-03-27 16:39:54.632,10517,10517,10517,1,1
2019-03-27 16:39:55.392,10517,10517,10517,2,2
2019-03-27 16:40:12.600,10517,10517,10517,1,1
2019-03-27 16:40:24.433,10517,10517,10517,3,3
2019-03-27 16:40:30.501,10516,10516,10516,3,-3
2019-03-27 16:40:42.968,10517,10517,10517,1,1
2019-03-27 16:40:52.896,10517,10517,10517,1,1
2019-03-27 16:40:55.753,10517,10517,10517,1,1
2019-03-27 16:41:19.086,10517,10517,10517,1,1
2019-03-27 16:41:45.454,10517,10517,10517,2,2
2019-03-27 16:41:49.320,10517,10517,10517,1,1
2019-03-27 16:42:15.014,10516,10516,10516,1,-1
2019-03-27 16:42:15.072,10516,10516,10516,1,1
2019-03-27 16:42:17.284,10516,10516,10516,4,4
2019-03-27 16:42:17.284,10516,10516,10516,1,1
2019-03-27 16:42:17.284,10516,10516,10516,3,3
2019-03-27 16:42:17.284,10516,10516,10516,6,6
2019-03-27 16:42:17.284,10516,10516,10516,14,14
2019-03-27 16:42:17.285,10516,10516,10516,6,6
2019-03-27 16:42:17.285,10516,10516,10516,4,4
2019-03-27 16:42:17.396,10516,10516,10516,1,1
2019-03-27 16:42:17.396,10516,10516,10516,6,6
2019-03-27 16:42:17.396,10516,10516,10516,8,8
2019-03-27 16:42:17.396,10516,10516,10516,1,1
2019-03-27 16:42:17.396,10516,10516,10516,4,4
2019-03-27 16:42:17.396,10516,10516,10516,4,4
2019-03-27 16:42:17.397,10516,10516,10516,1,1
2019-03-27 16:42:17.397,10516,10516,10516,4,4
2019-03-27 16:42:17.400,10516,10516,10516,4,4
2019-03-27 16:42:17.401,10516,10516,10516,4,4
2019-03-27 16:42:17.469,10516,10516,10516,1,1
2019-03-27 16:42:18.289,10516,10516,10516,1,1
2019-03-27 16:42:21.498,10515,10515,10515,1,-1
2019-03-27 16:42:21.548,10515,10515,10515,1,1
2019-03-27 16:42:21.560,10515,10515,10515,1,1
2019-03-27 16:42:21.572,10515,10515,10515,1,1
2019-03-27 16:42:21.622,10515,10515,10515,1,1
2019-03-27 16:42:23.007,10515,10515,10515,1,1
2019-03-27 16:42:23.237,10516,10516,10516,2,2
2019-03-27 16:42:24.594,10515,10515,10515,1,-1
2019-03-27 16:42:36.591,10515,10515,10515,1,1
2019-03-27 16:42:49.841,10515,10515,10515,1,1
2019-03-27 16:43:00.731,10515,10515,10515,4,4
2019-03-27 16:43:03.893,10516,10516,10516,1,1
2019-03-27 16:43:11.430,10516,10516,10516,1,1
2019-03-27 16:43:13.046,10516,10516,10516,1,1
2019-03-27 16:43:16.961,10516,10516,10516,1,1
2019-03-27 16:43:22.555,10516,10516,10516,1,1
2019-03-27 16:43:40.251,10516,10516,10516,1,1
2019-03-27 16:43:55.355,10515,10515,10515,1,-1
2019-03-27 16:43:55.940,10516,10516,10516,1,1
2019-03-27 16:43:57.459,10515,10515,10515,3,-3
2019-03-27 16:44:00.163,10515,10515,10515,1,1
2019-03-27 16:44:08.406,10516,10516,10516,1,1
2019-03-27 16:44:08.406,10516,10516,10516,1,1
2019-03-27 16:44:08.407,10516,10516,10516,9,9
2019-03-27 16:44:19.601,10517,10517,10517,19,19
2019-03-27 16:44:19.933,10517,10517,10517,1,1
2019-03-27 16:44:20.304,10518,10518,10518,1,1
2019-03-27 16:44:34.561,10517,10517,10517,1,-1
2019-03-27 16:45:03.139,10517,10517,10517,1,1
2019-03-27 16:45:03.146,10517,10517,10517,4,4
2019-03-27 16:45:03.521,10517,10517,10517,1,1
2019-03-27 16:45:03.528,10517,10517,10517,1,1
2019-03-27 16:45:20.361,10517,10517,10517,1,1
2019-03-27 16:45:49.965,10517,10517,10517,1,1
2019-03-27 16:46:06.062,10517,10517,10517,1,1
2019-03-27 16:46:11.270,10518,10518,10518,2,2
2019-03-27 16:47:18.902,10517,10517,10517,1,-1
2019-03-27 16:47:21.160,10517,10517,10517,1,1
2019-03-27 16:48:06.283,10517,10517,10517,9,9
2019-03-27 16:48:08.832,10517,10517,10517,1,1
2019-03-27 16:48:10.040,10517,10517,10517,2,2
2019-03-27 16:48:10.351,10518,10518,10518,7,7
2019-03-27 16:48:13.378,10518,10518,10518,1,1
2019-03-27 16:48:16.346,10518,10518,10518,1,1
2019-03-27 16:48:18.937,10518,10518,10518,1,1
2019-03-27 16:48:32.156,10517,10517,10517,1,-1
2019-03-27 16:48:35.565,10517,10517,10517,1,1
2019-03-27 16:48:37.799,10517,10517,10517,1,1
2019-03-27 16:48:38.150,10517,10517,10517,2,2
2019-03-27 16:48:42.148,10516,10516,10516,2,-2
2019-03-27 16:48:49.206,10516,10516,10516,2,2
2019-03-27 16:48:51.422,10516,10516,10516,2,2
2019-03-27 16:48:54.643,10517,10517,10517,2,2
2019-03-27 16:49:07.767,10517,10517,10517,1,1
2019-03-27 16:49:15.747,10517,10517,10517,1,1
2019-03-27 16:49:17.975,10517,10517,10517,1,1
2019-03-27 16:49:17.976,10517,10517,10517,1,1
2019-03-27 16:49:20.182,10517,10517,10517,1,1
2019-03-27 16:49:20.182,10517,10517,10517,1,1
2019-03-27 16:49:20.182,10517,10517,10517,2,2
2019-03-27 16:49:29.763,10517,10517,10517,2,2
2019-03-27 16:49:29.965,10517,10517,10517,2,2
2019-03-27 16:49:46.569,10518,10518,10518,1,1
2019-03-27 16:52:13.187,10517,10517,10517,1,-1
2019-03-27 16:52:13.562,10518,10518,10518,1,1
2019-03-27 16:52:24.375,10518,10518,10518,1,1
2019-03-27 16:53:07.199,10518,10518,10518,1,1
2019-03-27 16:53:14.500,10517,10517,10517,1,-1
2019-03-27 16:53:16.933,10517,10517,10517,1,1
2019-03-27 16:53:17.693,10517,10517,10517,1,1
2019-03-27 16:53:18.446,10517,10517,10517,1,1
2019-03-27 16:53:26.689,10517,10517,10517,1,1
2019-03-27 16:53:34.986,10517,10517,10517,1,1
2019-03-27 16:53:51.623,10517,10517,10517,1,1
2019-03-27 16:53:54.142,10517,10517,10517,2,2
2019-03-27 16:53:54.142,10517,10517,10517,1,1
2019-03-27 16:53:54.143,10517,10517,10517,3,3
2019-03-27 16:53:54.143,10517,10517,10517,2,2
2019-03-27 16:53:54.143,10517,10517,10517,2,2
2019-03-27 16:54:02.315,10517,10517,10517,3,3
2019-03-27 16:54:16.174,10517,10517,10517,1,1
2019-03-27 16:54:16.175,10517,10517,10517,1,1
2019-03-27 16:54:16.175,10517,10517,10517,1,1
2019-03-27 16:54:16.176,10517,10517,10517,2,2
2019-03-27 16:54:25.453,10517,10517,10517,1,1
2019-03-27 16:54:50.277,10517,10517,10517,1,1
2019-03-27 16:55:01.621,10518,10518,10518,2,2
2019-03-27 16:55:02.254,10518,10518,10518,1,1
2019-03-27 16:55:02.256,10518,10518,10518,1,1
2019-03-27 16:55:53.341,10518,10518,10518,1,1
2019-03-27 16:56:05.195,10517,10517,10517,2,-2
2019-03-27 16:56:05.662,10517,10517,10517,2,2
2019-03-27 16:56:06.154,10517,10517,10517,2,2
2019-03-27 16:56:06.771,10517,10517,10517,2,2
2019-03-27 16:56:06.903,10517,10517,10517,1,1
2019-03-27 16:56:33.219,10517,10517,10517,1,1
2019-03-27 16:56:39.863,10517,10517,10517,1,1
2019-03-27 16:56:39.896,10517,10517,10517,2,2
2019-03-27 16:56:48.062,10517,10517,10517,1,1
2019-03-27 16:56:52.221,10517,10517,10517,1,1
2019-03-27 16:56:52.271,10517,10517,10517,1,1
2019-03-27 16:56:53.393,10517,10517,10517,2,2
2019-03-27 16:57:15.018,10517,10517,10517,1,1
2019-03-27 16:57:15.019,10517,10517,10517,1,1
2019-03-27 16:57:15.021,10517,10517,10517,1,1
2019-03-27 16:57:27.852,10517,10517,10517,1,1
2019-03-27 16:57:28.726,10517,10517,10517,1,1
2019-03-27 16:57:29.865,10517,10517,10517,1,1
2019-03-27 16:57:31.865,10517,10517,10517,1,1
2019-03-27 16:57:35.665,10517,10517,10517,1,1
2019-03-27 16:57:36.490,10517,10517,10517,1,1
2019-03-27 16:57:39.321,10517,10517,10517,1,1
2019-03-27 16:57:41.626,10517,10517,10517,1,1
2019-03-27 16:57:52.361,10517,10517,10517,1,1
2019-03-27 16:57:52.897,10517,10517,10517,1,1
2019-03-27 16:58:53.763,10516,10516,10516,1,-1
2019-03-27 16:58:53.771,10516,10516,10516,1,1
2019-03-27 16:58:54.779,10517,10517,10517,1,1
2019-03-27 16:59:15.917,10516,10516,10516,2,-2
2019-03-27 16:59:15.918,10516,10516,10516,1,1
2019-03-27 16:59:15.918,10516,10516,10516,6,6
2019-03-27 16:59:16.021,10516,10516,10516,2,2
2019-03-27 16:59:16.021,10516,10516,10516,3,3
2019-03-27 16:59:56.220,10516,10516,10516,2,2
2019-03-27 17:00:01.072,10515,10515,10515,2,-2
2019-03-27 17:00:01.181,10515,10515,10515,1,1
2019-03-27 17:00:01.366,10516,10516,10516,1,1
2019-03-27 17:00:01.369,10516,10516,10516,4,4
2019-03-27 17:00:01.591,10515,10515,10515,2,-2
2019-03-27 17:00:02.132,10515,10515,10515,2,2
2019-03-27 17:00:03.076,10515,10515,10515,29,29
2019-03-27 17:00:03.146,10515,10515,10515,18,18
2019-03-27 17:00:03.146,10515,10515,10515,1,1
2019-03-27 17:00:04.291,10515,10515,10515,2,2
2019-03-27 17:00:14.284,10515,10515,10515,1,1
2019-03-27 17:00:17.487,10514,10514,10514,1,-1
2019-03-27 17:00:17.541,10514,10514,10514,1,1
2019-03-27 17:00:19.069,10514,10514,10514,1,1
2019-03-27 17:00:22.920,10514,10514,10514,1,1
2019-03-27 17:00:31.078,10514,10514,10514,1,1
2019-03-27 17:00:31.881,10514,10514,10514,1,1
2019-03-27 17:00:32.424,10514,10514,10514,1,1
2019-03-27 17:00:42.698,10515,10515,10515,1,1
2019-03-27 17:00:44.174,10515,10515,10515,10,10
2019-03-27 17:00:44.872,10515,10515,10515,1,1
2019-03-27 17:00:49.208,10515,10515,10515,5,5
2019-03-27 17:00:59.337,10515,10515,10515,1,1
2019-03-27 17:01:10.623,10515,10515,10515,1,1
2019-03-27 17:01:40.687,10515,10515,10515,1,1
2019-03-27 17:01:49.618,10515,10515,10515,1,1
2019-03-27 17:01:54.327,10515,10515,10515,1,1
2019-03-27 17:02:05.550,10515,10515,10515,1,1
2019-03-27 17:02:08.115,10515,10515,10515,3,3
2019-03-27 17:02:09.005,10516,10516,10516,5,5
2019-03-27 17:02:09.064,10515,10515,10515,1,-1
2019-03-27 17:02:09.787,10515,10515,10515,1,1
2019-03-27 17:02:18.222,10515,10515,10515,1,1
2019-03-27 17:02:25.332,10515,10515,10515,5,5
2019-03-27 17:02:53.796,10515,10515,10515,1,1
2019-03-27 17:02:56.269,10515,10515,10515,1,1
2019-03-27 17:03:09.773,10515,10515,10515,2,2
2019-03-27 17:03:25.459,10515,10515,10515,2,2
2019-03-27 17:03:53.438,10516,10516,10516,1,1
2019-03-27 17:03:54.366,10516,10516,10516,2,2
2019-03-27 17:03:54.366,10516,10516,10516,1,1
2019-03-27 17:03:54.366,10516,10516,10516,1,1
2019-03-27 17:03:54.366,10516,10516,10516,10,10
2019-03-27 17:03:54.366,10516,10516,10516,7,7
2019-03-27 17:03:54.448,10517,10517,10517,2,2
2019-03-27 17:04:09.559,10517,10517,10517,1,1
2019-03-27 17:04:13.539,10517,10517,10517,1,1
2019-03-27 17:04:25.688,10517,10517,10517,1,1
2019-03-27 17:04:32.608,10517,10517,10517,2,2
2019-03-27 17:04:34.068,10517,10517,10517,3,3
2019-03-27 17:04:34.321,10517,10517,10517,3,3
2019-03-27 17:04:59.114,10517,10517,10517,2,2
2019-03-27 17:05:23.114,10517,10517,10517,1,1
2019-03-27 17:05:45.646,10516,10516,10516,1,-1
2019-03-27 17:05:45.670,10516,10516,10516,1,1
2019-03-27 17:05:45.698,10516,10516,10516,1,1
2019-03-27 17:05:46.115,10516,10516,10516,1,1
2019-03-27 17:06:00.902,10517,10517,10517,1,1
2019-03-27 17:06:01.340,10517,10517,10517,3,3
2019-03-27 17:06:01.588,10517,10517,10517,2,2
2019-03-27 17:06:01.588,10518,10518,10518,2,2
2019-03-27 17:06:01.588,10518,10518,10518,4,4
2019-03-27 17:06:01.890,10518,10518,10518,3,3
2019-03-27 17:06:02.004,10518,10518,10518,1,1
2019-03-27 17:06:30.788,10518,10518,10518,1,1
2019-03-27 17:06:38.561,10517,10517,10517,1,-1
2019-03-27 17:07:20.434,10518,10518,10518,1,1
2019-03-27 17:07:26.646,10518,10518,10518,2,2
2019-03-27 17:07:26.813,10518,10518,10518,1,1
2019-03-27 17:07:31.206,10518,10518,10518,1,1
2019-03-27 17:07:31.271,10518,10518,10518,15,15
2019-03-27 17:07:37.242,10518,10518,10518,1,1
2019-03-27 17:07:50.887,10519,10519,10519,4,4
2019-03-27 17:07:52.181,10519,10519,10519,1,1
2019-03-27 17:08:05.323,10519,10519,10519,10,10
2019-03-27 17:08:13.753,10519,10519,10519,1,1
2019-03-27 17:08:14.874,10519,10519,10519,1,1
2019-03-27 17:08:32.911,10519,10519,10519,1,1
2019-03-27 17:08:37.076,10519,10519,10519,1,1
2019-03-27 17:08:39.668,10519,10519,10519,4,4
2019-03-27 17:08:53.616,10519,10519,10519,1,1
2019-03-27 17:09:14.147,10519,10519,10519,1,1
2019-03-27 17:09:22.737,10519,10519,10519,2,2
2019-03-27 17:09:23.594,10519,10519,10519,1,1
2019-03-27 17:09:26.072,10519,10519,10519,2,2
2019-03-27 17:10:02.713,10518,10518,10518,1,-1
2019-03-27 17:10:06.896,10518,10518,10518,1,1
2019-03-27 17:10:07.021,10518,10518,10518,1,1
2019-03-27 17:10:07.146,10518,10518,10518,1,1
2019-03-27 17:10:50.431,10519,10519,10519,2,2
2019-03-27 17:11:08.327,10519,10519,10519,1,1
2019-03-27 17:11:24.396,10519,10519,10519,1,1
2019-03-27 17:11:37.533,10519,10519,10519,1,1
2019-03-27 17:11:43.430,10519,10519,10519,1,1
2019-03-27 17:11:47.608,10519,10519,10519,4,4
2019-03-27 17:11:54.422,10519,10519,10519,4,4
2019-03-27 17:12:18.972,10519,10519,10519,2,2
2019-03-27 17:12:49.791,10519,10519,10519,1,1
2019-03-27 17:12:52.146,10519,10519,10519,5,5
2019-03-27 17:12:52.214,10519,10519,10519,1,1
2019-03-27 17:14:59.007,10519,10519,10519,1,1
2019-03-27 17:15:19.321,10519,10519,10519,2,2
2019-03-27 17:15:19.321,10519,10519,10519,3,3
2019-03-27 17:15:40.363,10519,10519,10519,1,1
2019-03-27 17:16:03.398,10519,10519,10519,3,3
2019-03-27 17:16:04.898,10519,10519,10519,1,1
2019-03-27 17:16:04.899,10519,10519,10519,4,4
2019-03-27 17:16:04.899,10519,10519,10519,4,4
2019-03-27 17:16:04.899,10519,10519,10519,1,1
2019-03-27 17:16:04.899,10519,10519,10519,2,2
2019-03-27 17:16:09.369,10519,10519,10519,1,1
2019-03-27 17:16:42.257,10519,10519,10519,1,1
2019-03-27 17:16:47.091,10518,10518,10518,1,-1
2019-03-27 17:18:04.586,10518,10518,10518,1,1
2019-03-27 17:18:04.646,10518,10518,10518,1,1
2019-03-27 17:18:13.477,10518,10518,10518,1,1
2019-03-27 17:18:13.477,10518,10518,10518,1,1
2019-03-27 17:18:13.477,10518,10518,10518,1,1
2019-03-27 17:18:13.521,10518,10518,10518,2,2
2019-03-27 17:18:16.127,10518,10518,10518,1,1
2019-03-27 17:18:20.041,10518,10518,10518,1,1
2019-03-27 17:18:20.041,10518,10518,10518,1,1
2019-03-27 17:18:20.043,10518,10518,10518,1,1
2019-03-27 17:18:34.319,10518,10518,10518,1,1
2019-03-27 17:18:51.858,10518,10518,10518,1,1
2019-03-27 17:19:01.386,10518,10518,10518,1,1
2019-03-27 17:19:23.044,10518,10518,10518,1,1
2019-03-27 17:19:28.396,10518,10518,10518,1,1
2019-03-27 17:19:30.919,10518,10518,10518,1,1
2019-03-27 17:19:30.919,10518,10518,10518,1,1
2019-03-27 17:19:30.919,10518,10518,10518,1,1
2019-03-27 17:19:58.077,10518,10518,10518,2,2
2019-03-27 17:19:58.126,10518,10518,10518,1,1
2019-03-27 17:20:03.083,10519,10519,10519,5,5
2019-03-27 17:20:03.199,10519,10519,10519,6,6
2019-03-27 17:20:41.812,10519,10519,10519,1,1
2019-03-27 17:20:58.692,10519,10519,10519,1,1
2019-03-27 17:21:05.246,10519,10519,10519,1,1
2019-03-27 17:21:21.230,10520,10520,10520,1,1
2019-03-27 17:21:21.756,10520,10520,10520,1,1
2019-03-27 17:21:26.681,10520,10520,10520,1,1
2019-03-27 17:21:42.237,10519,10519,10519,1,-1
2019-03-27 17:21:47.242,10519,10519,10519,1,1
2019-03-27 17:21:57.656,10519,10519,10519,1,1
2019-03-27 17:22:06.643,10519,10519,10519,1,1
2019-03-27 17:22:11.425,10519,10519,10519,1,1
2019-03-27 17:22:12.623,10519,10519,10519,1,1
2019-03-27 17:22:13.593,10519,10519,10519,1,1
2019-03-27 17:22:16.139,10519,10519,10519,1,1
2019-03-27 17:22:18.646,10519,10519,10519,1,1
2019-03-27 17:22:23.395,10519,10519,10519,1,1
2019-03-27 17:25:00.510,10520,10520,10520,2,2
2019-03-27 17:25:12.194,10520,10520,10520,1,1
2019-03-27 17:25:20.161,10520,10520,10520,25,25
2019-03-27 17:26:10.956,10520,10520,10520,8,8
2019-03-27 17:26:10.957,10520,10520,10520,8,8
2019-03-27 17:26:11.021,10520,10520,10520,6,6
2019-03-27 17:26:11.021,10520,10520,10520,1,1
2019-03-27 17:26:11.021,10520,10520,10520,1,1
2019-03-27 17:26:17.397,10521,10521,10521,1,1
2019-03-27 17:26:19.024,10521,10521,10521,1,1
2019-03-27 17:26:25.428,10521,10521,10521,2,2
2019-03-27 17:26:44.259,10521,10521,10521,2,2
2019-03-27 17:26:50.265,10521,10521,10521,1,1
2019-03-27 17:26:50.265,10521,10521,10521,18,18
2019-03-27 17:26:50.265,10521,10521,10521,17,17
2019-03-27 17:27:00.668,10521,10521,10521,1,1
2019-03-27 17:27:07.351,10522,10522,10522,11,11
2019-03-27 17:27:10.046,10522,10522,10522,1,1
2019-03-27 17:27:21.398,10522,10522,10522,1,1
2019-03-27 17:27:50.803,10521,10521,10521,5,-5
2019-03-27 17:27:57.832,10521,10521,10521,1,1
2019-03-27 17:28:13.910,10521,10521,10521,2,2
2019-03-27 17:28:16.075,10521,10521,10521,1,1
2019-03-27 17:28:53.671,10521,10521,10521,1,1
2019-03-27 17:28:55.150,10521,10521,10521,1,1
2019-03-27 17:29:03.075,10522,10522,10522,2,2
2019-03-27 17:29:09.230,10522,10522,10522,1,1
2019-03-27 17:29:28.188,10522,10522,10522,1,1
2019-03-27 17:29:56.151,10522,10522,10522,1,1
2019-03-27 17:29:58.778,10522,10522,10522,6,6
2019-03-27 17:29:58.779,10522,10522,10522,8,8
2019-03-27 17:29:58.896,10522,10522,10522,1,1
2019-03-27 17:29:58.896,10522,10522,10522,1,1
2019-03-27 17:29:58.896,10522,10522,10522,1,1
2019-03-27 17:29:58.896,10522,10522,10522,3,3
2019-03-27 17:29:58.896,10522,10522,10522,7,7
2019-03-27 17:30:02.163,10523,10523,10523,10,10
2019-03-27 17:30:03.157,10522,10522,10522,4,-4
2019-03-27 17:30:16.628,10522,10522,10522,1,1
2019-03-27 17:30:21.876,10522,10522,10522,1,1
2019-03-27 17:30:24.388,10522,10522,10522,1,1
2019-03-27 17:30:26.178,10522,10522,10522,1,1
2019-03-27 17:30:26.297,10522,10522,10522,1,1
2019-03-27 17:30:33.155,10522,10522,10522,1,1
2019-03-27 17:30:39.895,10522,10522,10522,1,1
2019-03-27 17:30:49.739,10523,10523,10523,1,1
2019-03-27 17:30:59.226,10522,10522,10522,1,-1
2019-03-27 17:31:15.769,10522,10522,10522,1,1
2019-03-27 17:31:18.027,10522,10522,10522,1,1
2019-03-27 17:31:37.795,10522,10522,10522,3,3
2019-03-27 17:32:14.224,10522,10522,10522,1,1
2019-03-27 17:32:17.700,10522,10522,10522,1,1
2019-03-27 17:32:26.299,10522,10522,10522,1,1
2019-03-27 17:32:38.020,10522,10522,10522,1,1
2019-03-27 17:32:41.553,10522,10522,10522,5,5
2019-03-27 17:32:42.459,10522,10522,10522,5,5
2019-03-27 17:32:44.997,10522,10522,10522,1,1
2019-03-27 17:33:06.182,10522,10522,10522,1,1
2019-03-27 17:33:09.572,10522,10522,10522,1,1
2019-03-27 17:33:31.259,10522,10522,10522,4,4
2019-03-27 17:33:31.397,10522,10522,10522,1,1
2019-03-27 17:33:39.504,10522,10522,10522,1,1
2019-03-27 17:33:45.393,10522,10522,10522,1,1
2019-03-27 17:33:46.459,10522,10522,10522,1,1
2019-03-27 17:34:18.005,10522,10522,10522,1,1
2019-03-27 17:34:19.027,10522,10522,10522,1,1
2019-03-27 17:34:29.758,10523,10523,10523,1,1
2019-03-27 17:34:33.556,10523,10523,10523,1,1
2019-03-27 17:34:52.200,10523,10523,10523,1,1
2019-03-27 17:35:35.822,10522,10522,10522,1,-1
2019-03-27 17:35:43.237,10522,10522,10522,1,1
2019-03-27 17:35:55.610,10522,10522,10522,1,1
2019-03-27 17:36:08.835,10522,10522,10522,3,3
2019-03-27 17:36:09.760,10522,10522,10522,1,1
2019-03-27 17:36:12.936,10522,10522,10522,1,1
2019-03-27 17:36:13.021,10522,10522,10522,1,1
2019-03-27 17:36:42.292,10522,10522,10522,1,1
2019-03-27 17:36:47.109,10521,10521,10521,6,-6
2019-03-27 17:36:47.146,10521,10521,10521,8,8
2019-03-27 17:36:47.146,10521,10521,10521,12,12
2019-03-27 17:36:47.290,10521,10521,10521,1,1
2019-03-27 17:36:48.263,10521,10521,10521,5,5
2019-03-27 17:36:57.567,10521,10521,10521,1,1
2019-03-27 17:37:03.955,10521,10521,10521,1,1
2019-03-27 17:37:04.103,10521,10521,10521,1,1
2019-03-27 17:37:04.146,10521,10521,10521,1,1
2019-03-27 17:37:04.606,10521,10521,10521,1,1
2019-03-27 17:37:04.624,10521,10521,10521,1,1
2019-03-27 17:37:23.075,10521,10521,10521,1,1
2019-03-27 17:37:29.784,10521,10521,10521,1,1
2019-03-27 17:37:39.125,10521,10521,10521,1,1
2019-03-27 17:37:53.067,10521,10521,10521,1,1
2019-03-27 17:38:25.353,10520,10520,10520,1,-1
2019-03-27 17:38:27.920,10520,10520,10520,1,1
2019-03-27 17:39:56.954,10520,10520,10520,1,1
2019-03-27 17:40:42.760,10520,10520,10520,1,1
2019-03-27 17:40:49.310,10521,10521,10521,1,1
2019-03-27 17:40:49.310,10521,10521,10521,1,1
2019-03-27 17:40:53.293,10521,10521,10521,1,1
2019-03-27 17:41:03.121,10521,10521,10521,1,1
2019-03-27 17:41:18.125,10521,10521,10521,1,1
2019-03-27 17:41:20.735,10521,10521,10521,1,1
2019-03-27 17:41:54.271,10521,10521,10521,1,1
2019-03-27 17:42:00.271,10521,10521,10521,1,1
2019-03-27 17:42:54.602,10521,10521,10521,1,1
2019-03-27 17:43:37.021,10521,10521,10521,1,1
2019-03-27 17:43:45.196,10521,10521,10521,1,1
2019-03-27 17:44:15.163,10520,10520,10520,4,-4
2019-03-27 17:44:15.282,10520,10520,10520,4,4
2019-03-27 17:44:15.396,10520,10520,10520,1,1
2019-03-27 17:44:20.381,10520,10520,10520,1,1
2019-03-27 17:44:24.586,10520,10520,10520,1,1
2019-03-27 17:44:30.103,10520,10520,10520,5,5
2019-03-27 17:44:32.640,10519,10519,10519,2,-2
2019-03-27 17:44:32.640,10519,10519,10519,2,2
2019-03-27 17:44:32.651,10519,10519,10519,1,1
2019-03-27 17:44:35.936,10518,10518,10518,2,-2
2019-03-27 17:44:35.937,10518,10518,10518,4,4
2019-03-27 17:44:35.937,10518,10518,10518,1,1
2019-03-27 17:44:35.937,10518,10518,10518,4,4
2019-03-27 17:44:35.940,10518,10518,10518,2,2
2019-03-27 17:44:35.967,10518,10518,10518,1,1
2019-03-27 17:44:36.022,10517,10517,10517,2,-2
2019-03-27 17:44:36.039,10518,10518,10518,1,1
2019-03-27 17:44:44.423,10518,10518,10518,10,10
2019-03-27 17:44:48.130,10518,10518,10518,1,1
2019-03-27 17:44:48.388,10518,10518,10518,1,1
2019-03-27 17:44:48.671,10518,10518,10518,1,1
2019-03-27 17:44:50.654,10518,10518,10518,1,1
2019-03-27 17:44:54.139,10517,10517,10517,1,-1
2019-03-27 17:44:54.239,10518,10518,10518,1,1
2019-03-27 17:45:03.838,10517,10517,10517,16,-16
2019-03-27 17:45:04.021,10517,10517,10517,2,2
2019-03-27 17:45:04.176,10517,10517,10517,1,1
2019-03-27 17:45:05.417,10517,10517,10517,1,1
2019-03-27 17:45:05.508,10517,10517,10517,9,9
2019-03-27 17:45:05.680,10518,10518,10518,2,2
2019-03-27 17:45:18.434,10517,10517,10517,2,-2
2019-03-27 17:45:18.434,10517,10517,10517,2,2
2019-03-27 17:45:18.434,10517,10517,10517,2,2
2019-03-27 17:45:18.434,10517,10517,10517,2,2
2019-03-27 17:45:27.359,10517,10517,10517,1,1
2019-03-27 17:45:49.987,10517,10517,10517,1,1
2019-03-27 17:45:57.438,10517,10517,10517,1,1
2019-03-27 17:46:00.980,10517,10517,10517,2,2
2019-03-27 17:46:18.346,10516,10516,10516,1,-1
2019-03-27 17:46:18.501,10516,10516,10516,1,1
2019-03-27 17:46:20.837,10516,10516,10516,1,1
2019-03-27 17:46:21.023,10516,10516,10516,1,1
2019-03-27 17:46:25.731,10516,10516,10516,2,2
2019-03-27 17:46:28.560,10517,10517,10517,1,1
2019-03-27 17:46:32.977,10517,10517,10517,1,1
2019-03-27 17:46:36.100,10517,10517,10517,1,1
2019-03-27 17:46:41.278,10516,10516,10516,2,-2
2019-03-27 17:46:46.626,10516,10516,10516,1,1
2019-03-27 17:46:50.747,10516,10516,10516,1,1
2019-03-27 17:47:14.588,10516,10516,10516,1,1
2019-03-27 17:47:15.694,10517,10517,10517,1,1
2019-03-27 17:47:18.055,10517,10517,10517,1,1
2019-03-27 17:47:24.751,10516,10516,10516,4,-4
2019-03-27 17:47:33.833,10516,10516,10516,1,1
2019-03-27 17:47:37.020,10516,10516,10516,1,1
2019-03-27 17:47:38.853,10516,10516,10516,2,2
2019-03-27 17:47:40.504,10516,10516,10516,1,1
2019-03-27 17:47:49.189,10516,10516,10516,2,2
2019-03-27 17:47:55.762,10516,10516,10516,2,2
2019-03-27 17:48:03.372,10516,10516,10516,1,1
2019-03-27 17:48:10.235,10516,10516,10516,5,5
2019-03-27 17:48:15.620,10515,10515,10515,1,-1
2019-03-27 17:48:15.899,10515,10515,10515,1,1
2019-03-27 17:48:28.496,10515,10515,10515,1,1
2019-03-27 17:48:34.857,10515,10515,10515,5,5
2019-03-27 17:48:37.010,10515,10515,10515,1,1
2019-03-27 17:48:46.491,10515,10515,10515,1,1
2019-03-27 17:48:46.491,10515,10515,10515,1,1
2019-03-27 17:48:46.491,10515,10515,10515,1,1
2019-03-27 17:48:46.491,10515,10515,10515,8,8
2019-03-27 17:48:46.491,10515,10515,10515,2,2
2019-03-27 17:48:46.500,10515,10515,10515,4,4
2019-03-27 17:48:46.521,10515,10515,10515,1,1
2019-03-27 17:48:46.521,10515,10515,10515,4,4
2019-03-27 17:48:46.521,10515,10515,10515,3,3
2019-03-27 17:48:57.703,10514,10514,10514,12,-12
2019-03-27 17:48:57.793,10514,10514,10514,1,1
2019-03-27 17:48:57.890,10514,10514,10514,2,2
2019-03-27 17:49:01.386,10515,10515,10515,3,3
2019-03-27 17:49:01.441,10515,10515,10515,2,2
2019-03-27 17:49:01.521,10514,10514,10514,1,-1
2019-03-27 17:49:03.130,10514,10514,10514,1,1
2019-03-27 17:49:03.169,10514,10514,10514,2,2
2019-03-27 17:49:03.191,10515,10515,10515,1,1
2019-03-27 17:49:17.077,10516,10516,10516,1,1
2019-03-27 17:49:26.441,10515,10515,10515,1,-1
2019-03-27 17:49:26.594,10516,10516,10516,3,3
2019-03-27 17:49:26.819,10515,10515,10515,1,-1
2019-03-27 17:49:41.032,10515,10515,10515,1,1
2019-03-27 17:49:56.151,10516,10516,10516,1,1
2019-03-27 17:50:09.209,10516,10516,10516,2,2
2019-03-27 17:50:10.011,10515,10515,10515,1,-1
2019-03-27 17:50:10.014,10515,10515,10515,1,1
2019-03-27 17:50:10.198,10515,10515,10515,1,1
2019-03-27 17:50:10.293,10515,10515,10515,1,1
2019-03-27 17:50:20.756,10516,10516,10516,2,2
2019-03-27 17:50:36.241,10515,10515,10515,4,-4
2019-03-27 17:50:36.271,10515,10515,10515,18,18
2019-03-27 17:50:39.118,10515,10515,10515,2,2
2019-03-27 17:50:39.250,10515,10515,10515,1,1
2019-03-27 17:50:39.250,10516,10516,10516,1,1
2019-03-27 17:50:43.107,10515,10515,10515,3,-3
2019-03-27 17:50:45.721,10515,10515,10515,1,1
2019-03-27 17:50:55.543,10515,10515,10515,1,1
2019-03-27 17:50:57.944,10515,10515,10515,2,2
2019-03-27 17:51:00.196,10515,10515,10515,1,1
2019-03-27 17:51:04.259,10515,10515,10515,1,1
2019-03-27 17:51:21.153,10514,10514,10514,1,-1
2019-03-27 17:51:21.154,10514,10514,10514,1,1
2019-03-27 17:51:21.154,10514,10514,10514,2,2
2019-03-27 17:51:21.154,10514,10514,10514,4,4
2019-03-27 17:51:21.155,10514,10514,10514,3,3
2019-03-27 17:51:21.155,10514,10514,10514,3,3
2019-03-27 17:51:21.195,10514,10514,10514,1,1
2019-03-27 17:51:21.231,10514,10514,10514,2,2
2019-03-27 17:51:21.234,10514,10514,10514,2,2
2019-03-27 17:51:21.271,10514,10514,10514,2,2
2019-03-27 17:51:21.271,10514,10514,10514,8,8
2019-03-27 17:51:21.272,10514,10514,10514,2,2
2019-03-27 17:51:21.396,10514,10514,10514,4,4
2019-03-27 17:51:21.398,10514,10514,10514,4,4
2019-03-27 17:51:21.405,10514,10514,10514,1,1
2019-03-27 17:51:23.582,10514,10514,10514,1,1
2019-03-27 17:51:25.503,10513,10513,10513,10,-10
2019-03-27 17:51:25.557,10513,10513,10513,1,1
2019-03-27 17:51:25.582,10513,10513,10513,1,1
2019-03-27 17:51:26.388,10513,10513,10513,1,1
2019-03-27 17:51:27.080,10513,10513,10513,1,1
2019-03-27 17:51:27.124,10513,10513,10513,1,1
2019-03-27 17:51:31.488,10514,10514,10514,2,2
2019-03-27 17:51:44.382,10513,10513,10513,1,-1
2019-03-27 17:51:44.722,10514,10514,10514,1,1
2019-03-27 17:51:50.952,10513,10513,10513,2,-2
2019-03-27 17:52:01.098,10513,10513,10513,1,1
2019-03-27 17:52:02.502,10513,10513,10513,1,1
2019-03-27 17:52:03.302,10513,10513,10513,2,2
2019-03-27 17:52:03.305,10513,10513,10513,2,2
2019-03-27 17:52:03.907,10513,10513,10513,8,8
2019-03-27 17:52:04.149,10513,10513,10513,1,1
2019-03-27 17:52:04.509,10513,10513,10513,1,1
2019-03-27 17:52:07.441,10513,10513,10513,2,2
2019-03-27 17:52:07.897,10513,10513,10513,5,5
2019-03-27 17:52:07.959,10513,10513,10513,1,1
2019-03-27 17:52:08.384,10513,10513,10513,1,1
2019-03-27 17:52:14.653,10513,10513,10513,1,1
2019-03-27 17:52:15.181,10513,10513,10513,1,1
2019-03-27 17:52:20.386,10513,10513,10513,1,1
2019-03-27 17:52:20.965,10513,10513,10513,1,1
2019-03-27 17:52:26.178,10513,10513,10513,1,1
2019-03-27 17:52:26.581,10513,10513,10513,1,1
2019-03-27 17:52:27.742,10513,10513,10513,1,1
2019-03-27 17:52:28.088,10513,10513,10513,1,1
2019-03-27 17:52:28.480,10513,10513,10513,3,3
2019-03-27 17:52:30.623,10513,10513,10513,1,1
2019-03-27 17:52:31.107,10513,10513,10513,1,1
2019-03-27 17:52:32.438,10513,10513,10513,5,5
2019-03-27 17:52:32.761,10513,10513,10513,5,5
2019-03-27 17:52:33.154,10513,10513,10513,1,1
2019-03-27 17:52:33.371,10513,10513,10513,1,1
2019-03-27 17:52:36.010,10513,10513,10513,1,1
2019-03-27 17:52:36.855,10513,10513,10513,2,2
2019-03-27 17:52:41.610,10513,10513,10513,6,6
2019-03-27 17:52:43.867,10512,10512,10512,1,-1
2019-03-27 17:52:43.929,10512,10512,10512,1,1
2019-03-27 17:52:43.965,10512,10512,10512,6,6
2019-03-27 17:52:44.003,10512,10512,10512,1,1
2019-03-27 17:52:44.102,10512,10512,10512,1,1
2019-03-27 17:52:44.258,10512,10512,10512,1,1
2019-03-27 17:52:53.908,10512,10512,10512,1,1
2019-03-27 17:52:54.302,10512,10512,10512,1,1
2019-03-27 17:52:54.680,10512,10512,10512,5,5
2019-03-27 17:52:56.007,10512,10512,10512,2,2
2019-03-27 17:53:00.789,10512,10512,10512,1,1
2019-03-27 17:53:00.817,10512,10512,10512,1,1
2019-03-27 17:53:02.224,10512,10512,10512,1,1
2019-03-27 17:53:02.605,10512,10512,10512,1,1
2019-03-27 17:53:04.130,10512,10512,10512,1,1
2019-03-27 17:53:05.124,10512,10512,10512,1,1
2019-03-27 17:53:05.917,10512,10512,10512,1,1
2019-03-27 17:53:06.390,10512,10512,10512,1,1
2019-03-27 17:53:08.503,10512,10512,10512,1,1
2019-03-27 17:53:09.579,10512,10512,10512,2,2
2019-03-27 17:53:17.733,10512,10512,10512,1,1
2019-03-27 17:53:18.957,10512,10512,10512,20,20
2019-03-27 17:53:19.660,10512,10512,10512,1,1
2019-03-27 17:53:22.546,10512,10512,10512,2,2
2019-03-27 17:53:23.250,10512,10512,10512,2,2
2019-03-27 17:53:24.172,10512,10512,10512,1,1
2019-03-27 17:53:24.271,10512,10512,10512,1,1
2019-03-27 17:53:29.705,10512,10512,10512,2,2
2019-03-27 17:53:36.646,10513,10513,10513,2,2
2019-03-27 17:53:45.959,10513,10513,10513,2,2
2019-03-27 17:53:49.623,10513,10513,10513,1,1
2019-03-27 17:53:49.646,10513,10513,10513,23,23
2019-03-27 17:54:04.452,10514,10514,10514,2,2
2019-03-27 17:54:04.452,10514,10514,10514,9,9
2019-03-27 17:54:15.701,10513,10513,10513,1,-1
2019-03-27 17:54:17.428,10514,10514,10514,1,1
2019-03-27 17:54:24.318,10514,10514,10514,1,1
2019-03-27 17:54:31.278,10514,10514,10514,1,1
2019-03-27 17:54:37.891,10514,10514,10514,1,1
2019-03-27 17:54:42.374,10514,10514,10514,5,5
2019-03-27 17:54:43.812,10514,10514,10514,1,1
2019-03-27 17:54:50.218,10515,10515,10515,1,1
2019-03-27 17:54:51.389,10514,10514,10514,1,-1
2019-03-27 17:55:07.171,10515,10515,10515,1,1
2019-03-27 17:55:42.995,10515,10515,10515,4,4
2019-03-27 17:55:58.899,10515,10515,10515,1,1
2019-03-27 17:56:02.770,10515,10515,10515,3,3
2019-03-27 17:56:32.276,10514,10514,10514,29,-29
2019-03-27 17:56:32.276,10513,10513,10513,3,-3
2019-03-27 17:56:40.104,10513,10513,10513,1,1
2019-03-27 17:56:52.416,10513,10513,10513,1,1
2019-03-27 17:56:52.438,10513,10513,10513,2,2
2019-03-27 17:56:57.137,10513,10513,10513,9,9
2019-03-27 17:56:57.138,10513,10513,10513,1,1
2019-03-27 17:56:57.138,10513,10513,10513,4,4
2019-03-27 17:56:57.138,10513,10513,10513,1,1
2019-03-27 17:57:00.008,10512,10512,10512,6,-6
2019-03-27 17:57:02.129,10512,10512,10512,2,2
2019-03-27 17:57:02.287,10512,10512,10512,2,2
2019-03-27 17:57:03.228,10512,10512,10512,1,1
2019-03-27 17:57:09.814,10512,10512,10512,4,4
2019-03-27 17:57:10.041,10513,10513,10513,1,1
2019-03-27 17:57:10.528,10512,10512,10512,8,-8
2019-03-27 17:57:10.661,10512,10512,10512,1,1
2019-03-27 17:57:11.045,10512,10512,10512,1,1
2019-03-27 17:57:13.004,10512,10512,10512,1,1
2019-03-27 17:57:15.638,10512,10512,10512,1,1
2019-03-27 17:57:19.124,10512,10512,10512,1,1
2019-03-27 17:57:34.021,10512,10512,10512,1,1
2019-03-27 17:57:36.612,10512,10512,10512,1,1
2019-03-27 17:57:36.941,10512,10512,10512,1,1
2019-03-27 17:57:38.056,10512,10512,10512,1,1
2019-03-27 17:57:39.361,10512,10512,10512,4,4
2019-03-27 17:57:41.054,10512,10512,10512,2,2
2019-03-27 17:57:41.230,10512,10512,10512,2,2
2019-03-27 17:57:41.729,10512,10512,10512,1,1
2019-03-27 17:57:42.714,10512,10512,10512,1,1
2019-03-27 17:57:42.732,10512,10512,10512,2,2
2019-03-27 17:57:50.747,10512,10512,10512,1,1
2019-03-27 17:57:51.440,10512,10512,10512,1,1
2019-03-27 17:57:54.985,10512,10512,10512,1,1
2019-03-27 17:57:56.037,10511,10511,10511,1,-1
2019-03-27 17:57:57.411,10511,10511,10511,1,1
2019-03-27 17:57:58.233,10511,10511,10511,1,1
2019-03-27 17:58:10.679,10512,10512,10512,1,1
2019-03-27 17:58:11.654,10511,10511,10511,2,-2
2019-03-27 17:58:12.298,10512,10512,10512,1,1
2019-03-27 17:58:12.674,10512,10512,10512,3,3
2019-03-27 17:58:12.896,10512,10512,10512,2,2
2019-03-27 17:58:16.416,10512,10512,10512,10,10
2019-03-27 17:58:16.669,10512,10512,10512,10,10
2019-03-27 17:58:24.552,10512,10512,10512,1,1
2019-03-27 17:58:27.783,10512,10512,10512,1,1
2019-03-27 17:58:29.803,10513,10513,10513,1,1
2019-03-27 17:58:30.749,10512,10512,10512,1,-1
2019-03-27 17:58:36.464,10513,10513,10513,1,1
2019-03-27 17:58:41.085,10513,10513,10513,10,10
2019-03-27 17:58:41.802,10513,10513,10513,1,1
2019-03-27 17:58:42.815,10513,10513,10513,5,5
2019-03-27 17:58:49.381,10512,10512,10512,1,-1
2019-03-27 17:58:50.896,10513,10513,10513,1,1
2019-03-27 17:58:51.021,10513,10513,10513,1,1
2019-03-27 17:58:51.477,10513,10513,10513,1,1
2019-03-27 17:58:51.477,10513,10513,10513,1,1
2019-03-27 17:58:51.478,10513,10513,10513,2,2
2019-03-27 17:58:58.649,10513,10513,10513,1,1
2019-03-27 17:59:07.218,10514,10514,10514,1,1
2019-03-27 17:59:15.927,10514,10514,10514,1,1
2019-03-27 17:59:15.963,10514,10514,10514,1,1
2019-03-27 17:59:30.879,10514,10514,10514,2,2
2019-03-27 17:59:35.664,10514,10514,10514,2,2
2019-03-27 17:59:43.585,10514,10514,10514,1,1
2019-03-27 17:59:53.552,10514,10514,10514,2,2
2019-03-27 18:00:09.827,10514,10514,10514,1,1
2019-03-27 18:00:10.163,10514,10514,10514,2,2
2019-03-27 18:00:10.184,10514,10514,10514,1,1
2019-03-27 18:00:10.185,10514,10514,10514,1,1
2019-03-27 18:00:10.197,10514,10514,10514,5,5
2019-03-27 18:00:10.594,10514,10514,10514,1,1
2019-03-27 18:00:10.596,10513,10513,10513,1,-1
2019-03-27 18:00:13.269,10513,10513,10513,1,1
2019-03-27 18:00:27.263,10513,10513,10513,3,3
2019-03-27 18:00:27.263,10513,10513,10513,1,1
2019-03-27 18:00:28.134,10513,10513,10513,1,1
2019-03-27 18:00:36.493,10512,10512,10512,2,-2
2019-03-27 18:00:36.669,10512,10512,10512,2,2
2019-03-27 18:00:36.771,10512,10512,10512,3,3
2019-03-27 18:00:36.771,10512,10512,10512,1,1
2019-03-27 18:00:36.896,10512,10512,10512,4,4
2019-03-27 18:00:37.160,10512,10512,10512,3,3
2019-03-27 18:00:46.342,10513,10513,10513,2,2
2019-03-27 18:00:49.695,10512,10512,10512,1,-1
2019-03-27 18:01:16.867,10512,10512,10512,1,1
2019-03-27 18:01:20.741,10512,10512,10512,1,1
2019-03-27 18:01:33.129,10512,10512,10512,1,1
2019-03-27 18:01:38.212,10512,10512,10512,2,2
2019-03-27 18:01:39.667,10512,10512,10512,1,1
2019-03-27 18:01:42.083,10512,10512,10512,6,6
2019-03-27 18:01:43.231,10511,10511,10511,1,-1
2019-03-27 18:01:43.555,10511,10511,10511,2,2
2019-03-27 18:01:43.964,10511,10511,10511,3,3
2019-03-27 18:01:44.089,10511,10511,10511,1,1
2019-03-27 18:01:44.098,10511,10511,10511,1,1
2019-03-27 18:01:48.206,10511,10511,10511,1,1
2019-03-27 18:01:50.712,10511,10511,10511,1,1
2019-03-27 18:02:02.594,10511,10511,10511,1,1
2019-03-27 18:02:06.294,10511,10511,10511,4,4
2019-03-27 18:02:06.495,10511,10511,10511,1,1
2019-03-27 18:02:10.932,10511,10511,10511,6,6
2019-03-27 18:02:14.808,10511,10511,10511,1,1
2019-03-27 18:02:30.544,10512,10512,10512,1,1
2019-03-27 18:02:31.086,10511,10511,10511,1,-1
2019-03-27 18:02:34.388,10511,10511,10511,2,2
2019-03-27 18:02:36.802,10511,10511,10511,1,1
2019-03-27 18:02:36.896,10511,10511,10511,1,1
2019-03-27 18:02:55.672,10511,10511,10511,1,1
2019-03-27 18:02:57.428,10512,10512,10512,2,2
2019-03-27 18:03:05.085,10512,10512,10512,2,2
2019-03-27 18:03:06.926,10512,10512,10512,1,1
2019-03-27 18:03:07.333,10511,10511,10511,1,-1
2019-03-27 18:03:17.113,10511,10511,10511,2,2
2019-03-27 18:03:28.237,10512,10512,10512,1,1
2019-03-27 18:03:28.237,10512,10512,10512,5,5
2019-03-27 18:03:29.041,10512,10512,10512,2,2
2019-03-27 18:03:31.164,10512,10512,10512,1,1
2019-03-27 18:03:39.403,10513,10513,10513,2,2
2019-03-27 18:03:40.770,10512,10512,10512,9,-9
2019-03-27 18:04:23.269,10511,10511,10511,7,-7
2019-03-27 18:04:23.269,10511,10511,10511,6,6
2019-03-27 18:04:23.269,10511,10511,10511,8,8
2019-03-27 18:04:23.269,10511,10511,10511,2,2
2019-03-27 18:04:23.270,10511,10511,10511,1,1
2019-03-27 18:04:27.273,10510,10510,10510,2,-2
2019-03-27 18:04:27.414,10510,10510,10510,4,4
2019-03-27 18:04:27.422,10510,10510,10510,10,10
2019-03-27 18:04:27.458,10510,10510,10510,2,2
2019-03-27 18:04:27.463,10510,10510,10510,1,1
2019-03-27 18:04:27.467,10510,10510,10510,1,1
2019-03-27 18:04:27.467,10510,10510,10510,1,1
2019-03-27 18:04:30.657,10510,10510,10510,1,1
2019-03-27 18:04:33.312,10510,10510,10510,1,1
2019-03-27 18:04:34.587,10511,10511,10511,1,1
2019-03-27 18:04:36.384,10511,10511,10511,1,1
2019-03-27 18:04:37.831,10511,10511,10511,1,1
2019-03-27 18:04:41.381,10511,10511,10511,1,1
2019-03-27 18:04:43.769,10510,10510,10510,1,-1
2019-03-27 18:04:43.769,10510,10510,10510,2,2
2019-03-27 18:04:43.771,10510,10510,10510,1,1
2019-03-27 18:04:43.771,10510,10510,10510,11,11
2019-03-27 18:04:43.835,10510,10510,10510,11,11
2019-03-27 18:04:43.896,10510,10510,10510,7,7
2019-03-27 18:04:43.896,10510,10510,10510,4,4
2019-03-27 18:04:43.896,10510,10510,10510,2,2
2019-03-27 18:04:44.021,10509,10509,10509,1,-1
2019-03-27 18:04:44.036,10509,10509,10509,4,4
2019-03-27 18:04:44.199,10509,10509,10509,1,1
2019-03-27 18:04:44.214,10509,10509,10509,2,2
2019-03-27 18:04:44.235,10509,10509,10509,1,1
2019-03-27 18:04:44.304,10509,10509,10509,1,1
2019-03-27 18:04:44.475,10509,10509,10509,1,1
2019-03-27 18:04:45.701,10509,10509,10509,2,2
2019-03-27 18:04:45.702,10509,10509,10509,4,4
2019-03-27 18:04:45.703,10509,10509,10509,4,4
2019-03-27 18:04:45.706,10509,10509,10509,1,1
2019-03-27 18:04:48.331,10510,10510,10510,1,1
2019-03-27 18:04:52.199,10509,10509,10509,1,-1
2019-03-27 18:04:53.074,10509,10509,10509,13,13
2019-03-27 18:04:53.074,10508,10508,10508,37,-37
2019-03-27 18:04:53.380,10508,10508,10508,1,1
2019-03-27 18:04:53.470,10508,10508,10508,1,1
2019-03-27 18:04:53.561,10508,10508,10508,1,1
2019-03-27 18:04:53.641,10508,10508,10508,1,1
2019-03-27 18:04:55.017,10507,10507,10507,1,-1
2019-03-27 18:04:55.046,10507,10507,10507,5,5
2019-03-27 18:04:55.066,10507,10507,10507,1,1
2019-03-27 18:04:55.211,10507,10507,10507,1,1
2019-03-27 18:04:55.264,10508,10508,10508,1,1
2019-03-27 18:04:55.302,10507,10507,10507,1,-1
2019-03-27 18:04:55.620,10507,10507,10507,1,1
2019-03-27 18:04:56.628,10508,10508,10508,1,1
2019-03-27 18:04:59.208,10508,10508,10508,1,1
2019-03-27 18:05:01.286,10508,10508,10508,1,1
2019-03-27 18:05:01.826,10508,10508,10508,1,1
2019-03-27 18:05:02.048,10508,10508,10508,1,1
2019-03-27 18:05:03.787,10509,10509,10509,3,3
2019-03-27 18:05:03.787,10509,10509,10509,2,2
2019-03-27 18:05:04.967,10509,10509,10509,1,1
2019-03-27 18:05:05.036,10509,10509,10509,2,2
2019-03-27 18:05:06.296,10509,10509,10509,1,1
2019-03-27 18:05:16.953,10508,10508,10508,1,-1
2019-03-27 18:05:20.823,10508,10508,10508,5,5
2019-03-27 18:05:25.295,10507,10507,10507,1,-1
2019-03-27 18:05:26.171,10507,10507,10507,5,5
2019-03-27 18:05:26.786,10507,10507,10507,20,20
2019-03-27 18:05:28.713,10508,10508,10508,1,1
2019-03-27 18:05:29.031,10507,10507,10507,1,-1
2019-03-27 18:05:30.947,10508,10508,10508,1,1
2019-03-27 18:05:33.358,10507,10507,10507,5,-5
2019-03-27 18:05:33.368,10507,10507,10507,1,1
2019-03-27 18:05:33.439,10507,10507,10507,3,3
2019-03-27 18:05:33.440,10507,10507,10507,3,3
2019-03-27 18:05:34.714,10507,10507,10507,1,1
2019-03-27 18:05:36.526,10507,10507,10507,2,2
2019-03-27 18:05:36.527,10507,10507,10507,2,2
2019-03-27 18:05:36.527,10507,10507,10507,1,1
2019-03-27 18:05:36.854,10507,10507,10507,1,1
2019-03-27 18:05:37.665,10507,10507,10507,1,1
2019-03-27 18:05:37.773,10506,10506,10506,1,-1
2019-03-27 18:05:38.060,10506,10506,10506,1,1
2019-03-27 18:05:38.151,10506,10506,10506,1,1
2019-03-27 18:05:38.794,10507,10507,10507,1,1
2019-03-27 18:05:44.748,10506,10506,10506,1,-1
2019-03-27 18:05:46.904,10507,10507,10507,1,1
2019-03-27 18:05:50.892,10506,10506,10506,1,-1
2019-03-27 18:05:52.459,10507,10507,10507,1,1
2019-03-27 18:05:52.708,10506,10506,10506,1,-1
2019-03-27 18:05:54.147,10507,10507,10507,1,1
2019-03-27 18:05:56.877,10507,10507,10507,1,1
2019-03-27 18:05:57.578,10507,10507,10507,1,1
2019-03-27 18:05:58.289,10507,10507,10507,5,5
2019-03-27 18:05:59.516,10507,10507,10507,5,5
2019-03-27 18:05:59.538,10507,10507,10507,1,1
2019-03-27 18:06:00.116,10506,10506,10506,1,-1
2019-03-27 18:06:00.221,10507,10507,10507,4,4
2019-03-27 18:06:00.523,10507,10507,10507,1,1
2019-03-27 18:06:01.188,10507,10507,10507,1,1
2019-03-27 18:06:02.195,10506,10506,10506,1,-1
2019-03-27 18:06:02.219,10507,10507,10507,2,2
2019-03-27 18:06:02.731,10507,10507,10507,1,1
2019-03-27 18:06:03.467,10506,10506,10506,1,-1
2019-03-27 18:06:05.071,10506,10506,10506,1,1
2019-03-27 18:06:05.146,10506,10506,10506,2,2
2019-03-27 18:06:07.456,10507,10507,10507,1,1
2019-03-27 18:06:08.389,10506,10506,10506,5,-5
2019-03-27 18:06:08.640,10506,10506,10506,5,5
2019-03-27 18:06:08.877,10506,10506,10506,5,5
2019-03-27 18:06:09.080,10506,10506,10506,5,5
2019-03-27 18:06:09.151,10506,10506,10506,2,2
2019-03-27 18:06:09.152,10506,10506,10506,1,1
2019-03-27 18:06:10.091,10506,10506,10506,1,1
2019-03-27 18:06:10.413,10507,10507,10507,6,6
2019-03-27 18:06:12.565,10506,10506,10506,1,-1
2019-03-27 18:06:12.921,10506,10506,10506,1,1
2019-03-27 18:06:13.603,10506,10506,10506,2,2
2019-03-27 18:06:13.624,10506,10506,10506,1,1
2019-03-27 18:06:13.648,10506,10506,10506,2,2
2019-03-27 18:06:15.382,10506,10506,10506,10,10
2019-03-27 18:06:18.536,10506,10506,10506,5,5
2019-03-27 18:06:18.769,10506,10506,10506,5,5
2019-03-27 18:06:19.019,10506,10506,10506,4,4
2019-03-27 18:06:19.027,10506,10506,10506,1,1
2019-03-27 18:06:19.065,10505,10505,10505,1,-1
2019-03-27 18:06:19.160,10505,10505,10505,1,1
2019-03-27 18:06:19.189,10505,10505,10505,5,5
2019-03-27 18:06:19.399,10505,10505,10505,1,1
2019-03-27 18:06:19.755,10505,10505,10505,1,1
2019-03-27 18:06:20.064,10505,10505,10505,3,3
2019-03-27 18:06:20.606,10505,10505,10505,4,4
2019-03-27 18:06:20.872,10505,10505,10505,18,18
2019-03-27 18:06:23.469,10505,10505,10505,11,11
2019-03-27 18:06:24.371,10506,10506,10506,1,1
2019-03-27 18:06:24.883,10505,10505,10505,10,-10
2019-03-27 18:06:26.285,10506,10506,10506,1,1
2019-03-27 18:06:28.223,10505,10505,10505,2,-2
2019-03-27 18:06:28.440,10505,10505,10505,2,2
2019-03-27 18:06:32.706,10505,10505,10505,1,1
2019-03-27 18:06:33.976,10505,10505,10505,1,1
2019-03-27 18:06:34.021,10505,10505,10505,17,17
2019-03-27 18:06:34.148,10505,10505,10505,3,3
2019-03-27 18:06:34.472,10506,10506,10506,3,3
2019-03-27 18:06:34.703,10505,10505,10505,3,-3
2019-03-27 18:06:34.731,10505,10505,10505,1,1
2019-03-27 18:06:34.774,10505,10505,10505,6,6
2019-03-27 18:06:35.595,10505,10505,10505,1,1
2019-03-27 18:06:36.270,10505,10505,10505,3,3
2019-03-27 18:06:36.534,10505,10505,10505,1,1
2019-03-27 18:06:40.519,10505,10505,10505,2,2
2019-03-27 18:06:40.656,10505,10505,10505,1,1
2019-03-27 18:06:44.326,10504,10504,10504,1,-1
2019-03-27 18:06:46.831,10504,10504,10504,10,10
2019-03-27 18:06:47.708,10504,10504,10504,1,1
2019-03-27 18:06:54.673,10505,10505,10505,1,1
2019-03-27 18:06:57.978,10505,10505,10505,1,1
2019-03-27 18:07:01.220,10504,10504,10504,1,-1
2019-03-27 18:07:02.175,10504,10504,10504,1,1
2019-03-27 18:07:05.072,10504,10504,10504,4,4
2019-03-27 18:07:08.627,10504,10504,10504,1,1
2019-03-27 18:07:10.110,10504,10504,10504,4,4
2019-03-27 18:07:11.006,10504,10504,10504,1,1
2019-03-27 18:07:12.708,10505,10505,10505,1,1
2019-03-27 18:07:13.214,10504,10504,10504,1,-1
2019-03-27 18:07:15.308,10505,10505,10505,19,19
2019-03-27 18:07:15.396,10505,10505,10505,5,5
2019-03-27 18:07:15.396,10505,10505,10505,2,2
2019-03-27 18:07:15.396,10505,10505,10505,6,6
2019-03-27 18:07:15.396,10505,10505,10505,4,4
2019-03-27 18:07:18.204,10505,10505,10505,1,1
2019-03-27 18:07:20.592,10506,10506,10506,1,1
2019-03-27 18:07:20.649,10505,10505,10505,4,-4
2019-03-27 18:07:21.271,10506,10506,10506,1,1
2019-03-27 18:07:23.036,10505,10505,10505,1,-1
2019-03-27 18:07:27.024,10506,10506,10506,1,1
2019-03-27 18:07:27.405,10505,10505,10505,20,-20
2019-03-27 18:07:27.640,10506,10506,10506,3,3
2019-03-27 18:07:32.702,10506,10506,10506,1,1
2019-03-27 18:07:33.852,10506,10506,10506,1,1
2019-03-27 18:07:35.414,10507,10507,10507,1,1
2019-03-27 18:07:36.250,10507,10507,10507,1,1
2019-03-27 18:07:36.398,10507,10507,10507,1,1
2019-03-27 18:07:41.202,10506,10506,10506,1,-1
2019-03-27 18:07:41.623,10506,10506,10506,1,1
2019-03-27 18:07:41.623,10506,10506,10506,3,3
2019-03-27 18:07:41.624,10506,10506,10506,1,1
2019-03-27 18:07:42.130,10507,10507,10507,1,1
2019-03-27 18:07:43.524,10507,10507,10507,1,1
2019-03-27 18:07:47.869,10507,10507,10507,1,1
2019-03-27 18:07:48.782,10507,10507,10507,1,1
2019-03-27 18:07:56.223,10507,10507,10507,3,3
2019-03-27 18:07:59.429,10507,10507,10507,1,1
2019-03-27 18:08:00.021,10506,10506,10506,10,-10
2019-03-27 18:08:00.123,10506,10506,10506,1,1
2019-03-27 18:08:00.241,10506,10506,10506,2,2
2019-03-27 18:08:06.553,10505,10505,10505,1,-1
2019-03-27 18:08:08.537,10505,10505,10505,2,2
2019-03-27 18:08:10.326,10505,10505,10505,2,2
2019-03-27 18:08:14.781,10505,10505,10505,7,7
2019-03-27 18:08:22.243,10505,10505,10505,8,8
2019-03-27 18:08:25.036,10505,10505,10505,2,2
2019-03-27 18:08:25.105,10504,10504,10504,1,-1
2019-03-27 18:08:25.429,10504,10504,10504,13,13
2019-03-27 18:08:26.413,10505,10505,10505,1,1
2019-03-27 18:08:32.320,10505,10505,10505,1,1
2019-03-27 18:08:36.800,10505,10505,10505,1,1
2019-03-27 18:08:37.338,10505,10505,10505,1,1
2019-03-27 18:08:41.277,10504,10504,10504,1,-1
2019-03-27 18:08:41.364,10504,10504,10504,1,1
2019-03-27 18:08:41.367,10504,10504,10504,3,3
2019-03-27 18:08:41.367,10504,10504,10504,8,8
2019-03-27 18:08:41.367,10504,10504,10504,2,2
2019-03-27 18:08:41.367,10504,10504,10504,4,4
2019-03-27 18:08:47.930,10503,10503,10503,6,-6
2019-03-27 18:08:48.183,10503,10503,10503,1,1
2019-03-27 18:08:49.456,10504,10504,10504,2,2
2019-03-27 18:08:50.234,10503,10503,10503,1,-1
2019-03-27 18:08:50.735,10504,10504,10504,3,3
2019-03-27 18:08:51.518,10503,10503,10503,1,-1
2019-03-27 18:08:53.427,10503,10503,10503,2,2
2019-03-27 18:08:53.495,10503,10503,10503,1,1
2019-03-27 18:08:55.339,10503,10503,10503,1,1
2019-03-27 18:08:58.900,10503,10503,10503,1,1
2019-03-27 18:08:59.461,10503,10503,10503,1,1
2019-03-27 18:08:59.517,10503,10503,10503,1,1
2019-03-27 18:09:01.179,10503,10503,10503,1,1
2019-03-27 18:09:01.430,10503,10503,10503,1,1
2019-03-27 18:09:02.313,10503,10503,10503,1,1
2019-03-27 18:09:02.585,10503,10503,10503,1,1
2019-03-27 18:09:05.520,10503,10503,10503,2,2
2019-03-27 18:09:07.076,10503,10503,10503,8,8
2019-03-27 18:09:08.293,10504,10504,10504,1,1
2019-03-27 18:09:13.562,10504,10504,10504,19,19
2019-03-27 18:09:13.942,10504,10504,10504,6,6
2019-03-27 18:09:15.394,10505,10505,10505,1,1
2019-03-27 18:09:16.784,10504,10504,10504,1,-1
2019-03-27 18:09:18.118,10504,10504,10504,3,3
2019-03-27 18:09:19.972,10504,10504,10504,1,1
2019-03-27 18:09:20.178,10504,10504,10504,1,1
2019-03-27 18:09:23.826,10505,10505,10505,1,1
2019-03-27 18:09:24.579,10504,10504,10504,3,-3
2019-03-27 18:09:24.795,10504,10504,10504,7,7
2019-03-27 18:09:30.472,10504,10504,10504,4,4
2019-03-27 18:09:34.458,10505,10505,10505,22,22
2019-03-27 18:09:37.818,10505,10505,10505,3,3
2019-03-27 18:09:41.722,10505,10505,10505,2,2
2019-03-27 18:09:44.178,10506,10506,10506,3,3
2019-03-27 18:09:44.178,10506,10506,10506,2,2
2019-03-27 18:09:44.204,10506,10506,10506,3,3
2019-03-27 18:09:44.808,10506,10506,10506,1,1
2019-03-27 18:09:48.559,10505,10505,10505,1,-1
2019-03-27 18:09:49.784,10506,10506,10506,1,1
2019-03-27 18:09:52.960,10506,10506,10506,3,3
2019-03-27 18:10:01.301,10507,10507,10507,1,1
2019-03-27 18:10:01.640,10507,10507,10507,4,4
2019-03-27 18:10:02.490,10507,10507,10507,12,12
2019-03-27 18:10:09.815,10507,10507,10507,1,1
2019-03-27 18:10:16.537,10507,10507,10507,4,4
2019-03-27 18:10:16.619,10507,10507,10507,2,2
2019-03-27 18:10:17.174,10507,10507,10507,1,1
2019-03-27 18:10:18.513,10507,10507,10507,1,1
2019-03-27 18:10:19.179,10506,10506,10506,1,-1
2019-03-27 18:10:23.009,10507,10507,10507,1,1
2019-03-27 18:10:32.427,10506,10506,10506,1,-1
2019-03-27 18:10:32.428,10506,10506,10506,1,1
2019-03-27 18:10:42.526,10505,10505,10505,2,-2
2019-03-27 18:10:42.985,10506,10506,10506,1,1
2019-03-27 18:10:44.743,10506,10506,10506,1,1
2019-03-27 18:10:52.067,10506,10506,10506,1,1
2019-03-27 18:10:55.086,10505,10505,10505,1,-1
2019-03-27 18:10:59.028,10506,10506,10506,1,1
2019-03-27 18:11:08.099,10505,10505,10505,1,-1
2019-03-27 18:11:09.834,10505,10505,10505,6,6
2019-03-27 18:11:13.284,10505,10505,10505,1,1
2019-03-27 18:11:13.289,10505,10505,10505,1,1
2019-03-27 18:11:14.206,10505,10505,10505,1,1
2019-03-27 18:11:19.973,10505,10505,10505,1,1
2019-03-27 18:11:21.436,10504,10504,10504,1,-1
2019-03-27 18:11:25.798,10505,10505,10505,1,1
2019-03-27 18:11:32.873,10504,10504,10504,1,-1
2019-03-27 18:11:34.091,10504,10504,10504,8,8
2019-03-27 18:11:34.091,10503,10503,10503,2,-2
2019-03-27 18:11:39.983,10504,10504,10504,3,3
2019-03-27 18:11:39.983,10504,10504,10504,3,3
2019-03-27 18:11:48.114,10504,10504,10504,1,1
2019-03-27 18:11:49.277,10504,10504,10504,2,2
2019-03-27 18:11:53.420,10505,10505,10505,1,1
2019-03-27 18:11:57.787,10504,10504,10504,1,-1
2019-03-27 18:12:10.871,10504,10504,10504,1,1
2019-03-27 18:12:15.953,10505,10505,10505,10,10
2019-03-27 18:12:26.272,10505,10505,10505,1,1
2019-03-27 18:12:45.990,10506,10506,10506,1,1
2019-03-27 18:12:49.059,10505,10505,10505,9,-9
2019-03-27 18:12:49.060,10505,10505,10505,2,2
2019-03-27 18:12:55.559,10505,10505,10505,1,1
2019-03-27 18:13:03.946,10504,10504,10504,1,-1
2019-03-27 18:13:04.477,10504,10504,10504,5,5
2019-03-27 18:13:04.477,10504,10504,10504,3,3
2019-03-27 18:13:04.477,10504,10504,10504,3,3
2019-03-27 18:13:04.477,10504,10504,10504,2,2
2019-03-27 18:13:05.262,10504,10504,10504,1,1
2019-03-27 18:13:05.385,10504,10504,10504,6,6
2019-03-27 18:13:07.877,10503,10503,10503,1,-1
2019-03-27 18:13:15.335,10503,10503,10503,1,1
2019-03-27 18:13:20.071,10503,10503,10503,1,1
2019-03-27 18:13:22.424,10503,10503,10503,1,1
2019-03-27 18:13:22.952,10504,10504,10504,2,2
2019-03-27 18:13:26.255,10504,10504,10504,1,1
2019-03-27 18:13:27.617,10504,10504,10504,1,1
2019-03-27 18:13:27.704,10504,10504,10504,1,1
2019-03-27 18:13:32.216,10504,10504,10504,1,1
2019-03-27 18:13:34.919,10505,10505,10505,1,1
2019-03-27 18:13:40.566,10505,10505,10505,1,1
2019-03-27 18:13:43.998,10505,10505,10505,1,1
2019-03-27 18:13:45.565,10505,10505,10505,1,1
2019-03-27 18:13:45.587,10505,10505,10505,1,1
2019-03-27 18:13:51.983,10505,10505,10505,2,2
2019-03-27 18:13:52.986,10505,10505,10505,4,4
2019-03-27 18:13:53.021,10505,10505,10505,3,3
2019-03-27 18:13:54.208,10505,10505,10505,1,1
2019-03-27 18:13:54.267,10505,10505,10505,1,1
2019-03-27 18:13:55.031,10504,10504,10504,1,-1
2019-03-27 18:13:56.252,10505,10505,10505,1,1
2019-03-27 18:13:56.252,10505,10505,10505,1,1
2019-03-27 18:14:15.535,10505,10505,10505,2,2
2019-03-27 18:14:19.231,10505,10505,10505,1,1
2019-03-27 18:14:36.151,10505,10505,10505,1,1
2019-03-27 18:14:43.724,10505,10505,10505,10,10
2019-03-27 18:14:44.406,10505,10505,10505,1,1
2019-03-27 18:14:49.135,10506,10506,10506,2,2
2019-03-27 18:14:49.338,10506,10506,10506,1,1
2019-03-27 18:14:52.301,10506,10506,10506,1,1
2019-03-27 18:15:02.278,10505,10505,10505,3,-3
2019-03-27 18:15:02.398,10505,10505,10505,1,1
2019-03-27 18:15:02.885,10504,10504,10504,1,-1
2019-03-27 18:15:03.167,10504,10504,10504,2,2
2019-03-27 18:15:03.287,10504,10504,10504,1,1
2019-03-27 18:15:03.680,10504,10504,10504,1,1
2019-03-27 18:15:03.729,10504,10504,10504,1,1
2019-03-27 18:15:05.167,10505,10505,10505,2,2
2019-03-27 18:15:09.997,10505,10505,10505,1,1
2019-03-27 18:15:30.896,10505,10505,10505,2,2
2019-03-27 18:15:34.388,10505,10505,10505,1,1
2019-03-27 18:15:41.451,10505,10505,10505,1,1
2019-03-27 18:15:50.771,10506,10506,10506,1,1
