2022-05-23 15:00:00.098,16184,16185,16185,343,343
2022-05-23 15:00:00.105,16185,16186,16185,6,-6
2022-05-23 15:00:00.209,16185,16186,16186,3,3
2022-05-23 15:00:00.244,16185,16186,16185,1,-1
2022-05-23 15:00:00.317,16185,16186,16186,1,1
2022-05-23 15:00:00.334,16185,16186,16186,1,1
2022-05-23 15:00:00.335,16185,16186,16186,1,1
2022-05-23 15:00:00.378,16185,16186,16186,3,3
2022-05-23 15:00:00.414,16185,16186,16186,2,2
2022-05-23 15:00:00.414,16185,16186,16187,1,1
2022-05-23 15:00:00.480,16185,16187,16187,1,1
2022-05-23 15:00:00.525,16185,16187,16187,3,3
2022-05-23 15:00:00.527,16185,16187,16187,1,1
2022-05-23 15:00:00.610,16186,16187,16186,1,-1
2022-05-23 15:00:00.610,16186,16187,16186,1,-1
2022-05-23 15:00:00.617,16186,16187,16186,1,-1
2022-05-23 15:00:00.630,16186,16187,16187,1,1
2022-05-23 15:00:00.689,16186,16187,16187,1,1
2022-05-23 15:00:00.694,16185,16187,16187,2,2
2022-05-23 15:00:00.773,16185,16187,16187,1,1
2022-05-23 15:00:00.801,16185,16187,16188,1,1
2022-05-23 15:00:00.817,16187,16188,16188,1,1
2022-05-23 15:00:00.825,16187,16188,16188,1,1
2022-05-23 15:00:00.825,16187,16188,16188,1,1
2022-05-23 15:00:00.826,16187,16188,16188,1,1
2022-05-23 15:00:00.826,16187,16188,16188,1,1
2022-05-23 15:00:00.922,16187,16188,16188,1,1
2022-05-23 15:00:00.923,16187,16188,16188,1,1
2022-05-23 15:00:00.929,16187,16188,16188,1,1
2022-05-23 15:00:00.945,16187,16188,16188,2,2
2022-05-23 15:00:00.972,16187,16188,16188,2,2
2022-05-23 15:00:00.972,16187,16188,16188,12,12
2022-05-23 15:00:00.976,16187,16188,16189,1,1
2022-05-23 15:00:00.982,16187,16188,16189,1,1
2022-05-23 15:00:00.983,16187,16188,16189,4,4
2022-05-23 15:00:01.002,16187,16188,16189,4,4
2022-05-23 15:00:01.002,16187,16188,16188,1,1
2022-05-23 15:00:01.072,16189,16190,16189,1,-1
2022-05-23 15:00:01.201,16188,16190,16188,6,-6
2022-05-23 15:00:01.233,16188,16190,16189,1,-1
2022-05-23 15:00:01.255,16188,16190,16189,1,-1
2022-05-23 15:00:01.256,16188,16190,16188,3,-3
2022-05-23 15:00:01.256,16188,16190,16188,2,-2
2022-05-23 15:00:01.256,16188,16190,16188,16,-16
2022-05-23 15:00:01.463,16185,16187,16187,1,1
2022-05-23 15:00:01.497,16185,16187,16187,1,1
2022-05-23 15:00:01.624,16185,16187,16187,1,1
2022-05-23 15:00:01.631,16185,16187,16187,4,4
2022-05-23 15:00:01.631,16185,16187,16188,6,6
2022-05-23 15:00:01.672,16185,16187,16188,1,1
2022-05-23 15:00:01.992,16185,16187,16187,6,6
2022-05-23 15:00:01.992,16185,16187,16188,6,6
2022-05-23 15:00:02.025,16185,16187,16188,1,1
2022-05-23 15:00:02.225,16186,16188,16188,1,1
2022-05-23 15:00:02.234,16186,16188,16188,1,1
2022-05-23 15:00:02.235,16186,16188,16188,3,3
2022-05-23 15:00:02.235,16186,16188,16189,4,4
2022-05-23 15:00:02.265,16186,16188,16187,2,2
2022-05-23 15:00:02.617,16186,16187,16187,1,1
2022-05-23 15:00:02.618,16186,16187,16186,1,-1
2022-05-23 15:00:02.681,16186,16187,16187,4,4
2022-05-23 15:00:03.072,16185,16187,16187,6,6
2022-05-23 15:00:03.072,16185,16187,16188,3,3
2022-05-23 15:00:03.145,16185,16187,16188,2,2
2022-05-23 15:00:03.145,16185,16187,16189,6,6
2022-05-23 15:00:03.183,16185,16187,16189,1,1
2022-05-23 15:00:03.305,16187,16188,16188,2,2
2022-05-23 15:00:03.305,16187,16188,16189,2,2
2022-05-23 15:00:03.311,16187,16188,16188,3,3
2022-05-23 15:00:03.394,16187,16189,16187,1,-1
2022-05-23 15:00:03.499,16187,16189,16187,1,-1
2022-05-23 15:00:03.556,16187,16189,16187,1,-1
2022-05-23 15:00:03.572,16186,16189,16186,6,-6
2022-05-23 15:00:03.702,16186,16188,16188,2,2
2022-05-23 15:00:04.135,16188,16189,16189,2,2
2022-05-23 15:00:04.417,16188,16190,16189,1,1
2022-05-23 15:00:04.490,16188,16190,16188,2,-2
2022-05-23 15:00:04.490,16188,16190,16187,1,-1
2022-05-23 15:00:04.607,16187,16188,16187,1,-1
2022-05-23 15:00:04.865,16187,16188,16188,1,1
2022-05-23 15:00:04.954,16187,16189,16189,5,5
2022-05-23 15:00:04.954,16187,16189,16189,1,1
2022-05-23 15:00:04.954,16187,16189,16190,4,4
2022-05-23 15:00:05.073,16188,16190,16188,1,-1
2022-05-23 15:00:05.122,16188,16190,16188,2,-2
2022-05-23 15:00:05.144,16188,16190,16190,1,1
2022-05-23 15:00:05.144,16188,16190,16190,1,1
2022-05-23 15:00:05.446,16188,16189,16189,1,1
2022-05-23 15:00:05.473,16188,16189,16189,2,2
2022-05-23 15:00:05.686,16188,16190,16188,1,-1
2022-05-23 15:00:05.795,16188,16190,16190,2,2
2022-05-23 15:00:05.947,16189,16190,16189,1,-1
2022-05-23 15:00:06.165,16188,16189,16189,2,2
2022-05-23 15:00:06.412,16189,16190,16190,2,2
2022-05-23 15:00:06.720,16190,16191,16190,1,-1
2022-05-23 15:00:06.780,16190,16191,16190,1,-1
2022-05-23 15:00:06.853,16189,16191,16191,1,1
2022-05-23 15:00:07.113,16190,16191,16190,1,-1
2022-05-23 15:00:07.185,16190,16191,16191,2,2
2022-05-23 15:00:07.273,16189,16191,16191,1,1
2022-05-23 15:00:07.932,16187,16189,16189,2,2
2022-05-23 15:00:08.086,16187,16189,16187,1,-1
2022-05-23 15:00:08.088,16187,16189,16187,1,-1
2022-05-23 15:00:08.443,16187,16188,16187,1,-1
2022-05-23 15:00:08.554,16187,16188,16188,1,1
2022-05-23 15:00:08.730,16187,16188,16188,1,1
2022-05-23 15:00:09.362,16187,16189,16188,2,2
2022-05-23 15:00:09.634,16187,16188,16188,1,1
2022-05-23 15:00:09.711,16187,16188,16187,3,-3
2022-05-23 15:00:09.745,16187,16188,16186,1,-1
2022-05-23 15:00:09.745,16187,16188,16186,2,-2
2022-05-23 15:00:09.912,16185,16186,16185,6,-6
2022-05-23 15:00:10.008,16184,16185,16185,1,1
2022-05-23 15:00:10.147,16184,16185,16184,1,-1
2022-05-23 15:00:10.664,16184,16185,16184,1,-1
2022-05-23 15:00:10.923,16183,16185,16185,1,1
2022-05-23 15:00:11.154,16183,16185,16185,1,1
2022-05-23 15:00:11.438,16183,16185,16183,4,-4
2022-05-23 15:00:11.438,16183,16185,16183,1,-1
2022-05-23 15:00:11.438,16183,16185,16183,1,-1
2022-05-23 15:00:11.438,16183,16185,16183,1,-1
2022-05-23 15:00:11.438,16183,16185,16183,1,-1
2022-05-23 15:00:11.438,16183,16185,16183,2,-2
2022-05-23 15:00:11.591,16182,16183,16182,4,-4
2022-05-23 15:00:11.794,16181,16183,16183,1,1
2022-05-23 15:00:11.794,16181,16183,16183,1,1
2022-05-23 15:00:11.914,16181,16183,16181,3,-3
2022-05-23 15:00:12.153,16180,16182,16182,3,3
2022-05-23 15:00:12.211,16182,16183,16182,3,-3
2022-05-23 15:00:12.213,16182,16183,16182,1,-1
2022-05-23 15:00:12.248,16182,16183,16183,4,4
2022-05-23 15:00:12.254,16182,16183,16184,1,1
2022-05-23 15:00:12.255,16182,16183,16184,1,1
2022-05-23 15:00:12.427,16183,16185,16184,1,1
2022-05-23 15:00:12.428,16183,16185,16185,8,8
2022-05-23 15:00:12.524,16184,16186,16186,2,2
2022-05-23 15:00:12.903,16184,16186,16186,1,1
2022-05-23 15:00:13.449,16183,16186,16186,1,1
2022-05-23 15:00:14.004,16185,16187,16187,5,5
2022-05-23 15:00:14.005,16185,16187,16187,4,4
2022-05-23 15:00:14.162,16186,16188,16188,1,1
2022-05-23 15:00:14.162,16186,16188,16188,2,2
2022-05-23 15:00:14.225,16187,16189,16189,4,4
2022-05-23 15:00:14.225,16187,16189,16189,3,3
2022-05-23 15:00:14.484,16188,16190,16188,1,-1
2022-05-23 15:00:14.698,16188,16190,16188,1,-1
2022-05-23 15:00:14.969,16187,16189,16189,1,1
2022-05-23 15:00:15.587,16186,16188,16186,1,-1
2022-05-23 15:00:16.306,16185,16187,16187,1,1
2022-05-23 15:00:16.895,16185,16187,16187,1,1
2022-05-23 15:00:17.292,16185,16187,16185,1,-1
2022-05-23 15:00:17.443,16185,16187,16187,1,1
2022-05-23 15:00:17.824,16185,16187,16187,1,1
2022-05-23 15:00:17.833,16185,16187,16187,1,1
2022-05-23 15:00:18.106,16185,16187,16186,1,1
2022-05-23 15:00:18.591,16185,16187,16185,3,-3
2022-05-23 15:00:18.617,16185,16187,16185,1,-1
2022-05-23 15:00:18.716,16184,16186,16186,1,1
2022-05-23 15:00:19.110,16184,16186,16186,1,1
2022-05-23 15:00:20.074,16185,16186,16185,1,-1
2022-05-23 15:00:20.203,16185,16186,16186,5,5
2022-05-23 15:00:20.767,16185,16187,16185,1,-1
2022-05-23 15:00:20.894,16185,16187,16186,1,-1
2022-05-23 15:00:21.745,16186,16187,16186,1,-1
2022-05-23 15:00:21.816,16186,16187,16186,1,-1
2022-05-23 15:00:21.816,16186,16187,16185,1,-1
2022-05-23 15:00:22.133,16184,16186,16186,1,1
2022-05-23 15:00:22.307,16185,16186,16186,2,2
2022-05-23 15:00:22.533,16185,16186,16186,1,1
2022-05-23 15:00:22.533,16185,16186,16186,1,1
2022-05-23 15:00:22.533,16185,16186,16186,1,1
2022-05-23 15:00:22.599,16185,16186,16186,1,1
2022-05-23 15:00:22.602,16185,16186,16185,1,-1
2022-05-23 15:00:22.867,16184,16186,16184,1,-1
2022-05-23 15:00:22.938,16184,16186,16185,1,-1
2022-05-23 15:00:22.981,16183,16186,16186,2,2
2022-05-23 15:00:23.327,16184,16186,16186,1,1
2022-05-23 15:00:23.503,16184,16186,16185,1,1
2022-05-23 15:00:23.644,16184,16186,16185,1,1
2022-05-23 15:00:23.645,16184,16186,16186,9,9
2022-05-23 15:00:24.006,16185,16187,16186,1,1
2022-05-23 15:00:24.068,16186,16187,16186,1,-1
2022-05-23 15:00:24.068,16186,16187,16185,1,-1
2022-05-23 15:00:24.363,16185,16186,16186,1,1
2022-05-23 15:00:24.815,16185,16186,16185,1,-1
2022-05-23 15:00:25.529,16186,16187,16186,1,-1
2022-05-23 15:00:25.803,16186,16187,16186,1,-1
2022-05-23 15:00:26.143,16185,16187,16187,2,2
2022-05-23 15:00:26.253,16185,16187,16187,1,1
2022-05-23 15:00:26.255,16185,16187,16187,1,1
2022-05-23 15:00:26.272,16185,16187,16187,4,4
2022-05-23 15:00:26.275,16185,16187,16187,1,1
2022-05-23 15:00:26.279,16185,16187,16187,1,1
2022-05-23 15:00:26.283,16185,16187,16187,1,1
2022-05-23 15:00:26.651,16186,16187,16187,1,1
2022-05-23 15:00:26.655,16186,16187,16187,1,1
2022-05-23 15:00:26.676,16186,16187,16187,1,1
2022-05-23 15:00:26.846,16186,16187,16187,1,1
2022-05-23 15:00:27.394,16186,16187,16186,1,-1
2022-05-23 15:00:27.558,16185,16187,16185,3,-3
2022-05-23 15:00:27.558,16185,16187,16185,2,-2
2022-05-23 15:00:27.558,16185,16187,16185,2,-2
2022-05-23 15:00:27.559,16185,16187,16185,1,-1
2022-05-23 15:00:28.640,16184,16186,16185,5,-5
2022-05-23 15:00:28.727,16183,16185,16185,3,3
2022-05-23 15:00:28.822,16183,16185,16185,4,4
2022-05-23 15:00:28.959,16183,16185,16185,1,1
2022-05-23 15:00:29.281,16182,16185,16183,1,-1
2022-05-23 15:00:29.367,16182,16185,16182,1,-1
2022-05-23 15:00:29.565,16182,16184,16184,1,1
2022-05-23 15:00:29.568,16182,16184,16184,1,1
2022-05-23 15:00:29.572,16182,16184,16184,1,1
2022-05-23 15:00:29.576,16182,16184,16184,1,1
2022-05-23 15:00:29.596,16182,16184,16184,3,3
2022-05-23 15:00:29.922,16182,16184,16184,2,2
2022-05-23 15:00:30.989,16184,16185,16185,1,1
2022-05-23 15:00:30.994,16184,16185,16184,2,-2
2022-05-23 15:00:31.539,16184,16185,16185,1,1
2022-05-23 15:00:31.540,16184,16185,16185,1,1
2022-05-23 15:00:31.540,16184,16185,16185,1,1
2022-05-23 15:00:31.540,16184,16185,16185,1,1
2022-05-23 15:00:31.540,16184,16185,16185,1,1
2022-05-23 15:00:31.555,16184,16185,16186,1,1
2022-05-23 15:00:31.587,16185,16186,16186,1,1
2022-05-23 15:00:31.609,16185,16186,16185,1,-1
2022-05-23 15:00:31.697,16185,16186,16186,1,1
2022-05-23 15:00:31.701,16185,16186,16186,1,1
2022-05-23 15:00:31.704,16185,16186,16186,1,1
2022-05-23 15:00:31.704,16185,16186,16186,23,23
2022-05-23 15:00:31.705,16185,16186,16187,2,2
2022-05-23 15:00:32.001,16186,16187,16187,2,2
2022-05-23 15:00:32.001,16186,16187,16187,8,8
2022-05-23 15:00:32.598,16186,16188,16186,1,-1
2022-05-23 15:00:33.474,16186,16188,16188,2,2
2022-05-23 15:00:33.523,16186,16188,16186,1,-1
2022-05-23 15:00:33.703,16186,16187,16187,1,1
2022-05-23 15:00:33.707,16186,16187,16187,1,1
2022-05-23 15:00:33.735,16186,16187,16187,1,1
2022-05-23 15:00:34.352,16186,16188,16188,5,5
2022-05-23 15:00:34.755,16187,16189,16187,3,-3
2022-05-23 15:00:35.575,16187,16189,16187,1,-1
2022-05-23 15:00:35.590,16187,16189,16189,1,1
2022-05-23 15:00:35.877,16187,16189,16189,6,6
2022-05-23 15:00:35.894,16187,16189,16189,7,7
2022-05-23 15:00:36.291,16186,16187,16187,1,1
2022-05-23 15:00:36.295,16186,16187,16187,1,1
2022-05-23 15:00:36.296,16186,16187,16187,1,1
2022-05-23 15:00:36.447,16186,16187,16187,3,3
2022-05-23 15:00:36.447,16186,16187,16188,7,7
2022-05-23 15:00:36.761,16187,16188,16187,1,-1
2022-05-23 15:00:37.114,16187,16188,16188,2,2
2022-05-23 15:00:37.169,16187,16188,16187,1,-1
2022-05-23 15:00:37.567,16187,16188,16188,2,2
2022-05-23 15:00:37.730,16187,16188,16187,1,-1
2022-05-23 15:00:38.329,16187,16188,16188,1,1
2022-05-23 15:00:38.358,16187,16188,16187,1,-1
2022-05-23 15:00:39.036,16187,16188,16187,2,-2
2022-05-23 15:00:39.148,16187,16188,16187,5,-5
2022-05-23 15:00:40.216,16187,16188,16188,9,9
2022-05-23 15:00:41.070,16187,16188,16188,1,1
2022-05-23 15:00:41.419,16187,16188,16187,5,-5
2022-05-23 15:00:41.419,16187,16188,16187,2,-2
2022-05-23 15:00:41.419,16187,16188,16187,2,-2
2022-05-23 15:00:41.419,16187,16188,16187,1,-1
2022-05-23 15:00:41.419,16187,16188,16187,3,-3
2022-05-23 15:00:41.623,16186,16187,16187,1,1
2022-05-23 15:00:41.631,16186,16187,16187,1,1
2022-05-23 15:00:41.636,16186,16187,16187,1,1
2022-05-23 15:00:42.067,16186,16187,16186,7,-7
2022-05-23 15:00:42.161,16186,16187,16185,1,-1
2022-05-23 15:00:42.161,16186,16187,16185,1,-1
2022-05-23 15:00:42.161,16186,16187,16185,1,-1
2022-05-23 15:00:42.573,16184,16185,16185,1,1
2022-05-23 15:00:43.323,16184,16185,16185,1,1
2022-05-23 15:00:43.407,16184,16185,16184,1,-1
2022-05-23 15:00:43.795,16184,16185,16185,1,1
2022-05-23 15:00:43.795,16184,16185,16184,11,-11
2022-05-23 15:00:43.887,16183,16184,16183,1,-1
2022-05-23 15:00:43.917,16183,16184,16184,1,1
2022-05-23 15:00:43.920,16183,16184,16184,1,1
2022-05-23 15:00:43.924,16183,16184,16184,5,5
2022-05-23 15:00:43.932,16183,16184,16184,1,1
2022-05-23 15:00:44.183,16183,16185,16185,2,2
2022-05-23 15:00:44.524,16183,16185,16183,2,-2
2022-05-23 15:00:44.705,16183,16185,16185,1,1
2022-05-23 15:00:45.202,16183,16184,16184,2,2
2022-05-23 15:00:45.202,16183,16184,16185,1,1
2022-05-23 15:00:45.310,16183,16184,16185,2,2
2022-05-23 15:00:45.312,16183,16184,16185,4,4
2022-05-23 15:00:46.033,16183,16184,16184,1,1
2022-05-23 15:00:47.040,16184,16185,16185,1,1
2022-05-23 15:00:48.528,16184,16185,16185,1,1
2022-05-23 15:00:48.707,16184,16185,16185,1,1
2022-05-23 15:00:48.800,16184,16185,16185,5,5
2022-05-23 15:00:48.801,16184,16185,16185,1,1
2022-05-23 15:00:49.594,16184,16185,16184,2,-2
2022-05-23 15:00:49.648,16184,16185,16185,1,1
2022-05-23 15:00:50.059,16182,16183,16183,1,1
2022-05-23 15:00:50.144,16181,16183,16183,1,1
2022-05-23 15:00:50.144,16181,16183,16183,1,1
2022-05-23 15:00:50.381,16181,16183,16183,1,1
2022-05-23 15:00:50.615,16181,16183,16183,1,1
2022-05-23 15:00:50.921,16181,16183,16183,1,1
2022-05-23 15:00:50.960,16181,16183,16183,1,1
2022-05-23 15:00:51.217,16181,16183,16183,2,2
2022-05-23 15:00:51.227,16181,16183,16183,2,2
2022-05-23 15:00:51.485,16182,16183,16183,1,1
2022-05-23 15:00:51.494,16182,16183,16183,1,1
2022-05-23 15:00:51.760,16182,16183,16183,1,1
2022-05-23 15:00:52.038,16182,16183,16182,1,-1
2022-05-23 15:00:52.273,16181,16183,16181,1,-1
2022-05-23 15:00:52.510,16181,16183,16183,1,1
2022-05-23 15:00:52.510,16181,16183,16184,1,1
2022-05-23 15:00:53.257,16181,16183,16181,4,-4
2022-05-23 15:00:54.497,16181,16183,16181,2,-2
2022-05-23 15:00:55.031,16181,16183,16183,1,1
2022-05-23 15:00:55.581,16182,16183,16182,1,-1
2022-05-23 15:00:56.120,16182,16183,16183,1,1
2022-05-23 15:00:56.186,16182,16183,16183,1,1
2022-05-23 15:00:56.424,16182,16183,16182,1,-1
2022-05-23 15:00:56.427,16182,16183,16181,1,-1
2022-05-23 15:00:56.484,16181,16182,16182,1,1
2022-05-23 15:00:56.484,16181,16182,16183,2,2
2022-05-23 15:00:56.497,16181,16182,16182,1,1
2022-05-23 15:00:56.498,16181,16182,16182,1,1
2022-05-23 15:00:56.698,16181,16182,16182,1,1
2022-05-23 15:00:57.604,16181,16182,16182,1,1
2022-05-23 15:00:57.604,16181,16182,16181,4,-4
2022-05-23 15:00:57.920,16180,16181,16181,1,1
2022-05-23 15:00:57.924,16180,16181,16181,1,1
2022-05-23 15:00:57.926,16180,16181,16181,1,1
2022-05-23 15:00:58.532,16181,16182,16181,1,-1
2022-05-23 15:00:58.535,16181,16182,16181,2,-2
2022-05-23 15:00:58.684,16180,16181,16181,1,1
2022-05-23 15:00:58.716,16180,16181,16181,1,1
2022-05-23 15:00:58.729,16180,16181,16182,1,1
2022-05-23 15:00:58.745,16180,16181,16181,1,1
2022-05-23 15:00:58.753,16180,16181,16181,1,1
2022-05-23 15:00:58.836,16180,16181,16180,7,-7
2022-05-23 15:00:59.117,16179,16181,16181,1,1
2022-05-23 15:00:59.337,16179,16181,16179,2,-2
2022-05-23 15:00:59.424,16179,16181,16178,1,-1
2022-05-23 15:00:59.489,16178,16180,16178,1,-1
2022-05-23 15:00:59.972,16178,16180,16178,4,-4
2022-05-23 15:00:59.972,16178,16180,16177,2,-2
2022-05-23 15:01:00.242,16178,16180,16180,1,1
2022-05-23 15:01:00.331,16179,16180,16179,3,-3
2022-05-23 15:01:00.613,16178,16180,16178,1,-1
2022-05-23 15:01:00.613,16178,16180,16177,2,-2
2022-05-23 15:01:00.655,16178,16180,16180,2,2
2022-05-23 15:01:00.999,16178,16180,16180,1,1
2022-05-23 15:01:01.042,16178,16180,16180,1,1
2022-05-23 15:01:01.042,16178,16180,16180,1,1
2022-05-23 15:01:01.044,16178,16180,16180,2,2
2022-05-23 15:01:01.048,16178,16180,16181,1,1
2022-05-23 15:01:01.048,16178,16180,16181,1,1
2022-05-23 15:01:01.050,16178,16180,16181,1,1
2022-05-23 15:01:01.050,16178,16180,16181,1,1
2022-05-23 15:01:01.058,16178,16180,16181,2,2
2022-05-23 15:01:02.931,16179,16180,16180,1,1
2022-05-23 15:01:03.167,16178,16180,16180,1,1
2022-05-23 15:01:03.262,16178,16181,16180,1,1
2022-05-23 15:01:03.280,16178,16181,16178,1,-1
2022-05-23 15:01:03.722,16180,16181,16180,3,-3
2022-05-23 15:01:05.476,16179,16180,16180,1,1
2022-05-23 15:01:05.476,16179,16180,16180,2,2
2022-05-23 15:01:05.563,16179,16180,16179,1,-1
2022-05-23 15:01:07.027,16178,16180,16180,1,1
2022-05-23 15:01:07.027,16178,16180,16180,1,1
2022-05-23 15:01:07.329,16179,16180,16180,5,5
2022-05-23 15:01:07.424,16179,16180,16181,1,1
2022-05-23 15:01:08.127,16179,16180,16180,4,4
2022-05-23 15:01:08.128,16179,16180,16181,9,9
2022-05-23 15:01:08.170,16179,16180,16182,1,1
2022-05-23 15:01:08.194,16181,16182,16182,1,1
2022-05-23 15:01:08.194,16181,16182,16182,2,2
2022-05-23 15:01:08.194,16181,16182,16182,2,2
2022-05-23 15:01:08.195,16181,16182,16182,3,3
2022-05-23 15:01:08.445,16182,16183,16183,1,1
2022-05-23 15:01:08.694,16182,16183,16182,2,-2
2022-05-23 15:01:10.049,16181,16183,16183,1,1
2022-05-23 15:01:10.771,16181,16182,16182,2,2
2022-05-23 15:01:11.155,16181,16183,16182,2,2
2022-05-23 15:01:11.161,16181,16183,16183,1,1
2022-05-23 15:01:11.504,16182,16184,16184,1,1
2022-05-23 15:01:12.057,16182,16184,16182,1,-1
2022-05-23 15:01:12.082,16182,16184,16184,3,3
2022-05-23 15:01:12.270,16182,16184,16184,1,1
2022-05-23 15:01:12.282,16182,16184,16184,1,1
2022-05-23 15:01:12.452,16182,16184,16182,2,-2
2022-05-23 15:01:15.114,16182,16184,16182,1,-1
2022-05-23 15:01:16.446,16182,16184,16182,1,-1
2022-05-23 15:01:17.386,16182,16184,16183,1,-1
2022-05-23 15:01:18.041,16182,16183,16182,3,-3
2022-05-23 15:01:18.927,16182,16183,16182,1,-1
2022-05-23 15:01:18.927,16182,16183,16182,1,-1
2022-05-23 15:01:19.530,16181,16183,16183,5,5
2022-05-23 15:01:19.951,16182,16184,16182,1,-1
2022-05-23 15:01:20.345,16183,16184,16184,1,1
2022-05-23 15:01:20.601,16183,16184,16183,1,-1
2022-05-23 15:01:20.734,16183,16184,16183,2,-2
2022-05-23 15:01:20.734,16183,16184,16184,4,4
2022-05-23 15:01:20.898,16183,16185,16185,8,8
2022-05-23 15:01:20.899,16183,16185,16186,1,1
2022-05-23 15:01:21.183,16185,16186,16186,2,2
2022-05-23 15:01:21.314,16184,16186,16185,2,2
2022-05-23 15:01:22.054,16183,16185,16183,1,-1
2022-05-23 15:01:22.628,16183,16185,16185,1,1
2022-05-23 15:01:23.113,16183,16185,16185,5,5
2022-05-23 15:01:24.119,16183,16185,16184,1,1
2022-05-23 15:01:24.192,16183,16185,16185,1,1
2022-05-23 15:01:25.847,16183,16184,16184,1,1
2022-05-23 15:01:26.484,16183,16184,16184,1,1
2022-05-23 15:01:27.420,16184,16185,16184,1,-1
2022-05-23 15:01:27.852,16183,16185,16183,5,-5
2022-05-23 15:01:27.852,16183,16185,16182,7,-7
2022-05-23 15:01:27.852,16183,16185,16181,8,-8
2022-05-23 15:01:27.854,16183,16185,16182,1,-1
2022-05-23 15:01:27.854,16183,16185,16182,2,-2
2022-05-23 15:01:29.338,16181,16183,16181,3,-3
2022-05-23 15:01:31.572,16182,16183,16183,2,2
2022-05-23 15:01:36.925,16181,16183,16183,2,2
2022-05-23 15:01:38.711,16181,16183,16181,7,-7
2022-05-23 15:01:38.871,16181,16183,16182,5,-5
2022-05-23 15:01:39.590,16181,16182,16182,1,1
2022-05-23 15:01:40.195,16181,16182,16182,1,1
2022-05-23 15:01:40.258,16181,16182,16181,2,-2
2022-05-23 15:01:41.135,16180,16181,16180,14,-14
2022-05-23 15:01:41.461,16179,16180,16180,3,3
2022-05-23 15:01:42.230,16179,16181,16180,1,1
2022-05-23 15:01:42.950,16179,16181,16180,5,5
2022-05-23 15:01:44.901,16179,16180,16179,1,-1
2022-05-23 15:01:45.413,16179,16180,16180,1,1
2022-05-23 15:01:47.099,16179,16180,16179,1,-1
2022-05-23 15:01:50.448,16178,16179,16178,2,-2
2022-05-23 15:01:50.448,16178,16179,16178,15,-15
2022-05-23 15:01:50.448,16178,16179,16178,1,-1
2022-05-23 15:01:50.448,16178,16179,16178,1,-1
2022-05-23 15:01:50.448,16178,16179,16178,1,-1
2022-05-23 15:01:50.448,16178,16179,16178,1,-1
2022-05-23 15:01:50.449,16178,16179,16178,2,-2
2022-05-23 15:01:50.449,16178,16179,16178,1,-1
2022-05-23 15:01:50.733,16177,16178,16177,1,-1
2022-05-23 15:01:50.752,16177,16178,16177,2,-2
2022-05-23 15:01:50.783,16177,16178,16177,1,-1
2022-05-23 15:01:50.867,16177,16178,16177,3,-3
2022-05-23 15:01:50.868,16177,16178,16177,1,-1
2022-05-23 15:01:50.884,16177,16178,16177,2,-2
2022-05-23 15:01:51.131,16176,16178,16178,1,1
2022-05-23 15:01:51.619,16176,16178,16176,1,-1
2022-05-23 15:01:52.182,16176,16177,16176,19,-19
2022-05-23 15:01:53.474,16175,16176,16175,1,-1
2022-05-23 15:01:53.885,16175,16176,16175,3,-3
2022-05-23 15:01:53.926,16175,16176,16175,1,-1
2022-05-23 15:01:53.927,16175,16176,16175,1,-1
2022-05-23 15:01:53.927,16175,16176,16175,1,-1
2022-05-23 15:01:53.927,16175,16176,16175,1,-1
2022-05-23 15:01:54.491,16175,16176,16175,1,-1
2022-05-23 15:01:54.491,16175,16176,16175,1,-1
2022-05-23 15:01:54.685,16174,16176,16176,11,11
2022-05-23 15:01:54.839,16175,16177,16175,1,-1
2022-05-23 15:01:55.077,16175,16177,16175,1,-1
2022-05-23 15:01:55.185,16175,16177,16175,1,-1
2022-05-23 15:01:55.355,16175,16177,16175,2,-2
2022-05-23 15:01:55.388,16175,16177,16174,1,-1
2022-05-23 15:01:56.277,16175,16177,16175,3,-3
2022-05-23 15:01:56.808,16175,16176,16175,1,-1
2022-05-23 15:01:56.863,16175,16176,16175,1,-1
2022-05-23 15:01:58.809,16175,16177,16175,1,-1
2022-05-23 15:01:59.390,16175,16176,16176,1,1
2022-05-23 15:01:59.498,16175,16177,16175,1,-1
2022-05-23 15:01:59.780,16175,16177,16175,2,-2
2022-05-23 15:01:59.922,16175,16177,16175,1,-1
2022-05-23 15:02:00.276,16175,16177,16175,1,-1
2022-05-23 15:02:00.653,16175,16177,16175,1,-1
2022-05-23 15:02:01.266,16176,16177,16177,1,1
2022-05-23 15:02:01.634,16176,16177,16176,1,-1
2022-05-23 15:02:01.865,16175,16176,16176,1,1
2022-05-23 15:02:02.576,16175,16176,16176,4,4
2022-05-23 15:02:03.428,16176,16177,16176,1,-1
2022-05-23 15:02:04.138,16176,16177,16177,1,1
2022-05-23 15:02:05.390,16176,16177,16177,3,3
2022-05-23 15:02:05.664,16176,16178,16178,3,3
2022-05-23 15:02:05.973,16176,16178,16178,3,3
2022-05-23 15:02:06.358,16176,16178,16176,2,-2
2022-05-23 15:02:07.371,16176,16177,16176,1,-1
2022-05-23 15:02:07.388,16176,16177,16177,1,1
2022-05-23 15:02:08.173,16176,16177,16176,13,-13
2022-05-23 15:02:08.450,16175,16176,16175,4,-4
2022-05-23 15:02:09.212,16175,16176,16176,1,1
2022-05-23 15:02:10.855,16175,16176,16175,1,-1
2022-05-23 15:02:10.867,16175,16176,16176,1,1
2022-05-23 15:02:11.813,16176,16177,16176,1,-1
2022-05-23 15:02:12.525,16175,16177,16176,2,-2
2022-05-23 15:02:13.103,16176,16177,16176,1,-1
2022-05-23 15:02:13.273,16176,16177,16177,3,3
2022-05-23 15:02:13.472,16177,16178,16178,5,5
2022-05-23 15:02:13.747,16178,16179,16178,2,-2
2022-05-23 15:02:13.758,16178,16179,16179,1,1
2022-05-23 15:02:14.276,16178,16179,16179,1,1
2022-05-23 15:02:14.285,16178,16179,16178,1,-1
2022-05-23 15:02:14.575,16178,16180,16178,1,-1
2022-05-23 15:02:14.588,16178,16180,16180,1,1
2022-05-23 15:02:14.797,16178,16180,16180,14,14
2022-05-23 15:02:14.880,16180,16181,16181,1,1
2022-05-23 15:02:14.880,16180,16181,16181,6,6
2022-05-23 15:02:14.881,16180,16181,16181,1,1
2022-05-23 15:02:15.239,16181,16183,16181,5,-5
2022-05-23 15:02:15.558,16180,16182,16180,1,-1
2022-05-23 15:02:17.831,16178,16179,16179,2,2
2022-05-23 15:02:18.107,16179,16181,16180,1,1
2022-05-23 15:02:18.789,16179,16181,16181,2,2
2022-05-23 15:02:18.789,16179,16181,16182,2,2
2022-05-23 15:02:19.595,16180,16181,16181,1,1
2022-05-23 15:02:19.869,16180,16181,16181,1,1
2022-05-23 15:02:20.050,16180,16181,16181,1,1
2022-05-23 15:02:20.212,16180,16181,16181,2,2
2022-05-23 15:02:20.959,16180,16181,16180,1,-1
2022-05-23 15:02:21.057,16180,16181,16180,1,-1
2022-05-23 15:02:21.565,16178,16180,16181,4,4
2022-05-23 15:02:22.102,16179,16180,16180,1,1
2022-05-23 15:02:22.102,16179,16180,16181,2,2
2022-05-23 15:02:22.102,16179,16180,16182,10,10
2022-05-23 15:02:22.284,16180,16182,16182,1,1
2022-05-23 15:02:23.487,16179,16181,16179,1,-1
2022-05-23 15:02:23.952,16180,16181,16180,3,-3
2022-05-23 15:02:24.002,16180,16181,16181,1,1
2022-05-23 15:02:24.752,16181,16182,16181,2,-2
2022-05-23 15:02:24.790,16181,16182,16181,1,-1
2022-05-23 15:02:25.020,16180,16182,16181,1,-1
2022-05-23 15:02:25.962,16180,16181,16181,1,1
2022-05-23 15:02:26.975,16180,16181,16180,1,-1
2022-05-23 15:02:28.126,16181,16182,16182,2,2
2022-05-23 15:02:28.970,16181,16182,16182,2,2
2022-05-23 15:02:29.470,16181,16182,16181,1,-1
2022-05-23 15:02:31.083,16180,16181,16180,1,-1
2022-05-23 15:02:31.688,16179,16180,16180,1,1
2022-05-23 15:02:31.688,16179,16180,16181,10,10
2022-05-23 15:02:31.688,16179,16180,16182,1,1
2022-05-23 15:02:35.387,16180,16181,16181,2,2
2022-05-23 15:02:35.599,16180,16181,16181,1,1
2022-05-23 15:02:36.799,16180,16181,16180,2,-2
2022-05-23 15:02:36.799,16180,16181,16179,3,-3
2022-05-23 15:02:39.755,16179,16180,16179,5,-5
2022-05-23 15:02:40.665,16178,16179,16178,4,-4
2022-05-23 15:02:40.665,16178,16179,16178,4,-4
2022-05-23 15:02:40.665,16178,16179,16178,11,-11
2022-05-23 15:02:40.760,16177,16178,16177,1,-1
2022-05-23 15:02:43.728,16177,16178,16177,1,-1
2022-05-23 15:02:43.728,16177,16178,16176,1,-1
2022-05-23 15:02:43.831,16176,16178,16177,1,-1
2022-05-23 15:02:44.429,16175,16177,16177,1,1
2022-05-23 15:02:44.455,16176,16178,16176,1,-1
2022-05-23 15:02:45.515,16177,16178,16177,1,-1
2022-05-23 15:02:47.853,16176,16178,16176,7,-7
2022-05-23 15:02:47.880,16176,16178,16175,1,-1
2022-05-23 15:02:47.962,16175,16176,16176,1,1
2022-05-23 15:02:49.254,16175,16176,16176,1,1
2022-05-23 15:02:50.160,16175,16176,16176,4,4
2022-05-23 15:02:50.168,16175,16176,16176,1,1
2022-05-23 15:02:51.148,16175,16176,16175,1,-1
2022-05-23 15:02:54.044,16175,16176,16175,6,-6
2022-05-23 15:02:54.044,16175,16176,16174,4,-4
2022-05-23 15:02:58.894,16174,16176,16174,1,-1
2022-05-23 15:02:59.334,16173,16175,16175,1,1
2022-05-23 15:02:59.990,16173,16175,16175,1,1
2022-05-23 15:03:00.734,16173,16174,16173,3,-3
2022-05-23 15:03:00.840,16172,16174,16172,1,-1
2022-05-23 15:03:00.901,16172,16174,16172,2,-2
2022-05-23 15:03:01.823,16172,16173,16172,1,-1
2022-05-23 15:03:02.459,16172,16173,16172,2,-2
2022-05-23 15:03:03.705,16172,16173,16173,1,1
2022-05-23 15:03:03.705,16172,16173,16173,1,1
2022-05-23 15:03:03.705,16172,16173,16173,1,1
2022-05-23 15:03:04.557,16173,16175,16173,2,-2
2022-05-23 15:03:06.585,16172,16173,16172,1,-1
2022-05-23 15:03:07.002,16172,16173,16173,1,1
2022-05-23 15:03:07.078,16173,16174,16173,1,-1
2022-05-23 15:03:08.748,16173,16174,16173,1,-1
2022-05-23 15:03:09.123,16173,16174,16174,1,1
2022-05-23 15:03:09.464,16174,16175,16174,1,-1
2022-05-23 15:03:09.942,16173,16175,16173,1,-1
2022-05-23 15:03:09.987,16173,16175,16173,3,-3
2022-05-23 15:03:10.268,16174,16175,16175,1,1
2022-05-23 15:03:10.268,16174,16175,16175,1,1
2022-05-23 15:03:11.455,16174,16175,16175,1,1
2022-05-23 15:03:12.621,16174,16175,16175,1,1
2022-05-23 15:03:12.903,16174,16175,16174,2,-2
2022-05-23 15:03:15.047,16174,16175,16174,4,-4
2022-05-23 15:03:15.047,16174,16175,16173,6,-6
2022-05-23 15:03:17.753,16174,16175,16175,1,1
2022-05-23 15:03:18.463,16174,16175,16175,4,4
2022-05-23 15:03:20.159,16174,16175,16175,1,1
2022-05-23 15:03:20.943,16173,16175,16175,1,1
2022-05-23 15:03:21.608,16173,16175,16175,1,1
2022-05-23 15:03:22.855,16173,16175,16175,1,1
2022-05-23 15:03:23.606,16173,16175,16173,1,-1
2022-05-23 15:03:24.550,16173,16174,16174,3,3
2022-05-23 15:03:27.002,16173,16175,16173,1,-1
2022-05-23 15:03:30.784,16173,16174,16174,1,1
2022-05-23 15:03:30.937,16174,16176,16176,1,1
2022-05-23 15:03:31.886,16174,16176,16174,1,-1
2022-05-23 15:03:41.244,16173,16174,16173,9,-9
2022-05-23 15:03:41.500,16172,16173,16173,1,1
2022-05-23 15:03:47.221,16172,16173,16172,1,-1
2022-05-23 15:03:49.185,16172,16173,16172,1,-1
2022-05-23 15:03:49.185,16172,16173,16172,2,-2
2022-05-23 15:03:49.940,16171,16172,16171,4,-4
2022-05-23 15:03:52.732,16171,16172,16171,1,-1
2022-05-23 15:03:54.206,16171,16172,16171,4,-4
2022-05-23 15:03:54.206,16171,16172,16171,5,-5
2022-05-23 15:03:56.586,16170,16171,16170,9,-9
2022-05-23 15:03:56.587,16170,16171,16169,2,-2
2022-05-23 15:03:56.717,16168,16170,16168,3,-3
2022-05-23 15:03:56.824,16168,16170,16170,1,1
2022-05-23 15:03:56.828,16168,16170,16170,1,1
2022-05-23 15:03:56.953,16168,16169,16168,2,-2
2022-05-23 15:03:57.396,16168,16169,16169,2,2
2022-05-23 15:03:57.476,16168,16169,16168,2,-2
2022-05-23 15:03:57.659,16168,16169,16168,2,-2
2022-05-23 15:03:57.660,16168,16169,16168,5,-5
2022-05-23 15:03:57.687,16168,16169,16168,1,-1
2022-05-23 15:03:58.753,16168,16169,16168,1,-1
2022-05-23 15:03:58.966,16168,16169,16168,1,-1
2022-05-23 15:04:00.820,16169,16170,16170,1,1
2022-05-23 15:04:00.824,16169,16170,16170,1,1
2022-05-23 15:04:01.212,16170,16171,16171,1,1
2022-05-23 15:04:01.358,16170,16171,16170,1,-1
2022-05-23 15:04:02.309,16169,16171,16169,1,-1
2022-05-23 15:04:08.105,16170,16171,16170,1,-1
2022-05-23 15:04:09.097,16170,16171,16170,1,-1
2022-05-23 15:04:09.672,16169,16170,16170,1,1
2022-05-23 15:04:10.483,16168,16170,16170,1,1
2022-05-23 15:04:10.534,16168,16170,16170,1,1
2022-05-23 15:04:12.492,16169,16170,16170,1,1
2022-05-23 15:04:13.080,16169,16170,16170,1,1
2022-05-23 15:04:13.331,16169,16170,16170,1,1
2022-05-23 15:04:13.854,16170,16171,16170,1,-1
2022-05-23 15:04:14.819,16170,16171,16170,2,-2
2022-05-23 15:04:16.489,16169,16171,16170,2,-2
2022-05-23 15:04:21.160,16170,16171,16171,1,1
2022-05-23 15:04:21.229,16170,16171,16170,1,-1
2022-05-23 15:04:22.172,16169,16170,16170,1,1
2022-05-23 15:04:24.304,16169,16171,16169,1,-1
2022-05-23 15:04:26.957,16169,16170,16170,1,1
2022-05-23 15:04:28.351,16169,16170,16169,1,-1
2022-05-23 15:04:30.084,16169,16170,16170,4,4
2022-05-23 15:04:30.084,16169,16170,16170,2,2
2022-05-23 15:04:30.719,16170,16171,16170,1,-1
2022-05-23 15:04:32.274,16169,16171,16169,1,-1
2022-05-23 15:04:32.680,16169,16170,16170,1,1
2022-05-23 15:04:32.683,16169,16170,16170,1,1
2022-05-23 15:04:32.687,16169,16170,16170,2,2
2022-05-23 15:04:37.255,16169,16170,16170,1,1
2022-05-23 15:04:38.640,16169,16170,16169,1,-1
2022-05-23 15:04:39.771,16169,16170,16169,3,-3
2022-05-23 15:04:40.194,16168,16169,16169,1,1
2022-05-23 15:04:40.606,16169,16170,16169,1,-1
2022-05-23 15:04:45.004,16169,16170,16170,1,1
2022-05-23 15:04:46.348,16169,16170,16170,1,1
2022-05-23 15:04:46.939,16169,16170,16169,1,-1
2022-05-23 15:04:46.948,16169,16170,16170,1,1
2022-05-23 15:04:47.095,16169,16170,16169,2,-2
2022-05-23 15:04:48.180,16169,16170,16170,1,1
2022-05-23 15:04:48.577,16169,16170,16169,2,-2
2022-05-23 15:04:48.725,16169,16170,16170,3,3
2022-05-23 15:04:49.301,16169,16170,16169,1,-1
2022-05-23 15:04:53.977,16169,16170,16169,2,-2
2022-05-23 15:04:53.978,16169,16170,16169,1,-1
2022-05-23 15:04:55.006,16168,16169,16169,3,3
2022-05-23 15:04:57.432,16168,16169,16169,3,3
2022-05-23 15:04:57.912,16168,16170,16168,3,-3
2022-05-23 15:04:57.912,16168,16170,16168,1,-1
2022-05-23 15:04:57.913,16168,16170,16168,1,-1
2022-05-23 15:04:57.913,16168,16170,16168,1,-1
2022-05-23 15:04:57.913,16168,16170,16168,1,-1
2022-05-23 15:04:57.913,16168,16170,16168,1,-1
2022-05-23 15:04:57.956,16168,16169,16168,1,-1
2022-05-23 15:04:58.473,16168,16169,16168,2,-2
2022-05-23 15:04:58.473,16168,16169,16168,7,-7
2022-05-23 15:04:59.555,16168,16169,16169,1,1
2022-05-23 15:05:00.175,16168,16169,16168,21,-21
2022-05-23 15:05:00.176,16168,16169,16167,2,-2
2022-05-23 15:05:00.187,16168,16169,16167,1,-1
2022-05-23 15:05:00.256,16166,16168,16168,4,4
2022-05-23 15:05:00.273,16166,16168,16168,1,1
2022-05-23 15:05:00.373,16166,16168,16168,2,2
2022-05-23 15:05:00.799,16166,16168,16168,2,2
2022-05-23 15:05:01.881,16166,16168,16168,1,1
2022-05-23 15:05:02.268,16166,16168,16166,1,-1
2022-05-23 15:05:02.278,16166,16168,16166,1,-1
2022-05-23 15:05:02.377,16166,16168,16167,1,-1
2022-05-23 15:05:04.102,16167,16168,16168,1,1
2022-05-23 15:05:04.292,16167,16168,16168,1,1
2022-05-23 15:05:05.356,16167,16169,16168,2,2
2022-05-23 15:05:07.102,16167,16169,16169,1,1
2022-05-23 15:05:08.619,16167,16169,16168,1,1
2022-05-23 15:05:10.501,16167,16168,16168,1,1
2022-05-23 15:05:10.990,16168,16169,16168,1,-1
2022-05-23 15:05:11.095,16167,16169,16169,2,2
2022-05-23 15:05:12.216,16167,16169,16169,1,1
2022-05-23 15:05:12.216,16167,16169,16169,2,2
2022-05-23 15:05:17.395,16167,16169,16169,1,1
2022-05-23 15:05:18.742,16168,16169,16168,1,-1
2022-05-23 15:05:19.728,16168,16169,16168,1,-1
2022-05-23 15:05:21.869,16167,16169,16169,2,2
2022-05-23 15:05:22.176,16168,16170,16170,1,1
2022-05-23 15:05:24.460,16169,16170,16170,1,1
2022-05-23 15:05:24.460,16169,16170,16170,1,1
2022-05-23 15:05:24.460,16169,16170,16170,25,25
2022-05-23 15:05:24.462,16169,16170,16171,1,1
2022-05-23 15:05:24.462,16169,16170,16171,1,1
2022-05-23 15:05:24.462,16169,16170,16171,1,1
2022-05-23 15:05:24.462,16169,16170,16171,1,1
2022-05-23 15:05:24.462,16169,16170,16171,1,1
2022-05-23 15:05:24.463,16169,16170,16171,2,2
2022-05-23 15:05:24.467,16169,16170,16171,2,2
2022-05-23 15:05:24.467,16169,16170,16171,1,1
2022-05-23 15:05:24.467,16169,16170,16171,1,1
2022-05-23 15:05:24.857,16170,16171,16171,1,1
2022-05-23 15:05:24.858,16170,16171,16171,1,1
2022-05-23 15:05:24.945,16170,16171,16171,1,1
2022-05-23 15:05:25.542,16170,16171,16170,1,-1
2022-05-23 15:05:25.971,16170,16171,16170,1,-1
2022-05-23 15:05:26.502,16169,16171,16169,9,-9
2022-05-23 15:05:26.502,16169,16171,16168,6,-6
2022-05-23 15:05:27.449,16169,16170,16170,2,2
2022-05-23 15:05:27.625,16169,16170,16170,1,1
2022-05-23 15:05:27.625,16169,16170,16170,3,3
2022-05-23 15:05:30.422,16169,16170,16170,2,2
2022-05-23 15:05:32.530,16169,16170,16170,1,1
2022-05-23 15:05:38.189,16169,16170,16169,1,-1
2022-05-23 15:05:38.258,16168,16170,16168,1,-1
2022-05-23 15:05:38.258,16168,16170,16168,6,-6
2022-05-23 15:05:38.267,16168,16170,16167,1,-1
2022-05-23 15:05:38.267,16168,16170,16167,2,-2
2022-05-23 15:05:40.528,16166,16168,16168,1,1
2022-05-23 15:05:44.316,16166,16167,16167,1,1
2022-05-23 15:05:44.320,16166,16167,16167,1,1
2022-05-23 15:05:44.320,16166,16167,16166,5,-5
2022-05-23 15:05:44.323,16166,16167,16167,1,1
2022-05-23 15:05:44.331,16166,16167,16167,1,1
2022-05-23 15:05:45.375,16165,16166,16166,1,1
2022-05-23 15:05:46.213,16165,16166,16165,2,-2
2022-05-23 15:05:46.213,16165,16166,16165,3,-3
2022-05-23 15:05:46.213,16165,16166,16165,1,-1
2022-05-23 15:05:46.213,16165,16166,16165,2,-2
2022-05-23 15:05:47.626,16164,16166,16164,2,-2
2022-05-23 15:05:47.815,16164,16166,16164,1,-1
2022-05-23 15:05:48.608,16164,16166,16164,1,-1
2022-05-23 15:05:50.633,16164,16165,16164,3,-3
2022-05-23 15:05:50.697,16163,16165,16165,2,2
2022-05-23 15:05:50.955,16163,16165,16163,1,-1
2022-05-23 15:05:50.956,16163,16165,16163,5,-5
2022-05-23 15:05:51.184,16162,16164,16164,1,1
2022-05-23 15:05:51.818,16162,16164,16162,1,-1
2022-05-23 15:05:51.970,16162,16164,16162,1,-1
2022-05-23 15:05:52.644,16162,16163,16162,2,-2
2022-05-23 15:05:52.644,16162,16163,16161,1,-1
2022-05-23 15:05:52.798,16161,16162,16161,1,-1
2022-05-23 15:05:53.767,16161,16162,16161,5,-5
2022-05-23 15:05:55.452,16160,16161,16161,1,1
2022-05-23 15:05:56.600,16161,16162,16161,3,-3
2022-05-23 15:05:56.743,16161,16162,16161,1,-1
2022-05-23 15:05:57.040,16160,16161,16161,1,1
2022-05-23 15:05:58.715,16161,16162,16162,1,1
2022-05-23 15:05:59.051,16161,16163,16161,4,-4
2022-05-23 15:05:59.150,16161,16163,16162,1,-1
2022-05-23 15:06:01.669,16162,16163,16162,1,-1
2022-05-23 15:06:02.026,16162,16163,16163,1,1
2022-05-23 15:06:02.641,16163,16164,16164,1,1
2022-05-23 15:06:02.641,16163,16164,16164,1,1
2022-05-23 15:06:03.618,16163,16164,16163,1,-1
2022-05-23 15:06:03.671,16163,16164,16163,2,-2
2022-05-23 15:06:03.690,16163,16164,16164,1,1
2022-05-23 15:06:03.690,16163,16164,16164,1,1
2022-05-23 15:06:03.690,16163,16164,16164,1,1
2022-05-23 15:06:03.690,16164,16165,16164,4,-4
2022-05-23 15:06:04.809,16163,16164,16163,2,-2
2022-05-23 15:06:06.493,16163,16165,16164,4,-4
2022-05-23 15:06:09.012,16164,16165,16164,1,-1
2022-05-23 15:06:09.700,16164,16165,16165,1,1
2022-05-23 15:06:10.258,16164,16165,16165,2,2
2022-05-23 15:06:11.208,16164,16165,16164,2,-2
2022-05-23 15:06:11.918,16164,16165,16165,10,10
2022-05-23 15:06:11.918,16164,16165,16166,7,7
2022-05-23 15:06:13.163,16164,16165,16165,1,1
2022-05-23 15:06:14.077,16164,16165,16164,1,-1
2022-05-23 15:06:14.428,16164,16165,16164,2,-2
2022-05-23 15:06:14.429,16164,16165,16164,3,-3
2022-05-23 15:06:15.454,16163,16165,16165,1,1
2022-05-23 15:06:16.824,16164,16165,16165,1,1
2022-05-23 15:06:16.824,16164,16165,16165,2,2
2022-05-23 15:06:16.824,16164,16165,16165,1,1
2022-05-23 15:06:18.895,16165,16166,16166,1,1
2022-05-23 15:06:18.895,16165,16166,16166,3,3
2022-05-23 15:06:18.895,16165,16166,16166,7,7
2022-05-23 15:06:22.004,16165,16167,16167,7,7
2022-05-23 15:06:26.325,16165,16166,16166,2,2
2022-05-23 15:06:29.679,16166,16167,16166,1,-1
2022-05-23 15:06:29.684,16166,16167,16165,1,-1
2022-05-23 15:06:29.685,16166,16167,16165,2,-2
2022-05-23 15:06:29.685,16166,16167,16165,4,-4
2022-05-23 15:06:30.671,16164,16165,16164,10,-10
2022-05-23 15:06:32.938,16163,16164,16164,1,1
2022-05-23 15:06:35.274,16163,16164,16164,1,1
2022-05-23 15:06:35.635,16163,16165,16163,2,-2
2022-05-23 15:06:35.976,16163,16165,16163,5,-5
2022-05-23 15:06:35.977,16163,16165,16163,5,-5
2022-05-23 15:06:36.010,16163,16165,16165,1,1
2022-05-23 15:06:38.585,16161,16163,16162,1,1
2022-05-23 15:06:39.539,16161,16162,16161,2,-2
2022-05-23 15:06:39.741,16161,16162,16161,1,-1
2022-05-23 15:06:42.067,16161,16162,16161,1,-1
2022-05-23 15:06:42.067,16161,16162,16161,1,-1
2022-05-23 15:06:42.067,16161,16162,16161,2,-2
2022-05-23 15:06:42.959,16160,16161,16160,4,-4
2022-05-23 15:06:42.959,16160,16161,16160,2,-2
2022-05-23 15:06:42.960,16160,16161,16160,3,-3
2022-05-23 15:06:43.448,16159,16160,16159,4,-4
2022-05-23 15:06:43.587,16158,16159,16158,6,-6
2022-05-23 15:06:43.587,16158,16159,16158,2,-2
2022-05-23 15:06:43.736,16158,16159,16158,2,-2
2022-05-23 15:06:44.024,16158,16159,16158,1,-1
2022-05-23 15:06:44.026,16158,16159,16159,1,1
2022-05-23 15:06:44.049,16158,16159,16158,1,-1
2022-05-23 15:06:44.142,16158,16159,16159,1,1
2022-05-23 15:06:44.426,16158,16159,16158,3,-3
2022-05-23 15:06:44.426,16158,16159,16158,6,-6
2022-05-23 15:06:44.426,16158,16159,16158,1,-1
2022-05-23 15:06:44.427,16158,16159,16158,1,-1
2022-05-23 15:06:44.427,16158,16159,16158,1,-1
2022-05-23 15:06:44.527,16158,16159,16158,2,-2
2022-05-23 15:06:44.808,16157,16158,16158,1,1
2022-05-23 15:06:45.800,16157,16158,16158,1,1
2022-05-23 15:06:46.322,16157,16158,16157,1,-1
2022-05-23 15:06:46.322,16157,16158,16157,3,-3
2022-05-23 15:06:46.323,16157,16158,16157,1,-1
2022-05-23 15:06:46.323,16157,16158,16157,1,-1
2022-05-23 15:06:46.323,16157,16158,16157,1,-1
2022-05-23 15:06:46.453,16157,16158,16157,2,-2
2022-05-23 15:06:46.470,16157,16158,16157,1,-1
2022-05-23 15:06:46.534,16157,16158,16157,1,-1
2022-05-23 15:06:46.941,16156,16157,16156,2,-2
2022-05-23 15:06:46.942,16156,16157,16156,2,-2
2022-05-23 15:06:47.482,16155,16156,16155,1,-1
2022-05-23 15:06:47.588,16155,16156,16155,3,-3
2022-05-23 15:06:47.973,16155,16156,16155,1,-1
2022-05-23 15:06:48.507,16155,16156,16155,1,-1
2022-05-23 15:06:48.631,16155,16156,16155,2,-2
2022-05-23 15:06:48.632,16155,16156,16155,4,-4
2022-05-23 15:06:48.632,16155,16156,16155,1,-1
2022-05-23 15:06:48.632,16155,16156,16155,1,-1
2022-05-23 15:06:48.632,16155,16156,16155,1,-1
2022-05-23 15:06:48.632,16155,16156,16155,1,-1
2022-05-23 15:06:49.118,16155,16156,16155,1,-1
2022-05-23 15:06:49.118,16155,16156,16154,5,-5
2022-05-23 15:06:49.119,16155,16156,16154,3,-3
2022-05-23 15:06:49.119,16155,16156,16154,1,-1
2022-05-23 15:06:49.857,16155,16156,16155,2,-2
2022-05-23 15:06:50.821,16155,16156,16156,1,1
2022-05-23 15:06:50.851,16155,16156,16156,1,1
2022-05-23 15:06:50.945,16156,16157,16156,1,-1
2022-05-23 15:06:51.373,16156,16157,16157,1,1
2022-05-23 15:06:51.373,16156,16157,16157,3,3
2022-05-23 15:06:52.330,16158,16159,16158,1,-1
2022-05-23 15:06:52.469,16158,16159,16158,1,-1
2022-05-23 15:06:53.077,16157,16158,16158,2,2
2022-05-23 15:06:54.825,16158,16159,16159,2,2
2022-05-23 15:06:55.216,16159,16160,16159,3,-3
2022-05-23 15:06:55.415,16159,16160,16159,2,-2
2022-05-23 15:06:56.116,16159,16160,16159,3,-3
2022-05-23 15:06:58.393,16158,16160,16158,3,-3
2022-05-23 15:06:59.462,16159,16160,16160,13,13
2022-05-23 15:06:59.463,16159,16160,16160,3,3
2022-05-23 15:06:59.463,16159,16160,16160,3,3
2022-05-23 15:06:59.463,16159,16160,16160,1,1
2022-05-23 15:06:59.463,16159,16160,16160,19,19
2022-05-23 15:06:59.463,16159,16160,16160,1,1
2022-05-23 15:06:59.463,16159,16160,16160,2,2
2022-05-23 15:06:59.463,16159,16160,16160,2,2
2022-05-23 15:06:59.464,16159,16160,16160,1,1
2022-05-23 15:06:59.464,16159,16160,16160,1,1
2022-05-23 15:06:59.464,16159,16160,16160,1,1
2022-05-23 15:06:59.464,16159,16160,16160,1,1
2022-05-23 15:06:59.464,16159,16160,16160,3,3
2022-05-23 15:06:59.464,16159,16160,16160,4,4
2022-05-23 15:06:59.464,16159,16160,16160,4,4
2022-05-23 15:06:59.464,16159,16160,16160,1,1
2022-05-23 15:06:59.464,16159,16160,16160,1,1
2022-05-23 15:06:59.466,16159,16160,16161,1,1
2022-05-23 15:06:59.564,16159,16160,16160,3,3
2022-05-23 15:06:59.590,16159,16160,16159,1,-1
2022-05-23 15:07:00.035,16159,16160,16159,2,-2
2022-05-23 15:07:00.591,16159,16160,16159,1,-1
2022-05-23 15:07:01.073,16158,16159,16158,1,-1
2022-05-23 15:07:01.269,16157,16158,16158,1,1
2022-05-23 15:07:01.944,16157,16158,16158,1,1
2022-05-23 15:07:02.260,16157,16159,16157,1,-1
2022-05-23 15:07:02.738,16157,16158,16158,1,1
2022-05-23 15:07:02.921,16157,16158,16157,1,-1
2022-05-23 15:07:02.962,16156,16158,16158,3,3
2022-05-23 15:07:03.436,16156,16157,16156,2,-2
2022-05-23 15:07:04.567,16156,16157,16156,1,-1
2022-05-23 15:07:04.731,16155,16157,16157,2,2
2022-05-23 15:07:05.161,16155,16157,16155,2,-2
2022-05-23 15:07:05.780,16156,16157,16157,1,1
2022-05-23 15:07:07.148,16156,16158,16156,1,-1
2022-05-23 15:07:08.739,16157,16158,16157,1,-1
2022-05-23 15:07:08.897,16157,16158,16158,1,1
2022-05-23 15:07:09.190,16157,16158,16158,5,5
2022-05-23 15:07:10.764,16158,16159,16159,1,1
2022-05-23 15:07:10.780,16158,16159,16160,1,1
2022-05-23 15:07:10.781,16158,16159,16160,1,1
2022-05-23 15:07:13.742,16159,16160,16160,2,2
2022-05-23 15:07:13.805,16159,16160,16159,1,-1
2022-05-23 15:07:13.928,16158,16159,16159,1,1
2022-05-23 15:07:14.322,16158,16159,16158,1,-1
2022-05-23 15:07:17.749,16156,16158,16156,4,-4
2022-05-23 15:07:18.311,16156,16158,16158,4,4
2022-05-23 15:07:19.171,16156,16158,16156,6,-6
2022-05-23 15:07:21.562,16155,16157,16155,3,-3
2022-05-23 15:07:23.828,16154,16155,16155,1,1
2022-05-23 15:07:23.840,16154,16155,16154,3,-3
2022-05-23 15:07:23.840,16154,16155,16154,1,-1
2022-05-23 15:07:25.110,16154,16156,16155,1,-1
2022-05-23 15:07:25.183,16154,16156,16153,4,-4
2022-05-23 15:07:25.234,16153,16155,16153,1,-1
2022-05-23 15:07:25.252,16153,16155,16153,7,-7
2022-05-23 15:07:25.252,16153,16155,16152,3,-3
2022-05-23 15:07:25.584,16152,16154,16154,1,1
2022-05-23 15:07:26.923,16154,16155,16155,1,1
2022-05-23 15:07:27.411,16154,16156,16154,3,-3
2022-05-23 15:07:28.513,16154,16155,16154,1,-1
2022-05-23 15:07:30.262,16154,16155,16154,3,-3
2022-05-23 15:07:30.615,16153,16155,16153,1,-1
2022-05-23 15:07:33.183,16152,16154,16152,1,-1
2022-05-23 15:07:33.954,16152,16154,16152,2,-2
2022-05-23 15:07:34.599,16153,16154,16154,1,1
2022-05-23 15:07:36.015,16153,16154,16153,1,-1
2022-05-23 15:07:36.032,16153,16154,16154,1,1
2022-05-23 15:07:36.032,16153,16154,16154,2,2
2022-05-23 15:07:36.071,16154,16155,16155,3,3
2022-05-23 15:07:36.262,16155,16156,16156,1,1
2022-05-23 15:07:38.982,16154,16156,16156,2,2
2022-05-23 15:07:40.290,16155,16156,16156,1,1
2022-05-23 15:07:40.864,16155,16157,16157,1,1
2022-05-23 15:07:43.395,16154,16156,16156,1,1
2022-05-23 15:07:45.231,16156,16157,16156,2,-2
2022-05-23 15:07:46.217,16155,16157,16156,1,-1
2022-05-23 15:07:48.035,16155,16157,16155,2,-2
2022-05-23 15:07:48.235,16154,16156,16156,1,1
2022-05-23 15:07:48.848,16154,16156,16156,1,1
2022-05-23 15:07:48.888,16154,16156,16156,1,1
2022-05-23 15:07:50.399,16154,16156,16154,1,-1
2022-05-23 15:07:51.050,16154,16156,16154,1,-1
2022-05-23 15:07:51.128,16154,16156,16156,1,1
2022-05-23 15:07:51.319,16154,16156,16154,1,-1
2022-05-23 15:07:52.590,16154,16156,16156,1,1
2022-05-23 15:07:56.899,16154,16156,16154,1,-1
2022-05-23 15:08:01.864,16154,16155,16155,1,1
2022-05-23 15:08:02.416,16154,16156,16156,1,1
2022-05-23 15:08:02.629,16156,16157,16157,1,1
2022-05-23 15:08:02.629,16156,16157,16157,11,11
2022-05-23 15:08:02.630,16156,16157,16157,1,1
2022-05-23 15:08:03.188,16157,16158,16158,1,1
2022-05-23 15:08:03.189,16157,16158,16158,2,2
2022-05-23 15:08:05.056,16158,16160,16160,1,1
2022-05-23 15:08:06.924,16159,16160,16160,2,2
2022-05-23 15:08:07.059,16160,16161,16160,1,-1
2022-05-23 15:08:11.187,16158,16159,16159,2,2
2022-05-23 15:08:13.656,16158,16160,16160,1,1
2022-05-23 15:08:16.023,16158,16160,16160,1,1
2022-05-23 15:08:17.146,16159,16160,16159,1,-1
2022-05-23 15:08:18.239,16158,16159,16159,2,2
2022-05-23 15:08:18.365,16159,16160,16160,3,3
2022-05-23 15:08:19.161,16159,16160,16159,2,-2
2022-05-23 15:08:19.161,16159,16160,16158,3,-3
2022-05-23 15:08:19.370,16158,16160,16158,2,-2
2022-05-23 15:08:19.918,16157,16159,16159,1,1
2022-05-23 15:08:20.682,16158,16159,16158,2,-2
2022-05-23 15:08:21.397,16158,16159,16159,1,1
2022-05-23 15:08:21.559,16158,16159,16158,2,-2
2022-05-23 15:08:21.688,16157,16159,16159,1,1
2022-05-23 15:08:23.522,16157,16159,16159,1,1
2022-05-23 15:08:24.802,16157,16159,16159,1,1
2022-05-23 15:08:27.485,16158,16159,16158,4,-4
2022-05-23 15:08:28.962,16157,16158,16158,2,2
2022-05-23 15:08:32.026,16157,16158,16157,9,-9
2022-05-23 15:08:32.028,16157,16158,16156,1,-1
2022-05-23 15:08:32.541,16155,16157,16155,2,-2
2022-05-23 15:08:35.160,16155,16157,16155,1,-1
2022-05-23 15:08:36.307,16155,16157,16155,1,-1
2022-05-23 15:08:36.794,16155,16157,16155,1,-1
2022-05-23 15:08:36.866,16155,16157,16155,2,-2
2022-05-23 15:08:36.868,16155,16157,16155,1,-1
2022-05-23 15:08:37.035,16155,16156,16155,1,-1
2022-05-23 15:08:37.035,16155,16156,16154,1,-1
2022-05-23 15:08:38.180,16154,16156,16155,1,-1
2022-05-23 15:08:38.405,16156,16157,16156,1,-1
2022-05-23 15:08:38.516,16155,16157,16155,1,-1
2022-05-23 15:08:41.361,16156,16157,16157,12,12
2022-05-23 15:08:41.564,16157,16158,16158,1,1
2022-05-23 15:08:41.564,16158,16159,16158,1,-1
2022-05-23 15:08:41.564,16158,16159,16158,1,-1
2022-05-23 15:08:41.564,16158,16159,16158,5,-5
2022-05-23 15:08:41.564,16158,16159,16158,1,-1
2022-05-23 15:08:43.485,16158,16159,16159,1,1
2022-05-23 15:08:43.485,16158,16159,16159,1,1
2022-05-23 15:08:44.514,16158,16160,16160,1,1
2022-05-23 15:08:45.375,16158,16160,16160,1,1
2022-05-23 15:08:48.258,16158,16160,16160,4,4
2022-05-23 15:08:50.792,16159,16160,16160,1,1
2022-05-23 15:08:50.792,16159,16160,16160,8,8
2022-05-23 15:08:50.933,16160,16161,16161,1,1
2022-05-23 15:08:50.933,16160,16161,16161,2,2
2022-05-23 15:08:50.933,16160,16161,16161,1,1
2022-05-23 15:08:51.044,16161,16162,16162,1,1
2022-05-23 15:08:51.044,16161,16162,16162,1,1
2022-05-23 15:08:51.051,16161,16162,16162,1,1
2022-05-23 15:08:51.055,16161,16162,16162,1,1
2022-05-23 15:08:51.436,16161,16163,16161,3,-3
2022-05-23 15:08:52.588,16160,16162,16160,1,-1
2022-05-23 15:08:53.045,16160,16162,16160,1,-1
2022-05-23 15:08:53.074,16160,16161,16161,1,1
2022-05-23 15:08:53.074,16160,16161,16162,1,1
2022-05-23 15:08:53.253,16160,16162,16160,7,-7
2022-05-23 15:08:54.213,16158,16160,16158,1,-1
2022-05-23 15:08:57.060,16158,16159,16159,1,1
2022-05-23 15:09:00.763,16159,16160,16160,9,9
2022-05-23 15:09:00.763,16159,16160,16160,5,5
2022-05-23 15:09:00.763,16159,16160,16160,9,9
2022-05-23 15:09:00.763,16159,16160,16160,1,1
2022-05-23 15:09:01.719,16160,16162,16160,1,-1
2022-05-23 15:09:02.185,16160,16162,16162,2,2
2022-05-23 15:09:02.860,16161,16163,16163,3,3
2022-05-23 15:09:03.380,16162,16163,16162,1,-1
2022-05-23 15:09:04.097,16162,16163,16162,1,-1
2022-05-23 15:09:05.443,16160,16162,16162,2,2
2022-05-23 15:09:07.728,16162,16163,16163,2,2
2022-05-23 15:09:07.728,16162,16163,16163,4,4
2022-05-23 15:09:08.401,16163,16164,16164,1,1
2022-05-23 15:09:08.485,16164,16165,16165,2,2
2022-05-23 15:09:08.819,16164,16166,16165,1,1
2022-05-23 15:09:10.191,16165,16167,16165,1,-1
2022-05-23 15:09:14.664,16165,16166,16166,3,3
2022-05-23 15:09:14.664,16165,16166,16167,2,2
2022-05-23 15:09:15.721,16166,16167,16166,2,-2
2022-05-23 15:09:16.179,16166,16167,16166,1,-1
2022-05-23 15:09:16.307,16166,16167,16167,2,2
2022-05-23 15:09:16.810,16166,16167,16166,1,-1
2022-05-23 15:09:17.936,16165,16167,16165,1,-1
2022-05-23 15:09:20.734,16166,16167,16167,6,6
2022-05-23 15:09:23.238,16167,16168,16168,1,1
2022-05-23 15:09:23.429,16167,16168,16168,1,1
2022-05-23 15:09:23.478,16167,16169,16168,1,1
2022-05-23 15:09:23.478,16167,16169,16169,1,1
2022-05-23 15:09:25.033,16167,16168,16168,2,2
2022-05-23 15:09:25.422,16167,16169,16167,1,-1
2022-05-23 15:09:28.320,16167,16169,16169,1,1
2022-05-23 15:09:29.519,16167,16169,16169,1,1
2022-05-23 15:09:29.811,16167,16169,16167,10,-10
2022-05-23 15:09:29.811,16167,16169,16166,10,-10
2022-05-23 15:09:32.620,16167,16168,16167,2,-2
2022-05-23 15:09:34.467,16166,16167,16166,1,-1
2022-05-23 15:09:34.479,16166,16167,16166,1,-1
2022-05-23 15:09:34.479,16166,16167,16166,1,-1
2022-05-23 15:09:34.792,16165,16166,16165,2,-2
2022-05-23 15:09:34.792,16165,16166,16165,19,-19
2022-05-23 15:09:34.892,16163,16165,16165,1,1
2022-05-23 15:09:35.352,16164,16166,16166,1,1
2022-05-23 15:09:38.353,16166,16168,16168,1,1
2022-05-23 15:09:39.350,16167,16168,16168,5,5
2022-05-23 15:09:39.810,16168,16169,16168,1,-1
2022-05-23 15:09:40.204,16168,16169,16169,1,1
2022-05-23 15:09:41.281,16168,16169,16168,1,-1
2022-05-23 15:09:50.007,16168,16169,16168,2,-2
2022-05-23 15:09:50.605,16166,16168,16168,2,2
2022-05-23 15:09:50.606,16166,16168,16168,1,1
2022-05-23 15:09:51.431,16167,16169,16169,1,1
2022-05-23 15:09:53.371,16168,16169,16168,1,-1
2022-05-23 15:09:55.189,16168,16169,16168,1,-1
2022-05-23 15:09:56.926,16168,16169,16169,1,1
2022-05-23 15:09:57.657,16168,16169,16168,2,-2
2022-05-23 15:09:59.764,16168,16169,16168,1,-1
2022-05-23 15:09:59.848,16168,16169,16169,11,11
2022-05-23 15:10:00.050,16169,16170,16170,4,4
2022-05-23 15:10:00.050,16169,16170,16170,5,5
2022-05-23 15:10:00.050,16169,16170,16170,8,8
2022-05-23 15:10:00.050,16169,16170,16170,1,1
2022-05-23 15:10:00.150,16170,16171,16171,1,1
2022-05-23 15:10:00.167,16170,16171,16171,2,2
2022-05-23 15:10:00.168,16170,16171,16171,2,2
2022-05-23 15:10:00.217,16171,16172,16172,2,2
2022-05-23 15:10:00.236,16171,16172,16172,2,2
2022-05-23 15:10:00.287,16171,16172,16172,1,1
2022-05-23 15:10:00.320,16171,16172,16172,2,2
2022-05-23 15:10:01.533,16171,16172,16172,1,1
2022-05-23 15:10:01.659,16172,16173,16172,1,-1
2022-05-23 15:10:01.757,16171,16172,16172,1,1
2022-05-23 15:10:04.882,16172,16173,16173,17,17
2022-05-23 15:10:04.970,16173,16174,16174,1,1
2022-05-23 15:10:04.970,16173,16174,16175,1,1
2022-05-23 15:10:05.104,16173,16175,16175,1,1
2022-05-23 15:10:06.716,16173,16174,16174,2,2
2022-05-23 15:10:06.716,16173,16174,16175,2,2
2022-05-23 15:10:07.048,16174,16175,16174,1,-1
2022-05-23 15:10:08.151,16174,16175,16174,1,-1
2022-05-23 15:10:08.687,16174,16175,16175,2,2
2022-05-23 15:10:08.687,16174,16175,16175,7,7
2022-05-23 15:10:08.687,16174,16175,16175,1,1
2022-05-23 15:10:08.687,16174,16175,16175,2,2
2022-05-23 15:10:08.687,16174,16175,16175,1,1
2022-05-23 15:10:08.688,16174,16175,16175,3,3
2022-05-23 15:10:08.688,16174,16175,16175,3,3
2022-05-23 15:10:10.201,16173,16175,16173,1,-1
2022-05-23 15:10:10.526,16174,16175,16174,2,-2
2022-05-23 15:10:10.911,16174,16175,16174,2,-2
2022-05-23 15:10:10.916,16174,16175,16173,1,-1
2022-05-23 15:10:11.428,16172,16174,16174,2,2
2022-05-23 15:10:11.797,16172,16174,16174,2,2
2022-05-23 15:10:12.158,16172,16174,16173,2,2
2022-05-23 15:10:12.547,16172,16173,16173,2,2
2022-05-23 15:10:12.760,16172,16174,16174,1,1
2022-05-23 15:10:13.365,16172,16174,16174,3,3
2022-05-23 15:10:13.883,16173,16175,16175,1,1
2022-05-23 15:10:14.973,16173,16174,16174,1,1
2022-05-23 15:10:14.973,16173,16174,16175,3,3
2022-05-23 15:10:15.189,16174,16175,16174,1,-1
2022-05-23 15:10:15.288,16173,16175,16175,3,3
2022-05-23 15:10:18.448,16174,16176,16176,13,13
2022-05-23 15:10:18.448,16174,16176,16177,12,12
2022-05-23 15:10:18.825,16176,16177,16177,4,4
2022-05-23 15:10:18.825,16176,16177,16178,17,17
2022-05-23 15:10:18.825,16176,16177,16179,4,4
2022-05-23 15:10:19.092,16177,16179,16179,5,5
2022-05-23 15:10:19.098,16177,16179,16178,1,1
2022-05-23 15:10:19.188,16177,16179,16179,4,4
2022-05-23 15:10:19.188,16177,16179,16180,12,12
2022-05-23 15:10:19.188,16177,16179,16181,9,9
2022-05-23 15:10:19.201,16177,16179,16180,1,1
2022-05-23 15:10:19.543,16179,16181,16179,1,-1
2022-05-23 15:10:19.571,16179,16180,16180,6,6
2022-05-23 15:10:19.571,16179,16180,16181,8,8
2022-05-23 15:10:19.571,16179,16180,16182,11,11
2022-05-23 15:10:19.573,16179,16180,16181,1,1
2022-05-23 15:10:19.574,16179,16180,16181,2,2
2022-05-23 15:10:19.725,16180,16182,16181,1,1
2022-05-23 15:10:19.924,16179,16181,16179,1,-1
2022-05-23 15:10:20.078,16178,16180,16180,1,1
2022-05-23 15:10:20.299,16178,16180,16179,1,1
2022-05-23 15:10:20.836,16178,16180,16178,12,-12
2022-05-23 15:10:20.875,16178,16180,16177,1,-1
2022-05-23 15:10:21.359,16177,16179,16179,1,1
2022-05-23 15:10:21.751,16177,16179,16179,2,2
2022-05-23 15:10:22.895,16177,16178,16177,1,-1
2022-05-23 15:10:23.277,16176,16178,16178,1,1
2022-05-23 15:10:23.870,16176,16178,16178,1,1
2022-05-23 15:10:24.213,16176,16178,16178,6,6
2022-05-23 15:10:24.214,16176,16178,16178,2,2
2022-05-23 15:10:24.337,16177,16179,16179,1,1
2022-05-23 15:10:24.426,16177,16179,16178,1,1
2022-05-23 15:10:24.806,16176,16178,16178,2,2
2022-05-23 15:10:25.022,16178,16179,16179,1,1
2022-05-23 15:10:26.502,16178,16179,16179,1,1
2022-05-23 15:10:27.055,16178,16179,16179,4,4
2022-05-23 15:10:27.830,16178,16179,16179,2,2
2022-05-23 15:10:27.830,16178,16179,16180,3,3
2022-05-23 15:10:27.954,16178,16180,16178,2,-2
2022-05-23 15:10:30.607,16177,16178,16178,1,1
2022-05-23 15:10:30.954,16178,16179,16178,1,-1
2022-05-23 15:10:31.216,16178,16179,16178,1,-1
2022-05-23 15:10:32.180,16177,16179,16178,1,-1
2022-05-23 15:10:32.486,16177,16179,16177,1,-1
2022-05-23 15:10:32.507,16177,16179,16176,1,-1
2022-05-23 15:10:32.507,16177,16179,16176,7,-7
2022-05-23 15:10:32.507,16177,16179,16176,3,-3
2022-05-23 15:10:32.508,16177,16179,16176,1,-1
2022-05-23 15:10:32.508,16177,16179,16176,1,-1
2022-05-23 15:10:32.597,16175,16176,16175,1,-1
2022-05-23 15:10:32.697,16175,16176,16176,1,1
2022-05-23 15:10:33.162,16175,16176,16176,1,1
2022-05-23 15:10:35.568,16175,16176,16176,4,4
2022-05-23 15:10:35.569,16175,16176,16176,1,1
2022-05-23 15:10:36.970,16175,16176,16176,4,4
2022-05-23 15:10:36.970,16175,16176,16177,1,1
2022-05-23 15:10:37.690,16175,16176,16175,10,-10
2022-05-23 15:10:37.841,16174,16175,16174,1,-1
2022-05-23 15:10:39.459,16174,16176,16176,1,1
2022-05-23 15:10:41.420,16173,16175,16175,1,1
2022-05-23 15:10:41.913,16173,16175,16174,1,1
2022-05-23 15:10:44.074,16174,16176,16175,1,1
2022-05-23 15:10:47.304,16173,16174,16174,1,1
2022-05-23 15:10:47.390,16173,16174,16173,1,-1
2022-05-23 15:10:51.238,16172,16174,16172,1,-1
2022-05-23 15:10:51.238,16172,16174,16172,2,-2
2022-05-23 15:10:51.238,16172,16174,16172,2,-2
2022-05-23 15:10:51.963,16169,16171,16171,1,1
2022-05-23 15:10:52.330,16170,16172,16172,1,1
2022-05-23 15:10:52.570,16170,16172,16172,1,1
2022-05-23 15:10:53.946,16169,16171,16171,1,1
2022-05-23 15:10:54.412,16169,16171,16171,5,5
2022-05-23 15:10:58.048,16171,16172,16171,1,-1
2022-05-23 15:10:58.049,16171,16172,16171,2,-2
2022-05-23 15:10:58.227,16170,16172,16171,1,-1
2022-05-23 15:10:59.197,16170,16171,16170,1,-1
2022-05-23 15:10:59.464,16168,16170,16168,1,-1
2022-05-23 15:10:59.729,16168,16170,16168,1,-1
2022-05-23 15:11:00.576,16168,16170,16170,1,1
2022-05-23 15:11:01.837,16169,16170,16169,1,-1
2022-05-23 15:11:01.837,16169,16170,16169,1,-1
2022-05-23 15:11:04.202,16168,16170,16170,5,5
2022-05-23 15:11:04.371,16168,16170,16168,5,-5
2022-05-23 15:11:05.480,16168,16170,16168,8,-8
2022-05-23 15:11:06.311,16166,16168,16166,1,-1
2022-05-23 15:11:06.352,16166,16168,16166,4,-4
2022-05-23 15:11:06.352,16166,16168,16165,6,-6
2022-05-23 15:11:06.759,16165,16167,16165,1,-1
2022-05-23 15:11:06.940,16166,16167,16166,1,-1
2022-05-23 15:11:08.662,16166,16168,16166,9,-9
2022-05-23 15:11:08.662,16166,16168,16165,3,-3
2022-05-23 15:11:10.757,16165,16167,16165,1,-1
2022-05-23 15:11:11.615,16165,16167,16166,1,-1
2022-05-23 15:11:12.419,16166,16167,16166,1,-1
2022-05-23 15:11:12.419,16166,16167,16165,1,-1
2022-05-23 15:11:13.172,16165,16166,16165,1,-1
2022-05-23 15:11:14.805,16164,16165,16164,2,-2
2022-05-23 15:11:14.858,16163,16164,16163,11,-11
2022-05-23 15:11:15.303,16162,16163,16162,1,-1
2022-05-23 15:11:15.335,16161,16163,16163,1,1
2022-05-23 15:11:15.690,16161,16163,16161,1,-1
2022-05-23 15:11:16.090,16161,16162,16161,1,-1
2022-05-23 15:11:16.548,16160,16161,16160,1,-1
2022-05-23 15:11:16.883,16160,16161,16160,3,-3
2022-05-23 15:11:16.939,16160,16161,16160,1,-1
2022-05-23 15:11:17.014,16158,16160,16158,1,-1
2022-05-23 15:11:17.114,16158,16160,16158,2,-2
2022-05-23 15:11:17.317,16158,16160,16158,1,-1
2022-05-23 15:11:17.420,16158,16160,16158,2,-2
2022-05-23 15:11:18.094,16158,16159,16159,1,1
2022-05-23 15:11:18.287,16158,16159,16158,1,-1
2022-05-23 15:11:18.588,16158,16159,16158,1,-1
2022-05-23 15:11:18.821,16158,16159,16158,1,-1
2022-05-23 15:11:18.917,16158,16159,16158,6,-6
2022-05-23 15:11:18.918,16158,16159,16158,2,-2
2022-05-23 15:11:18.918,16158,16159,16158,1,-1
2022-05-23 15:11:19.275,16157,16158,16157,2,-2
2022-05-23 15:11:19.296,16157,16158,16158,1,1
2022-05-23 15:11:19.296,16157,16158,16158,1,1
2022-05-23 15:11:19.361,16157,16159,16157,1,-1
2022-05-23 15:11:19.476,16157,16158,16157,1,-1
2022-05-23 15:11:19.746,16157,16158,16157,1,-1
2022-05-23 15:11:19.770,16157,16158,16158,1,1
2022-05-23 15:11:20.798,16158,16160,16160,1,1
2022-05-23 15:11:22.502,16158,16160,16160,1,1
2022-05-23 15:11:22.537,16158,16160,16160,1,1
2022-05-23 15:11:22.915,16160,16162,16160,1,-1
2022-05-23 15:11:26.524,16161,16163,16161,2,-2
2022-05-23 15:11:26.815,16160,16162,16162,1,1
2022-05-23 15:11:26.989,16160,16162,16160,1,-1
2022-05-23 15:11:27.105,16160,16162,16162,1,1
2022-05-23 15:11:28.171,16160,16162,16162,5,5
2022-05-23 15:11:30.344,16161,16162,16162,1,1
2022-05-23 15:11:34.818,16163,16164,16163,1,-1
2022-05-23 15:11:34.890,16163,16164,16163,1,-1
2022-05-23 15:11:34.894,16163,16164,16164,2,2
2022-05-23 15:11:35.122,16164,16166,16164,1,-1
2022-05-23 15:11:38.363,16164,16165,16164,1,-1
2022-05-23 15:11:38.421,16164,16165,16164,1,-1
2022-05-23 15:11:38.421,16164,16165,16164,1,-1
2022-05-23 15:11:38.927,16162,16164,16163,1,-1
2022-05-23 15:11:46.815,16161,16162,16161,1,-1
2022-05-23 15:11:46.815,16161,16162,16161,1,-1
2022-05-23 15:11:48.827,16160,16161,16160,1,-1
2022-05-23 15:11:48.985,16160,16161,16161,1,1
2022-05-23 15:11:49.313,16160,16161,16161,1,1
2022-05-23 15:11:52.511,16160,16161,16160,1,-1
2022-05-23 15:11:55.632,16160,16161,16160,1,-1
2022-05-23 15:11:55.632,16160,16161,16159,5,-5
2022-05-23 15:11:55.893,16159,16160,16159,2,-2
2022-05-23 15:11:56.915,16158,16159,16159,1,1
2022-05-23 15:11:57.676,16158,16159,16158,1,-1
2022-05-23 15:11:57.676,16158,16159,16158,1,-1
2022-05-23 15:11:57.676,16158,16159,16158,1,-1
2022-05-23 15:11:57.676,16158,16159,16158,2,-2
2022-05-23 15:11:57.676,16158,16159,16158,4,-4
2022-05-23 15:11:59.622,16156,16158,16156,1,-1
2022-05-23 15:11:59.730,16156,16158,16156,1,-1
2022-05-23 15:12:03.869,16157,16158,16158,3,3
2022-05-23 15:12:04.925,16157,16159,16159,1,1
2022-05-23 15:12:05.236,16158,16159,16158,3,-3
2022-05-23 15:12:05.236,16158,16159,16157,2,-2
2022-05-23 15:12:05.797,16158,16159,16158,1,-1
2022-05-23 15:12:05.902,16158,16159,16158,1,-1
2022-05-23 15:12:07.154,16156,16158,16156,1,-1
2022-05-23 15:12:07.860,16156,16157,16157,1,1
2022-05-23 15:12:10.114,16158,16159,16158,1,-1
2022-05-23 15:12:12.831,16156,16158,16158,1,1
2022-05-23 15:12:16.090,16157,16158,16158,1,1
2022-05-23 15:12:17.195,16157,16158,16158,1,1
2022-05-23 15:12:19.307,16157,16159,16159,3,3
2022-05-23 15:12:19.319,16157,16159,16159,1,1
2022-05-23 15:12:20.889,16157,16158,16158,1,1
2022-05-23 15:12:21.470,16158,16160,16160,1,1
2022-05-23 15:12:22.944,16158,16160,16158,1,-1
2022-05-23 15:12:24.111,16158,16159,16159,1,1
2022-05-23 15:12:24.216,16158,16160,16160,1,1
2022-05-23 15:12:25.273,16159,16161,16161,3,3
2022-05-23 15:12:25.644,16160,16162,16160,1,-1
2022-05-23 15:12:26.418,16160,16162,16160,2,-2
2022-05-23 15:12:31.974,16159,16160,16160,2,2
2022-05-23 15:12:32.068,16160,16161,16161,1,1
2022-05-23 15:12:36.385,16160,16162,16161,1,1
2022-05-23 15:12:38.656,16161,16162,16162,1,1
2022-05-23 15:12:40.361,16161,16162,16162,1,1
2022-05-23 15:12:40.362,16161,16162,16162,4,4
2022-05-23 15:12:41.188,16161,16162,16161,2,-2
2022-05-23 15:12:42.170,16161,16162,16161,1,-1
2022-05-23 15:12:42.496,16161,16162,16161,2,-2
2022-05-23 15:12:45.813,16160,16162,16160,1,-1
2022-05-23 15:12:48.301,16161,16162,16162,3,3
2022-05-23 15:12:48.302,16161,16162,16162,2,2
2022-05-23 15:12:51.190,16162,16163,16162,1,-1
2022-05-23 15:12:53.023,16162,16163,16163,3,3
2022-05-23 15:12:53.212,16163,16164,16164,1,1
2022-05-23 15:12:57.025,16161,16163,16163,2,2
2022-05-23 15:12:59.896,16162,16163,16163,1,1
2022-05-23 15:13:05.224,16162,16163,16162,1,-1
2022-05-23 15:13:05.314,16162,16163,16161,1,-1
2022-05-23 15:13:05.320,16160,16161,16161,1,1
2022-05-23 15:13:06.188,16160,16162,16162,1,1
2022-05-23 15:13:08.293,16160,16161,16160,1,-1
2022-05-23 15:13:08.293,16160,16161,16160,2,-2
2022-05-23 15:13:08.293,16160,16161,16160,3,-3
2022-05-23 15:13:08.293,16160,16161,16160,1,-1
2022-05-23 15:13:08.293,16160,16161,16160,2,-2
2022-05-23 15:13:08.293,16160,16161,16160,1,-1
2022-05-23 15:13:08.319,16159,16160,16160,1,1
2022-05-23 15:13:09.620,16159,16161,16161,1,1
2022-05-23 15:13:12.085,16161,16163,16162,1,1
2022-05-23 15:13:12.174,16161,16163,16163,1,1
2022-05-23 15:13:12.174,16161,16163,16163,2,2
2022-05-23 15:13:12.175,16161,16163,16163,2,2
2022-05-23 15:13:12.407,16163,16164,16163,1,-1
2022-05-23 15:13:12.916,16162,16164,16164,1,1
2022-05-23 15:13:13.302,16163,16164,16163,1,-1
2022-05-23 15:13:13.829,16162,16164,16162,2,-2
2022-05-23 15:13:24.781,16161,16162,16161,1,-1
2022-05-23 15:13:25.962,16161,16163,16161,1,-1
2022-05-23 15:13:25.962,16161,16163,16160,3,-3
2022-05-23 15:13:29.043,16161,16162,16161,1,-1
2022-05-23 15:13:29.927,16160,16161,16161,1,1
2022-05-23 15:13:36.589,16160,16161,16160,4,-4
2022-05-23 15:13:40.043,16160,16161,16161,2,2
2022-05-23 15:13:40.720,16161,16162,16161,1,-1
2022-05-23 15:13:40.720,16161,16162,16160,1,-1
2022-05-23 15:13:46.042,16160,16161,16160,3,-3
2022-05-23 15:13:46.042,16160,16161,16159,1,-1
2022-05-23 15:13:48.517,16159,16160,16160,2,2
2022-05-23 15:13:48.518,16159,16160,16160,6,6
2022-05-23 15:13:53.142,16160,16161,16160,1,-1
2022-05-23 15:13:53.142,16160,16161,16160,1,-1
2022-05-23 15:13:53.142,16160,16161,16160,1,-1
2022-05-23 15:13:53.142,16160,16161,16160,1,-1
2022-05-23 15:13:58.610,16160,16161,16161,1,1
2022-05-23 15:13:59.714,16161,16162,16161,1,-1
2022-05-23 15:14:00.403,16161,16162,16162,2,2
2022-05-23 15:14:00.404,16161,16162,16162,1,1
2022-05-23 15:14:01.293,16162,16163,16163,4,4
2022-05-23 15:14:01.426,16163,16164,16164,3,3
2022-05-23 15:14:02.481,16163,16165,16164,3,3
2022-05-23 15:14:04.279,16163,16165,16164,1,1
2022-05-23 15:14:05.339,16163,16165,16165,1,1
2022-05-23 15:14:05.787,16164,16165,16164,1,-1
2022-05-23 15:14:06.496,16163,16165,16163,1,-1
2022-05-23 15:14:06.896,16163,16165,16164,1,-1
2022-05-23 15:14:07.804,16163,16165,16165,3,3
2022-05-23 15:14:08.097,16165,16166,16166,1,1
2022-05-23 15:14:08.097,16165,16166,16166,2,2
2022-05-23 15:14:09.706,16165,16167,16167,1,1
2022-05-23 15:14:09.934,16166,16167,16167,3,3
2022-05-23 15:14:09.934,16166,16167,16168,2,2
2022-05-23 15:14:09.984,16166,16168,16166,1,-1
2022-05-23 15:14:10.448,16166,16168,16168,1,1
2022-05-23 15:14:17.023,16164,16166,16166,1,1
2022-05-23 15:14:17.434,16164,16166,16166,1,1
2022-05-23 15:14:18.426,16164,16166,16166,1,1
2022-05-23 15:14:20.036,16165,16167,16167,1,1
2022-05-23 15:14:21.285,16165,16167,16165,1,-1
2022-05-23 15:14:24.219,16165,16167,16165,1,-1
2022-05-23 15:14:24.233,16165,16167,16164,2,-2
2022-05-23 15:14:24.538,16162,16164,16164,1,1
2022-05-23 15:14:27.038,16162,16164,16164,1,1
2022-05-23 15:14:28.601,16163,16165,16165,1,1
2022-05-23 15:14:31.278,16162,16164,16164,1,1
2022-05-23 15:14:31.278,16162,16164,16165,3,3
2022-05-23 15:14:32.124,16163,16165,16165,1,1
2022-05-23 15:14:39.336,16162,16164,16164,1,1
2022-05-23 15:14:39.336,16162,16164,16165,2,2
2022-05-23 15:14:45.640,16164,16165,16164,1,-1
2022-05-23 15:14:47.445,16163,16164,16163,2,-2
2022-05-23 15:14:48.720,16162,16163,16163,1,1
2022-05-23 15:14:54.023,16163,16165,16165,1,1
2022-05-23 15:14:54.023,16163,16165,16165,2,2
2022-05-23 15:14:54.023,16163,16165,16165,2,2
2022-05-23 15:14:59.716,16165,16166,16165,1,-1
2022-05-23 15:14:59.756,16165,16166,16165,1,-1
2022-05-23 15:14:59.756,16165,16166,16165,2,-2
2022-05-23 15:15:05.334,16165,16166,16165,1,-1
2022-05-23 15:15:09.535,16165,16166,16166,3,3
2022-05-23 15:15:09.535,16165,16166,16166,1,1
2022-05-23 15:15:09.535,16165,16166,16166,1,1
2022-05-23 15:15:11.360,16165,16166,16166,1,1
2022-05-23 15:15:11.501,16165,16167,16165,1,-1
2022-05-23 15:15:12.573,16166,16167,16167,1,1
2022-05-23 15:15:14.970,16167,16168,16168,3,3
2022-05-23 15:15:14.970,16167,16168,16168,2,2
2022-05-23 15:15:15.866,16167,16168,16168,1,1
2022-05-23 15:15:17.360,16167,16168,16167,2,-2
2022-05-23 15:15:17.360,16167,16168,16167,1,-1
2022-05-23 15:15:18.519,16165,16166,16165,1,-1
2022-05-23 15:15:18.519,16165,16166,16165,2,-2
2022-05-23 15:15:18.723,16164,16165,16165,3,3
2022-05-23 15:15:18.723,16164,16165,16166,1,1
2022-05-23 15:15:19.115,16164,16165,16164,1,-1
2022-05-23 15:15:20.974,16164,16166,16164,1,-1
2022-05-23 15:15:22.894,16165,16166,16166,1,1
2022-05-23 15:15:34.748,16164,16166,16164,1,-1
2022-05-23 15:15:36.979,16165,16166,16165,1,-1
2022-05-23 15:15:36.979,16165,16166,16165,1,-1
2022-05-23 15:15:38.298,16165,16166,16165,1,-1
2022-05-23 15:15:38.298,16165,16166,16164,1,-1
2022-05-23 15:15:44.700,16165,16166,16166,1,1
2022-05-23 15:15:45.449,16166,16167,16167,1,1
2022-05-23 15:15:45.452,16166,16167,16167,1,1
2022-05-23 15:15:45.700,16166,16168,16168,1,1
2022-05-23 15:15:45.704,16166,16168,16168,1,1
2022-05-23 15:16:02.065,16166,16167,16166,2,-2
2022-05-23 15:16:02.070,16165,16167,16166,1,-1
2022-05-23 15:16:02.071,16165,16167,16166,1,-1
2022-05-23 15:16:02.071,16165,16167,16167,1,1
2022-05-23 15:16:02.071,16165,16167,16167,1,1
2022-05-23 15:16:02.072,16165,16167,16167,1,1
2022-05-23 15:16:02.103,16165,16167,16167,2,2
2022-05-23 15:16:02.103,16165,16167,16167,1,1
2022-05-23 15:16:03.892,16166,16167,16167,1,1
2022-05-23 15:16:03.893,16166,16167,16167,1,1
2022-05-23 15:16:03.893,16166,16167,16167,1,1
2022-05-23 15:16:03.953,16166,16168,16168,1,1
2022-05-23 15:16:03.954,16166,16168,16168,1,1
2022-05-23 15:16:03.954,16166,16168,16168,1,1
2022-05-23 15:16:04.068,16166,16168,16168,1,1
2022-05-23 15:16:04.075,16166,16168,16168,1,1
2022-05-23 15:16:04.079,16166,16168,16168,1,1
2022-05-23 15:16:04.749,16166,16168,16166,1,-1
2022-05-23 15:16:06.222,16166,16168,16166,2,-2
2022-05-23 15:16:07.662,16166,16168,16168,1,1
2022-05-23 15:16:07.693,16166,16168,16168,1,1
2022-05-23 15:16:07.693,16166,16168,16168,1,1
2022-05-23 15:16:07.693,16166,16168,16168,1,1
2022-05-23 15:16:07.694,16166,16168,16168,1,1
2022-05-23 15:16:07.694,16166,16168,16168,1,1
2022-05-23 15:16:07.694,16166,16168,16168,1,1
2022-05-23 15:16:07.696,16166,16168,16168,1,1
2022-05-23 15:16:07.696,16166,16168,16168,1,1
2022-05-23 15:16:07.696,16166,16168,16169,1,1
2022-05-23 15:16:12.480,16167,16168,16167,1,-1
2022-05-23 15:16:14.495,16167,16168,16167,1,-1
2022-05-23 15:16:16.546,16166,16167,16166,1,-1
2022-05-23 15:16:17.231,16165,16166,16165,1,-1
2022-05-23 15:16:19.013,16164,16165,16164,3,-3
2022-05-23 15:16:19.069,16163,16164,16164,1,1
2022-05-23 15:16:25.563,16163,16164,16163,1,-1
2022-05-23 15:16:29.231,16163,16164,16164,1,1
2022-05-23 15:16:29.723,16163,16165,16164,1,1
2022-05-23 15:16:31.900,16164,16165,16164,1,-1
2022-05-23 15:16:31.900,16164,16165,16163,4,-4
2022-05-23 15:16:32.225,16162,16164,16162,2,-2
2022-05-23 15:16:34.253,16162,16163,16162,1,-1
2022-05-23 15:16:35.356,16162,16163,16162,1,-1
2022-05-23 15:16:38.721,16161,16162,16161,2,-2
2022-05-23 15:16:38.722,16161,16162,16160,2,-2
2022-05-23 15:16:38.819,16160,16162,16162,1,1
2022-05-23 15:16:39.439,16160,16162,16162,2,2
2022-05-23 15:16:39.952,16160,16162,16162,2,2
2022-05-23 15:16:39.978,16160,16162,16162,3,3
2022-05-23 15:16:40.353,16161,16162,16162,2,2
2022-05-23 15:16:41.117,16161,16162,16162,2,2
2022-05-23 15:16:42.179,16162,16163,16163,2,2
2022-05-23 15:16:42.368,16162,16163,16162,2,-2
2022-05-23 15:16:42.387,16162,16163,16161,1,-1
2022-05-23 15:16:42.515,16160,16162,16162,2,2
2022-05-23 15:16:44.431,16162,16163,16163,5,5
2022-05-23 15:16:45.222,16163,16164,16163,4,-4
2022-05-23 15:16:45.222,16163,16164,16162,1,-1
2022-05-23 15:16:45.318,16163,16164,16164,1,1
2022-05-23 15:16:45.321,16163,16164,16164,2,2
2022-05-23 15:16:46.624,16163,16165,16163,1,-1
2022-05-23 15:16:48.886,16164,16166,16164,5,-5
2022-05-23 15:16:49.109,16164,16166,16165,2,-2
2022-05-23 15:16:52.938,16165,16166,16165,2,-2
2022-05-23 15:16:53.727,16164,16166,16164,4,-4
2022-05-23 15:16:55.693,16164,16165,16165,2,2
2022-05-23 15:16:57.199,16164,16165,16165,2,2
2022-05-23 15:16:59.332,16164,16165,16165,1,1
2022-05-23 15:17:00.204,16164,16165,16164,1,-1
2022-05-23 15:17:02.883,16164,16165,16165,2,2
2022-05-23 15:17:03.391,16165,16166,16166,2,2
2022-05-23 15:17:03.715,16165,16166,16166,1,1
2022-05-23 15:17:03.716,16165,16166,16166,1,1
2022-05-23 15:17:04.526,16164,16167,16166,1,1
2022-05-23 15:17:04.526,16164,16167,16166,1,1
2022-05-23 15:17:05.458,16165,16166,16166,2,2
2022-05-23 15:17:05.731,16165,16166,16165,1,-1
2022-05-23 15:17:05.877,16165,16166,16165,1,-1
2022-05-23 15:17:15.123,16166,16167,16167,2,2
2022-05-23 15:17:16.928,16166,16167,16167,2,2
2022-05-23 15:17:17.716,16166,16167,16167,2,2
2022-05-23 15:17:19.323,16167,16168,16167,2,-2
2022-05-23 15:17:20.200,16166,16167,16166,1,-1
2022-05-23 15:17:20.994,16166,16167,16166,3,-3
2022-05-23 15:17:23.769,16165,16167,16166,1,-1
2022-05-23 15:17:27.946,16165,16166,16166,1,1
2022-05-23 15:17:27.947,16165,16166,16166,1,1
2022-05-23 15:17:28.792,16166,16167,16166,1,-1
2022-05-23 15:17:28.792,16166,16167,16166,1,-1
2022-05-23 15:17:30.301,16165,16166,16166,1,1
2022-05-23 15:17:30.301,16165,16166,16167,1,1
2022-05-23 15:17:32.712,16165,16166,16165,2,-2
2022-05-23 15:17:33.543,16164,16165,16165,1,1
2022-05-23 15:17:38.197,16165,16166,16165,4,-4
2022-05-23 15:17:44.782,16165,16166,16165,4,-4
2022-05-23 15:17:44.782,16165,16166,16165,1,-1
2022-05-23 15:17:46.242,16164,16165,16165,1,1
2022-05-23 15:17:50.756,16164,16165,16164,1,-1
2022-05-23 15:17:50.757,16164,16165,16164,1,-1
2022-05-23 15:17:50.757,16164,16165,16164,4,-4
2022-05-23 15:17:50.757,16164,16165,16164,1,-1
2022-05-23 15:17:50.757,16164,16165,16164,2,-2
2022-05-23 15:17:50.757,16164,16165,16164,3,-3
2022-05-23 15:17:50.779,16164,16165,16163,1,-1
2022-05-23 15:17:51.527,16162,16163,16162,1,-1
2022-05-23 15:17:51.527,16162,16163,16161,4,-4
2022-05-23 15:17:51.600,16161,16163,16161,1,-1
2022-05-23 15:17:52.300,16161,16163,16163,1,1
2022-05-23 15:17:52.568,16162,16164,16164,1,1
2022-05-23 15:17:58.620,16162,16164,16162,1,-1
2022-05-23 15:17:58.948,16162,16164,16162,1,-1
2022-05-23 15:18:00.879,16161,16162,16162,1,1
2022-05-23 15:18:02.665,16161,16164,16162,2,-2
2022-05-23 15:18:02.665,16161,16164,16161,1,-1
2022-05-23 15:18:03.293,16161,16163,16161,3,-3
2022-05-23 15:18:03.298,16161,16163,16162,1,-1
2022-05-23 15:18:03.509,16161,16163,16163,2,2
2022-05-23 15:18:03.604,16161,16163,16163,2,2
2022-05-23 15:18:03.612,16161,16163,16163,1,1
2022-05-23 15:18:03.612,16161,16163,16163,1,1
2022-05-23 15:18:09.719,16162,16163,16163,2,2
2022-05-23 15:18:10.749,16163,16164,16163,1,-1
2022-05-23 15:18:14.043,16163,16164,16164,1,1
2022-05-23 15:18:14.083,16164,16165,16164,1,-1
2022-05-23 15:18:15.339,16163,16164,16164,2,2
2022-05-23 15:18:17.476,16164,16165,16165,2,2
2022-05-23 15:18:23.658,16164,16165,16164,2,-2
2022-05-23 15:18:23.703,16163,16165,16163,4,-4
2022-05-23 15:18:26.594,16163,16164,16164,2,2
2022-05-23 15:18:28.638,16163,16165,16164,2,2
2022-05-23 15:18:30.856,16163,16164,16163,2,-2
2022-05-23 15:18:31.577,16162,16164,16164,1,1
2022-05-23 15:18:31.730,16162,16164,16164,1,1
2022-05-23 15:18:37.676,16162,16164,16164,1,1
2022-05-23 15:18:38.377,16164,16165,16165,2,2
2022-05-23 15:18:38.377,16164,16165,16165,1,1
2022-05-23 15:18:39.032,16165,16166,16166,1,1
2022-05-23 15:18:39.390,16166,16167,16166,1,-1
2022-05-23 15:18:39.939,16165,16167,16167,1,1
2022-05-23 15:18:53.587,16165,16166,16166,2,2
2022-05-23 15:18:53.587,16165,16166,16166,3,3
2022-05-23 15:18:54.877,16165,16167,16167,2,2
2022-05-23 15:19:01.426,16165,16167,16165,1,-1
2022-05-23 15:19:04.736,16165,16167,16165,1,-1
2022-05-23 15:19:05.027,16165,16167,16167,1,1
2022-05-23 15:19:06.288,16166,16167,16167,1,1
2022-05-23 15:19:07.048,16166,16167,16167,1,1
2022-05-23 15:19:07.053,16166,16167,16167,1,1
2022-05-23 15:19:07.056,16166,16167,16167,1,1
2022-05-23 15:19:12.684,16167,16168,16168,2,2
2022-05-23 15:19:12.685,16167,16168,16168,2,2
2022-05-23 15:19:12.685,16167,16168,16168,1,1
2022-05-23 15:19:12.685,16167,16168,16168,14,14
2022-05-23 15:19:13.446,16168,16169,16168,1,-1
2022-05-23 15:19:14.994,16168,16169,16169,5,5
2022-05-23 15:19:15.102,16168,16169,16169,1,1
2022-05-23 15:19:17.318,16168,16169,16169,1,1
2022-05-23 15:19:22.661,16166,16168,16168,5,5
2022-05-23 15:19:22.892,16167,16169,16169,1,1
2022-05-23 15:19:28.703,16166,16168,16166,1,-1
2022-05-23 15:19:29.710,16167,16169,16167,1,-1
2022-05-23 15:19:42.672,16167,16168,16168,1,1
2022-05-23 15:19:45.347,16167,16168,16168,2,2
2022-05-23 15:19:48.087,16168,16169,16168,1,-1
2022-05-23 15:19:50.337,16167,16168,16167,1,-1
2022-05-23 15:19:52.473,16167,16168,16168,1,1
2022-05-23 15:19:53.820,16166,16168,16168,1,1
2022-05-23 15:20:03.105,16166,16167,16166,9,-9
2022-05-23 15:20:03.641,16165,16166,16166,2,2
2022-05-23 15:20:03.642,16165,16166,16166,1,1
2022-05-23 15:20:04.752,16165,16166,16165,1,-1
2022-05-23 15:20:06.703,16165,16166,16165,1,-1
2022-05-23 15:20:09.926,16165,16166,16166,1,1
2022-05-23 15:20:10.953,16165,16166,16166,1,1
2022-05-23 15:20:11.135,16166,16168,16168,2,2
2022-05-23 15:20:11.139,16166,16168,16168,1,1
2022-05-23 15:20:11.147,16166,16168,16168,1,1
2022-05-23 15:20:20.175,16166,16167,16167,1,1
2022-05-23 15:20:20.179,16166,16167,16167,1,1
2022-05-23 15:20:20.183,16166,16167,16167,1,1
2022-05-23 15:20:20.197,16166,16168,16167,1,1
2022-05-23 15:20:22.086,16167,16168,16167,1,-1
2022-05-23 15:20:22.665,16166,16167,16166,1,-1
2022-05-23 15:20:33.820,16165,16166,16165,3,-3
2022-05-23 15:20:34.713,16164,16165,16164,1,-1
2022-05-23 15:20:35.146,16164,16165,16164,4,-4
2022-05-23 15:20:37.110,16163,16165,16165,1,1
2022-05-23 15:20:38.155,16164,16165,16164,1,-1
2022-05-23 15:20:44.178,16163,16164,16163,5,-5
2022-05-23 15:20:48.071,16163,16165,16163,1,-1
2022-05-23 15:20:49.694,16165,16166,16165,1,-1
2022-05-23 15:20:54.124,16164,16165,16164,1,-1
2022-05-23 15:21:01.460,16163,16164,16164,1,1
2022-05-23 15:21:05.397,16163,16165,16165,2,2
2022-05-23 15:21:07.023,16164,16166,16164,1,-1
2022-05-23 15:21:11.215,16165,16166,16166,1,1
2022-05-23 15:21:11.215,16165,16166,16167,1,1
2022-05-23 15:21:11.551,16166,16167,16167,2,2
2022-05-23 15:21:11.556,16166,16167,16167,1,1
2022-05-23 15:21:14.671,16166,16168,16166,1,-1
2022-05-23 15:21:14.804,16165,16167,16167,1,1
2022-05-23 15:21:15.940,16166,16167,16167,1,1
2022-05-23 15:21:16.036,16166,16168,16168,2,2
2022-05-23 15:21:16.040,16166,16168,16168,1,1
2022-05-23 15:21:19.904,16167,16168,16168,1,1
2022-05-23 15:21:19.957,16167,16168,16167,1,-1
2022-05-23 15:21:34.715,16164,16165,16164,1,-1
2022-05-23 15:21:35.083,16164,16165,16164,2,-2
2022-05-23 15:21:35.446,16163,16165,16165,1,1
2022-05-23 15:21:36.258,16163,16165,16164,1,1
2022-05-23 15:21:36.989,16163,16165,16163,1,-1
2022-05-23 15:21:37.629,16163,16164,16163,10,-10
2022-05-23 15:21:38.688,16162,16163,16162,5,-5
2022-05-23 15:21:47.113,16162,16163,16162,1,-1
2022-05-23 15:21:51.016,16161,16162,16161,1,-1
2022-05-23 15:21:51.016,16161,16162,16161,1,-1
2022-05-23 15:21:52.164,16160,16161,16160,1,-1
2022-05-23 15:21:52.349,16160,16161,16160,8,-8
2022-05-23 15:21:52.877,16159,16160,16160,1,1
2022-05-23 15:21:54.035,16159,16160,16159,1,-1
2022-05-23 15:21:56.697,16159,16160,16160,2,2
2022-05-23 15:21:57.399,16160,16161,16161,1,1
2022-05-23 15:21:57.405,16160,16161,16160,1,-1
2022-05-23 15:21:57.979,16160,16162,16160,1,-1
2022-05-23 15:22:00.196,16159,16160,16160,1,1
2022-05-23 15:22:00.196,16159,16160,16160,1,1
2022-05-23 15:22:06.584,16161,16162,16162,2,2
2022-05-23 15:22:10.615,16160,16162,16160,1,-1
2022-05-23 15:22:12.002,16161,16162,16162,1,1
2022-05-23 15:22:12.002,16161,16162,16162,5,5
2022-05-23 15:22:22.600,16161,16163,16161,1,-1
2022-05-23 15:22:25.209,16160,16161,16160,1,-1
2022-05-23 15:22:28.549,16160,16161,16160,1,-1
2022-05-23 15:22:28.550,16160,16161,16160,2,-2
2022-05-23 15:22:28.550,16160,16161,16160,2,-2
2022-05-23 15:22:29.892,16159,16160,16159,16,-16
2022-05-23 15:22:29.894,16159,16160,16158,13,-13
2022-05-23 15:22:32.020,16157,16158,16158,1,1
2022-05-23 15:22:32.515,16157,16158,16157,2,-2
2022-05-23 15:22:32.515,16157,16158,16157,1,-1
2022-05-23 15:22:32.799,16157,16158,16157,1,-1
2022-05-23 15:22:32.817,16157,16158,16157,1,-1
2022-05-23 15:22:32.817,16157,16158,16157,1,-1
2022-05-23 15:22:32.818,16157,16158,16157,1,-1
2022-05-23 15:22:33.201,16156,16157,16156,2,-2
2022-05-23 15:22:33.292,16156,16157,16156,1,-1
2022-05-23 15:22:33.816,16156,16157,16156,1,-1
2022-05-23 15:22:34.098,16156,16157,16157,1,1
2022-05-23 15:22:34.715,16156,16157,16156,1,-1
2022-05-23 15:22:34.870,16156,16157,16156,1,-1
2022-05-23 15:22:36.003,16156,16157,16156,5,-5
2022-05-23 15:22:36.004,16156,16157,16156,10,-10
2022-05-23 15:22:36.004,16156,16157,16156,1,-1
2022-05-23 15:22:36.761,16155,16157,16155,2,-2
2022-05-23 15:22:36.841,16155,16157,16155,1,-1
2022-05-23 15:22:37.512,16155,16156,16155,11,-11
2022-05-23 15:22:40.194,16154,16155,16154,2,-2
2022-05-23 15:22:40.373,16154,16155,16154,2,-2
2022-05-23 15:22:40.380,16154,16155,16154,1,-1
2022-05-23 15:22:41.896,16154,16155,16155,6,6
2022-05-23 15:22:42.492,16155,16156,16155,9,-9
2022-05-23 15:22:42.718,16154,16155,16154,1,-1
2022-05-23 15:22:44.660,16154,16155,16155,1,1
2022-05-23 15:22:44.729,16154,16155,16155,1,1
2022-05-23 15:22:45.331,16154,16155,16155,1,1
2022-05-23 15:22:49.292,16155,16157,16155,1,-1
2022-05-23 15:22:51.729,16155,16157,16155,1,-1
2022-05-23 15:22:54.585,16155,16156,16155,1,-1
2022-05-23 15:22:55.168,16155,16156,16155,1,-1
2022-05-23 15:22:55.199,16155,16156,16155,5,-5
2022-05-23 15:22:58.540,16154,16155,16154,11,-11
2022-05-23 15:22:58.540,16154,16155,16154,1,-1
2022-05-23 15:22:58.540,16154,16155,16154,1,-1
2022-05-23 15:23:00.504,16153,16154,16154,1,1
2022-05-23 15:23:03.021,16153,16154,16154,1,1
2022-05-23 15:23:03.069,16154,16155,16154,1,-1
2022-05-23 15:23:03.069,16154,16155,16153,3,-3
2022-05-23 15:23:03.227,16154,16155,16154,1,-1
2022-05-23 15:23:03.316,16154,16155,16155,2,2
2022-05-23 15:23:03.431,16154,16155,16155,1,1
2022-05-23 15:23:03.998,16155,16156,16156,1,1
2022-05-23 15:23:04.148,16155,16156,16155,1,-1
2022-05-23 15:23:04.583,16153,16155,16155,1,1
2022-05-23 15:23:16.341,16153,16155,16155,1,1
2022-05-23 15:23:16.609,16153,16155,16155,1,1
2022-05-23 15:23:18.458,16153,16155,16153,1,-1
2022-05-23 15:23:19.493,16153,16154,16154,1,1
2022-05-23 15:23:20.204,16153,16154,16153,1,-1
2022-05-23 15:23:21.117,16153,16154,16154,1,1
2022-05-23 15:23:27.016,16155,16157,16155,1,-1
2022-05-23 15:23:28.536,16154,16156,16156,1,1
2022-05-23 15:23:31.566,16154,16155,16154,1,-1
2022-05-23 15:23:31.566,16154,16155,16154,1,-1
2022-05-23 15:23:34.700,16153,16154,16153,1,-1
2022-05-23 15:23:34.821,16153,16154,16154,1,1
2022-05-23 15:23:39.788,16154,16156,16154,1,-1
2022-05-23 15:23:42.579,16154,16156,16156,1,1
2022-05-23 15:23:43.089,16155,16157,16156,1,1
2022-05-23 15:23:44.775,16156,16157,16157,2,2
2022-05-23 15:23:44.799,16156,16157,16158,2,2
2022-05-23 15:23:44.800,16156,16157,16158,1,1
2022-05-23 15:23:44.800,16156,16157,16158,1,1
2022-05-23 15:23:44.905,16157,16159,16159,1,1
2022-05-23 15:23:44.909,16157,16159,16159,1,1
2022-05-23 15:23:44.912,16157,16159,16159,1,1
2022-05-23 15:23:48.795,16156,16158,16158,1,1
2022-05-23 15:23:49.473,16156,16159,16157,1,-1
2022-05-23 15:23:50.150,16156,16158,16156,1,-1
2022-05-23 15:23:54.561,16155,16156,16155,1,-1
2022-05-23 15:23:57.700,16156,16157,16157,1,1
2022-05-23 15:24:00.753,16156,16157,16157,1,1
2022-05-23 15:24:01.839,16157,16158,16158,1,1
2022-05-23 15:24:03.980,16157,16159,16159,3,3
2022-05-23 15:24:07.351,16159,16160,16160,4,4
2022-05-23 15:24:07.948,16159,16161,16159,1,-1
2022-05-23 15:24:16.461,16159,16160,16160,2,2
2022-05-23 15:24:19.729,16159,16160,16160,1,1
2022-05-23 15:24:20.145,16159,16160,16159,2,-2
2022-05-23 15:24:20.455,16158,16160,16160,1,1
2022-05-23 15:24:24.367,16159,16160,16160,2,2
2022-05-23 15:24:25.067,16159,16161,16159,1,-1
2022-05-23 15:24:29.563,16159,16161,16161,1,1
2022-05-23 15:24:29.877,16160,16161,16161,5,5
2022-05-23 15:24:33.291,16161,16163,16161,1,-1
2022-05-23 15:24:35.391,16160,16162,16160,1,-1
2022-05-23 15:24:37.753,16161,16162,16162,3,3
2022-05-23 15:24:39.052,16161,16163,16163,1,1
2022-05-23 15:24:39.119,16161,16163,16163,1,1
2022-05-23 15:24:39.244,16161,16163,16163,1,1
2022-05-23 15:24:40.612,16162,16163,16163,5,5
2022-05-23 15:24:40.613,16162,16163,16163,2,2
2022-05-23 15:24:40.613,16162,16163,16163,4,4
2022-05-23 15:24:40.910,16163,16164,16163,2,-2
2022-05-23 15:24:45.251,16162,16163,16162,1,-1
2022-05-23 15:24:50.945,16160,16161,16160,3,-3
2022-05-23 15:24:52.988,16159,16161,16161,1,1
2022-05-23 15:24:54.969,16160,16162,16162,1,1
2022-05-23 15:25:01.552,16161,16162,16162,3,3
2022-05-23 15:25:18.821,16161,16162,16162,9,9
2022-05-23 15:25:18.821,16161,16162,16162,1,1
2022-05-23 15:25:18.821,16161,16162,16162,3,3
2022-05-23 15:25:18.822,16161,16162,16162,1,1
2022-05-23 15:25:19.563,16162,16163,16162,1,-1
2022-05-23 15:25:23.025,16162,16163,16163,1,1
2022-05-23 15:25:28.670,16162,16164,16164,2,2
2022-05-23 15:25:34.417,16162,16164,16164,1,1
2022-05-23 15:25:34.512,16162,16164,16162,1,-1
2022-05-23 15:25:34.702,16162,16164,16162,1,-1
2022-05-23 15:25:35.163,16162,16164,16164,2,2
2022-05-23 15:25:37.157,16162,16164,16162,2,-2
2022-05-23 15:25:37.558,16161,16163,16162,1,-1
2022-05-23 15:25:43.078,16163,16164,16164,3,3
2022-05-23 15:25:43.780,16164,16165,16165,1,1
2022-05-23 15:25:43.780,16164,16165,16165,2,2
2022-05-23 15:25:43.933,16165,16166,16166,1,1
2022-05-23 15:25:44.164,16165,16166,16166,1,1
2022-05-23 15:25:45.438,16166,16167,16166,1,-1
2022-05-23 15:25:45.779,16165,16166,16165,2,-2
2022-05-23 15:25:45.812,16165,16166,16164,1,-1
2022-05-23 15:25:49.111,16165,16167,16167,1,1
2022-05-23 15:25:49.115,16165,16167,16167,1,1
2022-05-23 15:25:52.722,16166,16167,16166,1,-1
2022-05-23 15:25:52.846,16166,16167,16166,2,-2
2022-05-23 15:25:52.846,16166,16167,16166,6,-6
2022-05-23 15:25:55.989,16164,16166,16166,2,2
2022-05-23 15:25:56.137,16164,16166,16166,1,1
2022-05-23 15:26:02.592,16163,16165,16165,1,1
2022-05-23 15:26:03.458,16164,16165,16164,1,-1
2022-05-23 15:26:04.724,16163,16165,16163,1,-1
2022-05-23 15:26:04.853,16163,16165,16164,1,-1
2022-05-23 15:26:09.105,16162,16164,16164,3,3
2022-05-23 15:26:20.709,16162,16164,16164,1,1
2022-05-23 15:26:27.204,16163,16164,16163,1,-1
2022-05-23 15:26:29.698,16163,16164,16163,1,-1
2022-05-23 15:26:31.242,16163,16164,16164,1,1
2022-05-23 15:26:31.242,16163,16164,16164,1,1
2022-05-23 15:26:36.755,16163,16165,16163,1,-1
2022-05-23 15:26:39.864,16164,16165,16165,1,1
2022-05-23 15:26:48.600,16165,16166,16165,1,-1
2022-05-23 15:26:49.190,16165,16166,16166,5,5
2022-05-23 15:26:53.453,16166,16167,16166,2,-2
2022-05-23 15:26:55.610,16165,16166,16165,4,-4
2022-05-23 15:27:04.709,16163,16165,16163,1,-1
2022-05-23 15:27:15.110,16165,16166,16165,1,-1
2022-05-23 15:27:15.110,16165,16166,16165,1,-1
2022-05-23 15:27:19.751,16163,16164,16164,1,1
2022-05-23 15:27:35.264,16164,16165,16165,3,3
2022-05-23 15:27:36.632,16164,16166,16164,1,-1
2022-05-23 15:27:40.846,16165,16166,16166,7,7
2022-05-23 15:27:41.464,16166,16167,16167,1,1
2022-05-23 15:27:41.467,16166,16167,16167,1,1
2022-05-23 15:27:41.468,16166,16167,16167,4,4
2022-05-23 15:27:41.468,16166,16167,16167,6,6
2022-05-23 15:27:41.468,16166,16167,16167,3,3
2022-05-23 15:27:43.002,16167,16168,16168,2,2
2022-05-23 15:27:43.002,16167,16168,16168,5,5
2022-05-23 15:27:43.125,16168,16169,16169,1,1
2022-05-23 15:27:44.886,16168,16169,16169,6,6
2022-05-23 15:27:44.887,16168,16169,16169,1,1
2022-05-23 15:27:44.887,16168,16169,16169,3,3
2022-05-23 15:27:44.971,16169,16170,16170,1,1
2022-05-23 15:27:44.975,16169,16170,16170,1,1
2022-05-23 15:27:46.034,16169,16170,16170,2,2
2022-05-23 15:27:46.087,16169,16170,16170,1,1
2022-05-23 15:27:46.577,16168,16170,16168,1,-1
2022-05-23 15:27:47.191,16168,16169,16169,1,1
2022-05-23 15:27:47.752,16168,16169,16169,1,1
2022-05-23 15:27:49.103,16168,16170,16169,1,1
2022-05-23 15:27:51.615,16168,16170,16170,1,1
2022-05-23 15:27:53.714,16168,16169,16168,1,-1
2022-05-23 15:27:55.095,16167,16168,16167,1,-1
2022-05-23 15:28:09.908,16166,16167,16167,2,2
2022-05-23 15:28:10.121,16167,16169,16167,1,-1
2022-05-23 15:28:10.328,16167,16169,16169,2,2
2022-05-23 15:28:15.715,16168,16170,16170,1,1
2022-05-23 15:28:22.229,16169,16170,16170,5,5
2022-05-23 15:28:22.352,16169,16170,16169,1,-1
2022-05-23 15:28:22.352,16169,16170,16169,1,-1
2022-05-23 15:28:22.435,16169,16170,16168,1,-1
2022-05-23 15:28:22.531,16167,16169,16169,1,1
2022-05-23 15:28:24.463,16167,16168,16168,1,1
2022-05-23 15:28:24.747,16167,16168,16167,1,-1
2022-05-23 15:28:24.748,16167,16168,16167,1,-1
2022-05-23 15:28:29.576,16166,16167,16166,9,-9
2022-05-23 15:28:29.576,16166,16167,16166,4,-4
2022-05-23 15:28:31.923,16165,16167,16165,2,-2
2022-05-23 15:28:36.450,16164,16165,16164,4,-4
2022-05-23 15:28:36.450,16164,16165,16164,1,-1
2022-05-23 15:28:36.455,16164,16165,16163,2,-2
2022-05-23 15:28:36.557,16164,16165,16164,3,-3
2022-05-23 15:28:39.486,16163,16164,16163,1,-1
2022-05-23 15:28:43.107,16164,16165,16164,1,-1
2022-05-23 15:28:48.387,16163,16165,16163,1,-1
2022-05-23 15:28:53.518,16164,16165,16165,1,1
2022-05-23 15:28:53.518,16164,16165,16165,1,1
2022-05-23 15:28:56.890,16165,16166,16166,2,2
2022-05-23 15:28:57.424,16166,16167,16167,1,1
2022-05-23 15:29:00.710,16166,16167,16167,2,2
2022-05-23 15:29:04.095,16165,16167,16167,1,1
2022-05-23 15:29:06.696,16164,16167,16167,1,1
2022-05-23 15:29:11.726,16165,16167,16167,1,1
2022-05-23 15:29:14.308,16165,16167,16165,1,-1
2022-05-23 15:29:20.149,16163,16164,16163,2,-2
2022-05-23 15:29:20.149,16163,16164,16163,2,-2
2022-05-23 15:29:27.359,16164,16166,16164,1,-1
2022-05-23 15:29:34.879,16164,16165,16164,1,-1
2022-05-23 15:29:40.410,16163,16164,16163,1,-1
2022-05-23 15:29:40.763,16162,16163,16163,1,1
2022-05-23 15:29:44.676,16163,16164,16164,1,1
2022-05-23 15:29:46.863,16163,16164,16164,1,1
2022-05-23 15:29:47.909,16164,16165,16164,1,-1
2022-05-23 15:29:51.811,16164,16165,16165,1,1
2022-05-23 15:29:51.811,16164,16165,16166,2,2
2022-05-23 15:29:55.042,16166,16167,16167,4,4
2022-05-23 15:29:55.042,16166,16167,16168,1,1
2022-05-23 15:30:00.327,16165,16167,16167,1,1
2022-05-23 15:30:00.451,16165,16167,16167,1,1
2022-05-23 15:30:00.451,16165,16167,16167,1,1
2022-05-23 15:30:00.452,16165,16167,16168,1,1
2022-05-23 15:30:00.456,16165,16167,16168,1,1
2022-05-23 15:30:00.462,16165,16167,16168,1,1
2022-05-23 15:30:00.462,16165,16167,16168,1,1
2022-05-23 15:30:00.462,16165,16167,16168,1,1
2022-05-23 15:30:00.462,16165,16167,16168,1,1
2022-05-23 15:30:00.463,16165,16167,16169,1,1
2022-05-23 15:30:06.365,16163,16165,16165,1,1
2022-05-23 15:30:06.443,16163,16165,16165,1,1
2022-05-23 15:30:06.444,16163,16165,16165,1,1
2022-05-23 15:30:06.444,16163,16165,16165,1,1
2022-05-23 15:30:07.144,16163,16165,16165,1,1
2022-05-23 15:30:07.193,16163,16165,16165,1,1
2022-05-23 15:30:07.193,16163,16165,16165,1,1
2022-05-23 15:30:07.193,16163,16165,16165,1,1
2022-05-23 15:30:07.193,16163,16165,16166,1,1
2022-05-23 15:30:07.194,16163,16165,16166,1,1
2022-05-23 15:30:07.362,16163,16165,16164,1,1
2022-05-23 15:30:11.038,16163,16164,16163,2,-2
2022-05-23 15:30:12.254,16162,16163,16162,1,-1
2022-05-23 15:30:12.255,16162,16163,16162,1,-1
2022-05-23 15:30:15.971,16162,16164,16164,1,1
2022-05-23 15:30:20.469,16162,16164,16164,1,1
2022-05-23 15:30:24.535,16163,16164,16163,1,-1
2022-05-23 15:30:24.568,16162,16163,16163,1,1
2022-05-23 15:30:27.929,16162,16163,16162,6,-6
2022-05-23 15:30:27.930,16162,16163,16161,4,-4
2022-05-23 15:30:29.464,16159,16161,16159,2,-2
2022-05-23 15:30:29.569,16159,16161,16161,1,1
2022-05-23 15:30:29.569,16159,16161,16161,1,1
2022-05-23 15:30:29.615,16159,16161,16159,2,-2
2022-05-23 15:30:30.655,16160,16161,16160,1,-1
2022-05-23 15:30:30.655,16160,16161,16159,1,-1
2022-05-23 15:30:32.337,16159,16161,16159,1,-1
2022-05-23 15:30:33.062,16158,16160,16157,6,-6
2022-05-23 15:30:33.061,16156,16158,16158,10,10
2022-05-23 15:30:33.110,16156,16158,16156,1,-1
2022-05-23 15:30:33.157,16156,16158,16156,7,-7
2022-05-23 15:30:33.157,16156,16158,16155,2,-2
2022-05-23 15:30:33.157,16156,16158,16155,13,-13
2022-05-23 15:30:33.157,16156,16158,16155,3,-3
2022-05-23 15:30:33.266,16155,16157,16155,1,-1
2022-05-23 15:30:33.373,16155,16157,16157,1,1
2022-05-23 15:30:33.729,16155,16157,16155,4,-4
2022-05-23 15:30:33.729,16155,16157,16154,1,-1
2022-05-23 15:30:33.797,16155,16157,16157,1,1
2022-05-23 15:30:36.736,16155,16157,16155,1,-1
2022-05-23 15:30:37.140,16155,16157,16156,3,-3
2022-05-23 15:30:37.141,16155,16157,16155,1,-1
2022-05-23 15:30:37.141,16155,16157,16155,1,-1
2022-05-23 15:30:37.145,16155,16157,16154,3,-3
2022-05-23 15:30:37.145,16155,16157,16153,5,-5
2022-05-23 15:30:37.146,16155,16157,16153,1,-1
2022-05-23 15:30:37.146,16155,16157,16154,1,-1
2022-05-23 15:30:37.193,16153,16155,16155,1,1
2022-05-23 15:30:37.193,16153,16155,16155,1,1
2022-05-23 15:30:37.193,16153,16155,16155,1,1
2022-05-23 15:30:37.193,16153,16155,16155,1,1
2022-05-23 15:30:37.193,16153,16155,16155,1,1
2022-05-23 15:30:37.616,16154,16156,16156,1,1
2022-05-23 15:30:37.741,16154,16156,16154,2,-2
2022-05-23 15:30:37.743,16154,16156,16154,1,-1
2022-05-23 15:30:37.743,16154,16156,16153,4,-4
2022-05-23 15:30:37.888,16153,16155,16153,2,-2
2022-05-23 15:30:37.888,16153,16155,16152,8,-8
2022-05-23 15:30:37.987,16152,16154,16152,1,-1
2022-05-23 15:30:38.353,16151,16154,16153,3,3
2022-05-23 15:30:38.783,16153,16155,16153,1,-1
2022-05-23 15:30:38.994,16153,16155,16153,1,-1
2022-05-23 15:30:39.237,16153,16155,16154,1,-1
2022-05-23 15:30:39.357,16153,16155,16154,1,-1
2022-05-23 15:30:39.889,16152,16155,16152,1,-1
2022-05-23 15:30:41.124,16153,16155,16153,1,-1
2022-05-23 15:30:41.791,16153,16155,16153,5,-5
2022-05-23 15:30:42.186,16152,16154,16152,1,-1
2022-05-23 15:30:42.243,16152,16154,16153,1,-1
2022-05-23 15:30:43.401,16152,16154,16152,2,-2
2022-05-23 15:30:44.938,16153,16155,16153,1,-1
2022-05-23 15:30:46.228,16154,16155,16155,2,2
2022-05-23 15:30:46.318,16155,16156,16156,1,1
2022-05-23 15:30:46.404,16155,16156,16156,1,1
2022-05-23 15:30:47.414,16155,16157,16157,2,2
2022-05-23 15:30:47.514,16156,16158,16156,1,-1
2022-05-23 15:30:47.679,16156,16158,16156,1,-1
2022-05-23 15:30:48.901,16156,16157,16156,1,-1
2022-05-23 15:30:48.901,16156,16157,16155,3,-3
2022-05-23 15:30:49.013,16155,16157,16157,1,1
2022-05-23 15:30:51.061,16156,16158,16156,1,-1
2022-05-23 15:30:51.407,16156,16158,16156,1,-1
2022-05-23 15:30:52.417,16157,16158,16157,1,-1
2022-05-23 15:30:52.727,16157,16158,16157,1,-1
2022-05-23 15:30:55.267,16156,16158,16156,5,-5
2022-05-23 15:30:55.268,16156,16158,16156,5,-5
2022-05-23 15:30:55.553,16155,16158,16157,1,1
2022-05-23 15:30:55.554,16155,16158,16157,3,3
2022-05-23 15:30:56.194,16156,16158,16156,1,-1
2022-05-23 15:30:56.881,16156,16158,16158,4,4
2022-05-23 15:30:56.883,16156,16158,16159,2,2
2022-05-23 15:30:57.157,16159,16160,16159,1,-1
2022-05-23 15:30:57.157,16159,16160,16159,1,-1
2022-05-23 15:30:57.193,16158,16160,16160,1,1
2022-05-23 15:30:57.193,16158,16160,16160,1,1
2022-05-23 15:30:58.680,16158,16160,16158,1,-1
2022-05-23 15:30:58.962,16158,16160,16158,2,-2
2022-05-23 15:31:01.619,16158,16159,16158,1,-1
2022-05-23 15:31:06.995,16158,16159,16158,1,-1
2022-05-23 15:31:08.377,16157,16159,16158,1,-1
2022-05-23 15:31:10.875,16159,16160,16160,3,3
2022-05-23 15:31:10.978,16160,16161,16160,1,-1
2022-05-23 15:31:11.335,16160,16161,16161,1,1
2022-05-23 15:31:11.442,16161,16162,16162,1,1
2022-05-23 15:31:11.947,16161,16163,16161,2,-2
2022-05-23 15:31:12.391,16161,16163,16163,1,1
2022-05-23 15:31:12.520,16161,16163,16163,2,2
2022-05-23 15:31:12.639,16161,16163,16163,4,4
2022-05-23 15:31:12.639,16161,16163,16164,1,1
2022-05-23 15:31:13.019,16162,16164,16162,1,-1
2022-05-23 15:31:18.421,16162,16164,16164,2,2
2022-05-23 15:31:19.443,16164,16165,16165,2,2
2022-05-23 15:31:21.110,16165,16167,16166,1,1
2022-05-23 15:31:21.218,16166,16167,16167,3,3
2022-05-23 15:31:21.444,16166,16168,16166,1,-1
2022-05-23 15:31:22.018,16164,16166,16166,1,1
2022-05-23 15:31:22.461,16164,16166,16166,1,1
2022-05-23 15:31:22.825,16164,16166,16166,1,1
2022-05-23 15:31:29.081,16162,16164,16164,5,5
2022-05-23 15:31:31.947,16162,16164,16164,5,5
2022-05-23 15:31:32.226,16162,16164,16163,1,1
2022-05-23 15:31:37.310,16163,16164,16164,1,1
2022-05-23 15:31:51.616,16163,16164,16163,1,-1
2022-05-23 15:31:52.698,16163,16164,16164,1,1
2022-05-23 15:31:53.977,16164,16165,16165,1,1
2022-05-23 15:31:58.497,16164,16165,16164,2,-2
2022-05-23 15:32:00.076,16162,16163,16163,1,1
2022-05-23 15:32:01.319,16164,16165,16164,1,-1
2022-05-23 15:32:01.523,16164,16165,16164,1,-1
2022-05-23 15:32:02.815,16162,16164,16163,1,-1
2022-05-23 15:32:03.794,16162,16165,16162,1,-1
2022-05-23 15:32:04.036,16162,16164,16164,1,1
2022-05-23 15:32:06.883,16164,16165,16165,6,6
2022-05-23 15:32:07.354,16164,16166,16164,1,-1
2022-05-23 15:32:08.338,16164,16166,16166,5,5
2022-05-23 15:32:08.396,16164,16166,16164,1,-1
2022-05-23 15:32:10.568,16164,16165,16164,2,-2
2022-05-23 15:32:12.288,16164,16165,16165,2,2
2022-05-23 15:32:16.075,16166,16167,16167,1,1
2022-05-23 15:32:17.077,16167,16168,16168,2,2
2022-05-23 15:32:17.077,16167,16168,16168,3,3
2022-05-23 15:32:17.077,16167,16168,16168,7,7
2022-05-23 15:32:22.980,16167,16169,16167,1,-1
2022-05-23 15:32:23.634,16167,16168,16167,1,-1
2022-05-23 15:32:27.643,16165,16167,16167,1,1
2022-05-23 15:32:31.543,16166,16167,16167,1,1
2022-05-23 15:32:32.198,16166,16167,16167,1,1
2022-05-23 15:32:33.204,16167,16168,16168,1,1
2022-05-23 15:32:35.614,16167,16169,16167,1,-1
2022-05-23 15:32:38.191,16166,16168,16166,2,-2
2022-05-23 15:32:44.080,16166,16167,16166,1,-1
2022-05-23 15:32:48.093,16167,16168,16168,2,2
2022-05-23 15:32:49.179,16166,16167,16167,1,1
2022-05-23 15:32:52.556,16166,16168,16168,2,2
2022-05-23 15:32:59.494,16168,16169,16168,1,-1
2022-05-23 15:33:03.675,16167,16168,16167,3,-3
2022-05-23 15:33:03.675,16167,16168,16167,1,-1
2022-05-23 15:33:03.675,16167,16168,16167,2,-2
2022-05-23 15:33:03.675,16167,16168,16167,3,-3
2022-05-23 15:33:03.675,16167,16168,16167,1,-1
2022-05-23 15:33:04.229,16166,16168,16168,2,2
2022-05-23 15:33:07.247,16166,16168,16168,1,1
2022-05-23 15:33:07.451,16166,16168,16168,1,1
2022-05-23 15:33:08.250,16166,16168,16168,1,1
2022-05-23 15:33:08.316,16166,16168,16168,1,1
2022-05-23 15:33:08.459,16166,16168,16168,1,1
2022-05-23 15:33:08.867,16166,16168,16167,1,1
2022-05-23 15:33:18.975,16167,16168,16168,1,1
2022-05-23 15:33:19.027,16167,16168,16169,12,12
2022-05-23 15:33:19.028,16167,16168,16169,4,4
2022-05-23 15:33:19.229,16169,16170,16170,2,2
2022-05-23 15:33:19.339,16169,16170,16170,2,2
2022-05-23 15:33:19.506,16169,16170,16170,1,1
2022-05-23 15:33:19.506,16169,16170,16170,6,6
2022-05-23 15:33:19.506,16169,16170,16170,1,1
2022-05-23 15:33:19.507,16169,16170,16170,5,5
2022-05-23 15:33:21.005,16170,16171,16171,2,2
2022-05-23 15:33:21.006,16170,16171,16171,1,1
2022-05-23 15:33:21.745,16171,16172,16172,4,4
2022-05-23 15:33:21.746,16171,16172,16172,5,5
2022-05-23 15:33:22.344,16172,16173,16172,4,-4
2022-05-23 15:33:22.381,16172,16173,16173,1,1
2022-05-23 15:33:22.810,16172,16173,16173,1,1
2022-05-23 15:33:24.330,16172,16173,16173,1,1
2022-05-23 15:33:25.221,16172,16173,16173,1,1
2022-05-23 15:33:25.590,16172,16173,16172,1,-1
2022-05-23 15:33:25.859,16172,16173,16173,2,2
2022-05-23 15:33:27.323,16172,16173,16173,1,1
2022-05-23 15:33:27.500,16172,16173,16173,1,1
2022-05-23 15:33:28.292,16172,16173,16173,1,1
2022-05-23 15:33:28.302,16172,16173,16173,3,3
2022-05-23 15:33:28.302,16172,16173,16173,1,1
2022-05-23 15:33:28.406,16172,16174,16174,3,3
2022-05-23 15:33:28.413,16172,16174,16174,3,3
2022-05-23 15:33:28.413,16172,16174,16174,3,3
2022-05-23 15:33:28.468,16173,16174,16174,5,5
2022-05-23 15:33:28.468,16173,16174,16175,10,10
2022-05-23 15:33:28.638,16174,16175,16173,3,-3
2022-05-23 15:33:30.175,16173,16175,16173,1,-1
2022-05-23 15:33:30.622,16173,16175,16175,2,2
2022-05-23 15:33:30.713,16173,16175,16175,2,2
2022-05-23 15:33:32.302,16173,16175,16175,2,2
2022-05-23 15:33:33.415,16173,16175,16174,1,1
2022-05-23 15:33:35.194,16172,16174,16174,1,1
2022-05-23 15:33:36.199,16172,16174,16174,1,1
2022-05-23 15:33:36.251,16172,16174,16174,3,3
2022-05-23 15:33:36.384,16172,16174,16174,1,1
2022-05-23 15:33:40.837,16173,16174,16173,1,-1
2022-05-23 15:33:41.003,16172,16173,16173,1,1
2022-05-23 15:33:41.512,16173,16174,16173,1,-1
2022-05-23 15:33:42.354,16172,16173,16173,1,1
2022-05-23 15:33:42.621,16172,16173,16172,4,-4
2022-05-23 15:33:45.750,16171,16173,16173,3,3
2022-05-23 15:33:45.777,16171,16173,16172,1,1
2022-05-23 15:33:46.412,16171,16173,16173,1,1
2022-05-23 15:33:47.755,16171,16173,16173,1,1
2022-05-23 15:33:49.923,16171,16172,16171,1,-1
2022-05-23 15:33:50.385,16171,16172,16171,1,-1
2022-05-23 15:33:50.385,16171,16172,16171,1,-1
2022-05-23 15:33:50.385,16171,16172,16171,1,-1
2022-05-23 15:33:50.386,16171,16172,16171,1,-1
2022-05-23 15:33:50.455,16170,16171,16170,3,-3
2022-05-23 15:33:52.544,16169,16171,16169,1,-1
2022-05-23 15:33:55.390,16168,16170,16168,3,-3
2022-05-23 15:33:56.173,16169,16171,16169,1,-1
2022-05-23 15:33:58.749,16169,16170,16170,1,1
2022-05-23 15:33:59.480,16169,16171,16171,1,1
2022-05-23 15:34:02.770,16169,16171,16171,1,1
2022-05-23 15:34:08.493,16170,16171,16171,1,1
2022-05-23 15:34:10.150,16170,16171,16171,1,1
2022-05-23 15:34:10.456,16170,16171,16171,1,1
2022-05-23 15:34:16.015,16170,16171,16171,1,1
2022-05-23 15:34:16.035,16170,16171,16171,2,2
2022-05-23 15:34:20.408,16170,16171,16170,2,-2
2022-05-23 15:34:20.408,16170,16171,16170,1,-1
2022-05-23 15:34:20.408,16170,16171,16170,2,-2
2022-05-23 15:34:21.051,16169,16170,16169,1,-1
2022-05-23 15:34:21.051,16169,16170,16169,2,-2
2022-05-23 15:34:22.249,16168,16170,16168,3,-3
2022-05-23 15:34:22.426,16167,16169,16169,2,2
2022-05-23 15:34:23.115,16168,16170,16168,1,-1
2022-05-23 15:34:24.809,16167,16169,16169,1,1
2022-05-23 15:34:28.746,16168,16170,16168,1,-1
2022-05-23 15:34:33.815,16168,16169,16168,1,-1
2022-05-23 15:34:36.276,16167,16169,16169,7,7
2022-05-23 15:34:36.277,16167,16169,16169,11,11
2022-05-23 15:34:36.277,16167,16169,16169,1,1
2022-05-23 15:34:42.317,16167,16168,16168,1,1
