2022-05-31 15:00:00.073,16643,16645,16645,181,181
2022-05-31 15:00:00.077,16645,16647,16647,1,1
2022-05-31 15:00:00.077,16645,16647,16645,1,-1
2022-05-31 15:00:00.078,16645,16647,16645,1,-1
2022-05-31 15:00:00.078,16645,16647,16648,2,2
2022-05-31 15:00:00.174,16645,16649,16649,2,2
2022-05-31 15:00:00.174,16645,16649,16649,3,3
2022-05-31 15:00:00.203,16645,16649,16646,1,-1
2022-05-31 15:00:00.203,16645,16649,16645,1,-1
2022-05-31 15:00:00.211,16645,16649,16645,2,-2
2022-05-31 15:00:00.212,16645,16649,16647,1,-1
2022-05-31 15:00:00.217,16645,16649,16645,3,-3
2022-05-31 15:00:00.221,16645,16649,16645,1,-1
2022-05-31 15:00:00.237,16645,16649,16645,1,-1
2022-05-31 15:00:00.254,16645,16649,16645,1,-1
2022-05-31 15:00:00.255,16645,16649,16646,3,-3
2022-05-31 15:00:00.259,16645,16649,16645,2,-2
2022-05-31 15:00:00.287,16645,16649,16645,3,-3
2022-05-31 15:00:00.294,16645,16649,16645,3,-3
2022-05-31 15:00:00.294,16645,16649,16648,1,1
2022-05-31 15:00:00.299,16645,16649,16645,1,-1
2022-05-31 15:00:00.304,16645,16649,16645,1,-1
2022-05-31 15:00:00.321,16645,16649,16645,2,-2
2022-05-31 15:00:00.321,16645,16649,16644,8,-8
2022-05-31 15:00:00.329,16645,16649,16644,3,-3
2022-05-31 15:00:00.350,16645,16649,16643,3,-3
2022-05-31 15:00:00.358,16645,16649,16643,2,-2
2022-05-31 15:00:00.372,16645,16649,16643,2,-2
2022-05-31 15:00:00.445,16643,16646,16646,1,1
2022-05-31 15:00:00.479,16643,16646,16645,3,3
2022-05-31 15:00:00.499,16643,16646,16644,1,-1
2022-05-31 15:00:00.526,16643,16646,16646,1,1
2022-05-31 15:00:00.527,16643,16646,16647,1,1
2022-05-31 15:00:00.549,16645,16647,16647,2,2
2022-05-31 15:00:00.552,16645,16647,16645,1,-1
2022-05-31 15:00:00.555,16645,16647,16647,2,2
2022-05-31 15:00:00.581,16645,16647,16645,1,-1
2022-05-31 15:00:00.594,16645,16647,16645,2,-2
2022-05-31 15:00:00.607,16645,16647,16644,1,-1
2022-05-31 15:00:00.616,16645,16647,16646,1,-1
2022-05-31 15:00:00.616,16645,16647,16647,1,1
2022-05-31 15:00:00.641,16645,16647,16645,2,-2
2022-05-31 15:00:00.645,16645,16647,16644,2,-2
2022-05-31 15:00:00.704,16644,16647,16647,1,1
2022-05-31 15:00:00.718,16644,16647,16646,1,1
2022-05-31 15:00:00.734,16644,16647,16646,1,1
2022-05-31 15:00:00.757,16644,16647,16645,1,-1
2022-05-31 15:00:00.764,16644,16647,16644,2,-2
2022-05-31 15:00:00.788,16644,16647,16646,2,2
2022-05-31 15:00:00.790,16644,16647,16644,2,-2
2022-05-31 15:00:00.832,16644,16646,16646,3,3
2022-05-31 15:00:00.900,16644,16646,16647,1,1
2022-05-31 15:00:00.917,16644,16646,16645,1,1
2022-05-31 15:00:00.948,16645,16647,16645,1,-1
2022-05-31 15:00:01.010,16645,16647,16645,1,-1
2022-05-31 15:00:01.011,16645,16647,16647,2,2
2022-05-31 15:00:01.041,16645,16647,16646,1,1
2022-05-31 15:00:01.055,16646,16648,16647,2,2
2022-05-31 15:00:01.055,16646,16648,16646,7,-7
2022-05-31 15:00:01.055,16646,16648,16645,2,-2
2022-05-31 15:00:01.067,16646,16648,16645,2,-2
2022-05-31 15:00:01.067,16646,16648,16647,2,-2
2022-05-31 15:00:01.084,16646,16648,16646,1,-1
2022-05-31 15:00:01.168,16646,16648,16645,1,-1
2022-05-31 15:00:01.168,16646,16648,16644,1,-1
2022-05-31 15:00:01.168,16646,16648,16647,2,-2
2022-05-31 15:00:01.214,16644,16647,16644,3,-3
2022-05-31 15:00:01.240,16644,16647,16646,1,1
2022-05-31 15:00:01.240,16644,16647,16646,2,2
2022-05-31 15:00:01.263,16644,16647,16643,2,-2
2022-05-31 15:00:01.430,16643,16645,16645,1,1
2022-05-31 15:00:01.431,16643,16645,16645,10,10
2022-05-31 15:00:01.471,16643,16645,16644,1,1
2022-05-31 15:00:01.485,16643,16645,16644,3,3
2022-05-31 15:00:01.547,16644,16646,16646,2,2
2022-05-31 15:00:01.547,16644,16646,16646,1,1
2022-05-31 15:00:01.548,16644,16646,16644,1,-1
2022-05-31 15:00:01.556,16644,16646,16644,2,-2
2022-05-31 15:00:01.571,16644,16646,16645,1,-1
2022-05-31 15:00:01.585,16644,16646,16646,1,1
2022-05-31 15:00:01.623,16644,16646,16646,1,1
2022-05-31 15:00:01.690,16644,16646,16645,1,1
2022-05-31 15:00:01.849,16644,16646,16646,1,1
2022-05-31 15:00:01.892,16644,16646,16644,1,-1
2022-05-31 15:00:01.896,16644,16646,16645,1,-1
2022-05-31 15:00:01.906,16644,16646,16643,1,-1
2022-05-31 15:00:02.053,16643,16646,16643,2,-2
2022-05-31 15:00:02.228,16644,16645,16645,1,1
2022-05-31 15:00:02.474,16644,16646,16644,1,-1
2022-05-31 15:00:02.476,16644,16646,16644,4,-4
2022-05-31 15:00:02.527,16644,16646,16644,2,-2
2022-05-31 15:00:02.581,16644,16645,16644,1,-1
2022-05-31 15:00:02.581,16644,16645,16644,1,-1
2022-05-31 15:00:02.613,16644,16645,16644,1,-1
2022-05-31 15:00:02.953,16644,16645,16644,4,-4
2022-05-31 15:00:03.358,16644,16645,16644,1,-1
2022-05-31 15:00:03.555,16644,16645,16644,2,-2
2022-05-31 15:00:03.555,16644,16645,16645,1,1
2022-05-31 15:00:03.555,16644,16645,16645,1,1
2022-05-31 15:00:03.556,16644,16645,16646,1,1
2022-05-31 15:00:03.556,16644,16645,16646,1,1
2022-05-31 15:00:03.610,16644,16645,16646,1,1
2022-05-31 15:00:03.611,16644,16645,16644,1,-1
2022-05-31 15:00:03.615,16644,16645,16644,3,-3
2022-05-31 15:00:03.687,16644,16646,16646,1,1
2022-05-31 15:00:03.795,16644,16646,16647,5,5
2022-05-31 15:00:03.870,16644,16647,16644,2,-2
2022-05-31 15:00:03.870,16644,16647,16647,1,1
2022-05-31 15:00:03.898,16644,16647,16645,1,-1
2022-05-31 15:00:03.898,16644,16647,16644,3,-3
2022-05-31 15:00:03.914,16644,16647,16644,1,-1
2022-05-31 15:00:03.979,16644,16646,16644,1,-1
2022-05-31 15:00:04.126,16644,16646,16644,1,-1
2022-05-31 15:00:04.190,16644,16646,16646,1,1
2022-05-31 15:00:04.241,16644,16646,16644,3,-3
2022-05-31 15:00:04.277,16644,16646,16644,1,-1
2022-05-31 15:00:04.386,16643,16646,16645,1,1
2022-05-31 15:00:04.386,16643,16646,16644,1,-1
2022-05-31 15:00:04.584,16644,16646,16646,5,5
2022-05-31 15:00:04.763,16644,16647,16644,1,-1
2022-05-31 15:00:04.826,16644,16647,16644,1,-1
2022-05-31 15:00:04.892,16644,16647,16643,1,-1
2022-05-31 15:00:05.096,16644,16646,16646,2,2
2022-05-31 15:00:05.170,16645,16647,16647,9,9
2022-05-31 15:00:05.176,16645,16647,16646,1,1
2022-05-31 15:00:05.275,16645,16647,16648,6,6
2022-05-31 15:00:05.286,16645,16647,16647,2,2
2022-05-31 15:00:05.286,16645,16647,16646,1,1
2022-05-31 15:00:05.301,16646,16649,16646,1,-1
2022-05-31 15:00:05.306,16646,16649,16645,1,-1
2022-05-31 15:00:05.463,16645,16647,16647,1,1
2022-05-31 15:00:05.540,16645,16647,16645,1,-1
2022-05-31 15:00:05.791,16645,16647,16646,1,-1
2022-05-31 15:00:05.829,16645,16647,16645,1,-1
2022-05-31 15:00:06.042,16645,16647,16646,1,-1
2022-05-31 15:00:06.132,16646,16648,16645,1,-1
2022-05-31 15:00:06.135,16646,16648,16646,1,-1
2022-05-31 15:00:06.161,16646,16648,16647,5,-5
2022-05-31 15:00:06.567,16645,16647,16645,1,-1
2022-05-31 15:00:06.617,16645,16647,16646,1,-1
2022-05-31 15:00:06.834,16645,16647,16647,1,1
2022-05-31 15:00:06.887,16645,16647,16647,2,2
2022-05-31 15:00:07.778,16645,16647,16647,2,2
2022-05-31 15:00:07.918,16646,16648,16647,1,1
2022-05-31 15:00:08.194,16645,16646,16646,1,1
2022-05-31 15:00:08.349,16645,16646,16646,1,1
2022-05-31 15:00:08.393,16645,16646,16645,2,-2
2022-05-31 15:00:08.490,16645,16646,16646,1,1
2022-05-31 15:00:08.492,16645,16646,16645,1,-1
2022-05-31 15:00:08.494,16645,16646,16645,4,-4
2022-05-31 15:00:08.780,16644,16646,16644,17,-17
2022-05-31 15:00:08.780,16644,16646,16643,14,-14
2022-05-31 15:00:08.781,16644,16646,16642,15,-15
2022-05-31 15:00:08.782,16644,16646,16643,2,-2
2022-05-31 15:00:08.924,16641,16643,16641,1,-1
2022-05-31 15:00:09.017,16641,16643,16641,1,-1
2022-05-31 15:00:09.074,16641,16643,16641,3,-3
2022-05-31 15:00:09.093,16641,16643,16642,1,-1
2022-05-31 15:00:09.359,16641,16643,16643,1,1
2022-05-31 15:00:09.472,16641,16643,16643,1,1
2022-05-31 15:00:09.608,16641,16643,16641,1,-1
2022-05-31 15:00:09.671,16642,16643,16643,1,1
2022-05-31 15:00:09.822,16642,16643,16642,1,-1
2022-05-31 15:00:10.041,16641,16642,16642,1,1
2022-05-31 15:00:10.231,16641,16642,16642,1,1
2022-05-31 15:00:10.246,16641,16642,16643,1,1
2022-05-31 15:00:10.268,16641,16642,16643,1,1
2022-05-31 15:00:10.491,16641,16643,16643,5,5
2022-05-31 15:00:10.501,16641,16643,16643,1,1
2022-05-31 15:00:10.807,16641,16643,16641,1,-1
2022-05-31 15:00:10.812,16641,16643,16643,1,1
2022-05-31 15:00:11.081,16641,16643,16643,1,1
2022-05-31 15:00:11.345,16642,16643,16643,1,1
2022-05-31 15:00:11.464,16642,16643,16642,1,-1
2022-05-31 15:00:11.472,16642,16643,16643,1,1
2022-05-31 15:00:11.498,16642,16643,16642,1,-1
2022-05-31 15:00:11.503,16642,16643,16643,1,1
2022-05-31 15:00:11.940,16641,16643,16641,5,-5
2022-05-31 15:00:12.552,16641,16643,16641,1,-1
2022-05-31 15:00:12.649,16641,16643,16642,2,-2
2022-05-31 15:00:12.981,16640,16641,16641,1,1
2022-05-31 15:00:13.031,16640,16641,16640,1,-1
2022-05-31 15:00:13.044,16640,16641,16640,1,-1
2022-05-31 15:00:13.163,16640,16642,16640,26,-26
2022-05-31 15:00:13.181,16639,16640,16639,1,-1
2022-05-31 15:00:13.181,16639,16640,16639,1,-1
2022-05-31 15:00:13.631,16640,16642,16642,4,4
2022-05-31 15:00:13.631,16640,16642,16643,12,12
2022-05-31 15:00:13.631,16640,16642,16644,3,3
2022-05-31 15:00:13.631,16640,16642,16645,1,1
2022-05-31 15:00:13.645,16640,16642,16642,5,5
2022-05-31 15:00:13.645,16640,16642,16641,5,5
2022-05-31 15:00:13.792,16641,16643,16641,1,-1
2022-05-31 15:00:13.797,16641,16643,16641,1,-1
2022-05-31 15:00:14.196,16641,16642,16642,1,1
2022-05-31 15:00:14.305,16641,16643,16643,4,4
2022-05-31 15:00:14.305,16641,16643,16644,1,1
2022-05-31 15:00:14.819,16642,16643,16643,1,1
2022-05-31 15:00:14.833,16642,16643,16642,1,-1
2022-05-31 15:00:14.833,16642,16643,16641,4,-4
2022-05-31 15:00:15.102,16640,16643,16642,1,1
2022-05-31 15:00:15.396,16640,16642,16640,1,-1
2022-05-31 15:00:15.429,16640,16642,16642,2,2
2022-05-31 15:00:15.429,16640,16642,16643,3,3
2022-05-31 15:00:15.647,16641,16643,16641,1,-1
2022-05-31 15:00:15.693,16641,16643,16641,4,-4
2022-05-31 15:00:16.030,16640,16642,16640,1,-1
2022-05-31 15:00:16.066,16640,16642,16640,1,-1
2022-05-31 15:00:16.107,16640,16642,16640,1,-1
2022-05-31 15:00:16.557,16640,16642,16640,1,-1
2022-05-31 15:00:16.645,16640,16642,16640,3,-3
2022-05-31 15:00:17.375,16640,16641,16640,2,-2
2022-05-31 15:00:17.398,16640,16641,16642,1,1
2022-05-31 15:00:17.398,16640,16641,16640,1,-1
2022-05-31 15:00:17.715,16639,16641,16639,2,-2
2022-05-31 15:00:18.347,16640,16642,16641,1,-1
2022-05-31 15:00:19.412,16640,16642,16642,4,4
2022-05-31 15:00:19.418,16640,16642,16643,1,1
2022-05-31 15:00:19.589,16642,16643,16642,1,-1
2022-05-31 15:00:19.886,16641,16643,16641,1,-1
2022-05-31 15:00:20.380,16641,16643,16642,1,-1
2022-05-31 15:00:20.380,16641,16643,16641,1,-1
2022-05-31 15:00:20.380,16641,16643,16643,8,8
2022-05-31 15:00:20.708,16642,16643,16643,2,2
2022-05-31 15:00:21.281,16643,16644,16644,2,2
2022-05-31 15:00:22.306,16644,16645,16645,1,1
2022-05-31 15:00:22.306,16644,16645,16645,2,2
2022-05-31 15:00:22.446,16645,16646,16645,1,-1
2022-05-31 15:00:22.447,16645,16646,16646,1,1
2022-05-31 15:00:22.794,16644,16646,16644,1,-1
2022-05-31 15:00:22.794,16644,16646,16646,1,1
2022-05-31 15:00:23.215,16645,16647,16645,1,-1
2022-05-31 15:00:23.490,16645,16647,16647,9,9
2022-05-31 15:00:23.644,16646,16648,16648,1,1
2022-05-31 15:00:23.806,16646,16648,16646,1,-1
2022-05-31 15:00:23.832,16646,16648,16646,5,-5
2022-05-31 15:00:24.080,16646,16648,16648,3,3
2022-05-31 15:00:24.080,16646,16648,16648,2,2
2022-05-31 15:00:24.092,16646,16648,16649,6,6
2022-05-31 15:00:24.093,16646,16648,16649,3,3
2022-05-31 15:00:25.141,16647,16649,16649,2,2
2022-05-31 15:00:25.141,16647,16649,16650,2,2
2022-05-31 15:00:25.265,16647,16650,16649,1,1
2022-05-31 15:00:25.723,16647,16649,16647,1,-1
2022-05-31 15:00:26.362,16647,16649,16647,1,-1
2022-05-31 15:00:27.094,16647,16648,16648,2,2
2022-05-31 15:00:27.264,16647,16648,16648,2,2
2022-05-31 15:00:27.379,16647,16649,16647,7,-7
2022-05-31 15:00:27.380,16647,16649,16646,12,-12
2022-05-31 15:00:27.700,16646,16647,16646,2,-2
2022-05-31 15:00:27.875,16645,16646,16646,1,1
2022-05-31 15:00:28.178,16646,16647,16646,1,-1
2022-05-31 15:00:28.438,16645,16647,16645,1,-1
2022-05-31 15:00:29.072,16645,16646,16646,1,1
2022-05-31 15:00:29.202,16646,16647,16647,1,1
2022-05-31 15:00:29.229,16646,16647,16646,1,-1
2022-05-31 15:00:30.344,16645,16647,16645,1,-1
2022-05-31 15:00:32.068,16645,16646,16645,1,-1
2022-05-31 15:00:32.153,16645,16646,16645,4,-4
2022-05-31 15:00:32.153,16645,16646,16645,3,-3
2022-05-31 15:00:32.170,16644,16645,16645,2,2
2022-05-31 15:00:32.290,16644,16645,16645,1,1
2022-05-31 15:00:32.831,16644,16645,16645,1,1
2022-05-31 15:00:32.906,16644,16645,16645,2,2
2022-05-31 15:00:32.906,16644,16645,16646,2,2
2022-05-31 15:00:32.929,16644,16645,16645,1,1
2022-05-31 15:00:33.132,16644,16645,16644,2,-2
2022-05-31 15:00:34.090,16644,16645,16645,1,1
2022-05-31 15:00:35.092,16644,16645,16644,3,-3
2022-05-31 15:00:35.195,16643,16645,16643,8,-8
2022-05-31 15:00:35.235,16643,16645,16644,1,-1
2022-05-31 15:00:35.330,16642,16644,16643,2,-2
2022-05-31 15:00:35.571,16642,16643,16643,3,3
2022-05-31 15:00:35.571,16642,16643,16643,3,3
2022-05-31 15:00:35.571,16642,16643,16643,1,1
2022-05-31 15:00:35.845,16643,16644,16643,2,-2
2022-05-31 15:00:36.005,16643,16644,16643,1,-1
2022-05-31 15:00:36.325,16643,16644,16643,1,-1
2022-05-31 15:00:36.325,16643,16644,16643,1,-1
2022-05-31 15:00:36.984,16643,16645,16643,1,-1
2022-05-31 15:00:37.149,16643,16645,16645,1,1
2022-05-31 15:00:37.492,16644,16645,16645,1,1
2022-05-31 15:00:38.882,16644,16645,16645,2,2
2022-05-31 15:00:38.946,16645,16646,16645,1,-1
2022-05-31 15:00:40.210,16644,16645,16645,1,1
2022-05-31 15:00:41.295,16644,16645,16645,3,3
2022-05-31 15:00:41.853,16645,16646,16646,6,6
2022-05-31 15:00:42.368,16645,16647,16645,2,-2
2022-05-31 15:00:42.514,16645,16647,16645,1,-1
2022-05-31 15:00:44.155,16646,16647,16647,2,2
2022-05-31 15:00:44.155,16646,16647,16647,3,3
2022-05-31 15:00:44.155,16646,16647,16647,1,1
2022-05-31 15:00:44.155,16646,16647,16647,37,37
2022-05-31 15:00:44.156,16646,16647,16648,2,2
2022-05-31 15:00:44.167,16646,16647,16649,1,1
2022-05-31 15:00:44.278,16648,16650,16649,1,1
2022-05-31 15:00:44.605,16648,16650,16648,1,-1
2022-05-31 15:00:44.642,16648,16650,16650,1,1
2022-05-31 15:00:45.465,16648,16650,16648,1,-1
2022-05-31 15:00:49.332,16648,16650,16648,4,-4
2022-05-31 15:00:49.391,16648,16650,16650,1,1
2022-05-31 15:00:49.678,16648,16650,16648,9,-9
2022-05-31 15:00:49.781,16648,16650,16648,1,-1
2022-05-31 15:00:50.942,16647,16648,16648,3,3
2022-05-31 15:00:51.268,16647,16648,16647,2,-2
2022-05-31 15:00:51.268,16647,16648,16647,3,-3
2022-05-31 15:00:51.939,16646,16647,16646,1,-1
2022-05-31 15:00:52.289,16646,16647,16646,2,-2
2022-05-31 15:00:53.394,16646,16647,16647,2,2
2022-05-31 15:00:53.667,16646,16647,16647,1,1
2022-05-31 15:00:53.744,16646,16647,16647,1,1
2022-05-31 15:00:54.615,16646,16647,16647,1,1
2022-05-31 15:00:54.658,16646,16647,16646,1,-1
2022-05-31 15:00:54.795,16646,16647,16647,1,1
2022-05-31 15:00:55.061,16646,16647,16647,1,1
2022-05-31 15:00:57.102,16646,16647,16646,5,-5
2022-05-31 15:00:57.848,16646,16647,16646,1,-1
2022-05-31 15:00:58.128,16646,16647,16646,1,-1
2022-05-31 15:00:58.363,16646,16647,16646,1,-1
2022-05-31 15:00:58.386,16646,16647,16646,1,-1
2022-05-31 15:00:58.584,16646,16647,16646,1,-1
2022-05-31 15:00:58.881,16646,16647,16646,1,-1
2022-05-31 15:00:59.069,16646,16647,16647,1,1
2022-05-31 15:00:59.832,16647,16648,16648,1,1
2022-05-31 15:00:59.965,16647,16648,16648,1,1
2022-05-31 15:00:59.965,16647,16648,16648,1,1
2022-05-31 15:00:59.974,16647,16648,16647,2,-2
2022-05-31 15:00:59.981,16647,16648,16648,1,1
2022-05-31 15:01:00.032,16647,16648,16648,1,1
2022-05-31 15:01:00.056,16647,16648,16648,1,1
2022-05-31 15:01:00.073,16647,16648,16647,1,-1
2022-05-31 15:01:00.074,16647,16648,16648,1,1
2022-05-31 15:01:00.096,16647,16648,16648,1,1
2022-05-31 15:01:00.109,16647,16648,16647,7,-7
2022-05-31 15:01:00.109,16647,16648,16646,1,-1
2022-05-31 15:01:00.114,16647,16648,16646,1,-1
2022-05-31 15:01:00.115,16647,16648,16646,3,-3
2022-05-31 15:01:00.121,16647,16648,16648,1,1
2022-05-31 15:01:00.237,16646,16648,16646,1,-1
2022-05-31 15:01:00.241,16646,16648,16646,1,-1
2022-05-31 15:01:00.241,16646,16648,16645,1,-1
2022-05-31 15:01:00.266,16646,16648,16647,1,-1
2022-05-31 15:01:00.274,16646,16648,16647,2,-2
2022-05-31 15:01:00.274,16646,16648,16648,1,1
2022-05-31 15:01:00.348,16646,16648,16645,2,-2
2022-05-31 15:01:00.408,16646,16648,16647,1,-1
2022-05-31 15:01:00.473,16645,16648,16645,1,-1
2022-05-31 15:01:00.839,16645,16648,16648,1,1
2022-05-31 15:01:00.934,16646,16648,16648,1,1
2022-05-31 15:01:00.939,16646,16648,16646,1,-1
2022-05-31 15:01:00.939,16646,16648,16646,1,-1
2022-05-31 15:01:00.951,16646,16648,16646,1,-1
2022-05-31 15:01:00.956,16646,16648,16645,1,-1
2022-05-31 15:01:00.958,16646,16648,16645,2,-2
2022-05-31 15:01:00.962,16646,16648,16647,1,-1
2022-05-31 15:01:00.962,16646,16648,16647,1,-1
2022-05-31 15:01:00.964,16646,16648,16645,2,-2
2022-05-31 15:01:00.999,16646,16648,16645,1,-1
2022-05-31 15:01:01.001,16646,16648,16647,1,-1
2022-05-31 15:01:01.002,16646,16648,16647,1,-1
2022-05-31 15:01:01.004,16646,16648,16647,1,-1
2022-05-31 15:01:01.005,16646,16648,16646,1,-1
2022-05-31 15:01:01.005,16646,16648,16645,1,-1
2022-05-31 15:01:01.049,16645,16647,16645,1,-1
2022-05-31 15:01:01.049,16645,16647,16645,1,-1
2022-05-31 15:01:01.049,16645,16647,16645,1,-1
2022-05-31 15:01:01.049,16645,16647,16645,1,-1
2022-05-31 15:01:01.451,16645,16647,16645,2,-2
2022-05-31 15:01:01.453,16645,16647,16645,2,-2
2022-05-31 15:01:01.454,16645,16647,16645,2,-2
2022-05-31 15:01:01.457,16645,16647,16645,2,-2
2022-05-31 15:01:01.784,16645,16647,16647,1,1
2022-05-31 15:01:01.883,16645,16647,16647,1,1
2022-05-31 15:01:02.399,16646,16647,16646,1,-1
2022-05-31 15:01:02.490,16646,16647,16646,1,-1
2022-05-31 15:01:02.490,16646,16647,16646,6,-6
2022-05-31 15:01:02.490,16646,16647,16646,1,-1
2022-05-31 15:01:02.490,16646,16647,16646,4,-4
2022-05-31 15:01:02.756,16645,16646,16645,2,-2
2022-05-31 15:01:02.756,16645,16646,16645,1,-1
2022-05-31 15:01:02.776,16645,16646,16645,2,-2
2022-05-31 15:01:02.806,16644,16645,16645,2,2
2022-05-31 15:01:02.836,16644,16645,16645,2,2
2022-05-31 15:01:02.908,16644,16645,16645,1,1
2022-05-31 15:01:02.908,16644,16645,16646,1,1
2022-05-31 15:01:03.368,16644,16645,16645,1,1
2022-05-31 15:01:04.949,16645,16646,16645,1,-1
2022-05-31 15:01:05.189,16644,16645,16644,1,-1
2022-05-31 15:01:05.633,16644,16645,16645,3,3
2022-05-31 15:01:05.683,16645,16646,16646,9,9
2022-05-31 15:01:06.880,16646,16647,16646,1,-1
2022-05-31 15:01:06.904,16646,16647,16646,2,-2
2022-05-31 15:01:06.934,16645,16646,16646,2,2
2022-05-31 15:01:06.965,16645,16646,16646,1,1
2022-05-31 15:01:06.965,16645,16646,16646,1,1
2022-05-31 15:01:06.995,16645,16646,16646,1,1
2022-05-31 15:01:06.996,16645,16646,16646,1,1
2022-05-31 15:01:07.422,16645,16647,16645,1,-1
2022-05-31 15:01:07.550,16645,16647,16645,1,-1
2022-05-31 15:01:07.791,16644,16646,16646,1,1
2022-05-31 15:01:08.719,16644,16646,16646,2,2
2022-05-31 15:01:09.169,16644,16646,16645,1,1
2022-05-31 15:01:09.654,16644,16645,16644,27,-27
2022-05-31 15:01:09.655,16644,16645,16643,11,-11
2022-05-31 15:01:10.475,16642,16644,16644,1,1
2022-05-31 15:01:11.161,16643,16644,16642,3,-3
2022-05-31 15:01:11.503,16643,16644,16644,1,1
2022-05-31 15:01:11.799,16643,16644,16644,1,1
2022-05-31 15:01:11.800,16643,16644,16644,6,6
2022-05-31 15:01:11.800,16643,16644,16644,2,2
2022-05-31 15:01:11.800,16643,16644,16644,2,2
2022-05-31 15:01:11.800,16643,16644,16644,1,1
2022-05-31 15:01:12.012,16643,16644,16644,1,1
2022-05-31 15:01:12.591,16643,16644,16644,3,3
2022-05-31 15:01:12.596,16643,16644,16644,1,1
2022-05-31 15:01:12.596,16643,16644,16644,2,2
2022-05-31 15:01:12.596,16643,16644,16644,1,1
2022-05-31 15:01:12.596,16643,16644,16644,1,1
2022-05-31 15:01:15.077,16644,16645,16644,1,-1
2022-05-31 15:01:16.327,16644,16645,16645,1,1
2022-05-31 15:01:16.635,16644,16645,16644,1,-1
2022-05-31 15:01:18.066,16644,16645,16644,1,-1
2022-05-31 15:01:19.111,16644,16645,16645,1,1
2022-05-31 15:01:19.173,16644,16645,16644,1,-1
2022-05-31 15:01:19.173,16644,16645,16644,1,-1
2022-05-31 15:01:19.173,16644,16645,16644,1,-1
2022-05-31 15:01:19.173,16644,16645,16644,1,-1
2022-05-31 15:01:19.173,16644,16645,16644,1,-1
2022-05-31 15:01:19.173,16644,16645,16644,1,-1
2022-05-31 15:01:19.173,16644,16645,16643,1,-1
2022-05-31 15:01:19.181,16644,16645,16643,1,-1
2022-05-31 15:01:19.774,16644,16645,16644,1,-1
2022-05-31 15:01:20.706,16644,16645,16644,2,-2
2022-05-31 15:01:20.821,16644,16645,16644,1,-1
2022-05-31 15:01:21.082,16644,16645,16644,1,-1
2022-05-31 15:01:21.235,16644,16645,16644,3,-3
2022-05-31 15:01:21.688,16644,16645,16645,3,3
2022-05-31 15:01:21.688,16644,16645,16645,2,2
2022-05-31 15:01:21.852,16645,16646,16645,1,-1
2022-05-31 15:01:22.372,16645,16646,16645,2,-2
2022-05-31 15:01:22.445,16645,16646,16646,1,1
2022-05-31 15:01:22.713,16645,16647,16645,2,-2
2022-05-31 15:01:23.546,16645,16647,16645,1,-1
2022-05-31 15:01:24.466,16645,16647,16647,3,3
2022-05-31 15:01:24.466,16645,16647,16647,1,1
2022-05-31 15:01:24.537,16645,16647,16646,1,1
2022-05-31 15:01:25.224,16646,16647,16647,2,2
2022-05-31 15:01:25.224,16646,16647,16647,1,1
2022-05-31 15:01:25.235,16646,16647,16648,5,5
2022-05-31 15:01:25.235,16646,16647,16648,4,4
2022-05-31 15:01:25.236,16646,16647,16648,5,5
2022-05-31 15:01:26.552,16647,16648,16648,4,4
2022-05-31 15:01:26.552,16647,16648,16648,1,1
2022-05-31 15:01:27.128,16647,16648,16647,1,-1
2022-05-31 15:01:27.174,16647,16648,16647,1,-1
2022-05-31 15:01:27.174,16647,16648,16647,1,-1
2022-05-31 15:01:27.175,16647,16648,16647,1,-1
2022-05-31 15:01:27.175,16647,16648,16646,1,-1
2022-05-31 15:01:27.616,16646,16648,16648,1,1
2022-05-31 15:01:27.753,16646,16648,16648,1,1
2022-05-31 15:01:29.219,16647,16648,16648,2,2
2022-05-31 15:01:29.446,16647,16648,16647,1,-1
2022-05-31 15:01:29.446,16647,16648,16646,3,-3
2022-05-31 15:01:31.772,16646,16647,16647,1,1
2022-05-31 15:01:34.474,16646,16648,16648,1,1
2022-05-31 15:01:35.536,16646,16648,16646,5,-5
2022-05-31 15:01:36.645,16646,16647,16647,2,2
2022-05-31 15:01:36.673,16646,16647,16646,1,-1
2022-05-31 15:01:37.762,16645,16647,16647,4,4
2022-05-31 15:01:38.705,16645,16646,16646,1,1
2022-05-31 15:01:39.826,16646,16647,16646,1,-1
2022-05-31 15:01:41.002,16645,16646,16646,1,1
2022-05-31 15:01:41.036,16645,16646,16647,2,2
2022-05-31 15:01:42.123,16646,16647,16647,2,2
2022-05-31 15:01:42.123,16646,16647,16648,1,1
2022-05-31 15:01:42.324,16646,16648,16646,1,-1
2022-05-31 15:01:44.129,16646,16647,16646,1,-1
2022-05-31 15:01:45.230,16645,16647,16647,1,1
2022-05-31 15:01:45.678,16645,16646,16646,1,1
2022-05-31 15:01:46.247,16645,16646,16646,1,1
2022-05-31 15:01:46.710,16645,16647,16645,3,-3
2022-05-31 15:01:47.497,16645,16646,16646,1,1
2022-05-31 15:01:47.935,16645,16646,16646,1,1
2022-05-31 15:01:48.733,16645,16647,16645,2,-2
2022-05-31 15:01:48.733,16645,16647,16645,1,-1
2022-05-31 15:01:48.733,16645,16647,16645,9,-9
2022-05-31 15:01:48.739,16645,16647,16644,2,-2
2022-05-31 15:01:49.498,16643,16645,16644,1,-1
2022-05-31 15:01:49.703,16643,16644,16644,1,1
2022-05-31 15:01:49.795,16643,16644,16644,1,1
2022-05-31 15:01:50.145,16643,16644,16644,2,2
2022-05-31 15:01:50.175,16643,16644,16644,2,2
2022-05-31 15:01:50.176,16643,16644,16643,12,-12
2022-05-31 15:01:50.196,16643,16644,16644,2,2
2022-05-31 15:01:50.196,16643,16644,16645,1,1
2022-05-31 15:01:50.308,16642,16644,16642,14,-14
2022-05-31 15:01:50.517,16641,16643,16643,1,1
2022-05-31 15:01:50.520,16641,16643,16643,1,1
2022-05-31 15:01:50.782,16641,16643,16642,1,1
2022-05-31 15:01:50.782,16641,16643,16641,12,-12
2022-05-31 15:01:50.827,16640,16641,16641,2,2
2022-05-31 15:01:50.847,16640,16641,16640,2,-2
2022-05-31 15:01:50.858,16640,16641,16641,2,2
2022-05-31 15:01:50.910,16640,16641,16640,1,-1
2022-05-31 15:01:51.020,16640,16642,16641,1,-1
2022-05-31 15:01:51.215,16640,16641,16641,1,1
2022-05-31 15:01:51.362,16640,16642,16642,1,1
2022-05-31 15:01:53.846,16640,16641,16641,1,1
2022-05-31 15:01:54.079,16640,16642,16640,1,-1
2022-05-31 15:01:54.738,16640,16642,16641,1,-1
2022-05-31 15:01:54.862,16640,16642,16642,1,1
2022-05-31 15:01:54.985,16640,16642,16640,1,-1
2022-05-31 15:01:55.136,16640,16642,16640,7,-7
2022-05-31 15:01:55.878,16641,16642,16642,1,1
2022-05-31 15:01:57.565,16640,16642,16640,4,-4
2022-05-31 15:01:57.849,16640,16641,16641,1,1
2022-05-31 15:01:57.877,16640,16641,16640,2,-2
2022-05-31 15:01:58.093,16640,16642,16640,4,-4
2022-05-31 15:01:58.295,16640,16641,16640,2,-2
2022-05-31 15:01:58.295,16640,16641,16640,1,-1
2022-05-31 15:01:58.321,16640,16641,16640,5,-5
2022-05-31 15:01:58.327,16640,16641,16640,2,-2
2022-05-31 15:01:58.374,16640,16641,16641,1,1
2022-05-31 15:01:58.438,16640,16641,16639,2,-2
2022-05-31 15:01:58.931,16639,16641,16641,1,1
2022-05-31 15:01:59.169,16639,16641,16641,2,2
2022-05-31 15:01:59.414,16639,16641,16639,1,-1
2022-05-31 15:01:59.602,16639,16641,16640,1,-1
2022-05-31 15:01:59.602,16639,16641,16639,1,-1
2022-05-31 15:01:59.882,16640,16641,16641,1,1
2022-05-31 15:01:59.935,16640,16641,16640,1,-1
2022-05-31 15:02:00.066,16640,16641,16640,1,-1
2022-05-31 15:02:00.214,16639,16641,16640,1,-1
2022-05-31 15:02:00.214,16639,16641,16641,1,1
2022-05-31 15:02:00.587,16640,16641,16640,2,-2
2022-05-31 15:02:00.633,16640,16641,16639,1,-1
2022-05-31 15:02:01.002,16639,16641,16639,1,-1
2022-05-31 15:02:01.122,16639,16641,16640,2,-2
2022-05-31 15:02:01.179,16640,16641,16640,1,-1
2022-05-31 15:02:01.380,16640,16641,16640,1,-1
2022-05-31 15:02:01.456,16640,16641,16640,2,-2
2022-05-31 15:02:01.456,16640,16641,16639,1,-1
2022-05-31 15:02:01.763,16639,16641,16641,1,1
2022-05-31 15:02:02.469,16639,16640,16639,1,-1
2022-05-31 15:02:02.494,16639,16640,16640,1,1
2022-05-31 15:02:02.809,16639,16640,16639,1,-1
2022-05-31 15:02:02.862,16639,16640,16639,2,-2
2022-05-31 15:02:03.353,16639,16640,16640,1,1
2022-05-31 15:02:03.460,16639,16640,16639,1,-1
2022-05-31 15:02:03.799,16639,16640,16639,2,-2
2022-05-31 15:02:03.859,16639,16640,16640,1,1
2022-05-31 15:02:05.171,16639,16641,16639,1,-1
2022-05-31 15:02:06.176,16640,16641,16640,1,-1
2022-05-31 15:02:06.443,16640,16641,16640,1,-1
2022-05-31 15:02:06.443,16640,16641,16639,17,-17
2022-05-31 15:02:06.443,16640,16641,16638,7,-7
2022-05-31 15:02:06.554,16638,16640,16638,1,-1
2022-05-31 15:02:06.672,16638,16640,16640,1,1
2022-05-31 15:02:06.817,16638,16639,16639,1,1
2022-05-31 15:02:07.611,16640,16641,16640,1,-1
2022-05-31 15:02:07.612,16640,16641,16640,1,-1
2022-05-31 15:02:07.673,16639,16641,16639,1,-1
2022-05-31 15:02:08.441,16640,16641,16640,1,-1
2022-05-31 15:02:08.441,16640,16641,16639,1,-1
2022-05-31 15:02:10.557,16639,16640,16639,1,-1
2022-05-31 15:02:10.641,16639,16640,16640,1,1
2022-05-31 15:02:10.765,16639,16640,16640,1,1
2022-05-31 15:02:10.937,16639,16641,16639,13,-13
2022-05-31 15:02:10.937,16639,16641,16638,7,-7
2022-05-31 15:02:10.938,16639,16641,16638,1,-1
2022-05-31 15:02:10.939,16639,16641,16638,1,-1
2022-05-31 15:02:10.939,16639,16641,16638,3,-3
2022-05-31 15:02:10.939,16639,16641,16638,1,-1
2022-05-31 15:02:10.948,16639,16641,16640,1,-1
2022-05-31 15:02:11.141,16638,16639,16638,1,-1
2022-05-31 15:02:11.569,16638,16639,16638,1,-1
2022-05-31 15:02:11.569,16638,16639,16638,1,-1
2022-05-31 15:02:11.691,16637,16638,16637,1,-1
2022-05-31 15:02:11.692,16637,16638,16637,9,-9
2022-05-31 15:02:12.102,16637,16638,16638,1,1
2022-05-31 15:02:12.239,16637,16638,16638,3,3
2022-05-31 15:02:13.029,16637,16639,16639,1,1
2022-05-31 15:02:13.554,16638,16639,16638,1,-1
2022-05-31 15:02:13.782,16637,16639,16638,2,-2
2022-05-31 15:02:14.389,16638,16639,16638,1,-1
2022-05-31 15:02:14.607,16638,16639,16639,10,10
2022-05-31 15:02:14.718,16639,16640,16639,1,-1
2022-05-31 15:02:14.943,16639,16640,16639,1,-1
2022-05-31 15:02:15.899,16639,16640,16640,1,1
2022-05-31 15:02:15.900,16639,16640,16640,1,1
2022-05-31 15:02:15.900,16639,16640,16640,1,1
2022-05-31 15:02:15.900,16639,16640,16640,1,1
2022-05-31 15:02:16.063,16639,16640,16640,1,1
2022-05-31 15:02:16.092,16639,16640,16639,1,-1
2022-05-31 15:02:16.166,16639,16640,16640,1,1
2022-05-31 15:02:16.501,16639,16640,16640,2,2
2022-05-31 15:02:16.502,16639,16640,16640,2,2
2022-05-31 15:02:16.770,16640,16641,16640,3,-3
2022-05-31 15:02:16.823,16639,16641,16641,1,1
2022-05-31 15:02:17.462,16639,16641,16641,4,4
2022-05-31 15:02:17.462,16639,16641,16641,4,4
2022-05-31 15:02:17.462,16639,16641,16641,7,7
2022-05-31 15:02:17.462,16639,16641,16641,4,4
2022-05-31 15:02:17.520,16639,16641,16641,1,1
2022-05-31 15:02:17.629,16641,16642,16642,1,1
2022-05-31 15:02:18.358,16641,16642,16641,1,-1
2022-05-31 15:02:18.423,16640,16642,16640,1,-1
2022-05-31 15:02:18.423,16640,16642,16640,1,-1
2022-05-31 15:02:19.454,16640,16641,16641,1,1
2022-05-31 15:02:19.821,16640,16641,16640,1,-1
2022-05-31 15:02:19.852,16640,16641,16641,1,1
2022-05-31 15:02:20.059,16640,16641,16640,1,-1
2022-05-31 15:02:20.165,16640,16641,16639,1,-1
2022-05-31 15:02:21.502,16639,16640,16639,3,-3
2022-05-31 15:02:21.504,16639,16640,16638,8,-8
2022-05-31 15:02:23.003,16637,16639,16639,1,1
2022-05-31 15:02:24.455,16637,16639,16639,1,1
2022-05-31 15:02:24.752,16637,16638,16638,1,1
2022-05-31 15:02:25.185,16639,16640,16639,1,-1
2022-05-31 15:02:26.581,16637,16639,16637,2,-2
2022-05-31 15:02:27.332,16637,16639,16637,1,-1
2022-05-31 15:02:27.423,16637,16638,16637,1,-1
2022-05-31 15:02:27.423,16637,16638,16637,1,-1
2022-05-31 15:02:27.423,16637,16638,16637,6,-6
2022-05-31 15:02:27.423,16637,16638,16637,4,-4
2022-05-31 15:02:27.424,16637,16638,16636,1,-1
2022-05-31 15:02:27.530,16637,16638,16637,1,-1
2022-05-31 15:02:27.530,16637,16638,16638,4,4
2022-05-31 15:02:28.151,16636,16638,16638,1,1
2022-05-31 15:02:28.237,16637,16639,16637,3,-3
2022-05-31 15:02:28.237,16637,16639,16636,1,-1
2022-05-31 15:02:28.253,16637,16639,16636,2,-2
2022-05-31 15:02:28.265,16637,16639,16636,6,-6
2022-05-31 15:02:29.017,16638,16639,16639,2,2
2022-05-31 15:02:29.397,16638,16640,16638,1,-1
2022-05-31 15:02:32.904,16638,16639,16639,1,1
2022-05-31 15:02:32.982,16638,16639,16639,1,1
2022-05-31 15:02:34.392,16638,16640,16638,1,-1
2022-05-31 15:02:34.516,16638,16640,16640,5,5
2022-05-31 15:02:34.986,16640,16641,16641,2,2
2022-05-31 15:02:35.079,16640,16641,16641,2,2
2022-05-31 15:02:35.079,16640,16641,16641,3,3
2022-05-31 15:02:35.079,16640,16641,16641,1,1
2022-05-31 15:02:35.220,16641,16642,16642,13,13
2022-05-31 15:02:35.580,16642,16643,16643,2,2
2022-05-31 15:02:35.708,16642,16644,16644,1,1
2022-05-31 15:02:36.169,16642,16644,16643,1,1
2022-05-31 15:02:36.498,16642,16644,16642,1,-1
2022-05-31 15:02:36.734,16642,16644,16642,5,-5
2022-05-31 15:02:36.734,16642,16644,16641,2,-2
2022-05-31 15:02:37.005,16642,16644,16642,1,-1
2022-05-31 15:02:37.437,16641,16642,16642,1,1
2022-05-31 15:02:38.336,16641,16642,16641,1,-1
2022-05-31 15:02:39.281,16640,16641,16641,1,1
2022-05-31 15:02:39.312,16640,16641,16641,1,1
2022-05-31 15:02:39.546,16640,16642,16642,1,1
2022-05-31 15:02:39.867,16640,16641,16640,1,-1
2022-05-31 15:02:41.085,16640,16641,16640,1,-1
2022-05-31 15:02:43.351,16638,16640,16640,1,1
2022-05-31 15:02:44.094,16638,16640,16640,1,1
2022-05-31 15:02:46.018,16638,16639,16639,1,1
2022-05-31 15:02:46.018,16638,16639,16640,5,5
2022-05-31 15:02:46.018,16638,16639,16640,24,24
2022-05-31 15:02:46.048,16638,16639,16638,1,-1
2022-05-31 15:02:46.286,16638,16639,16638,3,-3
2022-05-31 15:02:46.303,16638,16639,16638,3,-3
2022-05-31 15:02:46.362,16638,16639,16639,1,1
2022-05-31 15:02:46.844,16638,16639,16638,2,-2
2022-05-31 15:02:46.943,16638,16639,16638,1,-1
2022-05-31 15:02:47.054,16637,16638,16638,1,1
2022-05-31 15:02:48.322,16637,16638,16638,1,1
2022-05-31 15:02:49.999,16638,16639,16638,1,-1
2022-05-31 15:02:52.065,16637,16638,16637,5,-5
2022-05-31 15:02:52.170,16637,16638,16637,4,-4
2022-05-31 15:02:52.818,16636,16637,16636,2,-2
2022-05-31 15:02:52.819,16636,16637,16636,1,-1
2022-05-31 15:02:52.819,16636,16637,16636,1,-1
2022-05-31 15:02:52.819,16636,16637,16636,5,-5
2022-05-31 15:02:52.819,16636,16637,16636,1,-1
2022-05-31 15:02:52.819,16636,16637,16636,1,-1
2022-05-31 15:02:52.819,16636,16637,16636,1,-1
2022-05-31 15:02:52.855,16636,16637,16635,1,-1
2022-05-31 15:02:52.967,16635,16636,16635,1,-1
2022-05-31 15:02:53.948,16635,16637,16635,15,-15
2022-05-31 15:02:53.949,16635,16637,16635,1,-1
2022-05-31 15:02:53.974,16635,16637,16635,1,-1
2022-05-31 15:02:54.040,16635,16637,16635,2,-2
2022-05-31 15:02:54.063,16634,16635,16635,2,2
2022-05-31 15:02:54.073,16634,16635,16635,1,1
2022-05-31 15:02:54.123,16634,16635,16636,4,4
2022-05-31 15:02:55.678,16635,16637,16637,1,1
2022-05-31 15:02:56.493,16635,16636,16636,1,1
2022-05-31 15:02:57.633,16635,16636,16636,1,1
2022-05-31 15:02:59.273,16635,16636,16635,1,-1
2022-05-31 15:02:59.358,16635,16636,16636,2,2
2022-05-31 15:02:59.927,16635,16636,16635,1,-1
2022-05-31 15:03:00.103,16635,16636,16635,4,-4
2022-05-31 15:03:00.174,16635,16636,16635,1,-1
2022-05-31 15:03:00.175,16635,16636,16635,1,-1
2022-05-31 15:03:00.195,16635,16636,16635,1,-1
2022-05-31 15:03:00.462,16635,16636,16635,1,-1
2022-05-31 15:03:00.540,16635,16636,16634,1,-1
2022-05-31 15:03:00.623,16634,16636,16634,2,-2
2022-05-31 15:03:00.625,16634,16636,16634,2,-2
2022-05-31 15:03:00.641,16634,16636,16634,2,-2
2022-05-31 15:03:00.678,16634,16636,16634,1,-1
2022-05-31 15:03:00.729,16634,16636,16634,3,-3
2022-05-31 15:03:00.808,16634,16636,16636,1,1
2022-05-31 15:03:02.025,16635,16637,16635,1,-1
2022-05-31 15:03:02.680,16634,16635,16635,1,1
2022-05-31 15:03:03.083,16634,16635,16634,4,-4
2022-05-31 15:03:03.265,16634,16635,16635,1,1
2022-05-31 15:03:04.078,16634,16635,16634,1,-1
2022-05-31 15:03:04.224,16634,16635,16634,2,-2
2022-05-31 15:03:04.310,16634,16635,16635,1,1
2022-05-31 15:03:04.477,16634,16635,16634,1,-1
2022-05-31 15:03:05.390,16633,16635,16635,1,1
2022-05-31 15:03:05.682,16634,16635,16635,1,1
2022-05-31 15:03:05.683,16634,16635,16635,1,1
2022-05-31 15:03:05.755,16634,16635,16634,1,-1
2022-05-31 15:03:06.148,16635,16637,16635,1,-1
2022-05-31 15:03:06.327,16635,16637,16635,1,-1
2022-05-31 15:03:06.487,16635,16637,16635,1,-1
2022-05-31 15:03:06.580,16635,16637,16635,1,-1
2022-05-31 15:03:06.580,16635,16637,16634,3,-3
2022-05-31 15:03:06.977,16635,16637,16635,1,-1
2022-05-31 15:03:08.984,16634,16636,16634,1,-1
2022-05-31 15:03:11.083,16635,16636,16635,1,-1
2022-05-31 15:03:11.396,16635,16636,16635,1,-1
2022-05-31 15:03:11.544,16635,16636,16635,1,-1
2022-05-31 15:03:13.175,16634,16635,16634,1,-1
2022-05-31 15:03:13.533,16634,16635,16634,6,-6
2022-05-31 15:03:14.079,16634,16635,16634,1,-1
2022-05-31 15:03:15.095,16634,16635,16634,1,-1
2022-05-31 15:03:15.979,16634,16635,16635,1,1
2022-05-31 15:03:18.058,16634,16635,16634,2,-2
2022-05-31 15:03:18.058,16634,16635,16634,1,-1
2022-05-31 15:03:18.394,16633,16634,16634,1,1
2022-05-31 15:03:18.610,16634,16635,16634,1,-1
2022-05-31 15:03:19.969,16634,16635,16634,1,-1
2022-05-31 15:03:20.050,16634,16635,16634,1,-1
2022-05-31 15:03:20.189,16634,16635,16634,1,-1
2022-05-31 15:03:22.201,16634,16635,16634,1,-1
2022-05-31 15:03:26.232,16634,16635,16635,8,8
2022-05-31 15:03:26.232,16634,16635,16635,2,2
2022-05-31 15:03:26.233,16634,16635,16635,1,1
2022-05-31 15:03:26.233,16634,16635,16635,1,1
2022-05-31 15:03:26.233,16634,16635,16635,1,1
2022-05-31 15:03:27.793,16635,16636,16635,1,-1
2022-05-31 15:03:27.798,16635,16636,16635,1,-1
2022-05-31 15:03:29.970,16635,16636,16636,1,1
2022-05-31 15:03:29.970,16635,16636,16636,10,10
2022-05-31 15:03:31.557,16635,16637,16635,1,-1
2022-05-31 15:03:31.876,16635,16637,16635,1,-1
2022-05-31 15:03:32.229,16635,16636,16635,1,-1
2022-05-31 15:03:38.024,16635,16636,16635,1,-1
2022-05-31 15:03:38.683,16635,16636,16635,2,-2
2022-05-31 15:03:38.684,16635,16636,16635,7,-7
2022-05-31 15:03:39.252,16634,16635,16634,2,-2
2022-05-31 15:03:39.252,16634,16635,16634,15,-15
2022-05-31 15:03:39.254,16634,16635,16633,6,-6
2022-05-31 15:03:39.254,16634,16635,16633,1,-1
2022-05-31 15:03:39.298,16633,16634,16633,1,-1
2022-05-31 15:03:39.298,16633,16634,16633,1,-1
2022-05-31 15:03:39.298,16633,16634,16633,1,-1
2022-05-31 15:03:39.298,16633,16634,16633,1,-1
2022-05-31 15:03:39.299,16633,16634,16633,1,-1
2022-05-31 15:03:39.325,16633,16634,16633,1,-1
2022-05-31 15:03:39.396,16633,16634,16633,4,-4
2022-05-31 15:03:39.396,16633,16634,16632,2,-2
2022-05-31 15:03:39.458,16632,16633,16632,6,-6
2022-05-31 15:03:39.458,16632,16633,16632,18,-18
2022-05-31 15:03:39.459,16632,16633,16631,1,-1
2022-05-31 15:03:39.460,16632,16633,16631,1,-1
2022-05-31 15:03:39.460,16632,16633,16631,4,-4
2022-05-31 15:03:39.461,16632,16633,16630,1,-1
2022-05-31 15:03:39.548,16630,16631,16631,1,1
2022-05-31 15:03:39.560,16630,16631,16630,1,-1
2022-05-31 15:03:39.602,16630,16631,16630,1,-1
2022-05-31 15:03:39.607,16630,16631,16630,1,-1
2022-05-31 15:03:39.857,16630,16631,16630,2,-2
2022-05-31 15:03:39.890,16630,16631,16630,3,-3
2022-05-31 15:03:39.924,16630,16631,16630,1,-1
2022-05-31 15:03:39.925,16630,16631,16630,1,-1
2022-05-31 15:03:39.937,16630,16631,16630,2,-2
2022-05-31 15:03:39.937,16630,16631,16630,1,-1
2022-05-31 15:03:39.938,16630,16631,16630,11,-11
2022-05-31 15:03:39.939,16630,16631,16629,1,-1
2022-05-31 15:03:39.939,16630,16631,16628,1,-1
2022-05-31 15:03:39.972,16630,16631,16629,1,-1
2022-05-31 15:03:39.972,16630,16631,16629,1,-1
2022-05-31 15:03:39.972,16630,16631,16628,1,-1
2022-05-31 15:03:39.976,16630,16631,16628,1,-1
2022-05-31 15:03:40.155,16628,16630,16628,1,-1
2022-05-31 15:03:40.219,16628,16630,16631,1,1
2022-05-31 15:03:40.415,16629,16631,16629,1,-1
2022-05-31 15:03:40.422,16629,16631,16629,1,-1
2022-05-31 15:03:40.427,16629,16631,16629,1,-1
2022-05-31 15:03:40.527,16629,16631,16629,4,-4
2022-05-31 15:03:40.563,16629,16631,16629,2,-2
2022-05-31 15:03:40.563,16629,16631,16628,2,-2
2022-05-31 15:03:40.645,16629,16631,16629,4,-4
2022-05-31 15:03:40.658,16629,16631,16629,3,-3
2022-05-31 15:03:40.658,16629,16631,16628,1,-1
2022-05-31 15:03:41.388,16631,16632,16630,1,-1
2022-05-31 15:03:41.805,16631,16632,16631,1,-1
2022-05-31 15:03:42.079,16631,16632,16630,1,-1
2022-05-31 15:03:42.496,16631,16632,16631,1,-1
2022-05-31 15:03:42.830,16630,16632,16630,1,-1
2022-05-31 15:03:43.038,16630,16632,16630,4,-4
2022-05-31 15:03:43.039,16630,16632,16630,3,-3
2022-05-31 15:03:43.039,16630,16632,16630,1,-1
2022-05-31 15:03:43.039,16630,16632,16630,1,-1
2022-05-31 15:03:43.088,16630,16632,16631,1,-1
2022-05-31 15:03:43.378,16630,16632,16630,1,-1
2022-05-31 15:03:46.025,16630,16631,16631,1,1
2022-05-31 15:03:46.101,16630,16632,16631,2,2
2022-05-31 15:03:46.866,16630,16631,16630,1,-1
2022-05-31 15:03:46.926,16629,16631,16631,1,1
2022-05-31 15:03:46.926,16629,16631,16631,1,1
2022-05-31 15:03:47.457,16629,16630,16630,1,1
2022-05-31 15:03:48.531,16629,16630,16630,2,2
2022-05-31 15:03:48.821,16629,16630,16630,2,2
2022-05-31 15:03:48.822,16629,16630,16630,1,1
2022-05-31 15:03:49.826,16630,16631,16630,2,-2
2022-05-31 15:03:50.332,16630,16632,16630,1,-1
2022-05-31 15:03:50.476,16630,16632,16630,1,-1
2022-05-31 15:03:50.781,16630,16631,16631,1,1
2022-05-31 15:03:51.064,16630,16631,16630,1,-1
2022-05-31 15:03:51.086,16630,16631,16630,1,-1
2022-05-31 15:03:51.086,16630,16631,16630,2,-2
2022-05-31 15:03:51.086,16630,16631,16630,2,-2
2022-05-31 15:03:51.177,16629,16630,16629,1,-1
2022-05-31 15:03:51.263,16629,16630,16629,1,-1
2022-05-31 15:03:51.725,16628,16629,16628,2,-2
2022-05-31 15:03:52.435,16628,16629,16629,1,1
2022-05-31 15:03:53.618,16628,16629,16629,1,1
2022-05-31 15:03:54.259,16628,16629,16629,1,1
2022-05-31 15:03:54.676,16628,16630,16628,3,-3
2022-05-31 15:03:54.678,16628,16630,16628,2,-2
2022-05-31 15:03:54.974,16627,16628,16627,4,-4
2022-05-31 15:03:55.858,16627,16628,16627,1,-1
2022-05-31 15:03:56.152,16627,16628,16627,1,-1
2022-05-31 15:03:56.284,16627,16628,16627,1,-1
2022-05-31 15:03:56.606,16627,16628,16628,1,1
2022-05-31 15:03:56.956,16628,16629,16629,1,1
2022-05-31 15:03:57.082,16628,16629,16629,1,1
2022-05-31 15:03:57.083,16628,16629,16629,1,1
2022-05-31 15:03:58.241,16629,16630,16630,3,3
2022-05-31 15:03:58.330,16630,16631,16631,1,1
2022-05-31 15:03:58.405,16630,16631,16630,1,-1
2022-05-31 15:03:58.753,16630,16632,16630,1,-1
2022-05-31 15:04:00.059,16631,16632,16631,2,-2
2022-05-31 15:04:00.059,16631,16632,16630,2,-2
2022-05-31 15:04:00.173,16631,16632,16631,1,-1
2022-05-31 15:04:00.174,16631,16632,16631,2,-2
2022-05-31 15:04:00.174,16631,16632,16630,1,-1
2022-05-31 15:04:00.174,16631,16632,16630,1,-1
2022-05-31 15:04:00.174,16631,16632,16630,1,-1
2022-05-31 15:04:00.435,16630,16631,16631,1,1
2022-05-31 15:04:00.464,16630,16631,16631,1,1
2022-05-31 15:04:01.309,16630,16631,16631,1,1
2022-05-31 15:04:01.423,16630,16631,16630,1,-1
2022-05-31 15:04:01.423,16630,16631,16629,1,-1
2022-05-31 15:04:01.423,16630,16631,16629,1,-1
2022-05-31 15:04:01.554,16629,16631,16629,2,-2
2022-05-31 15:04:01.758,16629,16631,16630,3,-3
2022-05-31 15:04:01.758,16629,16631,16631,5,5
2022-05-31 15:04:01.759,16629,16631,16631,1,1
2022-05-31 15:04:01.759,16629,16631,16631,2,2
2022-05-31 15:04:01.760,16629,16631,16631,3,3
2022-05-31 15:04:01.760,16629,16631,16631,4,4
2022-05-31 15:04:01.760,16629,16631,16631,7,7
2022-05-31 15:04:01.760,16629,16631,16631,5,5
2022-05-31 15:04:01.811,16629,16631,16631,2,2
2022-05-31 15:04:01.838,16629,16631,16631,1,1
2022-05-31 15:04:01.865,16629,16631,16631,1,1
2022-05-31 15:04:01.923,16630,16632,16631,1,1
2022-05-31 15:04:01.923,16630,16632,16631,1,1
2022-05-31 15:04:02.247,16630,16632,16631,1,1
2022-05-31 15:04:02.247,16630,16632,16632,8,8
2022-05-31 15:04:02.459,16631,16633,16631,1,-1
2022-05-31 15:04:02.529,16631,16633,16632,1,-1
2022-05-31 15:04:02.681,16632,16633,16633,3,3
2022-05-31 15:04:03.186,16632,16634,16634,10,10
2022-05-31 15:04:03.222,16632,16634,16635,1,1
2022-05-31 15:04:03.294,16632,16634,16633,1,1
2022-05-31 15:04:03.447,16633,16635,16635,1,1
2022-05-31 15:04:04.175,16633,16635,16633,4,-4
2022-05-31 15:04:06.176,16633,16635,16633,1,-1
2022-05-31 15:04:08.939,16633,16634,16634,2,2
2022-05-31 15:04:09.048,16633,16634,16633,1,-1
2022-05-31 15:04:09.048,16633,16634,16632,1,-1
2022-05-31 15:04:09.048,16633,16634,16632,1,-1
2022-05-31 15:04:09.048,16633,16634,16632,1,-1
2022-05-31 15:04:09.050,16633,16634,16632,1,-1
2022-05-31 15:04:09.209,16632,16633,16632,1,-1
2022-05-31 15:04:09.672,16632,16633,16633,2,2
2022-05-31 15:04:10.735,16633,16634,16633,1,-1
2022-05-31 15:04:12.190,16633,16634,16633,1,-1
2022-05-31 15:04:12.940,16631,16633,16631,1,-1
2022-05-31 15:04:13.616,16632,16633,16633,1,1
2022-05-31 15:04:15.597,16633,16634,16633,1,-1
2022-05-31 15:04:15.597,16633,16634,16634,4,4
2022-05-31 15:04:16.211,16634,16635,16634,1,-1
2022-05-31 15:04:16.593,16634,16635,16634,1,-1
2022-05-31 15:04:18.189,16634,16635,16634,1,-1
2022-05-31 15:04:21.549,16633,16634,16633,2,-2
2022-05-31 15:04:21.549,16633,16634,16634,1,1
2022-05-31 15:04:21.673,16633,16635,16633,1,-1
2022-05-31 15:04:22.071,16633,16635,16633,1,-1
2022-05-31 15:04:22.592,16633,16635,16635,7,7
2022-05-31 15:04:22.749,16635,16636,16635,1,-1
2022-05-31 15:04:25.179,16635,16636,16636,2,2
2022-05-31 15:04:25.342,16635,16636,16636,1,1
2022-05-31 15:04:25.640,16635,16636,16635,1,-1
2022-05-31 15:04:26.052,16635,16636,16636,1,1
2022-05-31 15:04:26.241,16635,16637,16637,4,4
2022-05-31 15:04:26.430,16635,16637,16635,2,-2
2022-05-31 15:04:27.302,16634,16636,16636,1,1
2022-05-31 15:04:28.643,16635,16636,16636,1,1
2022-05-31 15:04:29.089,16635,16636,16635,1,-1
2022-05-31 15:04:29.563,16635,16637,16635,1,-1
2022-05-31 15:04:29.877,16635,16637,16635,1,-1
2022-05-31 15:04:31.640,16635,16637,16637,1,1
2022-05-31 15:04:33.452,16637,16638,16638,1,1
2022-05-31 15:04:33.453,16637,16638,16638,6,6
2022-05-31 15:04:33.513,16637,16638,16639,1,1
2022-05-31 15:04:34.017,16638,16639,16639,2,2
2022-05-31 15:04:34.247,16638,16639,16638,1,-1
2022-05-31 15:04:34.395,16638,16639,16639,3,3
2022-05-31 15:04:34.593,16639,16640,16640,2,2
2022-05-31 15:04:35.199,16639,16640,16639,9,-9
2022-05-31 15:04:35.396,16638,16640,16640,9,9
2022-05-31 15:04:35.397,16638,16640,16640,1,1
2022-05-31 15:04:35.605,16640,16641,16640,1,-1
2022-05-31 15:04:35.751,16640,16641,16640,1,-1
2022-05-31 15:04:37.188,16640,16641,16640,1,-1
2022-05-31 15:04:37.955,16640,16641,16640,3,-3
2022-05-31 15:04:38.147,16640,16641,16640,1,-1
2022-05-31 15:04:38.571,16640,16641,16640,1,-1
2022-05-31 15:04:40.272,16640,16641,16640,1,-1
2022-05-31 15:04:41.452,16640,16641,16641,1,1
2022-05-31 15:04:43.871,16640,16641,16640,1,-1
2022-05-31 15:04:44.323,16640,16641,16640,1,-1
2022-05-31 15:04:44.397,16640,16641,16640,1,-1
2022-05-31 15:04:45.286,16638,16639,16638,1,-1
2022-05-31 15:04:45.286,16638,16639,16638,1,-1
2022-05-31 15:04:46.305,16638,16639,16638,1,-1
2022-05-31 15:04:50.733,16638,16639,16638,1,-1
2022-05-31 15:04:51.640,16638,16639,16638,1,-1
2022-05-31 15:04:52.454,16637,16639,16637,1,-1
2022-05-31 15:04:52.623,16637,16639,16639,3,3
2022-05-31 15:04:56.657,16639,16640,16640,1,1
2022-05-31 15:04:57.311,16639,16640,16640,1,1
2022-05-31 15:04:58.705,16639,16640,16639,1,-1
2022-05-31 15:05:00.104,16639,16640,16639,2,-2
2022-05-31 15:05:00.416,16639,16640,16639,1,-1
2022-05-31 15:05:00.416,16639,16640,16639,5,-5
2022-05-31 15:05:00.417,16639,16640,16639,2,-2
2022-05-31 15:05:00.481,16638,16639,16639,1,1
2022-05-31 15:05:00.545,16638,16639,16638,1,-1
2022-05-31 15:05:00.553,16638,16639,16637,5,-5
2022-05-31 15:05:00.576,16638,16639,16637,1,-1
2022-05-31 15:05:00.581,16638,16639,16637,1,-1
2022-05-31 15:05:00.581,16638,16639,16636,4,-4
2022-05-31 15:05:00.758,16636,16638,16638,1,1
2022-05-31 15:05:00.805,16636,16638,16636,1,-1
2022-05-31 15:05:00.892,16636,16638,16636,3,-3
2022-05-31 15:05:01.276,16635,16637,16635,1,-1
2022-05-31 15:05:01.530,16635,16637,16635,3,-3
2022-05-31 15:05:02.536,16637,16639,16637,1,-1
2022-05-31 15:05:03.315,16638,16639,16638,1,-1
2022-05-31 15:05:03.319,16638,16639,16637,1,-1
2022-05-31 15:05:03.895,16637,16639,16639,1,1
2022-05-31 15:05:04.217,16638,16640,16640,4,4
2022-05-31 15:05:05.202,16638,16640,16638,10,-10
2022-05-31 15:05:05.204,16638,16640,16638,13,-13
2022-05-31 15:05:05.204,16638,16640,16638,1,-1
2022-05-31 15:05:05.204,16638,16640,16638,3,-3
2022-05-31 15:05:05.204,16638,16640,16638,2,-2
2022-05-31 15:05:05.204,16638,16640,16638,1,-1
2022-05-31 15:05:05.746,16637,16639,16637,1,-1
2022-05-31 15:05:06.002,16636,16637,16637,1,1
2022-05-31 15:05:06.550,16636,16637,16636,4,-4
2022-05-31 15:05:09.341,16635,16637,16637,1,1
2022-05-31 15:05:09.538,16636,16638,16637,1,1
2022-05-31 15:05:13.370,16636,16637,16637,2,2
2022-05-31 15:05:14.099,16637,16639,16639,2,2
2022-05-31 15:05:14.637,16637,16639,16637,1,-1
2022-05-31 15:05:23.035,16637,16639,16637,3,-3
2022-05-31 15:05:24.072,16637,16638,16638,1,1
2022-05-31 15:05:24.108,16637,16638,16638,1,1
2022-05-31 15:05:24.375,16637,16638,16637,6,-6
2022-05-31 15:05:25.086,16636,16637,16636,1,-1
2022-05-31 15:05:25.086,16636,16637,16636,1,-1
2022-05-31 15:05:25.086,16636,16637,16636,1,-1
2022-05-31 15:05:26.888,16635,16636,16636,1,1
2022-05-31 15:05:27.122,16635,16637,16637,1,1
2022-05-31 15:05:30.108,16636,16638,16636,3,-3
2022-05-31 15:05:32.217,16635,16637,16635,4,-4
2022-05-31 15:05:32.529,16634,16635,16634,1,-1
2022-05-31 15:05:32.557,16634,16635,16634,2,-2
2022-05-31 15:05:32.557,16634,16635,16634,2,-2
2022-05-31 15:05:32.558,16634,16635,16634,1,-1
2022-05-31 15:05:32.711,16633,16635,16635,1,1
2022-05-31 15:05:37.391,16633,16635,16633,1,-1
2022-05-31 15:05:38.540,16633,16635,16633,7,-7
2022-05-31 15:05:38.540,16633,16635,16633,2,-2
2022-05-31 15:05:38.551,16632,16633,16633,2,2
2022-05-31 15:05:38.672,16632,16633,16633,3,3
2022-05-31 15:05:38.672,16632,16633,16634,1,1
2022-05-31 15:05:39.525,16632,16634,16634,1,1
2022-05-31 15:05:39.844,16632,16634,16632,2,-2
2022-05-31 15:05:39.845,16632,16634,16632,1,-1
2022-05-31 15:05:41.122,16631,16632,16632,1,1
2022-05-31 15:05:41.675,16631,16632,16632,1,1
2022-05-31 15:05:42.564,16631,16633,16631,6,-6
2022-05-31 15:05:42.564,16631,16633,16632,4,-4
2022-05-31 15:05:42.565,16631,16633,16632,1,-1
2022-05-31 15:05:42.565,16631,16633,16632,1,-1
2022-05-31 15:05:42.565,16631,16633,16632,1,-1
2022-05-31 15:05:42.565,16631,16633,16632,1,-1
2022-05-31 15:05:42.565,16631,16633,16632,1,-1
2022-05-31 15:05:42.565,16631,16633,16632,21,-21
2022-05-31 15:05:42.565,16631,16633,16632,1,-1
2022-05-31 15:05:43.063,16630,16632,16630,1,-1
2022-05-31 15:05:44.104,16630,16631,16631,1,1
2022-05-31 15:05:44.932,16630,16632,16630,1,-1
2022-05-31 15:05:45.528,16630,16631,16631,1,1
2022-05-31 15:05:47.035,16630,16631,16630,1,-1
2022-05-31 15:05:47.129,16630,16631,16631,1,1
2022-05-31 15:05:48.346,16630,16631,16631,1,1
2022-05-31 15:05:48.679,16630,16631,16631,2,2
2022-05-31 15:05:48.753,16630,16631,16631,1,1
2022-05-31 15:05:48.951,16631,16632,16631,1,-1
2022-05-31 15:05:49.585,16631,16633,16631,1,-1
2022-05-31 15:05:51.075,16631,16633,16631,1,-1
2022-05-31 15:05:51.076,16631,16633,16631,2,-2
2022-05-31 15:05:51.776,16630,16632,16630,1,-1
2022-05-31 15:05:52.818,16630,16631,16630,2,-2
2022-05-31 15:05:53.850,16630,16631,16631,1,1
2022-05-31 15:05:54.073,16630,16631,16631,1,1
2022-05-31 15:05:54.139,16630,16631,16633,1,1
2022-05-31 15:05:54.411,16631,16633,16631,1,-1
2022-05-31 15:05:54.731,16630,16633,16630,2,-2
2022-05-31 15:05:56.660,16631,16632,16631,2,-2
2022-05-31 15:05:56.660,16631,16632,16630,4,-4
2022-05-31 15:05:57.406,16630,16632,16632,3,3
2022-05-31 15:05:57.406,16630,16632,16633,7,7
2022-05-31 15:05:57.642,16631,16633,16631,1,-1
2022-05-31 15:05:58.125,16631,16633,16631,1,-1
2022-05-31 15:06:02.491,16631,16632,16631,1,-1
2022-05-31 15:06:02.491,16631,16632,16631,7,-7
2022-05-31 15:06:02.587,16630,16631,16630,2,-2
2022-05-31 15:06:02.587,16630,16631,16630,6,-6
2022-05-31 15:06:02.588,16630,16631,16630,4,-4
2022-05-31 15:06:02.896,16630,16631,16630,1,-1
2022-05-31 15:06:02.942,16629,16630,16629,1,-1
2022-05-31 15:06:03.410,16629,16630,16629,3,-3
2022-05-31 15:06:03.717,16629,16630,16629,1,-1
2022-05-31 15:06:03.912,16628,16630,16628,3,-3
2022-05-31 15:06:04.140,16628,16630,16630,1,1
2022-05-31 15:06:04.226,16628,16630,16630,1,1
2022-05-31 15:06:04.377,16628,16630,16630,1,1
2022-05-31 15:06:04.439,16628,16630,16630,1,1
2022-05-31 15:06:04.887,16628,16630,16628,1,-1
2022-05-31 15:06:07.188,16628,16629,16628,4,-4
2022-05-31 15:06:07.498,16628,16629,16628,2,-2
2022-05-31 15:06:08.155,16628,16629,16628,1,-1
2022-05-31 15:06:08.209,16628,16629,16628,1,-1
2022-05-31 15:06:08.209,16628,16629,16627,3,-3
2022-05-31 15:06:08.931,16627,16629,16627,2,-2
2022-05-31 15:06:09.737,16628,16629,16628,1,-1
2022-05-31 15:06:10.107,16627,16628,16628,1,1
2022-05-31 15:06:10.371,16628,16629,16628,1,-1
2022-05-31 15:06:10.414,16628,16629,16628,1,-1
2022-05-31 15:06:12.107,16628,16629,16628,1,-1
2022-05-31 15:06:13.820,16628,16629,16628,2,-2
2022-05-31 15:06:13.931,16628,16629,16628,4,-4
2022-05-31 15:06:14.698,16628,16629,16629,2,2
2022-05-31 15:06:15.009,16628,16629,16628,5,-5
2022-05-31 15:06:15.694,16627,16629,16627,3,-3
2022-05-31 15:06:16.313,16628,16629,16628,2,-2
2022-05-31 15:06:18.491,16629,16630,16629,1,-1
2022-05-31 15:06:18.492,16629,16630,16629,4,-4
2022-05-31 15:06:19.021,16628,16630,16628,1,-1
2022-05-31 15:06:19.067,16628,16630,16628,1,-1
2022-05-31 15:06:19.339,16628,16630,16630,1,1
2022-05-31 15:06:19.503,16629,16630,16629,2,-2
2022-05-31 15:06:19.503,16629,16630,16628,3,-3
2022-05-31 15:06:19.544,16629,16630,16629,1,-1
2022-05-31 15:06:20.190,16629,16630,16629,3,-3
2022-05-31 15:06:20.227,16629,16630,16630,4,4
2022-05-31 15:06:20.267,16629,16630,16630,1,1
2022-05-31 15:06:20.323,16629,16631,16629,1,-1
2022-05-31 15:06:21.705,16630,16631,16630,1,-1
2022-05-31 15:06:21.754,16630,16631,16630,1,-1
2022-05-31 15:06:22.141,16630,16631,16631,1,1
2022-05-31 15:06:22.260,16630,16632,16630,1,-1
2022-05-31 15:06:22.726,16630,16632,16630,1,-1
2022-05-31 15:06:23.002,16630,16632,16631,1,-1
2022-05-31 15:06:23.621,16630,16631,16630,1,-1
2022-05-31 15:06:23.621,16630,16631,16631,1,1
2022-05-31 15:06:27.132,16631,16632,16631,1,-1
2022-05-31 15:06:29.035,16630,16632,16631,1,-1
2022-05-31 15:06:30.468,16631,16632,16632,2,2
2022-05-31 15:06:30.469,16631,16632,16632,1,1
2022-05-31 15:06:30.892,16631,16633,16631,2,-2
2022-05-31 15:06:32.244,16631,16633,16633,1,1
2022-05-31 15:06:32.617,16631,16633,16632,1,1
2022-05-31 15:06:33.082,16631,16633,16633,10,10
2022-05-31 15:06:34.413,16633,16634,16634,1,1
2022-05-31 15:06:35.074,16633,16635,16635,1,1
2022-05-31 15:06:36.028,16633,16635,16633,1,-1
2022-05-31 15:06:36.348,16633,16635,16635,1,1
2022-05-31 15:06:38.912,16633,16634,16633,1,-1
2022-05-31 15:06:38.938,16632,16633,16633,2,2
2022-05-31 15:06:39.472,16632,16633,16632,7,-7
2022-05-31 15:06:40.189,16631,16632,16631,2,-2
2022-05-31 15:06:45.484,16631,16632,16632,1,1
2022-05-31 15:06:45.977,16631,16633,16633,1,1
2022-05-31 15:06:47.421,16631,16632,16631,4,-4
2022-05-31 15:06:47.441,16631,16632,16631,2,-2
2022-05-31 15:06:50.138,16631,16632,16631,5,-5
2022-05-31 15:06:50.516,16631,16632,16631,1,-1
2022-05-31 15:06:51.752,16630,16632,16630,1,-1
2022-05-31 15:06:52.348,16631,16632,16631,3,-3
2022-05-31 15:06:53.466,16630,16632,16632,2,2
2022-05-31 15:06:55.163,16630,16632,16630,2,-2
2022-05-31 15:06:56.522,16630,16632,16630,2,-2
2022-05-31 15:06:57.154,16630,16631,16630,8,-8
2022-05-31 15:06:57.155,16630,16631,16630,1,-1
2022-05-31 15:06:57.155,16630,16631,16630,2,-2
2022-05-31 15:06:57.266,16630,16631,16630,1,-1
2022-05-31 15:06:57.287,16630,16631,16630,1,-1
2022-05-31 15:07:00.193,16630,16631,16630,1,-1
2022-05-31 15:07:01.243,16630,16631,16630,5,-5
2022-05-31 15:07:01.298,16630,16631,16630,1,-1
2022-05-31 15:07:01.551,16630,16631,16630,6,-6
2022-05-31 15:07:01.822,16629,16630,16629,1,-1
2022-05-31 15:07:01.822,16629,16630,16629,1,-1
2022-05-31 15:07:02.062,16628,16630,16628,1,-1
2022-05-31 15:07:02.320,16628,16630,16628,2,-2
2022-05-31 15:07:03.678,16628,16630,16628,1,-1
2022-05-31 15:07:08.671,16628,16630,16628,1,-1
2022-05-31 15:07:08.815,16628,16630,16628,5,-5
2022-05-31 15:07:08.816,16628,16630,16628,3,-3
2022-05-31 15:07:08.816,16628,16630,16628,11,-11
2022-05-31 15:07:08.817,16628,16630,16628,2,-2
2022-05-31 15:07:08.823,16628,16630,16627,1,-1
2022-05-31 15:07:08.823,16628,16630,16627,2,-2
2022-05-31 15:07:08.823,16628,16630,16627,1,-1
2022-05-31 15:07:08.824,16628,16630,16627,1,-1
2022-05-31 15:07:08.855,16628,16630,16627,1,-1
2022-05-31 15:07:08.855,16628,16630,16628,4,-4
2022-05-31 15:07:09.415,16626,16629,16627,1,-1
2022-05-31 15:07:09.424,16626,16629,16626,1,-1
2022-05-31 15:07:09.424,16626,16629,16626,1,-1
2022-05-31 15:07:09.442,16626,16629,16628,1,1
2022-05-31 15:07:09.600,16626,16628,16626,5,-5
2022-05-31 15:07:09.679,16626,16628,16628,1,1
2022-05-31 15:07:09.812,16626,16628,16628,2,2
2022-05-31 15:07:09.895,16626,16628,16627,1,1
2022-05-31 15:07:10.520,16628,16629,16628,1,-1
2022-05-31 15:07:10.520,16628,16629,16627,1,-1
2022-05-31 15:07:10.576,16627,16629,16627,1,-1
2022-05-31 15:07:10.827,16627,16629,16627,1,-1
2022-05-31 15:07:10.966,16627,16629,16627,1,-1
2022-05-31 15:07:11.585,16627,16628,16628,1,1
2022-05-31 15:07:11.608,16627,16628,16628,1,1
2022-05-31 15:07:12.300,16628,16629,16628,1,-1
2022-05-31 15:07:15.401,16628,16630,16629,2,-2
2022-05-31 15:07:15.483,16628,16630,16628,3,-3
2022-05-31 15:07:15.932,16629,16630,16629,3,-3
2022-05-31 15:07:16.546,16629,16630,16630,5,5
2022-05-31 15:07:18.725,16630,16631,16630,1,-1
2022-05-31 15:07:21.567,16628,16630,16630,3,3
2022-05-31 15:07:21.672,16628,16630,16628,1,-1
2022-05-31 15:07:21.672,16628,16630,16628,1,-1
2022-05-31 15:07:21.673,16628,16630,16628,1,-1
2022-05-31 15:07:26.154,16628,16629,16629,1,1
2022-05-31 15:07:26.354,16629,16630,16629,1,-1
2022-05-31 15:07:31.776,16629,16630,16629,2,-2
2022-05-31 15:07:31.776,16629,16630,16628,2,-2
2022-05-31 15:07:32.810,16629,16630,16629,1,-1
2022-05-31 15:07:32.842,16629,16630,16628,1,-1
2022-05-31 15:07:37.909,16628,16629,16628,1,-1
2022-05-31 15:07:38.138,16628,16629,16628,1,-1
2022-05-31 15:07:38.174,16628,16629,16628,1,-1
2022-05-31 15:07:38.291,16628,16629,16629,2,2
2022-05-31 15:07:39.937,16628,16629,16628,1,-1
2022-05-31 15:07:40.190,16628,16629,16628,3,-3
2022-05-31 15:07:40.601,16628,16629,16628,2,-2
2022-05-31 15:07:42.171,16628,16629,16628,1,-1
2022-05-31 15:07:42.352,16627,16629,16628,1,-1
2022-05-31 15:07:42.516,16627,16629,16629,1,1
2022-05-31 15:07:43.705,16627,16629,16629,1,1
2022-05-31 15:07:45.573,16627,16629,16627,6,-6
2022-05-31 15:07:46.699,16627,16628,16628,1,1
2022-05-31 15:07:47.171,16627,16629,16629,2,2
2022-05-31 15:07:48.206,16628,16629,16628,1,-1
2022-05-31 15:07:48.389,16628,16629,16629,2,2
2022-05-31 15:07:50.365,16629,16630,16630,4,4
2022-05-31 15:07:50.365,16629,16630,16630,2,2
2022-05-31 15:07:50.365,16629,16630,16630,12,12
2022-05-31 15:07:50.482,16630,16631,16630,1,-1
2022-05-31 15:07:50.887,16630,16631,16631,2,2
2022-05-31 15:07:51.753,16631,16632,16631,1,-1
2022-05-31 15:07:55.656,16631,16632,16631,1,-1
2022-05-31 15:07:56.407,16631,16632,16631,1,-1
2022-05-31 15:07:56.407,16631,16632,16630,8,-8
2022-05-31 15:07:56.407,16631,16632,16629,15,-15
2022-05-31 15:07:56.407,16631,16632,16628,11,-11
2022-05-31 15:07:56.407,16631,16632,16627,4,-4
2022-05-31 15:07:59.930,16627,16629,16627,1,-1
2022-05-31 15:08:00.323,16627,16629,16629,5,5
2022-05-31 15:08:00.323,16627,16629,16630,5,5
2022-05-31 15:08:00.423,16628,16630,16628,1,-1
2022-05-31 15:08:00.423,16628,16630,16628,1,-1
2022-05-31 15:08:00.424,16628,16630,16628,1,-1
2022-05-31 15:08:01.734,16629,16631,16630,1,-1
2022-05-31 15:08:01.798,16630,16631,16630,1,-1
2022-05-31 15:08:01.803,16630,16631,16629,1,-1
2022-05-31 15:08:02.330,16629,16630,16629,3,-3
2022-05-31 15:08:02.330,16629,16630,16628,3,-3
2022-05-31 15:08:02.388,16629,16630,16628,3,-3
2022-05-31 15:08:04.062,16628,16630,16629,1,-1
2022-05-31 15:08:04.243,16629,16630,16629,1,-1
2022-05-31 15:08:05.052,16628,16629,16628,1,-1
2022-05-31 15:08:05.622,16627,16629,16629,4,4
2022-05-31 15:08:05.622,16627,16629,16630,6,6
2022-05-31 15:08:07.638,16629,16630,16630,1,1
2022-05-31 15:08:08.078,16629,16630,16630,1,1
2022-05-31 15:08:08.079,16629,16630,16630,2,2
2022-05-31 15:08:08.558,16630,16631,16631,1,1
2022-05-31 15:08:09.460,16630,16632,16630,1,-1
2022-05-31 15:08:12.948,16630,16632,16630,1,-1
2022-05-31 15:08:13.697,16630,16632,16632,2,2
2022-05-31 15:08:14.324,16630,16632,16632,4,4
2022-05-31 15:08:14.324,16630,16632,16633,6,6
2022-05-31 15:08:14.325,16630,16632,16632,1,1
2022-05-31 15:08:14.471,16631,16633,16633,1,1
2022-05-31 15:08:14.486,16631,16633,16633,1,1
2022-05-31 15:08:15.520,16631,16633,16633,1,1
2022-05-31 15:08:17.882,16632,16634,16633,2,2
2022-05-31 15:08:17.883,16632,16634,16634,3,3
2022-05-31 15:08:17.903,16632,16634,16635,1,1
2022-05-31 15:08:18.606,16633,16635,16635,1,1
2022-05-31 15:08:20.755,16633,16634,16634,1,1
2022-05-31 15:08:21.933,16633,16635,16635,1,1
2022-05-31 15:08:24.183,16632,16633,16633,3,3
2022-05-31 15:08:24.456,16632,16634,16634,1,1
2022-05-31 15:08:25.259,16632,16634,16634,10,10
2022-05-31 15:08:25.681,16632,16634,16634,1,1
2022-05-31 15:08:29.186,16632,16634,16634,3,3
2022-05-31 15:08:29.187,16632,16634,16634,1,1
2022-05-31 15:08:30.461,16633,16635,16635,10,10
2022-05-31 15:08:30.652,16634,16635,16635,4,4
2022-05-31 15:08:30.652,16634,16635,16635,1,1
2022-05-31 15:08:30.653,16634,16635,16635,1,1
2022-05-31 15:08:30.653,16634,16635,16635,1,1
2022-05-31 15:08:30.653,16634,16635,16635,4,4
2022-05-31 15:08:31.102,16634,16636,16636,1,1
2022-05-31 15:08:34.543,16635,16636,16635,1,-1
2022-05-31 15:08:35.280,16634,16636,16636,1,1
2022-05-31 15:08:39.036,16636,16637,16636,1,-1
2022-05-31 15:08:39.048,16636,16637,16636,1,-1
2022-05-31 15:08:39.072,16636,16637,16637,1,1
2022-05-31 15:08:41.751,16636,16637,16637,1,1
2022-05-31 15:08:43.676,16637,16638,16637,2,-2
2022-05-31 15:08:43.677,16637,16638,16637,1,-1
2022-05-31 15:08:43.677,16637,16638,16637,9,-9
2022-05-31 15:08:43.708,16637,16638,16637,2,-2
2022-05-31 15:08:43.739,16637,16638,16637,2,-2
2022-05-31 15:08:46.459,16636,16637,16637,1,1
2022-05-31 15:08:48.327,16636,16637,16636,1,-1
2022-05-31 15:08:48.327,16636,16637,16636,1,-1
2022-05-31 15:08:48.327,16636,16637,16636,1,-1
2022-05-31 15:08:48.327,16636,16637,16636,9,-9
2022-05-31 15:08:48.333,16636,16637,16636,2,-2
2022-05-31 15:08:48.364,16636,16637,16636,2,-2
2022-05-31 15:08:48.742,16635,16636,16636,3,3
2022-05-31 15:08:48.742,16635,16636,16637,2,2
2022-05-31 15:08:49.008,16635,16637,16636,1,1
2022-05-31 15:08:49.309,16635,16636,16636,1,1
2022-05-31 15:08:49.569,16635,16636,16636,1,1
2022-05-31 15:08:49.984,16635,16636,16635,1,-1
2022-05-31 15:08:54.478,16634,16635,16635,2,2
2022-05-31 15:08:54.478,16634,16635,16635,1,1
2022-05-31 15:08:57.087,16635,16636,16636,1,1
2022-05-31 15:08:57.087,16635,16636,16636,2,2
2022-05-31 15:08:57.910,16636,16637,16637,1,1
2022-05-31 15:08:59.928,16635,16637,16637,5,5
2022-05-31 15:08:59.928,16635,16637,16637,5,5
2022-05-31 15:09:00.048,16635,16637,16635,1,-1
2022-05-31 15:09:00.074,16635,16637,16637,2,2
2022-05-31 15:09:00.074,16635,16637,16638,2,2
2022-05-31 15:09:00.496,16636,16637,16637,1,1
2022-05-31 15:09:03.785,16637,16638,16638,5,5
2022-05-31 15:09:03.787,16637,16638,16638,2,2
2022-05-31 15:09:04.363,16637,16638,16637,3,-3
2022-05-31 15:09:06.899,16636,16638,16638,1,1
2022-05-31 15:09:06.899,16636,16638,16639,1,1
2022-05-31 15:09:09.020,16637,16638,16637,1,-1
2022-05-31 15:09:09.053,16636,16637,16637,1,1
2022-05-31 15:09:09.176,16636,16637,16637,1,1
2022-05-31 15:09:10.024,16636,16637,16636,1,-1
2022-05-31 15:09:10.756,16634,16636,16637,1,1
2022-05-31 15:09:11.775,16636,16637,16636,1,-1
2022-05-31 15:09:12.674,16634,16636,16636,1,1
2022-05-31 15:09:23.672,16635,16636,16636,1,1
2022-05-31 15:09:23.672,16635,16636,16636,2,2
2022-05-31 15:09:24.644,16636,16637,16637,1,1
2022-05-31 15:09:25.426,16635,16636,16636,1,1
2022-05-31 15:09:25.890,16635,16637,16635,1,-1
2022-05-31 15:09:30.222,16636,16637,16637,3,3
2022-05-31 15:09:30.610,16637,16638,16637,1,-1
2022-05-31 15:09:31.798,16637,16638,16637,1,-1
2022-05-31 15:09:32.315,16637,16638,16637,1,-1
2022-05-31 15:09:32.440,16637,16638,16637,1,-1
2022-05-31 15:09:34.497,16637,16638,16638,2,2
2022-05-31 15:09:34.820,16637,16639,16639,10,10
2022-05-31 15:09:35.603,16637,16639,16639,1,1
2022-05-31 15:09:40.510,16637,16639,16637,5,-5
2022-05-31 15:09:40.510,16637,16639,16636,16,-16
2022-05-31 15:09:40.510,16637,16639,16635,9,-9
2022-05-31 15:09:40.550,16635,16637,16637,1,1
2022-05-31 15:09:40.826,16635,16637,16635,7,-7
2022-05-31 15:09:40.826,16635,16637,16634,13,-13
2022-05-31 15:09:40.826,16635,16637,16633,10,-10
2022-05-31 15:09:44.131,16634,16635,16635,3,3
2022-05-31 15:09:49.580,16633,16635,16635,2,2
2022-05-31 15:09:50.128,16633,16635,16635,3,3
2022-05-31 15:09:50.128,16633,16635,16636,2,2
2022-05-31 15:09:50.357,16634,16636,16636,1,1
2022-05-31 15:09:50.958,16635,16636,16635,1,-1
2022-05-31 15:09:53.664,16633,16635,16635,1,1
2022-05-31 15:09:54.348,16633,16635,16635,1,1
2022-05-31 15:09:54.532,16633,16635,16635,1,1
2022-05-31 15:09:58.779,16636,16638,16636,6,-6
2022-05-31 15:10:01.231,16635,16637,16635,3,-3
2022-05-31 15:10:01.647,16635,16636,16635,3,-3
2022-05-31 15:10:02.703,16634,16636,16636,1,1
2022-05-31 15:10:06.878,16636,16638,16637,2,2
2022-05-31 15:10:07.601,16636,16637,16636,1,-1
2022-05-31 15:10:07.764,16635,16637,16635,1,-1
2022-05-31 15:10:10.268,16635,16636,16635,3,-3
2022-05-31 15:10:10.302,16634,16636,16636,1,1
2022-05-31 15:10:10.304,16634,16636,16636,1,1
2022-05-31 15:10:10.305,16634,16636,16636,1,1
2022-05-31 15:10:10.767,16634,16636,16636,1,1
2022-05-31 15:10:16.464,16635,16636,16635,1,-1
2022-05-31 15:10:16.496,16635,16636,16634,1,-1
2022-05-31 15:10:17.374,16634,16636,16636,3,3
2022-05-31 15:10:19.088,16634,16635,16635,1,1
2022-05-31 15:10:21.041,16634,16636,16635,1,1
2022-05-31 15:10:21.571,16634,16636,16634,1,-1
2022-05-31 15:10:22.924,16634,16635,16634,3,-3
2022-05-31 15:10:22.955,16634,16635,16634,2,-2
2022-05-31 15:10:23.113,16633,16634,16634,2,2
2022-05-31 15:10:23.224,16633,16634,16633,3,-3
2022-05-31 15:10:23.423,16632,16634,16634,1,1
2022-05-31 15:10:25.129,16632,16634,16634,2,2
2022-05-31 15:10:25.229,16633,16635,16635,1,1
2022-05-31 15:10:26.095,16632,16634,16632,1,-1
2022-05-31 15:10:29.074,16633,16634,16633,1,-1
2022-05-31 15:10:30.431,16633,16634,16633,1,-1
2022-05-31 15:10:32.310,16632,16633,16633,1,1
2022-05-31 15:10:37.914,16632,16633,16633,1,1
2022-05-31 15:10:42.244,16632,16633,16632,6,-6
2022-05-31 15:10:43.575,16631,16633,16631,2,-2
2022-05-31 15:10:46.636,16632,16633,16632,1,-1
2022-05-31 15:10:47.359,16632,16633,16632,1,-1
2022-05-31 15:10:47.685,16631,16632,16632,1,1
2022-05-31 15:10:50.418,16632,16633,16633,1,1
2022-05-31 15:10:53.667,16632,16633,16633,9,9
2022-05-31 15:11:03.764,16632,16633,16632,1,-1
2022-05-31 15:11:04.118,16632,16633,16632,1,-1
2022-05-31 15:11:04.120,16632,16633,16632,1,-1
2022-05-31 15:11:04.122,16632,16633,16632,1,-1
2022-05-31 15:11:04.123,16632,16633,16632,3,-3
2022-05-31 15:11:04.123,16632,16633,16632,2,-2
2022-05-31 15:11:04.123,16632,16633,16632,1,-1
2022-05-31 15:11:04.170,16632,16633,16633,1,1
2022-05-31 15:11:05.140,16632,16633,16632,6,-6
2022-05-31 15:11:06.345,16632,16633,16633,1,1
2022-05-31 15:11:06.583,16632,16633,16633,2,2
2022-05-31 15:11:06.874,16633,16634,16633,1,-1
2022-05-31 15:11:07.404,16633,16634,16634,3,3
2022-05-31 15:11:08.459,16634,16635,16635,2,2
2022-05-31 15:11:08.853,16634,16636,16634,1,-1
2022-05-31 15:11:09.632,16635,16636,16636,2,2
2022-05-31 15:11:11.639,16636,16637,16636,1,-1
2022-05-31 15:11:14.501,16636,16637,16636,1,-1
2022-05-31 15:11:14.502,16636,16637,16637,7,7
2022-05-31 15:11:16.302,16636,16638,16638,4,4
2022-05-31 15:11:19.571,16637,16638,16638,9,9
2022-05-31 15:11:20.123,16637,16639,16637,1,-1
2022-05-31 15:11:20.706,16637,16639,16637,1,-1
2022-05-31 15:11:21.833,16636,16637,16636,1,-1
2022-05-31 15:11:21.833,16636,16637,16636,1,-1
2022-05-31 15:11:24.108,16635,16636,16636,1,1
2022-05-31 15:11:25.912,16635,16636,16635,3,-3
2022-05-31 15:11:25.942,16634,16635,16635,3,3
2022-05-31 15:11:26.234,16634,16635,16634,1,-1
2022-05-31 15:11:29.125,16633,16634,16634,1,1
2022-05-31 15:11:29.125,16633,16634,16634,1,1
2022-05-31 15:11:29.268,16634,16635,16635,1,1
2022-05-31 15:11:30.027,16635,16636,16635,1,-1
2022-05-31 15:11:30.090,16635,16636,16635,1,-1
2022-05-31 15:11:30.536,16635,16636,16636,1,1
2022-05-31 15:11:31.882,16635,16636,16635,1,-1
2022-05-31 15:11:32.689,16634,16635,16635,1,1
2022-05-31 15:11:33.416,16634,16635,16634,1,-1
2022-05-31 15:11:33.843,16633,16634,16633,1,-1
2022-05-31 15:11:34.309,16633,16634,16633,1,-1
2022-05-31 15:11:34.309,16633,16634,16633,2,-2
2022-05-31 15:11:36.004,16632,16633,16632,1,-1
2022-05-31 15:11:36.004,16632,16633,16632,2,-2
2022-05-31 15:11:36.005,16632,16633,16631,2,-2
2022-05-31 15:11:36.027,16632,16633,16632,2,-2
2022-05-31 15:11:37.309,16632,16634,16634,1,1
2022-05-31 15:11:40.382,16632,16634,16632,1,-1
2022-05-31 15:11:43.874,16632,16633,16632,2,-2
2022-05-31 15:11:44.538,16632,16633,16632,2,-2
2022-05-31 15:11:45.507,16632,16633,16632,1,-1
2022-05-31 15:11:45.508,16632,16633,16632,3,-3
2022-05-31 15:11:45.722,16631,16632,16631,7,-7
2022-05-31 15:11:45.739,16631,16632,16631,2,-2
2022-05-31 15:11:47.629,16630,16632,16630,2,-2
2022-05-31 15:11:48.065,16630,16631,16630,2,-2
2022-05-31 15:11:48.550,16630,16631,16630,20,-20
2022-05-31 15:11:49.161,16629,16631,16631,1,1
2022-05-31 15:11:50.576,16629,16630,16630,1,1
2022-05-31 15:11:50.615,16629,16630,16630,1,1
2022-05-31 15:11:50.934,16629,16630,16629,2,-2
2022-05-31 15:11:51.075,16629,16630,16629,3,-3
2022-05-31 15:11:53.022,16629,16630,16629,1,-1
2022-05-31 15:11:53.070,16628,16629,16629,1,1
2022-05-31 15:11:53.147,16628,16629,16628,1,-1
2022-05-31 15:11:53.175,16628,16630,16628,1,-1
2022-05-31 15:11:53.176,16628,16630,16628,1,-1
2022-05-31 15:11:53.176,16628,16630,16628,1,-1
2022-05-31 15:11:54.012,16628,16630,16629,1,-1
2022-05-31 15:11:54.576,16628,16629,16628,1,-1
2022-05-31 15:11:55.540,16628,16629,16629,2,2
2022-05-31 15:11:57.331,16628,16629,16629,1,1
2022-05-31 15:11:57.943,16628,16629,16628,1,-1
2022-05-31 15:11:58.153,16628,16629,16629,1,1
2022-05-31 15:11:58.153,16628,16629,16630,3,3
2022-05-31 15:11:59.075,16629,16630,16629,2,-2
2022-05-31 15:12:02.050,16628,16629,16629,2,2
2022-05-31 15:12:02.275,16629,16630,16630,2,2
2022-05-31 15:12:02.526,16630,16632,16630,3,-3
2022-05-31 15:12:05.990,16630,16632,16630,1,-1
2022-05-31 15:12:07.655,16630,16632,16630,2,-2
2022-05-31 15:12:09.332,16630,16632,16630,1,-1
2022-05-31 15:12:10.077,16630,16632,16632,4,4
2022-05-31 15:12:10.085,16630,16632,16632,2,2
2022-05-31 15:12:10.116,16630,16632,16632,2,2
2022-05-31 15:12:10.810,16631,16633,16632,2,2
2022-05-31 15:12:11.294,16631,16633,16632,1,1
2022-05-31 15:12:11.294,16631,16633,16632,1,1
2022-05-31 15:12:12.201,16632,16633,16632,2,-2
2022-05-31 15:12:13.532,16631,16632,16632,2,2
2022-05-31 15:12:13.532,16631,16632,16633,4,4
2022-05-31 15:12:13.599,16631,16633,16632,2,2
2022-05-31 15:12:13.666,16631,16633,16633,1,1
2022-05-31 15:12:14.445,16633,16634,16633,4,-4
2022-05-31 15:12:14.445,16633,16634,16634,1,1
2022-05-31 15:12:14.446,16633,16634,16632,3,-3
2022-05-31 15:12:14.615,16633,16635,16633,1,-1
2022-05-31 15:12:18.096,16631,16632,16631,12,-12
2022-05-31 15:12:18.096,16631,16632,16631,1,-1
2022-05-31 15:12:18.098,16631,16632,16630,2,-2
2022-05-31 15:12:18.178,16629,16630,16630,1,1
2022-05-31 15:12:18.180,16629,16630,16630,1,1
2022-05-31 15:12:18.220,16629,16630,16630,1,1
2022-05-31 15:12:20.536,16629,16631,16631,1,1
2022-05-31 15:12:20.950,16629,16630,16630,1,1
2022-05-31 15:12:21.610,16629,16630,16629,2,-2
2022-05-31 15:12:21.615,16629,16630,16630,2,2
2022-05-31 15:12:22.337,16629,16630,16629,1,-1
2022-05-31 15:12:22.594,16628,16630,16630,1,1
2022-05-31 15:12:23.819,16628,16629,16629,1,1
2022-05-31 15:12:23.914,16628,16629,16629,1,1
2022-05-31 15:12:25.685,16628,16629,16629,4,4
2022-05-31 15:12:25.685,16628,16629,16630,1,1
2022-05-31 15:12:26.385,16628,16630,16630,1,1
2022-05-31 15:12:26.385,16628,16630,16630,3,3
2022-05-31 15:12:26.386,16628,16630,16630,7,7
2022-05-31 15:12:26.386,16628,16630,16630,2,2
2022-05-31 15:12:26.386,16628,16630,16630,1,1
2022-05-31 15:12:26.386,16628,16630,16630,2,2
2022-05-31 15:12:26.408,16628,16630,16630,2,2
2022-05-31 15:12:26.445,16629,16630,16630,1,1
2022-05-31 15:12:26.454,16629,16630,16630,2,2
2022-05-31 15:12:26.459,16629,16630,16630,1,1
2022-05-31 15:12:26.514,16629,16630,16630,1,1
2022-05-31 15:12:28.462,16630,16631,16630,2,-2
2022-05-31 15:12:28.557,16629,16630,16629,2,-2
2022-05-31 15:12:30.346,16628,16629,16628,2,-2
2022-05-31 15:12:30.361,16628,16629,16629,5,5
2022-05-31 15:12:31.943,16629,16630,16629,2,-2
2022-05-31 15:12:33.042,16628,16629,16628,1,-1
2022-05-31 15:12:33.340,16628,16629,16629,2,2
2022-05-31 15:12:34.663,16628,16629,16629,1,1
2022-05-31 15:12:34.753,16628,16629,16629,1,1
2022-05-31 15:12:35.046,16628,16629,16628,1,-1
2022-05-31 15:12:35.781,16628,16629,16628,2,-2
2022-05-31 15:12:35.781,16628,16629,16628,7,-7
2022-05-31 15:12:35.894,16627,16629,16629,2,2
2022-05-31 15:12:36.313,16627,16628,16628,1,1
2022-05-31 15:12:37.358,16627,16628,16627,1,-1
2022-05-31 15:12:37.358,16627,16628,16627,1,-1
2022-05-31 15:12:37.358,16627,16628,16627,4,-4
2022-05-31 15:12:37.358,16627,16628,16627,2,-2
2022-05-31 15:12:37.358,16627,16628,16627,1,-1
2022-05-31 15:12:37.359,16627,16628,16627,1,-1
2022-05-31 15:12:37.359,16627,16628,16627,1,-1
2022-05-31 15:12:37.359,16627,16628,16627,2,-2
2022-05-31 15:12:37.481,16626,16627,16627,4,4
2022-05-31 15:12:37.481,16626,16627,16628,1,1
2022-05-31 15:12:37.577,16626,16628,16626,5,-5
2022-05-31 15:12:37.577,16626,16628,16626,3,-3
2022-05-31 15:12:37.577,16626,16628,16626,3,-3
2022-05-31 15:12:38.371,16625,16627,16627,1,1
2022-05-31 15:12:38.979,16625,16626,16625,6,-6
2022-05-31 15:12:39.150,16625,16626,16625,2,-2
2022-05-31 15:12:39.291,16625,16626,16625,1,-1
2022-05-31 15:12:39.356,16625,16626,16626,1,1
2022-05-31 15:12:39.572,16625,16627,16625,1,-1
2022-05-31 15:12:40.191,16625,16626,16625,1,-1
2022-05-31 15:12:41.348,16625,16626,16626,1,1
2022-05-31 15:12:42.457,16626,16628,16628,1,1
2022-05-31 15:12:44.707,16627,16628,16627,1,-1
2022-05-31 15:12:44.917,16627,16628,16627,2,-2
2022-05-31 15:12:46.067,16627,16628,16627,2,-2
2022-05-31 15:12:46.490,16627,16628,16627,2,-2
2022-05-31 15:12:46.955,16627,16628,16627,2,-2
2022-05-31 15:12:47.500,16627,16628,16627,2,-2
2022-05-31 15:12:50.068,16626,16627,16626,1,-1
2022-05-31 15:12:50.376,16626,16627,16626,2,-2
2022-05-31 15:12:50.393,16626,16627,16626,1,-1
2022-05-31 15:12:50.452,16625,16627,16625,1,-1
2022-05-31 15:12:51.308,16626,16627,16626,1,-1
2022-05-31 15:12:51.582,16626,16627,16626,1,-1
2022-05-31 15:12:51.829,16626,16627,16626,1,-1
2022-05-31 15:12:52.153,16626,16627,16626,1,-1
2022-05-31 15:12:52.635,16626,16627,16626,1,-1
2022-05-31 15:12:55.159,16626,16627,16626,2,-2
2022-05-31 15:12:55.490,16626,16627,16626,2,-2
2022-05-31 15:12:55.534,16626,16627,16626,2,-2
2022-05-31 15:12:56.430,16626,16627,16626,2,-2
2022-05-31 15:12:57.541,16626,16627,16626,2,-2
2022-05-31 15:12:57.650,16626,16627,16626,2,-2
2022-05-31 15:12:57.906,16626,16627,16626,2,-2
2022-05-31 15:12:58.700,16625,16626,16626,1,1
2022-05-31 15:12:58.700,16625,16626,16626,1,1
2022-05-31 15:12:58.700,16625,16626,16626,1,1
2022-05-31 15:13:00.108,16625,16626,16626,1,1
2022-05-31 15:13:00.169,16625,16626,16625,2,-2
2022-05-31 15:13:00.240,16625,16626,16626,2,2
2022-05-31 15:13:01.090,16626,16627,16626,2,-2
2022-05-31 15:13:01.826,16625,16626,16626,1,1
2022-05-31 15:13:02.161,16625,16626,16625,1,-1
2022-05-31 15:13:03.998,16625,16626,16625,1,-1
2022-05-31 15:13:04.195,16625,16626,16625,1,-1
2022-05-31 15:13:04.220,16625,16626,16625,3,-3
2022-05-31 15:13:04.220,16625,16626,16625,2,-2
2022-05-31 15:13:04.220,16625,16626,16625,4,-4
2022-05-31 15:13:04.220,16625,16626,16625,1,-1
2022-05-31 15:13:04.221,16625,16626,16625,2,-2
2022-05-31 15:13:04.221,16625,16626,16625,1,-1
2022-05-31 15:13:04.221,16625,16626,16625,4,-4
2022-05-31 15:13:05.358,16624,16625,16625,1,1
2022-05-31 15:13:05.826,16625,16626,16625,1,-1
2022-05-31 15:13:08.226,16625,16626,16625,1,-1
2022-05-31 15:13:08.953,16625,16626,16625,1,-1
2022-05-31 15:13:09.437,16624,16625,16625,1,1
2022-05-31 15:13:09.972,16625,16626,16626,12,12
2022-05-31 15:13:10.626,16626,16627,16627,2,2
2022-05-31 15:13:11.860,16626,16627,16626,1,-1
2022-05-31 15:13:13.722,16625,16626,16626,1,1
2022-05-31 15:13:14.317,16625,16626,16625,1,-1
2022-05-31 15:13:15.676,16625,16626,16626,1,1
2022-05-31 15:13:17.291,16626,16627,16626,1,-1
2022-05-31 15:13:22.717,16625,16626,16625,2,-2
2022-05-31 15:13:23.131,16625,16626,16625,2,-2
2022-05-31 15:13:24.710,16625,16626,16625,2,-2
2022-05-31 15:13:25.059,16625,16626,16625,2,-2
2022-05-31 15:13:25.865,16625,16626,16626,3,3
2022-05-31 15:13:27.131,16625,16626,16625,2,-2
2022-05-31 15:13:28.931,16624,16626,16625,1,-1
2022-05-31 15:13:28.933,16624,16626,16624,1,-1
2022-05-31 15:13:29.086,16624,16626,16624,2,-2
2022-05-31 15:13:29.414,16624,16625,16624,1,-1
2022-05-31 15:13:29.428,16624,16625,16624,3,-3
2022-05-31 15:13:29.601,16624,16625,16624,5,-5
2022-05-31 15:13:31.916,16623,16624,16624,1,1
2022-05-31 15:13:32.512,16623,16624,16624,1,1
2022-05-31 15:13:32.950,16623,16624,16624,1,1
2022-05-31 15:13:33.494,16623,16624,16624,1,1
2022-05-31 15:13:33.508,16623,16624,16623,1,-1
2022-05-31 15:13:33.574,16623,16624,16623,1,-1
2022-05-31 15:13:33.703,16623,16624,16623,1,-1
2022-05-31 15:13:33.744,16623,16624,16623,1,-1
2022-05-31 15:13:34.741,16623,16624,16623,1,-1
2022-05-31 15:13:35.452,16623,16624,16624,2,2
2022-05-31 15:13:35.482,16623,16624,16624,2,2
2022-05-31 15:13:36.072,16623,16624,16623,1,-1
2022-05-31 15:13:36.807,16623,16624,16623,2,-2
2022-05-31 15:13:37.781,16623,16624,16623,1,-1
2022-05-31 15:13:38.190,16623,16624,16623,1,-1
2022-05-31 15:13:38.606,16623,16624,16624,1,1
2022-05-31 15:13:38.615,16623,16624,16623,1,-1
2022-05-31 15:13:38.917,16623,16624,16623,1,-1
2022-05-31 15:13:39.260,16623,16624,16623,1,-1
2022-05-31 15:13:39.542,16623,16624,16623,2,-2
2022-05-31 15:13:40.789,16623,16624,16623,1,-1
2022-05-31 15:13:41.142,16623,16624,16623,1,-1
2022-05-31 15:13:42.084,16622,16623,16623,1,1
2022-05-31 15:13:42.578,16622,16623,16623,1,1
2022-05-31 15:13:42.768,16622,16623,16623,1,1
2022-05-31 15:13:42.768,16622,16623,16624,1,1
2022-05-31 15:13:43.104,16623,16624,16623,1,-1
2022-05-31 15:13:43.134,16623,16624,16623,2,-2
2022-05-31 15:13:44.680,16622,16623,16623,1,1
2022-05-31 15:13:44.692,16622,16623,16623,1,1
2022-05-31 15:13:44.693,16622,16623,16623,1,1
2022-05-31 15:13:44.843,16623,16624,16623,1,-1
2022-05-31 15:13:45.921,16622,16623,16623,1,1
2022-05-31 15:13:46.139,16622,16623,16623,1,1
2022-05-31 15:13:47.429,16622,16623,16622,1,-1
2022-05-31 15:13:47.599,16622,16623,16622,1,-1
2022-05-31 15:13:47.682,16622,16623,16622,1,-1
2022-05-31 15:13:47.863,16622,16623,16622,2,-2
2022-05-31 15:13:47.935,16622,16623,16622,1,-1
2022-05-31 15:13:48.056,16622,16623,16622,1,-1
2022-05-31 15:13:48.131,16622,16623,16622,1,-1
2022-05-31 15:13:48.160,16622,16623,16622,1,-1
2022-05-31 15:13:48.160,16622,16623,16622,4,-4
2022-05-31 15:13:48.161,16622,16623,16622,1,-1
2022-05-31 15:13:48.161,16622,16623,16622,24,-24
2022-05-31 15:13:48.162,16622,16623,16622,3,-3
2022-05-31 15:13:48.162,16622,16623,16622,1,-1
2022-05-31 15:13:48.162,16622,16623,16622,1,-1
2022-05-31 15:13:48.162,16622,16623,16622,1,-1
2022-05-31 15:13:48.162,16622,16623,16622,1,-1
2022-05-31 15:13:48.162,16622,16623,16622,1,-1
2022-05-31 15:13:48.162,16622,16623,16622,1,-1
2022-05-31 15:13:48.162,16622,16623,16622,1,-1
2022-05-31 15:13:48.162,16622,16623,16622,1,-1
2022-05-31 15:13:48.181,16621,16622,16622,2,2
2022-05-31 15:13:48.211,16621,16622,16622,2,2
2022-05-31 15:13:49.614,16621,16622,16622,1,1
2022-05-31 15:13:49.990,16622,16623,16622,1,-1
2022-05-31 15:13:50.121,16622,16623,16622,4,-4
2022-05-31 15:13:50.157,16622,16623,16621,1,-1
2022-05-31 15:13:50.206,16621,16623,16621,1,-1
2022-05-31 15:13:50.336,16621,16623,16623,1,1
2022-05-31 15:13:51.328,16622,16623,16622,1,-1
2022-05-31 15:13:51.944,16622,16623,16622,1,-1
2022-05-31 15:13:52.580,16621,16622,16621,1,-1
2022-05-31 15:13:53.275,16621,16622,16622,13,13
2022-05-31 15:13:53.498,16621,16623,16621,5,-5
2022-05-31 15:13:54.943,16622,16623,16622,1,-1
2022-05-31 15:13:54.943,16622,16623,16622,1,-1
2022-05-31 15:13:55.585,16622,16623,16622,2,-2
2022-05-31 15:13:55.833,16622,16623,16623,10,10
2022-05-31 15:13:55.935,16623,16624,16623,2,-2
2022-05-31 15:13:56.178,16623,16624,16623,2,-2
2022-05-31 15:13:56.180,16623,16624,16623,1,-1
2022-05-31 15:13:56.217,16623,16624,16622,2,-2
2022-05-31 15:13:56.449,16622,16624,16622,1,-1
2022-05-31 15:13:56.635,16622,16624,16622,2,-2
2022-05-31 15:13:57.972,16623,16624,16623,1,-1
2022-05-31 15:13:57.973,16623,16624,16623,1,-1
2022-05-31 15:13:59.351,16623,16624,16624,1,1
2022-05-31 15:13:59.352,16623,16624,16624,1,1
2022-05-31 15:13:59.492,16623,16625,16623,1,-1
2022-05-31 15:13:59.769,16623,16625,16623,2,-2
2022-05-31 15:14:00.141,16623,16625,16624,2,-2
2022-05-31 15:14:01.578,16622,16623,16622,5,-5
2022-05-31 15:14:01.982,16622,16623,16622,1,-1
2022-05-31 15:14:02.014,16622,16623,16622,1,-1
2022-05-31 15:14:02.161,16622,16623,16622,1,-1
2022-05-31 15:14:04.223,16621,16622,16622,6,6
2022-05-31 15:14:04.223,16621,16622,16623,2,2
2022-05-31 15:14:05.356,16621,16623,16621,5,-5
2022-05-31 15:14:05.648,16621,16622,16621,2,-2
2022-05-31 15:14:05.658,16621,16622,16621,6,-6
2022-05-31 15:14:05.658,16621,16622,16620,4,-4
2022-05-31 15:14:05.658,16621,16622,16621,1,-1
2022-05-31 15:14:05.658,16621,16622,16620,1,-1
2022-05-31 15:14:05.668,16621,16622,16620,2,-2
2022-05-31 15:14:05.763,16620,16621,16621,1,1
2022-05-31 15:14:05.809,16620,16622,16620,1,-1
2022-05-31 15:14:05.829,16620,16622,16620,1,-1
2022-05-31 15:14:05.860,16620,16622,16620,3,-3
2022-05-31 15:14:05.876,16620,16622,16620,2,-2
2022-05-31 15:14:05.876,16620,16622,16621,2,-2
2022-05-31 15:14:05.889,16620,16622,16620,1,-1
2022-05-31 15:14:05.907,16620,16622,16621,2,-2
2022-05-31 15:14:06.020,16620,16621,16620,4,-4
2022-05-31 15:14:06.145,16620,16621,16620,1,-1
2022-05-31 15:14:06.161,16620,16621,16620,1,-1
2022-05-31 15:14:06.410,16620,16621,16621,1,1
2022-05-31 15:14:06.690,16620,16621,16620,1,-1
2022-05-31 15:14:06.704,16620,16621,16620,1,-1
2022-05-31 15:14:06.730,16620,16621,16621,1,1
2022-05-31 15:14:07.743,16620,16621,16621,1,1
2022-05-31 15:14:07.799,16620,16622,16620,1,-1
2022-05-31 15:14:09.086,16620,16622,16620,2,-2
2022-05-31 15:14:09.399,16621,16622,16621,1,-1
2022-05-31 15:14:09.503,16621,16622,16622,9,9
2022-05-31 15:14:10.201,16622,16623,16622,3,-3
2022-05-31 15:14:10.201,16622,16623,16621,1,-1
2022-05-31 15:14:10.334,16622,16623,16622,1,-1
2022-05-31 15:14:10.565,16621,16623,16621,2,-2
2022-05-31 15:14:11.242,16622,16623,16622,1,-1
2022-05-31 15:14:11.242,16622,16623,16621,1,-1
2022-05-31 15:14:11.523,16621,16623,16621,2,-2
2022-05-31 15:14:11.580,16621,16623,16621,1,-1
2022-05-31 15:14:11.962,16622,16623,16623,2,2
2022-05-31 15:14:11.962,16622,16623,16623,4,4
2022-05-31 15:14:12.072,16623,16624,16624,1,1
2022-05-31 15:14:12.433,16623,16624,16624,2,2
2022-05-31 15:14:12.519,16623,16624,16623,3,-3
2022-05-31 15:14:12.650,16623,16625,16624,1,-1
2022-05-31 15:14:12.655,16623,16625,16624,1,-1
2022-05-31 15:14:13.859,16624,16625,16624,4,-4
2022-05-31 15:14:14.048,16624,16625,16625,1,1
2022-05-31 15:14:18.265,16624,16625,16625,2,2
2022-05-31 15:14:18.296,16624,16625,16625,2,2
2022-05-31 15:14:19.198,16624,16626,16624,2,-2
2022-05-31 15:14:19.298,16624,16626,16624,1,-1
2022-05-31 15:14:19.299,16624,16626,16624,1,-1
2022-05-31 15:14:19.308,16624,16626,16626,1,1
2022-05-31 15:14:19.732,16624,16626,16624,2,-2
2022-05-31 15:14:20.297,16624,16625,16625,2,2
2022-05-31 15:14:20.306,16624,16625,16626,1,1
2022-05-31 15:14:20.306,16624,16625,16626,1,1
2022-05-31 15:14:20.369,16624,16625,16627,1,1
2022-05-31 15:14:20.369,16624,16625,16627,1,1
2022-05-31 15:14:20.408,16624,16625,16627,1,1
2022-05-31 15:14:20.529,16627,16628,16628,1,1
2022-05-31 15:14:20.529,16627,16628,16629,1,1
2022-05-31 15:14:20.683,16627,16629,16627,2,-2
2022-05-31 15:14:21.074,16627,16629,16627,1,-1
2022-05-31 15:14:21.538,16626,16628,16627,2,-2
2022-05-31 15:14:22.733,16628,16630,16628,1,-1
2022-05-31 15:14:22.932,16628,16630,16628,3,-3
2022-05-31 15:14:23.475,16628,16629,16628,1,-1
2022-05-31 15:14:24.045,16628,16629,16629,1,1
2022-05-31 15:14:24.230,16628,16629,16629,1,1
2022-05-31 15:14:24.425,16628,16629,16628,1,-1
2022-05-31 15:14:26.058,16628,16629,16628,1,-1
2022-05-31 15:14:34.006,16626,16627,16627,1,1
2022-05-31 15:14:34.051,16627,16628,16628,1,1
2022-05-31 15:14:34.052,16627,16628,16628,1,1
2022-05-31 15:14:34.214,16627,16628,16627,2,-2
2022-05-31 15:14:34.214,16627,16628,16626,14,-14
2022-05-31 15:14:34.214,16627,16628,16625,4,-4
2022-05-31 15:14:35.506,16626,16628,16628,5,5
2022-05-31 15:14:36.052,16628,16629,16629,3,3
2022-05-31 15:14:36.430,16628,16630,16628,9,-9
2022-05-31 15:14:40.300,16628,16629,16628,1,-1
2022-05-31 15:14:40.890,16627,16629,16628,1,-1
2022-05-31 15:14:41.812,16626,16628,16628,2,2
2022-05-31 15:14:42.801,16627,16628,16628,2,2
2022-05-31 15:14:43.538,16627,16629,16627,1,-1
2022-05-31 15:14:47.525,16625,16627,16627,1,1
2022-05-31 15:14:48.419,16626,16628,16628,2,2
2022-05-31 15:14:48.422,16627,16629,16627,1,-1
2022-05-31 15:14:49.595,16627,16629,16629,1,1
2022-05-31 15:14:51.505,16627,16628,16628,1,1
2022-05-31 15:14:51.873,16627,16629,16629,2,2
2022-05-31 15:14:55.170,16626,16627,16627,1,1
2022-05-31 15:14:55.180,16626,16627,16626,2,-2
2022-05-31 15:14:55.501,16626,16627,16626,1,-1
2022-05-31 15:14:55.502,16626,16627,16626,1,-1
2022-05-31 15:14:56.996,16625,16626,16626,2,2
2022-05-31 15:14:57.523,16626,16627,16627,3,3
2022-05-31 15:14:58.723,16626,16627,16627,2,2
2022-05-31 15:14:58.876,16627,16628,16627,2,-2
2022-05-31 15:14:58.899,16627,16628,16628,1,1
2022-05-31 15:14:59.498,16627,16629,16627,2,-2
2022-05-31 15:14:59.805,16627,16628,16628,2,2
2022-05-31 15:15:00.108,16627,16629,16627,2,-2
2022-05-31 15:15:01.251,16627,16628,16627,2,-2
2022-05-31 15:15:01.821,16626,16628,16626,1,-1
2022-05-31 15:15:02.318,16627,16628,16627,1,-1
2022-05-31 15:15:02.318,16627,16628,16627,1,-1
2022-05-31 15:15:02.695,16627,16628,16628,1,1
2022-05-31 15:15:02.695,16627,16628,16628,1,1
2022-05-31 15:15:02.860,16627,16628,16628,1,1
2022-05-31 15:15:02.906,16627,16628,16627,2,-2
2022-05-31 15:15:03.743,16627,16629,16628,2,-2
2022-05-31 15:15:03.946,16627,16628,16628,1,1
2022-05-31 15:15:04.258,16628,16629,16629,1,1
2022-05-31 15:15:04.597,16627,16629,16627,2,-2
2022-05-31 15:15:05.511,16627,16629,16628,1,-1
2022-05-31 15:15:05.542,16627,16629,16628,1,-1
2022-05-31 15:15:05.971,16628,16629,16628,1,-1
2022-05-31 15:15:05.971,16628,16629,16627,1,-1
2022-05-31 15:15:06.467,16627,16629,16627,2,-2
2022-05-31 15:15:07.065,16627,16629,16629,2,2
2022-05-31 15:15:07.434,16627,16628,16628,1,1
2022-05-31 15:15:07.894,16627,16628,16627,1,-1
2022-05-31 15:15:08.198,16627,16628,16627,1,-1
2022-05-31 15:15:12.014,16627,16628,16628,3,3
2022-05-31 15:15:14.496,16627,16628,16627,1,-1
2022-05-31 15:15:14.499,16627,16628,16627,4,-4
2022-05-31 15:15:19.036,16627,16628,16627,1,-1
2022-05-31 15:15:19.037,16627,16628,16627,3,-3
2022-05-31 15:15:19.184,16626,16627,16626,1,-1
2022-05-31 15:15:21.648,16626,16627,16627,4,4
2022-05-31 15:15:27.159,16626,16627,16627,1,1
2022-05-31 15:15:28.324,16626,16628,16626,1,-1
2022-05-31 15:15:29.234,16627,16628,16628,4,4
2022-05-31 15:15:29.926,16628,16629,16628,1,-1
2022-05-31 15:15:30.582,16628,16629,16628,1,-1
2022-05-31 15:15:30.656,16628,16629,16628,1,-1
2022-05-31 15:15:42.967,16628,16629,16628,1,-1
2022-05-31 15:15:43.405,16628,16629,16629,1,1
2022-05-31 15:15:44.132,16628,16629,16629,1,1
2022-05-31 15:15:46.395,16628,16629,16629,1,1
2022-05-31 15:15:47.974,16628,16629,16629,5,5
2022-05-31 15:15:48.906,16628,16629,16628,4,-4
2022-05-31 15:15:48.906,16628,16629,16628,1,-1
2022-05-31 15:15:48.906,16628,16629,16628,2,-2
2022-05-31 15:15:48.906,16628,16629,16628,1,-1
2022-05-31 15:15:48.906,16628,16629,16628,1,-1
2022-05-31 15:15:53.312,16627,16628,16628,3,3
2022-05-31 15:15:54.574,16627,16628,16627,4,-4
2022-05-31 15:15:54.574,16627,16628,16627,1,-1
2022-05-31 15:15:54.653,16627,16628,16626,5,-5
2022-05-31 15:15:55.168,16626,16627,16626,1,-1
2022-05-31 15:15:55.180,16626,16627,16627,1,1
2022-05-31 15:15:58.431,16626,16627,16626,5,-5
2022-05-31 15:15:59.023,16625,16627,16625,2,-2
2022-05-31 15:16:01.228,16625,16626,16625,1,-1
2022-05-31 15:16:01.768,16625,16626,16626,1,1
2022-05-31 15:16:01.768,16625,16626,16626,1,1
2022-05-31 15:16:01.901,16625,16626,16626,1,1
2022-05-31 15:16:02.414,16625,16626,16625,2,-2
2022-05-31 15:16:02.423,16625,16626,16626,1,1
2022-05-31 15:16:02.862,16625,16626,16626,1,1
2022-05-31 15:16:03.752,16625,16626,16625,3,-3
2022-05-31 15:16:03.778,16625,16626,16624,2,-2
2022-05-31 15:16:04.307,16624,16625,16625,1,1
2022-05-31 15:16:05.337,16625,16626,16625,1,-1
2022-05-31 15:16:05.671,16625,16626,16625,2,-2
2022-05-31 15:16:05.672,16625,16626,16625,1,-1
2022-05-31 15:16:06.781,16624,16625,16624,6,-6
2022-05-31 15:16:06.907,16623,16624,16624,5,5
2022-05-31 15:16:08.317,16623,16625,16625,1,1
2022-05-31 15:16:08.423,16623,16625,16625,1,1
2022-05-31 15:16:09.124,16623,16624,16623,2,-2
2022-05-31 15:16:09.125,16623,16624,16623,3,-3
2022-05-31 15:16:09.897,16622,16624,16624,2,2
2022-05-31 15:16:09.979,16622,16624,16624,1,1
2022-05-31 15:16:10.390,16622,16624,16622,5,-5
2022-05-31 15:16:10.906,16621,16622,16622,1,1
2022-05-31 15:16:11.000,16621,16622,16621,1,-1
2022-05-31 15:16:11.181,16621,16622,16622,1,1
2022-05-31 15:16:13.305,16622,16623,16622,1,-1
2022-05-31 15:16:18.301,16622,16623,16623,1,1
2022-05-31 15:16:18.794,16622,16623,16622,2,-2
2022-05-31 15:16:18.795,16622,16623,16622,4,-4
2022-05-31 15:16:18.996,16621,16623,16623,1,1
2022-05-31 15:16:19.676,16621,16623,16622,2,2
2022-05-31 15:16:19.798,16621,16622,16622,1,1
2022-05-31 15:16:19.798,16621,16622,16622,1,1
2022-05-31 15:16:21.450,16621,16622,16622,1,1
2022-05-31 15:16:23.341,16621,16623,16621,1,-1
2022-05-31 15:16:25.313,16621,16622,16621,4,-4
2022-05-31 15:16:25.314,16621,16622,16621,1,-1
2022-05-31 15:16:25.314,16621,16622,16621,4,-4
2022-05-31 15:16:25.314,16621,16622,16621,1,-1
2022-05-31 15:16:25.314,16621,16622,16621,1,-1
2022-05-31 15:16:29.841,16620,16621,16621,1,1
2022-05-31 15:16:30.232,16620,16622,16622,3,3
2022-05-31 15:16:30.673,16620,16622,16620,1,-1
2022-05-31 15:16:30.818,16620,16622,16620,3,-3
2022-05-31 15:16:31.003,16620,16622,16621,1,-1
2022-05-31 15:16:31.283,16621,16622,16622,1,1
2022-05-31 15:16:34.444,16622,16623,16622,1,-1
2022-05-31 15:16:35.069,16622,16623,16623,2,2
2022-05-31 15:16:35.998,16622,16624,16622,1,-1
2022-05-31 15:16:41.275,16622,16624,16622,4,-4
2022-05-31 15:16:41.298,16622,16624,16624,1,1
2022-05-31 15:16:41.452,16622,16624,16624,2,2
2022-05-31 15:16:43.322,16622,16624,16624,1,1
2022-05-31 15:16:44.057,16622,16624,16624,1,1
2022-05-31 15:16:46.387,16624,16625,16624,1,-1
2022-05-31 15:16:50.328,16623,16624,16623,1,-1
2022-05-31 15:16:50.328,16623,16624,16622,4,-4
2022-05-31 15:16:56.095,16622,16624,16624,2,2
2022-05-31 15:16:58.561,16622,16623,16623,1,1
2022-05-31 15:16:58.646,16622,16623,16622,1,-1
2022-05-31 15:16:58.646,16622,16623,16622,4,-4
2022-05-31 15:16:58.781,16621,16622,16622,1,1
2022-05-31 15:16:58.789,16621,16622,16621,2,-2
2022-05-31 15:16:58.967,16621,16622,16621,2,-2
2022-05-31 15:17:01.061,16621,16622,16622,1,1
2022-05-31 15:17:01.907,16621,16622,16621,1,-1
2022-05-31 15:17:03.681,16620,16621,16620,4,-4
2022-05-31 15:17:03.681,16620,16621,16620,1,-1
2022-05-31 15:17:03.682,16620,16621,16620,1,-1
2022-05-31 15:17:03.684,16620,16621,16620,1,-1
2022-05-31 15:17:03.896,16619,16620,16620,1,1
2022-05-31 15:17:04.008,16619,16620,16619,4,-4
2022-05-31 15:17:04.013,16619,16620,16621,2,2
2022-05-31 15:17:04.102,16619,16621,16619,5,-5
2022-05-31 15:17:04.123,16619,16621,16619,1,-1
2022-05-31 15:17:04.453,16619,16620,16620,2,2
2022-05-31 15:17:04.643,16619,16621,16619,1,-1
2022-05-31 15:17:06.222,16619,16620,16620,2,2
2022-05-31 15:17:06.548,16620,16621,16620,1,-1
2022-05-31 15:17:06.567,16620,16621,16619,1,-1
2022-05-31 15:17:07.003,16619,16620,16619,1,-1
2022-05-31 15:17:07.580,16619,16620,16620,1,1
2022-05-31 15:17:07.661,16619,16620,16620,2,2
2022-05-31 15:17:07.767,16619,16620,16620,2,2
2022-05-31 15:17:07.818,16620,16621,16620,1,-1
2022-05-31 15:17:08.027,16620,16621,16620,1,-1
2022-05-31 15:17:08.028,16620,16621,16620,3,-3
2022-05-31 15:17:08.239,16619,16621,16619,1,-1
2022-05-31 15:17:08.530,16619,16621,16621,6,6
2022-05-31 15:17:09.778,16619,16620,16619,1,-1
2022-05-31 15:17:10.695,16619,16620,16620,2,2
2022-05-31 15:17:10.867,16619,16620,16619,1,-1
2022-05-31 15:17:11.119,16619,16620,16619,1,-1
2022-05-31 15:17:11.953,16620,16621,16620,1,-1
2022-05-31 15:17:12.072,16620,16621,16621,4,4
2022-05-31 15:17:14.992,16620,16621,16620,1,-1
2022-05-31 15:17:15.349,16620,16621,16620,2,-2
2022-05-31 15:17:18.023,16620,16621,16620,7,-7
2022-05-31 15:17:18.180,16619,16620,16620,2,2
2022-05-31 15:17:18.792,16620,16621,16620,1,-1
2022-05-31 15:17:19.421,16620,16621,16620,2,-2
2022-05-31 15:17:22.533,16620,16621,16620,1,-1
2022-05-31 15:17:24.033,16619,16620,16620,1,1
2022-05-31 15:17:24.406,16619,16621,16620,1,1
2022-05-31 15:17:25.726,16619,16620,16620,2,2
2022-05-31 15:17:29.707,16619,16620,16620,12,12
2022-05-31 15:17:30.139,16620,16621,16620,1,-1
2022-05-31 15:17:31.261,16620,16621,16620,1,-1
2022-05-31 15:17:32.810,16620,16621,16621,6,6
2022-05-31 15:17:32.810,16620,16621,16621,1,1
2022-05-31 15:17:33.554,16621,16622,16622,3,3
2022-05-31 15:17:33.683,16622,16624,16623,2,2
2022-05-31 15:17:33.719,16622,16624,16623,1,1
2022-05-31 15:17:36.107,16622,16624,16624,1,1
2022-05-31 15:17:37.239,16623,16624,16624,2,2
2022-05-31 15:17:37.268,16623,16624,16623,1,-1
2022-05-31 15:17:37.390,16623,16624,16624,1,1
2022-05-31 15:17:38.897,16624,16625,16624,1,-1
2022-05-31 15:17:39.778,16623,16625,16623,1,-1
2022-05-31 15:17:40.989,16624,16625,16624,1,-1
2022-05-31 15:17:41.996,16623,16624,16623,1,-1
2022-05-31 15:17:41.996,16623,16624,16622,4,-4
2022-05-31 15:17:44.070,16624,16625,16624,1,-1
2022-05-31 15:17:44.793,16624,16625,16625,4,4
2022-05-31 15:17:46.096,16624,16625,16624,1,-1
2022-05-31 15:17:49.234,16623,16625,16625,1,1
2022-05-31 15:17:49.782,16624,16625,16625,1,1
2022-05-31 15:17:50.149,16624,16625,16624,2,-2
2022-05-31 15:17:50.958,16623,16624,16624,1,1
2022-05-31 15:17:54.421,16624,16625,16625,2,2
2022-05-31 15:17:54.587,16624,16626,16624,1,-1
2022-05-31 15:17:55.829,16624,16625,16625,2,2
2022-05-31 15:17:58.878,16624,16625,16624,1,-1
2022-05-31 15:17:58.930,16624,16625,16625,1,1
2022-05-31 15:18:00.192,16624,16625,16624,1,-1
2022-05-31 15:18:00.892,16623,16625,16625,2,2
2022-05-31 15:18:04.164,16623,16625,16625,3,3
2022-05-31 15:18:06.716,16624,16625,16624,1,-1
2022-05-31 15:18:09.127,16623,16624,16623,2,-2
2022-05-31 15:18:10.253,16622,16623,16622,2,-2
2022-05-31 15:18:10.253,16622,16623,16622,1,-1
2022-05-31 15:18:10.503,16621,16623,16623,1,1
2022-05-31 15:18:10.935,16621,16624,16621,1,-1
2022-05-31 15:18:13.674,16622,16624,16622,1,-1
2022-05-31 15:18:15.416,16622,16624,16624,3,3
2022-05-31 15:18:19.037,16623,16624,16623,2,-2
2022-05-31 15:18:19.109,16622,16624,16624,3,3
2022-05-31 15:18:25.984,16623,16624,16624,1,1
2022-05-31 15:18:30.452,16624,16625,16624,1,-1
2022-05-31 15:18:30.760,16624,16625,16624,1,-1
2022-05-31 15:18:32.278,16624,16625,16624,2,-2
2022-05-31 15:18:33.534,16624,16625,16625,11,11
2022-05-31 15:18:35.773,16625,16626,16625,1,-1
2022-05-31 15:18:35.773,16625,16626,16624,4,-4
2022-05-31 15:18:37.453,16625,16626,16625,1,-1
2022-05-31 15:18:38.405,16624,16626,16626,1,1
2022-05-31 15:18:39.219,16624,16626,16626,9,9
2022-05-31 15:18:39.557,16625,16627,16625,1,-1
2022-05-31 15:18:39.857,16625,16627,16627,1,1
2022-05-31 15:18:39.880,16625,16627,16625,12,-12
2022-05-31 15:18:39.880,16625,16627,16624,8,-8
2022-05-31 15:18:39.881,16625,16627,16625,1,-1
2022-05-31 15:18:44.406,16625,16626,16626,1,1
2022-05-31 15:18:46.823,16625,16627,16627,1,1
2022-05-31 15:18:48.310,16626,16627,16626,1,-1
2022-05-31 15:18:51.582,16626,16627,16626,1,-1
2022-05-31 15:18:52.567,16626,16627,16627,2,2
2022-05-31 15:18:52.567,16626,16627,16627,1,1
2022-05-31 15:18:52.567,16626,16627,16627,1,1
2022-05-31 15:18:52.752,16626,16628,16628,2,2
2022-05-31 15:18:53.863,16626,16627,16627,1,1
2022-05-31 15:18:56.452,16626,16628,16627,2,2
2022-05-31 15:18:57.232,16627,16628,16627,1,-1
2022-05-31 15:18:57.401,16627,16628,16627,1,-1
2022-05-31 15:18:57.960,16627,16628,16627,1,-1
2022-05-31 15:18:59.288,16626,16627,16626,6,-6
2022-05-31 15:18:59.316,16625,16626,16626,1,1
2022-05-31 15:19:00.314,16625,16626,16626,1,1
2022-05-31 15:19:00.315,16625,16626,16626,1,1
2022-05-31 15:19:03.477,16626,16627,16627,2,2
2022-05-31 15:19:03.478,16626,16627,16627,1,1
2022-05-31 15:19:07.291,16626,16627,16627,1,1
2022-05-31 15:19:08.341,16627,16628,16628,1,1
2022-05-31 15:19:08.527,16627,16628,16628,1,1
2022-05-31 15:19:09.568,16627,16628,16628,1,1
2022-05-31 15:19:11.326,16627,16628,16627,2,-2
2022-05-31 15:19:13.417,16627,16628,16628,1,1
2022-05-31 15:19:17.328,16627,16628,16628,1,1
2022-05-31 15:19:18.734,16627,16628,16628,1,1
2022-05-31 15:19:19.291,16627,16628,16628,1,1
2022-05-31 15:19:20.020,16627,16628,16627,2,-2
2022-05-31 15:19:21.241,16627,16628,16627,1,-1
2022-05-31 15:19:21.981,16627,16628,16627,5,-5
2022-05-31 15:19:22.399,16627,16628,16628,1,1
2022-05-31 15:19:25.767,16627,16628,16627,1,-1
2022-05-31 15:19:26.375,16627,16628,16627,5,-5
2022-05-31 15:19:26.877,16626,16627,16626,1,-1
2022-05-31 15:19:26.877,16626,16627,16626,2,-2
2022-05-31 15:19:27.162,16625,16626,16626,1,1
2022-05-31 15:19:27.992,16625,16626,16626,1,1
2022-05-31 15:19:29.138,16625,16626,16625,4,-4
2022-05-31 15:19:29.138,16625,16626,16625,4,-4
2022-05-31 15:19:29.138,16625,16626,16625,1,-1
2022-05-31 15:19:29.233,16624,16625,16624,1,-1
2022-05-31 15:19:30.435,16623,16625,16625,1,1
2022-05-31 15:19:32.002,16623,16625,16623,1,-1
2022-05-31 15:19:32.802,16623,16625,16623,1,-1
2022-05-31 15:19:34.905,16623,16625,16625,5,5
2022-05-31 15:19:35.898,16624,16626,16624,1,-1
2022-05-31 15:19:36.500,16624,16626,16624,1,-1
2022-05-31 15:19:40.315,16624,16625,16624,1,-1
2022-05-31 15:19:40.315,16624,16625,16624,1,-1
2022-05-31 15:19:41.379,16624,16625,16624,1,-1
2022-05-31 15:19:41.379,16624,16625,16624,1,-1
2022-05-31 15:19:42.350,16624,16625,16624,1,-1
2022-05-31 15:19:43.819,16623,16624,16623,1,-1
2022-05-31 15:19:46.941,16622,16623,16622,1,-1
2022-05-31 15:19:46.941,16622,16623,16622,4,-4
2022-05-31 15:19:46.941,16622,16623,16622,1,-1
2022-05-31 15:19:47.231,16621,16622,16621,4,-4
2022-05-31 15:19:48.620,16620,16621,16620,3,-3
2022-05-31 15:19:49.013,16620,16621,16621,1,1
2022-05-31 15:19:49.014,16620,16621,16620,6,-6
2022-05-31 15:19:49.042,16620,16621,16621,2,2
2022-05-31 15:19:50.744,16620,16622,16620,1,-1
2022-05-31 15:19:51.196,16620,16622,16622,1,1
2022-05-31 15:19:54.022,16620,16622,16622,6,6
2022-05-31 15:19:54.022,16620,16622,16623,1,1
2022-05-31 15:19:57.272,16621,16622,16621,1,-1
2022-05-31 15:19:57.549,16620,16621,16620,1,-1
2022-05-31 15:19:57.629,16620,16621,16620,6,-6
2022-05-31 15:19:57.629,16620,16621,16620,3,-3
2022-05-31 15:19:59.655,16619,16621,16621,1,1
2022-05-31 15:20:01.130,16620,16621,16620,1,-1
2022-05-31 15:20:01.550,16620,16621,16621,5,5
2022-05-31 15:20:01.810,16620,16621,16620,2,-2
2022-05-31 15:20:01.969,16619,16621,16620,1,-1
2022-05-31 15:20:03.719,16619,16620,16620,1,1
2022-05-31 15:20:06.523,16619,16620,16620,1,1
2022-05-31 15:20:07.121,16619,16620,16619,1,-1
2022-05-31 15:20:08.332,16619,16620,16620,1,1
2022-05-31 15:20:10.317,16619,16620,16620,2,2
2022-05-31 15:20:15.025,16619,16620,16620,3,3
2022-05-31 15:20:15.333,16620,16621,16620,3,-3
2022-05-31 15:20:15.407,16620,16621,16620,1,-1
2022-05-31 15:20:15.935,16619,16621,16620,1,-1
2022-05-31 15:20:16.662,16620,16621,16620,1,-1
2022-05-31 15:20:19.019,16620,16621,16620,1,-1
2022-05-31 15:20:19.474,16619,16621,16619,1,-1
2022-05-31 15:20:22.749,16619,16620,16620,2,2
2022-05-31 15:20:25.458,16619,16620,16620,1,1
2022-05-31 15:20:25.458,16619,16620,16620,2,2
2022-05-31 15:20:30.166,16621,16623,16621,1,-1
2022-05-31 15:20:30.834,16621,16623,16621,2,-2
2022-05-31 15:20:37.116,16622,16623,16623,3,3
2022-05-31 15:20:38.481,16623,16624,16623,1,-1
2022-05-31 15:20:40.626,16623,16624,16624,1,1
2022-05-31 15:20:46.415,16622,16623,16623,1,1
2022-05-31 15:20:50.079,16623,16624,16623,1,-1
2022-05-31 15:20:50.763,16623,16624,16624,1,1
2022-05-31 15:20:52.695,16623,16624,16623,1,-1
2022-05-31 15:20:58.421,16623,16624,16623,1,-1
2022-05-31 15:20:59.589,16623,16624,16624,4,4
2022-05-31 15:20:59.946,16624,16625,16625,14,14
2022-05-31 15:21:00.145,16624,16626,16624,1,-1
2022-05-31 15:21:01.282,16624,16626,16626,1,1
2022-05-31 15:21:02.456,16625,16626,16626,3,3
2022-05-31 15:21:02.860,16625,16626,16626,1,1
2022-05-31 15:21:03.383,16625,16626,16625,2,-2
2022-05-31 15:21:03.383,16625,16626,16624,3,-3
2022-05-31 15:21:04.133,16625,16626,16625,1,-1
2022-05-31 15:21:04.427,16625,16626,16626,5,5
2022-05-31 15:21:04.966,16626,16627,16627,5,5
2022-05-31 15:21:05.823,16626,16628,16626,1,-1
2022-05-31 15:21:07.248,16626,16628,16628,1,1
2022-05-31 15:21:08.375,16627,16628,16627,2,-2
2022-05-31 15:21:09.390,16627,16628,16628,2,2
2022-05-31 15:21:12.361,16627,16628,16627,2,-2
2022-05-31 15:21:12.393,16627,16628,16626,1,-1
2022-05-31 15:21:17.512,16626,16627,16626,5,-5
2022-05-31 15:21:17.512,16626,16627,16626,2,-2
2022-05-31 15:21:17.512,16626,16627,16626,2,-2
2022-05-31 15:21:18.397,16624,16626,16626,1,1
2022-05-31 15:21:21.181,16625,16626,16626,1,1
2022-05-31 15:21:25.082,16626,16627,16627,2,2
2022-05-31 15:21:26.359,16627,16628,16627,1,-1
2022-05-31 15:21:26.783,16627,16628,16628,1,1
2022-05-31 15:21:26.783,16627,16628,16628,6,6
2022-05-31 15:21:26.783,16627,16628,16628,1,1
2022-05-31 15:21:26.783,16627,16628,16628,3,3
2022-05-31 15:21:26.784,16627,16628,16628,7,7
2022-05-31 15:21:26.834,16628,16629,16629,1,1
2022-05-31 15:21:27.249,16627,16629,16627,1,-1
2022-05-31 15:21:28.109,16627,16628,16628,1,1
2022-05-31 15:21:28.348,16628,16629,16629,2,2
2022-05-31 15:21:29.161,16628,16629,16629,2,2
2022-05-31 15:21:30.792,16629,16630,16629,2,-2
2022-05-31 15:21:31.523,16627,16629,16627,1,-1
2022-05-31 15:21:32.699,16627,16629,16629,1,1
2022-05-31 15:21:33.938,16628,16629,16628,1,-1
