2022-02-15 15:00:00.082,17967,17968,17970,77,77
2022-02-15 15:00:00.124,17969,17970,17970,7,7
2022-02-15 15:00:00.124,17969,17970,17971,6,6
2022-02-15 15:00:00.124,17969,17970,17972,2,2
2022-02-15 15:00:00.218,17969,17972,17970,1,-1
2022-02-15 15:00:00.218,17969,17972,17971,1,1
2022-02-15 15:00:00.340,17971,17972,17972,3,3
2022-02-15 15:00:00.367,17971,17972,17971,2,-2
2022-02-15 15:00:00.383,17971,17972,17973,1,1
2022-02-15 15:00:00.441,17971,17973,17971,1,-1
2022-02-15 15:00:00.441,17971,17973,17969,1,-1
2022-02-15 15:00:00.473,17971,17973,17969,1,-1
2022-02-15 15:00:00.593,17968,17970,17970,1,1
2022-02-15 15:00:00.595,17968,17970,17968,1,-1
2022-02-15 15:00:00.595,17968,17970,17967,2,-2
2022-02-15 15:00:00.595,17968,17970,17966,1,-1
2022-02-15 15:00:00.595,17968,17970,17965,3,-3
2022-02-15 15:00:00.595,17968,17970,17965,1,-1
2022-02-15 15:00:00.755,17964,17970,17964,1,-1
2022-02-15 15:00:00.802,17964,17970,17964,1,-1
2022-02-15 15:00:00.802,17964,17970,17969,1,1
2022-02-15 15:00:00.879,17964,17970,17964,1,-1
2022-02-15 15:00:00.909,17964,17970,17969,1,1
2022-02-15 15:00:01.092,17964,17970,17964,1,-1
2022-02-15 15:00:01.097,17964,17970,17963,1,-1
2022-02-15 15:00:01.123,17964,17970,17964,1,-1
2022-02-15 15:00:01.204,17963,17969,17969,1,1
2022-02-15 15:00:01.204,17963,17969,17970,4,4
2022-02-15 15:00:01.204,17963,17969,17971,4,4
2022-02-15 15:00:01.204,17963,17969,17971,6,6
2022-02-15 15:00:01.205,17963,17969,17971,1,1
2022-02-15 15:00:01.260,17963,17969,17972,1,1
2022-02-15 15:00:01.270,17963,17969,17973,1,1
2022-02-15 15:00:01.292,17963,17969,17970,1,1
2022-02-15 15:00:01.332,17970,17973,17973,1,1
2022-02-15 15:00:01.351,17970,17973,17970,1,-1
2022-02-15 15:00:01.362,17970,17973,17970,1,-1
2022-02-15 15:00:01.395,17970,17973,17970,1,-1
2022-02-15 15:00:01.401,17970,17973,17972,1,1
2022-02-15 15:00:01.451,17969,17973,17973,2,2
2022-02-15 15:00:01.460,17969,17973,17973,1,1
2022-02-15 15:00:01.524,17969,17973,17973,1,1
2022-02-15 15:00:01.597,17971,17974,17974,1,1
2022-02-15 15:00:01.720,17971,17974,17971,1,-1
2022-02-15 15:00:01.752,17971,17974,17971,1,-1
2022-02-15 15:00:01.753,17971,17974,17971,1,-1
2022-02-15 15:00:02.055,17969,17971,17969,1,-1
2022-02-15 15:00:02.055,17969,17971,17969,1,-1
2022-02-15 15:00:02.099,17969,17971,17971,1,1
2022-02-15 15:00:02.099,17969,17971,17972,2,2
2022-02-15 15:00:02.099,17969,17971,17972,1,1
2022-02-15 15:00:02.099,17969,17971,17972,6,6
2022-02-15 15:00:02.232,17968,17971,17968,6,-6
2022-02-15 15:00:02.232,17968,17971,17967,1,-1
2022-02-15 15:00:02.232,17968,17971,17966,1,-1
2022-02-15 15:00:02.232,17968,17971,17965,1,-1
2022-02-15 15:00:02.233,17968,17971,17967,1,-1
2022-02-15 15:00:02.307,17965,17967,17967,1,1
2022-02-15 15:00:02.382,17965,17967,17967,1,1
2022-02-15 15:00:02.504,17965,17968,17968,1,1
2022-02-15 15:00:02.504,17965,17968,17968,1,1
2022-02-15 15:00:02.520,17965,17968,17965,1,-1
2022-02-15 15:00:02.647,17965,17969,17969,1,1
2022-02-15 15:00:02.648,17965,17969,17970,1,1
2022-02-15 15:00:02.673,17965,17969,17971,1,1
2022-02-15 15:00:02.974,17967,17971,17967,2,-2
2022-02-15 15:00:02.978,17967,17971,17967,1,-1
2022-02-15 15:00:03.031,17967,17971,17970,1,1
2022-02-15 15:00:03.053,17967,17971,17971,1,1
2022-02-15 15:00:03.439,17968,17972,17972,1,1
2022-02-15 15:00:03.586,17968,17972,17973,1,1
2022-02-15 15:00:03.836,17971,17974,17974,3,3
2022-02-15 15:00:03.947,17972,17974,17972,1,-1
2022-02-15 15:00:03.947,17972,17974,17974,2,2
2022-02-15 15:00:04.019,17972,17974,17972,1,-1
2022-02-15 15:00:04.284,17972,17974,17972,1,-1
2022-02-15 15:00:04.354,17971,17974,17974,1,1
2022-02-15 15:00:05.240,17971,17973,17973,1,1
2022-02-15 15:00:05.241,17971,17973,17973,2,2
2022-02-15 15:00:05.241,17971,17973,17974,1,1
2022-02-15 15:00:05.310,17972,17974,17974,1,1
2022-02-15 15:00:05.310,17972,17974,17975,4,4
2022-02-15 15:00:05.473,17972,17975,17975,1,1
2022-02-15 15:00:05.585,17973,17975,17975,1,1
2022-02-15 15:00:05.585,17973,17975,17975,4,4
2022-02-15 15:00:06.202,17974,17975,17974,1,-1
2022-02-15 15:00:06.262,17974,17975,17975,3,3
2022-02-15 15:00:06.263,17974,17975,17974,1,-1
2022-02-15 15:00:06.655,17972,17974,17974,1,1
2022-02-15 15:00:06.674,17972,17974,17975,1,1
2022-02-15 15:00:07.443,17974,17976,17974,1,-1
2022-02-15 15:00:07.513,17974,17976,17973,1,-1
2022-02-15 15:00:07.513,17974,17976,17972,1,-1
2022-02-15 15:00:07.545,17974,17976,17973,1,-1
2022-02-15 15:00:07.729,17972,17974,17972,1,-1
2022-02-15 15:00:07.732,17972,17974,17972,1,-1
2022-02-15 15:00:08.049,17971,17973,17972,1,1
2022-02-15 15:00:08.125,17970,17972,17972,2,2
2022-02-15 15:00:08.539,17971,17973,17971,1,-1
2022-02-15 15:00:08.725,17971,17973,17971,2,-2
2022-02-15 15:00:08.939,17971,17973,17971,1,-1
2022-02-15 15:00:09.219,17970,17971,17970,3,-3
2022-02-15 15:00:09.315,17968,17969,17969,1,1
2022-02-15 15:00:09.374,17968,17969,17969,1,1
2022-02-15 15:00:09.426,17968,17969,17970,1,1
2022-02-15 15:00:09.517,17969,17971,17971,1,1
2022-02-15 15:00:09.529,17969,17971,17971,2,2
2022-02-15 15:00:09.633,17970,17973,17971,2,-2
2022-02-15 15:00:09.633,17970,17973,17970,3,-3
2022-02-15 15:00:09.633,17970,17973,17969,2,-2
2022-02-15 15:00:09.633,17970,17973,17968,1,-1
2022-02-15 15:00:12.333,17969,17971,17971,1,1
2022-02-15 15:00:12.647,17970,17971,17970,3,-3
2022-02-15 15:00:12.647,17970,17971,17969,5,-5
2022-02-15 15:00:13.298,17968,17970,17970,2,2
2022-02-15 15:00:13.855,17970,17971,17971,2,2
2022-02-15 15:00:14.064,17970,17973,17973,1,1
2022-02-15 15:00:14.980,17971,17973,17971,1,-1
2022-02-15 15:00:15.955,17971,17972,17972,1,1
2022-02-15 15:00:16.033,17971,17972,17971,1,-1
2022-02-15 15:00:16.381,17971,17973,17971,3,-3
2022-02-15 15:00:17.056,17970,17971,17970,3,-3
2022-02-15 15:00:17.691,17969,17971,17971,1,1
2022-02-15 15:00:18.463,17971,17972,17972,2,2
2022-02-15 15:00:18.463,17971,17972,17973,1,1
2022-02-15 15:00:18.546,17971,17972,17973,5,5
2022-02-15 15:00:18.554,17971,17972,17972,1,1
2022-02-15 15:00:18.744,17971,17973,17971,1,-1
2022-02-15 15:00:20.725,17971,17973,17971,1,-1
2022-02-15 15:00:23.272,17972,17973,17973,1,1
2022-02-15 15:00:23.396,17972,17973,17972,1,-1
2022-02-15 15:00:23.426,17972,17973,17972,1,-1
2022-02-15 15:00:25.459,17972,17973,17972,2,-2
2022-02-15 15:00:26.754,17971,17973,17972,1,1
2022-02-15 15:00:27.034,17971,17973,17973,1,1
2022-02-15 15:00:27.036,17971,17973,17973,4,4
2022-02-15 15:00:27.036,17971,17973,17973,5,5
2022-02-15 15:00:28.336,17973,17974,17973,1,-1
2022-02-15 15:00:28.827,17973,17974,17974,1,1
2022-02-15 15:00:29.201,17973,17974,17974,1,1
2022-02-15 15:00:29.794,17973,17974,17974,1,1
2022-02-15 15:00:29.799,17973,17974,17974,3,3
2022-02-15 15:00:29.800,17973,17974,17975,14,14
2022-02-15 15:00:30.615,17975,17976,17976,2,2
2022-02-15 15:00:30.989,17975,17976,17976,1,1
2022-02-15 15:00:31.548,17975,17976,17975,1,-1
2022-02-15 15:00:31.723,17975,17976,17976,2,2
2022-02-15 15:00:31.723,17975,17976,17976,1,1
2022-02-15 15:00:31.723,17975,17976,17976,1,1
2022-02-15 15:00:31.723,17975,17976,17976,1,1
2022-02-15 15:00:31.775,17975,17976,17977,9,9
2022-02-15 15:00:31.776,17975,17976,17978,5,5
2022-02-15 15:00:31.777,17975,17976,17978,5,5
2022-02-15 15:00:31.777,17975,17976,17978,1,1
2022-02-15 15:00:31.777,17975,17976,17978,1,1
2022-02-15 15:00:31.777,17975,17976,17978,1,1
2022-02-15 15:00:31.780,17975,17976,17978,3,3
2022-02-15 15:00:32.906,17978,17979,17979,11,11
2022-02-15 15:00:32.907,17978,17979,17979,2,2
2022-02-15 15:00:32.907,17978,17979,17980,13,13
2022-02-15 15:00:32.946,17980,17981,17981,5,5
2022-02-15 15:00:32.963,17980,17981,17980,2,-2
2022-02-15 15:00:33.031,17980,17981,17981,1,1
2022-02-15 15:00:33.031,17980,17981,17982,3,3
2022-02-15 15:00:33.052,17980,17981,17982,1,1
2022-02-15 15:00:33.101,17981,17982,17982,1,1
2022-02-15 15:00:33.415,17981,17983,17981,1,-1
2022-02-15 15:00:33.488,17981,17982,17981,2,-2
2022-02-15 15:00:33.925,17978,17981,17979,1,-1
2022-02-15 15:00:34.153,17978,17980,17978,1,-1
2022-02-15 15:00:34.440,17978,17979,17978,1,-1
2022-02-15 15:00:35.172,17978,17979,17979,1,1
2022-02-15 15:00:35.396,17978,17979,17979,1,1
2022-02-15 15:00:35.688,17977,17978,17977,1,-1
2022-02-15 15:00:35.688,17977,17978,17977,1,-1
2022-02-15 15:00:36.524,17976,17977,17976,1,-1
2022-02-15 15:00:37.561,17975,17976,17975,2,-2
2022-02-15 15:00:37.701,17975,17976,17976,1,1
2022-02-15 15:00:37.840,17975,17976,17976,1,1
2022-02-15 15:00:37.854,17975,17976,17977,1,1
2022-02-15 15:00:39.472,17976,17977,17977,1,1
2022-02-15 15:00:39.472,17976,17977,17978,3,3
2022-02-15 15:00:39.998,17977,17978,17977,2,-2
2022-02-15 15:00:40.364,17976,17978,17978,1,1
2022-02-15 15:00:40.527,17976,17978,17978,3,3
2022-02-15 15:00:40.527,17976,17978,17979,1,1
2022-02-15 15:00:40.591,17977,17979,17978,1,1
2022-02-15 15:00:41.203,17977,17979,17979,1,1
2022-02-15 15:00:41.300,17977,17979,17979,1,1
2022-02-15 15:00:41.343,17977,17979,17977,1,-1
2022-02-15 15:00:41.591,17976,17977,17977,1,1
2022-02-15 15:00:42.902,17976,17978,17977,1,1
2022-02-15 15:00:43.452,17976,17978,17978,1,1
2022-02-15 15:00:43.876,17976,17977,17976,2,-2
2022-02-15 15:00:43.876,17976,17977,17976,1,-1
2022-02-15 15:00:44.160,17975,17976,17976,1,1
2022-02-15 15:00:44.455,17975,17976,17975,2,-2
2022-02-15 15:00:45.306,17975,17976,17976,1,1
2022-02-15 15:00:46.133,17975,17976,17975,1,-1
2022-02-15 15:00:46.133,17975,17976,17975,1,-1
2022-02-15 15:00:46.344,17975,17976,17975,2,-2
2022-02-15 15:00:49.122,17975,17976,17976,1,1
2022-02-15 15:00:49.850,17975,17976,17976,2,2
2022-02-15 15:00:50.018,17975,17976,17976,1,1
2022-02-15 15:00:50.457,17975,17976,17976,1,1
2022-02-15 15:00:50.556,17975,17977,17977,1,1
2022-02-15 15:00:50.626,17975,17977,17977,2,2
2022-02-15 15:00:51.330,17976,17977,17977,1,1
2022-02-15 15:00:51.435,17977,17978,17978,2,2
2022-02-15 15:00:52.080,17977,17979,17979,1,1
2022-02-15 15:00:52.080,17977,17979,17980,3,3
2022-02-15 15:00:52.251,17978,17979,17979,1,1
2022-02-15 15:00:52.688,17978,17979,17979,1,1
2022-02-15 15:00:52.725,17978,17979,17979,1,1
2022-02-15 15:00:52.725,17978,17979,17980,3,3
2022-02-15 15:00:52.807,17978,17980,17980,1,1
2022-02-15 15:00:53.287,17979,17980,17979,1,-1
2022-02-15 15:00:53.573,17979,17980,17979,2,-2
2022-02-15 15:00:53.573,17979,17980,17979,1,-1
2022-02-15 15:00:53.933,17978,17980,17980,1,1
2022-02-15 15:00:54.092,17978,17980,17978,2,-2
2022-02-15 15:00:54.092,17978,17980,17977,2,-2
2022-02-15 15:00:55.327,17976,17978,17976,1,-1
2022-02-15 15:00:55.629,17976,17977,17977,3,3
2022-02-15 15:00:55.629,17976,17977,17978,5,5
2022-02-15 15:00:55.629,17976,17977,17979,10,10
2022-02-15 15:00:56.858,17976,17979,17976,4,-4
2022-02-15 15:00:57.075,17976,17978,17977,1,1
2022-02-15 15:00:59.077,17976,17978,17976,4,-4
2022-02-15 15:00:59.139,17976,17978,17977,1,1
2022-02-15 15:00:59.190,17976,17977,17977,1,1
2022-02-15 15:00:59.558,17977,17978,17978,1,1
2022-02-15 15:01:00.027,17977,17978,17977,2,-2
2022-02-15 15:01:00.027,17977,17978,17977,1,-1
2022-02-15 15:01:00.034,17977,17978,17976,1,-1
2022-02-15 15:01:00.035,17977,17978,17977,1,-1
2022-02-15 15:01:00.039,17977,17978,17977,1,-1
2022-02-15 15:01:00.054,17977,17978,17975,6,-6
2022-02-15 15:01:00.058,17975,17977,17977,2,2
2022-02-15 15:01:00.076,17975,17977,17975,1,-1
2022-02-15 15:01:00.077,17975,17977,17975,1,-1
2022-02-15 15:01:00.094,17975,17977,17975,2,-2
2022-02-15 15:01:00.101,17975,17977,17975,1,-1
2022-02-15 15:01:00.102,17975,17977,17975,2,-2
2022-02-15 15:01:00.120,17975,17977,17975,1,-1
2022-02-15 15:01:00.216,17975,17977,17975,1,-1
2022-02-15 15:01:00.337,17974,17976,17974,3,-3
2022-02-15 15:01:00.457,17974,17976,17976,1,1
2022-02-15 15:01:00.458,17974,17976,17976,1,1
2022-02-15 15:01:00.494,17974,17976,17975,2,2
2022-02-15 15:01:00.570,17975,17977,17975,1,-1
2022-02-15 15:01:01.432,17976,17978,17976,1,-1
2022-02-15 15:01:01.558,17976,17978,17978,1,1
2022-02-15 15:01:02.088,17977,17978,17977,1,-1
2022-02-15 15:01:02.088,17977,17978,17976,1,-1
2022-02-15 15:01:02.317,17976,17978,17978,5,5
2022-02-15 15:01:02.964,17977,17979,17977,3,-3
2022-02-15 15:01:03.347,17976,17978,17978,1,1
2022-02-15 15:01:03.654,17977,17978,17977,1,-1
2022-02-15 15:01:04.424,17976,17978,17978,1,1
2022-02-15 15:01:05.004,17976,17978,17978,1,1
2022-02-15 15:01:05.133,17977,17978,17978,1,1
2022-02-15 15:01:05.306,17978,17979,17979,1,1
2022-02-15 15:01:05.780,17977,17979,17979,2,2
2022-02-15 15:01:05.780,17977,17979,17980,3,3
2022-02-15 15:01:05.868,17978,17980,17980,1,1
2022-02-15 15:01:06.427,17978,17980,17980,3,3
2022-02-15 15:01:08.216,17979,17980,17980,1,1
2022-02-15 15:01:08.308,17979,17980,17980,1,1
2022-02-15 15:01:08.308,17979,17980,17981,1,1
2022-02-15 15:01:08.308,17979,17980,17981,1,1
2022-02-15 15:01:08.308,17979,17980,17981,1,1
2022-02-15 15:01:08.895,17980,17981,17980,1,-1
2022-02-15 15:01:09.550,17980,17981,17980,1,-1
2022-02-15 15:01:09.842,17980,17981,17981,3,3
2022-02-15 15:01:10.405,17981,17982,17981,1,-1
2022-02-15 15:01:11.784,17981,17982,17981,1,-1
2022-02-15 15:01:12.130,17980,17982,17981,1,1
2022-02-15 15:01:12.463,17980,17981,17981,1,1
2022-02-15 15:01:13.485,17980,17981,17980,1,-1
2022-02-15 15:01:13.846,17980,17981,17980,5,-5
2022-02-15 15:01:13.860,17980,17981,17979,21,-21
2022-02-15 15:01:13.860,17980,17981,17978,1,-1
2022-02-15 15:01:13.861,17980,17981,17978,1,-1
2022-02-15 15:01:13.861,17980,17981,17978,1,-1
2022-02-15 15:01:13.997,17977,17978,17977,2,-2
2022-02-15 15:01:14.039,17977,17978,17977,1,-1
2022-02-15 15:01:15.567,17975,17977,17977,1,1
2022-02-15 15:01:15.887,17975,17977,17977,1,1
2022-02-15 15:01:16.161,17975,17977,17976,1,1
2022-02-15 15:01:16.163,17975,17977,17976,2,2
2022-02-15 15:01:16.496,17975,17977,17976,1,1
2022-02-15 15:01:16.664,17975,17976,17976,1,1
2022-02-15 15:01:16.743,17975,17976,17975,1,-1
2022-02-15 15:01:16.743,17975,17976,17975,1,-1
2022-02-15 15:01:16.743,17975,17976,17975,1,-1
2022-02-15 15:01:17.171,17974,17975,17974,4,-4
2022-02-15 15:01:17.182,17973,17974,17974,1,1
2022-02-15 15:01:17.183,17973,17974,17974,1,1
2022-02-15 15:01:17.183,17973,17974,17974,1,1
2022-02-15 15:01:17.183,17973,17974,17974,1,1
2022-02-15 15:01:17.184,17973,17974,17974,1,1
2022-02-15 15:01:17.184,17973,17974,17974,1,1
2022-02-15 15:01:17.184,17973,17974,17974,1,1
2022-02-15 15:01:17.185,17973,17974,17975,1,1
2022-02-15 15:01:17.893,17974,17976,17974,4,-4
2022-02-15 15:01:17.894,17974,17976,17974,2,-2
2022-02-15 15:01:18.008,17973,17974,17973,1,-1
2022-02-15 15:01:18.103,17973,17974,17974,1,1
2022-02-15 15:01:19.641,17973,17974,17974,1,1
2022-02-15 15:01:20.794,17973,17974,17974,2,2
2022-02-15 15:01:20.795,17973,17974,17974,4,4
2022-02-15 15:01:20.795,17973,17974,17974,3,3
2022-02-15 15:01:20.795,17973,17974,17975,1,1
2022-02-15 15:01:20.915,17974,17976,17974,1,-1
2022-02-15 15:01:26.069,17974,17975,17974,1,-1
2022-02-15 15:01:27.627,17974,17975,17974,1,-1
2022-02-15 15:01:27.683,17974,17975,17975,1,1
2022-02-15 15:01:27.683,17974,17975,17975,1,1
2022-02-15 15:01:27.683,17974,17975,17975,1,1
2022-02-15 15:01:27.683,17974,17975,17975,1,1
2022-02-15 15:01:27.683,17974,17975,17975,4,4
2022-02-15 15:01:27.683,17974,17975,17975,6,6
2022-02-15 15:01:27.683,17974,17975,17975,4,4
2022-02-15 15:01:27.684,17974,17975,17975,1,1
2022-02-15 15:01:27.684,17974,17975,17975,1,1
2022-02-15 15:01:28.634,17975,17976,17975,2,-2
2022-02-15 15:01:29.205,17975,17976,17975,1,-1
2022-02-15 15:01:29.502,17975,17976,17976,1,1
2022-02-15 15:01:29.712,17975,17977,17975,1,-1
2022-02-15 15:01:31.625,17974,17975,17974,1,-1
2022-02-15 15:01:32.089,17974,17976,17976,1,1
2022-02-15 15:01:32.232,17974,17976,17976,1,1
2022-02-15 15:01:32.886,17974,17975,17974,1,-1
2022-02-15 15:01:33.720,17974,17975,17974,2,-2
2022-02-15 15:01:33.720,17974,17975,17974,1,-1
2022-02-15 15:01:33.720,17974,17975,17974,1,-1
2022-02-15 15:01:33.875,17973,17975,17973,1,-1
2022-02-15 15:01:34.061,17973,17974,17974,4,4
2022-02-15 15:01:36.878,17974,17975,17974,1,-1
2022-02-15 15:01:38.885,17974,17975,17974,2,-2
2022-02-15 15:01:40.908,17973,17975,17973,1,-1
2022-02-15 15:01:41.618,17973,17975,17973,1,-1
2022-02-15 15:01:41.619,17973,17975,17973,1,-1
2022-02-15 15:01:41.619,17973,17975,17973,5,-5
2022-02-15 15:01:41.619,17973,17975,17973,2,-2
2022-02-15 15:01:41.620,17973,17975,17973,2,-2
2022-02-15 15:01:41.620,17973,17975,17973,1,-1
2022-02-15 15:01:41.620,17973,17975,17973,1,-1
2022-02-15 15:01:41.620,17973,17975,17973,1,-1
2022-02-15 15:01:41.620,17973,17975,17973,1,-1
2022-02-15 15:01:41.620,17973,17975,17973,1,-1
2022-02-15 15:01:41.620,17973,17975,17973,1,-1
2022-02-15 15:01:41.621,17973,17975,17972,13,-13
2022-02-15 15:01:41.621,17973,17975,17972,1,-1
2022-02-15 15:01:41.720,17971,17972,17971,9,-9
2022-02-15 15:01:41.722,17971,17972,17970,1,-1
2022-02-15 15:01:41.723,17971,17972,17970,3,-3
2022-02-15 15:01:41.723,17971,17972,17970,1,-1
2022-02-15 15:01:41.723,17971,17972,17970,1,-1
2022-02-15 15:01:41.723,17971,17972,17970,1,-1
2022-02-15 15:01:41.723,17971,17972,17970,3,-3
2022-02-15 15:01:41.723,17971,17972,17970,1,-1
2022-02-15 15:01:41.723,17971,17972,17970,1,-1
2022-02-15 15:01:41.779,17971,17972,17969,1,-1
2022-02-15 15:01:41.780,17971,17972,17969,1,-1
2022-02-15 15:01:41.841,17968,17970,17970,1,1
2022-02-15 15:01:41.842,17968,17970,17970,1,1
2022-02-15 15:01:42.198,17968,17970,17970,1,1
2022-02-15 15:01:42.851,17968,17970,17970,2,2
2022-02-15 15:01:44.484,17969,17970,17970,1,1
2022-02-15 15:01:44.484,17969,17970,17970,1,1
2022-02-15 15:01:47.973,17969,17970,17970,1,1
2022-02-15 15:01:49.299,17969,17971,17970,1,1
2022-02-15 15:01:49.307,17969,17970,17970,1,1
2022-02-15 15:01:50.466,17969,17970,17969,2,-2
2022-02-15 15:01:50.467,17969,17970,17969,1,-1
2022-02-15 15:01:52.970,17968,17969,17968,8,-8
2022-02-15 15:01:53.151,17967,17969,17968,1,1
2022-02-15 15:01:53.152,17967,17969,17969,1,1
2022-02-15 15:01:53.213,17967,17969,17967,1,-1
2022-02-15 15:01:53.214,17967,17969,17967,4,-4
2022-02-15 15:01:53.483,17966,17967,17967,1,1
2022-02-15 15:01:53.933,17966,17967,17967,2,2
2022-02-15 15:01:54.349,17967,17968,17967,1,-1
2022-02-15 15:01:55.190,17967,17968,17967,1,-1
2022-02-15 15:01:55.518,17967,17968,17968,1,1
2022-02-15 15:01:56.406,17967,17969,17969,1,1
2022-02-15 15:01:57.134,17967,17968,17967,1,-1
2022-02-15 15:01:58.768,17966,17968,17966,1,-1
2022-02-15 15:01:58.842,17966,17968,17968,1,1
2022-02-15 15:02:00.019,17966,17968,17967,1,1
2022-02-15 15:02:00.029,17966,17968,17966,4,-4
2022-02-15 15:02:00.312,17965,17967,17967,2,2
2022-02-15 15:02:00.346,17965,17967,17967,1,1
2022-02-15 15:02:00.346,17965,17967,17968,1,1
2022-02-15 15:02:01.729,17966,17968,17966,1,-1
2022-02-15 15:02:02.170,17966,17968,17968,3,3
2022-02-15 15:02:02.171,17966,17968,17968,2,2
2022-02-15 15:02:02.410,17968,17969,17969,1,1
2022-02-15 15:02:02.571,17968,17969,17969,1,1
2022-02-15 15:02:02.852,17968,17969,17968,1,-1
2022-02-15 15:02:03.176,17968,17969,17969,2,2
2022-02-15 15:02:03.274,17968,17970,17970,2,2
2022-02-15 15:02:03.315,17968,17970,17968,1,-1
2022-02-15 15:02:04.178,17968,17970,17970,2,2
2022-02-15 15:02:04.267,17969,17970,17970,2,2
2022-02-15 15:02:05.785,17968,17969,17968,4,-4
2022-02-15 15:02:06.413,17967,17968,17967,1,-1
2022-02-15 15:02:06.414,17967,17968,17967,1,-1
2022-02-15 15:02:06.414,17967,17968,17967,1,-1
2022-02-15 15:02:06.614,17965,17967,17967,1,1
2022-02-15 15:02:06.839,17965,17967,17965,1,-1
2022-02-15 15:02:06.961,17965,17967,17967,1,1
2022-02-15 15:02:10.565,17965,17967,17967,1,1
2022-02-15 15:02:10.643,17965,17967,17965,1,-1
2022-02-15 15:02:12.540,17966,17967,17966,1,-1
2022-02-15 15:02:14.075,17966,17967,17967,1,1
2022-02-15 15:02:17.381,17966,17967,17967,5,5
2022-02-15 15:02:17.920,17967,17968,17967,5,-5
2022-02-15 15:02:17.920,17967,17968,17966,8,-8
2022-02-15 15:02:17.983,17966,17968,17966,1,-1
2022-02-15 15:02:19.417,17965,17966,17965,4,-4
2022-02-15 15:02:19.418,17965,17966,17965,2,-2
2022-02-15 15:02:20.541,17964,17965,17965,1,1
2022-02-15 15:02:21.636,17964,17965,17965,1,1
2022-02-15 15:02:21.674,17964,17965,17966,2,2
2022-02-15 15:02:21.737,17966,17968,17967,1,1
2022-02-15 15:02:21.758,17966,17968,17967,1,1
2022-02-15 15:02:21.758,17966,17968,17966,5,-5
2022-02-15 15:02:21.758,17966,17968,17965,6,-6
2022-02-15 15:02:22.874,17964,17965,17965,1,1
2022-02-15 15:02:22.919,17964,17965,17965,1,1
2022-02-15 15:02:23.190,17964,17966,17964,1,-1
2022-02-15 15:02:23.936,17965,17967,17965,1,-1
2022-02-15 15:02:25.606,17964,17965,17965,1,1
2022-02-15 15:02:29.331,17964,17965,17964,1,-1
2022-02-15 15:02:29.413,17964,17965,17965,4,4
2022-02-15 15:02:29.424,17964,17965,17966,1,1
2022-02-15 15:02:29.468,17965,17967,17967,1,1
2022-02-15 15:02:29.883,17967,17968,17967,1,-1
2022-02-15 15:02:31.271,17967,17968,17968,1,1
2022-02-15 15:02:31.271,17967,17968,17968,1,1
2022-02-15 15:02:31.693,17968,17970,17968,2,-2
2022-02-15 15:02:32.698,17968,17969,17968,1,-1
2022-02-15 15:02:32.856,17968,17969,17968,1,-1
2022-02-15 15:02:33.446,17968,17969,17968,1,-1
2022-02-15 15:02:33.446,17968,17969,17968,1,-1
2022-02-15 15:02:33.447,17968,17969,17968,1,-1
2022-02-15 15:02:33.447,17968,17969,17968,1,-1
2022-02-15 15:02:34.150,17967,17968,17967,1,-1
2022-02-15 15:02:35.287,17965,17967,17967,3,3
2022-02-15 15:02:36.298,17967,17969,17967,1,-1
2022-02-15 15:02:36.298,17967,17969,17967,3,-3
2022-02-15 15:02:38.144,17965,17967,17967,1,1
2022-02-15 15:02:40.133,17968,17969,17968,4,-4
2022-02-15 15:02:42.264,17967,17969,17969,1,1
2022-02-15 15:02:42.264,17967,17969,17969,1,1
2022-02-15 15:02:50.325,17969,17970,17969,1,-1
2022-02-15 15:02:50.689,17969,17970,17970,4,4
2022-02-15 15:02:50.691,17969,17970,17970,1,1
2022-02-15 15:02:51.273,17969,17970,17970,1,1
2022-02-15 15:02:52.589,17969,17970,17970,1,1
2022-02-15 15:02:52.632,17969,17970,17969,1,-1
2022-02-15 15:02:52.854,17969,17970,17969,1,-1
2022-02-15 15:02:54.011,17969,17970,17969,1,-1
2022-02-15 15:02:56.532,17969,17970,17969,1,-1
2022-02-15 15:02:57.052,17969,17970,17970,2,2
2022-02-15 15:02:57.052,17969,17970,17970,1,1
2022-02-15 15:02:57.932,17970,17971,17970,2,-2
2022-02-15 15:02:57.932,17970,17971,17969,9,-9
2022-02-15 15:02:57.932,17970,17971,17968,4,-4
2022-02-15 15:02:58.015,17970,17971,17970,1,-1
2022-02-15 15:02:59.075,17969,17970,17970,1,1
2022-02-15 15:02:59.943,17970,17971,17971,2,2
2022-02-15 15:03:00.074,17971,17972,17972,1,1
2022-02-15 15:03:00.074,17971,17972,17972,1,1
2022-02-15 15:03:00.096,17971,17972,17972,1,1
2022-02-15 15:03:00.104,17971,17972,17972,1,1
2022-02-15 15:03:01.370,17972,17973,17973,2,2
2022-02-15 15:03:01.492,17972,17973,17973,1,1
2022-02-15 15:03:01.505,17972,17973,17973,1,1
2022-02-15 15:03:02.190,17972,17973,17973,1,1
2022-02-15 15:03:03.321,17972,17973,17972,4,-4
2022-02-15 15:03:03.321,17972,17973,17972,1,-1
2022-02-15 15:03:03.322,17972,17973,17972,10,-10
2022-02-15 15:03:03.323,17972,17973,17973,1,1
2022-02-15 15:03:04.336,17973,17974,17974,1,1
2022-02-15 15:03:04.336,17973,17974,17974,4,4
2022-02-15 15:03:04.844,17974,17975,17975,2,2
2022-02-15 15:03:04.898,17974,17975,17974,5,-5
2022-02-15 15:03:04.898,17974,17975,17973,6,-6
2022-02-15 15:03:04.898,17974,17975,17972,4,-4
2022-02-15 15:03:04.903,17974,17975,17974,3,-3
2022-02-15 15:03:04.948,17973,17975,17975,1,1
2022-02-15 15:03:05.765,17974,17976,17976,3,3
2022-02-15 15:03:05.765,17974,17976,17976,4,4
2022-02-15 15:03:05.766,17974,17976,17976,1,1
2022-02-15 15:03:07.069,17976,17977,17977,1,1
2022-02-15 15:03:07.581,17976,17978,17978,6,6
2022-02-15 15:03:08.038,17978,17979,17978,1,-1
2022-02-15 15:03:08.558,17978,17979,17979,7,7
2022-02-15 15:03:08.756,17979,17980,17980,11,11
2022-02-15 15:03:08.912,17980,17981,17980,15,-15
2022-02-15 15:03:09.542,17980,17981,17981,10,10
2022-02-15 15:03:09.837,17981,17982,17982,1,1
2022-02-15 15:03:10.110,17981,17982,17982,11,11
2022-02-15 15:03:10.393,17982,17983,17983,1,1
2022-02-15 15:03:10.704,17982,17983,17983,7,7
2022-02-15 15:03:10.873,17983,17984,17984,1,1
2022-02-15 15:03:10.999,17983,17984,17984,3,3
2022-02-15 15:03:11.000,17983,17984,17984,3,3
2022-02-15 15:03:11.311,17983,17985,17985,2,2
2022-02-15 15:03:11.406,17983,17985,17983,1,-1
2022-02-15 15:03:11.563,17983,17985,17985,2,2
2022-02-15 15:03:11.774,17983,17985,17985,1,1
2022-02-15 15:03:12.834,17984,17985,17985,2,2
2022-02-15 15:03:13.119,17983,17984,17983,1,-1
2022-02-15 15:03:13.196,17982,17983,17982,1,-1
2022-02-15 15:03:13.239,17982,17983,17981,1,-1
2022-02-15 15:03:13.789,17980,17981,17980,1,-1
2022-02-15 15:03:14.089,17979,17980,17979,1,-1
2022-02-15 15:03:14.387,17978,17979,17978,1,-1
2022-02-15 15:03:14.716,17976,17978,17978,1,1
2022-02-15 15:03:15.446,17976,17977,17976,1,-1
2022-02-15 15:03:15.446,17976,17977,17976,1,-1
2022-02-15 15:03:15.530,17976,17977,17975,1,-1
2022-02-15 15:03:15.530,17976,17977,17975,1,-1
2022-02-15 15:03:15.841,17974,17975,17975,1,1
2022-02-15 15:03:16.170,17974,17976,17975,5,5
2022-02-15 15:03:16.171,17974,17976,17975,5,5
2022-02-15 15:03:19.377,17977,17979,17977,1,-1
2022-02-15 15:03:21.756,17977,17978,17977,1,-1
2022-02-15 15:03:21.756,17977,17978,17976,7,-7
2022-02-15 15:03:21.757,17977,17978,17976,2,-2
2022-02-15 15:03:21.757,17977,17978,17976,4,-4
2022-02-15 15:03:22.311,17975,17976,17976,1,1
2022-02-15 15:03:22.813,17975,17976,17976,1,1
2022-02-15 15:03:23.369,17976,17977,17976,1,-1
2022-02-15 15:03:23.482,17975,17976,17975,1,-1
2022-02-15 15:03:29.079,17975,17976,17976,3,3
2022-02-15 15:03:32.987,17977,17978,17977,3,-3
2022-02-15 15:03:32.987,17977,17978,17976,12,-12
2022-02-15 15:03:33.032,17977,17978,17977,1,-1
2022-02-15 15:03:33.032,17977,17978,17978,7,7
2022-02-15 15:03:33.032,17977,17978,17978,1,1
2022-02-15 15:03:33.033,17977,17978,17978,1,1
2022-02-15 15:03:34.061,17978,17979,17979,1,1
2022-02-15 15:03:34.345,17978,17979,17978,1,-1
2022-02-15 15:03:35.350,17976,17978,17978,1,1
2022-02-15 15:03:38.186,17976,17978,17978,2,2
2022-02-15 15:03:39.605,17976,17977,17977,3,3
2022-02-15 15:03:39.755,17977,17978,17978,2,2
2022-02-15 15:03:39.755,17977,17978,17979,1,1
2022-02-15 15:03:39.988,17977,17978,17978,1,1
2022-02-15 15:03:41.007,17978,17979,17979,4,4
2022-02-15 15:03:41.301,17979,17980,17979,6,-6
2022-02-15 15:03:41.301,17979,17980,17978,3,-3
2022-02-15 15:03:41.301,17979,17980,17977,6,-6
2022-02-15 15:03:41.707,17977,17979,17977,3,-3
2022-02-15 15:03:43.250,17977,17978,17977,1,-1
2022-02-15 15:03:44.105,17977,17978,17978,1,1
2022-02-15 15:03:44.299,17977,17978,17978,1,1
2022-02-15 15:03:45.463,17979,17980,17980,1,1
2022-02-15 15:03:46.059,17979,17980,17980,15,15
2022-02-15 15:03:47.554,17981,17982,17982,10,10
2022-02-15 15:03:47.718,17981,17982,17982,1,1
2022-02-15 15:03:48.310,17981,17982,17982,1,1
2022-02-15 15:03:48.619,17982,17983,17982,5,-5
2022-02-15 15:03:49.450,17982,17983,17982,4,-4
2022-02-15 15:03:49.601,17981,17982,17982,1,1
2022-02-15 15:03:51.206,17982,17983,17982,1,-1
2022-02-15 15:03:51.359,17981,17982,17982,1,1
2022-02-15 15:03:51.364,17981,17982,17982,1,1
2022-02-15 15:03:51.400,17981,17982,17981,1,-1
2022-02-15 15:03:51.494,17980,17982,17980,1,-1
2022-02-15 15:03:51.920,17979,17981,17979,2,-2
2022-02-15 15:03:53.928,17978,17980,17980,2,2
2022-02-15 15:03:54.154,17978,17980,17978,3,-3
2022-02-15 15:03:54.713,17977,17978,17977,2,-2
2022-02-15 15:03:57.200,17977,17978,17977,1,-1
2022-02-15 15:04:00.012,17977,17978,17978,1,1
2022-02-15 15:04:01.371,17977,17978,17978,2,2
2022-02-15 15:04:01.570,17977,17978,17978,1,1
2022-02-15 15:04:01.671,17977,17978,17978,1,1
2022-02-15 15:04:02.441,17977,17978,17978,2,2
2022-02-15 15:04:02.565,17977,17978,17977,1,-1
2022-02-15 15:04:03.074,17977,17978,17978,2,2
2022-02-15 15:04:03.133,17977,17978,17978,1,1
2022-02-15 15:04:04.100,17978,17980,17978,2,-2
2022-02-15 15:04:04.203,17978,17979,17978,2,-2
2022-02-15 15:04:04.203,17978,17979,17977,4,-4
2022-02-15 15:04:04.348,17977,17978,17978,1,1
2022-02-15 15:04:04.365,17977,17978,17977,1,-1
2022-02-15 15:04:04.365,17977,17978,17976,3,-3
2022-02-15 15:04:06.627,17976,17977,17977,1,1
2022-02-15 15:04:08.052,17976,17977,17976,8,-8
2022-02-15 15:04:09.330,17975,17976,17976,2,2
2022-02-15 15:04:09.470,17975,17976,17976,1,1
2022-02-15 15:04:09.582,17975,17976,17976,1,1
2022-02-15 15:04:12.693,17975,17976,17976,1,1
2022-02-15 15:04:16.555,17975,17976,17976,1,1
2022-02-15 15:04:18.182,17975,17976,17976,1,1
2022-02-15 15:04:18.231,17975,17976,17976,1,1
2022-02-15 15:04:18.231,17975,17976,17976,1,1
2022-02-15 15:04:18.237,17975,17976,17976,1,1
2022-02-15 15:04:18.372,17975,17976,17976,1,1
2022-02-15 15:04:18.614,17975,17976,17976,1,1
2022-02-15 15:04:20.580,17975,17976,17976,1,1
2022-02-15 15:04:21.783,17975,17976,17976,1,1
2022-02-15 15:04:23.424,17975,17976,17976,1,1
2022-02-15 15:04:25.550,17975,17976,17976,1,1
2022-02-15 15:04:25.656,17976,17977,17976,1,-1
2022-02-15 15:04:25.825,17975,17976,17975,2,-2
2022-02-15 15:04:25.825,17975,17976,17975,2,-2
2022-02-15 15:04:25.825,17975,17976,17975,4,-4
2022-02-15 15:04:27.060,17974,17975,17974,1,-1
2022-02-15 15:04:29.164,17974,17975,17974,2,-2
2022-02-15 15:04:29.229,17973,17974,17973,1,-1
2022-02-15 15:04:29.229,17973,17974,17973,1,-1
2022-02-15 15:04:29.229,17973,17974,17973,1,-1
2022-02-15 15:04:30.678,17972,17974,17974,4,4
2022-02-15 15:04:33.516,17973,17974,17974,1,1
2022-02-15 15:04:34.820,17973,17975,17973,1,-1
2022-02-15 15:04:35.683,17973,17974,17973,3,-3
2022-02-15 15:04:39.014,17972,17973,17973,2,2
2022-02-15 15:04:39.574,17972,17973,17973,1,1
2022-02-15 15:04:41.142,17972,17973,17972,1,-1
2022-02-15 15:04:41.378,17972,17973,17972,1,-1
2022-02-15 15:04:41.379,17972,17973,17972,6,-6
2022-02-15 15:04:42.149,17971,17972,17972,1,1
2022-02-15 15:04:42.584,17971,17973,17971,1,-1
2022-02-15 15:04:46.151,17972,17973,17972,1,-1
2022-02-15 15:04:47.787,17972,17973,17972,1,-1
2022-02-15 15:04:49.634,17972,17973,17972,1,-1
2022-02-15 15:04:50.989,17971,17972,17972,1,1
2022-02-15 15:04:51.019,17971,17972,17973,3,3
2022-02-15 15:04:51.019,17971,17972,17973,1,1
2022-02-15 15:04:51.019,17971,17972,17973,7,7
2022-02-15 15:04:51.019,17971,17972,17973,1,1
2022-02-15 15:04:51.019,17971,17972,17973,1,1
2022-02-15 15:04:51.019,17971,17972,17973,1,1
2022-02-15 15:04:53.230,17974,17976,17976,1,1
2022-02-15 15:04:53.532,17975,17976,17975,1,-1
2022-02-15 15:04:56.059,17974,17976,17974,1,-1
2022-02-15 15:05:00.034,17975,17976,17976,1,1
2022-02-15 15:05:00.607,17975,17976,17976,1,1
2022-02-15 15:05:09.208,17975,17976,17976,1,1
2022-02-15 15:05:09.777,17975,17976,17976,2,2
2022-02-15 15:05:09.777,17975,17976,17976,1,1
2022-02-15 15:05:09.787,17975,17976,17977,2,2
2022-02-15 15:05:10.181,17976,17977,17977,3,3
2022-02-15 15:05:11.418,17977,17978,17977,4,-4
2022-02-15 15:05:13.929,17978,17979,17978,1,-1
2022-02-15 15:05:15.239,17978,17979,17978,1,-1
2022-02-15 15:05:15.301,17978,17979,17977,1,-1
2022-02-15 15:05:16.686,17978,17979,17978,2,-2
2022-02-15 15:05:16.693,17978,17979,17979,9,9
2022-02-15 15:05:16.693,17978,17979,17979,1,1
2022-02-15 15:05:16.693,17978,17979,17979,1,1
2022-02-15 15:05:19.860,17979,17980,17980,1,1
2022-02-15 15:05:20.841,17979,17980,17980,2,2
2022-02-15 15:05:22.506,17979,17980,17980,1,1
2022-02-15 15:05:22.520,17979,17980,17980,1,1
2022-02-15 15:05:24.268,17979,17980,17979,4,-4
2022-02-15 15:05:26.155,17979,17980,17980,2,2
2022-02-15 15:05:27.191,17979,17980,17980,1,1
2022-02-15 15:05:27.192,17979,17980,17980,4,4
2022-02-15 15:05:27.193,17979,17980,17980,2,2
2022-02-15 15:05:27.631,17980,17981,17981,1,1
2022-02-15 15:05:27.632,17980,17981,17981,1,1
2022-02-15 15:05:27.824,17981,17982,17982,1,1
2022-02-15 15:05:29.335,17981,17982,17982,1,1
2022-02-15 15:05:29.881,17981,17982,17981,1,-1
2022-02-15 15:05:31.822,17981,17982,17982,5,5
2022-02-15 15:05:32.197,17981,17982,17982,8,8
2022-02-15 15:05:32.316,17982,17983,17983,2,2
2022-02-15 15:05:33.757,17982,17983,17983,1,1
2022-02-15 15:05:33.757,17982,17983,17983,1,1
2022-02-15 15:05:33.758,17982,17983,17983,1,1
2022-02-15 15:05:33.988,17982,17983,17983,1,1
2022-02-15 15:05:34.493,17983,17984,17984,1,1
2022-02-15 15:05:34.557,17983,17984,17984,1,1
2022-02-15 15:05:34.565,17983,17984,17984,1,1
2022-02-15 15:05:34.565,17983,17984,17984,1,1
2022-02-15 15:05:34.565,17983,17984,17984,2,2
2022-02-15 15:05:34.565,17983,17984,17984,1,1
2022-02-15 15:05:34.566,17983,17984,17984,1,1
2022-02-15 15:05:34.566,17983,17984,17984,1,1
2022-02-15 15:05:34.566,17983,17984,17984,1,1
2022-02-15 15:05:34.566,17983,17984,17984,1,1
2022-02-15 15:05:35.005,17983,17984,17984,1,1
2022-02-15 15:05:35.095,17983,17984,17984,3,3
2022-02-15 15:05:35.187,17984,17985,17985,1,1
2022-02-15 15:05:35.489,17984,17985,17984,1,-1
2022-02-15 15:05:36.167,17984,17985,17984,4,-4
2022-02-15 15:05:37.198,17984,17985,17985,19,19
2022-02-15 15:05:37.199,17984,17985,17985,2,2
2022-02-15 15:05:37.513,17985,17986,17986,1,1
2022-02-15 15:05:37.793,17985,17986,17985,1,-1
2022-02-15 15:05:38.885,17985,17986,17985,1,-1
2022-02-15 15:05:39.818,17985,17986,17986,1,1
2022-02-15 15:05:39.859,17985,17986,17986,1,1
2022-02-15 15:05:39.976,17985,17986,17986,1,1
2022-02-15 15:05:40.543,17985,17986,17986,1,1
2022-02-15 15:05:40.808,17985,17986,17986,1,1
2022-02-15 15:05:40.960,17985,17986,17985,1,-1
2022-02-15 15:05:41.024,17985,17986,17986,1,1
2022-02-15 15:05:41.712,17985,17986,17986,6,6
2022-02-15 15:05:41.953,17986,17987,17986,6,-6
2022-02-15 15:05:42.578,17985,17986,17986,4,4
2022-02-15 15:05:42.825,17986,17987,17986,1,-1
2022-02-15 15:05:43.020,17986,17987,17987,1,1
2022-02-15 15:05:43.020,17986,17987,17987,1,1
2022-02-15 15:05:43.020,17986,17987,17987,1,1
2022-02-15 15:05:43.021,17986,17987,17987,1,1
2022-02-15 15:05:43.021,17986,17987,17987,1,1
2022-02-15 15:05:43.021,17986,17987,17987,1,1
2022-02-15 15:05:43.021,17986,17987,17987,1,1
2022-02-15 15:05:43.091,17987,17988,17988,5,5
2022-02-15 15:05:43.091,17987,17988,17988,1,1
2022-02-15 15:05:43.091,17987,17988,17988,1,1
2022-02-15 15:05:43.091,17987,17988,17988,1,1
2022-02-15 15:05:43.128,17987,17988,17987,1,-1
2022-02-15 15:05:43.450,17987,17988,17987,1,-1
2022-02-15 15:05:44.163,17986,17988,17986,1,-1
2022-02-15 15:05:45.101,17986,17987,17987,2,2
2022-02-15 15:05:45.948,17986,17988,17987,1,1
2022-02-15 15:05:47.067,17987,17988,17988,1,1
2022-02-15 15:05:47.156,17987,17988,17988,1,1
2022-02-15 15:05:47.228,17987,17988,17988,1,1
2022-02-15 15:05:47.660,17987,17988,17988,1,1
2022-02-15 15:05:47.728,17987,17988,17987,2,-2
2022-02-15 15:05:48.192,17987,17988,17988,2,2
2022-02-15 15:05:48.650,17987,17988,17988,1,1
2022-02-15 15:05:49.928,17987,17988,17987,4,-4
2022-02-15 15:05:50.021,17987,17988,17988,1,1
2022-02-15 15:05:50.158,17987,17988,17988,2,2
2022-02-15 15:05:50.307,17987,17988,17988,2,2
2022-02-15 15:05:50.670,17987,17989,17989,1,1
2022-02-15 15:05:50.920,17987,17989,17989,1,1
2022-02-15 15:05:52.071,17987,17989,17989,1,1
2022-02-15 15:05:55.312,17988,17989,17989,1,1
2022-02-15 15:05:55.385,17988,17989,17989,1,1
2022-02-15 15:05:55.435,17988,17989,17989,1,1
2022-02-15 15:05:55.541,17988,17989,17989,1,1
2022-02-15 15:05:55.667,17988,17990,17988,1,-1
2022-02-15 15:05:56.057,17987,17988,17987,1,-1
2022-02-15 15:05:56.057,17987,17988,17987,3,-3
2022-02-15 15:05:56.130,17987,17988,17987,1,-1
2022-02-15 15:05:56.422,17986,17987,17987,1,1
2022-02-15 15:05:57.436,17986,17987,17987,1,1
2022-02-15 15:05:58.521,17986,17987,17987,1,1
2022-02-15 15:05:58.624,17986,17988,17986,1,-1
2022-02-15 15:05:59.008,17986,17988,17988,1,1
2022-02-15 15:05:59.532,17988,17989,17989,1,1
2022-02-15 15:05:59.597,17988,17989,17988,1,-1
2022-02-15 15:06:00.564,17988,17989,17988,1,-1
2022-02-15 15:06:00.684,17988,17989,17989,5,5
2022-02-15 15:06:00.684,17988,17989,17989,2,2
2022-02-15 15:06:00.684,17988,17989,17989,3,3
2022-02-15 15:06:00.684,17988,17989,17990,1,1
2022-02-15 15:06:00.684,17988,17989,17990,1,1
2022-02-15 15:06:00.684,17988,17989,17990,1,1
2022-02-15 15:06:00.685,17988,17989,17990,2,2
2022-02-15 15:06:00.685,17988,17989,17990,1,1
2022-02-15 15:06:00.854,17989,17990,17989,3,-3
2022-02-15 15:06:00.875,17989,17990,17990,2,2
2022-02-15 15:06:01.026,17989,17990,17989,3,-3
2022-02-15 15:06:01.046,17989,17990,17988,5,-5
2022-02-15 15:06:01.058,17989,17990,17990,1,1
2022-02-15 15:06:01.058,17989,17990,17990,1,1
2022-02-15 15:06:01.062,17989,17990,17989,1,-1
2022-02-15 15:06:02.257,17989,17990,17989,10,-10
2022-02-15 15:06:02.676,17989,17990,17989,3,-3
2022-02-15 15:06:05.279,17988,17989,17989,1,1
2022-02-15 15:06:07.217,17988,17990,17988,1,-1
2022-02-15 15:06:09.205,17988,17990,17989,1,1
2022-02-15 15:06:09.307,17988,17989,17989,1,1
2022-02-15 15:06:09.307,17988,17989,17989,1,1
2022-02-15 15:06:09.307,17988,17989,17989,1,1
2022-02-15 15:06:09.307,17988,17989,17989,1,1
2022-02-15 15:06:09.308,17988,17989,17990,1,1
2022-02-15 15:06:09.308,17988,17989,17990,1,1
2022-02-15 15:06:09.308,17988,17989,17990,1,1
2022-02-15 15:06:09.309,17988,17989,17990,1,1
2022-02-15 15:06:10.628,17989,17990,17989,1,-1
2022-02-15 15:06:11.526,17989,17990,17989,1,-1
2022-02-15 15:06:11.526,17989,17990,17988,1,-1
2022-02-15 15:06:12.036,17988,17990,17990,1,1
2022-02-15 15:06:13.043,17989,17990,17989,2,-2
2022-02-15 15:06:13.043,17989,17990,17988,3,-3
2022-02-15 15:06:13.148,17988,17990,17990,1,1
2022-02-15 15:06:15.278,17988,17989,17989,2,2
2022-02-15 15:06:15.676,17989,17990,17990,2,2
2022-02-15 15:06:16.116,17989,17990,17989,1,-1
2022-02-15 15:06:16.719,17989,17990,17990,3,3
2022-02-15 15:06:17.886,17989,17990,17990,1,1
2022-02-15 15:06:17.932,17989,17991,17991,1,1
2022-02-15 15:06:17.933,17989,17991,17991,1,1
2022-02-15 15:06:17.933,17989,17991,17991,1,1
2022-02-15 15:06:17.933,17989,17991,17991,1,1
2022-02-15 15:06:19.808,17989,17990,17990,1,1
2022-02-15 15:06:19.885,17989,17990,17990,1,1
2022-02-15 15:06:23.146,17990,17991,17990,1,-1
2022-02-15 15:06:25.664,17990,17991,17990,1,-1
2022-02-15 15:06:25.687,17990,17991,17990,1,-1
2022-02-15 15:06:25.687,17990,17991,17990,16,-16
2022-02-15 15:06:26.139,17989,17990,17989,1,-1
2022-02-15 15:06:26.139,17989,17990,17989,1,-1
2022-02-15 15:06:26.140,17989,17990,17989,8,-8
2022-02-15 15:06:27.140,17988,17990,17990,1,1
2022-02-15 15:06:27.182,17988,17990,17990,1,1
2022-02-15 15:06:27.183,17988,17990,17990,1,1
2022-02-15 15:06:27.183,17988,17990,17990,1,1
2022-02-15 15:06:27.184,17988,17990,17990,1,1
2022-02-15 15:06:27.697,17989,17990,17989,1,-1
2022-02-15 15:06:27.697,17989,17990,17988,4,-4
2022-02-15 15:06:27.899,17988,17990,17990,1,1
2022-02-15 15:06:29.703,17988,17989,17989,5,5
2022-02-15 15:06:31.499,17988,17989,17989,3,3
2022-02-15 15:06:31.569,17989,17990,17989,2,-2
2022-02-15 15:06:35.378,17989,17990,17990,1,1
2022-02-15 15:06:35.378,17989,17990,17990,1,1
2022-02-15 15:06:36.172,17989,17990,17989,1,-1
2022-02-15 15:06:36.319,17989,17990,17990,1,1
2022-02-15 15:06:36.661,17989,17990,17989,1,-1
2022-02-15 15:06:36.661,17989,17990,17989,1,-1
2022-02-15 15:06:36.798,17988,17990,17990,1,1
2022-02-15 15:06:38.102,17988,17990,17989,1,1
2022-02-15 15:06:38.183,17988,17990,17990,1,1
2022-02-15 15:06:39.388,17989,17990,17990,2,2
2022-02-15 15:06:39.691,17989,17991,17991,1,1
2022-02-15 15:06:40.129,17989,17991,17991,3,3
2022-02-15 15:06:40.511,17989,17991,17989,1,-1
2022-02-15 15:06:41.394,17989,17991,17989,3,-3
2022-02-15 15:06:41.394,17989,17991,17988,2,-2
2022-02-15 15:06:42.299,17989,17991,17990,1,1
2022-02-15 15:06:45.474,17990,17991,17991,1,1
2022-02-15 15:06:45.911,17990,17991,17990,1,-1
2022-02-15 15:06:46.539,17990,17991,17990,2,-2
2022-02-15 15:06:46.855,17989,17990,17990,1,1
2022-02-15 15:06:46.956,17989,17990,17990,3,3
2022-02-15 15:06:47.066,17990,17991,17990,1,-1
2022-02-15 15:06:47.066,17990,17991,17989,9,-9
2022-02-15 15:06:48.715,17989,17991,17991,1,1
2022-02-15 15:06:49.064,17990,17991,17991,1,1
2022-02-15 15:06:49.064,17990,17991,17991,3,3
2022-02-15 15:06:50.327,17990,17992,17992,1,1
2022-02-15 15:06:50.672,17990,17992,17990,1,-1
2022-02-15 15:06:51.018,17991,17992,17992,5,5
2022-02-15 15:06:51.018,17991,17992,17992,3,3
2022-02-15 15:06:51.345,17992,17993,17992,1,-1
2022-02-15 15:06:52.386,17992,17993,17993,5,5
2022-02-15 15:06:52.405,17992,17993,17993,1,1
2022-02-15 15:06:52.431,17992,17994,17994,14,14
2022-02-15 15:06:52.431,17992,17994,17995,2,2
2022-02-15 15:06:52.431,17992,17994,17995,8,8
2022-02-15 15:06:52.665,17993,17995,17995,1,1
2022-02-15 15:06:52.675,17993,17995,17995,1,1
2022-02-15 15:06:52.686,17993,17995,17995,1,1
2022-02-15 15:06:52.686,17993,17995,17995,1,1
2022-02-15 15:06:52.700,17993,17995,17995,1,1
2022-02-15 15:06:52.729,17993,17995,17995,1,1
2022-02-15 15:06:52.745,17993,17995,17995,1,1
2022-02-15 15:06:52.759,17993,17995,17995,1,1
2022-02-15 15:06:52.773,17993,17995,17995,1,1
2022-02-15 15:06:52.781,17993,17995,17995,1,1
2022-02-15 15:06:52.786,17993,17995,17995,1,1
2022-02-15 15:06:52.834,17993,17995,17995,1,1
2022-02-15 15:06:52.841,17993,17995,17993,1,-1
2022-02-15 15:06:52.936,17993,17995,17995,1,1
2022-02-15 15:06:53.102,17993,17995,17995,1,1
2022-02-15 15:06:54.591,17992,17993,17993,1,1
2022-02-15 15:06:55.401,17991,17993,17993,1,1
2022-02-15 15:06:56.122,17992,17993,17993,2,2
2022-02-15 15:06:57.284,17993,17994,17994,2,2
2022-02-15 15:06:57.357,17993,17994,17994,5,5
2022-02-15 15:06:58.903,17993,17994,17994,1,1
2022-02-15 15:07:00.156,17992,17994,17994,4,4
2022-02-15 15:07:00.201,17992,17994,17994,4,4
2022-02-15 15:07:01.933,17993,17994,17993,2,-2
2022-02-15 15:07:01.990,17993,17994,17992,1,-1
2022-02-15 15:07:02.792,17992,17993,17993,1,1
2022-02-15 15:07:03.098,17992,17993,17992,1,-1
2022-02-15 15:07:03.742,17992,17993,17993,1,1
2022-02-15 15:07:04.580,17992,17993,17992,2,-2
2022-02-15 15:07:04.580,17992,17993,17991,5,-5
2022-02-15 15:07:06.001,17991,17993,17991,1,-1
2022-02-15 15:07:06.030,17991,17993,17991,2,-2
2022-02-15 15:07:06.792,17991,17993,17993,1,1
2022-02-15 15:07:08.157,17992,17993,17993,1,1
2022-02-15 15:07:10.107,17992,17994,17992,1,-1
2022-02-15 15:07:15.836,17993,17994,17994,5,5
2022-02-15 15:07:17.043,17994,17995,17995,1,1
2022-02-15 15:07:18.089,17994,17995,17994,1,-1
2022-02-15 15:07:18.249,17994,17995,17995,10,10
2022-02-15 15:07:18.250,17994,17995,17995,2,2
2022-02-15 15:07:19.820,17994,17995,17995,1,1
2022-02-15 15:07:19.874,17994,17995,17994,7,-7
2022-02-15 15:07:19.875,17994,17995,17994,1,-1
2022-02-15 15:07:19.875,17994,17995,17994,1,-1
2022-02-15 15:07:19.875,17994,17995,17994,2,-2
2022-02-15 15:07:19.875,17994,17995,17994,1,-1
2022-02-15 15:07:19.875,17994,17995,17994,3,-3
2022-02-15 15:07:20.741,17994,17995,17994,1,-1
2022-02-15 15:07:22.623,17993,17994,17994,2,2
2022-02-15 15:07:23.780,17993,17994,17994,2,2
2022-02-15 15:07:24.198,17993,17994,17993,1,-1
2022-02-15 15:07:24.198,17993,17994,17992,2,-2
2022-02-15 15:07:26.224,17993,17994,17993,1,-1
2022-02-15 15:07:27.113,17992,17994,17992,1,-1
2022-02-15 15:07:31.010,17992,17993,17992,1,-1
2022-02-15 15:07:31.086,17991,17993,17993,1,1
2022-02-15 15:07:36.189,17992,17993,17993,1,1
2022-02-15 15:07:37.603,17992,17993,17993,1,1
2022-02-15 15:07:37.603,17992,17993,17994,1,1
2022-02-15 15:07:37.603,17992,17993,17994,1,1
2022-02-15 15:07:39.688,17993,17994,17994,1,1
2022-02-15 15:07:40.595,17993,17995,17995,1,1
2022-02-15 15:07:42.551,17993,17995,17993,1,-1
2022-02-15 15:07:42.609,17992,17993,17993,1,1
2022-02-15 15:07:42.644,17992,17993,17993,1,1
2022-02-15 15:07:42.686,17992,17994,17993,4,4
2022-02-15 15:07:42.686,17992,17994,17994,9,9
2022-02-15 15:07:42.686,17992,17994,17995,3,3
2022-02-15 15:07:42.686,17992,17994,17992,9,-9
2022-02-15 15:07:42.765,17992,17994,17994,1,1
2022-02-15 15:07:42.766,17992,17994,17994,1,1
2022-02-15 15:07:44.122,17992,17993,17993,2,2
2022-02-15 15:07:44.696,17993,17994,17994,10,10
2022-02-15 15:07:44.697,17993,17994,17993,8,-8
2022-02-15 15:07:45.699,17992,17994,17992,1,-1
2022-02-15 15:07:47.618,17991,17993,17992,1,1
2022-02-15 15:07:50.284,17991,17992,17991,2,-2
2022-02-15 15:07:50.295,17991,17992,17991,1,-1
2022-02-15 15:07:54.759,17990,17991,17991,2,2
2022-02-15 15:07:54.759,17990,17991,17992,1,1
2022-02-15 15:07:55.362,17990,17992,17991,2,2
2022-02-15 15:07:55.798,17990,17991,17990,1,-1
2022-02-15 15:07:55.798,17990,17991,17990,1,-1
2022-02-15 15:07:55.798,17990,17991,17990,1,-1
2022-02-15 15:07:55.798,17990,17991,17990,7,-7
2022-02-15 15:07:55.802,17990,17991,17990,1,-1
2022-02-15 15:07:55.902,17989,17991,17991,1,1
2022-02-15 15:07:55.927,17989,17991,17991,1,1
2022-02-15 15:07:55.977,17990,17991,17991,1,1
2022-02-15 15:07:59.006,17990,17991,17991,1,1
2022-02-15 15:07:59.727,17990,17991,17991,7,7
2022-02-15 15:07:59.728,17990,17991,17991,3,3
2022-02-15 15:08:07.173,17990,17991,17990,4,-4
2022-02-15 15:08:07.583,17990,17991,17991,6,6
2022-02-15 15:08:07.617,17990,17991,17992,1,1
2022-02-15 15:08:07.658,17990,17991,17992,1,1
2022-02-15 15:08:07.806,17991,17992,17992,1,1
2022-02-15 15:08:07.825,17991,17992,17992,2,2
2022-02-15 15:08:08.200,17991,17992,17992,1,1
2022-02-15 15:08:08.226,17991,17992,17991,1,-1
2022-02-15 15:08:09.756,17991,17992,17991,1,-1
2022-02-15 15:08:11.984,17991,17992,17992,3,3
2022-02-15 15:08:16.860,17991,17992,17991,8,-8
2022-02-15 15:08:18.494,17990,17991,17991,1,1
2022-02-15 15:08:18.702,17990,17991,17990,1,-1
2022-02-15 15:08:19.414,17990,17991,17990,1,-1
2022-02-15 15:08:20.450,17990,17992,17992,3,3
2022-02-15 15:08:21.778,17990,17992,17990,1,-1
2022-02-15 15:08:22.153,17990,17992,17992,2,2
2022-02-15 15:08:25.803,17991,17992,17991,2,-2
2022-02-15 15:08:28.040,17990,17991,17991,1,1
2022-02-15 15:08:28.908,17990,17991,17990,4,-4
2022-02-15 15:08:29.040,17989,17991,17991,1,1
2022-02-15 15:08:30.673,17990,17991,17990,1,-1
2022-02-15 15:08:30.977,17990,17991,17991,1,1
2022-02-15 15:08:31.162,17991,17992,17991,1,-1
2022-02-15 15:08:31.284,17991,17992,17992,5,5
2022-02-15 15:08:34.618,17992,17994,17992,3,-3
2022-02-15 15:08:36.913,17992,17993,17992,1,-1
2022-02-15 15:08:43.235,17990,17992,17992,1,1
2022-02-15 15:08:43.564,17990,17992,17990,1,-1
2022-02-15 15:08:43.641,17990,17992,17992,1,1
2022-02-15 15:08:43.642,17990,17992,17992,1,1
2022-02-15 15:08:49.848,17992,17993,17992,1,-1
2022-02-15 15:08:53.881,17992,17993,17993,1,1
2022-02-15 15:08:55.388,17992,17993,17993,2,2
2022-02-15 15:08:55.388,17992,17993,17993,1,1
2022-02-15 15:08:55.388,17992,17993,17993,1,1
2022-02-15 15:08:55.388,17992,17993,17993,1,1
2022-02-15 15:08:55.388,17992,17993,17993,1,1
2022-02-15 15:08:55.388,17992,17993,17993,1,1
2022-02-15 15:09:01.053,17992,17994,17994,1,1
2022-02-15 15:09:02.494,17993,17994,17993,1,-1
2022-02-15 15:09:03.876,17993,17994,17994,1,1
2022-02-15 15:09:04.917,17993,17994,17993,1,-1
2022-02-15 15:09:08.401,17992,17994,17992,1,-1
2022-02-15 15:09:09.172,17992,17993,17993,1,1
2022-02-15 15:09:10.644,17992,17994,17994,1,1
2022-02-15 15:09:10.748,17992,17994,17992,5,-5
2022-02-15 15:09:14.892,17992,17993,17992,1,-1
2022-02-15 15:09:19.263,17991,17992,17992,2,2
2022-02-15 15:09:19.510,17991,17992,17991,2,-2
2022-02-15 15:09:20.436,17990,17992,17990,2,-2
2022-02-15 15:09:20.602,17989,17991,17989,1,-1
2022-02-15 15:09:20.716,17989,17991,17989,1,-1
2022-02-15 15:09:26.996,17990,17992,17992,1,1
2022-02-15 15:09:38.311,17990,17991,17991,1,1
2022-02-15 15:09:39.768,17990,17991,17990,1,-1
2022-02-15 15:09:41.239,17990,17991,17991,1,1
2022-02-15 15:09:44.093,17990,17991,17991,1,1
2022-02-15 15:09:44.093,17990,17991,17991,1,1
2022-02-15 15:09:44.093,17990,17991,17991,1,1
2022-02-15 15:09:44.094,17990,17991,17991,1,1
2022-02-15 15:09:44.094,17990,17991,17991,2,2
2022-02-15 15:09:44.094,17990,17991,17991,1,1
2022-02-15 15:09:44.094,17990,17991,17991,1,1
2022-02-15 15:09:44.610,17990,17991,17990,1,-1
2022-02-15 15:09:46.784,17990,17992,17992,1,1
2022-02-15 15:09:47.712,17991,17992,17992,2,2
2022-02-15 15:09:47.712,17991,17992,17992,3,3
2022-02-15 15:09:47.712,17991,17992,17992,5,5
2022-02-15 15:09:48.155,17992,17993,17993,3,3
2022-02-15 15:09:53.333,17993,17994,17993,1,-1
2022-02-15 15:09:54.334,17993,17994,17993,5,-5
2022-02-15 15:09:59.567,17993,17994,17994,1,1
2022-02-15 15:09:59.568,17993,17994,17994,4,4
2022-02-15 15:10:00.815,17993,17994,17993,1,-1
2022-02-15 15:10:01.222,17993,17994,17994,1,1
2022-02-15 15:10:01.246,17993,17994,17994,1,1
2022-02-15 15:10:01.363,17993,17994,17994,1,1
2022-02-15 15:10:01.371,17993,17994,17995,1,1
2022-02-15 15:10:01.390,17993,17994,17995,1,1
2022-02-15 15:10:01.425,17993,17994,17995,1,1
2022-02-15 15:10:01.455,17993,17995,17995,1,1
2022-02-15 15:10:01.477,17993,17995,17995,1,1
2022-02-15 15:10:01.502,17993,17995,17995,1,1
2022-02-15 15:10:01.537,17993,17995,17995,1,1
2022-02-15 15:10:01.580,17993,17995,17995,1,1
2022-02-15 15:10:01.589,17993,17995,17995,3,3
2022-02-15 15:10:01.599,17993,17995,17995,1,1
2022-02-15 15:10:01.612,17993,17995,17996,1,1
2022-02-15 15:10:01.660,17993,17995,17996,1,1
2022-02-15 15:10:01.668,17993,17995,17996,1,1
2022-02-15 15:10:01.691,17994,17996,17996,1,1
2022-02-15 15:10:01.886,17994,17995,17993,1,-1
2022-02-15 15:10:01.911,17994,17995,17995,3,3
2022-02-15 15:10:01.911,17994,17995,17996,2,2
2022-02-15 15:10:02.041,17994,17996,17996,2,2
2022-02-15 15:10:02.088,17994,17996,17996,5,5
2022-02-15 15:10:02.120,17994,17996,17996,3,3
2022-02-15 15:10:02.120,17994,17996,17997,2,2
2022-02-15 15:10:02.154,17994,17996,17996,1,1
2022-02-15 15:10:02.158,17994,17996,17994,1,-1
2022-02-15 15:10:02.287,17994,17996,17996,2,2
2022-02-15 15:10:02.663,17994,17996,17997,1,1
2022-02-15 15:10:03.763,17994,17996,17996,1,1
2022-02-15 15:10:03.772,17994,17996,17996,1,1
2022-02-15 15:10:04.234,17994,17996,17994,2,-2
2022-02-15 15:10:04.407,17994,17996,17996,1,1
2022-02-15 15:10:08.443,17993,17994,17994,1,1
2022-02-15 15:10:09.315,17993,17994,17994,1,1
2022-02-15 15:10:09.581,17993,17994,17994,3,3
2022-02-15 15:10:10.324,17994,17995,17994,14,-14
2022-02-15 15:10:10.325,17994,17995,17993,1,-1
2022-02-15 15:10:24.052,17994,17995,17994,1,-1
2022-02-15 15:10:24.929,17994,17995,17994,1,-1
2022-02-15 15:10:26.598,17994,17995,17995,1,1
2022-02-15 15:10:27.062,17994,17995,17995,1,1
2022-02-15 15:10:29.820,17994,17995,17994,1,-1
2022-02-15 15:10:30.352,17994,17995,17995,1,1
2022-02-15 15:10:30.596,17994,17995,17995,1,1
2022-02-15 15:10:32.891,17994,17995,17994,1,-1
2022-02-15 15:10:34.785,17994,17995,17994,2,-2
2022-02-15 15:10:36.072,17993,17995,17995,1,1
2022-02-15 15:10:39.339,17993,17994,17994,1,1
2022-02-15 15:10:42.099,17993,17994,17994,1,1
2022-02-15 15:10:47.922,17994,17995,17995,3,3
2022-02-15 15:10:47.982,17995,17996,17995,7,-7
2022-02-15 15:10:48.880,17994,17996,17994,1,-1
2022-02-15 15:10:56.334,17995,17996,17995,1,-1
2022-02-15 15:10:57.070,17995,17996,17995,1,-1
2022-02-15 15:10:59.809,17995,17996,17995,1,-1
2022-02-15 15:10:59.970,17995,17996,17995,11,-11
2022-02-15 15:11:00.463,17994,17995,17995,1,1
2022-02-15 15:11:00.502,17994,17995,17996,1,1
2022-02-15 15:11:00.978,17994,17996,17996,1,1
2022-02-15 15:11:01.599,17994,17995,17995,1,1
2022-02-15 15:11:01.599,17994,17995,17996,1,1
2022-02-15 15:11:02.592,17994,17996,17996,2,2
2022-02-15 15:11:05.077,17994,17995,17994,7,-7
2022-02-15 15:11:05.355,17993,17995,17995,4,4
2022-02-15 15:11:12.734,17993,17994,17993,1,-1
2022-02-15 15:11:12.735,17993,17994,17993,4,-4
2022-02-15 15:11:12.738,17993,17994,17992,6,-6
2022-02-15 15:11:17.996,17991,17993,17991,1,-1
2022-02-15 15:11:18.384,17991,17993,17991,1,-1
2022-02-15 15:11:19.119,17990,17992,17992,2,2
2022-02-15 15:11:19.194,17990,17993,17991,1,-1
2022-02-15 15:11:19.558,17991,17993,17991,2,-2
2022-02-15 15:11:22.096,17991,17993,17991,4,-4
2022-02-15 15:11:23.730,17991,17993,17991,1,-1
2022-02-15 15:11:23.965,17991,17992,17992,1,1
2022-02-15 15:11:24.803,17991,17993,17991,1,-1
2022-02-15 15:11:24.977,17991,17992,17991,1,-1
2022-02-15 15:11:25.291,17990,17992,17990,3,-3
2022-02-15 15:11:25.540,17989,17990,17989,22,-22
2022-02-15 15:11:25.540,17989,17990,17989,2,-2
2022-02-15 15:11:25.541,17989,17990,17989,10,-10
2022-02-15 15:11:25.798,17988,17989,17988,1,-1
2022-02-15 15:11:27.300,17988,17990,17990,2,2
2022-02-15 15:11:30.300,17989,17990,17989,1,-1
2022-02-15 15:11:36.579,17989,17990,17990,3,3
2022-02-15 15:11:43.157,17991,17993,17991,1,-1
2022-02-15 15:11:45.434,17991,17992,17991,1,-1
2022-02-15 15:11:46.064,17991,17993,17991,1,-1
2022-02-15 15:11:50.399,17991,17992,17991,1,-1
2022-02-15 15:11:50.826,17989,17991,17991,2,2
2022-02-15 15:11:51.199,17989,17991,17991,1,1
2022-02-15 15:12:06.050,17991,17992,17991,1,-1
2022-02-15 15:12:06.050,17991,17992,17991,5,-5
2022-02-15 15:12:06.238,17990,17991,17991,2,2
2022-02-15 15:12:06.527,17990,17991,17991,1,1
2022-02-15 15:12:06.541,17990,17991,17992,1,1
2022-02-15 15:12:06.671,17990,17992,17992,1,1
2022-02-15 15:12:06.689,17990,17992,17992,1,1
2022-02-15 15:12:06.728,17990,17992,17992,1,1
2022-02-15 15:12:06.815,17990,17992,17992,1,1
2022-02-15 15:12:09.111,17991,17992,17992,1,1
2022-02-15 15:12:11.635,17991,17992,17992,1,1
2022-02-15 15:12:17.720,17991,17992,17992,2,2
2022-02-15 15:12:18.052,17991,17992,17992,2,2
2022-02-15 15:12:18.315,17991,17992,17992,1,1
2022-02-15 15:12:18.315,17991,17992,17992,1,1
2022-02-15 15:12:19.240,17991,17993,17993,1,1
2022-02-15 15:12:20.272,17991,17992,17991,2,-2
2022-02-15 15:12:20.274,17991,17992,17991,3,-3
2022-02-15 15:12:20.274,17991,17992,17991,1,-1
2022-02-15 15:12:20.294,17991,17992,17990,4,-4
2022-02-15 15:12:20.312,17990,17991,17990,1,-1
2022-02-15 15:12:21.772,17990,17991,17990,1,-1
2022-02-15 15:12:22.932,17989,17990,17989,1,-1
2022-02-15 15:12:23.559,17989,17990,17989,1,-1
2022-02-15 15:12:29.649,17989,17991,17989,1,-1
2022-02-15 15:12:29.951,17989,17991,17989,1,-1
2022-02-15 15:12:30.099,17989,17990,17989,1,-1
2022-02-15 15:12:30.627,17989,17990,17990,1,1
2022-02-15 15:12:31.579,17989,17991,17991,1,1
2022-02-15 15:12:37.150,17989,17991,17989,1,-1
2022-02-15 15:12:37.572,17989,17991,17991,1,1
2022-02-15 15:12:39.576,17989,17991,17991,1,1
2022-02-15 15:12:40.938,17989,17991,17991,1,1
2022-02-15 15:12:46.174,17990,17991,17990,1,-1
2022-02-15 15:12:47.367,17989,17991,17990,1,1
2022-02-15 15:12:49.944,17989,17991,17989,3,-3
2022-02-15 15:12:58.557,17989,17990,17989,1,-1
2022-02-15 15:13:01.512,17989,17990,17989,1,-1
2022-02-15 15:13:02.765,17989,17990,17989,2,-2
2022-02-15 15:13:02.765,17989,17990,17989,3,-3
2022-02-15 15:13:03.564,17989,17990,17989,1,-1
2022-02-15 15:13:03.564,17989,17990,17989,2,-2
2022-02-15 15:13:03.564,17989,17990,17989,1,-1
2022-02-15 15:13:06.837,17989,17990,17989,1,-1
2022-02-15 15:13:07.634,17989,17990,17989,1,-1
2022-02-15 15:13:07.635,17989,17990,17989,1,-1
2022-02-15 15:13:08.524,17989,17990,17989,1,-1
2022-02-15 15:13:08.718,17989,17990,17989,1,-1
2022-02-15 15:13:08.794,17989,17990,17990,3,3
2022-02-15 15:13:09.989,17989,17991,17989,2,-2
2022-02-15 15:13:17.704,17990,17991,17991,1,1
2022-02-15 15:13:17.704,17990,17991,17991,1,1
2022-02-15 15:13:17.704,17990,17991,17991,1,1
2022-02-15 15:13:19.043,17991,17992,17991,1,-1
2022-02-15 15:13:19.239,17991,17992,17992,1,1
2022-02-15 15:13:20.518,17992,17993,17992,2,-2
2022-02-15 15:13:29.639,17992,17993,17992,1,-1
2022-02-15 15:13:40.135,17991,17993,17993,3,3
2022-02-15 15:13:50.943,17993,17994,17994,1,1
2022-02-15 15:13:50.944,17993,17994,17994,1,1
2022-02-15 15:13:50.944,17993,17994,17994,1,1
2022-02-15 15:13:50.944,17993,17994,17994,1,1
2022-02-15 15:13:50.944,17993,17994,17994,2,2
2022-02-15 15:13:57.095,17993,17995,17994,1,1
2022-02-15 15:14:00.289,17994,17995,17995,2,2
2022-02-15 15:14:00.639,17994,17995,17995,6,6
2022-02-15 15:14:00.641,17994,17995,17996,1,1
2022-02-15 15:14:00.667,17994,17995,17996,1,1
2022-02-15 15:14:00.789,17995,17996,17996,1,1
2022-02-15 15:14:00.791,17995,17996,17996,1,1
2022-02-15 15:14:00.804,17995,17996,17996,1,1
2022-02-15 15:14:00.820,17995,17996,17995,1,-1
2022-02-15 15:14:00.820,17995,17996,17996,14,14
2022-02-15 15:14:00.913,17995,17996,17997,1,1
2022-02-15 15:14:02.892,17995,17997,17995,1,-1
2022-02-15 15:14:03.570,17995,17997,17996,1,1
2022-02-15 15:14:07.514,17994,17996,17996,1,1
2022-02-15 15:14:07.686,17995,17996,17995,1,-1
2022-02-15 15:14:10.013,17995,17996,17996,1,1
2022-02-15 15:14:12.989,17995,17996,17996,1,1
2022-02-15 15:14:14.210,17995,17997,17995,1,-1
2022-02-15 15:14:15.534,17995,17996,17996,1,1
2022-02-15 15:14:16.412,17995,17997,17995,1,-1
2022-02-15 15:14:17.713,17995,17996,17996,1,1
2022-02-15 15:14:18.717,17995,17997,17997,1,1
2022-02-15 15:14:19.154,17995,17997,17995,1,-1
2022-02-15 15:14:21.373,17995,17996,17995,3,-3
2022-02-15 15:14:22.405,17994,17995,17995,1,1
2022-02-15 15:14:24.188,17994,17995,17995,2,2
2022-02-15 15:14:25.381,17995,17996,17995,1,-1
2022-02-15 15:14:25.786,17994,17996,17994,25,-25
2022-02-15 15:14:26.054,17993,17994,17993,1,-1
2022-02-15 15:14:26.201,17992,17993,17993,1,1
2022-02-15 15:14:26.416,17992,17994,17992,1,-1
2022-02-15 15:14:27.455,17992,17994,17992,1,-1
2022-02-15 15:14:28.456,17992,17994,17992,1,-1
2022-02-15 15:14:29.465,17992,17993,17993,2,2
2022-02-15 15:14:35.233,17993,17994,17994,2,2
2022-02-15 15:14:36.918,17993,17995,17994,3,3
2022-02-15 15:14:43.452,17993,17995,17995,1,1
2022-02-15 15:14:45.607,17994,17996,17995,1,1
2022-02-15 15:14:56.232,17994,17995,17995,1,1
2022-02-15 15:14:57.185,17994,17995,17995,1,1
2022-02-15 15:15:01.183,17995,17996,17995,1,-1
2022-02-15 15:15:01.311,17995,17996,17996,1,1
2022-02-15 15:15:01.368,17995,17996,17996,1,1
2022-02-15 15:15:01.577,17995,17996,17996,6,6
2022-02-15 15:15:01.621,17995,17996,17996,1,1
2022-02-15 15:15:01.621,17995,17996,17997,1,1
2022-02-15 15:15:02.538,17995,17997,17995,2,-2
2022-02-15 15:15:02.584,17995,17996,17995,1,-1
2022-02-15 15:15:02.584,17995,17996,17994,3,-3
2022-02-15 15:15:08.799,17994,17996,17996,1,1
2022-02-15 15:15:11.880,17994,17996,17996,1,1
2022-02-15 15:15:11.948,17995,17996,17996,3,3
2022-02-15 15:15:13.989,17996,17997,17997,1,1
2022-02-15 15:15:14.328,17996,17997,17997,1,1
2022-02-15 15:15:14.367,17996,17997,17997,1,1
2022-02-15 15:15:14.367,17996,17997,17997,16,16
2022-02-15 15:15:16.336,17997,17998,17998,2,2
2022-02-15 15:15:16.454,17997,17998,17998,1,1
2022-02-15 15:15:16.528,17997,17998,17998,1,1
2022-02-15 15:15:16.548,17997,17998,17998,4,4
2022-02-15 15:15:16.549,17997,17998,17998,1,1
2022-02-15 15:15:16.550,17997,17998,17998,1,1
2022-02-15 15:15:16.609,17998,17999,17998,1,-1
2022-02-15 15:15:16.622,17998,17999,17999,1,1
2022-02-15 15:15:17.946,17998,17999,17999,5,5
2022-02-15 15:15:17.947,17998,17999,17999,1,1
2022-02-15 15:15:17.947,17998,17999,17999,1,1
2022-02-15 15:15:19.341,17998,18000,17998,1,-1
2022-02-15 15:15:20.510,17998,18000,18000,3,3
2022-02-15 15:15:20.718,17999,18000,18000,1,1
2022-02-15 15:15:20.723,17999,18000,18000,9,9
2022-02-15 15:15:21.793,17999,18000,18000,1,1
2022-02-15 15:15:22.308,17999,18000,18000,3,3
2022-02-15 15:15:22.308,17999,18000,18000,1,1
2022-02-15 15:15:22.308,17999,18000,18000,2,2
2022-02-15 15:15:22.308,17999,18000,18000,3,3
2022-02-15 15:15:22.309,17999,18000,18000,1,1
2022-02-15 15:15:22.496,17999,18001,18001,2,2
2022-02-15 15:15:22.859,17999,18001,18001,1,1
2022-02-15 15:15:23.620,18000,18001,18001,1,1
2022-02-15 15:15:24.879,18000,18001,18001,1,1
2022-02-15 15:15:26.109,18000,18002,18000,1,-1
2022-02-15 15:15:26.254,18000,18002,18002,1,1
2022-02-15 15:15:26.325,18000,18001,18001,1,1
2022-02-15 15:15:26.325,18000,18001,18002,1,1
2022-02-15 15:15:26.344,18000,18001,18002,1,1
2022-02-15 15:15:27.392,18001,18002,18002,2,2
2022-02-15 15:15:28.133,18000,18001,18001,1,1
2022-02-15 15:15:29.090,18000,18002,18002,2,2
2022-02-15 15:15:33.197,18001,18002,18001,1,-1
2022-02-15 15:15:33.738,18000,18002,18002,3,3
2022-02-15 15:15:35.878,18000,18001,18000,2,-2
2022-02-15 15:15:40.494,17999,18000,18000,1,1
2022-02-15 15:15:44.710,17999,18000,18000,1,1
2022-02-15 15:15:46.047,17999,18000,17999,1,-1
2022-02-15 15:15:46.048,17999,18000,17999,3,-3
2022-02-15 15:15:46.201,17998,17999,17998,1,-1
2022-02-15 15:15:46.573,17998,17999,17999,1,1
2022-02-15 15:15:49.515,17998,18000,17998,15,-15
2022-02-15 15:15:49.775,17997,17998,17997,2,-2
2022-02-15 15:15:49.855,17996,17997,17996,1,-1
2022-02-15 15:15:50.007,17995,17997,17997,1,1
2022-02-15 15:15:51.336,17996,17998,17998,1,1
2022-02-15 15:15:54.327,17995,17996,17996,1,1
2022-02-15 15:16:00.700,17996,17998,17998,1,1
2022-02-15 15:16:00.755,17996,17998,17998,1,1
2022-02-15 15:16:02.245,17996,17998,17998,1,1
2022-02-15 15:16:08.523,17996,17997,17996,2,-2
2022-02-15 15:16:09.571,17995,17996,17995,1,-1
2022-02-15 15:16:09.637,17995,17996,17995,1,-1
2022-02-15 15:16:10.184,17994,17995,17994,2,-2
2022-02-15 15:16:10.677,17994,17995,17994,1,-1
2022-02-15 15:16:15.800,17993,17994,17994,1,1
2022-02-15 15:16:17.651,17993,17995,17993,12,-12
2022-02-15 15:16:17.652,17993,17995,17993,5,-5
2022-02-15 15:16:20.107,17992,17993,17992,1,-1
2022-02-15 15:16:20.107,17992,17993,17992,1,-1
2022-02-15 15:16:20.107,17992,17993,17992,9,-9
2022-02-15 15:16:20.107,17992,17993,17992,1,-1
2022-02-15 15:16:20.108,17992,17993,17992,5,-5
2022-02-15 15:16:23.659,17991,17993,17991,8,-8
2022-02-15 15:16:23.659,17991,17993,17990,12,-12
2022-02-15 15:16:24.101,17990,17992,17992,1,1
2022-02-15 15:16:26.083,17991,17993,17991,2,-2
2022-02-15 15:16:31.121,17991,17993,17992,1,1
2022-02-15 15:16:31.675,17992,17994,17992,6,-6
2022-02-15 15:16:33.664,17991,17992,17991,1,-1
2022-02-15 15:16:37.762,17991,17992,17991,2,-2
2022-02-15 15:16:38.187,17990,17992,17990,2,-2
2022-02-15 15:16:40.339,17991,17992,17992,1,1
2022-02-15 15:16:40.339,17991,17992,17992,2,2
2022-02-15 15:16:40.340,17991,17992,17992,6,6
2022-02-15 15:16:43.141,17992,17993,17992,1,-1
2022-02-15 15:16:44.127,17991,17992,17992,1,1
2022-02-15 15:16:56.896,17991,17992,17991,1,-1
2022-02-15 15:17:00.134,17991,17992,17992,1,1
2022-02-15 15:17:02.016,17992,17993,17993,3,3
2022-02-15 15:17:02.847,17993,17994,17994,1,1
2022-02-15 15:17:06.561,17993,17995,17995,1,1
2022-02-15 15:17:06.933,17994,17995,17994,1,-1
2022-02-15 15:17:10.328,17994,17995,17995,4,4
2022-02-15 15:17:21.271,17994,17995,17994,9,-9
2022-02-15 15:17:21.273,17994,17995,17994,6,-6
2022-02-15 15:17:24.687,17994,17996,17994,4,-4
2022-02-15 15:17:25.091,17993,17996,17993,4,-4
2022-02-15 15:17:25.812,17994,17996,17996,1,1
2022-02-15 15:17:28.122,17993,17995,17994,1,1
2022-02-15 15:17:30.472,17994,17995,17994,1,-1
2022-02-15 15:17:33.372,17993,17994,17994,2,2
2022-02-15 15:17:36.751,17994,17996,17994,2,-2
2022-02-15 15:17:38.774,17994,17996,17994,2,-2
2022-02-15 15:17:40.056,17994,17996,17994,1,-1
2022-02-15 15:17:40.479,17994,17995,17994,1,-1
2022-02-15 15:17:42.667,17993,17994,17994,1,1
2022-02-15 15:17:47.094,17994,17996,17994,1,-1
2022-02-15 15:17:54.321,17994,17995,17994,1,-1
2022-02-15 15:17:54.607,17994,17995,17995,1,1
2022-02-15 15:17:55.822,17994,17996,17996,1,1
2022-02-15 15:18:01.192,17994,17995,17994,2,-2
2022-02-15 15:18:01.563,17994,17995,17995,1,1
2022-02-15 15:18:01.567,17994,17995,17996,1,1
2022-02-15 15:18:01.576,17994,17995,17996,1,1
2022-02-15 15:18:04.465,17996,17997,17997,3,3
2022-02-15 15:18:08.980,17996,17997,17997,1,1
2022-02-15 15:18:09.057,17997,17998,17998,2,2
2022-02-15 15:18:11.505,17996,17997,17997,2,2
2022-02-15 15:18:14.928,17997,17998,17997,1,-1
2022-02-15 15:18:16.011,17997,17998,17997,1,-1
2022-02-15 15:18:19.257,17997,17998,17998,1,1
2022-02-15 15:18:25.745,17997,17998,17997,2,-2
2022-02-15 15:18:25.917,17996,17997,17997,1,1
2022-02-15 15:18:39.935,17995,17996,17996,2,2
2022-02-15 15:18:44.318,17996,17997,17996,2,-2
2022-02-15 15:18:44.842,17995,17996,17996,2,2
2022-02-15 15:18:44.842,17995,17996,17996,1,1
2022-02-15 15:18:50.627,17995,17996,17996,2,2
2022-02-15 15:18:57.050,17996,17997,17997,2,2
2022-02-15 15:19:00.542,17997,17998,17998,14,14
2022-02-15 15:19:00.544,17997,17998,17999,5,5
2022-02-15 15:19:00.644,17998,17999,17999,2,2
2022-02-15 15:19:00.696,17999,18000,18000,1,1
2022-02-15 15:19:00.721,17999,18000,18000,1,1
2022-02-15 15:19:03.946,17999,18000,18000,2,2
2022-02-15 15:19:15.053,17999,18000,17999,1,-1
2022-02-15 15:19:15.435,17999,18000,18000,1,1
2022-02-15 15:19:20.146,17999,18000,18000,4,4
2022-02-15 15:19:20.188,17999,18000,18000,1,1
2022-02-15 15:19:22.204,17999,18000,18000,2,2
2022-02-15 15:19:24.128,17999,18000,18000,2,2
2022-02-15 15:19:24.856,17999,18000,18000,1,1
2022-02-15 15:19:27.013,18000,18001,18001,1,1
2022-02-15 15:19:27.047,18000,18001,18001,3,3
2022-02-15 15:19:27.562,18000,18002,18000,1,-1
2022-02-15 15:19:28.884,18000,18002,18002,3,3
2022-02-15 15:19:28.963,18000,18002,18002,1,1
2022-02-15 15:19:31.272,18000,18001,18001,1,1
2022-02-15 15:19:31.516,18000,18002,18000,1,-1
2022-02-15 15:19:33.095,18000,18002,18000,4,-4
2022-02-15 15:19:33.101,18000,18002,17999,2,-2
2022-02-15 15:19:33.152,18000,18002,17999,1,-1
2022-02-15 15:19:33.152,18000,18002,17999,2,-2
2022-02-15 15:19:33.153,18000,18002,17999,1,-1
2022-02-15 15:19:33.153,18000,18002,17999,1,-1
2022-02-15 15:19:33.599,17998,17999,17998,2,-2
2022-02-15 15:19:33.599,17998,17999,17997,2,-2
2022-02-15 15:19:40.397,17997,17999,17999,1,1
2022-02-15 15:19:47.559,17998,17999,17998,1,-1
2022-02-15 15:19:47.814,17997,17998,17998,1,1
2022-02-15 15:19:48.249,17997,17998,17998,2,2
2022-02-15 15:19:48.269,17997,17998,17998,1,1
2022-02-15 15:19:54.081,17997,17998,17997,15,-15
2022-02-15 15:19:55.147,17996,17997,17997,1,1
2022-02-15 15:20:01.747,17996,17997,17997,5,5
2022-02-15 15:20:01.747,17996,17997,17997,1,1
2022-02-15 15:20:02.132,17997,17998,17998,1,1
2022-02-15 15:20:02.144,17997,17998,17998,1,1
2022-02-15 15:20:02.169,17997,17998,17999,1,1
2022-02-15 15:20:02.178,17997,17998,17997,1,-1
2022-02-15 15:20:02.178,17997,17998,17999,1,1
2022-02-15 15:20:02.182,17997,17999,17999,1,1
2022-02-15 15:20:02.182,17997,17999,17999,1,1
2022-02-15 15:20:02.190,17997,17999,17999,1,1
2022-02-15 15:20:02.203,17997,17999,17999,1,1
2022-02-15 15:20:02.207,17997,17999,17999,1,1
2022-02-15 15:20:02.223,17997,17999,18000,1,1
2022-02-15 15:20:02.228,17997,17999,18000,1,1
2022-02-15 15:20:02.228,17997,17999,18000,1,1
2022-02-15 15:20:02.228,17997,17999,17998,1,1
2022-02-15 15:20:02.229,17997,17999,18000,1,1
2022-02-15 15:20:02.232,17997,17999,18000,1,1
2022-02-15 15:20:02.232,17997,17999,18000,1,1
2022-02-15 15:20:02.253,17997,17999,18000,1,1
2022-02-15 15:20:02.253,17997,17999,18000,1,1
2022-02-15 15:20:02.257,17997,17999,18000,1,1
2022-02-15 15:20:02.307,17998,18000,18000,1,1
2022-02-15 15:20:02.329,17998,18000,18000,1,1
2022-02-15 15:20:02.372,17998,18000,18000,1,1
2022-02-15 15:20:02.372,17998,18000,18000,1,1
2022-02-15 15:20:02.378,17998,18000,18000,1,1
2022-02-15 15:20:02.392,17998,18000,18000,1,1
2022-02-15 15:20:02.433,17998,18000,18000,1,1
2022-02-15 15:20:02.442,17998,18000,18000,1,1
2022-02-15 15:20:02.455,17998,18000,18000,1,1
2022-02-15 15:20:02.467,17998,18000,18000,1,1
2022-02-15 15:20:02.480,17998,18000,18000,1,1
2022-02-15 15:20:02.492,17998,18000,18000,1,1
2022-02-15 15:20:02.500,17998,18000,17998,1,-1
2022-02-15 15:20:02.517,17998,18000,18000,1,1
2022-02-15 15:20:02.542,17998,18000,18000,1,1
2022-02-15 15:20:02.542,17998,18000,18000,1,1
2022-02-15 15:20:02.665,17998,18000,17998,1,-1
2022-02-15 15:20:02.700,17998,18000,17998,1,-1
2022-02-15 15:20:02.717,17998,18000,17999,1,1
2022-02-15 15:20:02.880,17997,17999,17999,1,1
2022-02-15 15:20:14.045,17997,17998,17997,2,-2
2022-02-15 15:20:14.812,17996,17998,17996,1,-1
2022-02-15 15:20:18.967,17996,17997,17997,1,1
2022-02-15 15:20:37.071,17997,17998,17997,1,-1
2022-02-15 15:20:37.183,17997,17998,17998,1,1
2022-02-15 15:20:40.238,17997,17998,17998,1,1
2022-02-15 15:20:40.478,17997,17998,17998,3,3
2022-02-15 15:20:40.614,17998,17999,17997,2,-2
2022-02-15 15:20:40.676,17998,17999,17997,1,-1
2022-02-15 15:20:40.676,17998,17999,17997,1,-1
2022-02-15 15:20:40.676,17998,17999,17997,10,-10
2022-02-15 15:20:40.681,17996,17997,17996,1,-1
2022-02-15 15:20:55.883,17996,17997,17997,2,2
2022-02-15 15:20:56.051,17996,17997,17997,1,1
2022-02-15 15:20:56.057,17996,17998,17998,1,1
2022-02-15 15:20:56.877,17997,17998,17998,1,1
2022-02-15 15:20:57.864,17998,17999,17998,1,-1
2022-02-15 15:21:00.740,17997,17999,17999,1,1
2022-02-15 15:21:00.769,17997,17999,17999,1,1
2022-02-15 15:21:03.259,17997,17998,17998,1,1
2022-02-15 15:21:03.308,17997,17999,17999,1,1
2022-02-15 15:21:05.849,17998,17999,17998,1,-1
2022-02-15 15:21:19.812,17998,17999,17998,4,-4
2022-02-15 15:21:22.032,17996,17998,17996,2,-2
2022-02-15 15:21:22.058,17995,17997,17997,1,1
2022-02-15 15:21:22.059,17995,17997,17997,1,1
2022-02-15 15:21:23.095,17996,17998,17996,1,-1
2022-02-15 15:21:43.490,17995,17997,17995,9,-9
2022-02-15 15:21:43.491,17995,17997,17995,1,-1
2022-02-15 15:21:45.172,17994,17996,17996,1,1
2022-02-15 15:21:45.182,17994,17996,17996,1,1
2022-02-15 15:21:45.183,17994,17996,17996,1,1
2022-02-15 15:21:45.358,17994,17996,17996,1,1
2022-02-15 15:21:49.826,17995,17996,17995,1,-1
2022-02-15 15:22:01.076,17995,17996,17996,4,4
2022-02-15 15:22:01.212,17996,17997,17996,1,-1
2022-02-15 15:22:01.706,17996,17997,17997,1,1
2022-02-15 15:22:01.706,17996,17997,17998,11,11
2022-02-15 15:22:01.706,17996,17997,17999,20,20
2022-02-15 15:22:35.125,17997,17998,17997,1,-1
2022-02-15 15:22:38.755,17997,17998,17997,1,-1
2022-02-15 15:22:39.430,17997,17998,17998,2,2
2022-02-15 15:22:39.430,17997,17998,17999,13,13
2022-02-15 15:22:39.430,17997,17998,18000,3,3
2022-02-15 15:22:40.739,17998,18000,17998,1,-1
2022-02-15 15:22:41.712,17998,18000,18000,4,4
2022-02-15 15:22:41.713,17998,18000,18000,1,1
2022-02-15 15:22:41.713,17998,18000,18000,1,1
2022-02-15 15:22:45.626,18000,18001,18000,1,-1
2022-02-15 15:22:46.146,18000,18001,18000,1,-1
2022-02-15 15:22:46.146,18000,18001,18001,2,2
2022-02-15 15:22:46.147,18000,18001,18001,1,1
2022-02-15 15:22:46.154,18000,18001,18002,4,4
2022-02-15 15:22:46.155,18000,18001,18002,1,1
2022-02-15 15:22:46.155,18000,18001,18002,1,1
2022-02-15 15:22:46.213,18001,18002,18002,1,1
2022-02-15 15:22:46.218,18001,18002,18002,1,1
2022-02-15 15:22:48.767,17998,18000,18000,1,1
2022-02-15 15:22:52.511,17999,18000,17999,1,-1
2022-02-15 15:22:53.094,17999,18000,18000,1,1
2022-02-15 15:22:53.548,18000,18002,18001,1,1
2022-02-15 15:22:57.328,18001,18003,18003,2,2
2022-02-15 15:22:57.406,18001,18003,18002,3,3
2022-02-15 15:22:57.406,18001,18003,18001,7,-7
2022-02-15 15:22:57.439,18001,18003,18003,1,1
2022-02-15 15:22:57.455,18001,18003,18003,2,2
2022-02-15 15:22:57.474,18001,18003,18003,1,1
2022-02-15 15:22:57.490,18001,18003,18003,4,4
2022-02-15 15:22:57.490,18001,18003,18004,1,1
2022-02-15 15:22:57.595,18002,18004,18004,1,1
2022-02-15 15:22:57.659,18002,18004,18003,1,1
2022-02-15 15:22:59.847,18001,18003,18001,1,-1
2022-02-15 15:23:00.418,18001,18002,18002,1,1
2022-02-15 15:23:00.418,18001,18002,18003,3,3
2022-02-15 15:23:00.449,18001,18003,18003,4,4
2022-02-15 15:23:04.080,18002,18004,18003,1,1
2022-02-15 15:23:08.033,18001,18003,18003,1,1
2022-02-15 15:23:10.393,18001,18003,18003,1,1
2022-02-15 15:23:10.883,18001,18003,18003,1,1
2022-02-15 15:23:13.186,18002,18003,18003,1,1
2022-02-15 15:23:19.197,18002,18003,18002,1,-1
2022-02-15 15:23:20.072,18002,18003,18003,1,1
2022-02-15 15:23:21.582,18002,18003,18002,1,-1
2022-02-15 15:23:25.720,18002,18003,18002,1,-1
2022-02-15 15:23:29.125,18002,18003,18003,2,2
2022-02-15 15:23:30.032,18002,18003,18002,1,-1
2022-02-15 15:23:30.034,18002,18003,18002,1,-1
2022-02-15 15:23:31.130,18001,18002,18002,1,1
2022-02-15 15:23:32.102,18001,18002,18001,3,-3
2022-02-15 15:23:32.177,18001,18002,18001,1,-1
2022-02-15 15:23:32.676,18000,18001,18001,2,2
2022-02-15 15:23:32.676,18000,18001,18002,6,6
2022-02-15 15:23:32.677,18000,18001,18002,7,7
2022-02-15 15:23:32.834,18000,18002,18002,5,5
2022-02-15 15:23:32.836,18000,18002,18002,2,2
2022-02-15 15:23:34.435,18000,18001,18001,2,2
2022-02-15 15:23:34.442,18000,18001,18000,9,-9
2022-02-15 15:23:41.665,17999,18000,18000,1,1
2022-02-15 15:23:41.665,17999,18000,18001,1,1
2022-02-15 15:23:44.306,18000,18001,18000,1,-1
2022-02-15 15:23:44.979,18000,18001,18001,1,1
2022-02-15 15:23:55.594,18001,18002,18001,1,-1
2022-02-15 15:23:56.811,18000,18002,18000,1,-1
2022-02-15 15:24:01.219,18000,18001,18001,1,1
2022-02-15 15:24:06.023,18000,18002,18000,1,-1
2022-02-15 15:24:06.839,18000,18002,18002,2,2
2022-02-15 15:24:06.857,18000,18002,18003,5,5
2022-02-15 15:24:06.857,18000,18002,18003,1,1
2022-02-15 15:24:07.046,18002,18004,18004,1,1
2022-02-15 15:24:07.051,18002,18004,18004,1,1
2022-02-15 15:24:10.457,18003,18004,18003,1,-1
2022-02-15 15:24:13.065,18002,18003,18003,1,1
2022-02-15 15:24:13.274,18003,18004,18003,1,-1
2022-02-15 15:24:13.274,18003,18004,18002,4,-4
2022-02-15 15:24:15.254,18002,18004,18004,2,2
2022-02-15 15:24:15.442,18002,18004,18004,1,1
2022-02-15 15:24:18.515,18002,18004,18004,1,1
2022-02-15 15:24:24.031,18003,18004,18003,1,-1
2022-02-15 15:24:25.888,18003,18004,18004,1,1
2022-02-15 15:24:32.761,18003,18004,18004,2,2
2022-02-15 15:24:32.763,18003,18004,18004,1,1
2022-02-15 15:24:33.934,18003,18004,18004,1,1
2022-02-15 15:24:35.944,18003,18005,18003,10,-10
2022-02-15 15:24:40.061,18003,18005,18003,2,-2
2022-02-15 15:24:41.515,18003,18005,18004,1,1
2022-02-15 15:24:45.906,18003,18004,18004,1,1
2022-02-15 15:24:48.444,18003,18004,18004,1,1
2022-02-15 15:24:48.622,18003,18004,18003,1,-1
2022-02-15 15:24:48.773,18003,18004,18003,1,-1
2022-02-15 15:24:48.773,18003,18004,18003,6,-6
2022-02-15 15:24:49.484,18002,18003,18003,1,1
2022-02-15 15:24:49.516,18002,18003,18002,1,-1
2022-02-15 15:24:51.142,18002,18003,18002,1,-1
2022-02-15 15:24:52.972,18001,18002,18001,1,-1
2022-02-15 15:24:52.972,18001,18002,18001,1,-1
2022-02-15 15:24:52.972,18001,18002,18001,2,-2
2022-02-15 15:24:52.972,18001,18002,18001,1,-1
2022-02-15 15:24:52.972,18001,18002,18001,1,-1
2022-02-15 15:24:52.972,18001,18002,18001,8,-8
2022-02-15 15:24:53.035,18001,18002,18000,1,-1
2022-02-15 15:24:53.131,18000,18001,18000,1,-1
2022-02-15 15:24:53.424,18000,18001,18001,1,1
2022-02-15 15:24:55.853,18000,18001,18000,1,-1
2022-02-15 15:25:01.067,18000,18001,18001,1,1
2022-02-15 15:25:01.610,18000,18001,18001,2,2
2022-02-15 15:25:03.030,18000,18001,18001,3,3
2022-02-15 15:25:10.208,18000,18001,18001,1,1
2022-02-15 15:25:10.208,18000,18001,18002,2,2
2022-02-15 15:25:19.468,18001,18002,18002,1,1
2022-02-15 15:25:27.154,18001,18002,18001,1,-1
2022-02-15 15:25:28.479,18000,18001,18001,1,1
2022-02-15 15:25:32.890,18001,18002,18002,1,1
2022-02-15 15:25:38.803,18001,18002,18001,1,-1
2022-02-15 15:25:44.045,18001,18002,18001,1,-1
2022-02-15 15:25:44.175,18001,18002,18001,1,-1
2022-02-15 15:25:46.667,18000,18001,18000,2,-2
2022-02-15 15:25:50.593,18000,18001,18000,1,-1
2022-02-15 15:25:51.374,18000,18001,18000,1,-1
2022-02-15 15:25:52.679,18000,18001,18000,1,-1
2022-02-15 15:25:53.115,18000,18001,18000,1,-1
2022-02-15 15:25:53.886,18000,18001,18000,1,-1
2022-02-15 15:25:56.430,18000,18001,18000,5,-5
2022-02-15 15:25:57.472,17999,18000,17999,1,-1
2022-02-15 15:25:58.546,17999,18000,17999,1,-1
2022-02-15 15:26:04.123,17998,17999,17998,1,-1
2022-02-15 15:26:04.123,17998,17999,17998,1,-1
2022-02-15 15:26:04.123,17998,17999,17998,2,-2
2022-02-15 15:26:04.328,17997,17998,17998,1,1
2022-02-15 15:26:04.622,17997,17998,17997,1,-1
2022-02-15 15:26:06.205,17997,17998,17998,3,3
2022-02-15 15:26:07.135,17997,17998,17997,1,-1
2022-02-15 15:26:11.564,17998,17999,17998,1,-1
2022-02-15 15:26:12.273,17998,17999,17999,3,3
2022-02-15 15:26:16.913,17998,17999,17999,2,2
2022-02-15 15:26:16.913,17998,17999,18000,1,1
2022-02-15 15:26:17.948,17998,17999,17998,1,-1
2022-02-15 15:26:23.478,17998,17999,17998,1,-1
2022-02-15 15:26:23.895,17998,17999,17999,1,1
2022-02-15 15:26:24.427,17998,17999,17998,1,-1
2022-02-15 15:26:34.814,17998,17999,17998,1,-1
2022-02-15 15:26:35.233,17998,17999,17999,1,1
2022-02-15 15:26:37.024,17998,17999,17998,2,-2
2022-02-15 15:26:37.024,17998,17999,17998,4,-4
2022-02-15 15:26:37.025,17998,17999,17998,2,-2
2022-02-15 15:26:37.089,17997,17998,17997,5,-5
2022-02-15 15:26:37.309,17996,17997,17996,5,-5
2022-02-15 15:26:41.614,17995,17996,17995,1,-1
2022-02-15 15:26:41.753,17995,17996,17995,1,-1
2022-02-15 15:26:42.991,17995,17996,17995,1,-1
2022-02-15 15:26:44.669,17995,17996,17995,1,-1
2022-02-15 15:26:46.598,17995,17996,17995,1,-1
2022-02-15 15:26:47.818,17994,17996,17995,1,1
2022-02-15 15:26:51.478,17994,17995,17995,1,1
2022-02-15 15:26:51.785,17994,17996,17994,1,-1
2022-02-15 15:26:51.896,17994,17996,17994,1,-1
2022-02-15 15:26:58.496,17995,17996,17995,1,-1
2022-02-15 15:26:58.877,17994,17995,17995,1,1
2022-02-15 15:27:00.461,17995,17996,17996,1,1
2022-02-15 15:27:00.461,17995,17996,17996,1,1
2022-02-15 15:27:01.650,17996,17997,17997,1,1
2022-02-15 15:27:02.331,17997,17999,17997,2,-2
2022-02-15 15:27:07.500,17996,17997,17997,1,1
2022-02-15 15:27:18.279,17995,17997,17995,1,-1
2022-02-15 15:27:18.515,17995,17997,17996,1,1
2022-02-15 15:27:24.591,17995,17996,17996,2,2
2022-02-15 15:27:25.818,17995,17996,17996,1,1
2022-02-15 15:27:28.538,17995,17996,17995,5,-5
2022-02-15 15:27:32.696,17994,17995,17994,1,-1
2022-02-15 15:27:33.825,17994,17995,17994,1,-1
2022-02-15 15:27:36.290,17994,17995,17994,1,-1
2022-02-15 15:27:37.808,17994,17995,17994,1,-1
2022-02-15 15:27:38.102,17994,17995,17994,3,-3
2022-02-15 15:27:42.427,17993,17994,17993,1,-1
2022-02-15 15:27:43.838,17993,17994,17994,2,2
2022-02-15 15:27:43.838,17993,17994,17995,1,1
2022-02-15 15:27:46.959,17993,17994,17993,1,-1
2022-02-15 15:27:47.074,17993,17994,17993,1,-1
2022-02-15 15:27:47.467,17993,17994,17993,1,-1
2022-02-15 15:27:49.392,17993,17994,17994,1,1
2022-02-15 15:27:51.166,17993,17994,17993,1,-1
2022-02-15 15:27:51.166,17993,17994,17993,1,-1
2022-02-15 15:27:51.166,17993,17994,17993,1,-1
2022-02-15 15:27:51.300,17992,17993,17993,1,1
2022-02-15 15:27:52.174,17992,17994,17993,1,1
2022-02-15 15:27:54.840,17993,17994,17994,1,1
2022-02-15 15:27:55.972,17993,17994,17994,1,1
2022-02-15 15:27:57.454,17993,17994,17994,3,3
2022-02-15 15:27:59.677,17993,17995,17994,1,1
2022-02-15 15:28:00.232,17993,17995,17995,3,3
2022-02-15 15:28:00.233,17993,17995,17995,1,1
2022-02-15 15:28:00.481,17995,17996,17996,2,2
2022-02-15 15:28:00.482,17995,17996,17996,2,2
2022-02-15 15:28:00.487,17995,17996,17995,1,-1
2022-02-15 15:28:01.588,17995,17997,17995,1,-1
2022-02-15 15:28:02.316,17995,17997,17995,2,-2
2022-02-15 15:28:04.202,17995,17996,17996,1,1
2022-02-15 15:28:07.687,17995,17996,17995,1,-1
2022-02-15 15:28:12.886,17994,17995,17995,2,2
2022-02-15 15:28:12.886,17994,17995,17996,1,1
2022-02-15 15:28:20.074,17994,17995,17994,1,-1
2022-02-15 15:28:20.832,17994,17995,17995,1,1
2022-02-15 15:28:22.711,17994,17995,17994,1,-1
2022-02-15 15:28:36.752,17994,17995,17994,1,-1
2022-02-15 15:28:49.066,17994,17995,17994,1,-1
2022-02-15 15:28:49.155,17994,17995,17994,1,-1
2022-02-15 15:28:52.532,17993,17995,17993,1,-1
2022-02-15 15:28:53.988,17993,17994,17994,1,1
2022-02-15 15:28:56.779,17994,17995,17994,1,-1
2022-02-15 15:28:58.263,17993,17995,17993,1,-1
2022-02-15 15:29:03.278,17993,17994,17993,3,-3
2022-02-15 15:29:05.180,17992,17993,17993,2,2
2022-02-15 15:29:05.431,17992,17994,17992,1,-1
2022-02-15 15:29:08.312,17992,17993,17992,1,-1
2022-02-15 15:29:08.312,17992,17993,17992,4,-4
2022-02-15 15:29:11.973,17991,17992,17992,1,1
2022-02-15 15:29:12.683,17991,17992,17992,1,1
2022-02-15 15:29:12.920,17991,17992,17991,1,-1
2022-02-15 15:29:17.271,17991,17992,17992,3,3
2022-02-15 15:29:17.927,17991,17992,17992,3,3
2022-02-15 15:29:19.392,17991,17992,17992,1,1
2022-02-15 15:29:28.490,17991,17992,17991,1,-1
2022-02-15 15:29:29.678,17991,17992,17991,1,-1
2022-02-15 15:29:31.143,17991,17992,17991,1,-1
2022-02-15 15:29:31.255,17991,17992,17991,1,-1
2022-02-15 15:29:31.260,17991,17992,17992,1,1
2022-02-15 15:29:31.260,17991,17992,17992,8,8
2022-02-15 15:29:31.260,17991,17992,17992,1,1
2022-02-15 15:29:31.260,17991,17992,17992,3,3
2022-02-15 15:29:31.491,17992,17993,17993,1,1
2022-02-15 15:29:31.492,17992,17993,17993,1,1
2022-02-15 15:29:37.327,17993,17995,17993,1,-1
2022-02-15 15:29:42.352,17994,17995,17994,1,-1
2022-02-15 15:29:48.238,17994,17995,17994,2,-2
2022-02-15 15:29:48.238,17994,17995,17994,1,-1
2022-02-15 15:29:48.268,17994,17995,17994,1,-1
2022-02-15 15:29:51.602,17993,17995,17995,17,17
2022-02-15 15:29:51.612,17993,17995,17996,5,5
2022-02-15 15:29:51.615,17993,17995,17996,1,1
2022-02-15 15:29:51.650,17993,17995,17997,4,4
2022-02-15 15:29:55.434,17996,17998,17996,1,-1
2022-02-15 15:29:55.748,17996,17998,17998,5,5
2022-02-15 15:29:55.749,17996,17998,17998,1,1
2022-02-15 15:29:57.582,17997,17999,17999,2,2
2022-02-15 15:29:57.647,17997,17999,17999,1,1
2022-02-15 15:29:58.572,17997,17999,17997,1,-1
2022-02-15 15:29:59.011,17996,17999,17998,1,1
2022-02-15 15:30:05.977,17997,17998,17998,1,1
2022-02-15 15:30:06.521,17997,17998,17997,1,-1
2022-02-15 15:30:09.148,17996,17997,17997,1,1
2022-02-15 15:30:13.069,17996,17997,17997,3,3
2022-02-15 15:30:20.988,17995,17996,17996,1,1
2022-02-15 15:30:21.271,17996,17997,17997,2,2
2022-02-15 15:30:21.768,17997,17998,17997,1,-1
2022-02-15 15:30:22.072,17997,17998,17997,1,-1
2022-02-15 15:30:24.517,17996,17998,17998,3,3
2022-02-15 15:30:24.574,17997,17999,17999,5,5
2022-02-15 15:30:24.574,17997,17999,17999,2,2
2022-02-15 15:30:24.574,17997,17999,18000,3,3
2022-02-15 15:30:26.244,17997,17999,17999,3,3
2022-02-15 15:30:26.672,17997,17999,17999,2,2
2022-02-15 15:30:28.065,17998,17999,17998,1,-1
2022-02-15 15:30:28.065,17998,17999,17997,1,-1
2022-02-15 15:30:28.324,17997,17999,17999,1,1
2022-02-15 15:30:32.982,17997,17999,17999,1,1
2022-02-15 15:30:36.102,17997,17999,17999,1,1
2022-02-15 15:30:45.528,17997,17999,17998,1,1
2022-02-15 15:30:50.591,17998,17999,17998,1,-1
2022-02-15 15:30:51.713,17998,17999,17998,1,-1
2022-02-15 15:30:53.018,17997,17999,17997,2,-2
2022-02-15 15:30:53.519,17997,17998,17998,1,1
2022-02-15 15:30:57.773,17998,17999,17998,1,-1
2022-02-15 15:31:00.678,17997,17998,17998,1,1
2022-02-15 15:31:11.032,17997,17998,17998,2,2
2022-02-15 15:31:14.085,17996,17998,17997,1,1
2022-02-15 15:31:14.388,17996,17997,17996,1,-1
2022-02-15 15:31:18.004,17995,17996,17995,1,-1
2022-02-15 15:31:18.337,17995,17996,17996,1,1
2022-02-15 15:31:18.354,17995,17996,17997,1,1
2022-02-15 15:31:20.944,17995,17996,17996,1,1
2022-02-15 15:31:23.027,17995,17997,17995,1,-1
2022-02-15 15:31:24.112,17995,17996,17995,1,-1
2022-02-15 15:31:27.881,17995,17996,17995,1,-1
2022-02-15 15:31:33.189,17994,17995,17994,3,-3
2022-02-15 15:31:34.200,17993,17994,17994,1,1
2022-02-15 15:31:36.771,17993,17995,17995,3,3
2022-02-15 15:31:47.225,17993,17994,17994,2,2
2022-02-15 15:31:47.225,17993,17994,17994,1,1
2022-02-15 15:31:54.451,17994,17995,17994,1,-1
2022-02-15 15:31:59.122,17994,17995,17994,1,-1
2022-02-15 15:32:08.958,17994,17995,17994,1,-1
2022-02-15 15:32:15.206,17994,17995,17994,1,-1
2022-02-15 15:32:17.357,17994,17995,17995,1,1
2022-02-15 15:32:17.657,17994,17995,17994,2,-2
2022-02-15 15:32:21.231,17993,17994,17993,3,-3
2022-02-15 15:32:31.479,17992,17993,17992,1,-1
2022-02-15 15:32:34.142,17992,17993,17993,3,3
2022-02-15 15:32:34.492,17992,17993,17992,1,-1
2022-02-15 15:32:42.421,17993,17994,17993,1,-1
2022-02-15 15:32:44.286,17992,17994,17992,1,-1
2022-02-15 15:32:48.282,17992,17994,17992,4,-4
2022-02-15 15:33:02.760,17992,17993,17993,1,1
2022-02-15 15:33:02.760,17992,17993,17993,1,1
2022-02-15 15:33:06.298,17993,17994,17994,9,9
2022-02-15 15:33:12.593,17993,17994,17994,1,1
2022-02-15 15:33:15.252,17993,17995,17994,1,1
2022-02-15 15:33:27.943,17994,17995,17994,1,-1
2022-02-15 15:33:34.944,17994,17995,17994,1,-1
2022-02-15 15:33:41.917,17994,17995,17995,1,1
2022-02-15 15:33:47.812,17994,17995,17994,4,-4
2022-02-15 15:33:48.394,17993,17995,17993,1,-1
2022-02-15 15:33:51.897,17993,17994,17993,1,-1
2022-02-15 15:34:05.223,17993,17994,17993,1,-1
2022-02-15 15:34:05.223,17993,17994,17993,1,-1
2022-02-15 15:34:09.962,17992,17994,17993,1,1
2022-02-15 15:34:14.257,17992,17993,17992,1,-1
2022-02-15 15:34:14.257,17992,17993,17992,1,-1
2022-02-15 15:34:14.257,17992,17993,17992,3,-3
2022-02-15 15:34:34.641,17991,17992,17992,3,3
2022-02-15 15:34:35.148,17992,17993,17992,1,-1
2022-02-15 15:34:46.925,17992,17993,17992,3,-3
2022-02-15 15:34:46.925,17992,17993,17991,7,-7
2022-02-15 15:34:50.469,17990,17992,17990,1,-1
2022-02-15 15:34:50.856,17990,17992,17990,8,-8
2022-02-15 15:34:50.887,17990,17992,17990,1,-1
2022-02-15 15:34:51.032,17990,17991,17990,1,-1
2022-02-15 15:34:53.393,17989,17990,17990,1,1
2022-02-15 15:35:00.093,17989,17990,17990,7,7
2022-02-15 15:35:00.151,17989,17990,17990,1,1
2022-02-15 15:35:00.779,17990,17992,17992,2,2
2022-02-15 15:35:07.425,17990,17991,17990,1,-1
2022-02-15 15:35:07.938,17989,17991,17991,1,1
2022-02-15 15:35:21.595,17989,17990,17990,1,1
2022-02-15 15:35:22.471,17989,17990,17990,1,1
2022-02-15 15:35:23.769,17989,17991,17989,2,-2
2022-02-15 15:35:24.237,17989,17990,17990,1,1
2022-02-15 15:35:24.272,17989,17990,17990,1,1
2022-02-15 15:35:24.432,17989,17991,17989,3,-3
2022-02-15 15:35:25.919,17990,17991,17990,1,-1
2022-02-15 15:35:30.333,17989,17991,17990,1,1
2022-02-15 15:35:30.941,17989,17991,17989,1,-1
2022-02-15 15:35:35.500,17989,17990,17989,2,-2
2022-02-15 15:35:39.182,17989,17990,17990,1,1
2022-02-15 15:35:43.051,17989,17990,17990,1,1
2022-02-15 15:35:43.240,17989,17990,17989,2,-2
2022-02-15 15:35:45.252,17989,17990,17990,2,2
2022-02-15 15:35:45.847,17989,17990,17990,3,3
2022-02-15 15:35:45.847,17989,17990,17991,1,1
2022-02-15 15:35:46.097,17989,17991,17991,4,4
2022-02-15 15:35:48.167,17989,17990,17990,1,1
2022-02-15 15:35:49.532,17989,17990,17989,1,-1
2022-02-15 15:35:50.851,17989,17990,17989,1,-1
2022-02-15 15:35:50.969,17989,17990,17990,1,1
2022-02-15 15:35:51.239,17989,17990,17989,2,-2
2022-02-15 15:35:54.957,17988,17989,17988,1,-1
2022-02-15 15:35:55.108,17988,17989,17988,1,-1
2022-02-15 15:35:55.867,17988,17989,17988,2,-2
2022-02-15 15:35:56.235,17988,17989,17988,1,-1
2022-02-15 15:35:57.396,17988,17989,17988,1,-1
2022-02-15 15:35:58.345,17988,17989,17988,1,-1
2022-02-15 15:35:58.528,17988,17989,17988,1,-1
2022-02-15 15:35:59.772,17988,17989,17988,1,-1
2022-02-15 15:36:00.704,17988,17989,17988,2,-2
2022-02-15 15:36:01.145,17988,17989,17988,1,-1
2022-02-15 15:36:01.870,17988,17989,17988,1,-1
2022-02-15 15:36:02.527,17988,17989,17988,1,-1
2022-02-15 15:36:03.545,17988,17989,17988,1,-1
2022-02-15 15:36:03.719,17987,17989,17988,1,1
2022-02-15 15:36:04.782,17987,17989,17988,1,1
2022-02-15 15:36:07.524,17987,17989,17988,1,1
2022-02-15 15:36:09.971,17987,17989,17988,1,1
2022-02-15 15:36:11.457,17987,17989,17989,8,8
2022-02-15 15:36:11.457,17987,17989,17989,1,1
2022-02-15 15:36:11.935,17989,17990,17989,1,-1
2022-02-15 15:36:15.684,17988,17989,17989,1,1
2022-02-15 15:36:17.918,17989,17990,17989,1,-1
2022-02-15 15:36:21.112,17988,17989,17988,2,-2
2022-02-15 15:36:27.245,17988,17989,17988,1,-1
2022-02-15 15:36:28.826,17988,17989,17988,3,-3
2022-02-15 15:36:39.172,17988,17989,17988,5,-5
2022-02-15 15:36:39.173,17988,17989,17988,1,-1
2022-02-15 15:36:40.029,17988,17989,17988,1,-1
2022-02-15 15:36:41.738,17988,17989,17988,1,-1
2022-02-15 15:36:42.679,17988,17989,17989,1,1
2022-02-15 15:36:42.741,17988,17989,17989,5,5
2022-02-15 15:36:49.862,17988,17989,17989,1,1
2022-02-15 15:36:51.147,17988,17989,17989,1,1
2022-02-15 15:36:51.151,17988,17989,17989,1,1
2022-02-15 15:36:54.065,17989,17990,17989,2,-2
2022-02-15 15:36:55.904,17989,17990,17989,1,-1
2022-02-15 15:36:59.886,17989,17990,17989,3,-3
2022-02-15 15:37:10.143,17989,17990,17989,1,-1
2022-02-15 15:37:10.183,17989,17990,17990,1,1
2022-02-15 15:37:10.184,17989,17990,17990,1,1
2022-02-15 15:37:10.184,17989,17990,17990,3,3
2022-02-15 15:37:10.184,17989,17990,17990,7,7
2022-02-15 15:37:10.184,17989,17990,17990,4,4
2022-02-15 15:37:10.184,17989,17990,17991,3,3
2022-02-15 15:37:10.185,17989,17990,17991,3,3
2022-02-15 15:37:10.185,17989,17990,17991,2,2
2022-02-15 15:37:10.185,17989,17990,17992,2,2
2022-02-15 15:37:10.194,17989,17990,17991,1,1
2022-02-15 15:37:10.356,17990,17992,17990,1,-1
2022-02-15 15:37:13.167,17990,17991,17990,1,-1
2022-02-15 15:37:13.183,17989,17991,17991,1,1
2022-02-15 15:37:13.183,17989,17991,17991,1,1
2022-02-15 15:37:13.183,17989,17991,17991,1,1
2022-02-15 15:37:13.183,17989,17991,17992,1,1
2022-02-15 15:37:13.183,17989,17991,17992,1,1
2022-02-15 15:37:13.183,17989,17991,17992,1,1
2022-02-15 15:37:13.183,17989,17991,17992,1,1
2022-02-15 15:37:13.184,17989,17991,17992,1,1
2022-02-15 15:37:13.184,17989,17991,17992,1,1
2022-02-15 15:37:13.931,17991,17993,17991,2,-2
2022-02-15 15:37:20.997,17991,17992,17991,2,-2
2022-02-15 15:37:21.909,17990,17991,17990,1,-1
2022-02-15 15:37:21.933,17989,17991,17991,1,1
2022-02-15 15:37:21.933,17989,17991,17991,1,1
2022-02-15 15:37:21.933,17989,17991,17991,1,1
2022-02-15 15:37:21.933,17989,17991,17991,1,1
2022-02-15 15:37:21.933,17989,17991,17991,1,1
2022-02-15 15:37:21.933,17989,17991,17991,1,1
2022-02-15 15:37:21.933,17989,17991,17991,1,1
2022-02-15 15:37:24.280,17989,17991,17991,1,1
2022-02-15 15:37:25.431,17989,17991,17989,1,-1
2022-02-15 15:37:25.759,17989,17991,17989,1,-1
2022-02-15 15:37:26.821,17989,17991,17989,1,-1
2022-02-15 15:37:33.211,17990,17991,17991,1,1
2022-02-15 15:37:33.308,17990,17992,17992,1,1
2022-02-15 15:37:33.308,17990,17992,17992,1,1
2022-02-15 15:37:33.308,17990,17992,17992,1,1
2022-02-15 15:37:33.308,17990,17992,17992,1,1
2022-02-15 15:37:33.315,17990,17992,17991,1,1
2022-02-15 15:37:33.454,17991,17992,17992,1,1
2022-02-15 15:37:38.756,17991,17993,17992,1,1
2022-02-15 15:37:46.496,17991,17992,17991,1,-1
2022-02-15 15:37:46.558,17991,17992,17992,1,1
2022-02-15 15:37:46.558,17991,17992,17992,1,1
2022-02-15 15:37:46.559,17991,17992,17993,1,1
2022-02-15 15:37:52.709,17991,17992,17992,1,1
2022-02-15 15:37:55.944,17991,17993,17991,1,-1
2022-02-15 15:37:55.944,17991,17993,17991,2,-2
2022-02-15 15:37:58.959,17990,17992,17992,1,1
2022-02-15 15:37:58.959,17990,17992,17993,1,1
2022-02-15 15:38:00.665,17991,17993,17991,1,-1
2022-02-15 15:38:02.662,17990,17992,17992,1,1
2022-02-15 15:38:07.139,17991,17992,17991,1,-1
2022-02-15 15:38:07.317,17991,17992,17992,2,2
2022-02-15 15:38:07.317,17991,17992,17993,3,3
2022-02-15 15:38:13.395,17992,17993,17993,3,3
2022-02-15 15:38:16.137,17993,17994,17993,1,-1
2022-02-15 15:38:17.772,17993,17994,17993,1,-1
2022-02-15 15:38:20.544,17992,17994,17994,2,2
2022-02-15 15:38:25.815,17993,17994,17994,1,1
2022-02-15 15:38:30.294,17993,17994,17994,1,1
2022-02-15 15:38:35.190,17993,17994,17994,1,1
2022-02-15 15:38:35.501,17994,17995,17994,1,-1
2022-02-15 15:38:35.679,17993,17995,17993,1,-1
2022-02-15 15:38:45.448,17993,17994,17993,2,-2
2022-02-15 15:38:57.242,17992,17993,17992,1,-1
2022-02-15 15:39:07.988,17991,17992,17992,1,1
2022-02-15 15:39:11.184,17992,17993,17993,1,1
2022-02-15 15:39:11.449,17992,17993,17992,1,-1
2022-02-15 15:39:11.576,17992,17993,17992,1,-1
2022-02-15 15:39:12.430,17991,17992,17992,1,1
2022-02-15 15:39:14.605,17992,17993,17992,1,-1
2022-02-15 15:39:18.218,17991,17993,17991,1,-1
2022-02-15 15:39:18.438,17991,17992,17992,3,3
2022-02-15 15:39:18.438,17991,17992,17992,2,2
2022-02-15 15:39:18.439,17991,17992,17992,5,5
2022-02-15 15:39:18.460,17991,17992,17991,1,-1
2022-02-15 15:39:21.079,17991,17992,17991,2,-2
2022-02-15 15:39:21.694,17990,17991,17991,1,1
2022-02-15 15:39:23.770,17990,17991,17990,2,-2
2022-02-15 15:39:25.727,17989,17990,17990,1,1
2022-02-15 15:39:30.092,17990,17991,17990,1,-1
2022-02-15 15:39:33.348,17989,17990,17990,1,1
2022-02-15 15:39:34.424,17990,17992,17990,1,-1
2022-02-15 15:39:35.132,17989,17990,17990,1,1
2022-02-15 15:39:44.827,17989,17990,17990,1,1
2022-02-15 15:39:48.831,17989,17990,17989,2,-2
2022-02-15 15:39:49.077,17988,17989,17989,1,1
2022-02-15 15:39:50.855,17988,17989,17988,1,-1
2022-02-15 15:39:50.856,17988,17989,17988,3,-3
2022-02-15 15:39:55.928,17988,17989,17988,1,-1
2022-02-15 15:39:56.879,17988,17989,17988,1,-1
2022-02-15 15:39:56.879,17988,17989,17988,1,-1
2022-02-15 15:39:56.879,17988,17989,17988,1,-1
2022-02-15 15:39:56.879,17988,17989,17987,15,-15
2022-02-15 15:39:56.931,17986,17987,17986,1,-1
2022-02-15 15:39:56.983,17986,17987,17986,1,-1
2022-02-15 15:39:59.134,17986,17988,17986,1,-1
2022-02-15 15:40:00.844,17986,17987,17987,1,1
2022-02-15 15:40:01.258,17986,17987,17986,1,-1
2022-02-15 15:40:02.835,17986,17987,17986,2,-2
2022-02-15 15:40:03.189,17985,17986,17985,7,-7
2022-02-15 15:40:03.189,17985,17986,17985,1,-1
2022-02-15 15:40:03.189,17985,17986,17985,1,-1
2022-02-15 15:40:03.190,17985,17986,17985,1,-1
2022-02-15 15:40:03.190,17985,17986,17985,1,-1
2022-02-15 15:40:03.190,17985,17986,17985,10,-10
2022-02-15 15:40:03.452,17984,17985,17984,2,-2
2022-02-15 15:40:03.548,17984,17985,17984,1,-1
2022-02-15 15:40:04.041,17984,17985,17985,1,1
2022-02-15 15:40:04.042,17984,17985,17985,1,1
2022-02-15 15:40:04.453,17985,17986,17985,1,-1
2022-02-15 15:40:04.821,17984,17985,17985,1,1
2022-02-15 15:40:05.523,17985,17986,17986,1,1
2022-02-15 15:40:05.598,17985,17987,17985,1,-1
2022-02-15 15:40:07.621,17985,17986,17986,1,1
2022-02-15 15:40:08.313,17985,17986,17985,2,-2
2022-02-15 15:40:14.121,17984,17985,17984,2,-2
2022-02-15 15:40:20.152,17984,17985,17984,4,-4
2022-02-15 15:40:20.153,17984,17985,17983,20,-20
2022-02-15 15:40:20.225,17982,17983,17982,1,-1
2022-02-15 15:40:20.902,17982,17984,17982,1,-1
2022-02-15 15:40:22.170,17982,17983,17982,1,-1
2022-02-15 15:40:22.171,17982,17983,17982,2,-2
2022-02-15 15:40:23.374,17981,17982,17982,1,1
2022-02-15 15:40:23.502,17981,17983,17981,1,-1
2022-02-15 15:40:24.236,17981,17983,17981,2,-2
2022-02-15 15:40:24.669,17981,17983,17981,2,-2
2022-02-15 15:40:26.202,17981,17982,17981,3,-3
2022-02-15 15:40:26.373,17980,17982,17980,2,-2
2022-02-15 15:40:26.490,17980,17982,17980,1,-1
2022-02-15 15:40:27.121,17981,17983,17983,1,1
2022-02-15 15:40:27.171,17981,17983,17981,1,-1
2022-02-15 15:40:27.274,17981,17983,17982,1,1
2022-02-15 15:40:27.330,17981,17983,17981,1,-1
2022-02-15 15:40:28.475,17981,17982,17982,1,1
2022-02-15 15:40:28.515,17981,17982,17982,2,2
2022-02-15 15:40:28.623,17981,17983,17981,1,-1
2022-02-15 15:40:35.290,17981,17982,17981,2,-2
2022-02-15 15:40:36.465,17981,17982,17981,2,-2
2022-02-15 15:40:36.663,17980,17981,17981,1,1
2022-02-15 15:40:37.628,17980,17981,17980,2,-2
2022-02-15 15:40:37.780,17980,17981,17981,1,1
2022-02-15 15:40:37.813,17980,17981,17981,4,4
2022-02-15 15:40:38.130,17980,17981,17981,1,1
2022-02-15 15:40:38.229,17980,17981,17981,1,1
2022-02-15 15:40:38.518,17981,17982,17981,2,-2
2022-02-15 15:40:38.664,17980,17981,17980,1,-1
2022-02-15 15:40:39.143,17980,17981,17981,3,3
2022-02-15 15:40:39.389,17981,17982,17981,1,-1
2022-02-15 15:40:42.337,17981,17982,17981,1,-1
2022-02-15 15:40:42.491,17981,17982,17982,14,14
2022-02-15 15:40:45.127,17982,17983,17983,1,1
2022-02-15 15:40:46.570,17982,17983,17983,1,1
2022-02-15 15:40:46.990,17982,17983,17983,1,1
2022-02-15 15:40:47.460,17982,17983,17983,3,3
2022-02-15 15:40:47.589,17982,17983,17982,1,-1
2022-02-15 15:40:47.794,17982,17983,17983,1,1
2022-02-15 15:40:49.022,17982,17983,17982,2,-2
2022-02-15 15:40:50.561,17981,17983,17983,1,1
2022-02-15 15:40:51.396,17981,17982,17982,1,1
2022-02-15 15:40:54.178,17982,17983,17982,1,-1
2022-02-15 15:40:54.847,17982,17983,17982,1,-1
2022-02-15 15:40:57.735,17981,17983,17981,20,-20
2022-02-15 15:41:00.273,17982,17983,17983,1,1
2022-02-15 15:41:00.321,17982,17983,17983,5,5
2022-02-15 15:41:00.326,17982,17983,17984,3,3
2022-02-15 15:41:00.514,17983,17984,17983,1,-1
2022-02-15 15:41:01.255,17983,17985,17983,3,-3
2022-02-15 15:41:01.651,17982,17984,17982,17,-17
2022-02-15 15:41:01.651,17982,17984,17981,3,-3
2022-02-15 15:41:02.363,17981,17983,17983,1,1
2022-02-15 15:41:03.330,17981,17983,17981,2,-2
2022-02-15 15:41:04.936,17981,17982,17982,1,1
2022-02-15 15:41:05.586,17981,17982,17982,1,1
2022-02-15 15:41:11.169,17981,17982,17981,1,-1
2022-02-15 15:41:12.205,17981,17982,17982,1,1
2022-02-15 15:41:14.663,17981,17982,17982,6,6
2022-02-15 15:41:14.663,17981,17982,17982,2,2
2022-02-15 15:41:14.663,17981,17982,17982,1,1
2022-02-15 15:41:14.664,17981,17982,17982,1,1
2022-02-15 15:41:14.664,17981,17982,17982,1,1
2022-02-15 15:41:14.666,17981,17982,17982,5,5
2022-02-15 15:41:14.666,17981,17982,17982,1,1
2022-02-15 15:41:14.666,17981,17982,17982,2,2
2022-02-15 15:41:15.068,17981,17983,17981,2,-2
2022-02-15 15:41:17.869,17982,17983,17982,1,-1
2022-02-15 15:41:17.879,17982,17983,17983,1,1
2022-02-15 15:41:18.122,17982,17984,17984,2,2
2022-02-15 15:41:20.636,17982,17983,17982,1,-1
2022-02-15 15:41:22.203,17982,17983,17983,1,1
2022-02-15 15:41:25.502,17983,17985,17983,1,-1
2022-02-15 15:41:33.872,17984,17985,17985,8,8
2022-02-15 15:41:35.454,17984,17986,17984,1,-1
2022-02-15 15:41:35.715,17983,17984,17984,3,3
2022-02-15 15:41:37.800,17983,17984,17984,3,3
2022-02-15 15:41:39.613,17983,17984,17984,1,1
2022-02-15 15:41:49.150,17983,17984,17984,3,3
2022-02-15 15:41:50.415,17983,17984,17984,1,1
2022-02-15 15:41:51.603,17984,17985,17984,1,-1
2022-02-15 15:41:53.557,17984,17985,17985,2,2
2022-02-15 15:41:54.605,17985,17986,17985,2,-2
2022-02-15 15:41:54.605,17985,17986,17984,4,-4
2022-02-15 15:41:58.394,17985,17986,17986,2,2
2022-02-15 15:42:00.656,17985,17986,17986,1,1
2022-02-15 15:42:05.658,17985,17987,17985,3,-3
2022-02-15 15:42:09.273,17984,17986,17986,1,1
2022-02-15 15:42:09.294,17984,17986,17985,1,1
2022-02-15 15:42:17.588,17985,17986,17985,1,-1
2022-02-15 15:42:20.620,17985,17986,17985,1,-1
2022-02-15 15:42:24.082,17985,17986,17985,1,-1
2022-02-15 15:42:24.083,17985,17986,17985,2,-2
2022-02-15 15:42:24.083,17985,17986,17985,1,-1
2022-02-15 15:42:24.083,17985,17986,17985,2,-2
2022-02-15 15:42:24.255,17984,17985,17984,1,-1
2022-02-15 15:42:26.913,17984,17985,17984,1,-1
2022-02-15 15:42:30.645,17984,17985,17985,4,4
2022-02-15 15:42:31.631,17985,17986,17986,1,1
2022-02-15 15:42:31.647,17985,17986,17986,1,1
2022-02-15 15:42:31.967,17985,17987,17985,1,-1
2022-02-15 15:42:32.584,17985,17987,17987,1,1
2022-02-15 15:42:34.476,17985,17987,17986,1,1
2022-02-15 15:42:38.063,17986,17987,17987,1,1
2022-02-15 15:42:40.823,17986,17987,17987,1,1
2022-02-15 15:42:42.539,17986,17987,17987,1,1
2022-02-15 15:42:50.185,17986,17987,17986,1,-1
2022-02-15 15:42:52.371,17985,17987,17987,1,1
2022-02-15 15:43:01.999,17986,17987,17987,1,1
2022-02-15 15:43:02.246,17986,17987,17986,5,-5
2022-02-15 15:43:02.866,17986,17987,17987,1,1
2022-02-15 15:43:03.274,17987,17988,17987,3,-3
2022-02-15 15:43:03.274,17987,17988,17986,15,-15
2022-02-15 15:43:03.274,17987,17988,17985,2,-2
2022-02-15 15:43:05.065,17987,17988,17987,3,-3
2022-02-15 15:43:15.289,17986,17987,17986,1,-1
2022-02-15 15:43:17.631,17985,17986,17985,1,-1
2022-02-15 15:43:19.124,17985,17986,17985,2,-2
2022-02-15 15:43:21.278,17985,17986,17985,1,-1
2022-02-15 15:43:31.312,17985,17987,17985,1,-1
2022-02-15 15:43:36.182,17985,17987,17985,1,-1
2022-02-15 15:43:36.507,17985,17986,17985,1,-1
2022-02-15 15:43:36.508,17985,17986,17985,1,-1
2022-02-15 15:43:41.932,17984,17985,17985,2,2
2022-02-15 15:43:44.888,17985,17987,17985,1,-1
2022-02-15 15:43:47.777,17985,17986,17985,2,-2
2022-02-15 15:43:51.987,17984,17985,17985,1,1
2022-02-15 15:43:54.291,17985,17986,17985,2,-2
2022-02-15 15:43:54.380,17985,17986,17985,1,-1
2022-02-15 15:43:54.521,17985,17986,17985,1,-1
2022-02-15 15:44:00.200,17984,17985,17985,3,3
2022-02-15 15:44:00.596,17984,17985,17985,1,1
2022-02-15 15:44:00.782,17985,17986,17985,2,-2
2022-02-15 15:44:04.936,17984,17985,17984,1,-1
2022-02-15 15:44:04.936,17984,17985,17984,3,-3
2022-02-15 15:44:04.936,17984,17985,17984,2,-2
2022-02-15 15:44:05.058,17983,17984,17984,1,1
2022-02-15 15:44:10.508,17985,17986,17986,3,3
2022-02-15 15:44:10.662,17985,17987,17985,1,-1
2022-02-15 15:44:19.434,17984,17985,17984,2,-2
2022-02-15 15:44:19.711,17984,17985,17984,1,-1
2022-02-15 15:44:26.653,17984,17985,17984,1,-1
2022-02-15 15:44:26.683,17983,17984,17984,1,1
2022-02-15 15:44:26.683,17983,17984,17985,1,1
2022-02-15 15:44:26.683,17983,17984,17985,1,1
2022-02-15 15:44:29.513,17984,17986,17984,1,-1
2022-02-15 15:44:29.618,17984,17986,17984,1,-1
2022-02-15 15:44:29.618,17984,17986,17983,1,-1
2022-02-15 15:44:30.716,17984,17985,17985,1,1
2022-02-15 15:44:38.267,17985,17986,17985,1,-1
2022-02-15 15:44:56.004,17985,17986,17985,1,-1
2022-02-15 15:44:56.737,17985,17986,17985,1,-1
2022-02-15 15:44:57.993,17985,17986,17985,1,-1
2022-02-15 15:44:58.059,17985,17986,17986,1,1
2022-02-15 15:44:58.220,17985,17986,17985,1,-1
2022-02-15 15:45:02.438,17985,17986,17985,1,-1
2022-02-15 15:45:02.438,17985,17986,17984,1,-1
2022-02-15 15:45:02.528,17985,17986,17984,1,-1
2022-02-15 15:45:04.244,17984,17986,17985,3,3
2022-02-15 15:45:06.235,17985,17986,17986,1,1
2022-02-15 15:45:06.690,17985,17986,17985,1,-1
2022-02-15 15:45:07.639,17985,17986,17986,1,1
2022-02-15 15:45:07.640,17985,17986,17986,1,1
2022-02-15 15:45:08.247,17985,17986,17986,2,2
2022-02-15 15:45:17.320,17986,17987,17987,1,1
2022-02-15 15:45:18.590,17986,17988,17986,1,-1
