2022-02-09 15:00:00.073,18170,18171,18169,125,-125
2022-02-09 15:00:00.075,18168,18169,18169,20,20
2022-02-09 15:00:00.240,18168,18170,18170,2,2
2022-02-09 15:00:00.285,18168,18170,18169,1,1
2022-02-09 15:00:00.361,18168,18169,18169,3,3
2022-02-09 15:00:00.525,18168,18169,18169,4,4
2022-02-09 15:00:00.534,18168,18169,18168,1,-1
2022-02-09 15:00:00.569,18168,18169,18169,1,1
2022-02-09 15:00:00.577,18168,18169,18168,20,-20
2022-02-09 15:00:00.577,18168,18169,18168,2,-2
2022-02-09 15:00:00.585,18168,18169,18169,1,1
2022-02-09 15:00:00.647,18167,18169,18169,1,1
2022-02-09 15:00:00.656,18167,18169,18167,2,-2
2022-02-09 15:00:00.658,18167,18169,18169,1,1
2022-02-09 15:00:00.662,18167,18169,18170,1,1
2022-02-09 15:00:00.675,18167,18169,18170,1,1
2022-02-09 15:00:00.693,18167,18169,18169,1,1
2022-02-09 15:00:00.706,18167,18169,18170,1,1
2022-02-09 15:00:00.738,18167,18170,18170,1,1
2022-02-09 15:00:00.757,18167,18170,18169,1,1
2022-02-09 15:00:00.795,18167,18170,18170,1,1
2022-02-09 15:00:00.843,18167,18170,18170,1,1
2022-02-09 15:00:00.859,18167,18170,18170,1,1
2022-02-09 15:00:00.861,18167,18170,18170,1,1
2022-02-09 15:00:00.869,18167,18170,18170,1,1
2022-02-09 15:00:00.884,18167,18170,18170,1,1
2022-02-09 15:00:00.889,18167,18170,18170,1,1
2022-02-09 15:00:00.900,18167,18170,18170,1,1
2022-02-09 15:00:00.900,18167,18170,18170,1,1
2022-02-09 15:00:00.908,18167,18170,18171,1,1
2022-02-09 15:00:00.909,18167,18170,18171,1,1
2022-02-09 15:00:00.910,18167,18170,18171,1,1
2022-02-09 15:00:00.916,18167,18170,18171,1,1
2022-02-09 15:00:00.931,18167,18170,18171,1,1
2022-02-09 15:00:00.959,18167,18170,18171,1,1
2022-02-09 15:00:01.147,18167,18172,18172,1,1
2022-02-09 15:00:01.230,18168,18172,18172,1,1
2022-02-09 15:00:01.419,18167,18172,18172,1,1
2022-02-09 15:00:01.533,18167,18172,18172,1,1
2022-02-09 15:00:01.534,18167,18172,18168,1,-1
2022-02-09 15:00:01.534,18167,18172,18167,2,-2
2022-02-09 15:00:01.550,18167,18172,18168,1,-1
2022-02-09 15:00:01.720,18166,18169,18169,1,1
2022-02-09 15:00:01.854,18166,18168,18166,5,-5
2022-02-09 15:00:01.855,18166,18168,18165,5,-5
2022-02-09 15:00:01.855,18166,18168,18165,1,-1
2022-02-09 15:00:01.889,18166,18168,18166,2,-2
2022-02-09 15:00:01.894,18166,18168,18166,1,-1
2022-02-09 15:00:01.894,18166,18168,18167,1,1
2022-02-09 15:00:02.106,18166,18167,18166,2,-2
2022-02-09 15:00:02.106,18166,18167,18165,2,-2
2022-02-09 15:00:02.116,18166,18167,18167,1,1
2022-02-09 15:00:02.202,18166,18167,18167,2,2
2022-02-09 15:00:02.249,18165,18168,18168,2,2
2022-02-09 15:00:02.256,18165,18168,18166,1,-1
2022-02-09 15:00:02.256,18165,18168,18165,2,-2
2022-02-09 15:00:02.268,18165,18168,18166,1,-1
2022-02-09 15:00:02.269,18165,18168,18165,2,-2
2022-02-09 15:00:02.286,18165,18168,18166,1,-1
2022-02-09 15:00:02.543,18165,18168,18168,4,4
2022-02-09 15:00:02.650,18165,18168,18168,2,2
2022-02-09 15:00:02.722,18165,18168,18166,1,-1
2022-02-09 15:00:02.722,18165,18168,18165,2,-2
2022-02-09 15:00:02.895,18165,18167,18167,4,4
2022-02-09 15:00:02.996,18165,18167,18167,1,1
2022-02-09 15:00:02.996,18165,18167,18168,1,1
2022-02-09 15:00:02.997,18165,18167,18166,1,1
2022-02-09 15:00:03.077,18165,18167,18168,2,2
2022-02-09 15:00:03.088,18165,18167,18166,1,1
2022-02-09 15:00:03.089,18165,18167,18165,2,-2
2022-02-09 15:00:03.208,18164,18168,18166,1,1
2022-02-09 15:00:03.208,18164,18168,18165,2,-2
2022-02-09 15:00:03.289,18164,18168,18167,2,2
2022-02-09 15:00:03.337,18164,18168,18166,1,1
2022-02-09 15:00:03.337,18164,18168,18165,2,-2
2022-02-09 15:00:03.368,18165,18167,18166,1,1
2022-02-09 15:00:03.561,18165,18168,18168,1,1
2022-02-09 15:00:03.851,18165,18168,18168,1,1
2022-02-09 15:00:03.851,18165,18168,18169,1,1
2022-02-09 15:00:03.876,18166,18169,18169,2,2
2022-02-09 15:00:03.882,18166,18169,18170,5,5
2022-02-09 15:00:03.885,18166,18169,18170,3,3
2022-02-09 15:00:03.888,18166,18169,18170,2,2
2022-02-09 15:00:03.896,18166,18169,18170,3,3
2022-02-09 15:00:03.898,18166,18169,18168,2,2
2022-02-09 15:00:03.904,18166,18169,18170,6,6
2022-02-09 15:00:03.908,18166,18169,18170,3,3
2022-02-09 15:00:03.908,18166,18169,18171,2,2
2022-02-09 15:00:03.908,18166,18169,18168,1,1
2022-02-09 15:00:03.909,18166,18169,18171,2,2
2022-02-09 15:00:03.921,18166,18169,18171,5,5
2022-02-09 15:00:03.931,18166,18169,18171,5,5
2022-02-09 15:00:03.952,18166,18169,18171,4,4
2022-02-09 15:00:03.979,18168,18171,18171,2,2
2022-02-09 15:00:04.002,18168,18171,18171,5,5
2022-02-09 15:00:04.018,18168,18171,18171,4,4
2022-02-09 15:00:04.018,18168,18171,18172,1,1
2022-02-09 15:00:04.034,18168,18171,18172,5,5
2022-02-09 15:00:04.046,18168,18171,18172,3,3
2022-02-09 15:00:04.046,18168,18171,18173,2,2
2022-02-09 15:00:04.046,18168,18171,18170,1,1
2022-02-09 15:00:04.067,18168,18171,18172,1,1
2022-02-09 15:00:04.067,18168,18171,18173,1,1
2022-02-09 15:00:04.105,18169,18173,18173,1,1
2022-02-09 15:00:04.163,18169,18173,18172,2,2
2022-02-09 15:00:04.164,18169,18173,18170,1,-1
2022-02-09 15:00:04.211,18169,18173,18172,1,1
2022-02-09 15:00:04.212,18169,18173,18170,1,-1
2022-02-09 15:00:04.482,18169,18171,18171,1,1
2022-02-09 15:00:04.482,18169,18171,18172,1,1
2022-02-09 15:00:04.482,18169,18171,18173,2,2
2022-02-09 15:00:04.483,18169,18171,18170,1,1
2022-02-09 15:00:04.727,18169,18172,18172,1,1
2022-02-09 15:00:04.822,18169,18173,18170,1,-1
2022-02-09 15:00:04.822,18169,18173,18170,1,-1
2022-02-09 15:00:04.873,18169,18171,18171,1,1
2022-02-09 15:00:04.873,18169,18171,18172,1,1
2022-02-09 15:00:05.052,18169,18173,18169,1,-1
2022-02-09 15:00:05.170,18169,18170,18170,1,1
2022-02-09 15:00:05.170,18169,18170,18170,1,1
2022-02-09 15:00:05.302,18169,18172,18172,1,1
2022-02-09 15:00:05.306,18169,18172,18172,1,1
2022-02-09 15:00:05.306,18169,18172,18173,1,1
2022-02-09 15:00:05.327,18169,18172,18172,1,1
2022-02-09 15:00:05.352,18169,18172,18172,1,1
2022-02-09 15:00:05.352,18169,18172,18173,1,1
2022-02-09 15:00:05.372,18169,18173,18170,1,-1
2022-02-09 15:00:05.703,18169,18172,18169,1,-1
2022-02-09 15:00:05.946,18168,18170,18168,1,-1
2022-02-09 15:00:06.793,18168,18170,18170,7,7
2022-02-09 15:00:06.794,18168,18170,18169,1,1
2022-02-09 15:00:07.101,18168,18170,18170,1,1
2022-02-09 15:00:07.793,18168,18171,18171,4,4
2022-02-09 15:00:08.007,18169,18172,18172,2,2
2022-02-09 15:00:08.825,18170,18173,18170,1,-1
2022-02-09 15:00:09.337,18170,18173,18170,1,-1
2022-02-09 15:00:10.275,18170,18171,18171,1,1
2022-02-09 15:00:11.342,18171,18172,18171,2,-2
2022-02-09 15:00:11.343,18171,18172,18171,1,-1
2022-02-09 15:00:11.892,18170,18172,18170,1,-1
2022-02-09 15:00:13.094,18169,18171,18171,1,1
2022-02-09 15:00:13.094,18169,18171,18172,3,3
2022-02-09 15:00:14.147,18170,18171,18171,4,4
2022-02-09 15:00:14.349,18170,18171,18170,1,-1
2022-02-09 15:00:16.245,18170,18171,18171,1,1
2022-02-09 15:00:17.655,18170,18171,18171,3,3
2022-02-09 15:00:18.204,18170,18171,18171,1,1
2022-02-09 15:00:18.206,18170,18171,18171,1,1
2022-02-09 15:00:18.206,18170,18171,18172,1,1
2022-02-09 15:00:18.537,18170,18172,18170,1,-1
2022-02-09 15:00:19.781,18170,18171,18171,1,1
2022-02-09 15:00:20.395,18170,18171,18171,2,2
2022-02-09 15:00:20.874,18170,18172,18172,10,10
2022-02-09 15:00:20.981,18170,18172,18171,1,1
2022-02-09 15:00:21.041,18170,18172,18172,1,1
2022-02-09 15:00:21.041,18170,18172,18172,2,2
2022-02-09 15:00:21.229,18171,18173,18173,1,1
2022-02-09 15:00:21.276,18171,18173,18171,1,-1
2022-02-09 15:00:21.372,18171,18173,18171,1,-1
2022-02-09 15:00:22.317,18171,18173,18171,1,-1
2022-02-09 15:00:22.610,18170,18172,18170,1,-1
2022-02-09 15:00:24.288,18171,18172,18171,2,-2
2022-02-09 15:00:26.137,18171,18172,18172,1,1
2022-02-09 15:00:26.651,18171,18173,18171,1,-1
2022-02-09 15:00:27.961,18171,18172,18171,1,-1
2022-02-09 15:00:28.033,18171,18172,18172,2,2
2022-02-09 15:00:30.436,18171,18172,18171,1,-1
2022-02-09 15:00:31.387,18171,18172,18171,1,-1
2022-02-09 15:00:31.556,18171,18172,18172,3,3
2022-02-09 15:00:32.594,18171,18172,18172,1,1
2022-02-09 15:00:32.739,18171,18172,18171,1,-1
2022-02-09 15:00:34.167,18171,18172,18171,1,-1
2022-02-09 15:00:35.117,18171,18172,18171,1,-1
2022-02-09 15:00:36.016,18171,18172,18171,1,-1
2022-02-09 15:00:38.086,18170,18171,18171,1,1
2022-02-09 15:00:38.094,18170,18171,18170,1,-1
2022-02-09 15:00:38.447,18170,18171,18170,1,-1
2022-02-09 15:00:38.448,18170,18171,18170,5,-5
2022-02-09 15:00:38.448,18170,18171,18170,4,-4
2022-02-09 15:00:38.904,18169,18170,18169,1,-1
2022-02-09 15:00:38.905,18169,18170,18169,1,-1
2022-02-09 15:00:38.905,18169,18170,18169,3,-3
2022-02-09 15:00:40.263,18168,18169,18168,2,-2
2022-02-09 15:00:40.399,18168,18169,18169,1,1
2022-02-09 15:00:40.818,18168,18170,18170,1,1
2022-02-09 15:00:41.314,18168,18170,18168,1,-1
2022-02-09 15:00:42.241,18168,18169,18168,2,-2
2022-02-09 15:00:42.241,18168,18169,18167,1,-1
2022-02-09 15:00:45.744,18167,18168,18168,1,1
2022-02-09 15:00:47.028,18168,18169,18169,2,2
2022-02-09 15:00:47.029,18168,18169,18170,3,3
2022-02-09 15:00:47.336,18169,18170,18170,2,2
2022-02-09 15:00:47.553,18169,18170,18170,1,1
2022-02-09 15:00:47.719,18169,18170,18169,1,-1
2022-02-09 15:00:47.719,18169,18170,18168,1,-1
2022-02-09 15:00:48.575,18168,18170,18168,1,-1
2022-02-09 15:00:48.786,18168,18170,18170,1,1
2022-02-09 15:00:50.142,18168,18169,18169,1,1
2022-02-09 15:00:50.479,18168,18170,18170,1,1
2022-02-09 15:00:53.287,18168,18169,18169,1,1
2022-02-09 15:00:53.287,18168,18169,18170,4,4
2022-02-09 15:00:54.940,18169,18170,18169,1,-1
2022-02-09 15:00:54.940,18169,18170,18168,1,-1
2022-02-09 15:00:54.954,18169,18170,18168,2,-2
2022-02-09 15:00:54.979,18168,18170,18168,1,-1
2022-02-09 15:00:54.979,18168,18170,18167,1,-1
2022-02-09 15:00:55.371,18168,18169,18168,1,-1
2022-02-09 15:00:56.086,18167,18169,18169,1,1
2022-02-09 15:00:56.830,18167,18170,18167,1,-1
2022-02-09 15:00:57.430,18167,18169,18169,1,1
2022-02-09 15:00:58.302,18167,18170,18170,1,1
2022-02-09 15:00:58.523,18167,18170,18169,1,1
2022-02-09 15:01:00.046,18168,18169,18169,3,3
2022-02-09 15:01:00.072,18168,18169,18170,1,1
2022-02-09 15:01:00.085,18168,18169,18168,3,-3
2022-02-09 15:01:00.085,18168,18169,18167,1,-1
2022-02-09 15:01:00.153,18168,18170,18170,1,1
2022-02-09 15:01:00.167,18168,18170,18170,1,1
2022-02-09 15:01:00.476,18169,18170,18170,1,1
2022-02-09 15:01:00.493,18169,18170,18170,1,1
2022-02-09 15:01:02.160,18169,18170,18170,3,3
2022-02-09 15:01:02.160,18169,18170,18170,1,1
2022-02-09 15:01:02.231,18169,18171,18169,1,-1
2022-02-09 15:01:02.231,18169,18171,18169,1,-1
2022-02-09 15:01:02.231,18169,18171,18169,1,-1
2022-02-09 15:01:02.231,18169,18171,18169,1,-1
2022-02-09 15:01:02.437,18168,18170,18170,1,1
2022-02-09 15:01:05.336,18168,18170,18169,1,1
2022-02-09 15:01:05.336,18168,18170,18170,2,2
2022-02-09 15:01:05.966,18169,18171,18170,1,1
2022-02-09 15:01:05.967,18169,18171,18171,12,12
2022-02-09 15:01:05.967,18169,18171,18171,2,2
2022-02-09 15:01:05.968,18169,18171,18171,1,1
2022-02-09 15:01:06.329,18171,18172,18171,1,-1
2022-02-09 15:01:06.329,18171,18172,18170,1,-1
2022-02-09 15:01:06.463,18170,18172,18171,1,1
2022-02-09 15:01:11.051,18170,18171,18171,2,2
2022-02-09 15:01:11.051,18170,18171,18171,1,1
2022-02-09 15:01:11.106,18171,18172,18171,1,-1
2022-02-09 15:01:11.106,18171,18172,18171,1,-1
2022-02-09 15:01:11.106,18171,18172,18171,1,-1
2022-02-09 15:01:11.106,18171,18172,18171,1,-1
2022-02-09 15:01:11.107,18171,18172,18171,1,-1
2022-02-09 15:01:12.710,18171,18172,18171,1,-1
2022-02-09 15:01:13.198,18171,18172,18172,1,1
2022-02-09 15:01:13.199,18171,18172,18172,19,19
2022-02-09 15:01:13.219,18171,18172,18173,1,1
2022-02-09 15:01:13.220,18171,18172,18173,4,4
2022-02-09 15:01:13.220,18171,18172,18173,3,3
2022-02-09 15:01:13.220,18171,18172,18173,10,10
2022-02-09 15:01:13.221,18171,18172,18173,4,4
2022-02-09 15:01:13.221,18171,18172,18173,1,1
2022-02-09 15:01:13.221,18171,18172,18173,1,1
2022-02-09 15:01:14.155,18172,18174,18174,1,1
2022-02-09 15:01:14.294,18172,18174,18172,2,-2
2022-02-09 15:01:14.300,18172,18174,18172,1,-1
2022-02-09 15:01:14.574,18173,18174,18173,2,-2
2022-02-09 15:01:14.855,18172,18174,18172,1,-1
2022-02-09 15:01:17.871,18172,18174,18172,5,-5
2022-02-09 15:01:18.522,18172,18173,18172,1,-1
2022-02-09 15:01:18.522,18172,18173,18172,7,-7
2022-02-09 15:01:19.850,18171,18172,18171,1,-1
2022-02-09 15:01:19.850,18171,18172,18171,2,-2
2022-02-09 15:01:20.393,18170,18171,18171,1,1
2022-02-09 15:01:20.567,18170,18171,18171,1,1
2022-02-09 15:01:20.952,18170,18171,18171,1,1
2022-02-09 15:01:21.309,18170,18171,18170,2,-2
2022-02-09 15:01:21.309,18170,18171,18170,1,-1
2022-02-09 15:01:21.310,18170,18171,18170,1,-1
2022-02-09 15:01:21.407,18169,18170,18170,1,1
2022-02-09 15:01:22.062,18169,18170,18170,1,1
2022-02-09 15:01:22.923,18169,18170,18169,1,-1
2022-02-09 15:01:22.923,18169,18170,18169,1,-1
2022-02-09 15:01:22.924,18169,18170,18169,1,-1
2022-02-09 15:01:23.055,18168,18170,18170,1,1
2022-02-09 15:01:23.990,18168,18170,18170,1,1
2022-02-09 15:01:24.892,18168,18170,18168,1,-1
2022-02-09 15:01:25.351,18168,18169,18168,1,-1
2022-02-09 15:01:27.778,18168,18170,18170,2,2
2022-02-09 15:01:31.243,18169,18170,18169,1,-1
2022-02-09 15:01:31.356,18169,18170,18169,1,-1
2022-02-09 15:01:31.357,18169,18170,18169,1,-1
2022-02-09 15:01:34.418,18169,18170,18169,1,-1
2022-02-09 15:01:34.536,18169,18170,18169,1,-1
2022-02-09 15:01:34.846,18169,18170,18170,1,1
2022-02-09 15:01:35.027,18169,18170,18169,1,-1
2022-02-09 15:01:37.482,18169,18170,18169,1,-1
2022-02-09 15:01:38.323,18169,18170,18169,1,-1
2022-02-09 15:01:38.355,18169,18170,18169,1,-1
2022-02-09 15:01:38.356,18169,18170,18168,1,-1
2022-02-09 15:01:44.152,18169,18170,18169,1,-1
2022-02-09 15:01:44.546,18169,18170,18170,1,1
2022-02-09 15:01:44.546,18169,18170,18170,1,1
2022-02-09 15:01:44.546,18169,18170,18170,3,3
2022-02-09 15:01:44.546,18169,18170,18170,1,1
2022-02-09 15:01:44.701,18170,18171,18171,1,1
2022-02-09 15:01:44.834,18170,18172,18170,1,-1
2022-02-09 15:01:48.971,18170,18172,18172,2,2
2022-02-09 15:01:49.340,18172,18173,18172,1,-1
2022-02-09 15:01:50.463,18172,18173,18173,2,2
2022-02-09 15:01:55.045,18173,18174,18173,2,-2
2022-02-09 15:01:55.932,18173,18174,18174,1,1
2022-02-09 15:01:56.369,18173,18174,18173,3,-3
2022-02-09 15:01:57.689,18172,18173,18173,2,2
2022-02-09 15:01:58.836,18172,18174,18172,1,-1
2022-02-09 15:01:58.944,18172,18173,18173,1,1
2022-02-09 15:01:58.944,18172,18173,18174,1,1
2022-02-09 15:02:00.103,18172,18174,18174,1,1
2022-02-09 15:02:00.419,18173,18174,18173,1,-1
2022-02-09 15:02:00.419,18173,18174,18173,1,-1
2022-02-09 15:02:00.942,18172,18173,18173,1,1
2022-02-09 15:02:01.368,18172,18174,18174,1,1
2022-02-09 15:02:03.388,18173,18174,18173,1,-1
2022-02-09 15:02:07.384,18172,18173,18173,2,2
2022-02-09 15:02:07.452,18172,18173,18173,1,1
2022-02-09 15:02:10.103,18173,18174,18173,2,-2
2022-02-09 15:02:16.454,18171,18173,18173,1,1
2022-02-09 15:02:19.486,18171,18172,18171,1,-1
2022-02-09 15:02:19.486,18171,18172,18170,1,-1
2022-02-09 15:02:19.560,18171,18172,18170,2,-2
2022-02-09 15:02:19.680,18169,18171,18171,1,1
2022-02-09 15:02:22.051,18169,18171,18171,1,1
2022-02-09 15:02:23.561,18169,18171,18171,1,1
2022-02-09 15:02:26.829,18169,18170,18170,1,1
2022-02-09 15:02:27.275,18169,18171,18170,1,1
2022-02-09 15:02:27.276,18169,18171,18170,1,1
2022-02-09 15:02:27.300,18169,18171,18170,1,1
2022-02-09 15:02:29.035,18169,18170,18169,4,-4
2022-02-09 15:02:29.293,18168,18169,18169,2,2
2022-02-09 15:02:29.504,18168,18169,18169,1,1
2022-02-09 15:02:31.755,18169,18170,18169,1,-1
2022-02-09 15:02:34.311,18168,18170,18168,2,-2
2022-02-09 15:02:35.325,18168,18170,18168,1,-1
2022-02-09 15:02:36.115,18168,18170,18168,2,-2
2022-02-09 15:02:44.544,18169,18170,18169,1,-1
2022-02-09 15:02:54.389,18169,18170,18169,1,-1
2022-02-09 15:02:58.076,18168,18169,18169,1,1
2022-02-09 15:03:00.047,18169,18170,18170,1,1
2022-02-09 15:03:00.107,18169,18170,18169,1,-1
2022-02-09 15:03:00.107,18169,18170,18168,1,-1
2022-02-09 15:03:00.107,18169,18170,18168,5,-5
2022-02-09 15:03:00.107,18169,18170,18168,1,-1
2022-02-09 15:03:00.107,18169,18170,18168,2,-2
2022-02-09 15:03:00.107,18169,18170,18168,1,-1
2022-02-09 15:03:00.108,18169,18170,18168,2,-2
2022-02-09 15:03:00.108,18169,18170,18168,1,-1
2022-02-09 15:03:00.110,18169,18170,18168,1,-1
2022-02-09 15:03:13.002,18168,18170,18170,8,8
2022-02-09 15:03:13.002,18168,18170,18171,10,10
2022-02-09 15:03:13.002,18168,18170,18172,7,7
2022-02-09 15:03:13.106,18169,18171,18169,1,-1
2022-02-09 15:03:14.876,18169,18170,18169,2,-2
2022-02-09 15:03:14.981,18168,18169,18168,1,-1
2022-02-09 15:03:15.016,18168,18169,18169,1,1
2022-02-09 15:03:16.376,18168,18169,18169,1,1
2022-02-09 15:03:17.370,18168,18169,18169,1,1
2022-02-09 15:03:17.370,18168,18169,18169,1,1
2022-02-09 15:03:17.395,18168,18169,18169,1,1
2022-02-09 15:03:18.611,18168,18169,18169,2,2
2022-02-09 15:03:18.611,18168,18169,18169,1,1
2022-02-09 15:03:21.262,18169,18170,18169,1,-1
2022-02-09 15:03:23.582,18169,18170,18169,2,-2
2022-02-09 15:03:24.418,18168,18169,18169,1,1
2022-02-09 15:03:24.418,18168,18169,18170,1,1
2022-02-09 15:03:24.418,18168,18169,18171,1,1
2022-02-09 15:03:29.728,18168,18169,18168,1,-1
2022-02-09 15:03:32.489,18168,18169,18168,1,-1
2022-02-09 15:03:32.605,18168,18169,18168,1,-1
2022-02-09 15:03:32.606,18168,18169,18168,1,-1
2022-02-09 15:03:32.606,18168,18169,18168,1,-1
2022-02-09 15:03:32.607,18168,18169,18168,1,-1
2022-02-09 15:03:32.607,18168,18169,18168,9,-9
2022-02-09 15:03:32.608,18168,18169,18168,1,-1
2022-02-09 15:03:32.641,18168,18169,18168,1,-1
2022-02-09 15:03:35.273,18167,18168,18168,1,1
2022-02-09 15:03:35.273,18167,18168,18169,9,9
2022-02-09 15:03:35.274,18167,18168,18169,8,8
2022-02-09 15:03:40.543,18167,18168,18168,1,1
2022-02-09 15:03:47.912,18167,18168,18167,1,-1
2022-02-09 15:03:47.980,18167,18168,18167,1,-1
2022-02-09 15:03:47.981,18167,18168,18167,1,-1
2022-02-09 15:03:47.981,18167,18168,18167,1,-1
2022-02-09 15:03:47.981,18167,18168,18167,1,-1
2022-02-09 15:03:47.981,18167,18168,18167,1,-1
2022-02-09 15:03:47.982,18167,18168,18167,1,-1
2022-02-09 15:03:59.825,18167,18168,18167,3,-3
2022-02-09 15:03:59.856,18167,18168,18167,1,-1
2022-02-09 15:04:02.133,18167,18168,18167,1,-1
2022-02-09 15:04:04.350,18167,18168,18167,2,-2
2022-02-09 15:04:06.432,18167,18168,18168,3,3
2022-02-09 15:04:07.214,18168,18169,18168,1,-1
2022-02-09 15:04:09.825,18168,18169,18169,2,2
2022-02-09 15:04:09.825,18168,18169,18169,1,1
2022-02-09 15:04:14.321,18169,18170,18169,2,-2
2022-02-09 15:04:15.989,18169,18170,18169,1,-1
2022-02-09 15:04:21.184,18168,18169,18169,1,1
2022-02-09 15:04:21.653,18168,18169,18168,1,-1
2022-02-09 15:04:25.468,18168,18169,18169,1,1
2022-02-09 15:04:25.468,18168,18169,18169,1,1
2022-02-09 15:04:25.468,18168,18169,18169,1,1
2022-02-09 15:04:25.469,18168,18169,18169,1,1
2022-02-09 15:04:29.550,18168,18169,18169,1,1
2022-02-09 15:04:32.912,18169,18170,18170,6,6
2022-02-09 15:04:32.912,18169,18170,18170,2,2
2022-02-09 15:04:33.059,18170,18171,18171,3,3
2022-02-09 15:04:33.159,18171,18172,18172,5,5
2022-02-09 15:04:33.373,18171,18172,18171,2,-2
2022-02-09 15:04:34.251,18171,18172,18172,1,1
2022-02-09 15:04:35.301,18171,18172,18172,1,1
2022-02-09 15:04:35.410,18171,18172,18172,1,1
2022-02-09 15:04:35.410,18171,18172,18172,1,1
2022-02-09 15:04:35.699,18171,18173,18173,3,3
2022-02-09 15:04:35.781,18171,18173,18173,2,2
2022-02-09 15:04:36.228,18172,18173,18172,1,-1
2022-02-09 15:04:41.088,18172,18173,18172,1,-1
2022-02-09 15:04:41.258,18172,18173,18172,1,-1
2022-02-09 15:04:41.381,18171,18173,18171,1,-1
2022-02-09 15:04:41.609,18171,18173,18173,1,1
2022-02-09 15:04:41.789,18171,18172,18172,1,1
2022-02-09 15:04:45.769,18171,18172,18171,1,-1
2022-02-09 15:04:48.501,18171,18172,18171,1,-1
2022-02-09 15:04:50.244,18170,18171,18171,1,1
2022-02-09 15:04:51.088,18170,18172,18172,1,1
2022-02-09 15:04:52.130,18170,18172,18172,1,1
2022-02-09 15:04:56.754,18170,18171,18171,3,3
2022-02-09 15:04:58.542,18171,18172,18171,1,-1
2022-02-09 15:05:00.187,18170,18171,18171,1,1
2022-02-09 15:05:00.726,18170,18171,18170,2,-2
2022-02-09 15:05:00.758,18169,18170,18169,1,-1
2022-02-09 15:05:02.386,18169,18170,18170,1,1
2022-02-09 15:05:02.386,18169,18170,18171,3,3
2022-02-09 15:05:07.092,18169,18171,18171,1,1
2022-02-09 15:05:08.874,18168,18170,18169,1,1
2022-02-09 15:05:13.622,18168,18169,18168,4,-4
2022-02-09 15:05:13.682,18168,18169,18167,10,-10
2022-02-09 15:05:13.683,18168,18169,18167,3,-3
2022-02-09 15:05:13.683,18168,18169,18167,1,-1
2022-02-09 15:05:13.683,18168,18169,18167,3,-3
2022-02-09 15:05:14.188,18166,18167,18166,3,-3
2022-02-09 15:05:26.800,18166,18167,18166,1,-1
2022-02-09 15:05:31.675,18167,18168,18167,1,-1
2022-02-09 15:05:34.999,18166,18167,18166,2,-2
2022-02-09 15:05:36.135,18166,18167,18167,1,1
2022-02-09 15:05:36.741,18167,18168,18167,1,-1
2022-02-09 15:05:46.896,18166,18167,18166,2,-2
2022-02-09 15:05:47.456,18166,18167,18166,7,-7
2022-02-09 15:05:51.500,18166,18167,18166,1,-1
2022-02-09 15:05:58.867,18166,18167,18167,2,2
2022-02-09 15:05:59.530,18167,18168,18167,1,-1
2022-02-09 15:05:59.530,18167,18168,18166,2,-2
2022-02-09 15:06:01.163,18166,18168,18166,3,-3
2022-02-09 15:06:06.297,18166,18168,18166,1,-1
2022-02-09 15:06:09.743,18166,18168,18166,2,-2
2022-02-09 15:06:13.910,18166,18167,18166,2,-2
2022-02-09 15:06:15.730,18165,18167,18165,1,-1
2022-02-09 15:06:16.362,18165,18167,18165,16,-16
2022-02-09 15:06:16.362,18165,18167,18164,76,-76
2022-02-09 15:06:16.367,18165,18167,18163,1,-1
2022-02-09 15:06:16.368,18165,18167,18163,1,-1
2022-02-09 15:06:16.525,18163,18164,18163,1,-1
2022-02-09 15:06:18.668,18162,18163,18164,1,1
2022-02-09 15:06:23.379,18164,18166,18164,1,-1
2022-02-09 15:06:25.981,18163,18165,18163,1,-1
2022-02-09 15:06:27.818,18164,18165,18164,1,-1
2022-02-09 15:06:29.678,18163,18165,18163,1,-1
2022-02-09 15:06:31.150,18163,18165,18163,1,-1
2022-02-09 15:06:33.895,18164,18165,18165,1,1
2022-02-09 15:06:35.174,18164,18166,18164,1,-1
2022-02-09 15:06:36.378,18164,18166,18164,1,-1
2022-02-09 15:06:37.125,18165,18166,18165,1,-1
2022-02-09 15:06:39.322,18165,18166,18166,2,2
2022-02-09 15:06:39.444,18165,18167,18165,1,-1
2022-02-09 15:06:42.012,18165,18166,18165,3,-3
2022-02-09 15:06:43.088,18165,18166,18165,1,-1
2022-02-09 15:06:46.593,18163,18165,18164,1,1
2022-02-09 15:06:53.385,18164,18165,18165,1,1
2022-02-09 15:06:53.919,18165,18166,18165,1,-1
2022-02-09 15:06:57.295,18165,18166,18165,1,-1
2022-02-09 15:07:05.739,18164,18165,18165,1,1
2022-02-09 15:07:06.450,18165,18166,18166,1,1
2022-02-09 15:07:13.980,18164,18166,18166,3,3
2022-02-09 15:07:15.212,18165,18166,18166,1,1
2022-02-09 15:07:17.568,18165,18166,18165,1,-1
2022-02-09 15:07:17.810,18165,18166,18166,1,1
2022-02-09 15:07:20.397,18165,18166,18165,3,-3
2022-02-09 15:07:40.398,18164,18165,18164,1,-1
2022-02-09 15:07:40.399,18164,18165,18164,6,-6
2022-02-09 15:07:58.363,18163,18164,18164,1,1
2022-02-09 15:08:00.058,18163,18164,18164,1,1
2022-02-09 15:08:00.073,18163,18164,18164,1,1
2022-02-09 15:08:02.802,18163,18164,18163,1,-1
2022-02-09 15:08:03.381,18163,18164,18164,1,1
2022-02-09 15:08:03.382,18163,18164,18164,1,1
2022-02-09 15:08:06.865,18163,18164,18164,1,1
2022-02-09 15:08:18.129,18163,18164,18164,1,1
2022-02-09 15:08:20.407,18163,18164,18163,1,-1
2022-02-09 15:08:28.610,18163,18164,18164,1,1
2022-02-09 15:08:33.660,18164,18165,18165,1,1
2022-02-09 15:08:34.825,18164,18165,18164,1,-1
2022-02-09 15:08:50.020,18164,18165,18165,1,1
2022-02-09 15:08:50.131,18164,18165,18165,3,3
2022-02-09 15:08:50.131,18164,18165,18165,4,4
2022-02-09 15:08:50.132,18164,18165,18165,2,2
2022-02-09 15:08:51.149,18165,18166,18166,1,1
2022-02-09 15:08:54.724,18165,18166,18166,1,1
2022-02-09 15:08:55.172,18165,18166,18165,1,-1
2022-02-09 15:08:55.991,18165,18166,18166,1,1
2022-02-09 15:08:58.199,18165,18166,18166,1,1
2022-02-09 15:08:59.211,18165,18166,18166,1,1
2022-02-09 15:08:59.942,18166,18167,18167,1,1
2022-02-09 15:09:11.509,18166,18167,18167,1,1
2022-02-09 15:09:12.750,18166,18167,18167,1,1
2022-02-09 15:09:19.242,18167,18168,18168,1,1
2022-02-09 15:09:19.746,18167,18168,18168,1,1
2022-02-09 15:09:26.910,18167,18168,18167,1,-1
2022-02-09 15:09:28.465,18167,18168,18168,2,2
2022-02-09 15:09:35.710,18168,18169,18168,2,-2
2022-02-09 15:09:38.830,18168,18169,18168,1,-1
2022-02-09 15:09:39.517,18168,18169,18169,1,1
2022-02-09 15:09:46.138,18168,18169,18169,1,1
2022-02-09 15:09:51.344,18168,18169,18168,2,-2
2022-02-09 15:09:59.055,18166,18168,18168,1,1
2022-02-09 15:09:59.417,18166,18168,18168,1,1
2022-02-09 15:10:00.075,18166,18168,18168,1,1
2022-02-09 15:10:00.340,18167,18168,18168,1,1
2022-02-09 15:10:00.346,18167,18168,18168,1,1
2022-02-09 15:10:00.346,18167,18168,18168,1,1
2022-02-09 15:10:00.350,18167,18168,18169,1,1
2022-02-09 15:10:00.360,18167,18169,18169,1,1
2022-02-09 15:10:00.366,18167,18169,18169,1,1
2022-02-09 15:10:00.366,18167,18169,18169,1,1
2022-02-09 15:10:00.368,18167,18169,18169,1,1
2022-02-09 15:10:00.378,18167,18169,18169,1,1
2022-02-09 15:10:00.378,18167,18169,18169,1,1
2022-02-09 15:10:00.382,18167,18169,18170,1,1
2022-02-09 15:10:00.405,18167,18169,18170,1,1
2022-02-09 15:10:00.408,18167,18169,18170,1,1
2022-02-09 15:10:00.433,18167,18169,18170,1,1
2022-02-09 15:10:00.443,18167,18169,18170,1,1
2022-02-09 15:10:00.443,18167,18169,18170,1,1
2022-02-09 15:10:00.443,18167,18169,18170,5,5
2022-02-09 15:10:00.453,18167,18169,18171,1,1
2022-02-09 15:10:00.453,18167,18169,18171,1,1
2022-02-09 15:10:00.462,18167,18169,18171,1,1
2022-02-09 15:10:00.522,18169,18171,18171,1,1
2022-02-09 15:10:00.539,18169,18171,18171,1,1
2022-02-09 15:10:01.050,18169,18171,18171,1,1
2022-02-09 15:10:03.485,18169,18170,18170,2,2
2022-02-09 15:10:04.756,18169,18170,18170,1,1
2022-02-09 15:10:05.533,18169,18170,18170,1,1
2022-02-09 15:10:05.880,18169,18171,18171,1,1
2022-02-09 15:10:07.786,18170,18171,18171,5,5
2022-02-09 15:10:10.871,18170,18172,18170,1,-1
2022-02-09 15:10:11.745,18170,18172,18172,1,1
2022-02-09 15:10:12.171,18170,18172,18172,1,1
2022-02-09 15:10:12.856,18171,18172,18171,1,-1
2022-02-09 15:10:13.719,18171,18172,18172,1,1
2022-02-09 15:10:13.719,18171,18172,18172,4,4
2022-02-09 15:10:13.719,18171,18172,18172,3,3
2022-02-09 15:10:18.387,18170,18172,18172,5,5
2022-02-09 15:10:18.387,18170,18172,18173,1,1
2022-02-09 15:10:18.504,18170,18172,18172,1,1
2022-02-09 15:10:22.296,18172,18173,18172,1,-1
2022-02-09 15:10:29.284,18172,18173,18173,1,1
2022-02-09 15:10:29.284,18172,18173,18173,6,6
2022-02-09 15:10:34.016,18173,18174,18174,1,1
2022-02-09 15:10:34.139,18173,18174,18174,1,1
2022-02-09 15:10:34.344,18173,18174,18173,1,-1
2022-02-09 15:10:35.565,18173,18174,18174,1,1
2022-02-09 15:10:35.565,18173,18174,18174,5,5
2022-02-09 15:10:35.565,18173,18174,18174,1,1
2022-02-09 15:10:35.566,18173,18174,18174,7,7
2022-02-09 15:10:37.783,18174,18175,18174,1,-1
2022-02-09 15:10:38.018,18174,18175,18174,1,-1
2022-02-09 15:10:44.536,18174,18175,18174,1,-1
2022-02-09 15:10:52.153,18174,18175,18174,4,-4
2022-02-09 15:10:52.153,18174,18175,18174,1,-1
2022-02-09 15:10:53.920,18173,18174,18174,1,1
2022-02-09 15:10:54.379,18173,18174,18173,1,-1
2022-02-09 15:10:54.380,18173,18174,18173,2,-2
2022-02-09 15:10:54.380,18173,18174,18173,2,-2
2022-02-09 15:10:54.380,18173,18174,18173,1,-1
2022-02-09 15:10:54.380,18173,18174,18173,2,-2
2022-02-09 15:10:54.381,18173,18174,18173,1,-1
2022-02-09 15:10:57.997,18173,18174,18173,1,-1
2022-02-09 15:10:58.515,18172,18173,18173,1,1
2022-02-09 15:10:59.415,18172,18173,18173,1,1
2022-02-09 15:11:00.419,18172,18174,18174,2,2
2022-02-09 15:11:00.433,18172,18174,18174,2,2
2022-02-09 15:11:00.435,18172,18174,18174,2,2
2022-02-09 15:11:00.435,18172,18174,18174,2,2
2022-02-09 15:11:00.454,18172,18174,18174,2,2
2022-02-09 15:11:00.487,18173,18174,18174,2,2
2022-02-09 15:11:03.499,18173,18174,18174,3,3
2022-02-09 15:11:06.713,18173,18174,18174,1,1
2022-02-09 15:11:10.671,18173,18174,18173,1,-1
2022-02-09 15:11:15.597,18173,18174,18173,1,-1
2022-02-09 15:11:19.582,18173,18174,18174,1,1
2022-02-09 15:11:20.637,18173,18174,18173,1,-1
2022-02-09 15:11:28.211,18173,18174,18174,1,1
2022-02-09 15:11:33.843,18173,18174,18173,1,-1
2022-02-09 15:11:37.687,18173,18174,18174,1,1
2022-02-09 15:11:39.587,18173,18174,18173,1,-1
2022-02-09 15:11:47.940,18173,18174,18174,1,1
2022-02-09 15:11:52.618,18173,18174,18174,1,1
2022-02-09 15:11:58.003,18173,18174,18174,1,1
2022-02-09 15:11:59.412,18173,18174,18174,1,1
2022-02-09 15:12:03.245,18173,18174,18174,9,9
2022-02-09 15:12:03.246,18173,18174,18174,8,8
2022-02-09 15:12:03.520,18173,18174,18174,2,2
2022-02-09 15:12:03.531,18173,18174,18174,2,2
2022-02-09 15:12:03.573,18173,18174,18174,1,1
2022-02-09 15:12:03.573,18173,18174,18175,1,1
2022-02-09 15:12:03.696,18173,18175,18175,1,1
2022-02-09 15:12:03.870,18173,18175,18173,1,-1
2022-02-09 15:12:03.871,18173,18175,18175,1,1
2022-02-09 15:12:03.875,18173,18175,18175,1,1
2022-02-09 15:12:03.998,18173,18175,18175,1,1
2022-02-09 15:12:04.417,18173,18175,18175,1,1
2022-02-09 15:12:04.748,18173,18175,18175,1,1
2022-02-09 15:12:05.420,18173,18175,18175,1,1
2022-02-09 15:12:14.469,18174,18175,18175,1,1
2022-02-09 15:12:14.469,18174,18175,18175,5,5
2022-02-09 15:12:14.469,18174,18175,18175,2,2
2022-02-09 15:12:16.559,18175,18176,18175,1,-1
2022-02-09 15:12:21.038,18174,18175,18175,1,1
2022-02-09 15:12:21.459,18175,18176,18175,1,-1
2022-02-09 15:12:21.463,18175,18176,18175,1,-1
2022-02-09 15:12:22.603,18174,18175,18174,2,-2
2022-02-09 15:12:27.138,18174,18175,18175,1,1
2022-02-09 15:12:39.147,18174,18175,18175,1,1
2022-02-09 15:12:45.711,18174,18175,18175,1,1
2022-02-09 15:12:45.979,18174,18175,18174,2,-2
2022-02-09 15:12:47.107,18174,18175,18174,2,-2
2022-02-09 15:12:50.456,18174,18175,18174,1,-1
2022-02-09 15:12:57.323,18174,18175,18174,2,-2
2022-02-09 15:13:02.768,18174,18175,18174,1,-1
2022-02-09 15:13:03.209,18174,18175,18174,1,-1
2022-02-09 15:13:03.209,18174,18175,18174,2,-2
2022-02-09 15:13:05.827,18173,18174,18173,1,-1
2022-02-09 15:13:08.249,18173,18174,18174,1,1
2022-02-09 15:13:13.741,18173,18174,18174,1,1
2022-02-09 15:13:14.560,18173,18174,18174,1,1
2022-02-09 15:13:14.577,18173,18174,18173,1,-1
2022-02-09 15:13:20.048,18173,18174,18173,2,-2
2022-02-09 15:13:21.266,18173,18174,18173,4,-4
2022-02-09 15:13:21.266,18173,18174,18173,1,-1
2022-02-09 15:13:21.266,18173,18174,18173,1,-1
2022-02-09 15:13:21.266,18173,18174,18173,2,-2
2022-02-09 15:13:21.266,18173,18174,18173,1,-1
2022-02-09 15:13:24.113,18172,18173,18172,3,-3
2022-02-09 15:13:24.113,18172,18173,18172,1,-1
2022-02-09 15:13:24.114,18172,18173,18172,1,-1
2022-02-09 15:13:24.114,18172,18173,18172,2,-2
2022-02-09 15:13:25.652,18171,18172,18172,2,2
2022-02-09 15:13:27.990,18171,18172,18171,1,-1
2022-02-09 15:13:28.629,18171,18172,18171,2,-2
2022-02-09 15:13:28.935,18170,18171,18171,1,1
2022-02-09 15:13:31.124,18170,18171,18170,1,-1
2022-02-09 15:13:31.124,18170,18171,18170,2,-2
2022-02-09 15:13:38.557,18171,18173,18171,1,-1
2022-02-09 15:13:38.740,18171,18173,18171,2,-2
2022-02-09 15:13:45.896,18171,18172,18172,2,2
2022-02-09 15:13:46.032,18171,18173,18173,2,2
2022-02-09 15:13:47.741,18171,18172,18172,1,1
2022-02-09 15:13:48.678,18171,18173,18171,1,-1
2022-02-09 15:13:59.087,18171,18172,18171,2,-2
2022-02-09 15:13:59.283,18171,18172,18171,4,-4
2022-02-09 15:13:59.930,18171,18172,18172,1,1
2022-02-09 15:14:00.500,18171,18172,18171,1,-1
2022-02-09 15:14:00.836,18171,18172,18172,1,1
2022-02-09 15:14:04.457,18171,18172,18172,1,1
2022-02-09 15:14:04.480,18171,18172,18172,1,1
2022-02-09 15:14:04.481,18171,18172,18172,1,1
2022-02-09 15:14:04.482,18171,18172,18172,1,1
2022-02-09 15:14:09.734,18172,18173,18172,3,-3
2022-02-09 15:14:32.940,18172,18173,18172,1,-1
2022-02-09 15:14:35.200,18172,18173,18172,1,-1
2022-02-09 15:14:35.231,18172,18173,18173,1,1
2022-02-09 15:14:35.231,18172,18173,18173,1,1
2022-02-09 15:14:43.331,18172,18173,18173,8,8
2022-02-09 15:14:44.061,18173,18174,18173,1,-1
2022-02-09 15:14:44.106,18173,18174,18174,1,1
2022-02-09 15:14:44.106,18173,18174,18174,1,1
2022-02-09 15:14:59.415,18173,18174,18174,1,1
2022-02-09 15:15:00.098,18173,18174,18173,1,-1
2022-02-09 15:15:00.106,18173,18174,18173,1,-1
2022-02-09 15:15:03.846,18173,18174,18174,4,4
2022-02-09 15:15:05.545,18174,18175,18174,1,-1
2022-02-09 15:15:05.592,18174,18175,18174,1,-1
2022-02-09 15:15:07.748,18174,18175,18174,1,-1
2022-02-09 15:15:09.628,18173,18175,18175,1,1
2022-02-09 15:15:09.745,18174,18175,18175,1,1
2022-02-09 15:15:09.754,18174,18175,18175,1,1
2022-02-09 15:15:09.755,18174,18175,18175,2,2
2022-02-09 15:15:09.755,18174,18175,18175,1,1
2022-02-09 15:15:09.757,18174,18175,18175,2,2
2022-02-09 15:15:09.934,18175,18176,18176,1,1
2022-02-09 15:15:09.949,18175,18176,18176,1,1
2022-02-09 15:15:09.971,18175,18176,18176,1,1
2022-02-09 15:15:10.082,18175,18176,18176,1,1
2022-02-09 15:15:10.096,18175,18176,18176,1,1
2022-02-09 15:15:10.107,18175,18176,18176,1,1
2022-02-09 15:15:10.108,18175,18176,18176,1,1
2022-02-09 15:15:10.108,18175,18176,18176,1,1
2022-02-09 15:15:10.132,18175,18176,18176,1,1
2022-02-09 15:15:10.270,18175,18176,18176,2,2
2022-02-09 15:15:10.270,18175,18176,18176,2,2
2022-02-09 15:15:10.320,18175,18176,18176,1,1
2022-02-09 15:15:10.321,18175,18176,18176,1,1
2022-02-09 15:15:10.490,18176,18177,18176,1,-1
2022-02-09 15:15:10.491,18176,18177,18175,1,-1
2022-02-09 15:15:10.539,18176,18177,18177,1,1
2022-02-09 15:15:10.559,18176,18177,18175,1,-1
2022-02-09 15:15:10.567,18176,18177,18175,1,-1
2022-02-09 15:15:10.571,18176,18177,18175,1,-1
2022-02-09 15:15:10.573,18176,18177,18175,1,-1
2022-02-09 15:15:10.577,18176,18177,18175,1,-1
2022-02-09 15:15:11.293,18175,18177,18175,1,-1
2022-02-09 15:15:12.924,18175,18177,18176,1,1
2022-02-09 15:15:13.609,18176,18177,18176,1,-1
2022-02-09 15:15:16.144,18176,18177,18176,1,-1
2022-02-09 15:15:19.104,18176,18177,18176,1,-1
2022-02-09 15:15:23.109,18176,18177,18176,1,-1
2022-02-09 15:15:29.933,18175,18176,18176,1,1
2022-02-09 15:15:35.196,18175,18176,18176,2,2
2022-02-09 15:15:37.651,18175,18176,18176,1,1
2022-02-09 15:15:39.427,18175,18176,18176,1,1
2022-02-09 15:15:42.948,18175,18176,18175,1,-1
2022-02-09 15:15:46.245,18175,18176,18176,1,1
2022-02-09 15:15:49.550,18175,18176,18175,1,-1
2022-02-09 15:16:02.082,18175,18176,18175,1,-1
2022-02-09 15:16:04.448,18175,18176,18176,1,1
2022-02-09 15:16:06.261,18175,18176,18175,2,-2
2022-02-09 15:16:15.431,18175,18176,18175,2,-2
2022-02-09 15:16:16.986,18175,18176,18175,9,-9
2022-02-09 15:16:16.991,18175,18176,18174,1,-1
2022-02-09 15:16:19.071,18173,18174,18174,2,2
2022-02-09 15:16:19.071,18173,18174,18174,1,1
2022-02-09 15:16:21.475,18173,18174,18173,1,-1
2022-02-09 15:16:28.773,18172,18173,18173,1,1
2022-02-09 15:16:34.508,18173,18174,18174,1,1
2022-02-09 15:16:37.097,18173,18174,18173,1,-1
2022-02-09 15:16:38.541,18173,18174,18173,1,-1
2022-02-09 15:16:41.996,18172,18173,18172,2,-2
2022-02-09 15:16:42.332,18172,18173,18172,2,-2
2022-02-09 15:16:43.474,18172,18173,18173,1,1
2022-02-09 15:16:46.356,18172,18173,18172,5,-5
2022-02-09 15:16:47.928,18172,18173,18172,2,-2
2022-02-09 15:16:48.512,18171,18172,18171,5,-5
2022-02-09 15:16:51.489,18171,18172,18172,3,3
2022-02-09 15:16:55.475,18172,18173,18172,1,-1
2022-02-09 15:16:56.260,18172,18173,18172,5,-5
2022-02-09 15:16:59.496,18172,18173,18172,5,-5
2022-02-09 15:17:06.220,18172,18173,18172,1,-1
2022-02-09 15:17:08.212,18171,18172,18171,22,-22
2022-02-09 15:17:09.932,18170,18171,18170,1,-1
2022-02-09 15:17:10.158,18170,18171,18170,2,-2
2022-02-09 15:17:10.158,18170,18171,18170,2,-2
2022-02-09 15:17:10.653,18169,18170,18169,2,-2
2022-02-09 15:17:18.464,18169,18170,18169,2,-2
2022-02-09 15:17:18.792,18169,18170,18169,2,-2
2022-02-09 15:17:22.417,18168,18169,18169,1,1
2022-02-09 15:17:26.065,18168,18169,18169,1,1
2022-02-09 15:17:28.765,18168,18169,18169,1,1
2022-02-09 15:17:29.504,18168,18170,18168,22,-22
2022-02-09 15:17:29.506,18168,18170,18168,1,-1
2022-02-09 15:17:36.444,18167,18168,18167,1,-1
2022-02-09 15:17:36.444,18167,18168,18167,1,-1
2022-02-09 15:17:39.146,18166,18167,18167,1,1
2022-02-09 15:17:39.306,18166,18167,18166,1,-1
2022-02-09 15:17:39.429,18166,18167,18166,1,-1
2022-02-09 15:17:40.399,18166,18167,18166,1,-1
2022-02-09 15:17:41.106,18165,18167,18167,2,2
2022-02-09 15:17:42.519,18166,18167,18166,1,-1
2022-02-09 15:17:43.654,18166,18167,18167,1,1
2022-02-09 15:17:44.313,18166,18167,18167,1,1
2022-02-09 15:17:47.100,18167,18168,18167,1,-1
2022-02-09 15:17:50.476,18167,18168,18168,1,1
2022-02-09 15:17:51.550,18167,18168,18168,1,1
2022-02-09 15:17:51.860,18167,18168,18168,1,1
2022-02-09 15:17:58.216,18168,18169,18168,1,-1
2022-02-09 15:17:58.225,18168,18169,18168,1,-1
2022-02-09 15:17:58.285,18167,18168,18167,12,-12
2022-02-09 15:17:58.286,18167,18168,18167,1,-1
2022-02-09 15:17:59.183,18166,18167,18166,1,-1
2022-02-09 15:18:00.396,18166,18167,18166,1,-1
2022-02-09 15:18:02.514,18165,18166,18166,1,1
2022-02-09 15:18:02.606,18165,18166,18165,1,-1
2022-02-09 15:18:02.606,18165,18166,18165,1,-1
2022-02-09 15:18:02.606,18165,18166,18165,1,-1
2022-02-09 15:18:02.650,18165,18166,18165,1,-1
2022-02-09 15:18:02.650,18165,18166,18165,1,-1
2022-02-09 15:18:02.650,18165,18166,18165,1,-1
2022-02-09 15:18:02.650,18165,18166,18165,1,-1
2022-02-09 15:18:06.862,18165,18166,18165,1,-1
2022-02-09 15:18:08.500,18165,18166,18165,1,-1
2022-02-09 15:18:08.605,18165,18166,18165,1,-1
2022-02-09 15:18:08.606,18165,18166,18165,1,-1
2022-02-09 15:18:08.606,18165,18166,18165,1,-1
2022-02-09 15:18:08.606,18165,18166,18164,1,-1
2022-02-09 15:18:08.805,18164,18166,18164,4,-4
2022-02-09 15:18:11.787,18164,18165,18165,1,1
2022-02-09 15:18:13.886,18164,18165,18165,1,1
2022-02-09 15:18:16.329,18165,18166,18166,1,1
2022-02-09 15:18:17.424,18165,18166,18165,1,-1
2022-02-09 15:18:17.481,18165,18166,18165,1,-1
2022-02-09 15:18:17.481,18165,18166,18165,1,-1
2022-02-09 15:18:17.481,18165,18166,18165,1,-1
2022-02-09 15:18:20.398,18165,18166,18165,2,-2
2022-02-09 15:18:23.920,18165,18166,18165,1,-1
2022-02-09 15:18:24.897,18165,18166,18165,1,-1
2022-02-09 15:18:30.511,18165,18166,18165,1,-1
2022-02-09 15:18:33.006,18165,18166,18166,2,2
2022-02-09 15:18:33.006,18165,18166,18166,1,1
2022-02-09 15:18:33.566,18166,18168,18166,1,-1
2022-02-09 15:18:38.283,18167,18168,18167,1,-1
2022-02-09 15:18:40.398,18167,18168,18167,1,-1
2022-02-09 15:18:41.464,18166,18168,18166,1,-1
2022-02-09 15:18:45.852,18167,18168,18167,2,-2
2022-02-09 15:18:47.908,18166,18168,18166,2,-2
2022-02-09 15:18:51.660,18167,18168,18167,1,-1
2022-02-09 15:18:52.026,18166,18167,18166,2,-2
2022-02-09 15:18:53.128,18166,18167,18166,2,-2
2022-02-09 15:18:54.018,18166,18167,18166,1,-1
2022-02-09 15:18:54.054,18166,18167,18166,2,-2
2022-02-09 15:18:55.188,18166,18167,18166,1,-1
2022-02-09 15:18:55.188,18166,18167,18166,1,-1
2022-02-09 15:19:01.888,18166,18167,18166,2,-2
2022-02-09 15:19:04.444,18166,18167,18167,1,1
2022-02-09 15:19:05.867,18166,18167,18166,1,-1
2022-02-09 15:19:10.143,18166,18167,18166,1,-1
2022-02-09 15:19:20.394,18166,18167,18166,1,-1
2022-02-09 15:19:21.516,18166,18167,18166,5,-5
2022-02-09 15:19:28.264,18165,18166,18166,1,1
2022-02-09 15:19:33.173,18165,18166,18165,3,-3
2022-02-09 15:19:33.552,18165,18166,18165,2,-2
2022-02-09 15:19:33.960,18165,18166,18165,1,-1
2022-02-09 15:19:34.008,18165,18166,18165,2,-2
2022-02-09 15:19:34.292,18165,18166,18166,1,1
2022-02-09 15:19:34.400,18165,18166,18165,2,-2
2022-02-09 15:19:40.406,18164,18165,18164,1,-1
2022-02-09 15:19:40.541,18164,18165,18164,3,-3
2022-02-09 15:19:54.006,18164,18165,18164,3,-3
2022-02-09 15:19:54.006,18164,18165,18164,3,-3
2022-02-09 15:19:54.007,18164,18165,18164,6,-6
2022-02-09 15:19:54.008,18164,18165,18164,3,-3
2022-02-09 15:19:54.092,18164,18165,18163,4,-4
2022-02-09 15:19:54.093,18164,18165,18163,8,-8
2022-02-09 15:19:54.093,18164,18165,18163,1,-1
2022-02-09 15:19:54.094,18164,18165,18163,1,-1
2022-02-09 15:19:54.147,18162,18163,18162,1,-1
2022-02-09 15:19:54.153,18162,18163,18162,1,-1
2022-02-09 15:19:54.325,18162,18163,18163,1,1
2022-02-09 15:19:55.949,18162,18163,18162,2,-2
2022-02-09 15:19:56.186,18162,18163,18163,1,1
2022-02-09 15:19:57.100,18162,18163,18162,8,-8
2022-02-09 15:19:59.092,18161,18162,18161,2,-2
2022-02-09 15:19:59.349,18161,18162,18161,4,-4
2022-02-09 15:19:59.934,18161,18162,18162,4,4
2022-02-09 15:20:01.495,18161,18163,18161,1,-1
2022-02-09 15:20:02.455,18161,18163,18161,1,-1
2022-02-09 15:20:04.612,18162,18163,18162,1,-1
2022-02-09 15:20:07.521,18162,18163,18163,2,2
2022-02-09 15:20:09.417,18163,18165,18163,1,-1
2022-02-09 15:20:14.615,18164,18165,18164,1,-1
2022-02-09 15:20:16.769,18164,18165,18164,2,-2
2022-02-09 15:20:17.123,18163,18165,18163,1,-1
2022-02-09 15:20:19.868,18164,18165,18164,2,-2
2022-02-09 15:20:22.483,18163,18164,18164,1,1
2022-02-09 15:20:27.029,18164,18165,18164,2,-2
2022-02-09 15:20:27.238,18164,18165,18164,1,-1
2022-02-09 15:20:28.462,18164,18165,18164,1,-1
2022-02-09 15:20:29.536,18164,18165,18164,2,-2
2022-02-09 15:20:34.270,18163,18165,18164,1,1
2022-02-09 15:20:34.912,18163,18165,18165,1,1
2022-02-09 15:20:36.062,18163,18165,18164,2,2
2022-02-09 15:20:36.908,18163,18165,18164,1,1
2022-02-09 15:20:42.240,18164,18165,18164,3,-3
2022-02-09 15:20:42.241,18164,18165,18165,14,14
2022-02-09 15:20:42.241,18164,18165,18165,1,1
2022-02-09 15:20:43.096,18165,18166,18165,1,-1
2022-02-09 15:20:45.902,18165,18166,18165,1,-1
2022-02-09 15:20:48.112,18165,18166,18165,1,-1
2022-02-09 15:20:48.113,18165,18166,18165,1,-1
2022-02-09 15:20:49.248,18165,18166,18165,2,-2
2022-02-09 15:20:52.759,18165,18166,18166,1,1
2022-02-09 15:20:53.882,18165,18166,18165,1,-1
2022-02-09 15:20:57.984,18165,18166,18165,2,-2
2022-02-09 15:20:59.432,18164,18166,18165,2,2
2022-02-09 15:21:00.298,18165,18166,18166,2,2
2022-02-09 15:21:03.793,18164,18165,18165,2,2
2022-02-09 15:21:04.716,18164,18166,18164,1,-1
2022-02-09 15:21:04.888,18164,18166,18164,31,-31
2022-02-09 15:21:08.508,18163,18164,18163,1,-1
2022-02-09 15:21:08.713,18163,18164,18164,1,1
2022-02-09 15:21:12.630,18163,18164,18163,1,-1
2022-02-09 15:21:23.016,18163,18164,18163,1,-1
2022-02-09 15:21:25.449,18163,18164,18163,1,-1
2022-02-09 15:21:27.306,18163,18164,18164,1,1
2022-02-09 15:21:27.674,18163,18164,18164,3,3
2022-02-09 15:21:36.325,18164,18165,18165,1,1
2022-02-09 15:21:36.325,18164,18165,18165,3,3
2022-02-09 15:21:42.623,18165,18166,18165,1,-1
2022-02-09 15:21:43.300,18165,18166,18165,2,-2
2022-02-09 15:21:44.534,18165,18166,18165,1,-1
2022-02-09 15:21:50.376,18165,18166,18165,2,-2
2022-02-09 15:21:50.918,18165,18166,18166,1,1
2022-02-09 15:21:51.024,18165,18166,18165,2,-2
2022-02-09 15:21:59.439,18164,18165,18165,1,1
2022-02-09 15:22:17.292,18164,18165,18165,1,1
2022-02-09 15:22:22.631,18164,18165,18165,1,1
2022-02-09 15:22:22.631,18164,18165,18165,1,1
2022-02-09 15:22:22.631,18164,18165,18165,2,2
2022-02-09 15:22:24.925,18165,18166,18165,3,-3
2022-02-09 15:22:30.964,18165,18166,18166,1,1
2022-02-09 15:22:31.426,18165,18166,18165,2,-2
2022-02-09 15:22:32.904,18165,18166,18166,1,1
2022-02-09 15:22:33.950,18165,18166,18166,3,3
2022-02-09 15:22:35.019,18165,18166,18166,2,2
2022-02-09 15:22:36.248,18166,18167,18166,2,-2
2022-02-09 15:22:36.988,18166,18167,18166,1,-1
2022-02-09 15:22:36.988,18166,18167,18166,1,-1
2022-02-09 15:22:39.384,18166,18167,18166,2,-2
2022-02-09 15:22:40.416,18166,18167,18166,2,-2
2022-02-09 15:22:42.244,18166,18167,18166,2,-2
2022-02-09 15:22:42.587,18166,18167,18166,1,-1
2022-02-09 15:22:46.562,18166,18167,18167,1,1
2022-02-09 15:22:47.172,18166,18167,18166,2,-2
2022-02-09 15:22:47.172,18166,18167,18167,7,7
2022-02-09 15:22:51.020,18166,18167,18166,2,-2
2022-02-09 15:22:51.793,18166,18167,18166,1,-1
2022-02-09 15:22:52.332,18166,18167,18166,2,-2
2022-02-09 15:22:58.333,18165,18166,18166,1,1
2022-02-09 15:22:59.438,18165,18166,18166,1,1
2022-02-09 15:23:00.916,18166,18167,18166,2,-2
2022-02-09 15:23:11.953,18165,18166,18166,1,1
2022-02-09 15:23:12.553,18165,18166,18166,1,1
2022-02-09 15:23:16.434,18165,18166,18166,1,1
2022-02-09 15:23:35.690,18166,18167,18166,1,-1
2022-02-09 15:23:44.970,18166,18167,18166,1,-1
2022-02-09 15:23:46.944,18166,18167,18166,2,-2
2022-02-09 15:23:48.236,18166,18167,18166,2,-2
2022-02-09 15:23:51.805,18166,18167,18166,1,-1
2022-02-09 15:23:51.805,18166,18167,18166,1,-1
2022-02-09 15:23:58.540,18165,18166,18166,2,2
2022-02-09 15:23:58.540,18165,18166,18167,1,1
2022-02-09 15:23:59.434,18165,18167,18167,1,1
2022-02-09 15:24:02.196,18166,18167,18166,2,-2
2022-02-09 15:24:04.416,18166,18167,18166,1,-1
2022-02-09 15:24:04.416,18166,18167,18166,1,-1
2022-02-09 15:24:06.086,18165,18166,18166,1,1
2022-02-09 15:24:27.938,18165,18166,18166,1,1
2022-02-09 15:24:31.031,18165,18166,18166,1,1
2022-02-09 15:24:36.465,18166,18167,18166,1,-1
2022-02-09 15:24:36.609,18165,18167,18167,1,1
2022-02-09 15:24:59.433,18165,18166,18166,1,1
2022-02-09 15:25:02.475,18165,18166,18165,15,-15
2022-02-09 15:25:02.475,18165,18166,18165,7,-7
2022-02-09 15:25:02.476,18165,18166,18165,1,-1
2022-02-09 15:25:13.113,18164,18165,18165,1,1
2022-02-09 15:25:39.804,18165,18166,18165,1,-1
2022-02-09 15:25:59.434,18164,18165,18165,1,1
2022-02-09 15:26:06.362,18164,18165,18165,1,1
2022-02-09 15:26:19.626,18165,18166,18165,1,-1
2022-02-09 15:26:26.261,18165,18166,18166,1,1
2022-02-09 15:26:41.970,18165,18166,18166,1,1
2022-02-09 15:26:47.654,18165,18166,18166,1,1
2022-02-09 15:26:54.505,18165,18166,18165,1,-1
2022-02-09 15:26:56.623,18165,18166,18165,1,-1
2022-02-09 15:27:03.185,18165,18166,18165,4,-4
2022-02-09 15:27:03.708,18165,18166,18166,1,1
2022-02-09 15:27:04.482,18165,18166,18166,1,1
2022-02-09 15:27:10.762,18165,18166,18166,1,1
2022-02-09 15:27:14.151,18165,18166,18165,1,-1
2022-02-09 15:27:17.525,18165,18166,18165,1,-1
2022-02-09 15:27:22.894,18164,18166,18166,1,1
2022-02-09 15:27:22.917,18164,18166,18166,8,8
2022-02-09 15:27:22.918,18164,18166,18166,5,5
2022-02-09 15:27:22.918,18164,18166,18166,3,3
2022-02-09 15:27:26.313,18166,18167,18167,1,1
2022-02-09 15:27:26.313,18166,18167,18167,1,1
2022-02-09 15:27:26.314,18166,18167,18167,4,4
2022-02-09 15:27:26.314,18166,18167,18167,4,4
2022-02-09 15:27:29.138,18167,18168,18167,1,-1
2022-02-09 15:27:59.536,18167,18168,18167,1,-1
2022-02-09 15:28:03.398,18167,18168,18167,2,-2
2022-02-09 15:28:12.198,18167,18168,18167,3,-3
2022-02-09 15:28:13.931,18166,18168,18168,1,1
2022-02-09 15:28:25.230,18166,18168,18166,1,-1
2022-02-09 15:28:28.432,18166,18168,18166,1,-1
2022-02-09 15:28:28.432,18166,18168,18166,2,-2
2022-02-09 15:28:28.432,18166,18168,18166,1,-1
2022-02-09 15:28:28.433,18166,18168,18166,1,-1
2022-02-09 15:28:28.433,18166,18168,18166,2,-2
2022-02-09 15:28:28.434,18166,18168,18165,3,-3
2022-02-09 15:28:28.463,18166,18168,18164,1,-1
2022-02-09 15:28:28.463,18166,18168,18164,1,-1
2022-02-09 15:28:28.465,18166,18168,18164,1,-1
2022-02-09 15:28:28.465,18166,18168,18164,1,-1
2022-02-09 15:28:28.466,18166,18168,18164,1,-1
2022-02-09 15:28:28.466,18166,18168,18164,1,-1
2022-02-09 15:28:28.466,18166,18168,18164,13,-13
2022-02-09 15:28:28.466,18166,18168,18164,3,-3
2022-02-09 15:28:28.466,18166,18168,18164,1,-1
2022-02-09 15:28:28.467,18166,18168,18164,1,-1
2022-02-09 15:28:28.467,18166,18168,18164,1,-1
2022-02-09 15:28:32.615,18165,18166,18165,1,-1
2022-02-09 15:28:32.615,18165,18166,18165,1,-1
2022-02-09 15:28:37.307,18164,18165,18165,1,1
2022-02-09 15:28:39.802,18164,18165,18164,3,-3
2022-02-09 15:28:39.887,18164,18165,18164,1,-1
2022-02-09 15:28:45.156,18164,18165,18164,1,-1
2022-02-09 15:28:45.160,18164,18165,18163,1,-1
2022-02-09 15:28:45.160,18164,18165,18163,1,-1
2022-02-09 15:28:45.161,18164,18165,18163,1,-1
2022-02-09 15:28:45.171,18164,18165,18163,16,-16
2022-02-09 15:28:45.171,18164,18165,18163,2,-2
2022-02-09 15:28:45.171,18164,18165,18163,18,-18
2022-02-09 15:28:45.172,18164,18165,18163,4,-4
2022-02-09 15:28:45.202,18164,18165,18162,1,-1
2022-02-09 15:28:45.204,18164,18165,18162,1,-1
2022-02-09 15:28:45.204,18164,18165,18162,2,-2
2022-02-09 15:28:45.204,18164,18165,18162,4,-4
2022-02-09 15:28:45.208,18164,18165,18162,1,-1
2022-02-09 15:28:45.209,18164,18165,18162,14,-14
2022-02-09 15:28:45.435,18161,18162,18161,20,-20
2022-02-09 15:28:45.436,18161,18162,18161,1,-1
2022-02-09 15:28:45.550,18160,18161,18161,1,1
2022-02-09 15:28:45.550,18160,18161,18161,8,8
2022-02-09 15:28:45.551,18160,18161,18161,4,4
2022-02-09 15:28:45.554,18160,18161,18161,1,1
2022-02-09 15:28:45.828,18160,18162,18162,1,1
2022-02-09 15:28:46.003,18160,18162,18162,4,4
2022-02-09 15:28:46.847,18160,18161,18161,2,2
2022-02-09 15:28:46.848,18160,18161,18161,2,2
2022-02-09 15:28:48.364,18160,18162,18160,1,-1
2022-02-09 15:28:48.510,18160,18162,18162,1,1
2022-02-09 15:28:48.545,18160,18162,18160,6,-6
2022-02-09 15:28:50.198,18161,18162,18161,1,-1
2022-02-09 15:28:50.342,18161,18162,18161,1,-1
2022-02-09 15:28:53.093,18162,18163,18163,2,2
2022-02-09 15:28:53.093,18162,18163,18163,2,2
2022-02-09 15:28:53.913,18163,18165,18163,1,-1
2022-02-09 15:28:58.368,18163,18164,18164,1,1
2022-02-09 15:29:00.682,18164,18165,18164,2,-2
2022-02-09 15:29:06.635,18164,18165,18165,5,5
2022-02-09 15:29:07.277,18165,18166,18165,1,-1
2022-02-09 15:29:09.983,18165,18166,18166,1,1
2022-02-09 15:29:16.661,18166,18167,18167,1,1
2022-02-09 15:29:19.524,18167,18168,18168,1,1
2022-02-09 15:29:19.737,18167,18168,18167,1,-1
2022-02-09 15:29:47.505,18166,18168,18168,1,1
2022-02-09 15:29:54.474,18165,18167,18165,1,-1
2022-02-09 15:30:04.464,18166,18167,18168,1,1
2022-02-09 15:30:04.788,18166,18168,18168,1,1
2022-02-09 15:30:04.837,18166,18168,18168,1,1
2022-02-09 15:30:04.837,18166,18168,18168,1,1
2022-02-09 15:30:04.839,18166,18168,18168,1,1
2022-02-09 15:30:04.852,18166,18168,18168,1,1
2022-02-09 15:30:04.858,18166,18168,18168,1,1
2022-02-09 15:30:04.861,18166,18168,18168,1,1
2022-02-09 15:30:05.223,18166,18168,18168,1,1
2022-02-09 15:30:12.507,18167,18168,18167,1,-1
2022-02-09 15:30:15.647,18167,18168,18167,1,-1
2022-02-09 15:30:15.769,18166,18168,18168,1,1
2022-02-09 15:30:17.024,18166,18168,18168,2,2
2022-02-09 15:30:30.833,18166,18167,18167,2,2
2022-02-09 15:30:31.558,18166,18167,18166,1,-1
2022-02-09 15:30:31.964,18166,18167,18167,4,4
2022-02-09 15:30:38.506,18166,18168,18168,1,1
2022-02-09 15:30:48.682,18166,18168,18168,1,1
2022-02-09 15:30:57.385,18166,18168,18168,1,1
2022-02-09 15:30:59.446,18166,18168,18168,1,1
2022-02-09 15:31:16.856,18167,18168,18168,1,1
2022-02-09 15:31:29.354,18167,18168,18168,2,2
2022-02-09 15:31:32.275,18167,18168,18168,1,1
2022-02-09 15:31:33.193,18167,18168,18167,1,-1
2022-02-09 15:31:53.376,18166,18168,18168,1,1
2022-02-09 15:31:56.138,18167,18168,18168,3,3
2022-02-09 15:32:00.718,18168,18169,18169,1,1
2022-02-09 15:32:01.876,18168,18169,18168,1,-1
2022-02-09 15:32:04.290,18168,18169,18169,1,1
2022-02-09 15:32:26.884,18168,18169,18168,4,-4
2022-02-09 15:32:26.884,18168,18169,18168,1,-1
2022-02-09 15:32:35.852,18167,18168,18167,2,-2
2022-02-09 15:32:35.853,18167,18168,18167,1,-1
2022-02-09 15:32:36.116,18166,18167,18167,1,1
2022-02-09 15:32:37.186,18166,18167,18166,4,-4
2022-02-09 15:32:37.543,18165,18166,18166,1,1
2022-02-09 15:32:46.219,18165,18166,18165,3,-3
2022-02-09 15:32:47.987,18164,18165,18164,1,-1
2022-02-09 15:32:48.183,18164,18165,18164,2,-2
2022-02-09 15:32:49.588,18164,18165,18164,1,-1
2022-02-09 15:33:01.767,18164,18165,18165,1,1
2022-02-09 15:33:04.507,18165,18166,18166,1,1
2022-02-09 15:33:06.967,18165,18166,18166,1,1
2022-02-09 15:33:06.967,18165,18166,18166,1,1
2022-02-09 15:33:18.004,18165,18166,18166,1,1
2022-02-09 15:33:31.421,18166,18167,18167,2,2
2022-02-09 15:33:41.970,18167,18168,18168,2,2
2022-02-09 15:33:43.805,18167,18169,18167,1,-1
2022-02-09 15:33:55.127,18167,18168,18168,1,1
2022-02-09 15:33:59.455,18167,18168,18168,1,1
2022-02-09 15:34:08.874,18168,18169,18169,1,1
2022-02-09 15:34:16.737,18168,18169,18169,1,1
2022-02-09 15:34:23.848,18168,18169,18169,1,1
2022-02-09 15:34:25.339,18168,18169,18169,1,1
2022-02-09 15:34:32.492,18168,18169,18169,9,9
2022-02-09 15:34:32.492,18168,18169,18169,1,1
2022-02-09 15:34:32.492,18168,18169,18169,4,4
2022-02-09 15:34:32.492,18168,18169,18169,1,1
2022-02-09 15:34:32.492,18168,18169,18169,6,6
2022-02-09 15:34:32.613,18169,18170,18169,1,-1
2022-02-09 15:34:34.942,18169,18170,18170,1,1
2022-02-09 15:34:36.248,18169,18170,18170,1,1
2022-02-09 15:34:36.248,18169,18170,18170,1,1
2022-02-09 15:34:37.308,18169,18170,18170,1,1
2022-02-09 15:34:37.697,18169,18170,18169,1,-1
2022-02-09 15:34:40.816,18169,18170,18170,4,4
2022-02-09 15:34:40.816,18169,18170,18170,1,1
2022-02-09 15:34:40.817,18169,18170,18170,1,1
2022-02-09 15:34:40.817,18169,18170,18170,1,1
2022-02-09 15:34:40.817,18169,18170,18170,2,2
2022-02-09 15:34:41.424,18170,18171,18171,1,1
2022-02-09 15:34:42.797,18170,18171,18171,3,3
2022-02-09 15:34:45.913,18171,18172,18172,1,1
2022-02-09 15:34:46.492,18171,18172,18172,2,2
2022-02-09 15:34:46.781,18171,18172,18172,1,1
2022-02-09 15:34:50.181,18172,18173,18173,1,1
2022-02-09 15:34:52.840,18172,18173,18173,1,1
2022-02-09 15:34:52.840,18172,18173,18173,2,2
2022-02-09 15:34:55.853,18172,18173,18173,2,2
2022-02-09 15:34:58.175,18173,18174,18173,1,-1
2022-02-09 15:35:02.162,18173,18174,18173,2,-2
2022-02-09 15:35:02.697,18172,18174,18174,1,1
2022-02-09 15:35:02.791,18172,18174,18174,2,2
2022-02-09 15:35:10.319,18172,18173,18172,3,-3
2022-02-09 15:35:12.368,18172,18173,18172,1,-1
2022-02-09 15:35:12.630,18171,18172,18172,1,1
2022-02-09 15:35:22.145,18171,18173,18171,1,-1
2022-02-09 15:35:22.451,18171,18173,18173,1,1
2022-02-09 15:35:23.996,18171,18172,18172,1,1
2022-02-09 15:35:25.432,18171,18173,18173,1,1
2022-02-09 15:35:39.537,18171,18172,18172,3,3
2022-02-09 15:35:56.274,18171,18172,18172,2,2
2022-02-09 15:35:57.709,18171,18172,18171,1,-1
2022-02-09 15:35:57.709,18171,18172,18171,3,-3
2022-02-09 15:35:57.709,18171,18172,18171,5,-5
2022-02-09 15:35:59.452,18170,18171,18171,1,1
2022-02-09 15:35:59.536,18170,18171,18170,3,-3
2022-02-09 15:36:00.015,18169,18170,18170,1,1
2022-02-09 15:36:01.590,18169,18170,18169,1,-1
2022-02-09 15:36:02.903,18168,18169,18168,1,-1
2022-02-09 15:36:02.912,18168,18169,18169,1,1
2022-02-09 15:36:05.280,18167,18169,18167,1,-1
2022-02-09 15:36:13.435,18167,18168,18168,1,1
2022-02-09 15:36:13.435,18167,18168,18168,1,1
2022-02-09 15:36:25.939,18169,18170,18170,1,1
2022-02-09 15:36:30.198,18169,18170,18169,1,-1
2022-02-09 15:36:31.818,18168,18169,18169,1,1
2022-02-09 15:36:41.523,18169,18170,18169,1,-1
2022-02-09 15:36:49.088,18168,18170,18170,1,1
2022-02-09 15:36:51.189,18168,18171,18169,3,-3
2022-02-09 15:36:54.713,18169,18171,18169,1,-1
2022-02-09 15:36:59.455,18168,18169,18169,1,1
2022-02-09 15:37:06.774,18168,18169,18169,1,1
2022-02-09 15:37:12.694,18168,18169,18169,1,1
2022-02-09 15:37:19.838,18168,18169,18169,1,1
2022-02-09 15:37:21.366,18168,18169,18168,2,-2
2022-02-09 15:37:21.366,18168,18169,18167,3,-3
2022-02-09 15:37:28.425,18168,18169,18168,2,-2
2022-02-09 15:37:33.997,18167,18168,18168,1,1
2022-02-09 15:37:35.282,18167,18168,18168,1,1
2022-02-09 15:37:48.222,18168,18169,18169,1,1
2022-02-09 15:37:49.201,18168,18169,18169,1,1
2022-02-09 15:37:59.451,18168,18169,18169,1,1
2022-02-09 15:38:04.175,18168,18169,18168,3,-3
2022-02-09 15:38:10.115,18167,18168,18167,3,-3
2022-02-09 15:38:10.342,18167,18168,18167,3,-3
2022-02-09 15:38:12.987,18166,18167,18167,1,1
2022-02-09 15:38:22.736,18166,18168,18168,1,1
2022-02-09 15:38:31.979,18166,18168,18168,1,1
2022-02-09 15:38:39.337,18166,18167,18166,1,-1
2022-02-09 15:38:40.770,18166,18167,18166,1,-1
2022-02-09 15:38:40.771,18166,18167,18166,1,-1
2022-02-09 15:38:54.299,18165,18166,18165,6,-6
2022-02-09 15:38:57.019,18164,18165,18164,1,-1
2022-02-09 15:38:58.381,18164,18165,18164,2,-2
2022-02-09 15:38:58.381,18164,18165,18164,8,-8
2022-02-09 15:38:58.382,18164,18165,18164,1,-1
2022-02-09 15:38:58.382,18164,18165,18164,1,-1
2022-02-09 15:38:58.382,18164,18165,18164,5,-5
2022-02-09 15:38:58.708,18163,18164,18163,2,-2
2022-02-09 15:38:59.489,18163,18165,18164,1,1
2022-02-09 15:39:01.003,18163,18164,18163,1,-1
2022-02-09 15:39:02.742,18163,18164,18163,9,-9
2022-02-09 15:39:04.150,18162,18163,18162,4,-4
2022-02-09 15:39:04.256,18162,18163,18162,2,-2
2022-02-09 15:39:04.256,18162,18163,18162,5,-5
2022-02-09 15:39:06.611,18161,18162,18161,1,-1
2022-02-09 15:39:07.288,18161,18162,18161,1,-1
2022-02-09 15:39:07.562,18161,18162,18161,1,-1
2022-02-09 15:39:09.609,18161,18162,18161,1,-1
2022-02-09 15:39:10.572,18161,18162,18162,1,1
2022-02-09 15:39:11.606,18161,18162,18161,1,-1
2022-02-09 15:39:12.957,18161,18162,18161,1,-1
2022-02-09 15:39:12.957,18161,18162,18161,1,-1
2022-02-09 15:39:12.957,18161,18162,18161,1,-1
2022-02-09 15:39:12.957,18161,18162,18161,1,-1
2022-02-09 15:39:12.958,18161,18162,18161,1,-1
2022-02-09 15:39:12.964,18161,18162,18161,7,-7
2022-02-09 15:39:13.221,18160,18162,18160,1,-1
2022-02-09 15:39:13.400,18160,18161,18161,1,1
2022-02-09 15:39:13.426,18160,18161,18162,1,1
2022-02-09 15:39:13.823,18160,18162,18161,1,1
2022-02-09 15:39:15.580,18160,18161,18161,1,1
2022-02-09 15:39:15.580,18160,18161,18162,4,4
2022-02-09 15:39:15.867,18160,18162,18162,1,1
2022-02-09 15:39:17.956,18161,18162,18162,1,1
2022-02-09 15:39:17.956,18161,18162,18162,7,7
2022-02-09 15:39:17.956,18161,18162,18162,1,1
2022-02-09 15:39:18.041,18162,18164,18162,11,-11
2022-02-09 15:39:26.055,18164,18165,18165,1,1
2022-02-09 15:39:26.336,18164,18165,18165,1,1
2022-02-09 15:39:27.857,18164,18166,18165,1,1
2022-02-09 15:39:30.549,18165,18166,18165,1,-1
2022-02-09 15:39:33.322,18164,18165,18165,1,1
2022-02-09 15:39:37.110,18164,18165,18164,1,-1
2022-02-09 15:39:40.396,18164,18165,18164,1,-1
2022-02-09 15:39:45.493,18164,18165,18164,2,-2
2022-02-09 15:39:49.484,18164,18165,18165,1,1
2022-02-09 15:39:59.733,18165,18166,18165,1,-1
2022-02-09 15:40:01.816,18164,18165,18165,1,1
2022-02-09 15:40:05.446,18164,18165,18164,1,-1
2022-02-09 15:40:06.404,18164,18165,18164,2,-2
2022-02-09 15:40:06.405,18164,18165,18164,2,-2
2022-02-09 15:40:06.405,18164,18165,18164,1,-1
2022-02-09 15:40:08.155,18163,18164,18163,2,-2
2022-02-09 15:40:13.537,18162,18163,18163,1,1
2022-02-09 15:40:15.891,18162,18164,18164,1,1
2022-02-09 15:40:21.110,18163,18164,18164,1,1
2022-02-09 15:40:22.641,18164,18166,18166,1,1
2022-02-09 15:40:30.820,18163,18165,18165,1,1
2022-02-09 15:40:35.801,18163,18164,18163,1,-1
2022-02-09 15:40:37.065,18163,18164,18163,1,-1
2022-02-09 15:40:38.305,18163,18164,18163,1,-1
2022-02-09 15:40:40.393,18163,18164,18163,1,-1
2022-02-09 15:40:47.217,18163,18164,18164,1,1
2022-02-09 15:40:48.962,18163,18164,18164,1,1
2022-02-09 15:40:49.129,18163,18164,18163,5,-5
2022-02-09 15:40:59.776,18163,18164,18164,3,3
2022-02-09 15:40:59.876,18164,18165,18165,1,1
2022-02-09 15:41:01.308,18163,18165,18165,2,2
2022-02-09 15:41:04.483,18163,18165,18165,1,1
2022-02-09 15:41:14.045,18165,18166,18166,1,1
2022-02-09 15:41:14.045,18165,18166,18166,3,3
2022-02-09 15:41:31.443,18165,18166,18166,1,1
2022-02-09 15:41:34.375,18165,18166,18165,2,-2
2022-02-09 15:41:40.165,18164,18165,18164,1,-1
2022-02-09 15:41:40.165,18164,18165,18164,1,-1
2022-02-09 15:41:55.365,18163,18164,18163,1,-1
2022-02-09 15:41:59.577,18163,18164,18163,1,-1
2022-02-09 15:42:01.310,18163,18164,18163,7,-7
2022-02-09 15:42:03.098,18162,18164,18163,1,1
2022-02-09 15:42:04.174,18162,18163,18162,1,-1
2022-02-09 15:42:04.174,18162,18163,18162,2,-2
2022-02-09 15:42:04.239,18162,18163,18162,4,-4
2022-02-09 15:42:06.560,18162,18163,18162,2,-2
2022-02-09 15:42:09.562,18162,18163,18162,1,-1
2022-02-09 15:42:09.562,18162,18163,18161,6,-6
2022-02-09 15:42:12.495,18161,18162,18161,1,-1
2022-02-09 15:42:16.040,18161,18162,18162,1,1
2022-02-09 15:42:17.475,18161,18162,18161,1,-1
2022-02-09 15:42:17.694,18161,18162,18162,1,1
2022-02-09 15:42:25.712,18162,18163,18163,2,2
2022-02-09 15:42:25.712,18162,18163,18163,2,2
2022-02-09 15:42:25.712,18162,18163,18163,1,1
2022-02-09 15:42:26.454,18162,18164,18163,1,1
2022-02-09 15:42:28.152,18163,18164,18163,1,-1
2022-02-09 15:42:33.886,18163,18164,18163,5,-5
2022-02-09 15:42:38.361,18162,18163,18163,1,1
2022-02-09 15:42:40.395,18162,18163,18162,1,-1
2022-02-09 15:42:40.793,18162,18163,18162,9,-9
2022-02-09 15:42:42.526,18161,18163,18163,1,1
2022-02-09 15:42:48.309,18162,18163,18162,3,-3
2022-02-09 15:42:48.439,18161,18163,18161,12,-12
2022-02-09 15:42:49.902,18160,18162,18162,1,1
2022-02-09 15:42:56.829,18160,18161,18161,1,1
2022-02-09 15:42:57.098,18160,18161,18161,1,1
2022-02-09 15:42:57.358,18160,18162,18162,1,1
2022-02-09 15:42:59.351,18160,18162,18160,3,-3
2022-02-09 15:42:59.352,18160,18162,18160,1,-1
2022-02-09 15:42:59.352,18160,18162,18160,5,-5
2022-02-09 15:42:59.352,18160,18162,18160,1,-1
2022-02-09 15:42:59.352,18160,18162,18160,6,-6
2022-02-09 15:42:59.352,18160,18162,18160,2,-2
2022-02-09 15:42:59.352,18160,18162,18160,5,-5
2022-02-09 15:42:59.352,18160,18162,18160,2,-2
2022-02-09 15:42:59.355,18159,18160,18159,1,-1
2022-02-09 15:42:59.355,18159,18160,18159,1,-1
2022-02-09 15:42:59.356,18159,18160,18159,1,-1
2022-02-09 15:42:59.356,18159,18160,18159,1,-1
2022-02-09 15:42:59.368,18159,18160,18159,5,-5
2022-02-09 15:42:59.469,18159,18160,18159,1,-1
2022-02-09 15:42:59.555,18158,18160,18158,7,-7
2022-02-09 15:42:59.892,18158,18160,18158,1,-1
2022-02-09 15:42:59.929,18158,18160,18158,1,-1
2022-02-09 15:42:59.963,18158,18160,18158,1,-1
2022-02-09 15:42:59.981,18158,18160,18158,1,-1
2022-02-09 15:43:00.857,18158,18160,18160,1,1
2022-02-09 15:43:00.987,18159,18160,18159,1,-1
2022-02-09 15:43:01.121,18159,18160,18159,1,-1
2022-02-09 15:43:02.131,18158,18160,18158,1,-1
2022-02-09 15:43:05.117,18158,18159,18158,2,-2
2022-02-09 15:43:07.017,18158,18159,18159,1,1
2022-02-09 15:43:07.987,18158,18159,18158,11,-11
2022-02-09 15:43:07.988,18158,18159,18158,1,-1
2022-02-09 15:43:08.137,18157,18158,18157,9,-9
2022-02-09 15:43:09.597,18157,18158,18157,3,-3
2022-02-09 15:43:10.315,18156,18157,18157,1,1
2022-02-09 15:43:11.200,18158,18159,18158,1,-1
2022-02-09 15:43:12.567,18156,18158,18156,1,-1
2022-02-09 15:43:12.769,18156,18158,18158,1,1
2022-02-09 15:43:17.258,18158,18159,18159,1,1
2022-02-09 15:43:18.438,18158,18160,18158,5,-5
2022-02-09 15:43:23.963,18158,18159,18159,1,1
2022-02-09 15:43:25.779,18158,18159,18158,1,-1
2022-02-09 15:43:27.198,18158,18159,18159,1,1
2022-02-09 15:43:27.199,18158,18159,18159,1,1
2022-02-09 15:43:27.982,18159,18160,18159,2,-2
2022-02-09 15:43:29.903,18159,18160,18160,1,1
2022-02-09 15:43:30.009,18159,18160,18160,1,1
2022-02-09 15:43:31.105,18159,18161,18161,5,5
2022-02-09 15:43:33.139,18160,18161,18161,1,1
2022-02-09 15:43:34.683,18160,18162,18162,1,1
2022-02-09 15:43:35.686,18161,18162,18161,1,-1
2022-02-09 15:43:42.989,18161,18162,18161,1,-1
2022-02-09 15:43:43.511,18161,18162,18162,1,1
2022-02-09 15:43:43.545,18161,18162,18162,1,1
2022-02-09 15:43:44.679,18161,18162,18161,1,-1
2022-02-09 15:43:45.746,18161,18162,18162,1,1
2022-02-09 15:43:46.078,18161,18162,18161,1,-1
2022-02-09 15:43:48.213,18161,18162,18161,1,-1
2022-02-09 15:43:49.410,18161,18162,18162,1,1
2022-02-09 15:43:51.434,18161,18163,18161,1,-1
2022-02-09 15:44:04.479,18162,18163,18163,1,1
2022-02-09 15:44:06.871,18162,18163,18162,1,-1
2022-02-09 15:44:07.207,18162,18163,18163,2,2
2022-02-09 15:44:07.207,18162,18163,18163,2,2
2022-02-09 15:44:15.528,18163,18164,18163,2,-2
2022-02-09 15:44:15.528,18163,18164,18163,1,-1
2022-02-09 15:44:20.401,18162,18163,18162,2,-2
2022-02-09 15:44:26.738,18161,18162,18162,1,1
2022-02-09 15:44:27.424,18162,18163,18163,5,5
2022-02-09 15:44:30.813,18163,18164,18164,1,1
2022-02-09 15:44:30.920,18163,18164,18164,1,1
2022-02-09 15:44:30.927,18163,18164,18163,1,-1
2022-02-09 15:44:32.805,18163,18164,18164,1,1
2022-02-09 15:44:33.566,18163,18164,18163,1,-1
2022-02-09 15:44:35.153,18163,18164,18163,1,-1
2022-02-09 15:44:35.807,18163,18164,18163,1,-1
2022-02-09 15:44:40.407,18163,18164,18163,1,-1
2022-02-09 15:44:51.464,18163,18164,18163,1,-1
2022-02-09 15:45:04.479,18163,18164,18164,1,1
2022-02-09 15:45:09.292,18163,18164,18163,2,-2
2022-02-09 15:45:09.805,18163,18164,18164,1,1
2022-02-09 15:45:15.650,18162,18163,18163,1,1
2022-02-09 15:45:18.270,18162,18163,18163,1,1
2022-02-09 15:45:19.216,18163,18164,18163,3,-3
2022-02-09 15:45:26.003,18163,18164,18163,1,-1
2022-02-09 15:45:26.003,18163,18164,18162,1,-1
2022-02-09 15:45:34.197,18162,18163,18162,1,-1
2022-02-09 15:45:34.197,18162,18163,18162,1,-1
2022-02-09 15:45:41.269,18161,18163,18161,10,-10
2022-02-09 15:45:48.966,18160,18163,18162,1,1
2022-02-09 15:45:58.875,18161,18163,18161,2,-2
2022-02-09 15:46:00.373,18161,18162,18162,1,1
2022-02-09 15:46:04.525,18161,18162,18162,1,1
2022-02-09 15:46:18.780,18161,18162,18161,1,-1
2022-02-09 15:46:18.780,18161,18162,18160,3,-3
2022-02-09 15:46:19.676,18161,18162,18162,1,1
2022-02-09 15:46:24.206,18161,18162,18162,1,1
2022-02-09 15:46:28.352,18161,18162,18162,1,1
2022-02-09 15:46:30.059,18162,18163,18163,5,5
2022-02-09 15:46:34.915,18163,18164,18163,1,-1
2022-02-09 15:46:36.899,18163,18164,18164,2,2
2022-02-09 15:46:36.907,18163,18164,18164,1,1
2022-02-09 15:46:37.711,18162,18164,18162,2,-2
2022-02-09 15:46:38.010,18162,18164,18164,1,1
2022-02-09 15:46:45.457,18163,18164,18164,2,2
2022-02-09 15:46:46.040,18163,18165,18165,1,1
2022-02-09 15:46:56.008,18163,18165,18164,2,2
2022-02-09 15:46:56.008,18163,18165,18165,4,4
2022-02-09 15:46:59.473,18164,18165,18165,1,1
2022-02-09 15:47:00.576,18164,18165,18164,1,-1
2022-02-09 15:47:03.062,18163,18165,18165,1,1
2022-02-09 15:47:20.740,18164,18165,18165,1,1
2022-02-09 15:47:31.144,18164,18165,18165,1,1
2022-02-09 15:47:36.328,18164,18165,18164,2,-2
2022-02-09 15:47:38.625,18164,18165,18165,1,1
2022-02-09 15:47:47.999,18164,18165,18165,1,1
2022-02-09 15:47:52.225,18164,18165,18165,1,1
2022-02-09 15:47:53.523,18164,18165,18164,1,-1
2022-02-09 15:47:55.904,18164,18165,18164,1,-1
2022-02-09 15:48:04.491,18164,18165,18165,1,1
2022-02-09 15:48:09.792,18164,18165,18164,1,-1
2022-02-09 15:48:09.809,18164,18165,18164,1,-1
2022-02-09 15:48:16.244,18163,18165,18165,1,1
2022-02-09 15:48:26.116,18163,18164,18164,1,1
2022-02-09 15:48:50.897,18163,18164,18164,1,1
2022-02-09 15:48:54.289,18164,18165,18164,1,-1
2022-02-09 15:48:54.289,18164,18165,18164,1,-1
2022-02-09 15:49:01.521,18164,18165,18165,1,1
2022-02-09 15:49:04.489,18164,18165,18165,1,1
2022-02-09 15:49:07.667,18164,18165,18165,1,1
2022-02-09 15:49:08.456,18164,18165,18165,1,1
2022-02-09 15:49:24.575,18165,18166,18165,1,-1
2022-02-09 15:49:25.222,18165,18166,18165,2,-2
2022-02-09 15:49:25.486,18164,18165,18165,1,1
2022-02-09 15:49:26.118,18164,18165,18165,1,1
2022-02-09 15:49:33.645,18164,18165,18164,5,-5
2022-02-09 15:49:36.780,18163,18164,18164,2,2
2022-02-09 15:49:41.042,18164,18165,18164,4,-4
2022-02-09 15:49:45.596,18164,18165,18165,1,1
2022-02-09 15:49:45.674,18164,18165,18164,1,-1
2022-02-09 15:49:48.082,18164,18165,18164,1,-1
2022-02-09 15:49:58.483,18163,18164,18163,2,-2
2022-02-09 15:50:04.489,18163,18164,18164,1,1
2022-02-09 15:50:07.908,18163,18164,18164,1,1
2022-02-09 15:50:13.996,18163,18164,18164,1,1
2022-02-09 15:50:17.664,18163,18164,18164,1,1
2022-02-09 15:50:28.970,18164,18165,18164,1,-1
2022-02-09 15:50:29.233,18163,18164,18164,1,1
2022-02-09 15:50:30.805,18163,18165,18165,1,1
2022-02-09 15:50:50.495,18164,18165,18165,7,7
2022-02-09 15:51:00.320,18165,18166,18166,1,1
2022-02-09 15:51:00.475,18165,18166,18165,1,-1
2022-02-09 15:51:05.292,18164,18166,18166,1,1
2022-02-09 15:51:09.830,18165,18166,18166,1,1
2022-02-09 15:51:15.808,18165,18166,18166,1,1
2022-02-09 15:51:22.224,18165,18166,18166,1,1
2022-02-09 15:51:36.745,18165,18166,18165,1,-1
2022-02-09 15:51:37.008,18164,18165,18165,1,1
2022-02-09 15:51:45.866,18164,18165,18164,4,-4
2022-02-09 15:51:59.467,18163,18164,18164,1,1
2022-02-09 15:52:00.884,18163,18164,18164,1,1
2022-02-09 15:52:02.243,18163,18164,18164,1,1
2022-02-09 15:52:25.356,18164,18165,18165,1,1
2022-02-09 15:52:35.484,18164,18165,18165,3,3
2022-02-09 15:52:39.418,18164,18165,18165,1,1
2022-02-09 15:52:39.429,18164,18165,18165,1,1
2022-02-09 15:52:46.147,18164,18165,18165,1,1
2022-02-09 15:52:46.764,18165,18166,18166,1,1
2022-02-09 15:52:58.221,18165,18166,18166,1,1
2022-02-09 15:52:59.486,18165,18166,18166,1,1
2022-02-09 15:53:06.298,18165,18166,18166,18,18
2022-02-09 15:53:06.299,18165,18166,18166,1,1
2022-02-09 15:53:06.870,18166,18167,18167,1,1
2022-02-09 15:53:06.870,18166,18167,18167,1,1
2022-02-09 15:53:06.870,18166,18167,18167,4,4
2022-02-09 15:53:06.870,18166,18167,18167,1,1
2022-02-09 15:53:06.870,18166,18167,18167,1,1
2022-02-09 15:53:06.870,18166,18167,18167,1,1
2022-02-09 15:53:06.870,18166,18167,18167,1,1
2022-02-09 15:53:06.870,18166,18167,18167,1,1
2022-02-09 15:53:09.620,18167,18168,18168,1,1
2022-02-09 15:53:09.747,18167,18168,18168,1,1
2022-02-09 15:53:09.819,18167,18168,18168,2,2
2022-02-09 15:53:09.823,18167,18168,18168,1,1
2022-02-09 15:53:09.848,18167,18168,18168,1,1
2022-02-09 15:53:15.777,18167,18168,18168,1,1
2022-02-09 15:53:16.891,18167,18168,18168,1,1
2022-02-09 15:53:20.196,18167,18168,18168,1,1
2022-02-09 15:53:26.317,18167,18168,18168,1,1
2022-02-09 15:53:27.326,18167,18168,18168,1,1
2022-02-09 15:53:28.407,18167,18168,18167,2,-2
2022-02-09 15:53:30.733,18167,18168,18168,1,1
2022-02-09 15:53:33.576,18167,18168,18168,2,2
2022-02-09 15:53:34.526,18167,18168,18168,1,1
2022-02-09 15:53:37.724,18167,18168,18168,1,1
2022-02-09 15:53:41.652,18167,18168,18168,1,1
2022-02-09 15:53:42.275,18167,18168,18167,1,-1
2022-02-09 15:53:43.468,18167,18168,18168,1,1
2022-02-09 15:53:43.570,18167,18168,18167,1,-1
2022-02-09 15:53:43.951,18167,18168,18168,1,1
2022-02-09 15:53:44.388,18167,18169,18169,1,1
2022-02-09 15:53:44.686,18167,18169,18169,1,1
2022-02-09 15:53:44.938,18167,18169,18169,1,1
2022-02-09 15:53:45.997,18168,18169,18168,1,-1
2022-02-09 15:53:47.600,18167,18169,18168,1,1
2022-02-09 15:53:48.267,18167,18169,18169,1,1
2022-02-09 15:53:53.044,18167,18168,18168,1,1
2022-02-09 15:53:56.048,18167,18168,18168,5,5
2022-02-09 15:53:57.460,18167,18168,18168,1,1
2022-02-09 15:53:57.805,18167,18169,18168,1,1
2022-02-09 15:54:04.500,18168,18169,18169,1,1
2022-02-09 15:54:17.085,18168,18169,18169,1,1
2022-02-09 15:54:28.091,18168,18169,18168,6,-6
2022-02-09 15:54:28.091,18168,18169,18168,1,-1
2022-02-09 15:54:31.639,18168,18169,18168,1,-1
2022-02-09 15:54:36.325,18167,18168,18167,1,-1
2022-02-09 15:55:00.400,18167,18168,18168,1,1
2022-02-09 15:55:00.604,18167,18168,18168,1,1
2022-02-09 15:55:04.070,18167,18168,18167,1,-1
2022-02-09 15:55:04.499,18167,18168,18168,1,1
2022-02-09 15:55:07.490,18166,18168,18168,1,1
2022-02-09 15:55:29.629,18166,18168,18166,7,-7
2022-02-09 15:55:45.868,18166,18167,18167,1,1
2022-02-09 15:56:00.163,18167,18168,18168,6,6
2022-02-09 15:56:00.163,18167,18168,18168,1,1
2022-02-09 15:56:00.291,18168,18169,18169,1,1
2022-02-09 15:56:04.504,18168,18169,18169,1,1
2022-02-09 15:56:13.048,18168,18169,18168,2,-2
2022-02-09 15:56:18.427,18167,18168,18168,1,1
2022-02-09 15:56:31.329,18167,18168,18168,1,1
2022-02-09 15:56:44.981,18168,18169,18168,3,-3
2022-02-09 15:56:53.859,18167,18168,18168,1,1
2022-02-09 15:56:59.478,18167,18168,18168,1,1
2022-02-09 15:57:05.497,18167,18168,18168,1,1
2022-02-09 15:57:14.181,18167,18168,18168,1,1
2022-02-09 15:57:15.570,18167,18168,18168,1,1
2022-02-09 15:57:37.172,18167,18168,18168,1,1
2022-02-09 15:57:49.451,18167,18168,18168,1,1
2022-02-09 15:57:53.429,18167,18168,18168,1,1
2022-02-09 15:58:00.336,18168,18169,18169,1,1
2022-02-09 15:58:00.538,18168,18169,18169,1,1
2022-02-09 15:58:03.402,18168,18169,18169,1,1
2022-02-09 15:58:04.496,18168,18169,18169,1,1
2022-02-09 15:58:04.825,18167,18169,18169,1,1
2022-02-09 15:58:19.355,18168,18169,18168,1,-1
2022-02-09 15:58:24.197,18168,18169,18168,1,-1
2022-02-09 15:58:24.871,18168,18169,18169,1,1
2022-02-09 15:58:25.633,18168,18169,18168,1,-1
2022-02-09 15:58:45.497,18168,18169,18169,1,1
2022-02-09 15:58:46.152,18168,18169,18168,1,-1
2022-02-09 15:59:02.305,18168,18169,18169,2,2
2022-02-09 15:59:04.495,18168,18169,18169,1,1
2022-02-09 15:59:05.505,18168,18169,18169,1,1
2022-02-09 15:59:06.691,18168,18169,18169,2,2
2022-02-09 15:59:30.691,18168,18169,18169,1,1
2022-02-09 15:59:31.106,18168,18169,18169,1,1
2022-02-09 15:59:37.051,18168,18169,18169,1,1
2022-02-09 15:59:40.494,18168,18169,18169,2,2
2022-02-09 15:59:41.573,18168,18169,18169,1,1
2022-02-09 15:59:42.416,18168,18169,18169,1,1
2022-02-09 15:59:42.457,18168,18169,18169,1,1
2022-02-09 15:59:47.600,18168,18169,18169,1,1
2022-02-09 15:59:51.702,18168,18169,18169,1,1
2022-02-09 15:59:52.309,18169,18170,18169,1,-1
2022-02-09 16:00:00.107,18169,18170,18169,1,-1
2022-02-09 16:00:00.409,18168,18170,18170,1,1
2022-02-09 16:00:01.253,18168,18170,18170,2,2
2022-02-09 16:00:01.742,18169,18170,18170,2,2
2022-02-09 16:00:02.273,18169,18170,18170,1,1
2022-02-09 16:00:02.317,18169,18170,18170,1,1
2022-02-09 16:00:02.387,18169,18170,18170,1,1
2022-02-09 16:00:02.556,18169,18170,18170,2,2
2022-02-09 16:00:02.607,18169,18170,18170,2,2
2022-02-09 16:00:02.648,18169,18170,18170,2,2
2022-02-09 16:00:03.328,18169,18170,18170,1,1
2022-02-09 16:00:03.662,18169,18170,18170,1,1
2022-02-09 16:00:03.662,18169,18170,18170,4,4
2022-02-09 16:00:03.662,18169,18170,18170,7,7
2022-02-09 16:00:04.355,18170,18171,18170,1,-1
2022-02-09 16:00:07.178,18169,18170,18169,1,-1
2022-02-09 16:00:07.178,18169,18170,18169,1,-1
2022-02-09 16:00:07.565,18168,18169,18169,1,1
2022-02-09 16:00:15.550,18168,18170,18169,1,1
2022-02-09 16:00:16.023,18169,18170,18169,1,-1
2022-02-09 16:00:19.341,18169,18170,18169,1,-1
2022-02-09 16:00:19.677,18169,18170,18170,1,1
2022-02-09 16:00:21.055,18169,18170,18170,2,2
2022-02-09 16:00:29.353,18170,18171,18171,1,1
2022-02-09 16:00:29.354,18170,18171,18171,1,1
2022-02-09 16:00:29.354,18170,18171,18171,1,1
2022-02-09 16:00:29.354,18170,18171,18171,1,1
2022-02-09 16:00:29.354,18170,18171,18171,1,1
2022-02-09 16:00:29.374,18170,18171,18172,9,9
2022-02-09 16:00:29.374,18170,18171,18172,1,1
2022-02-09 16:00:29.375,18170,18171,18172,3,3
2022-02-09 16:00:29.454,18170,18171,18173,1,1
2022-02-09 16:00:29.545,18172,18173,18173,1,1
2022-02-09 16:00:30.013,18172,18173,18173,12,12
2022-02-09 16:00:30.013,18172,18173,18173,6,6
2022-02-09 16:00:32.211,18173,18174,18173,1,-1
2022-02-09 16:00:33.967,18173,18174,18173,2,-2
2022-02-09 16:00:33.967,18173,18174,18173,2,-2
2022-02-09 16:00:33.968,18173,18174,18173,1,-1
2022-02-09 16:00:34.017,18172,18173,18172,1,-1
2022-02-09 16:00:34.166,18172,18173,18172,1,-1
2022-02-09 16:00:41.780,18171,18173,18173,1,1
2022-02-09 16:00:43.335,18172,18173,18173,1,1
2022-02-09 16:00:43.336,18172,18173,18173,6,6
2022-02-09 16:00:44.737,18173,18174,18173,1,-1
2022-02-09 16:00:45.806,18173,18174,18173,1,-1
2022-02-09 16:00:46.937,18173,18174,18174,1,1
2022-02-09 16:00:47.350,18173,18174,18174,1,1
2022-02-09 16:00:47.673,18173,18174,18174,1,1
2022-02-09 16:00:47.698,18173,18174,18174,1,1
2022-02-09 16:00:47.775,18173,18174,18174,1,1
2022-02-09 16:00:48.175,18173,18174,18174,1,1
2022-02-09 16:00:48.176,18173,18174,18174,2,2
2022-02-09 16:00:48.176,18173,18174,18174,4,4
2022-02-09 16:00:48.331,18174,18175,18175,1,1
2022-02-09 16:00:48.336,18174,18175,18175,1,1
2022-02-09 16:00:48.362,18174,18175,18175,1,1
2022-02-09 16:00:48.610,18174,18175,18174,1,-1
2022-02-09 16:00:49.218,18174,18175,18175,1,1
2022-02-09 16:00:50.206,18174,18175,18175,1,1
2022-02-09 16:00:54.672,18174,18175,18174,1,-1
2022-02-09 16:00:58.656,18174,18175,18174,1,-1
2022-02-09 16:01:00.335,18174,18175,18174,1,-1
2022-02-09 16:01:00.335,18174,18175,18174,1,-1
2022-02-09 16:01:00.541,18173,18174,18174,2,2
2022-02-09 16:01:00.541,18173,18174,18175,2,2
2022-02-09 16:01:00.736,18173,18175,18175,1,1
2022-02-09 16:01:01.375,18173,18174,18174,2,2
2022-02-09 16:01:01.456,18173,18174,18174,2,2
2022-02-09 16:01:03.152,18173,18174,18173,2,-2
2022-02-09 16:01:03.152,18173,18174,18173,4,-4
2022-02-09 16:01:04.348,18172,18173,18172,1,-1
2022-02-09 16:01:13.158,18171,18172,18172,1,1
2022-02-09 16:01:22.057,18172,18173,18173,1,1
2022-02-09 16:01:22.679,18172,18174,18174,1,1
2022-02-09 16:01:24.084,18172,18173,18173,1,1
2022-02-09 16:01:26.625,18173,18174,18173,3,-3
2022-02-09 16:01:26.625,18173,18174,18172,2,-2
2022-02-09 16:01:29.751,18173,18174,18173,1,-1
2022-02-09 16:01:29.751,18173,18174,18173,2,-2
2022-02-09 16:01:31.821,18172,18174,18174,1,1
2022-02-09 16:01:34.803,18173,18174,18174,1,1
2022-02-09 16:01:34.803,18173,18174,18174,3,3
2022-02-09 16:01:34.803,18173,18174,18174,7,7
2022-02-09 16:01:40.415,18173,18174,18174,1,1
2022-02-09 16:01:41.175,18173,18174,18173,1,-1
2022-02-09 16:01:46.501,18172,18173,18173,1,1
2022-02-09 16:01:52.008,18172,18173,18172,1,-1
2022-02-09 16:01:52.056,18172,18173,18171,1,-1
2022-02-09 16:01:52.336,18170,18172,18172,1,1
2022-02-09 16:01:54.784,18172,18173,18173,1,1
2022-02-09 16:01:58.380,18173,18174,18174,1,1
2022-02-09 16:01:59.487,18173,18174,18174,1,1
2022-02-09 16:02:00.408,18173,18174,18174,1,1
2022-02-09 16:02:00.409,18173,18174,18174,3,3
2022-02-09 16:02:01.377,18174,18175,18174,1,-1
2022-02-09 16:02:01.736,18174,18175,18174,2,-2
2022-02-09 16:02:02.816,18173,18175,18174,1,1
2022-02-09 16:02:03.221,18173,18175,18173,1,-1
2022-02-09 16:02:04.950,18174,18175,18174,1,-1
2022-02-09 16:02:15.362,18174,18175,18175,6,6
2022-02-09 16:02:15.748,18174,18175,18174,1,-1
2022-02-09 16:02:20.016,18174,18175,18174,2,-2
2022-02-09 16:02:21.959,18174,18175,18174,1,-1
2022-02-09 16:02:25.508,18174,18175,18175,1,1
2022-02-09 16:02:25.858,18174,18175,18175,1,1
2022-02-09 16:02:30.927,18174,18175,18175,1,1
2022-02-09 16:02:33.638,18174,18175,18175,1,1
2022-02-09 16:02:37.955,18174,18175,18174,10,-10
2022-02-09 16:02:42.061,18173,18175,18173,2,-2
2022-02-09 16:02:47.794,18173,18174,18173,1,-1
2022-02-09 16:02:48.213,18172,18173,18173,2,2
2022-02-09 16:02:53.666,18172,18173,18172,5,-5
2022-02-09 16:02:58.614,18171,18172,18172,1,1
2022-02-09 16:03:00.407,18172,18173,18173,1,1
2022-02-09 16:03:00.526,18173,18174,18173,1,-1
2022-02-09 16:03:01.544,18172,18173,18172,1,-1
2022-02-09 16:03:06.690,18173,18174,18174,1,1
2022-02-09 16:03:06.691,18173,18174,18174,1,1
2022-02-09 16:03:07.238,18174,18175,18175,1,1
2022-02-09 16:03:11.749,18172,18174,18174,4,4
2022-02-09 16:03:15.595,18173,18175,18174,1,1
2022-02-09 16:03:27.675,18173,18174,18173,2,-2
2022-02-09 16:03:33.079,18171,18173,18172,1,1
2022-02-09 16:04:00.435,18173,18174,18174,1,1
2022-02-09 16:04:04.505,18173,18174,18174,1,1
2022-02-09 16:04:08.213,18173,18174,18173,1,-1
2022-02-09 16:04:08.213,18173,18174,18173,1,-1
2022-02-09 16:04:08.213,18173,18174,18173,1,-1
2022-02-09 16:04:11.075,18172,18173,18172,2,-2
2022-02-09 16:04:18.608,18172,18173,18173,1,1
2022-02-09 16:04:22.456,18172,18173,18172,4,-4
2022-02-09 16:04:22.456,18172,18173,18172,1,-1
2022-02-09 16:04:22.457,18172,18173,18172,1,-1
2022-02-09 16:04:22.457,18172,18173,18172,3,-3
2022-02-09 16:04:28.753,18171,18172,18172,1,1
2022-02-09 16:04:35.703,18171,18172,18171,1,-1
2022-02-09 16:04:45.942,18171,18172,18172,1,1
2022-02-09 16:04:46.317,18171,18173,18171,1,-1
2022-02-09 16:04:48.319,18171,18173,18172,2,2
2022-02-09 16:04:59.200,18171,18172,18172,1,1
2022-02-09 16:05:00.419,18172,18173,18173,1,1
2022-02-09 16:05:00.419,18172,18173,18173,1,1
2022-02-09 16:05:00.419,18172,18173,18173,1,1
2022-02-09 16:05:00.419,18172,18173,18173,1,1
2022-02-09 16:05:04.504,18172,18173,18173,1,1
2022-02-09 16:05:08.579,18172,18173,18172,2,-2
2022-02-09 16:05:11.521,18171,18172,18171,2,-2
2022-02-09 16:05:11.521,18171,18172,18171,1,-1
2022-02-09 16:05:12.566,18170,18171,18170,4,-4
2022-02-09 16:05:12.566,18170,18171,18170,4,-4
2022-02-09 16:05:12.567,18170,18171,18170,1,-1
2022-02-09 16:05:23.625,18171,18172,18171,1,-1
2022-02-09 16:05:43.256,18170,18171,18171,5,5
2022-02-09 16:05:44.416,18171,18172,18171,1,-1
2022-02-09 16:05:59.484,18170,18171,18171,1,1
2022-02-09 16:06:00.449,18170,18171,18171,4,4
2022-02-09 16:06:00.450,18170,18171,18171,2,2
2022-02-09 16:06:00.450,18170,18171,18171,1,1
2022-02-09 16:06:00.450,18170,18171,18171,2,2
2022-02-09 16:06:00.450,18170,18171,18171,1,1
2022-02-09 16:06:00.771,18171,18172,18172,3,3
2022-02-09 16:06:00.779,18171,18172,18172,4,4
2022-02-09 16:06:12.030,18171,18173,18172,1,1
2022-02-09 16:06:23.033,18171,18172,18172,2,2
2022-02-09 16:06:23.033,18171,18172,18172,1,1
2022-02-09 16:06:23.033,18171,18172,18172,3,3
2022-02-09 16:06:23.033,18171,18172,18172,1,1
2022-02-09 16:06:23.033,18171,18172,18172,3,3
2022-02-09 16:06:31.715,18171,18172,18171,1,-1
2022-02-09 16:06:31.715,18171,18172,18171,2,-2
2022-02-09 16:06:39.150,18171,18172,18172,1,1
2022-02-09 16:06:51.569,18171,18172,18171,1,-1
2022-02-09 16:06:52.316,18171,18172,18171,3,-3
2022-02-09 16:06:59.485,18170,18171,18171,1,1
2022-02-09 16:06:59.837,18170,18171,18171,1,1
2022-02-09 16:07:00.412,18170,18171,18171,1,1
2022-02-09 16:07:22.016,18170,18171,18170,6,-6
2022-02-09 16:07:28.212,18169,18170,18169,15,-15
2022-02-09 16:07:29.619,18168,18169,18168,1,-1
2022-02-09 16:07:31.829,18168,18170,18168,2,-2
2022-02-09 16:07:32.862,18168,18170,18170,1,1
2022-02-09 16:07:40.394,18168,18169,18168,5,-5
2022-02-09 16:07:42.593,18168,18169,18168,1,-1
2022-02-09 16:07:50.725,18167,18168,18168,2,2
2022-02-09 16:07:51.794,18167,18169,18169,4,4
2022-02-09 16:07:53.709,18168,18169,18168,1,-1
2022-02-09 16:08:01.849,18168,18169,18169,4,4
2022-02-09 16:08:01.849,18168,18169,18169,2,2
2022-02-09 16:08:01.867,18169,18170,18170,1,1
2022-02-09 16:08:04.501,18170,18172,18172,1,1
2022-02-09 16:08:16.039,18170,18172,18172,4,4
2022-02-09 16:08:31.963,18171,18172,18171,2,-2
2022-02-09 16:08:31.963,18171,18172,18171,1,-1
2022-02-09 16:08:44.357,18171,18172,18172,1,1
2022-02-09 16:08:46.214,18171,18172,18172,4,4
2022-02-09 16:08:46.214,18171,18172,18172,3,3
2022-02-09 16:08:46.214,18171,18172,18172,1,1
2022-02-09 16:08:46.981,18172,18173,18173,3,3
2022-02-09 16:08:48.067,18172,18173,18173,2,2
2022-02-09 16:08:48.067,18172,18173,18173,1,1
2022-02-09 16:08:48.068,18172,18173,18173,3,3
2022-02-09 16:08:49.794,18172,18174,18172,3,-3
2022-02-09 16:08:51.340,18173,18174,18173,1,-1
2022-02-09 16:08:54.512,18173,18174,18173,1,-1
2022-02-09 16:08:55.009,18172,18174,18172,1,-1
2022-02-09 16:08:57.846,18172,18173,18172,1,-1
2022-02-09 16:09:00.193,18172,18173,18172,1,-1
2022-02-09 16:09:22.531,18172,18173,18172,1,-1
2022-02-09 16:09:30.923,18172,18173,18172,1,-1
2022-02-09 16:09:30.924,18172,18173,18172,1,-1
2022-02-09 16:09:37.373,18171,18172,18172,1,1
2022-02-09 16:09:38.566,18171,18172,18171,3,-3
2022-02-09 16:09:38.566,18171,18172,18171,1,-1
2022-02-09 16:09:38.567,18171,18172,18171,3,-3
2022-02-09 16:09:43.172,18170,18171,18170,1,-1
2022-02-09 16:09:55.009,18170,18171,18171,4,4
2022-02-09 16:09:55.009,18170,18171,18172,1,1
2022-02-09 16:09:59.481,18170,18172,18172,1,1
2022-02-09 16:10:00.171,18170,18172,18172,3,3
2022-02-09 16:10:00.286,18171,18172,18172,1,1
2022-02-09 16:10:00.287,18171,18172,18172,2,2
2022-02-09 16:10:00.287,18171,18172,18172,2,2
2022-02-09 16:10:04.289,18172,18173,18173,2,2
2022-02-09 16:10:07.725,18173,18174,18173,1,-1
2022-02-09 16:10:21.513,18172,18173,18172,3,-3
2022-02-09 16:10:21.513,18172,18173,18172,1,-1
2022-02-09 16:10:21.513,18172,18173,18172,6,-6
2022-02-09 16:10:21.513,18172,18173,18172,1,-1
2022-02-09 16:10:21.513,18172,18173,18172,3,-3
2022-02-09 16:10:21.513,18172,18173,18172,1,-1
2022-02-09 16:10:47.825,18171,18172,18172,1,1
2022-02-09 16:10:49.798,18171,18172,18172,1,1
2022-02-09 16:10:54.153,18171,18172,18172,1,1
2022-02-09 16:11:04.514,18172,18173,18173,1,1
2022-02-09 16:11:38.142,18171,18172,18172,2,2
2022-02-09 16:11:40.401,18171,18172,18171,5,-5
2022-02-09 16:11:49.215,18171,18172,18172,1,1
2022-02-09 16:11:59.483,18171,18172,18172,1,1
2022-02-09 16:12:00.398,18171,18172,18171,1,-1
2022-02-09 16:12:00.718,18170,18172,18172,4,4
2022-02-09 16:12:24.783,18170,18171,18170,1,-1
2022-02-09 16:12:25.250,18170,18171,18170,2,-2
2022-02-09 16:12:30.106,18169,18170,18170,1,1
2022-02-09 16:12:35.130,18169,18171,18171,6,6
2022-02-09 16:12:35.130,18169,18171,18172,3,3
2022-02-09 16:12:43.729,18169,18170,18170,1,1
2022-02-09 16:12:55.366,18169,18170,18169,1,-1
2022-02-09 16:13:00.265,18169,18170,18170,1,1
2022-02-09 16:13:00.394,18169,18171,18169,3,-3
2022-02-09 16:13:04.503,18169,18171,18171,1,1
2022-02-09 16:13:20.398,18169,18170,18169,2,-2
2022-02-09 16:13:33.233,18169,18170,18170,1,1
2022-02-09 16:13:43.575,18169,18170,18170,2,2
2022-02-09 16:14:00.397,18170,18171,18170,2,-2
2022-02-09 16:14:04.501,18170,18171,18171,1,1
2022-02-09 16:14:15.573,18171,18172,18172,2,2
2022-02-09 16:14:15.726,18171,18172,18172,4,4
2022-02-09 16:14:15.726,18171,18172,18172,1,1
2022-02-09 16:14:15.726,18171,18172,18172,1,1
2022-02-09 16:14:15.726,18171,18172,18172,1,1
2022-02-09 16:14:16.730,18172,18173,18173,1,1
2022-02-09 16:14:17.071,18172,18173,18173,1,1
2022-02-09 16:14:17.349,18172,18173,18173,1,1
2022-02-09 16:14:20.397,18172,18173,18172,1,-1
2022-02-09 16:14:23.956,18172,18173,18172,1,-1
2022-02-09 16:14:33.542,18172,18173,18172,1,-1
2022-02-09 16:14:34.273,18171,18172,18172,1,1
2022-02-09 16:14:41.396,18172,18173,18172,1,-1
2022-02-09 16:14:55.111,18172,18173,18173,1,1
2022-02-09 16:14:59.495,18172,18173,18173,1,1
2022-02-09 16:15:01.437,18172,18173,18172,1,-1
2022-02-09 16:15:03.688,18172,18173,18173,1,1
2022-02-09 16:15:04.845,18172,18173,18173,2,2
2022-02-09 16:15:04.845,18172,18173,18173,1,1
2022-02-09 16:15:04.845,18172,18173,18173,1,1
2022-02-09 16:15:09.269,18173,18174,18173,1,-1
2022-02-09 16:15:11.354,18172,18173,18173,1,1
2022-02-09 16:15:15.408,18172,18174,18174,1,1
2022-02-09 16:15:20.576,18172,18174,18172,1,-1
2022-02-09 16:15:23.043,18173,18174,18174,20,20
2022-02-09 16:15:26.171,18174,18175,18174,1,-1
2022-02-09 16:15:29.923,18174,18175,18175,1,1
2022-02-09 16:15:31.399,18174,18175,18174,2,-2
2022-02-09 16:15:31.937,18174,18175,18175,1,1
2022-02-09 16:15:32.511,18174,18175,18175,1,1
2022-02-09 16:15:32.511,18174,18175,18175,4,4
2022-02-09 16:15:32.512,18174,18175,18175,1,1
2022-02-09 16:15:32.513,18174,18175,18175,4,4
2022-02-09 16:15:32.513,18174,18175,18175,1,1
2022-02-09 16:15:32.513,18174,18175,18175,1,1
2022-02-09 16:15:35.376,18174,18175,18175,1,1
2022-02-09 16:15:37.489,18175,18176,18176,2,2
2022-02-09 16:15:37.624,18175,18176,18176,2,2
2022-02-09 16:15:39.325,18175,18176,18176,1,1
2022-02-09 16:15:41.862,18175,18176,18175,4,-4
2022-02-09 16:15:43.516,18175,18176,18175,2,-2
2022-02-09 16:15:49.667,18175,18176,18175,1,-1
2022-02-09 16:15:50.784,18175,18176,18175,1,-1
2022-02-09 16:15:54.296,18175,18176,18175,1,-1
2022-02-09 16:15:58.675,18175,18176,18175,3,-3
2022-02-09 16:16:04.516,18175,18176,18176,1,1
2022-02-09 16:16:06.374,18175,18176,18176,29,29
2022-02-09 16:16:06.390,18175,18176,18177,4,4
2022-02-09 16:16:06.505,18176,18177,18177,1,1
2022-02-09 16:16:06.514,18176,18177,18177,1,1
2022-02-09 16:16:06.522,18176,18177,18177,1,1
2022-02-09 16:16:06.526,18176,18177,18177,1,1
2022-02-09 16:16:06.551,18176,18177,18177,2,2
2022-02-09 16:16:06.553,18176,18177,18177,1,1
2022-02-09 16:16:06.590,18176,18177,18177,1,1
2022-02-09 16:16:06.606,18176,18177,18177,1,1
2022-02-09 16:16:06.624,18176,18177,18177,1,1
2022-02-09 16:16:06.652,18176,18177,18177,1,1
2022-02-09 16:16:06.652,18176,18177,18177,1,1
2022-02-09 16:16:06.748,18176,18178,18178,2,2
2022-02-09 16:16:06.884,18176,18178,18178,1,1
2022-02-09 16:16:06.886,18176,18178,18178,1,1
2022-02-09 16:16:06.893,18176,18178,18178,2,2
2022-02-09 16:16:06.957,18176,18178,18178,2,2
2022-02-09 16:16:06.962,18176,18178,18178,1,1
2022-02-09 16:16:06.973,18176,18178,18178,1,1
2022-02-09 16:16:07.176,18177,18178,18178,1,1
2022-02-09 16:16:07.244,18177,18178,18178,2,2
2022-02-09 16:16:07.251,18177,18178,18178,1,1
2022-02-09 16:16:07.321,18177,18178,18177,2,-2
2022-02-09 16:16:07.371,18177,18178,18177,1,-1
2022-02-09 16:16:07.764,18176,18178,18178,3,3
2022-02-09 16:16:13.834,18177,18178,18177,1,-1
2022-02-09 16:16:25.203,18176,18177,18177,1,1
2022-02-09 16:16:27.973,18176,18177,18177,1,1
2022-02-09 16:16:28.096,18176,18177,18177,1,1
2022-02-09 16:16:30.336,18176,18177,18177,1,1
2022-02-09 16:16:33.743,18177,18178,18177,1,-1
2022-02-09 16:16:39.864,18177,18178,18177,1,-1
2022-02-09 16:16:43.701,18177,18178,18178,1,1
2022-02-09 16:16:45.588,18177,18178,18178,1,1
2022-02-09 16:16:46.024,18177,18178,18178,2,2
2022-02-09 16:16:47.530,18177,18179,18177,1,-1
2022-02-09 16:16:51.440,18178,18179,18178,1,-1
2022-02-09 16:16:53.518,18178,18179,18178,1,-1
2022-02-09 16:16:55.510,18178,18179,18178,1,-1
2022-02-09 16:16:57.272,18178,18179,18178,1,-1
2022-02-09 16:17:00.270,18178,18179,18179,1,1
2022-02-09 16:17:00.272,18178,18179,18179,1,1
2022-02-09 16:17:00.289,18178,18179,18179,1,1
2022-02-09 16:17:00.300,18178,18179,18179,1,1
2022-02-09 16:17:00.315,18178,18179,18179,1,1
2022-02-09 16:17:00.342,18178,18179,18179,1,1
2022-02-09 16:17:00.454,18178,18179,18179,1,1
2022-02-09 16:17:00.492,18178,18179,18178,1,-1
2022-02-09 16:17:00.507,18178,18179,18178,1,-1
2022-02-09 16:17:00.508,18178,18179,18179,1,1
2022-02-09 16:17:00.818,18178,18179,18179,2,2
2022-02-09 16:17:04.508,18178,18179,18179,1,1
2022-02-09 16:17:06.883,18178,18179,18179,8,8
2022-02-09 16:17:08.472,18178,18179,18178,1,-1
2022-02-09 16:17:09.042,18178,18179,18179,1,1
2022-02-09 16:17:09.043,18178,18179,18179,1,1
2022-02-09 16:17:09.261,18178,18179,18179,1,1
2022-02-09 16:17:10.181,18178,18179,18179,2,2
2022-02-09 16:17:17.412,18178,18179,18179,1,1
2022-02-09 16:17:20.350,18178,18179,18178,1,-1
2022-02-09 16:17:20.350,18178,18179,18178,1,-1
2022-02-09 16:17:20.356,18177,18179,18179,1,1
2022-02-09 16:17:20.356,18177,18179,18179,1,1
2022-02-09 16:17:20.356,18177,18179,18179,1,1
2022-02-09 16:17:20.356,18177,18179,18179,1,1
2022-02-09 16:17:20.356,18177,18179,18179,1,1
2022-02-09 16:17:20.357,18177,18179,18179,1,1
2022-02-09 16:17:20.627,18177,18179,18178,1,1
2022-02-09 16:17:21.769,18177,18178,18178,2,2
2022-02-09 16:17:23.792,18178,18179,18178,1,-1
2022-02-09 16:17:26.951,18178,18179,18178,2,-2
2022-02-09 16:17:27.471,18177,18178,18178,1,1
2022-02-09 16:17:27.481,18177,18178,18178,1,1
2022-02-09 16:17:27.481,18177,18178,18178,1,1
2022-02-09 16:17:27.481,18177,18178,18179,1,1
2022-02-09 16:17:27.481,18177,18178,18179,1,1
2022-02-09 16:17:28.174,18177,18179,18177,1,-1
2022-02-09 16:17:32.885,18177,18178,18177,2,-2
2022-02-09 16:17:32.885,18177,18178,18177,2,-2
2022-02-09 16:17:41.003,18176,18177,18177,1,1
2022-02-09 16:17:44.560,18176,18178,18176,5,-5
2022-02-09 16:17:44.606,18176,18177,18177,1,1
2022-02-09 16:17:44.606,18176,18177,18177,1,1
2022-02-09 16:17:44.607,18176,18177,18178,1,1
2022-02-09 16:17:50.042,18176,18178,18176,3,-3
2022-02-09 16:17:53.832,18176,18177,18176,2,-2
2022-02-09 16:17:53.833,18176,18177,18176,4,-4
2022-02-09 16:17:54.213,18175,18176,18175,2,-2
2022-02-09 16:17:54.213,18175,18176,18175,2,-2
2022-02-09 16:17:54.214,18175,18176,18175,1,-1
2022-02-09 16:17:54.214,18175,18176,18175,1,-1
2022-02-09 16:17:54.775,18174,18175,18175,1,1
2022-02-09 16:18:00.353,18175,18177,18177,1,1
2022-02-09 16:18:02.739,18175,18177,18175,6,-6
2022-02-09 16:18:02.739,18175,18177,18174,1,-1
2022-02-09 16:18:08.607,18174,18176,18174,1,-1
2022-02-09 16:18:12.710,18174,18176,18176,1,1
2022-02-09 16:18:31.662,18174,18176,18176,1,1
2022-02-09 16:18:42.006,18175,18176,18176,1,1
2022-02-09 16:19:00.310,18175,18176,18175,1,-1
2022-02-09 16:19:11.603,18175,18176,18176,1,1
2022-02-09 16:19:45.451,18176,18177,18176,1,-1
2022-02-09 16:19:47.810,18175,18177,18175,1,-1
2022-02-09 16:19:50.356,18176,18177,18176,1,-1
2022-02-09 16:20:00.278,18176,18177,18177,1,1
2022-02-09 16:20:00.278,18176,18177,18177,1,1
2022-02-09 16:20:00.279,18176,18177,18177,1,1
2022-02-09 16:20:00.279,18176,18177,18177,1,1
2022-02-09 16:20:00.279,18176,18177,18177,1,1
2022-02-09 16:20:08.202,18177,18178,18178,2,2
2022-02-09 16:20:08.393,18177,18178,18178,1,1
2022-02-09 16:20:08.517,18178,18179,18179,2,2
2022-02-09 16:20:08.681,18178,18179,18179,1,1
2022-02-09 16:20:12.886,18178,18179,18178,3,-3
2022-02-09 16:20:14.272,18177,18179,18179,1,1
2022-02-09 16:20:15.116,18177,18179,18179,1,1
2022-02-09 16:20:16.267,18177,18179,18177,1,-1
2022-02-09 16:20:21.549,18177,18179,18179,4,4
2022-02-09 16:20:28.488,18177,18178,18178,1,1
2022-02-09 16:20:30.820,18176,18178,18177,1,1
2022-02-09 16:20:31.284,18176,18178,18176,1,-1
2022-02-09 16:20:39.779,18177,18178,18177,1,-1
2022-02-09 16:20:40.263,18177,18178,18177,2,-2
2022-02-09 16:20:40.603,18176,18177,18177,3,3
2022-02-09 16:20:46.824,18177,18178,18178,2,2
2022-02-09 16:20:46.824,18177,18178,18178,4,4
2022-02-09 16:20:46.825,18177,18178,18178,4,4
2022-02-09 16:20:48.275,18177,18179,18177,1,-1
2022-02-09 16:20:48.296,18177,18179,18177,1,-1
2022-02-09 16:20:56.310,18177,18178,18178,2,2
2022-02-09 16:20:56.575,18178,18179,18178,1,-1
2022-02-09 16:20:57.636,18177,18179,18179,1,1
2022-02-09 16:21:03.790,18178,18179,18178,1,-1
2022-02-09 16:21:08.358,18177,18178,18177,1,-1
2022-02-09 16:21:09.676,18177,18178,18178,1,1
2022-02-09 16:21:17.330,18177,18178,18177,1,-1
2022-02-09 16:21:17.330,18177,18178,18177,1,-1
2022-02-09 16:21:17.330,18177,18178,18177,3,-3
2022-02-09 16:21:17.330,18177,18178,18177,2,-2
2022-02-09 16:21:21.942,18176,18177,18176,1,-1
2022-02-09 16:21:21.970,18176,18177,18176,3,-3
2022-02-09 16:21:21.970,18176,18177,18176,1,-1
2022-02-09 16:21:21.970,18176,18177,18176,1,-1
2022-02-09 16:21:21.970,18176,18177,18176,1,-1
2022-02-09 16:21:30.476,18175,18176,18176,1,1
2022-02-09 16:21:31.533,18175,18177,18175,1,-1
2022-02-09 16:21:38.514,18175,18176,18176,1,1
2022-02-09 16:21:41.126,18175,18176,18175,1,-1
2022-02-09 16:21:46.201,18175,18176,18175,1,-1
2022-02-09 16:21:50.719,18175,18176,18175,1,-1
2022-02-09 16:22:01.288,18175,18176,18175,1,-1
2022-02-09 16:22:05.048,18175,18176,18175,3,-3
2022-02-09 16:22:05.619,18175,18176,18176,1,1
2022-02-09 16:22:14.752,18175,18176,18176,3,3
2022-02-09 16:22:14.752,18175,18176,18176,2,2
2022-02-09 16:22:30.625,18176,18177,18176,1,-1
2022-02-09 16:22:30.892,18176,18177,18176,2,-2
2022-02-09 16:22:46.774,18175,18176,18175,3,-3
2022-02-09 16:22:46.774,18175,18176,18175,2,-2
2022-02-09 16:23:04.923,18174,18175,18174,1,-1
2022-02-09 16:23:07.107,18174,18175,18175,5,5
2022-02-09 16:23:11.676,18174,18175,18174,1,-1
2022-02-09 16:23:11.677,18174,18175,18174,2,-2
2022-02-09 16:23:11.677,18174,18175,18174,6,-6
2022-02-09 16:23:11.677,18174,18175,18174,1,-1
2022-02-09 16:23:11.677,18174,18175,18174,1,-1
2022-02-09 16:23:11.677,18174,18175,18174,1,-1
2022-02-09 16:23:11.677,18174,18175,18174,1,-1
2022-02-09 16:23:12.236,18173,18174,18174,1,1
2022-02-09 16:23:14.514,18173,18174,18173,1,-1
2022-02-09 16:23:16.028,18173,18174,18174,2,2
2022-02-09 16:23:22.915,18173,18174,18174,1,1
2022-02-09 16:23:22.915,18173,18174,18174,1,1
2022-02-09 16:23:22.915,18173,18174,18174,1,1
2022-02-09 16:23:27.156,18173,18174,18173,1,-1
2022-02-09 16:23:28.886,18173,18174,18174,1,1
2022-02-09 16:23:28.886,18173,18174,18174,1,1
2022-02-09 16:23:29.228,18174,18175,18174,1,-1
2022-02-09 16:23:33.554,18174,18175,18175,2,2
2022-02-09 16:23:33.554,18174,18175,18175,1,1
2022-02-09 16:23:33.554,18174,18175,18175,1,1
2022-02-09 16:23:33.554,18174,18175,18175,1,1
2022-02-09 16:23:33.554,18174,18175,18175,4,4
2022-02-09 16:23:33.554,18174,18175,18175,1,1
2022-02-09 16:23:33.554,18174,18175,18175,1,1
2022-02-09 16:23:33.554,18174,18175,18175,1,1
2022-02-09 16:23:53.460,18174,18175,18175,1,1
2022-02-09 16:24:02.985,18174,18175,18175,1,1
2022-02-09 16:24:13.387,18174,18175,18174,1,-1
2022-02-09 16:24:13.387,18174,18175,18174,2,-2
2022-02-09 16:24:13.388,18174,18175,18174,1,-1
2022-02-09 16:24:37.505,18173,18174,18174,1,1
2022-02-09 16:24:42.997,18173,18174,18173,1,-1
2022-02-09 16:24:47.551,18173,18174,18174,2,2
2022-02-09 16:24:47.551,18173,18174,18174,1,1
2022-02-09 16:24:47.551,18173,18174,18174,2,2
2022-02-09 16:24:47.558,18173,18174,18174,1,1
2022-02-09 16:25:00.124,18173,18174,18173,2,-2
2022-02-09 16:25:00.124,18173,18174,18173,2,-2
2022-02-09 16:25:00.522,18172,18174,18172,1,-1
2022-02-09 16:25:00.666,18172,18174,18172,1,-1
2022-02-09 16:25:00.666,18172,18174,18172,1,-1
2022-02-09 16:25:00.952,18172,18174,18173,1,1
2022-02-09 16:25:00.973,18172,18174,18172,1,-1
2022-02-09 16:25:01.660,18172,18174,18172,1,-1
2022-02-09 16:25:06.877,18172,18173,18172,3,-3
2022-02-09 16:25:08.817,18172,18173,18172,1,-1
2022-02-09 16:25:10.666,18172,18173,18172,11,-11
2022-02-09 16:25:10.666,18172,18173,18171,17,-17
2022-02-09 16:25:10.667,18172,18173,18171,2,-2
2022-02-09 16:25:10.667,18172,18173,18171,4,-4
2022-02-09 16:25:13.735,18170,18172,18170,1,-1
2022-02-09 16:25:13.886,18170,18172,18172,1,1
2022-02-09 16:25:13.911,18170,18172,18170,1,-1
2022-02-09 16:25:13.915,18170,18172,18170,3,-3
2022-02-09 16:25:18.191,18170,18171,18170,1,-1
2022-02-09 16:25:18.895,18170,18171,18170,2,-2
2022-02-09 16:25:19.380,18170,18171,18171,1,1
2022-02-09 16:25:19.965,18170,18172,18170,2,-2
2022-02-09 16:25:23.434,18171,18172,18171,1,-1
2022-02-09 16:25:24.940,18171,18172,18172,1,1
2022-02-09 16:25:24.940,18171,18172,18172,1,1
2022-02-09 16:25:54.673,18172,18173,18172,1,-1
2022-02-09 16:26:14.301,18171,18172,18171,2,-2
2022-02-09 16:26:14.413,18171,18172,18172,2,2
2022-02-09 16:26:21.642,18171,18172,18172,1,1
2022-02-09 16:26:23.594,18172,18173,18173,1,1
2022-02-09 16:26:33.003,18172,18173,18172,2,-2
2022-02-09 16:26:34.042,18172,18173,18173,2,2
2022-02-09 16:26:57.212,18173,18174,18173,1,-1
2022-02-09 16:26:59.918,18172,18173,18173,1,1
2022-02-09 16:26:59.919,18172,18173,18173,1,1
2022-02-09 16:27:07.808,18172,18173,18173,1,1
2022-02-09 16:27:10.894,18173,18174,18173,1,-1
2022-02-09 16:27:20.634,18173,18174,18174,1,1
2022-02-09 16:27:30.245,18173,18175,18173,1,-1
2022-02-09 16:27:30.246,18173,18175,18173,2,-2
2022-02-09 16:27:43.182,18173,18174,18173,1,-1
2022-02-09 16:27:57.512,18173,18174,18174,2,2
2022-02-09 16:28:00.718,18173,18175,18173,1,-1
2022-02-09 16:28:01.312,18173,18174,18173,1,-1
2022-02-09 16:28:01.898,18172,18173,18173,1,1
2022-02-09 16:28:03.320,18173,18174,18174,1,1
2022-02-09 16:28:05.873,18172,18174,18174,1,1
2022-02-09 16:28:26.878,18173,18174,18173,1,-1
2022-02-09 16:28:32.300,18172,18174,18174,7,7
2022-02-09 16:28:32.300,18172,18174,18175,2,2
2022-02-09 16:28:35.619,18172,18173,18172,2,-2
2022-02-09 16:28:35.619,18172,18173,18172,1,-1
2022-02-09 16:28:38.237,18171,18173,18173,1,1
2022-02-09 16:28:38.980,18171,18173,18171,2,-2
2022-02-09 16:29:01.167,18172,18173,18172,1,-1
2022-02-09 16:29:09.410,18171,18172,18171,2,-2
2022-02-09 16:29:09.411,18171,18172,18171,1,-1
2022-02-09 16:29:09.411,18171,18172,18171,3,-3
2022-02-09 16:29:09.411,18171,18172,18171,1,-1
2022-02-09 16:29:09.411,18171,18172,18171,1,-1
2022-02-09 16:29:09.411,18171,18172,18171,1,-1
2022-02-09 16:29:09.411,18171,18172,18171,1,-1
2022-02-09 16:29:09.411,18171,18172,18171,1,-1
2022-02-09 16:29:09.411,18171,18172,18171,11,-11
2022-02-09 16:29:12.687,18170,18171,18171,1,1
2022-02-09 16:29:18.812,18170,18171,18170,1,-1
2022-02-09 16:29:20.282,18170,18171,18170,2,-2
2022-02-09 16:29:20.282,18170,18171,18170,1,-1
2022-02-09 16:29:20.282,18170,18171,18170,1,-1
2022-02-09 16:29:20.282,18170,18171,18170,1,-1
2022-02-09 16:29:20.282,18170,18171,18170,1,-1
2022-02-09 16:29:20.283,18170,18171,18170,1,-1
2022-02-09 16:29:20.283,18170,18171,18170,1,-1
2022-02-09 16:29:20.283,18170,18171,18170,1,-1
2022-02-09 16:29:21.031,18169,18171,18169,5,-5
2022-02-09 16:29:21.273,18169,18170,18169,1,-1
2022-02-09 16:29:23.976,18169,18171,18169,2,-2
2022-02-09 16:29:24.775,18169,18170,18170,1,1
2022-02-09 16:29:30.615,18170,18171,18171,2,2
2022-02-09 16:29:33.576,18171,18172,18172,3,3
2022-02-09 16:29:33.576,18171,18172,18172,1,1
2022-02-09 16:29:33.682,18171,18172,18172,4,4
2022-02-09 16:29:33.682,18171,18172,18172,1,1
2022-02-09 16:29:38.041,18172,18173,18172,5,-5
2022-02-09 16:29:38.041,18172,18173,18171,13,-13
2022-02-09 16:29:38.042,18172,18173,18171,2,-2
2022-02-09 16:29:38.043,18172,18173,18171,1,-1
2022-02-09 16:29:38.043,18172,18173,18171,3,-3
2022-02-09 16:29:38.043,18172,18173,18171,5,-5
2022-02-09 16:29:42.593,18171,18172,18172,1,1
2022-02-09 16:29:47.908,18172,18173,18172,2,-2
2022-02-09 16:29:47.908,18172,18173,18171,8,-8
2022-02-09 16:29:47.908,18172,18173,18170,19,-19
2022-02-09 16:29:47.909,18172,18173,18170,1,-1
2022-02-09 16:29:47.909,18172,18173,18170,1,-1
2022-02-09 16:29:47.910,18172,18173,18170,1,-1
2022-02-09 16:29:47.910,18172,18173,18170,4,-4
2022-02-09 16:29:47.910,18172,18173,18170,1,-1
2022-02-09 16:29:47.910,18172,18173,18170,1,-1
2022-02-09 16:29:47.910,18172,18173,18170,1,-1
