2023-02-01 15:00:00,15388,15388,15388,122,0
2023-02-01 15:00:00,15388,15388,15388,2,0
2023-02-01 15:00:00,15387,15387,15387,2,-2
2023-02-01 15:00:00,15387,15387,15387,2,0
2023-02-01 15:00:00,15387,15387,15387,2,0
2023-02-01 15:00:00,15387,15387,15387,2,0
2023-02-01 15:00:00,15387,15387,15387,2,0
2023-02-01 15:00:00,15387,15387,15387,2,0
2023-02-01 15:00:00,15387,15387,15387,2,0
2023-02-01 15:00:00,15387,15387,15387,2,0
2023-02-01 15:00:00,15386,15386,15386,2,-2
2023-02-01 15:00:00,15386,15386,15386,2,0
2023-02-01 15:00:00,15385,15385,15385,2,-2
2023-02-01 15:00:00,15385,15385,15385,4,0
2023-02-01 15:00:00,15385,15385,15385,4,0
2023-02-01 15:00:00,15385,15385,15385,2,0
2023-02-01 15:00:00,15388,15388,15388,2,2
2023-02-01 15:00:00,15387,15387,15387,2,-2
2023-02-01 15:00:00,15387,15387,15387,2,0
2023-02-01 15:00:00,15387,15387,15387,2,0
2023-02-01 15:00:00,15387,15387,15387,2,0
2023-02-01 15:00:00,15387,15387,15387,2,0
2023-02-01 15:00:00,15387,15387,15387,2,0
2023-02-01 15:00:01,15388,15388,15388,4,4
2023-02-01 15:00:01,15388,15388,15388,2,0
2023-02-01 15:00:02,15386,15386,15386,2,-2
2023-02-01 15:00:02,15386,15386,15386,2,0
2023-02-01 15:00:02,15387,15387,15387,2,2
2023-02-01 15:00:02,15387,15387,15387,2,0
2023-02-01 15:00:03,15386,15386,15386,4,-4
2023-02-01 15:00:03,15386,15386,15386,2,0
2023-02-01 15:00:03,15387,15387,15387,4,4
2023-02-01 15:00:04,15388,15388,15388,2,2
2023-02-01 15:00:04,15389,15389,15389,2,2
2023-02-01 15:00:04,15389,15389,15389,4,0
2023-02-01 15:00:04,15388,15388,15388,2,-2
2023-02-01 15:00:04,15389,15389,15389,2,2
2023-02-01 15:00:04,15389,15389,15389,4,0
2023-02-01 15:00:04,15389,15389,15389,2,0
2023-02-01 15:00:04,15389,15389,15389,2,0
2023-02-01 15:00:04,15389,15389,15389,2,0
2023-02-01 15:00:04,15388,15388,15388,2,-2
2023-02-01 15:00:05,15389,15389,15389,2,2
2023-02-01 15:00:05,15388,15388,15388,2,-2
2023-02-01 15:00:05,15388,15388,15388,2,0
2023-02-01 15:00:05,15387,15387,15387,2,-2
2023-02-01 15:00:05,15387,15387,15387,2,0
2023-02-01 15:00:05,15387,15387,15387,2,0
2023-02-01 15:00:06,15387,15387,15387,2,0
2023-02-01 15:00:07,15387,15387,15387,2,0
2023-02-01 15:00:07,15387,15387,15387,2,0
2023-02-01 15:00:07,15388,15388,15388,2,2
2023-02-01 15:00:07,15388,15388,15388,4,0
2023-02-01 15:00:07,15389,15389,15389,2,2
2023-02-01 15:00:09,15387,15387,15387,2,-2
2023-02-01 15:00:09,15388,15388,15388,4,4
2023-02-01 15:00:09,15389,15389,15389,20,20
2023-02-01 15:00:09,15389,15389,15389,4,0
2023-02-01 15:00:09,15388,15388,15388,2,-2
2023-02-01 15:00:10,15389,15389,15389,2,2
2023-02-01 15:00:11,15389,15389,15389,4,0
2023-02-01 15:00:11,15389,15389,15389,4,0
2023-02-01 15:00:11,15389,15389,15389,2,0
2023-02-01 15:00:12,15389,15389,15389,2,0
2023-02-01 15:00:12,15389,15389,15389,4,0
2023-02-01 15:00:14,15387,15387,15387,2,-2
2023-02-01 15:00:14,15387,15387,15387,2,0
2023-02-01 15:00:14,15387,15387,15387,2,0
2023-02-01 15:00:14,15387,15387,15387,2,0
2023-02-01 15:00:14,15387,15387,15387,2,0
2023-02-01 15:00:16,15388,15388,15388,2,2
2023-02-01 15:00:16,15388,15388,15388,2,0
2023-02-01 15:00:17,15388,15388,15388,2,0
2023-02-01 15:00:18,15386,15386,15386,2,-2
2023-02-01 15:00:18,15386,15386,15386,2,0
2023-02-01 15:00:18,15385,15385,15385,2,-2
2023-02-01 15:00:18,15385,15385,15385,2,0
2023-02-01 15:00:18,15385,15385,15385,2,0
2023-02-01 15:00:18,15385,15385,15385,2,0
2023-02-01 15:00:18,15385,15385,15385,2,0
2023-02-01 15:00:18,15385,15385,15385,2,0
2023-02-01 15:00:18,15387,15387,15387,6,6
2023-02-01 15:00:18,15387,15387,15387,4,0
2023-02-01 15:00:19,15387,15387,15387,4,0
2023-02-01 15:00:20,15388,15388,15388,2,2
2023-02-01 15:00:22,15388,15388,15388,4,0
2023-02-01 15:00:23,15387,15387,15387,4,-4
2023-02-01 15:00:23,15388,15388,15388,2,2
2023-02-01 15:00:23,15387,15387,15387,10,-10
2023-02-01 15:00:24,15388,15388,15388,2,2
2023-02-01 15:00:25,15387,15387,15387,2,-2
2023-02-01 15:00:25,15388,15388,15388,2,2
2023-02-01 15:00:26,15387,15387,15387,2,-2
2023-02-01 15:00:26,15387,15387,15387,2,0
2023-02-01 15:00:26,15387,15387,15387,2,0
2023-02-01 15:00:26,15387,15387,15387,4,0
2023-02-01 15:00:27,15387,15387,15387,2,0
2023-02-01 15:00:29,15387,15387,15387,2,0
2023-02-01 15:00:29,15387,15387,15387,4,0
2023-02-01 15:00:29,15387,15387,15387,4,0
2023-02-01 15:00:29,15387,15387,15387,2,0
2023-02-01 15:00:29,15387,15387,15387,2,0
2023-02-01 15:00:29,15387,15387,15387,2,0
2023-02-01 15:00:29,15387,15387,15387,2,0
2023-02-01 15:00:29,15387,15387,15387,2,0
2023-02-01 15:00:29,15387,15387,15387,2,0
2023-02-01 15:00:29,15387,15387,15387,2,0
2023-02-01 15:00:30,15387,15387,15387,4,0
2023-02-01 15:00:31,15386,15386,15386,2,-2
2023-02-01 15:00:32,15386,15386,15386,2,0
2023-02-01 15:00:32,15386,15386,15386,2,0
2023-02-01 15:00:32,15387,15387,15387,2,2
2023-02-01 15:00:32,15387,15387,15387,2,0
2023-02-01 15:00:32,15387,15387,15387,2,0
2023-02-01 15:00:32,15387,15387,15387,2,0
2023-02-01 15:00:33,15386,15386,15386,2,-2
2023-02-01 15:00:35,15387,15387,15387,4,4
2023-02-01 15:00:36,15385,15385,15385,2,-2
2023-02-01 15:00:37,15386,15386,15386,2,2
2023-02-01 15:00:38,15386,15386,15386,2,0
2023-02-01 15:00:39,15386,15386,15386,2,0
2023-02-01 15:00:40,15386,15386,15386,18,0
2023-02-01 15:00:40,15386,15386,15386,2,0
2023-02-01 15:00:41,15386,15386,15386,2,0
2023-02-01 15:00:41,15386,15386,15386,2,0
2023-02-01 15:00:42,15386,15386,15386,2,0
2023-02-01 15:00:44,15385,15385,15385,2,-2
2023-02-01 15:00:45,15386,15386,15386,14,14
2023-02-01 15:00:46,15386,15386,15386,2,0
2023-02-01 15:00:50,15386,15386,15386,10,0
2023-02-01 15:00:50,15387,15387,15387,18,18
2023-02-01 15:00:50,15387,15387,15387,2,0
2023-02-01 15:00:50,15388,15388,15388,36,36
2023-02-01 15:00:50,15388,15388,15388,6,0
2023-02-01 15:00:51,15387,15387,15387,2,-2
2023-02-01 15:00:51,15388,15388,15388,4,4
2023-02-01 15:00:51,15388,15388,15388,4,0
2023-02-01 15:00:51,15388,15388,15388,4,0
2023-02-01 15:00:51,15386,15386,15386,2,-2
2023-02-01 15:00:53,15388,15388,15388,2,2
2023-02-01 15:00:53,15388,15388,15388,2,0
2023-02-01 15:00:53,15388,15388,15388,2,0
2023-02-01 15:00:53,15388,15388,15388,2,0
2023-02-01 15:00:54,15388,15388,15388,4,0
2023-02-01 15:00:54,15388,15388,15388,4,0
2023-02-01 15:00:57,15389,15389,15389,2,2
2023-02-01 15:00:57,15389,15389,15389,2,0
2023-02-01 15:00:57,15389,15389,15389,2,0
2023-02-01 15:00:58,15389,15389,15389,2,0
2023-02-01 15:00:59,15388,15388,15388,2,-2
2023-02-01 15:01:00,15388,15388,15388,2,0
2023-02-01 15:01:00,15389,15389,15389,8,8
2023-02-01 15:01:00,15389,15389,15389,2,0
2023-02-01 15:01:00,15389,15389,15389,2,0
2023-02-01 15:01:00,15389,15389,15389,2,0
2023-02-01 15:01:00,15389,15389,15389,2,0
2023-02-01 15:01:00,15390,15390,15390,2,2
2023-02-01 15:01:00,15388,15388,15388,2,-2
2023-02-01 15:01:00,15388,15388,15388,2,0
2023-02-01 15:01:00,15388,15388,15388,2,0
2023-02-01 15:01:00,15389,15389,15389,2,2
2023-02-01 15:01:00,15389,15389,15389,4,0
2023-02-01 15:01:00,15390,15390,15390,26,26
2023-02-01 15:01:00,15389,15389,15389,2,-2
2023-02-01 15:01:00,15390,15390,15390,2,2
2023-02-01 15:01:00,15390,15390,15390,2,0
2023-02-01 15:01:00,15389,15389,15389,2,-2
2023-02-01 15:01:02,15389,15389,15389,2,0
2023-02-01 15:01:03,15388,15388,15388,2,-2
2023-02-01 15:01:04,15388,15388,15388,4,0
2023-02-01 15:01:06,15388,15388,15388,2,0
2023-02-01 15:01:07,15389,15389,15389,4,4
2023-02-01 15:01:07,15389,15389,15389,2,0
2023-02-01 15:01:08,15389,15389,15389,2,0
2023-02-01 15:01:11,15389,15389,15389,10,0
2023-02-01 15:01:11,15389,15389,15389,2,0
2023-02-01 15:01:11,15389,15389,15389,2,0
2023-02-01 15:01:12,15388,15388,15388,2,-2
2023-02-01 15:01:12,15389,15389,15389,2,2
2023-02-01 15:01:14,15389,15389,15389,2,0
2023-02-01 15:01:14,15389,15389,15389,2,0
2023-02-01 15:01:14,15388,15388,15388,2,-2
2023-02-01 15:01:15,15390,15390,15390,12,12
2023-02-01 15:01:15,15389,15389,15389,2,-2
2023-02-01 15:01:16,15389,15389,15389,2,0
2023-02-01 15:01:16,15390,15390,15390,6,6
2023-02-01 15:01:20,15390,15390,15390,2,0
2023-02-01 15:01:22,15389,15389,15389,2,-2
2023-02-01 15:01:22,15389,15389,15389,2,0
2023-02-01 15:01:22,15389,15389,15389,2,0
2023-02-01 15:01:22,15389,15389,15389,2,0
2023-02-01 15:01:22,15389,15389,15389,2,0
2023-02-01 15:01:23,15389,15389,15389,2,0
2023-02-01 15:01:29,15389,15389,15389,2,0
2023-02-01 15:01:32,15389,15389,15389,2,0
2023-02-01 15:01:32,15389,15389,15389,2,0
2023-02-01 15:01:37,15390,15390,15390,2,2
2023-02-01 15:01:38,15389,15389,15389,2,-2
2023-02-01 15:01:42,15389,15389,15389,4,0
2023-02-01 15:01:42,15389,15389,15389,2,0
2023-02-01 15:01:45,15389,15389,15389,2,0
2023-02-01 15:01:47,15389,15389,15389,2,0
2023-02-01 15:01:52,15389,15389,15389,2,0
2023-02-01 15:01:52,15390,15390,15390,4,4
2023-02-01 15:01:52,15390,15390,15390,2,0
2023-02-01 15:01:53,15390,15390,15390,2,0
2023-02-01 15:01:55,15390,15390,15390,16,0
2023-02-01 15:01:55,15390,15390,15390,18,0
2023-02-01 15:01:55,15390,15390,15390,8,0
2023-02-01 15:01:55,15390,15390,15390,2,0
2023-02-01 15:01:55,15390,15390,15390,2,0
2023-02-01 15:01:55,15390,15390,15390,2,0
2023-02-01 15:01:55,15390,15390,15390,2,0
2023-02-01 15:01:55,15390,15390,15390,8,0
2023-02-01 15:01:55,15390,15390,15390,4,0
2023-02-01 15:01:55,15391,15391,15391,2,2
2023-02-01 15:01:55,15391,15391,15391,2,0
2023-02-01 15:01:56,15391,15391,15391,26,0
2023-02-01 15:01:56,15392,15392,15392,2,2
2023-02-01 15:01:56,15392,15392,15392,30,0
2023-02-01 15:01:56,15392,15392,15392,4,0
2023-02-01 15:01:57,15392,15392,15392,2,0
2023-02-01 15:01:58,15392,15392,15392,2,0
2023-02-01 15:01:58,15392,15392,15392,2,0
2023-02-01 15:01:59,15392,15392,15392,2,0
2023-02-01 15:01:59,15392,15392,15392,2,0
2023-02-01 15:01:59,15392,15392,15392,4,0
2023-02-01 15:01:59,15392,15392,15392,4,0
2023-02-01 15:02:00,15391,15391,15391,2,-2
2023-02-01 15:02:00,15391,15391,15391,2,0
2023-02-01 15:02:00,15391,15391,15391,2,0
2023-02-01 15:02:00,15391,15391,15391,2,0
2023-02-01 15:02:01,15390,15390,15390,2,-2
2023-02-01 15:02:01,15390,15390,15390,2,0
2023-02-01 15:02:01,15390,15390,15390,2,0
2023-02-01 15:02:01,15392,15392,15392,4,4
2023-02-01 15:02:04,15391,15391,15391,2,-2
2023-02-01 15:02:05,15392,15392,15392,2,2
2023-02-01 15:02:05,15392,15392,15392,4,0
2023-02-01 15:02:10,15391,15391,15391,2,-2
2023-02-01 15:02:11,15392,15392,15392,2,2
2023-02-01 15:02:11,15391,15391,15391,2,-2
2023-02-01 15:02:11,15391,15391,15391,6,0
2023-02-01 15:02:11,15391,15391,15391,2,0
2023-02-01 15:02:11,15392,15392,15392,4,4
2023-02-01 15:02:14,15392,15392,15392,2,0
2023-02-01 15:02:17,15392,15392,15392,2,0
2023-02-01 15:02:18,15391,15391,15391,2,-2
2023-02-01 15:02:18,15391,15391,15391,2,0
2023-02-01 15:02:18,15391,15391,15391,2,0
2023-02-01 15:02:19,15391,15391,15391,2,0
2023-02-01 15:02:23,15391,15391,15391,2,0
2023-02-01 15:02:24,15391,15391,15391,2,0
2023-02-01 15:02:27,15392,15392,15392,2,2
2023-02-01 15:02:33,15392,15392,15392,2,0
2023-02-01 15:02:33,15392,15392,15392,2,0
2023-02-01 15:02:33,15392,15392,15392,2,0
2023-02-01 15:02:35,15392,15392,15392,10,0
2023-02-01 15:02:35,15392,15392,15392,6,0
2023-02-01 15:02:35,15393,15393,15393,16,16
2023-02-01 15:02:35,15393,15393,15393,2,0
2023-02-01 15:02:35,15393,15393,15393,2,0
2023-02-01 15:02:35,15393,15393,15393,44,0
2023-02-01 15:02:35,15394,15394,15394,26,26
2023-02-01 15:02:35,15394,15394,15394,2,0
2023-02-01 15:02:35,15394,15394,15394,2,0
2023-02-01 15:02:35,15394,15394,15394,6,0
2023-02-01 15:02:35,15395,15395,15395,6,6
2023-02-01 15:02:35,15395,15395,15395,6,0
2023-02-01 15:02:36,15395,15395,15395,2,0
2023-02-01 15:02:36,15394,15394,15394,2,-2
2023-02-01 15:02:36,15394,15394,15394,4,0
2023-02-01 15:02:36,15394,15394,15394,4,0
2023-02-01 15:02:36,15394,15394,15394,6,0
2023-02-01 15:02:36,15394,15394,15394,2,0
2023-02-01 15:02:36,15394,15394,15394,2,0
2023-02-01 15:02:38,15394,15394,15394,2,0
2023-02-01 15:02:39,15393,15393,15393,2,-2
2023-02-01 15:02:39,15393,15393,15393,2,0
2023-02-01 15:02:39,15393,15393,15393,2,0
2023-02-01 15:02:39,15392,15392,15392,2,-2
2023-02-01 15:02:40,15393,15393,15393,2,2
2023-02-01 15:02:41,15393,15393,15393,2,0
2023-02-01 15:02:41,15394,15394,15394,2,2
2023-02-01 15:02:43,15394,15394,15394,2,0
2023-02-01 15:02:43,15394,15394,15394,6,0
2023-02-01 15:02:43,15395,15395,15395,10,10
2023-02-01 15:02:44,15394,15394,15394,2,-2
2023-02-01 15:02:44,15395,15395,15395,2,2
2023-02-01 15:02:48,15394,15394,15394,2,-2
2023-02-01 15:02:49,15394,15394,15394,2,0
2023-02-01 15:02:50,15395,15395,15395,2,2
2023-02-01 15:02:51,15394,15394,15394,2,-2
2023-02-01 15:02:51,15394,15394,15394,2,0
2023-02-01 15:02:52,15393,15393,15393,2,-2
2023-02-01 15:02:52,15393,15393,15393,2,0
2023-02-01 15:02:54,15393,15393,15393,14,0
2023-02-01 15:02:54,15393,15393,15393,6,0
2023-02-01 15:02:54,15393,15393,15393,2,0
2023-02-01 15:02:54,15393,15393,15393,2,0
2023-02-01 15:02:54,15393,15393,15393,2,0
2023-02-01 15:02:54,15393,15393,15393,2,0
2023-02-01 15:02:54,15393,15393,15393,2,0
2023-02-01 15:02:55,15394,15394,15394,2,2
2023-02-01 15:02:57,15393,15393,15393,2,-2
2023-02-01 15:02:57,15393,15393,15393,2,0
2023-02-01 15:02:58,15392,15392,15392,2,-2
2023-02-01 15:02:58,15392,15392,15392,2,0
2023-02-01 15:02:58,15392,15392,15392,2,0
2023-02-01 15:02:58,15392,15392,15392,2,0
2023-02-01 15:03:00,15393,15393,15393,2,2
2023-02-01 15:03:00,15393,15393,15393,2,0
2023-02-01 15:03:00,15393,15393,15393,2,0
2023-02-01 15:03:00,15393,15393,15393,2,0
2023-02-01 15:03:00,15393,15393,15393,2,0
2023-02-01 15:03:00,15392,15392,15392,2,-2
2023-02-01 15:03:00,15392,15392,15392,2,0
2023-02-01 15:03:00,15391,15391,15391,4,-4
2023-02-01 15:03:12,15393,15393,15393,2,2
2023-02-01 15:03:12,15393,15393,15393,2,0
2023-02-01 15:03:12,15393,15393,15393,2,0
2023-02-01 15:03:17,15393,15393,15393,2,0
2023-02-01 15:03:17,15393,15393,15393,2,0
2023-02-01 15:03:19,15392,15392,15392,2,-2
2023-02-01 15:03:19,15393,15393,15393,2,2
2023-02-01 15:03:20,15393,15393,15393,2,0
2023-02-01 15:03:20,15392,15392,15392,2,-2
2023-02-01 15:03:21,15392,15392,15392,2,0
2023-02-01 15:03:24,15392,15392,15392,2,0
2023-02-01 15:03:24,15391,15391,15391,2,-2
2023-02-01 15:03:24,15391,15391,15391,2,0
2023-02-01 15:03:26,15392,15392,15392,2,2
2023-02-01 15:03:28,15392,15392,15392,2,0
2023-02-01 15:03:31,15392,15392,15392,2,0
2023-02-01 15:03:31,15392,15392,15392,2,0
2023-02-01 15:03:31,15392,15392,15392,2,0
2023-02-01 15:03:32,15392,15392,15392,2,0
2023-02-01 15:03:32,15392,15392,15392,2,0
2023-02-01 15:03:40,15391,15391,15391,2,-2
2023-02-01 15:03:42,15392,15392,15392,2,2
2023-02-01 15:03:43,15391,15391,15391,2,-2
2023-02-01 15:03:44,15391,15391,15391,2,0
2023-02-01 15:03:47,15391,15391,15391,4,0
2023-02-01 15:03:48,15391,15391,15391,2,0
2023-02-01 15:03:48,15391,15391,15391,2,0
2023-02-01 15:03:50,15391,15391,15391,2,0
2023-02-01 15:03:50,15391,15391,15391,2,0
2023-02-01 15:03:50,15391,15391,15391,2,0
2023-02-01 15:03:50,15391,15391,15391,2,0
2023-02-01 15:03:50,15391,15391,15391,2,0
2023-02-01 15:03:50,15391,15391,15391,2,0
2023-02-01 15:03:50,15391,15391,15391,2,0
2023-02-01 15:03:58,15390,15390,15390,2,-2
2023-02-01 15:03:58,15390,15390,15390,2,0
2023-02-01 15:04:00,15390,15390,15390,2,0
2023-02-01 15:04:00,15390,15390,15390,2,0
2023-02-01 15:04:00,15390,15390,15390,2,0
2023-02-01 15:04:02,15390,15390,15390,2,0
2023-02-01 15:04:04,15390,15390,15390,2,0
2023-02-01 15:04:05,15390,15390,15390,2,0
2023-02-01 15:04:06,15390,15390,15390,2,0
2023-02-01 15:04:06,15390,15390,15390,2,0
2023-02-01 15:04:07,15391,15391,15391,2,2
2023-02-01 15:04:07,15391,15391,15391,4,0
2023-02-01 15:04:07,15391,15391,15391,4,0
2023-02-01 15:04:07,15391,15391,15391,2,0
2023-02-01 15:04:07,15391,15391,15391,2,0
2023-02-01 15:04:07,15391,15391,15391,2,0
2023-02-01 15:04:08,15392,15392,15392,14,14
2023-02-01 15:04:08,15392,15392,15392,2,0
2023-02-01 15:04:10,15393,15393,15393,2,2
2023-02-01 15:04:11,15393,15393,15393,2,0
2023-02-01 15:04:12,15393,15393,15393,2,0
2023-02-01 15:04:14,15393,15393,15393,2,0
2023-02-01 15:04:14,15393,15393,15393,4,0
2023-02-01 15:04:15,15394,15394,15394,2,2
2023-02-01 15:04:15,15394,15394,15394,6,0
2023-02-01 15:04:15,15394,15394,15394,2,0
2023-02-01 15:04:15,15394,15394,15394,18,0
2023-02-01 15:04:17,15395,15395,15395,2,2
2023-02-01 15:04:17,15395,15395,15395,12,0
2023-02-01 15:04:17,15395,15395,15395,2,0
2023-02-01 15:04:17,15395,15395,15395,16,0
2023-02-01 15:04:18,15396,15396,15396,2,2
2023-02-01 15:04:18,15396,15396,15396,2,0
2023-02-01 15:04:18,15396,15396,15396,6,0
2023-02-01 15:04:18,15396,15396,15396,6,0
2023-02-01 15:04:19,15396,15396,15396,2,0
2023-02-01 15:04:20,15396,15396,15396,4,0
2023-02-01 15:04:20,15397,15397,15397,2,2
2023-02-01 15:04:23,15395,15395,15395,2,-2
2023-02-01 15:04:34,15394,15394,15394,2,-2
2023-02-01 15:04:34,15394,15394,15394,2,0
2023-02-01 15:04:35,15394,15394,15394,2,0
2023-02-01 15:04:38,15394,15394,15394,2,0
2023-02-01 15:04:39,15394,15394,15394,4,0
2023-02-01 15:04:41,15394,15394,15394,2,0
2023-02-01 15:04:41,15394,15394,15394,2,0
2023-02-01 15:04:41,15394,15394,15394,2,0
2023-02-01 15:04:41,15393,15393,15393,2,-2
2023-02-01 15:04:46,15393,15393,15393,2,0
2023-02-01 15:04:47,15393,15393,15393,2,0
2023-02-01 15:04:59,15391,15391,15391,2,-2
2023-02-01 15:04:59,15391,15391,15391,2,0
2023-02-01 15:04:59,15391,15391,15391,2,0
2023-02-01 15:04:59,15391,15391,15391,2,0
2023-02-01 15:04:59,15391,15391,15391,2,0
2023-02-01 15:04:59,15391,15391,15391,2,0
2023-02-01 15:04:59,15391,15391,15391,2,0
2023-02-01 15:05:01,15391,15391,15391,2,0
2023-02-01 15:05:01,15391,15391,15391,2,0
2023-02-01 15:05:01,15391,15391,15391,2,0
2023-02-01 15:05:01,15392,15392,15392,2,2
2023-02-01 15:05:03,15392,15392,15392,14,0
2023-02-01 15:05:03,15393,15393,15393,16,16
2023-02-01 15:05:04,15391,15391,15391,2,-2
2023-02-01 15:05:04,15392,15392,15392,2,2
2023-02-01 15:05:04,15392,15392,15392,2,0
2023-02-01 15:05:04,15392,15392,15392,6,0
2023-02-01 15:05:11,15392,15392,15392,2,0
2023-02-01 15:05:13,15392,15392,15392,4,0
2023-02-01 15:05:13,15393,15393,15393,2,2
2023-02-01 15:05:13,15393,15393,15393,8,0
2023-02-01 15:05:15,15394,15394,15394,2,2
2023-02-01 15:05:15,15394,15394,15394,6,0
2023-02-01 15:05:16,15395,15395,15395,2,2
2023-02-01 15:05:17,15395,15395,15395,2,0
2023-02-01 15:05:17,15394,15394,15394,2,-2
2023-02-01 15:05:17,15394,15394,15394,2,0
2023-02-01 15:05:17,15394,15394,15394,2,0
2023-02-01 15:05:17,15395,15395,15395,2,2
2023-02-01 15:05:17,15395,15395,15395,2,0
2023-02-01 15:05:17,15395,15395,15395,2,0
2023-02-01 15:05:18,15396,15396,15396,4,4
2023-02-01 15:05:18,15396,15396,15396,2,0
2023-02-01 15:05:18,15396,15396,15396,2,0
2023-02-01 15:05:18,15396,15396,15396,2,0
2023-02-01 15:05:18,15396,15396,15396,2,0
2023-02-01 15:05:18,15395,15395,15395,2,-2
2023-02-01 15:05:18,15395,15395,15395,2,0
2023-02-01 15:05:18,15395,15395,15395,2,0
2023-02-01 15:05:18,15395,15395,15395,2,0
2023-02-01 15:05:18,15395,15395,15395,2,0
2023-02-01 15:05:18,15395,15395,15395,2,0
2023-02-01 15:05:18,15395,15395,15395,2,0
2023-02-01 15:05:18,15395,15395,15395,2,0
2023-02-01 15:05:19,15395,15395,15395,2,0
2023-02-01 15:05:19,15396,15396,15396,2,2
2023-02-01 15:05:19,15396,15396,15396,2,0
2023-02-01 15:05:20,15396,15396,15396,2,0
2023-02-01 15:05:20,15396,15396,15396,2,0
2023-02-01 15:05:20,15396,15396,15396,2,0
2023-02-01 15:05:27,15395,15395,15395,2,-2
2023-02-01 15:05:27,15395,15395,15395,2,0
2023-02-01 15:05:41,15394,15394,15394,2,-2
2023-02-01 15:05:44,15395,15395,15395,4,4
2023-02-01 15:05:44,15396,15396,15396,2,2
2023-02-01 15:05:44,15396,15396,15396,2,0
2023-02-01 15:05:45,15396,15396,15396,2,0
2023-02-01 15:05:46,15396,15396,15396,2,0
2023-02-01 15:05:46,15397,15397,15397,2,2
2023-02-01 15:05:48,15396,15396,15396,4,-4
2023-02-01 15:05:48,15396,15396,15396,2,0
2023-02-01 15:05:49,15395,15395,15395,2,-2
2023-02-01 15:05:50,15395,15395,15395,4,0
2023-02-01 15:05:54,15394,15394,15394,2,-2
2023-02-01 15:06:02,15395,15395,15395,2,2
2023-02-01 15:06:04,15396,15396,15396,2,2
2023-02-01 15:06:04,15396,15396,15396,2,0
2023-02-01 15:06:04,15396,15396,15396,2,0
2023-02-01 15:06:08,15395,15395,15395,2,-2
2023-02-01 15:06:14,15396,15396,15396,2,2
2023-02-01 15:06:16,15396,15396,15396,2,0
2023-02-01 15:06:16,15396,15396,15396,2,0
2023-02-01 15:06:16,15396,15396,15396,2,0
2023-02-01 15:06:20,15396,15396,15396,6,0
2023-02-01 15:06:32,15396,15396,15396,2,0
2023-02-01 15:06:40,15396,15396,15396,2,0
2023-02-01 15:06:41,15396,15396,15396,2,0
2023-02-01 15:06:43,15396,15396,15396,2,0
2023-02-01 15:06:44,15397,15397,15397,2,2
2023-02-01 15:06:47,15397,15397,15397,2,0
2023-02-01 15:06:50,15397,15397,15397,40,0
2023-02-01 15:06:50,15397,15397,15397,4,0
2023-02-01 15:06:50,15397,15397,15397,4,0
2023-02-01 15:06:53,15397,15397,15397,6,0
2023-02-01 15:07:05,15397,15397,15397,4,0
2023-02-01 15:07:06,15397,15397,15397,2,0
2023-02-01 15:07:11,15398,15398,15398,4,4
2023-02-01 15:07:14,15397,15397,15397,2,-2
2023-02-01 15:07:14,15397,15397,15397,2,0
2023-02-01 15:07:14,15397,15397,15397,2,0
2023-02-01 15:07:15,15398,15398,15398,48,48
2023-02-01 15:07:15,15399,15399,15399,4,4
2023-02-01 15:07:15,15399,15399,15399,2,0
2023-02-01 15:07:15,15399,15399,15399,2,0
2023-02-01 15:07:15,15399,15399,15399,8,0
2023-02-01 15:07:15,15399,15399,15399,8,0
2023-02-01 15:07:15,15399,15399,15399,14,0
2023-02-01 15:07:15,15399,15399,15399,2,0
2023-02-01 15:07:15,15400,15400,15400,2,2
2023-02-01 15:07:16,15399,15399,15399,2,-2
2023-02-01 15:07:16,15399,15399,15399,4,0
2023-02-01 15:07:16,15399,15399,15399,2,0
2023-02-01 15:07:16,15398,15398,15398,2,-2
2023-02-01 15:07:16,15398,15398,15398,2,0
2023-02-01 15:07:16,15399,15399,15399,2,2
2023-02-01 15:07:19,15399,15399,15399,4,0
2023-02-01 15:07:19,15399,15399,15399,2,0
2023-02-01 15:07:20,15400,15400,15400,2,2
2023-02-01 15:07:21,15399,15399,15399,2,-2
2023-02-01 15:07:21,15399,15399,15399,4,0
2023-02-01 15:07:21,15399,15399,15399,2,0
2023-02-01 15:07:21,15399,15399,15399,2,0
2023-02-01 15:07:22,15398,15398,15398,2,-2
2023-02-01 15:07:22,15398,15398,15398,2,0
2023-02-01 15:07:24,15397,15397,15397,2,-2
2023-02-01 15:07:26,15398,15398,15398,2,2
2023-02-01 15:07:28,15397,15397,15397,2,-2
2023-02-01 15:07:31,15396,15396,15396,2,-2
2023-02-01 15:07:31,15396,15396,15396,2,0
2023-02-01 15:07:35,15396,15396,15396,2,0
2023-02-01 15:07:35,15396,15396,15396,4,0
2023-02-01 15:07:35,15396,15396,15396,6,0
2023-02-01 15:07:36,15397,15397,15397,2,2
2023-02-01 15:07:37,15397,15397,15397,2,0
2023-02-01 15:07:41,15396,15396,15396,2,-2
2023-02-01 15:07:41,15396,15396,15396,2,0
2023-02-01 15:07:43,15396,15396,15396,6,0
2023-02-01 15:07:45,15396,15396,15396,2,0
2023-02-01 15:07:47,15396,15396,15396,2,0
2023-02-01 15:08:01,15397,15397,15397,2,2
2023-02-01 15:08:01,15397,15397,15397,2,0
2023-02-01 15:08:01,15398,15398,15398,2,2
2023-02-01 15:08:05,15398,15398,15398,6,0
2023-02-01 15:08:06,15398,15398,15398,2,0
2023-02-01 15:08:06,15398,15398,15398,2,0
2023-02-01 15:08:13,15398,15398,15398,2,0
2023-02-01 15:08:13,15397,15397,15397,2,-2
2023-02-01 15:08:13,15397,15397,15397,4,0
2023-02-01 15:08:17,15396,15396,15396,2,-2
2023-02-01 15:08:17,15396,15396,15396,2,0
2023-02-01 15:08:17,15396,15396,15396,2,0
2023-02-01 15:08:17,15396,15396,15396,2,0
2023-02-01 15:08:17,15396,15396,15396,2,0
2023-02-01 15:08:17,15396,15396,15396,2,0
2023-02-01 15:08:17,15396,15396,15396,2,0
2023-02-01 15:08:17,15396,15396,15396,6,0
2023-02-01 15:08:22,15398,15398,15398,20,20
2023-02-01 15:08:22,15398,15398,15398,4,0
2023-02-01 15:08:22,15398,15398,15398,4,0
2023-02-01 15:08:23,15397,15397,15397,2,-2
2023-02-01 15:08:23,15397,15397,15397,2,0
2023-02-01 15:08:26,15397,15397,15397,2,0
2023-02-01 15:08:36,15396,15396,15396,2,-2
2023-02-01 15:08:36,15396,15396,15396,2,0
2023-02-01 15:08:41,15397,15397,15397,2,2
2023-02-01 15:08:41,15397,15397,15397,6,0
2023-02-01 15:08:41,15397,15397,15397,2,0
2023-02-01 15:08:41,15398,15398,15398,2,2
2023-02-01 15:08:41,15399,15399,15399,2,2
2023-02-01 15:08:43,15397,15397,15397,2,-2
2023-02-01 15:08:43,15397,15397,15397,2,0
2023-02-01 15:08:45,15397,15397,15397,2,0
2023-02-01 15:08:57,15397,15397,15397,2,0
2023-02-01 15:08:57,15397,15397,15397,2,0
2023-02-01 15:08:57,15398,15398,15398,2,2
2023-02-01 15:09:08,15397,15397,15397,4,-4
2023-02-01 15:09:10,15398,15398,15398,2,2
2023-02-01 15:09:15,15397,15397,15397,6,-6
2023-02-01 15:09:15,15397,15397,15397,2,0
2023-02-01 15:09:15,15397,15397,15397,2,0
2023-02-01 15:09:15,15397,15397,15397,2,0
2023-02-01 15:09:36,15396,15396,15396,2,-2
2023-02-01 15:09:52,15395,15395,15395,2,-2
2023-02-01 15:09:52,15395,15395,15395,34,0
2023-02-01 15:09:52,15395,15395,15395,2,0
2023-02-01 15:09:52,15395,15395,15395,2,0
2023-02-01 15:09:52,15395,15395,15395,12,0
2023-02-01 15:09:52,15395,15395,15395,2,0
2023-02-01 15:09:52,15395,15395,15395,2,0
2023-02-01 15:09:52,15395,15395,15395,2,0
2023-02-01 15:09:53,15395,15395,15395,4,0
2023-02-01 15:09:53,15395,15395,15395,6,0
2023-02-01 15:09:54,15395,15395,15395,2,0
2023-02-01 15:10:00,15395,15395,15395,2,0
2023-02-01 15:10:00,15395,15395,15395,2,0
2023-02-01 15:10:00,15395,15395,15395,2,0
2023-02-01 15:10:00,15395,15395,15395,2,0
2023-02-01 15:10:00,15395,15395,15395,2,0
2023-02-01 15:10:01,15396,15396,15396,2,2
2023-02-01 15:10:01,15396,15396,15396,2,0
2023-02-01 15:10:05,15397,15397,15397,8,8
2023-02-01 15:10:05,15397,15397,15397,2,0
2023-02-01 15:10:08,15396,15396,15396,10,-10
2023-02-01 15:10:13,15395,15395,15395,2,-2
2023-02-01 15:10:13,15395,15395,15395,2,0
2023-02-01 15:10:27,15396,15396,15396,20,20
2023-02-01 15:10:29,15396,15396,15396,10,0
2023-02-01 15:10:29,15397,15397,15397,10,10
2023-02-01 15:10:29,15397,15397,15397,2,0
2023-02-01 15:10:29,15396,15396,15396,2,-2
2023-02-01 15:10:32,15398,15398,15398,20,20
2023-02-01 15:10:33,15398,15398,15398,20,0
2023-02-01 15:10:34,15398,15398,15398,2,0
2023-02-01 15:10:38,15398,15398,15398,2,0
2023-02-01 15:10:39,15399,15399,15399,18,18
2023-02-01 15:10:43,15398,15398,15398,2,-2
2023-02-01 15:10:44,15399,15399,15399,2,2
2023-02-01 15:10:46,15399,15399,15399,2,0
2023-02-01 15:10:55,15398,15398,15398,2,-2
2023-02-01 15:10:57,15398,15398,15398,2,0
2023-02-01 15:11:01,15397,15397,15397,2,-2
2023-02-01 15:11:01,15398,15398,15398,2,2
2023-02-01 15:11:02,15399,15399,15399,2,2
2023-02-01 15:11:03,15396,15396,15396,2,-2
2023-02-01 15:11:03,15397,15397,15397,2,2
2023-02-01 15:11:17,15396,15396,15396,2,-2
2023-02-01 15:11:23,15396,15396,15396,2,0
2023-02-01 15:11:27,15396,15396,15396,2,0
2023-02-01 15:11:28,15396,15396,15396,2,0
2023-02-01 15:11:31,15397,15397,15397,2,2
2023-02-01 15:11:45,15398,15398,15398,4,4
2023-02-01 15:11:45,15398,15398,15398,2,0
2023-02-01 15:11:45,15398,15398,15398,2,0
2023-02-01 15:11:45,15398,15398,15398,2,0
2023-02-01 15:11:45,15398,15398,15398,4,0
2023-02-01 15:11:46,15398,15398,15398,2,0
2023-02-01 15:11:46,15398,15398,15398,2,0
2023-02-01 15:11:47,15398,15398,15398,2,0
2023-02-01 15:11:48,15398,15398,15398,2,0
2023-02-01 15:11:50,15397,15397,15397,2,-2
2023-02-01 15:11:50,15397,15397,15397,2,0
2023-02-01 15:11:54,15398,15398,15398,2,2
2023-02-01 15:11:54,15398,15398,15398,2,0
2023-02-01 15:11:55,15398,15398,15398,2,0
2023-02-01 15:11:55,15398,15398,15398,2,0
2023-02-01 15:11:55,15398,15398,15398,2,0
2023-02-01 15:11:57,15398,15398,15398,2,0
2023-02-01 15:12:00,15399,15399,15399,2,2
2023-02-01 15:12:00,15398,15398,15398,2,-2
2023-02-01 15:12:00,15398,15398,15398,2,0
2023-02-01 15:12:02,15398,15398,15398,2,0
2023-02-01 15:12:02,15399,15399,15399,2,2
2023-02-01 15:12:02,15399,15399,15399,2,0
2023-02-01 15:12:02,15399,15399,15399,48,0
2023-02-01 15:12:03,15400,15400,15400,2,2
2023-02-01 15:12:08,15400,15400,15400,2,0
2023-02-01 15:12:15,15400,15400,15400,2,0
2023-02-01 15:12:17,15399,15399,15399,2,-2
2023-02-01 15:12:17,15399,15399,15399,4,0
2023-02-01 15:12:20,15399,15399,15399,2,0
2023-02-01 15:12:22,15399,15399,15399,2,0
2023-02-01 15:12:22,15399,15399,15399,4,0
2023-02-01 15:12:22,15400,15400,15400,4,4
2023-02-01 15:12:26,15399,15399,15399,2,-2
2023-02-01 15:12:35,15400,15400,15400,64,64
2023-02-01 15:12:35,15400,15400,15400,2,0
2023-02-01 15:12:35,15400,15400,15400,2,0
2023-02-01 15:12:35,15400,15400,15400,12,0
2023-02-01 15:12:35,15400,15400,15400,2,0
2023-02-01 15:12:35,15400,15400,15400,2,0
2023-02-01 15:12:35,15400,15400,15400,2,0
2023-02-01 15:12:35,15400,15400,15400,2,0
2023-02-01 15:12:36,15401,15401,15401,6,6
2023-02-01 15:12:36,15401,15401,15401,6,0
2023-02-01 15:12:36,15401,15401,15401,8,0
2023-02-01 15:12:37,15401,15401,15401,6,0
2023-02-01 15:12:48,15401,15401,15401,2,0
2023-02-01 15:12:52,15400,15400,15400,2,-2
2023-02-01 15:12:57,15400,15400,15400,2,0
2023-02-01 15:13:00,15400,15400,15400,2,0
2023-02-01 15:13:00,15400,15400,15400,2,0
2023-02-01 15:13:00,15400,15400,15400,2,0
2023-02-01 15:13:00,15399,15399,15399,2,-2
2023-02-01 15:13:10,15398,15398,15398,2,-2
2023-02-01 15:13:11,15398,15398,15398,2,0
2023-02-01 15:13:11,15398,15398,15398,2,0
2023-02-01 15:13:11,15398,15398,15398,2,0
2023-02-01 15:13:20,15397,15397,15397,2,-2
2023-02-01 15:13:32,15397,15397,15397,2,0
2023-02-01 15:13:34,15397,15397,15397,2,0
2023-02-01 15:13:34,15397,15397,15397,2,0
2023-02-01 15:13:34,15397,15397,15397,2,0
2023-02-01 15:13:34,15397,15397,15397,2,0
2023-02-01 15:13:42,15396,15396,15396,2,-2
2023-02-01 15:13:42,15396,15396,15396,2,0
2023-02-01 15:13:44,15396,15396,15396,2,0
2023-02-01 15:13:51,15397,15397,15397,2,2
2023-02-01 15:13:52,15397,15397,15397,2,0
2023-02-01 15:14:09,15396,15396,15396,2,-2
2023-02-01 15:14:09,15396,15396,15396,2,0
2023-02-01 15:14:09,15396,15396,15396,2,0
2023-02-01 15:14:09,15396,15396,15396,2,0
2023-02-01 15:14:09,15396,15396,15396,2,0
2023-02-01 15:14:09,15396,15396,15396,2,0
2023-02-01 15:14:09,15396,15396,15396,6,0
2023-02-01 15:14:09,15396,15396,15396,2,0
2023-02-01 15:14:09,15396,15396,15396,2,0
2023-02-01 15:14:09,15396,15396,15396,2,0
2023-02-01 15:14:09,15396,15396,15396,18,0
2023-02-01 15:14:09,15396,15396,15396,2,0
2023-02-01 15:14:09,15396,15396,15396,4,0
2023-02-01 15:14:09,15396,15396,15396,2,0
2023-02-01 15:14:09,15395,15395,15395,32,-32
2023-02-01 15:14:09,15395,15395,15395,2,0
2023-02-01 15:14:09,15395,15395,15395,2,0
2023-02-01 15:14:09,15395,15395,15395,2,0
2023-02-01 15:14:09,15396,15396,15396,2,2
2023-02-01 15:14:10,15396,15396,15396,4,0
2023-02-01 15:14:14,15395,15395,15395,2,-2
2023-02-01 15:14:15,15395,15395,15395,2,0
2023-02-01 15:14:19,15395,15395,15395,2,0
2023-02-01 15:14:21,15395,15395,15395,6,0
2023-02-01 15:14:23,15395,15395,15395,2,0
2023-02-01 15:14:23,15396,15396,15396,2,2
2023-02-01 15:14:28,15396,15396,15396,2,0
2023-02-01 15:14:33,15396,15396,15396,2,0
2023-02-01 15:14:41,15395,15395,15395,4,-4
2023-02-01 15:14:44,15396,15396,15396,2,2
2023-02-01 15:15:01,15396,15396,15396,8,0
2023-02-01 15:15:02,15396,15396,15396,2,0
2023-02-01 15:15:02,15396,15396,15396,4,0
2023-02-01 15:15:02,15396,15396,15396,2,0
2023-02-01 15:15:02,15397,15397,15397,2,2
2023-02-01 15:15:15,15396,15396,15396,2,-2
2023-02-01 15:15:15,15396,15396,15396,2,0
2023-02-01 15:15:19,15395,15395,15395,2,-2
2023-02-01 15:15:33,15396,15396,15396,2,2
2023-02-01 15:15:34,15397,15397,15397,12,12
2023-02-01 15:15:34,15398,15398,15398,2,2
2023-02-01 15:15:35,15397,15397,15397,2,-2
2023-02-01 15:15:35,15397,15397,15397,2,0
2023-02-01 15:15:38,15397,15397,15397,2,0
2023-02-01 15:15:42,15397,15397,15397,2,0
2023-02-01 15:15:42,15396,15396,15396,2,-2
2023-02-01 15:15:46,15395,15395,15395,2,-2
2023-02-01 15:15:47,15395,15395,15395,8,0
2023-02-01 15:15:47,15395,15395,15395,2,0
2023-02-01 15:15:47,15395,15395,15395,2,0
2023-02-01 15:15:47,15395,15395,15395,2,0
2023-02-01 15:15:47,15395,15395,15395,2,0
2023-02-01 15:15:47,15395,15395,15395,2,0
2023-02-01 15:15:47,15395,15395,15395,2,0
2023-02-01 15:15:47,15395,15395,15395,10,0
2023-02-01 15:15:47,15395,15395,15395,4,0
2023-02-01 15:15:47,15395,15395,15395,2,0
2023-02-01 15:15:48,15395,15395,15395,2,0
2023-02-01 15:15:50,15394,15394,15394,2,-2
2023-02-01 15:15:54,15394,15394,15394,2,0
2023-02-01 15:15:56,15394,15394,15394,2,0
2023-02-01 15:16:02,15395,15395,15395,2,2
2023-02-01 15:16:02,15395,15395,15395,6,0
2023-02-01 15:16:09,15395,15395,15395,2,0
2023-02-01 15:16:26,15396,15396,15396,2,2
2023-02-01 15:16:41,15395,15395,15395,2,-2
2023-02-01 15:16:41,15395,15395,15395,2,0
2023-02-01 15:16:41,15395,15395,15395,2,0
2023-02-01 15:16:41,15395,15395,15395,2,0
2023-02-01 15:16:41,15395,15395,15395,2,0
2023-02-01 15:16:41,15395,15395,15395,6,0
2023-02-01 15:16:41,15395,15395,15395,2,0
2023-02-01 15:16:54,15394,15394,15394,2,-2
2023-02-01 15:16:54,15394,15394,15394,2,0
2023-02-01 15:16:54,15394,15394,15394,2,0
2023-02-01 15:16:54,15394,15394,15394,2,0
2023-02-01 15:16:54,15394,15394,15394,2,0
2023-02-01 15:17:04,15394,15394,15394,2,0
2023-02-01 15:17:09,15394,15394,15394,2,0
2023-02-01 15:17:17,15395,15395,15395,2,2
2023-02-01 15:17:17,15395,15395,15395,2,0
2023-02-01 15:17:17,15395,15395,15395,2,0
2023-02-01 15:17:17,15396,15396,15396,2,2
2023-02-01 15:17:17,15396,15396,15396,2,0
2023-02-01 15:17:17,15396,15396,15396,2,0
2023-02-01 15:17:17,15396,15396,15396,2,0
2023-02-01 15:17:18,15396,15396,15396,2,0
2023-02-01 15:17:18,15395,15395,15395,2,-2
2023-02-01 15:17:25,15396,15396,15396,4,4
2023-02-01 15:17:27,15396,15396,15396,2,0
2023-02-01 15:17:27,15395,15395,15395,2,-2
2023-02-01 15:17:27,15395,15395,15395,6,0
2023-02-01 15:17:27,15396,15396,15396,2,2
2023-02-01 15:17:28,15396,15396,15396,2,0
2023-02-01 15:17:28,15397,15397,15397,2,2
2023-02-01 15:17:44,15396,15396,15396,2,-2
2023-02-01 15:17:44,15396,15396,15396,2,0
2023-02-01 15:17:44,15396,15396,15396,2,0
2023-02-01 15:17:53,15396,15396,15396,2,0
2023-02-01 15:17:58,15397,15397,15397,2,2
2023-02-01 15:18:00,15397,15397,15397,12,0
2023-02-01 15:18:01,15398,15398,15398,12,12
2023-02-01 15:18:01,15399,15399,15399,2,2
2023-02-01 15:18:01,15399,15399,15399,4,0
2023-02-01 15:18:01,15399,15399,15399,8,0
2023-02-01 15:18:01,15400,15400,15400,2,2
2023-02-01 15:18:01,15400,15400,15400,2,0
2023-02-01 15:18:01,15400,15400,15400,2,0
2023-02-01 15:18:05,15400,15400,15400,2,0
2023-02-01 15:18:07,15400,15400,15400,2,0
2023-02-01 15:18:09,15401,15401,15401,4,4
2023-02-01 15:18:09,15401,15401,15401,2,0
2023-02-01 15:18:09,15401,15401,15401,2,0
2023-02-01 15:18:09,15401,15401,15401,2,0
2023-02-01 15:18:09,15401,15401,15401,4,0
2023-02-01 15:18:10,15401,15401,15401,2,0
2023-02-01 15:18:11,15401,15401,15401,2,0
2023-02-01 15:18:11,15401,15401,15401,2,0
2023-02-01 15:18:12,15401,15401,15401,2,0
2023-02-01 15:18:13,15401,15401,15401,2,0
2023-02-01 15:18:19,15400,15400,15400,2,-2
2023-02-01 15:18:19,15400,15400,15400,2,0
2023-02-01 15:18:19,15400,15400,15400,2,0
2023-02-01 15:18:23,15399,15399,15399,2,-2
2023-02-01 15:18:24,15400,15400,15400,2,2
2023-02-01 15:18:24,15400,15400,15400,2,0
2023-02-01 15:18:24,15400,15400,15400,2,0
2023-02-01 15:18:32,15399,15399,15399,2,-2
2023-02-01 15:18:33,15400,15400,15400,6,6
2023-02-01 15:18:34,15400,15400,15400,2,0
2023-02-01 15:18:37,15400,15400,15400,2,0
2023-02-01 15:18:41,15401,15401,15401,2,2
2023-02-01 15:18:41,15401,15401,15401,2,0
2023-02-01 15:18:44,15401,15401,15401,2,0
2023-02-01 15:18:46,15401,15401,15401,2,0
2023-02-01 15:18:47,15401,15401,15401,4,0
2023-02-01 15:18:47,15401,15401,15401,2,0
2023-02-01 15:18:47,15401,15401,15401,2,0
2023-02-01 15:18:47,15402,15402,15402,2,2
2023-02-01 15:18:47,15402,15402,15402,2,0
2023-02-01 15:18:47,15402,15402,15402,4,0
2023-02-01 15:18:47,15402,15402,15402,28,0
2023-02-01 15:18:47,15403,15403,15403,4,4
2023-02-01 15:18:47,15403,15403,15403,2,0
2023-02-01 15:18:47,15403,15403,15403,8,0
2023-02-01 15:18:47,15404,15404,15404,2,2
2023-02-01 15:18:47,15404,15404,15404,2,0
2023-02-01 15:18:47,15404,15404,15404,2,0
2023-02-01 15:18:47,15404,15404,15404,2,0
2023-02-01 15:18:47,15404,15404,15404,2,0
2023-02-01 15:18:47,15404,15404,15404,4,0
2023-02-01 15:18:47,15404,15404,15404,4,0
2023-02-01 15:18:47,15404,15404,15404,6,0
2023-02-01 15:18:47,15404,15404,15404,2,0
2023-02-01 15:18:47,15404,15404,15404,8,0
2023-02-01 15:18:48,15404,15404,15404,10,0
2023-02-01 15:18:48,15405,15405,15405,2,2
2023-02-01 15:18:48,15405,15405,15405,10,0
2023-02-01 15:18:48,15405,15405,15405,8,0
2023-02-01 15:18:48,15405,15405,15405,10,0
2023-02-01 15:18:48,15405,15405,15405,2,0
2023-02-01 15:18:48,15405,15405,15405,2,0
2023-02-01 15:18:48,15405,15405,15405,2,0
2023-02-01 15:18:48,15406,15406,15406,10,10
2023-02-01 15:18:48,15406,15406,15406,2,0
2023-02-01 15:18:48,15406,15406,15406,2,0
2023-02-01 15:18:48,15406,15406,15406,2,0
2023-02-01 15:18:48,15406,15406,15406,4,0
2023-02-01 15:18:48,15406,15406,15406,2,0
2023-02-01 15:18:48,15406,15406,15406,2,0
2023-02-01 15:18:48,15406,15406,15406,2,0
2023-02-01 15:18:48,15406,15406,15406,4,0
2023-02-01 15:18:48,15406,15406,15406,2,0
2023-02-01 15:18:48,15406,15406,15406,4,0
2023-02-01 15:18:48,15406,15406,15406,2,0
2023-02-01 15:18:48,15406,15406,15406,4,0
2023-02-01 15:18:48,15406,15406,15406,2,0
2023-02-01 15:18:48,15405,15405,15405,2,-2
2023-02-01 15:18:48,15405,15405,15405,2,0
2023-02-01 15:18:48,15405,15405,15405,6,0
2023-02-01 15:18:48,15405,15405,15405,6,0
2023-02-01 15:18:48,15405,15405,15405,8,0
2023-02-01 15:18:48,15405,15405,15405,6,0
2023-02-01 15:18:48,15405,15405,15405,2,0
2023-02-01 15:18:48,15405,15405,15405,2,0
2023-02-01 15:18:48,15405,15405,15405,2,0
2023-02-01 15:18:48,15406,15406,15406,4,4
2023-02-01 15:18:48,15405,15405,15405,2,-2
2023-02-01 15:18:48,15405,15405,15405,2,0
2023-02-01 15:18:48,15405,15405,15405,2,0
2023-02-01 15:18:48,15405,15405,15405,2,0
2023-02-01 15:18:48,15405,15405,15405,4,0
2023-02-01 15:18:48,15406,15406,15406,2,2
2023-02-01 15:18:48,15406,15406,15406,2,0
2023-02-01 15:18:48,15406,15406,15406,2,0
2023-02-01 15:18:49,15405,15405,15405,2,-2
2023-02-01 15:18:49,15406,15406,15406,6,6
2023-02-01 15:18:49,15406,15406,15406,2,0
2023-02-01 15:18:49,15406,15406,15406,2,0
2023-02-01 15:18:49,15406,15406,15406,2,0
2023-02-01 15:18:49,15406,15406,15406,2,0
2023-02-01 15:18:49,15406,15406,15406,2,0
2023-02-01 15:18:49,15406,15406,15406,14,0
2023-02-01 15:18:49,15406,15406,15406,2,0
2023-02-01 15:18:49,15406,15406,15406,2,0
2023-02-01 15:18:50,15406,15406,15406,2,0
2023-02-01 15:18:50,15407,15407,15407,2,2
2023-02-01 15:18:50,15407,15407,15407,4,0
2023-02-01 15:18:50,15407,15407,15407,4,0
2023-02-01 15:18:50,15407,15407,15407,4,0
2023-02-01 15:18:50,15405,15405,15405,2,-2
2023-02-01 15:18:50,15407,15407,15407,2,2
2023-02-01 15:18:51,15406,15406,15406,2,-2
2023-02-01 15:18:51,15407,15407,15407,2,2
2023-02-01 15:18:51,15407,15407,15407,2,0
2023-02-01 15:18:51,15407,15407,15407,2,0
2023-02-01 15:18:51,15407,15407,15407,4,0
2023-02-01 15:18:51,15405,15405,15405,2,-2
2023-02-01 15:18:51,15405,15405,15405,2,0
2023-02-01 15:18:51,15405,15405,15405,2,0
2023-02-01 15:18:51,15405,15405,15405,2,0
2023-02-01 15:18:54,15405,15405,15405,2,0
2023-02-01 15:18:54,15404,15404,15404,2,-2
2023-02-01 15:18:54,15404,15404,15404,2,0
2023-02-01 15:18:54,15404,15404,15404,2,0
2023-02-01 15:18:54,15405,15405,15405,2,2
2023-02-01 15:18:55,15405,15405,15405,2,0
2023-02-01 15:18:56,15404,15404,15404,6,-6
2023-02-01 15:19:01,15404,15404,15404,2,0
2023-02-01 15:19:01,15404,15404,15404,2,0
2023-02-01 15:19:02,15404,15404,15404,2,0
2023-02-01 15:19:03,15403,15403,15403,2,-2
2023-02-01 15:19:07,15404,15404,15404,2,2
2023-02-01 15:19:07,15405,15405,15405,6,6
2023-02-01 15:19:10,15405,15405,15405,2,0
2023-02-01 15:19:13,15406,15406,15406,4,4
2023-02-01 15:19:13,15406,15406,15406,4,0
2023-02-01 15:19:14,15406,15406,15406,2,0
2023-02-01 15:19:15,15406,15406,15406,2,0
2023-02-01 15:19:15,15406,15406,15406,2,0
2023-02-01 15:19:16,15406,15406,15406,2,0
2023-02-01 15:19:18,15406,15406,15406,6,0
2023-02-01 15:19:19,15405,15405,15405,2,-2
2023-02-01 15:19:19,15405,15405,15405,4,0
2023-02-01 15:19:20,15406,15406,15406,2,2
2023-02-01 15:19:23,15405,15405,15405,2,-2
2023-02-01 15:19:26,15406,15406,15406,2,2
2023-02-01 15:19:32,15406,15406,15406,8,0
2023-02-01 15:19:34,15406,15406,15406,2,0
2023-02-01 15:19:34,15406,15406,15406,16,0
2023-02-01 15:19:35,15406,15406,15406,2,0
2023-02-01 15:19:35,15405,15405,15405,2,-2
2023-02-01 15:19:35,15405,15405,15405,2,0
2023-02-01 15:19:35,15405,15405,15405,4,0
2023-02-01 15:19:35,15405,15405,15405,2,0
2023-02-01 15:19:38,15405,15405,15405,2,0
2023-02-01 15:19:38,15405,15405,15405,4,0
2023-02-01 15:19:39,15405,15405,15405,6,0
2023-02-01 15:19:40,15405,15405,15405,2,0
2023-02-01 15:19:40,15405,15405,15405,2,0
2023-02-01 15:19:40,15405,15405,15405,2,0
2023-02-01 15:19:43,15405,15405,15405,2,0
2023-02-01 15:19:43,15406,15406,15406,4,4
2023-02-01 15:19:50,15405,15405,15405,4,-4
2023-02-01 15:19:54,15406,15406,15406,2,2
2023-02-01 15:19:58,15406,15406,15406,2,0
2023-02-01 15:19:58,15405,15405,15405,2,-2
2023-02-01 15:20:02,15406,15406,15406,2,2
2023-02-01 15:20:02,15406,15406,15406,4,0
2023-02-01 15:20:02,15406,15406,15406,2,0
2023-02-01 15:20:02,15407,15407,15407,2,2
2023-02-01 15:20:02,15407,15407,15407,4,0
2023-02-01 15:20:02,15407,15407,15407,14,0
2023-02-01 15:20:02,15407,15407,15407,2,0
2023-02-01 15:20:02,15407,15407,15407,4,0
2023-02-01 15:20:04,15407,15407,15407,2,0
2023-02-01 15:20:04,15408,15408,15408,2,2
2023-02-01 15:20:04,15408,15408,15408,2,0
2023-02-01 15:20:04,15408,15408,15408,2,0
2023-02-01 15:20:04,15408,15408,15408,4,0
2023-02-01 15:20:04,15408,15408,15408,4,0
2023-02-01 15:20:04,15408,15408,15408,4,0
2023-02-01 15:20:04,15408,15408,15408,4,0
2023-02-01 15:20:05,15408,15408,15408,2,0
2023-02-01 15:20:05,15408,15408,15408,2,0
2023-02-01 15:20:07,15408,15408,15408,4,0
2023-02-01 15:20:08,15408,15408,15408,2,0
2023-02-01 15:20:08,15408,15408,15408,2,0
2023-02-01 15:20:12,15408,15408,15408,2,0
2023-02-01 15:20:12,15408,15408,15408,2,0
2023-02-01 15:20:12,15408,15408,15408,2,0
2023-02-01 15:20:12,15408,15408,15408,2,0
2023-02-01 15:20:12,15408,15408,15408,2,0
2023-02-01 15:20:12,15408,15408,15408,2,0
2023-02-01 15:20:13,15408,15408,15408,2,0
2023-02-01 15:20:13,15409,15409,15409,2,2
2023-02-01 15:20:13,15409,15409,15409,4,0
2023-02-01 15:20:13,15409,15409,15409,2,0
2023-02-01 15:20:13,15409,15409,15409,2,0
2023-02-01 15:20:14,15409,15409,15409,2,0
2023-02-01 15:20:14,15409,15409,15409,2,0
2023-02-01 15:20:14,15409,15409,15409,2,0
2023-02-01 15:20:18,15408,15408,15408,2,-2
2023-02-01 15:20:18,15408,15408,15408,14,0
2023-02-01 15:20:18,15409,15409,15409,2,2
2023-02-01 15:20:20,15408,15408,15408,2,-2
2023-02-01 15:20:20,15409,15409,15409,2,2
2023-02-01 15:20:21,15408,15408,15408,2,-2
2023-02-01 15:20:24,15407,15407,15407,2,-2
2023-02-01 15:20:24,15407,15407,15407,2,0
2023-02-01 15:20:24,15407,15407,15407,2,0
2023-02-01 15:20:24,15407,15407,15407,2,0
2023-02-01 15:20:24,15408,15408,15408,2,2
2023-02-01 15:20:25,15408,15408,15408,4,0
2023-02-01 15:20:25,15408,15408,15408,2,0
2023-02-01 15:20:27,15406,15406,15406,2,-2
2023-02-01 15:20:27,15407,15407,15407,2,2
2023-02-01 15:20:28,15407,15407,15407,4,0
2023-02-01 15:20:30,15407,15407,15407,2,0
2023-02-01 15:20:30,15408,15408,15408,10,10
2023-02-01 15:20:33,15408,15408,15408,4,0
2023-02-01 15:20:45,15407,15407,15407,2,-2
2023-02-01 15:20:46,15407,15407,15407,2,0
2023-02-01 15:20:48,15407,15407,15407,2,0
2023-02-01 15:20:49,15407,15407,15407,4,0
2023-02-01 15:20:49,15407,15407,15407,2,0
2023-02-01 15:20:52,15407,15407,15407,2,0
2023-02-01 15:20:52,15407,15407,15407,2,0
2023-02-01 15:20:52,15407,15407,15407,2,0
2023-02-01 15:20:55,15408,15408,15408,6,6
2023-02-01 15:20:56,15408,15408,15408,2,0
2023-02-01 15:21:00,15408,15408,15408,2,0
2023-02-01 15:21:00,15407,15407,15407,2,-2
2023-02-01 15:21:01,15407,15407,15407,2,0
2023-02-01 15:21:02,15408,15408,15408,2,2
2023-02-01 15:21:04,15407,15407,15407,2,-2
2023-02-01 15:21:08,15408,15408,15408,2,2
2023-02-01 15:21:10,15408,15408,15408,2,0
2023-02-01 15:21:20,15408,15408,15408,4,0
2023-02-01 15:21:27,15408,15408,15408,2,0
2023-02-01 15:21:32,15407,15407,15407,2,-2
2023-02-01 15:21:34,15407,15407,15407,2,0
2023-02-01 15:21:34,15407,15407,15407,4,0
2023-02-01 15:21:34,15407,15407,15407,4,0
2023-02-01 15:21:34,15407,15407,15407,2,0
2023-02-01 15:21:40,15407,15407,15407,2,0
2023-02-01 15:21:41,15407,15407,15407,2,0
2023-02-01 15:21:41,15407,15407,15407,2,0
2023-02-01 15:21:44,15407,15407,15407,2,0
2023-02-01 15:21:45,15406,15406,15406,2,-2
2023-02-01 15:21:47,15406,15406,15406,4,0
2023-02-01 15:21:48,15407,15407,15407,2,2
2023-02-01 15:21:53,15407,15407,15407,4,0
2023-02-01 15:22:00,15406,15406,15406,2,-2
2023-02-01 15:22:01,15406,15406,15406,2,0
2023-02-01 15:22:05,15406,15406,15406,2,0
2023-02-01 15:22:05,15406,15406,15406,2,0
2023-02-01 15:22:08,15406,15406,15406,2,0
2023-02-01 15:22:11,15406,15406,15406,2,0
2023-02-01 15:22:16,15407,15407,15407,2,2
2023-02-01 15:22:19,15407,15407,15407,2,0
2023-02-01 15:22:26,15406,15406,15406,2,-2
2023-02-01 15:22:26,15406,15406,15406,2,0
2023-02-01 15:22:27,15406,15406,15406,6,0
2023-02-01 15:22:27,15406,15406,15406,8,0
2023-02-01 15:22:27,15406,15406,15406,2,0
2023-02-01 15:22:27,15406,15406,15406,2,0
2023-02-01 15:22:27,15406,15406,15406,4,0
2023-02-01 15:22:27,15406,15406,15406,14,0
2023-02-01 15:22:27,15406,15406,15406,2,0
2023-02-01 15:22:27,15406,15406,15406,2,0
2023-02-01 15:22:27,15406,15406,15406,4,0
2023-02-01 15:22:27,15406,15406,15406,2,0
2023-02-01 15:22:37,15405,15405,15405,2,-2
2023-02-01 15:22:38,15406,15406,15406,2,2
2023-02-01 15:22:41,15406,15406,15406,2,0
2023-02-01 15:22:41,15406,15406,15406,2,0
2023-02-01 15:22:41,15405,15405,15405,2,-2
2023-02-01 15:22:54,15405,15405,15405,2,0
2023-02-01 15:23:00,15405,15405,15405,2,0
2023-02-01 15:23:11,15405,15405,15405,2,0
2023-02-01 15:23:19,15405,15405,15405,2,0
2023-02-01 15:23:25,15406,15406,15406,8,8
2023-02-01 15:23:27,15406,15406,15406,2,0
2023-02-01 15:23:38,15406,15406,15406,2,0
2023-02-01 15:23:38,15406,15406,15406,2,0
2023-02-01 15:23:38,15406,15406,15406,2,0
2023-02-01 15:23:38,15406,15406,15406,2,0
2023-02-01 15:23:38,15406,15406,15406,2,0
2023-02-01 15:23:38,15406,15406,15406,4,0
2023-02-01 15:23:38,15406,15406,15406,2,0
2023-02-01 15:23:43,15407,15407,15407,6,6
2023-02-01 15:23:43,15407,15407,15407,8,0
2023-02-01 15:23:43,15407,15407,15407,6,0
2023-02-01 15:23:43,15407,15407,15407,2,0
2023-02-01 15:23:43,15407,15407,15407,2,0
2023-02-01 15:23:44,15407,15407,15407,4,0
2023-02-01 15:23:47,15407,15407,15407,10,0
2023-02-01 15:23:49,15406,15406,15406,4,-4
2023-02-01 15:23:49,15406,15406,15406,2,0
2023-02-01 15:23:49,15406,15406,15406,2,0
2023-02-01 15:23:49,15406,15406,15406,6,0
2023-02-01 15:23:49,15406,15406,15406,2,0
2023-02-01 15:23:49,15405,15405,15405,2,-2
2023-02-01 15:23:49,15405,15405,15405,2,0
2023-02-01 15:23:49,15405,15405,15405,2,0
2023-02-01 15:23:49,15405,15405,15405,6,0
2023-02-01 15:23:49,15405,15405,15405,2,0
2023-02-01 15:23:49,15405,15405,15405,2,0
2023-02-01 15:23:49,15405,15405,15405,2,0
2023-02-01 15:23:49,15405,15405,15405,2,0
2023-02-01 15:23:49,15405,15405,15405,2,0
2023-02-01 15:23:49,15405,15405,15405,6,0
2023-02-01 15:23:49,15405,15405,15405,4,0
2023-02-01 15:23:49,15405,15405,15405,4,0
2023-02-01 15:23:49,15405,15405,15405,2,0
2023-02-01 15:23:49,15405,15405,15405,2,0
2023-02-01 15:23:49,15405,15405,15405,2,0
2023-02-01 15:23:49,15405,15405,15405,2,0
2023-02-01 15:23:49,15405,15405,15405,2,0
2023-02-01 15:23:49,15405,15405,15405,2,0
2023-02-01 15:23:49,15405,15405,15405,2,0
2023-02-01 15:23:50,15405,15405,15405,2,0
2023-02-01 15:23:58,15405,15405,15405,4,0
2023-02-01 15:23:58,15405,15405,15405,2,0
2023-02-01 15:23:59,15405,15405,15405,4,0
2023-02-01 15:23:59,15405,15405,15405,2,0
2023-02-01 15:24:04,15405,15405,15405,2,0
2023-02-01 15:24:05,15405,15405,15405,2,0
2023-02-01 15:24:13,15405,15405,15405,2,0
2023-02-01 15:24:13,15405,15405,15405,2,0
2023-02-01 15:24:13,15405,15405,15405,2,0
2023-02-01 15:24:13,15405,15405,15405,2,0
2023-02-01 15:24:13,15405,15405,15405,2,0
2023-02-01 15:24:13,15405,15405,15405,2,0
2023-02-01 15:24:15,15406,15406,15406,2,2
2023-02-01 15:24:18,15406,15406,15406,2,0
2023-02-01 15:24:20,15406,15406,15406,8,0
2023-02-01 15:24:20,15407,15407,15407,2,2
2023-02-01 15:24:22,15406,15406,15406,2,-2
2023-02-01 15:24:26,15407,15407,15407,6,6
2023-02-01 15:24:26,15408,15408,15408,2,2
2023-02-01 15:24:26,15408,15408,15408,12,0
2023-02-01 15:24:26,15408,15408,15408,2,0
2023-02-01 15:24:26,15408,15408,15408,2,0
2023-02-01 15:24:26,15408,15408,15408,6,0
2023-02-01 15:24:27,15409,15409,15409,2,2
2023-02-01 15:24:27,15409,15409,15409,2,0
2023-02-01 15:24:27,15410,15410,15410,2,2
2023-02-01 15:24:27,15410,15410,15410,2,0
2023-02-01 15:24:50,15408,15408,15408,4,-4
2023-02-01 15:24:50,15408,15408,15408,2,0
2023-02-01 15:24:50,15408,15408,15408,2,0
2023-02-01 15:24:50,15407,15407,15407,2,-2
2023-02-01 15:25:01,15407,15407,15407,2,0
2023-02-01 15:25:01,15407,15407,15407,2,0
2023-02-01 15:25:01,15406,15406,15406,2,-2
2023-02-01 15:25:01,15406,15406,15406,2,0
2023-02-01 15:25:06,15406,15406,15406,2,0
2023-02-01 15:25:06,15406,15406,15406,2,0
2023-02-01 15:25:06,15406,15406,15406,4,0
2023-02-01 15:25:06,15406,15406,15406,2,0
2023-02-01 15:25:06,15406,15406,15406,4,0
2023-02-01 15:25:18,15405,15405,15405,2,-2
2023-02-01 15:25:21,15405,15405,15405,2,0
2023-02-01 15:25:21,15405,15405,15405,2,0
2023-02-01 15:25:23,15405,15405,15405,2,0
2023-02-01 15:25:23,15405,15405,15405,2,0
2023-02-01 15:25:26,15405,15405,15405,2,0
2023-02-01 15:25:26,15405,15405,15405,2,0
2023-02-01 15:25:32,15404,15404,15404,2,-2
2023-02-01 15:25:35,15404,15404,15404,2,0
2023-02-01 15:25:35,15404,15404,15404,2,0
2023-02-01 15:25:36,15404,15404,15404,2,0
2023-02-01 15:25:36,15404,15404,15404,2,0
2023-02-01 15:25:38,15404,15404,15404,2,0
2023-02-01 15:25:39,15405,15405,15405,2,2
2023-02-01 15:25:46,15404,15404,15404,2,-2
2023-02-01 15:25:48,15404,15404,15404,2,0
2023-02-01 15:25:48,15404,15404,15404,2,0
2023-02-01 15:25:48,15403,15403,15403,2,-2
2023-02-01 15:25:48,15403,15403,15403,4,0
2023-02-01 15:25:48,15403,15403,15403,2,0
2023-02-01 15:25:48,15403,15403,15403,2,0
2023-02-01 15:25:48,15403,15403,15403,2,0
2023-02-01 15:25:48,15403,15403,15403,2,0
2023-02-01 15:25:48,15403,15403,15403,2,0
2023-02-01 15:25:59,15404,15404,15404,2,2
2023-02-01 15:25:59,15404,15404,15404,2,0
2023-02-01 15:26:04,15404,15404,15404,2,0
2023-02-01 15:26:07,15404,15404,15404,2,0
2023-02-01 15:26:08,15404,15404,15404,2,0
2023-02-01 15:26:10,15405,15405,15405,2,2
2023-02-01 15:26:37,15404,15404,15404,2,-2
2023-02-01 15:26:38,15404,15404,15404,2,0
2023-02-01 15:26:38,15403,15403,15403,2,-2
2023-02-01 15:26:39,15404,15404,15404,2,2
2023-02-01 15:26:40,15403,15403,15403,2,-2
2023-02-01 15:26:46,15405,15405,15405,4,4
2023-02-01 15:26:46,15405,15405,15405,2,0
2023-02-01 15:26:46,15405,15405,15405,2,0
2023-02-01 15:26:46,15405,15405,15405,2,0
2023-02-01 15:26:46,15405,15405,15405,4,0
2023-02-01 15:26:47,15404,15404,15404,2,-2
2023-02-01 15:26:49,15405,15405,15405,2,2
2023-02-01 15:27:13,15405,15405,15405,2,0
2023-02-01 15:27:26,15406,15406,15406,12,12
2023-02-01 15:27:31,15405,15405,15405,2,-2
2023-02-01 15:27:32,15406,15406,15406,2,2
2023-02-01 15:27:37,15406,15406,15406,2,0
2023-02-01 15:27:39,15407,15407,15407,4,4
2023-02-01 15:27:39,15406,15406,15406,2,-2
2023-02-01 15:28:09,15408,15408,15408,4,4
2023-02-01 15:28:09,15408,15408,15408,2,0
2023-02-01 15:28:14,15408,15408,15408,4,0
2023-02-01 15:28:14,15409,15409,15409,2,2
2023-02-01 15:28:14,15410,15410,15410,2,2
2023-02-01 15:28:14,15410,15410,15410,8,0
2023-02-01 15:28:15,15410,15410,15410,2,0
2023-02-01 15:28:15,15410,15410,15410,2,0
2023-02-01 15:28:15,15410,15410,15410,4,0
2023-02-01 15:28:15,15410,15410,15410,12,0
2023-02-01 15:28:15,15410,15410,15410,2,0
2023-02-01 15:28:16,15410,15410,15410,2,0
2023-02-01 15:28:17,15409,15409,15409,2,-2
2023-02-01 15:28:21,15409,15409,15409,4,0
2023-02-01 15:28:23,15408,15408,15408,4,-4
2023-02-01 15:28:23,15408,15408,15408,2,0
2023-02-01 15:28:25,15409,15409,15409,4,4
2023-02-01 15:28:30,15408,15408,15408,2,-2
2023-02-01 15:28:30,15408,15408,15408,4,0
2023-02-01 15:28:30,15408,15408,15408,2,0
2023-02-01 15:28:31,15407,15407,15407,2,-2
2023-02-01 15:28:31,15407,15407,15407,2,0
2023-02-01 15:28:36,15406,15406,15406,2,-2
2023-02-01 15:28:36,15406,15406,15406,2,0
2023-02-01 15:29:00,15405,15405,15405,2,-2
2023-02-01 15:29:00,15405,15405,15405,2,0
2023-02-01 15:29:07,15405,15405,15405,2,0
2023-02-01 15:29:10,15405,15405,15405,2,0
2023-02-01 15:29:11,15405,15405,15405,2,0
2023-02-01 15:29:21,15405,15405,15405,2,0
2023-02-01 15:29:30,15406,15406,15406,2,2
2023-02-01 15:29:35,15406,15406,15406,4,0
2023-02-01 15:29:47,15407,15407,15407,2,2
2023-02-01 15:29:52,15408,15408,15408,2,2
2023-02-01 15:29:55,15409,15409,15409,4,4
2023-02-01 15:29:56,15407,15407,15407,2,-2
2023-02-01 15:29:57,15408,15408,15408,2,2
2023-02-01 15:29:57,15408,15408,15408,2,0
2023-02-01 15:30:02,15407,15407,15407,4,-4
2023-02-01 15:30:03,15408,15408,15408,6,6
2023-02-01 15:30:05,15408,15408,15408,2,0
2023-02-01 15:30:05,15408,15408,15408,2,0
2023-02-01 15:30:11,15406,15406,15406,2,-2
2023-02-01 15:30:12,15407,15407,15407,4,4
2023-02-01 15:30:12,15407,15407,15407,2,0
2023-02-01 15:30:14,15406,15406,15406,2,-2
2023-02-01 15:30:14,15406,15406,15406,2,0
2023-02-01 15:30:19,15407,15407,15407,2,2
2023-02-01 15:30:26,15407,15407,15407,2,0
2023-02-01 15:30:27,15408,15408,15408,2,2
2023-02-01 15:30:50,15407,15407,15407,2,-2
2023-02-01 15:30:50,15407,15407,15407,2,0
2023-02-01 15:30:51,15406,15406,15406,2,-2
2023-02-01 15:30:59,15405,15405,15405,2,-2
2023-02-01 15:30:59,15405,15405,15405,2,0
2023-02-01 15:30:59,15405,15405,15405,2,0
2023-02-01 15:31:20,15405,15405,15405,4,0
2023-02-01 15:31:20,15406,15406,15406,4,4
2023-02-01 15:31:25,15405,15405,15405,2,-2
2023-02-01 15:31:25,15405,15405,15405,2,0
2023-02-01 15:31:28,15406,15406,15406,2,2
2023-02-01 15:31:28,15406,15406,15406,2,0
2023-02-01 15:31:31,15407,15407,15407,2,2
2023-02-01 15:31:37,15405,15405,15405,18,-18
2023-02-01 15:31:37,15405,15405,15405,2,0
2023-02-01 15:31:37,15404,15404,15404,2,-2
2023-02-01 15:31:37,15404,15404,15404,2,0
2023-02-01 15:31:37,15404,15404,15404,4,0
2023-02-01 15:31:37,15404,15404,15404,2,0
2023-02-01 15:31:37,15404,15404,15404,2,0
2023-02-01 15:31:37,15404,15404,15404,2,0
2023-02-01 15:31:37,15404,15404,15404,4,0
2023-02-01 15:31:37,15403,15403,15403,2,-2
2023-02-01 15:31:39,15403,15403,15403,4,0
2023-02-01 15:31:39,15403,15403,15403,2,0
2023-02-01 15:31:39,15403,15403,15403,2,0
2023-02-01 15:31:39,15403,15403,15403,2,0
2023-02-01 15:31:39,15403,15403,15403,2,0
2023-02-01 15:31:39,15403,15403,15403,2,0
2023-02-01 15:31:39,15403,15403,15403,2,0
2023-02-01 15:31:39,15403,15403,15403,4,0
2023-02-01 15:31:39,15403,15403,15403,2,0
2023-02-01 15:31:39,15403,15403,15403,2,0
2023-02-01 15:31:39,15403,15403,15403,2,0
2023-02-01 15:31:39,15403,15403,15403,2,0
2023-02-01 15:31:39,15403,15403,15403,2,0
2023-02-01 15:31:39,15403,15403,15403,2,0
2023-02-01 15:31:39,15403,15403,15403,2,0
2023-02-01 15:31:39,15403,15403,15403,2,0
2023-02-01 15:31:39,15403,15403,15403,4,0
2023-02-01 15:31:42,15403,15403,15403,2,0
2023-02-01 15:31:45,15404,15404,15404,4,4
2023-02-01 15:31:57,15404,15404,15404,2,0
2023-02-01 15:31:58,15404,15404,15404,2,0
2023-02-01 15:32:08,15404,15404,15404,2,0
2023-02-01 15:32:08,15405,15405,15405,2,2
2023-02-01 15:32:08,15405,15405,15405,2,0
2023-02-01 15:32:08,15404,15404,15404,2,-2
2023-02-01 15:32:08,15404,15404,15404,2,0
2023-02-01 15:32:20,15403,15403,15403,2,-2
2023-02-01 15:32:20,15403,15403,15403,2,0
2023-02-01 15:32:31,15403,15403,15403,2,0
2023-02-01 15:32:31,15403,15403,15403,2,0
2023-02-01 15:32:31,15404,15404,15404,2,2
2023-02-01 15:33:12,15405,15405,15405,4,4
2023-02-01 15:33:12,15405,15405,15405,8,0
2023-02-01 15:33:12,15405,15405,15405,4,0
2023-02-01 15:33:12,15405,15405,15405,2,0
2023-02-01 15:33:12,15405,15405,15405,2,0
2023-02-01 15:33:12,15406,15406,15406,34,34
2023-02-01 15:33:19,15406,15406,15406,2,0
2023-02-01 15:33:20,15406,15406,15406,2,0
2023-02-01 15:33:29,15405,15405,15405,2,-2
2023-02-01 15:33:32,15407,15407,15407,10,10
2023-02-01 15:33:51,15406,15406,15406,2,-2
2023-02-01 15:33:58,15406,15406,15406,2,0
2023-02-01 15:33:58,15407,15407,15407,4,4
2023-02-01 15:34:00,15406,15406,15406,2,-2
2023-02-01 15:34:00,15406,15406,15406,2,0
2023-02-01 15:34:00,15406,15406,15406,2,0
2023-02-01 15:34:00,15406,15406,15406,2,0
2023-02-01 15:34:00,15406,15406,15406,2,0
2023-02-01 15:34:00,15406,15406,15406,2,0
2023-02-01 15:34:04,15406,15406,15406,2,0
2023-02-01 15:34:07,15407,15407,15407,2,2
2023-02-01 15:34:11,15407,15407,15407,4,0
2023-02-01 15:34:19,15406,15406,15406,2,-2
2023-02-01 15:34:20,15405,15405,15405,2,-2
2023-02-01 15:34:20,15405,15405,15405,2,0
2023-02-01 15:34:20,15405,15405,15405,2,0
2023-02-01 15:34:20,15405,15405,15405,2,0
2023-02-01 15:34:20,15405,15405,15405,2,0
2023-02-01 15:34:41,15406,15406,15406,4,4
2023-02-01 15:34:41,15406,15406,15406,6,0
2023-02-01 15:34:49,15406,15406,15406,4,0
2023-02-01 15:34:55,15406,15406,15406,4,0
2023-02-01 15:34:56,15406,15406,15406,2,0
2023-02-01 15:35:00,15405,15405,15405,2,-2
2023-02-01 15:35:00,15405,15405,15405,2,0
2023-02-01 15:35:07,15405,15405,15405,2,0
2023-02-01 15:35:10,15404,15404,15404,2,-2
2023-02-01 15:35:10,15404,15404,15404,2,0
2023-02-01 15:35:10,15404,15404,15404,2,0
2023-02-01 15:35:15,15404,15404,15404,2,0
2023-02-01 15:35:20,15403,15403,15403,6,-6
2023-02-01 15:35:30,15404,15404,15404,2,2
2023-02-01 15:35:31,15403,15403,15403,2,-2
2023-02-01 15:35:31,15403,15403,15403,2,0
2023-02-01 15:35:54,15403,15403,15403,2,0
2023-02-01 15:35:54,15403,15403,15403,2,0
2023-02-01 15:35:55,15403,15403,15403,2,0
2023-02-01 15:36:01,15402,15402,15402,2,-2
2023-02-01 15:36:02,15402,15402,15402,2,0
2023-02-01 15:36:17,15403,15403,15403,2,2
2023-02-01 15:36:18,15403,15403,15403,2,0
2023-02-01 15:36:18,15404,15404,15404,4,4
2023-02-01 15:36:24,15402,15402,15402,2,-2
2023-02-01 15:36:24,15402,15402,15402,2,0
2023-02-01 15:36:24,15402,15402,15402,2,0
2023-02-01 15:36:29,15403,15403,15403,2,2
2023-02-01 15:36:40,15402,15402,15402,2,-2
2023-02-01 15:36:43,15403,15403,15403,4,4
2023-02-01 15:36:45,15403,15403,15403,2,0
2023-02-01 15:36:50,15403,15403,15403,2,0
2023-02-01 15:36:52,15403,15403,15403,2,0
2023-02-01 15:37:00,15402,15402,15402,2,-2
2023-02-01 15:37:05,15402,15402,15402,4,0
2023-02-01 15:37:05,15402,15402,15402,2,0
2023-02-01 15:37:05,15402,15402,15402,2,0
2023-02-01 15:37:05,15402,15402,15402,2,0
2023-02-01 15:37:05,15402,15402,15402,4,0
2023-02-01 15:37:05,15402,15402,15402,2,0
2023-02-01 15:37:05,15402,15402,15402,2,0
2023-02-01 15:37:05,15402,15402,15402,2,0
2023-02-01 15:37:10,15402,15402,15402,12,0
2023-02-01 15:37:10,15403,15403,15403,2,2
2023-02-01 15:37:19,15403,15403,15403,2,0
2023-02-01 15:37:19,15402,15402,15402,2,-2
2023-02-01 15:37:19,15402,15402,15402,2,0
2023-02-01 15:37:19,15402,15402,15402,2,0
2023-02-01 15:37:19,15402,15402,15402,32,0
2023-02-01 15:37:20,15402,15402,15402,2,0
2023-02-01 15:37:23,15403,15403,15403,2,2
2023-02-01 15:37:23,15403,15403,15403,2,0
2023-02-01 15:37:23,15403,15403,15403,4,0
2023-02-01 15:37:23,15403,15403,15403,2,0
2023-02-01 15:37:29,15403,15403,15403,2,0
2023-02-01 15:37:33,15402,15402,15402,142,-142
2023-02-01 15:37:33,15402,15402,15402,2,0
2023-02-01 15:37:33,15402,15402,15402,6,0
2023-02-01 15:37:33,15402,15402,15402,2,0
2023-02-01 15:37:33,15402,15402,15402,12,0
2023-02-01 15:37:33,15402,15402,15402,2,0
2023-02-01 15:37:33,15402,15402,15402,8,0
2023-02-01 15:37:33,15402,15402,15402,2,0
2023-02-01 15:37:33,15402,15402,15402,2,0
2023-02-01 15:37:33,15402,15402,15402,2,0
2023-02-01 15:37:33,15402,15402,15402,74,0
2023-02-01 15:37:33,15402,15402,15402,14,0
2023-02-01 15:37:36,15401,15401,15401,2,-2
2023-02-01 15:37:36,15401,15401,15401,2,0
2023-02-01 15:37:36,15401,15401,15401,2,0
2023-02-01 15:37:36,15401,15401,15401,4,0
2023-02-01 15:37:38,15402,15402,15402,2,2
2023-02-01 15:37:39,15401,15401,15401,2,-2
2023-02-01 15:37:39,15401,15401,15401,4,0
2023-02-01 15:37:39,15401,15401,15401,10,0
2023-02-01 15:37:39,15401,15401,15401,4,0
2023-02-01 15:37:39,15401,15401,15401,14,0
2023-02-01 15:37:39,15401,15401,15401,2,0
2023-02-01 15:37:39,15401,15401,15401,2,0
2023-02-01 15:37:39,15401,15401,15401,2,0
2023-02-01 15:37:39,15401,15401,15401,8,0
2023-02-01 15:37:39,15401,15401,15401,4,0
2023-02-01 15:37:39,15401,15401,15401,4,0
2023-02-01 15:37:39,15401,15401,15401,4,0
2023-02-01 15:37:39,15401,15401,15401,2,0
2023-02-01 15:37:39,15401,15401,15401,4,0
2023-02-01 15:37:39,15400,15400,15400,2,-2
2023-02-01 15:37:39,15400,15400,15400,2,0
2023-02-01 15:37:40,15400,15400,15400,2,0
2023-02-01 15:37:40,15400,15400,15400,2,0
2023-02-01 15:37:40,15400,15400,15400,2,0
2023-02-01 15:37:44,15400,15400,15400,2,0
2023-02-01 15:37:44,15400,15400,15400,2,0
2023-02-01 15:37:46,15401,15401,15401,2,2
2023-02-01 15:37:46,15401,15401,15401,2,0
2023-02-01 15:38:03,15401,15401,15401,2,0
2023-02-01 15:38:06,15400,15400,15400,2,-2
2023-02-01 15:38:06,15400,15400,15400,2,0
2023-02-01 15:38:06,15400,15400,15400,2,0
2023-02-01 15:38:06,15400,15400,15400,2,0
2023-02-01 15:38:09,15400,15400,15400,2,0
2023-02-01 15:38:13,15400,15400,15400,2,0
2023-02-01 15:38:18,15400,15400,15400,2,0
2023-02-01 15:38:18,15400,15400,15400,2,0
2023-02-01 15:38:18,15400,15400,15400,2,0
2023-02-01 15:38:18,15400,15400,15400,2,0
2023-02-01 15:38:18,15400,15400,15400,2,0
2023-02-01 15:38:18,15400,15400,15400,2,0
2023-02-01 15:38:18,15400,15400,15400,2,0
2023-02-01 15:38:18,15400,15400,15400,2,0
2023-02-01 15:38:19,15399,15399,15399,2,-2
2023-02-01 15:38:20,15399,15399,15399,2,0
2023-02-01 15:38:21,15399,15399,15399,2,0
2023-02-01 15:38:23,15399,15399,15399,2,0
2023-02-01 15:38:24,15399,15399,15399,2,0
2023-02-01 15:38:28,15399,15399,15399,2,0
2023-02-01 15:38:29,15399,15399,15399,2,0
2023-02-01 15:38:29,15399,15399,15399,2,0
2023-02-01 15:38:40,15399,15399,15399,2,0
2023-02-01 15:38:45,15398,15398,15398,2,-2
2023-02-01 15:38:46,15398,15398,15398,2,0
2023-02-01 15:38:46,15398,15398,15398,2,0
2023-02-01 15:38:46,15398,15398,15398,2,0
2023-02-01 15:38:46,15398,15398,15398,2,0
2023-02-01 15:38:50,15398,15398,15398,2,0
2023-02-01 15:38:56,15398,15398,15398,4,0
2023-02-01 15:38:58,15398,15398,15398,4,0
2023-02-01 15:39:04,15399,15399,15399,4,4
2023-02-01 15:39:04,15398,15398,15398,2,-2
2023-02-01 15:39:04,15399,15399,15399,2,2
2023-02-01 15:39:04,15399,15399,15399,6,0
2023-02-01 15:39:04,15399,15399,15399,2,0
2023-02-01 15:39:04,15399,15399,15399,2,0
2023-02-01 15:39:04,15399,15399,15399,2,0
2023-02-01 15:39:04,15399,15399,15399,12,0
2023-02-01 15:39:06,15399,15399,15399,2,0
2023-02-01 15:39:06,15400,15400,15400,2,2
2023-02-01 15:39:06,15400,15400,15400,2,0
2023-02-01 15:39:17,15400,15400,15400,4,0
2023-02-01 15:39:18,15401,15401,15401,2,2
2023-02-01 15:39:23,15400,15400,15400,2,-2
2023-02-01 15:39:23,15400,15400,15400,2,0
2023-02-01 15:39:25,15401,15401,15401,2,2
2023-02-01 15:39:27,15401,15401,15401,2,0
2023-02-01 15:39:28,15401,15401,15401,2,0
2023-02-01 15:39:28,15401,15401,15401,2,0
2023-02-01 15:39:28,15401,15401,15401,2,0
2023-02-01 15:39:31,15402,15402,15402,8,8
2023-02-01 15:39:43,15403,15403,15403,2,2
2023-02-01 15:39:43,15403,15403,15403,2,0
2023-02-01 15:39:43,15403,15403,15403,2,0
2023-02-01 15:39:45,15403,15403,15403,2,0
2023-02-01 15:39:45,15403,15403,15403,2,0
2023-02-01 15:39:57,15404,15404,15404,2,2
2023-02-01 15:39:58,15402,15402,15402,2,-2
2023-02-01 15:40:05,15403,15403,15403,2,2
2023-02-01 15:40:06,15402,15402,15402,2,-2
2023-02-01 15:40:07,15402,15402,15402,2,0
2023-02-01 15:40:32,15402,15402,15402,2,0
2023-02-01 15:40:51,15402,15402,15402,2,0
2023-02-01 15:40:52,15402,15402,15402,4,0
2023-02-01 15:40:52,15403,15403,15403,2,2
2023-02-01 15:40:58,15402,15402,15402,2,-2
2023-02-01 15:41:06,15402,15402,15402,2,0
2023-02-01 15:41:07,15402,15402,15402,2,0
2023-02-01 15:41:11,15401,15401,15401,2,-2
2023-02-01 15:41:11,15402,15402,15402,2,2
2023-02-01 15:41:18,15400,15400,15400,2,-2
2023-02-01 15:41:35,15400,15400,15400,2,0
2023-02-01 15:41:49,15400,15400,15400,2,0
2023-02-01 15:41:53,15401,15401,15401,2,2
2023-02-01 15:41:53,15401,15401,15401,2,0
2023-02-01 15:42:27,15402,15402,15402,2,2
2023-02-01 15:42:27,15402,15402,15402,2,0
2023-02-01 15:42:27,15402,15402,15402,2,0
2023-02-01 15:42:38,15402,15402,15402,2,0
2023-02-01 15:42:38,15402,15402,15402,2,0
2023-02-01 15:42:38,15402,15402,15402,2,0
2023-02-01 15:42:45,15402,15402,15402,2,0
2023-02-01 15:42:49,15403,15403,15403,4,4
2023-02-01 15:43:15,15402,15402,15402,2,-2
2023-02-01 15:43:16,15403,15403,15403,2,2
2023-02-01 15:43:24,15403,15403,15403,4,0
2023-02-01 15:43:27,15403,15403,15403,4,0
2023-02-01 15:43:48,15403,15403,15403,2,0
2023-02-01 15:44:04,15402,15402,15402,2,-2
2023-02-01 15:44:04,15403,15403,15403,2,2
2023-02-01 15:44:04,15404,15404,15404,2,2
2023-02-01 15:44:04,15404,15404,15404,4,0
2023-02-01 15:44:04,15404,15404,15404,2,0
2023-02-01 15:44:04,15404,15404,15404,2,0
2023-02-01 15:44:04,15404,15404,15404,2,0
2023-02-01 15:44:04,15405,15405,15405,4,4
2023-02-01 15:44:25,15403,15403,15403,4,-4
2023-02-01 15:44:25,15403,15403,15403,2,0
2023-02-01 15:44:26,15404,15404,15404,2,2
2023-02-01 15:44:44,15403,15403,15403,2,-2
2023-02-01 15:44:55,15404,15404,15404,2,2
2023-02-01 15:45:17,15403,15403,15403,2,-2
2023-02-01 15:45:18,15404,15404,15404,2,2
2023-02-01 15:45:18,15402,15402,15402,2,-2
2023-02-01 15:45:18,15402,15402,15402,2,0
2023-02-01 15:45:55,15403,15403,15403,2,2
2023-02-01 15:46:05,15404,15404,15404,2,2
2023-02-01 15:46:17,15404,15404,15404,2,0
2023-02-01 15:46:17,15404,15404,15404,12,0
2023-02-01 15:46:21,15405,15405,15405,4,4
2023-02-01 15:46:21,15405,15405,15405,6,0
2023-02-01 15:46:21,15405,15405,15405,4,0
2023-02-01 15:46:21,15405,15405,15405,2,0
2023-02-01 15:46:21,15405,15405,15405,4,0
2023-02-01 15:46:21,15405,15405,15405,6,0
2023-02-01 15:46:51,15405,15405,15405,4,0
2023-02-01 15:46:53,15406,15406,15406,2,2
2023-02-01 15:46:54,15407,15407,15407,14,14
2023-02-01 15:46:54,15407,15407,15407,2,0
2023-02-01 15:46:55,15405,15405,15405,2,-2
2023-02-01 15:46:55,15405,15405,15405,2,0
2023-02-01 15:46:55,15405,15405,15405,2,0
2023-02-01 15:46:55,15405,15405,15405,4,0
2023-02-01 15:47:01,15406,15406,15406,2,2
2023-02-01 15:47:02,15406,15406,15406,2,0
2023-02-01 15:47:09,15406,15406,15406,2,0
2023-02-01 15:47:25,15406,15406,15406,2,0
2023-02-01 15:47:44,15406,15406,15406,2,0
2023-02-01 15:47:44,15406,15406,15406,2,0
2023-02-01 15:47:44,15406,15406,15406,2,0
2023-02-01 15:48:00,15405,15405,15405,2,-2
2023-02-01 15:48:00,15405,15405,15405,2,0
2023-02-01 15:48:00,15405,15405,15405,4,0
2023-02-01 15:48:00,15405,15405,15405,4,0
2023-02-01 15:48:00,15405,15405,15405,2,0
2023-02-01 15:48:00,15405,15405,15405,2,0
2023-02-01 15:48:00,15405,15405,15405,2,0
2023-02-01 15:48:01,15405,15405,15405,2,0
2023-02-01 15:48:26,15405,15405,15405,6,0
2023-02-01 15:49:09,15404,15404,15404,2,-2
2023-02-01 15:49:11,15404,15404,15404,2,0
2023-02-01 15:49:12,15405,15405,15405,2,2
2023-02-01 15:49:52,15404,15404,15404,2,-2
2023-02-01 15:50:12,15403,15403,15403,2,-2
2023-02-01 15:50:13,15404,15404,15404,2,2
2023-02-01 15:50:18,15404,15404,15404,2,0
2023-02-01 15:50:19,15403,15403,15403,2,-2
2023-02-01 15:50:19,15403,15403,15403,2,0
2023-02-01 15:50:19,15403,15403,15403,2,0
2023-02-01 15:50:19,15403,15403,15403,2,0
2023-02-01 15:50:19,15403,15403,15403,2,0
2023-02-01 15:50:22,15403,15403,15403,2,0
2023-02-01 15:50:46,15403,15403,15403,2,0
2023-02-01 15:51:31,15402,15402,15402,2,-2
2023-02-01 15:51:31,15402,15402,15402,2,0
2023-02-01 15:51:31,15402,15402,15402,2,0
2023-02-01 15:51:31,15402,15402,15402,2,0
2023-02-01 15:51:31,15402,15402,15402,6,0
2023-02-01 15:51:32,15401,15401,15401,2,-2
2023-02-01 15:51:32,15401,15401,15401,2,0
2023-02-01 15:51:32,15401,15401,15401,2,0
2023-02-01 15:51:32,15401,15401,15401,2,0
2023-02-01 15:51:32,15401,15401,15401,2,0
2023-02-01 15:51:42,15401,15401,15401,2,0
2023-02-01 15:51:42,15401,15401,15401,2,0
2023-02-01 15:52:04,15400,15400,15400,2,-2
2023-02-01 15:52:04,15400,15400,15400,2,0
2023-02-01 15:52:04,15400,15400,15400,2,0
2023-02-01 15:52:04,15400,15400,15400,2,0
2023-02-01 15:52:06,15401,15401,15401,2,2
2023-02-01 15:52:07,15401,15401,15401,2,0
2023-02-01 15:52:07,15401,15401,15401,2,0
2023-02-01 15:52:09,15400,15400,15400,2,-2
2023-02-01 15:52:23,15400,15400,15400,2,0
2023-02-01 15:52:31,15401,15401,15401,2,2
2023-02-01 15:52:41,15403,15403,15403,4,4
2023-02-01 15:53:09,15403,15403,15403,4,0
2023-02-01 15:53:09,15403,15403,15403,2,0
2023-02-01 15:53:09,15403,15403,15403,2,0
2023-02-01 15:53:34,15403,15403,15403,2,0
2023-02-01 15:53:39,15403,15403,15403,2,0
2023-02-01 15:53:46,15403,15403,15403,2,0
2023-02-01 15:54:04,15402,15402,15402,2,-2
2023-02-01 15:54:49,15401,15401,15401,2,-2
2023-02-01 15:55:00,15402,15402,15402,2,2
2023-02-01 15:55:00,15402,15402,15402,2,0
2023-02-01 15:55:00,15402,15402,15402,18,0
2023-02-01 15:55:13,15401,15401,15401,2,-2
2023-02-01 15:55:13,15401,15401,15401,2,0
2023-02-01 15:55:13,15401,15401,15401,2,0
2023-02-01 15:55:13,15401,15401,15401,2,0
2023-02-01 15:55:13,15401,15401,15401,2,0
2023-02-01 15:55:15,15402,15402,15402,6,6
2023-02-01 15:55:30,15402,15402,15402,2,0
2023-02-01 15:55:42,15402,15402,15402,2,0
2023-02-01 15:55:44,15403,15403,15403,2,2
2023-02-01 15:56:00,15404,15404,15404,2,2
2023-02-01 15:56:20,15404,15404,15404,2,0
2023-02-01 15:56:20,15404,15404,15404,2,0
2023-02-01 15:56:21,15403,15403,15403,2,-2
2023-02-01 15:56:34,15404,15404,15404,2,2
2023-02-01 15:56:52,15404,15404,15404,2,0
2023-02-01 15:56:52,15404,15404,15404,2,0
2023-02-01 15:57:17,15404,15404,15404,2,0
2023-02-01 15:57:18,15404,15404,15404,2,0
2023-02-01 15:57:43,15405,15405,15405,2,2
2023-02-01 15:57:43,15405,15405,15405,2,0
2023-02-01 15:57:43,15405,15405,15405,2,0
2023-02-01 15:57:43,15405,15405,15405,2,0
2023-02-01 15:57:43,15405,15405,15405,2,0
2023-02-01 15:57:43,15405,15405,15405,8,0
2023-02-01 15:57:43,15405,15405,15405,2,0
2023-02-01 15:57:43,15405,15405,15405,2,0
2023-02-01 15:57:43,15405,15405,15405,8,0
2023-02-01 15:57:43,15405,15405,15405,2,0
2023-02-01 15:57:43,15405,15405,15405,2,0
2023-02-01 15:57:44,15406,15406,15406,2,2
2023-02-01 15:57:49,15406,15406,15406,24,0
2023-02-01 15:57:59,15406,15406,15406,2,0
2023-02-01 15:58:01,15407,15407,15407,2,2
2023-02-01 15:58:07,15406,15406,15406,2,-2
2023-02-01 15:58:07,15406,15406,15406,2,0
2023-02-01 15:58:09,15406,15406,15406,2,0
2023-02-01 15:58:12,15406,15406,15406,2,0
2023-02-01 15:58:14,15406,15406,15406,8,0
2023-02-01 15:58:25,15407,15407,15407,2,2
2023-02-01 15:58:27,15407,15407,15407,2,0
2023-02-01 15:58:36,15406,15406,15406,2,-2
2023-02-01 15:58:42,15405,15405,15405,2,-2
2023-02-01 15:58:45,15404,15404,15404,2,-2
2023-02-01 15:58:49,15405,15405,15405,2,2
2023-02-01 15:58:52,15404,15404,15404,2,-2
2023-02-01 15:58:54,15404,15404,15404,2,0
2023-02-01 15:58:57,15405,15405,15405,4,4
2023-02-01 15:59:04,15405,15405,15405,2,0
2023-02-01 15:59:04,15406,15406,15406,2,2
2023-02-01 15:59:18,15405,15405,15405,2,-2
2023-02-01 15:59:18,15405,15405,15405,2,0
2023-02-01 15:59:18,15404,15404,15404,10,-10
2023-02-01 15:59:18,15404,15404,15404,2,0
2023-02-01 15:59:18,15404,15404,15404,2,0
2023-02-01 15:59:18,15404,15404,15404,2,0
2023-02-01 15:59:18,15404,15404,15404,16,0
2023-02-01 15:59:18,15404,15404,15404,2,0
2023-02-01 15:59:18,15404,15404,15404,2,0
2023-02-01 15:59:18,15404,15404,15404,2,0
2023-02-01 15:59:18,15404,15404,15404,8,0
2023-02-01 15:59:18,15404,15404,15404,12,0
2023-02-01 15:59:19,15404,15404,15404,2,0
2023-02-01 15:59:27,15405,15405,15405,2,2
2023-02-01 15:59:37,15406,15406,15406,2,2
2023-02-01 15:59:43,15405,15405,15405,2,-2
2023-02-01 16:00:00,15405,15405,15405,2,0
2023-02-01 16:00:00,15405,15405,15405,2,0
2023-02-01 16:00:00,15405,15405,15405,2,0
2023-02-01 16:00:00,15405,15405,15405,4,0
2023-02-01 16:00:00,15405,15405,15405,2,0
2023-02-01 16:00:00,15406,15406,15406,2,2
2023-02-01 16:00:00,15404,15404,15404,2,-2
2023-02-01 16:00:00,15406,15406,15406,2,2
2023-02-01 16:00:00,15406,15406,15406,2,0
2023-02-01 16:00:00,15406,15406,15406,4,0
2023-02-01 16:00:01,15405,15405,15405,2,-2
2023-02-01 16:00:01,15405,15405,15405,2,0
2023-02-01 16:00:05,15406,15406,15406,8,8
2023-02-01 16:00:10,15405,15405,15405,2,-2
2023-02-01 16:00:39,15405,15405,15405,2,0
2023-02-01 16:00:50,15406,15406,15406,2,2
2023-02-01 16:00:52,15407,15407,15407,2,2
2023-02-01 16:01:04,15407,15407,15407,6,0
2023-02-01 16:01:04,15407,15407,15407,16,0
2023-02-01 16:01:13,15407,15407,15407,2,0
2023-02-01 16:01:13,15407,15407,15407,2,0
2023-02-01 16:01:26,15407,15407,15407,2,0
2023-02-01 16:01:28,15407,15407,15407,2,0
2023-02-01 16:01:30,15407,15407,15407,2,0
2023-02-01 16:01:31,15407,15407,15407,2,0
2023-02-01 16:01:35,15406,15406,15406,2,-2
2023-02-01 16:01:45,15406,15406,15406,2,0
2023-02-01 16:01:51,15407,15407,15407,4,4
2023-02-01 16:02:01,15407,15407,15407,4,0
2023-02-01 16:02:09,15407,15407,15407,2,0
2023-02-01 16:02:09,15408,15408,15408,2,2
2023-02-01 16:02:09,15408,15408,15408,2,0
2023-02-01 16:02:09,15408,15408,15408,2,0
2023-02-01 16:02:19,15408,15408,15408,2,0
2023-02-01 16:02:21,15407,15407,15407,2,-2
2023-02-01 16:02:22,15408,15408,15408,2,2
2023-02-01 16:02:22,15408,15408,15408,6,0
2023-02-01 16:02:22,15408,15408,15408,18,0
2023-02-01 16:02:22,15408,15408,15408,2,0
2023-02-01 16:02:22,15408,15408,15408,6,0
2023-02-01 16:02:22,15409,15409,15409,28,28
2023-02-01 16:02:22,15410,15410,15410,4,4
2023-02-01 16:02:22,15410,15410,15410,12,0
2023-02-01 16:02:22,15410,15410,15410,2,0
2023-02-01 16:02:22,15410,15410,15410,2,0
2023-02-01 16:02:22,15410,15410,15410,10,0
2023-02-01 16:02:22,15410,15410,15410,2,0
2023-02-01 16:02:22,15410,15410,15410,2,0
2023-02-01 16:02:22,15410,15410,15410,6,0
2023-02-01 16:02:22,15410,15410,15410,8,0
2023-02-01 16:02:22,15410,15410,15410,4,0
2023-02-01 16:02:22,15410,15410,15410,2,0
2023-02-01 16:02:22,15410,15410,15410,2,0
2023-02-01 16:02:22,15410,15410,15410,2,0
2023-02-01 16:02:22,15410,15410,15410,4,0
2023-02-01 16:02:22,15410,15410,15410,2,0
2023-02-01 16:02:22,15410,15410,15410,2,0
2023-02-01 16:02:22,15410,15410,15410,4,0
2023-02-01 16:02:22,15410,15410,15410,30,0
2023-02-01 16:02:22,15411,15411,15411,8,8
2023-02-01 16:02:22,15411,15411,15411,2,0
2023-02-01 16:02:22,15411,15411,15411,2,0
2023-02-01 16:02:22,15412,15412,15412,2,2
2023-02-01 16:02:22,15412,15412,15412,2,0
2023-02-01 16:02:22,15412,15412,15412,2,0
2023-02-01 16:02:22,15412,15412,15412,2,0
2023-02-01 16:02:22,15412,15412,15412,2,0
2023-02-01 16:02:22,15412,15412,15412,2,0
2023-02-01 16:02:22,15412,15412,15412,2,0
2023-02-01 16:02:22,15412,15412,15412,2,0
2023-02-01 16:02:23,15412,15412,15412,2,0
2023-02-01 16:02:23,15412,15412,15412,2,0
2023-02-01 16:02:23,15412,15412,15412,2,0
2023-02-01 16:02:23,15412,15412,15412,2,0
2023-02-01 16:02:23,15412,15412,15412,2,0
2023-02-01 16:02:23,15412,15412,15412,2,0
2023-02-01 16:02:23,15412,15412,15412,2,0
2023-02-01 16:02:23,15413,15413,15413,2,2
2023-02-01 16:02:23,15411,15411,15411,2,-2
2023-02-01 16:02:23,15413,15413,15413,2,2
2023-02-01 16:02:23,15411,15411,15411,2,-2
2023-02-01 16:02:23,15412,15412,15412,6,6
2023-02-01 16:02:23,15412,15412,15412,2,0
2023-02-01 16:02:23,15412,15412,15412,2,0
2023-02-01 16:02:23,15412,15412,15412,2,0
2023-02-01 16:02:23,15412,15412,15412,2,0
2023-02-01 16:02:23,15411,15411,15411,2,-2
2023-02-01 16:02:23,15411,15411,15411,2,0
2023-02-01 16:02:24,15411,15411,15411,2,0
2023-02-01 16:02:24,15411,15411,15411,2,0
2023-02-01 16:02:24,15411,15411,15411,2,0
2023-02-01 16:02:24,15412,15412,15412,2,2
2023-02-01 16:02:24,15412,15412,15412,2,0
2023-02-01 16:02:25,15412,15412,15412,2,0
2023-02-01 16:02:25,15412,15412,15412,2,0
2023-02-01 16:02:26,15410,15410,15410,2,-2
2023-02-01 16:02:26,15410,15410,15410,2,0
2023-02-01 16:02:28,15411,15411,15411,2,2
2023-02-01 16:02:28,15412,15412,15412,2,2
2023-02-01 16:02:30,15412,15412,15412,2,0
2023-02-01 16:02:30,15412,15412,15412,6,0
2023-02-01 16:02:33,15412,15412,15412,2,0
2023-02-01 16:02:33,15412,15412,15412,2,0
2023-02-01 16:02:33,15413,15413,15413,2,2
2023-02-01 16:02:34,15412,15412,15412,2,-2
2023-02-01 16:02:35,15413,15413,15413,6,6
2023-02-01 16:02:36,15413,15413,15413,2,0
2023-02-01 16:02:36,15412,15412,15412,2,-2
2023-02-01 16:02:36,15413,15413,15413,2,2
2023-02-01 16:02:38,15412,15412,15412,2,-2
2023-02-01 16:02:39,15413,15413,15413,8,8
2023-02-01 16:02:40,15413,15413,15413,2,0
2023-02-01 16:02:42,15413,15413,15413,8,0
2023-02-01 16:02:43,15414,15414,15414,6,6
2023-02-01 16:02:43,15413,15413,15413,2,-2
2023-02-01 16:02:45,15413,15413,15413,2,0
2023-02-01 16:02:47,15413,15413,15413,2,0
2023-02-01 16:02:51,15413,15413,15413,2,0
2023-02-01 16:02:53,15412,15412,15412,2,-2
2023-02-01 16:02:53,15412,15412,15412,2,0
2023-02-01 16:02:53,15412,15412,15412,2,0
2023-02-01 16:02:53,15412,15412,15412,2,0
2023-02-01 16:02:53,15412,15412,15412,2,0
2023-02-01 16:02:53,15412,15412,15412,2,0
2023-02-01 16:02:53,15412,15412,15412,2,0
2023-02-01 16:02:54,15412,15412,15412,2,0
2023-02-01 16:02:55,15411,15411,15411,2,-2
2023-02-01 16:02:56,15411,15411,15411,6,0
2023-02-01 16:02:57,15410,15410,15410,2,-2
2023-02-01 16:03:00,15411,15411,15411,2,2
2023-02-01 16:03:00,15412,15412,15412,4,4
2023-02-01 16:03:02,15412,15412,15412,6,0
2023-02-01 16:03:04,15412,15412,15412,6,0
2023-02-01 16:03:05,15412,15412,15412,2,0
2023-02-01 16:03:07,15412,15412,15412,4,0
2023-02-01 16:03:07,15412,15412,15412,6,0
2023-02-01 16:03:07,15413,15413,15413,4,4
2023-02-01 16:03:10,15414,15414,15414,2,2
2023-02-01 16:03:10,15414,15414,15414,6,0
2023-02-01 16:03:12,15414,15414,15414,12,0
2023-02-01 16:03:12,15415,15415,15415,6,6
2023-02-01 16:03:12,15415,15415,15415,2,0
2023-02-01 16:03:13,15415,15415,15415,4,0
2023-02-01 16:03:13,15415,15415,15415,14,0
2023-02-01 16:03:13,15415,15415,15415,4,0
2023-02-01 16:03:13,15414,15414,15414,2,-2
2023-02-01 16:03:15,15415,15415,15415,6,6
2023-02-01 16:03:16,15413,15413,15413,2,-2
2023-02-01 16:03:17,15414,15414,15414,6,6
2023-02-01 16:03:18,15414,15414,15414,2,0
2023-02-01 16:03:18,15414,15414,15414,2,0
2023-02-01 16:03:19,15414,15414,15414,2,0
2023-02-01 16:03:19,15415,15415,15415,4,4
2023-02-01 16:03:20,15414,15414,15414,2,-2
2023-02-01 16:03:20,15415,15415,15415,2,2
2023-02-01 16:03:22,15414,15414,15414,2,-2
2023-02-01 16:03:22,15415,15415,15415,4,4
2023-02-01 16:03:25,15414,15414,15414,2,-2
2023-02-01 16:03:25,15415,15415,15415,4,4
2023-02-01 16:03:25,15415,15415,15415,2,0
2023-02-01 16:03:26,15415,15415,15415,8,0
2023-02-01 16:03:26,15414,15414,15414,4,-4
2023-02-01 16:03:27,15414,15414,15414,6,0
2023-02-01 16:03:28,15413,15413,15413,2,-2
2023-02-01 16:03:28,15413,15413,15413,2,0
2023-02-01 16:03:28,15413,15413,15413,2,0
2023-02-01 16:03:28,15412,15412,15412,2,-2
2023-02-01 16:03:29,15412,15412,15412,6,0
2023-02-01 16:03:30,15411,15411,15411,6,-6
2023-02-01 16:03:30,15411,15411,15411,2,0
2023-02-01 16:03:30,15411,15411,15411,2,0
2023-02-01 16:03:30,15411,15411,15411,2,0
2023-02-01 16:03:30,15410,15410,15410,2,-2
2023-02-01 16:03:31,15411,15411,15411,6,6
2023-02-01 16:03:35,15411,15411,15411,2,0
2023-02-01 16:03:36,15412,15412,15412,6,6
2023-02-01 16:03:37,15412,15412,15412,2,0
2023-02-01 16:03:38,15412,15412,15412,6,0
2023-02-01 16:03:38,15412,15412,15412,2,0
2023-02-01 16:03:39,15411,15411,15411,4,-4
2023-02-01 16:03:41,15412,15412,15412,4,4
2023-02-01 16:03:41,15413,15413,15413,2,2
2023-02-01 16:03:43,15413,15413,15413,6,0
2023-02-01 16:03:46,15412,15412,15412,2,-2
2023-02-01 16:03:47,15412,15412,15412,4,0
2023-02-01 16:03:47,15413,15413,15413,2,2
2023-02-01 16:03:48,15411,15411,15411,2,-2
2023-02-01 16:03:51,15413,15413,15413,2,2
2023-02-01 16:03:56,15413,15413,15413,6,0
2023-02-01 16:04:00,15413,15413,15413,2,0
2023-02-01 16:04:00,15414,15414,15414,4,4
2023-02-01 16:04:05,15412,15412,15412,2,-2
2023-02-01 16:04:05,15412,15412,15412,2,0
2023-02-01 16:04:05,15412,15412,15412,2,0
2023-02-01 16:04:05,15412,15412,15412,2,0
2023-02-01 16:04:05,15413,15413,15413,6,6
2023-02-01 16:04:07,15414,15414,15414,6,6
2023-02-01 16:04:09,15413,15413,15413,6,-6
2023-02-01 16:04:11,15413,15413,15413,4,0
2023-02-01 16:04:11,15413,15413,15413,6,0
2023-02-01 16:04:14,15413,15413,15413,14,0
2023-02-01 16:04:15,15414,15414,15414,4,4
2023-02-01 16:04:15,15414,15414,15414,10,0
2023-02-01 16:04:15,15413,15413,15413,2,-2
2023-02-01 16:04:16,15414,15414,15414,4,4
2023-02-01 16:04:18,15415,15415,15415,6,6
2023-02-01 16:04:19,15413,15413,15413,2,-2
2023-02-01 16:04:20,15415,15415,15415,6,6
2023-02-01 16:04:21,15415,15415,15415,4,0
2023-02-01 16:04:21,15414,15414,15414,2,-2
2023-02-01 16:04:23,15415,15415,15415,4,4
2023-02-01 16:04:23,15415,15415,15415,8,0
2023-02-01 16:04:23,15414,15414,15414,2,-2
2023-02-01 16:04:24,15414,15414,15414,2,0
2023-02-01 16:04:27,15415,15415,15415,6,6
2023-02-01 16:04:29,15415,15415,15415,6,0
2023-02-01 16:04:31,15415,15415,15415,6,0
2023-02-01 16:04:34,15413,15413,15413,4,-4
2023-02-01 16:04:34,15413,15413,15413,8,0
2023-02-01 16:04:34,15413,15413,15413,2,0
2023-02-01 16:04:34,15413,15413,15413,2,0
2023-02-01 16:04:43,15413,15413,15413,6,0
2023-02-01 16:04:43,15413,15413,15413,4,0
2023-02-01 16:04:45,15413,15413,15413,6,0
2023-02-01 16:04:46,15414,15414,15414,2,2
2023-02-01 16:04:46,15414,15414,15414,2,0
2023-02-01 16:04:46,15415,15415,15415,4,4
2023-02-01 16:04:51,15413,15413,15413,2,-2
2023-02-01 16:04:51,15413,15413,15413,2,0
2023-02-01 16:04:51,15413,15413,15413,2,0
2023-02-01 16:04:51,15413,15413,15413,2,0
2023-02-01 16:04:52,15413,15413,15413,4,0
2023-02-01 16:05:01,15414,15414,15414,6,6
2023-02-01 16:05:02,15413,15413,15413,2,-2
2023-02-01 16:05:02,15413,15413,15413,2,0
2023-02-01 16:05:03,15414,15414,15414,6,6
2023-02-01 16:05:13,15413,15413,15413,2,-2
2023-02-01 16:05:22,15413,15413,15413,2,0
2023-02-01 16:05:22,15413,15413,15413,2,0
2023-02-01 16:05:22,15413,15413,15413,2,0
2023-02-01 16:05:26,15412,15412,15412,2,-2
2023-02-01 16:05:26,15412,15412,15412,4,0
2023-02-01 16:05:28,15413,15413,15413,6,6
2023-02-01 16:05:32,15412,15412,15412,2,-2
2023-02-01 16:05:32,15413,15413,15413,6,6
2023-02-01 16:05:34,15412,15412,15412,4,-4
2023-02-01 16:05:34,15412,15412,15412,4,0
2023-02-01 16:05:46,15412,15412,15412,14,0
2023-02-01 16:05:46,15413,15413,15413,2,2
2023-02-01 16:05:53,15412,15412,15412,2,-2
2023-02-01 16:05:57,15411,15411,15411,2,-2
2023-02-01 16:05:57,15411,15411,15411,2,0
2023-02-01 16:05:57,15412,15412,15412,2,2
2023-02-01 16:06:01,15412,15412,15412,2,0
2023-02-01 16:06:01,15413,15413,15413,6,6
2023-02-01 16:06:08,15413,15413,15413,2,0
2023-02-01 16:06:19,15412,15412,15412,2,-2
2023-02-01 16:06:19,15412,15412,15412,2,0
2023-02-01 16:06:41,15412,15412,15412,2,0
2023-02-01 16:06:41,15412,15412,15412,2,0
2023-02-01 16:06:41,15412,15412,15412,2,0
2023-02-01 16:07:00,15411,15411,15411,2,-2
2023-02-01 16:07:10,15411,15411,15411,2,0
2023-02-01 16:07:17,15412,15412,15412,4,4
2023-02-01 16:07:19,15411,15411,15411,4,-4
2023-02-01 16:07:21,15411,15411,15411,2,0
2023-02-01 16:07:28,15412,15412,15412,2,2
2023-02-01 16:07:28,15412,15412,15412,2,0
2023-02-01 16:07:35,15412,15412,15412,2,0
2023-02-01 16:07:35,15412,15412,15412,2,0
2023-02-01 16:07:45,15412,15412,15412,2,0
2023-02-01 16:07:47,15412,15412,15412,2,0
2023-02-01 16:08:03,15412,15412,15412,2,0
2023-02-01 16:08:03,15412,15412,15412,2,0
2023-02-01 16:08:03,15413,15413,15413,6,6
2023-02-01 16:08:03,15413,15413,15413,2,0
2023-02-01 16:08:03,15413,15413,15413,2,0
2023-02-01 16:08:10,15413,15413,15413,2,0
2023-02-01 16:08:12,15413,15413,15413,4,0
2023-02-01 16:08:12,15413,15413,15413,4,0
2023-02-01 16:08:15,15414,15414,15414,6,6
2023-02-01 16:08:16,15413,15413,15413,2,-2
2023-02-01 16:08:21,15414,15414,15414,6,6
2023-02-01 16:08:21,15414,15414,15414,10,0
2023-02-01 16:08:21,15414,15414,15414,10,0
2023-02-01 16:08:21,15414,15414,15414,2,0
2023-02-01 16:08:21,15414,15414,15414,2,0
2023-02-01 16:08:21,15414,15414,15414,2,0
2023-02-01 16:08:33,15414,15414,15414,4,0
2023-02-01 16:08:33,15414,15414,15414,2,0
2023-02-01 16:08:34,15415,15415,15415,2,2
2023-02-01 16:08:34,15414,15414,15414,2,-2
2023-02-01 16:08:34,15415,15415,15415,4,4
2023-02-01 16:08:34,15415,15415,15415,4,0
2023-02-01 16:08:34,15415,15415,15415,4,0
2023-02-01 16:08:34,15415,15415,15415,2,0
2023-02-01 16:08:34,15415,15415,15415,2,0
2023-02-01 16:08:34,15415,15415,15415,2,0
2023-02-01 16:08:34,15415,15415,15415,2,0
2023-02-01 16:08:34,15415,15415,15415,24,0
2023-02-01 16:08:34,15415,15415,15415,2,0
2023-02-01 16:08:34,15415,15415,15415,4,0
2023-02-01 16:08:35,15415,15415,15415,2,0
2023-02-01 16:08:35,15416,15416,15416,14,14
2023-02-01 16:08:35,15416,15416,15416,2,0
2023-02-01 16:08:35,15416,15416,15416,2,0
2023-02-01 16:08:35,15416,15416,15416,2,0
2023-02-01 16:08:35,15416,15416,15416,12,0
2023-02-01 16:08:35,15416,15416,15416,2,0
2023-02-01 16:08:35,15416,15416,15416,2,0
2023-02-01 16:08:35,15416,15416,15416,22,0
2023-02-01 16:08:35,15416,15416,15416,2,0
2023-02-01 16:08:36,15417,15417,15417,4,4
2023-02-01 16:08:36,15417,15417,15417,4,0
2023-02-01 16:08:36,15417,15417,15417,2,0
2023-02-01 16:08:38,15417,15417,15417,2,0
2023-02-01 16:08:41,15416,15416,15416,4,-4
2023-02-01 16:08:41,15416,15416,15416,4,0
2023-02-01 16:08:41,15417,15417,15417,2,2
2023-02-01 16:08:41,15417,15417,15417,2,0
2023-02-01 16:08:41,15417,15417,15417,2,0
2023-02-01 16:08:41,15417,15417,15417,2,0
2023-02-01 16:08:44,15416,15416,15416,2,-2
2023-02-01 16:08:44,15416,15416,15416,2,0
2023-02-01 16:08:45,15417,15417,15417,8,8
2023-02-01 16:08:45,15416,15416,15416,4,-4
2023-02-01 16:08:45,15416,15416,15416,2,0
2023-02-01 16:08:45,15416,15416,15416,2,0
2023-02-01 16:08:45,15416,15416,15416,2,0
2023-02-01 16:08:45,15416,15416,15416,2,0
2023-02-01 16:08:46,15415,15415,15415,2,-2
2023-02-01 16:08:50,15416,15416,15416,2,2
2023-02-01 16:08:53,15416,15416,15416,2,0
2023-02-01 16:08:55,15416,15416,15416,4,0
2023-02-01 16:08:55,15416,15416,15416,2,0
2023-02-01 16:09:00,15417,15417,15417,2,2
2023-02-01 16:09:00,15417,15417,15417,2,0
2023-02-01 16:09:01,15416,15416,15416,2,-2
2023-02-01 16:09:04,15418,15418,15418,2,2
2023-02-01 16:09:04,15418,15418,15418,2,0
2023-02-01 16:09:04,15418,15418,15418,2,0
2023-02-01 16:09:04,15418,15418,15418,2,0
2023-02-01 16:09:05,15417,15417,15417,2,-2
2023-02-01 16:09:07,15418,15418,15418,2,2
2023-02-01 16:09:08,15418,15418,15418,2,0
2023-02-01 16:09:11,15418,15418,15418,2,0
2023-02-01 16:09:11,15418,15418,15418,40,0
2023-02-01 16:09:11,15418,15418,15418,6,0
2023-02-01 16:09:11,15417,15417,15417,2,-2
2023-02-01 16:09:11,15417,15417,15417,2,0
2023-02-01 16:09:11,15417,15417,15417,2,0
2023-02-01 16:09:11,15417,15417,15417,2,0
2023-02-01 16:09:11,15417,15417,15417,2,0
2023-02-01 16:09:11,15417,15417,15417,2,0
2023-02-01 16:09:11,15417,15417,15417,2,0
2023-02-01 16:09:12,15418,15418,15418,2,2
2023-02-01 16:09:15,15417,15417,15417,4,-4
2023-02-01 16:09:18,15416,15416,15416,42,-42
2023-02-01 16:09:18,15416,15416,15416,8,0
2023-02-01 16:09:18,15416,15416,15416,6,0
2023-02-01 16:09:18,15416,15416,15416,2,0
2023-02-01 16:09:18,15416,15416,15416,2,0
2023-02-01 16:09:18,15416,15416,15416,2,0
2023-02-01 16:09:18,15416,15416,15416,2,0
2023-02-01 16:09:20,15416,15416,15416,4,0
2023-02-01 16:09:21,15416,15416,15416,2,0
2023-02-01 16:09:25,15416,15416,15416,2,0
2023-02-01 16:09:25,15416,15416,15416,2,0
2023-02-01 16:09:25,15416,15416,15416,4,0
2023-02-01 16:09:28,15415,15415,15415,2,-2
2023-02-01 16:09:28,15415,15415,15415,2,0
2023-02-01 16:09:28,15415,15415,15415,2,0
2023-02-01 16:09:28,15415,15415,15415,2,0
2023-02-01 16:09:28,15415,15415,15415,2,0
2023-02-01 16:09:28,15415,15415,15415,2,0
2023-02-01 16:09:41,15415,15415,15415,4,0
2023-02-01 16:09:45,15416,15416,15416,2,2
2023-02-01 16:09:45,15416,15416,15416,2,0
2023-02-01 16:09:45,15416,15416,15416,2,0
2023-02-01 16:09:45,15416,15416,15416,4,0
2023-02-01 16:09:45,15416,15416,15416,2,0
2023-02-01 16:09:45,15416,15416,15416,2,0
2023-02-01 16:09:55,15415,15415,15415,2,-2
2023-02-01 16:09:55,15415,15415,15415,2,0
2023-02-01 16:09:58,15416,15416,15416,4,4
2023-02-01 16:09:58,15415,15415,15415,2,-2
2023-02-01 16:10:00,15416,15416,15416,2,2
2023-02-01 16:10:01,15416,15416,15416,2,0
2023-02-01 16:10:03,15414,15414,15414,4,-4
2023-02-01 16:10:06,15416,15416,15416,4,4
2023-02-01 16:10:06,15416,15416,15416,2,0
2023-02-01 16:10:06,15416,15416,15416,2,0
2023-02-01 16:10:20,15415,15415,15415,2,-2
2023-02-01 16:10:27,15415,15415,15415,2,0
2023-02-01 16:10:32,15414,15414,15414,2,-2
2023-02-01 16:10:32,15414,15414,15414,2,0
2023-02-01 16:10:33,15415,15415,15415,2,2
2023-02-01 16:10:34,15415,15415,15415,4,0
2023-02-01 16:10:35,15414,15414,15414,2,-2
2023-02-01 16:10:35,15414,15414,15414,2,0
2023-02-01 16:10:35,15413,15413,15413,2,-2
2023-02-01 16:10:44,15413,15413,15413,2,0
2023-02-01 16:10:44,15414,15414,15414,2,2
2023-02-01 16:10:45,15414,15414,15414,2,0
2023-02-01 16:11:01,15413,15413,15413,2,-2
2023-02-01 16:11:01,15413,15413,15413,2,0
2023-02-01 16:11:01,15413,15413,15413,2,0
2023-02-01 16:11:01,15413,15413,15413,2,0
2023-02-01 16:11:02,15413,15413,15413,2,0
2023-02-01 16:11:02,15412,15412,15412,2,-2
2023-02-01 16:11:02,15412,15412,15412,2,0
2023-02-01 16:11:03,15413,15413,15413,16,16
2023-02-01 16:11:06,15413,15413,15413,2,0
2023-02-01 16:11:09,15412,15412,15412,2,-2
2023-02-01 16:11:10,15413,15413,15413,2,2
2023-02-01 16:11:19,15413,15413,15413,2,0
2023-02-01 16:11:20,15413,15413,15413,2,0
2023-02-01 16:11:20,15413,15413,15413,4,0
2023-02-01 16:11:39,15414,15414,15414,4,4
2023-02-01 16:11:55,15414,15414,15414,2,0
2023-02-01 16:11:55,15414,15414,15414,2,0
2023-02-01 16:11:55,15414,15414,15414,2,0
2023-02-01 16:12:08,15413,15413,15413,2,-2
2023-02-01 16:12:09,15413,15413,15413,6,0
2023-02-01 16:12:09,15414,15414,15414,24,24
2023-02-01 16:12:26,15413,15413,15413,2,-2
2023-02-01 16:12:26,15412,15412,15412,2,-2
2023-02-01 16:12:26,15412,15412,15412,2,0
2023-02-01 16:12:26,15412,15412,15412,2,0
2023-02-01 16:12:26,15412,15412,15412,2,0
2023-02-01 16:12:26,15412,15412,15412,2,0
2023-02-01 16:12:27,15411,15411,15411,2,-2
2023-02-01 16:12:27,15411,15411,15411,2,0
2023-02-01 16:12:33,15412,15412,15412,2,2
2023-02-01 16:12:35,15411,15411,15411,2,-2
2023-02-01 16:12:51,15412,15412,15412,2,2
2023-02-01 16:12:51,15412,15412,15412,2,0
2023-02-01 16:12:51,15412,15412,15412,2,0
2023-02-01 16:12:51,15412,15412,15412,4,0
2023-02-01 16:12:51,15412,15412,15412,2,0
2023-02-01 16:12:51,15412,15412,15412,2,0
2023-02-01 16:12:54,15412,15412,15412,2,0
2023-02-01 16:12:54,15412,15412,15412,2,0
2023-02-01 16:12:55,15413,15413,15413,2,2
2023-02-01 16:13:07,15414,15414,15414,2,2
2023-02-01 16:13:07,15413,15413,15413,2,-2
2023-02-01 16:13:07,15413,15413,15413,2,0
2023-02-01 16:13:08,15413,15413,15413,2,0
2023-02-01 16:13:11,15413,15413,15413,2,0
2023-02-01 16:13:33,15415,15415,15415,2,2
2023-02-01 16:13:33,15415,15415,15415,2,0
2023-02-01 16:13:33,15415,15415,15415,2,0
2023-02-01 16:13:40,15415,15415,15415,2,0
2023-02-01 16:13:42,15415,15415,15415,2,0
2023-02-01 16:14:21,15415,15415,15415,2,0
2023-02-01 16:14:36,15415,15415,15415,2,0
2023-02-01 16:15:00,15415,15415,15415,2,0
2023-02-01 16:15:01,15414,15414,15414,2,-2
2023-02-01 16:15:02,15414,15414,15414,4,0
2023-02-01 16:15:10,15415,15415,15415,2,2
2023-02-01 16:15:15,15414,15414,15414,4,-4
2023-02-01 16:15:15,15414,15414,15414,2,0
2023-02-01 16:15:37,15414,15414,15414,4,0
2023-02-01 16:15:46,15413,15413,15413,2,-2
2023-02-01 16:15:46,15415,15415,15415,2,2
2023-02-01 16:15:51,15414,15414,15414,2,-2
2023-02-01 16:15:51,15414,15414,15414,2,0
2023-02-01 16:15:51,15414,15414,15414,2,0
2023-02-01 16:15:51,15414,15414,15414,6,0
2023-02-01 16:15:51,15414,15414,15414,2,0
2023-02-01 16:15:54,15414,15414,15414,2,0
2023-02-01 16:16:03,15414,15414,15414,10,0
2023-02-01 16:16:03,15414,15414,15414,4,0
2023-02-01 16:16:19,15414,15414,15414,2,0
2023-02-01 16:16:19,15414,15414,15414,2,0
2023-02-01 16:16:26,15414,15414,15414,2,0
2023-02-01 16:16:26,15415,15415,15415,2,2
2023-02-01 16:16:43,15413,15413,15413,2,-2
2023-02-01 16:16:43,15413,15413,15413,4,0
2023-02-01 16:17:00,15413,15413,15413,2,0
2023-02-01 16:17:00,15413,15413,15413,2,0
2023-02-01 16:17:00,15413,15413,15413,2,0
2023-02-01 16:17:00,15413,15413,15413,2,0
2023-02-01 16:17:00,15413,15413,15413,2,0
2023-02-01 16:17:07,15412,15412,15412,2,-2
2023-02-01 16:17:08,15412,15412,15412,2,0
2023-02-01 16:17:13,15413,15413,15413,2,2
2023-02-01 16:17:13,15413,15413,15413,2,0
2023-02-01 16:17:18,15414,15414,15414,2,2
2023-02-01 16:17:18,15414,15414,15414,2,0
2023-02-01 16:17:18,15414,15414,15414,2,0
2023-02-01 16:17:34,15414,15414,15414,14,0
2023-02-01 16:17:34,15414,15414,15414,2,0
2023-02-01 16:17:34,15414,15414,15414,2,0
2023-02-01 16:17:34,15414,15414,15414,4,0
2023-02-01 16:17:52,15414,15414,15414,2,0
2023-02-01 16:17:52,15414,15414,15414,2,0
2023-02-01 16:17:52,15414,15414,15414,2,0
2023-02-01 16:18:15,15414,15414,15414,4,0
2023-02-01 16:18:15,15414,15414,15414,2,0
2023-02-01 16:18:18,15413,15413,15413,4,-4
2023-02-01 16:18:32,15412,15412,15412,2,-2
2023-02-01 16:18:32,15412,15412,15412,2,0
2023-02-01 16:18:32,15412,15412,15412,2,0
2023-02-01 16:18:32,15411,15411,15411,2,-2
2023-02-01 16:18:58,15413,15413,15413,2,2
2023-02-01 16:19:00,15414,15414,15414,2,2
2023-02-01 16:19:04,15414,15414,15414,2,0
2023-02-01 16:19:04,15415,15415,15415,4,4
2023-02-01 16:19:04,15415,15415,15415,16,0
2023-02-01 16:19:13,15415,15415,15415,2,0
2023-02-01 16:19:13,15415,15415,15415,2,0
2023-02-01 16:19:13,15415,15415,15415,4,0
2023-02-01 16:19:13,15415,15415,15415,6,0
2023-02-01 16:19:13,15415,15415,15415,2,0
2023-02-01 16:19:13,15415,15415,15415,2,0
2023-02-01 16:19:13,15415,15415,15415,2,0
2023-02-01 16:19:13,15415,15415,15415,4,0
2023-02-01 16:19:13,15415,15415,15415,8,0
2023-02-01 16:19:16,15414,15414,15414,2,-2
2023-02-01 16:19:16,15414,15414,15414,2,0
2023-02-01 16:19:16,15414,15414,15414,2,0
2023-02-01 16:19:25,15414,15414,15414,2,0
2023-02-01 16:20:02,15413,15413,15413,4,-4
2023-02-01 16:20:02,15413,15413,15413,2,0
2023-02-01 16:20:02,15413,15413,15413,2,0
2023-02-01 16:20:02,15412,15412,15412,2,-2
2023-02-01 16:20:02,15412,15412,15412,2,0
2023-02-01 16:20:04,15412,15412,15412,4,0
2023-02-01 16:20:05,15413,15413,15413,2,2
2023-02-01 16:20:05,15411,15411,15411,4,-4
2023-02-01 16:20:21,15412,15412,15412,2,2
2023-02-01 16:20:21,15412,15412,15412,2,0
2023-02-01 16:20:31,15411,15411,15411,2,-2
2023-02-01 16:20:31,15411,15411,15411,2,0
2023-02-01 16:20:31,15411,15411,15411,2,0
2023-02-01 16:20:31,15411,15411,15411,2,0
2023-02-01 16:20:31,15411,15411,15411,4,0
2023-02-01 16:20:31,15411,15411,15411,2,0
2023-02-01 16:20:31,15411,15411,15411,4,0
2023-02-01 16:20:31,15411,15411,15411,2,0
2023-02-01 16:20:37,15410,15410,15410,2,-2
2023-02-01 16:20:37,15410,15410,15410,2,0
2023-02-01 16:20:37,15410,15410,15410,2,0
2023-02-01 16:20:39,15410,15410,15410,2,0
2023-02-01 16:20:39,15410,15410,15410,2,0
2023-02-01 16:20:55,15411,15411,15411,2,2
2023-02-01 16:21:06,15411,15411,15411,2,0
2023-02-01 16:21:16,15410,15410,15410,2,-2
2023-02-01 16:21:16,15410,15410,15410,2,0
2023-02-01 16:21:20,15411,15411,15411,2,2
2023-02-01 16:21:25,15410,15410,15410,2,-2
2023-02-01 16:21:34,15411,15411,15411,2,2
2023-02-01 16:21:46,15410,15410,15410,2,-2
2023-02-01 16:21:46,15410,15410,15410,2,0
2023-02-01 16:21:46,15410,15410,15410,2,0
2023-02-01 16:21:46,15410,15410,15410,2,0
2023-02-01 16:21:46,15410,15410,15410,2,0
2023-02-01 16:21:46,15410,15410,15410,2,0
2023-02-01 16:21:46,15410,15410,15410,2,0
2023-02-01 16:21:46,15410,15410,15410,2,0
2023-02-01 16:21:46,15410,15410,15410,16,0
2023-02-01 16:21:46,15410,15410,15410,2,0
2023-02-01 16:21:46,15410,15410,15410,2,0
2023-02-01 16:21:46,15410,15410,15410,6,0
2023-02-01 16:21:46,15410,15410,15410,4,0
2023-02-01 16:21:46,15410,15410,15410,2,0
2023-02-01 16:21:46,15410,15410,15410,6,0
2023-02-01 16:21:46,15410,15410,15410,2,0
2023-02-01 16:21:46,15410,15410,15410,2,0
2023-02-01 16:21:46,15410,15410,15410,2,0
2023-02-01 16:21:46,15410,15410,15410,2,0
2023-02-01 16:21:46,15410,15410,15410,2,0
2023-02-01 16:21:46,15410,15410,15410,2,0
2023-02-01 16:21:51,15409,15409,15409,2,-2
2023-02-01 16:21:51,15409,15409,15409,2,0
2023-02-01 16:22:21,15409,15409,15409,2,0
2023-02-01 16:22:21,15409,15409,15409,4,0
2023-02-01 16:22:25,15409,15409,15409,2,0
2023-02-01 16:22:25,15409,15409,15409,2,0
2023-02-01 16:22:25,15409,15409,15409,2,0
2023-02-01 16:22:26,15409,15409,15409,2,0
2023-02-01 16:22:27,15409,15409,15409,2,0
2023-02-01 16:22:28,15409,15409,15409,4,0
2023-02-01 16:22:32,15410,15410,15410,12,12
2023-02-01 16:22:43,15409,15409,15409,2,-2
2023-02-01 16:23:00,15411,15411,15411,6,6
2023-02-01 16:23:33,15411,15411,15411,2,0
2023-02-01 16:23:41,15410,15410,15410,2,-2
2023-02-01 16:23:41,15410,15410,15410,2,0
2023-02-01 16:23:41,15410,15410,15410,2,0
2023-02-01 16:23:41,15410,15410,15410,2,0
2023-02-01 16:23:41,15410,15410,15410,2,0
2023-02-01 16:23:46,15409,15409,15409,2,-2
2023-02-01 16:23:46,15409,15409,15409,2,0
2023-02-01 16:23:51,15409,15409,15409,2,0
2023-02-01 16:23:57,15410,15410,15410,2,2
2023-02-01 16:24:03,15411,15411,15411,6,6
2023-02-01 16:24:03,15412,15412,15412,2,2
2023-02-01 16:24:03,15412,15412,15412,2,0
2023-02-01 16:24:03,15412,15412,15412,2,0
2023-02-01 16:24:03,15412,15412,15412,12,0
2023-02-01 16:24:03,15413,15413,15413,2,2
2023-02-01 16:24:04,15414,15414,15414,2,2
2023-02-01 16:24:04,15413,15413,15413,2,-2
2023-02-01 16:24:04,15415,15415,15415,2,2
2023-02-01 16:24:05,15415,15415,15415,4,0
2023-02-01 16:24:09,15414,15414,15414,2,-2
2023-02-01 16:24:15,15412,15412,15412,2,-2
2023-02-01 16:24:15,15412,15412,15412,2,0
2023-02-01 16:24:15,15412,15412,15412,2,0
2023-02-01 16:24:34,15411,15411,15411,2,-2
2023-02-01 16:24:34,15411,15411,15411,2,0
2023-02-01 16:24:38,15411,15411,15411,2,0
2023-02-01 16:25:07,15411,15411,15411,2,0
2023-02-01 16:25:18,15411,15411,15411,2,0
2023-02-01 16:25:24,15410,15410,15410,2,-2
2023-02-01 16:25:24,15410,15410,15410,2,0
2023-02-01 16:25:24,15410,15410,15410,2,0
2023-02-01 16:25:30,15410,15410,15410,4,0
2023-02-01 16:25:39,15410,15410,15410,2,0
2023-02-01 16:25:40,15412,15412,15412,4,4
2023-02-01 16:25:40,15412,15412,15412,2,0
2023-02-01 16:25:40,15412,15412,15412,2,0
2023-02-01 16:25:50,15411,15411,15411,2,-2
2023-02-01 16:25:50,15411,15411,15411,2,0
2023-02-01 16:26:01,15410,15410,15410,4,-4
2023-02-01 16:26:01,15410,15410,15410,2,0
2023-02-01 16:26:02,15409,15409,15409,2,-2
2023-02-01 16:26:02,15409,15409,15409,2,0
2023-02-01 16:26:02,15409,15409,15409,2,0
2023-02-01 16:26:02,15409,15409,15409,2,0
2023-02-01 16:26:02,15409,15409,15409,2,0
2023-02-01 16:26:02,15409,15409,15409,2,0
2023-02-01 16:26:02,15409,15409,15409,4,0
2023-02-01 16:26:02,15409,15409,15409,2,0
2023-02-01 16:26:02,15409,15409,15409,2,0
2023-02-01 16:26:02,15409,15409,15409,2,0
2023-02-01 16:26:02,15409,15409,15409,12,0
2023-02-01 16:26:02,15409,15409,15409,6,0
2023-02-01 16:26:02,15409,15409,15409,2,0
2023-02-01 16:26:02,15409,15409,15409,2,0
2023-02-01 16:26:02,15409,15409,15409,8,0
2023-02-01 16:26:02,15409,15409,15409,2,0
2023-02-01 16:26:10,15409,15409,15409,2,0
2023-02-01 16:26:12,15410,15410,15410,2,2
2023-02-01 16:26:19,15410,15410,15410,2,0
2023-02-01 16:26:30,15410,15410,15410,2,0
2023-02-01 16:26:47,15410,15410,15410,2,0
2023-02-01 16:26:47,15410,15410,15410,4,0
2023-02-01 16:27:01,15410,15410,15410,2,0
2023-02-01 16:27:16,15409,15409,15409,6,-6
2023-02-01 16:27:16,15409,15409,15409,24,0
2023-02-01 16:27:19,15409,15409,15409,2,0
2023-02-01 16:27:27,15408,15408,15408,2,-2
2023-02-01 16:27:27,15408,15408,15408,2,0
2023-02-01 16:27:27,15408,15408,15408,2,0
2023-02-01 16:27:27,15408,15408,15408,2,0
2023-02-01 16:27:27,15408,15408,15408,2,0
2023-02-01 16:27:27,15408,15408,15408,2,0
2023-02-01 16:27:27,15408,15408,15408,2,0
2023-02-01 16:27:27,15408,15408,15408,2,0
2023-02-01 16:27:27,15408,15408,15408,2,0
2023-02-01 16:27:27,15408,15408,15408,2,0
2023-02-01 16:27:33,15408,15408,15408,2,0
2023-02-01 16:27:35,15409,15409,15409,6,6
2023-02-01 16:27:40,15408,15408,15408,4,-4
2023-02-01 16:27:43,15407,15407,15407,2,-2
2023-02-01 16:27:43,15407,15407,15407,2,0
2023-02-01 16:27:43,15407,15407,15407,2,0
2023-02-01 16:27:43,15407,15407,15407,2,0
2023-02-01 16:27:43,15407,15407,15407,2,0
2023-02-01 16:27:43,15407,15407,15407,2,0
2023-02-01 16:27:43,15407,15407,15407,2,0
2023-02-01 16:27:43,15407,15407,15407,2,0
2023-02-01 16:27:43,15406,15406,15406,2,-2
2023-02-01 16:27:44,15406,15406,15406,2,0
2023-02-01 16:27:47,15406,15406,15406,2,0
2023-02-01 16:27:52,15406,15406,15406,2,0
2023-02-01 16:27:52,15406,15406,15406,2,0
2023-02-01 16:27:53,15406,15406,15406,2,0
2023-02-01 16:27:53,15406,15406,15406,2,0
2023-02-01 16:27:53,15406,15406,15406,2,0
2023-02-01 16:28:00,15406,15406,15406,2,0
2023-02-01 16:28:00,15406,15406,15406,2,0
