2020-12-18 15:00:00.031,14134,14137,14137,78,78
2020-12-18 15:00:00.032,14137,14138,14138,1,1
2020-12-18 15:00:00.094,14137,14142,14142,2,2
2020-12-18 15:00:00.235,14137,14142,14138,2,-2
2020-12-18 15:00:00.253,14138,14142,14138,2,-2
2020-12-18 15:00:00.253,14138,14142,14137,13,-13
2020-12-18 15:00:00.256,14138,14142,14142,1,1
2020-12-18 15:00:00.266,14138,14142,14139,4,-4
2020-12-18 15:00:00.266,14138,14142,14137,9,-9
2020-12-18 15:00:00.266,14138,14142,14137,17,-17
2020-12-18 15:00:00.370,14138,14142,14139,3,3
2020-12-18 15:00:00.383,14139,14141,14139,1,-1
2020-12-18 15:00:00.383,14139,14141,14138,1,-1
2020-12-18 15:00:00.431,14139,14141,14137,1,-1
2020-12-18 15:00:00.501,14137,14141,14137,3,-3
2020-12-18 15:00:00.575,14137,14141,14141,1,1
2020-12-18 15:00:00.597,14137,14141,14141,1,1
2020-12-18 15:00:00.597,14137,14141,14140,1,-1
2020-12-18 15:00:00.740,14140,14142,14140,1,-1
2020-12-18 15:00:00.746,14140,14142,14140,1,-1
2020-12-18 15:00:00.822,14140,14142,14140,1,-1
2020-12-18 15:00:00.822,14140,14142,14139,1,-1
2020-12-18 15:00:00.829,14140,14142,14138,2,-2
2020-12-18 15:00:00.901,14138,14140,14138,1,-1
2020-12-18 15:00:01.126,14137,14139,14139,4,4
2020-12-18 15:00:01.251,14138,14140,14140,10,10
2020-12-18 15:00:01.376,14139,14141,14141,5,5
2020-12-18 15:00:01.501,14140,14141,14141,1,1
2020-12-18 15:00:02.001,14141,14142,14142,6,6
2020-12-18 15:00:02.017,14141,14142,14142,1,1
2020-12-18 15:00:02.170,14142,14144,14142,1,-1
2020-12-18 15:00:02.797,14140,14142,14142,1,1
2020-12-18 15:00:02.817,14140,14142,14142,1,1
2020-12-18 15:00:02.834,14140,14142,14143,2,2
2020-12-18 15:00:02.854,14140,14142,14142,1,1
2020-12-18 15:00:02.954,14141,14143,14143,3,3
2020-12-18 15:00:03.060,14141,14143,14141,1,-1
2020-12-18 15:00:03.076,14141,14143,14143,1,1
2020-12-18 15:00:03.291,14141,14143,14143,1,1
2020-12-18 15:00:03.291,14141,14143,14144,1,1
2020-12-18 15:00:03.309,14141,14143,14141,1,-1
2020-12-18 15:00:03.929,14141,14143,14143,3,3
2020-12-18 15:00:04.378,14141,14144,14141,4,-4
2020-12-18 15:00:04.391,14141,14144,14144,5,5
2020-12-18 15:00:04.691,14143,14145,14143,1,-1
2020-12-18 15:00:05.192,14141,14143,14143,3,3
2020-12-18 15:00:05.192,14141,14143,14144,2,2
2020-12-18 15:00:05.404,14142,14145,14145,3,3
2020-12-18 15:00:05.949,14141,14143,14141,5,-5
2020-12-18 15:00:06.001,14141,14143,14141,1,-1
2020-12-18 15:00:06.866,14140,14142,14142,1,1
2020-12-18 15:00:06.866,14140,14142,14142,1,1
2020-12-18 15:00:07.259,14140,14142,14142,2,2
2020-12-18 15:00:07.259,14140,14142,14143,1,1
2020-12-18 15:00:08.807,14141,14143,14143,3,3
2020-12-18 15:00:09.874,14141,14142,14141,1,-1
2020-12-18 15:00:10.751,14141,14142,14141,2,-2
2020-12-18 15:00:11.684,14140,14142,14142,2,2
2020-12-18 15:00:12.221,14141,14142,14141,1,-1
2020-12-18 15:00:12.931,14140,14142,14142,1,1
2020-12-18 15:00:14.920,14140,14142,14141,1,-1
2020-12-18 15:00:16.084,14140,14142,14142,1,1
2020-12-18 15:00:16.091,14140,14142,14142,1,1
2020-12-18 15:00:16.728,14141,14142,14141,1,-1
2020-12-18 15:00:17.251,14141,14142,14142,3,3
2020-12-18 15:00:17.992,14141,14142,14142,4,4
2020-12-18 15:00:19.541,14142,14143,14142,1,-1
2020-12-18 15:00:20.451,14142,14143,14142,1,-1
2020-12-18 15:00:20.501,14142,14143,14143,9,9
2020-12-18 15:00:20.626,14143,14144,14144,2,2
2020-12-18 15:00:20.751,14143,14144,14144,3,3
2020-12-18 15:00:20.755,14143,14144,14143,1,-1
2020-12-18 15:00:20.875,14143,14144,14145,1,1
2020-12-18 15:00:21.004,14143,14145,14143,1,-1
2020-12-18 15:00:21.344,14143,14145,14143,1,-1
2020-12-18 15:00:22.233,14143,14145,14145,1,1
2020-12-18 15:00:23.744,14145,14146,14145,1,-1
2020-12-18 15:00:24.108,14144,14146,14144,1,-1
2020-12-18 15:00:24.615,14144,14146,14144,1,-1
2020-12-18 15:00:26.376,14143,14144,14143,2,-2
2020-12-18 15:00:26.741,14142,14143,14142,3,-3
2020-12-18 15:00:27.322,14142,14143,14143,1,1
2020-12-18 15:00:28.378,14142,14143,14143,1,1
2020-12-18 15:00:29.000,14142,14143,14142,1,-1
2020-12-18 15:00:29.139,14142,14143,14143,1,1
2020-12-18 15:00:30.751,14142,14143,14142,1,-1
2020-12-18 15:00:30.876,14141,14143,14141,1,-1
2020-12-18 15:00:31.001,14141,14143,14141,1,-1
2020-12-18 15:00:31.712,14141,14142,14142,1,1
2020-12-18 15:00:31.794,14141,14143,14143,5,5
2020-12-18 15:00:32.595,14141,14143,14143,5,5
2020-12-18 15:00:35.116,14141,14143,14143,2,2
2020-12-18 15:00:35.501,14142,14143,14143,1,1
2020-12-18 15:00:36.376,14143,14144,14144,11,11
2020-12-18 15:00:36.377,14143,14144,14144,1,1
2020-12-18 15:00:36.377,14143,14144,14144,2,2
2020-12-18 15:00:36.377,14143,14144,14144,13,13
2020-12-18 15:00:36.446,14143,14144,14144,2,2
2020-12-18 15:00:38.607,14143,14145,14145,3,3
2020-12-18 15:00:38.607,14143,14145,14146,2,2
2020-12-18 15:00:39.258,14144,14146,14146,3,3
2020-12-18 15:00:39.258,14144,14146,14147,2,2
2020-12-18 15:00:39.496,14145,14147,14146,1,-1
2020-12-18 15:00:40.240,14144,14146,14146,4,4
2020-12-18 15:00:40.240,14144,14146,14147,1,1
2020-12-18 15:00:40.555,14145,14147,14145,1,-1
2020-12-18 15:00:40.848,14144,14146,14144,1,-1
2020-12-18 15:00:41.166,14144,14146,14146,1,1
2020-12-18 15:00:42.014,14144,14146,14146,1,1
2020-12-18 15:00:43.210,14146,14147,14146,1,-1
2020-12-18 15:00:44.196,14146,14147,14146,1,-1
2020-12-18 15:00:44.196,14146,14147,14145,1,-1
2020-12-18 15:00:46.257,14145,14146,14146,1,1
2020-12-18 15:00:48.668,14146,14147,14147,1,1
2020-12-18 15:00:48.754,14146,14147,14147,1,1
2020-12-18 15:00:49.262,14146,14148,14146,10,-10
2020-12-18 15:00:49.263,14146,14148,14146,1,-1
2020-12-18 15:00:49.263,14146,14148,14146,1,-1
2020-12-18 15:00:49.263,14146,14148,14146,1,-1
2020-12-18 15:00:49.734,14146,14148,14146,1,-1
2020-12-18 15:00:49.892,14146,14147,14147,1,1
2020-12-18 15:00:50.342,14146,14148,14148,5,5
2020-12-18 15:00:50.976,14146,14148,14146,6,-6
2020-12-18 15:00:50.976,14146,14148,14145,6,-6
2020-12-18 15:00:56.439,14146,14147,14146,1,1
2020-12-18 15:00:58.517,14145,14146,14146,1,1
2020-12-18 15:00:58.928,14145,14147,14145,1,-1
2020-12-18 15:01:00.479,14146,14147,14147,1,1
2020-12-18 15:01:01.694,14146,14147,14147,4,4
2020-12-18 15:01:02.179,14146,14147,14146,1,-1
2020-12-18 15:01:02.231,14146,14147,14146,1,-1
2020-12-18 15:01:02.391,14146,14147,14146,1,-1
2020-12-18 15:01:04.714,14146,14147,14147,1,1
2020-12-18 15:01:04.715,14146,14147,14147,4,4
2020-12-18 15:01:07.147,14146,14148,14146,1,-1
2020-12-18 15:01:07.545,14146,14148,14148,1,1
2020-12-18 15:01:09.019,14146,14148,14146,3,-3
2020-12-18 15:01:10.205,14146,14147,14147,1,1
2020-12-18 15:01:10.205,14146,14147,14148,4,4
2020-12-18 15:01:10.955,14146,14148,14148,5,5
2020-12-18 15:01:12.398,14147,14148,14148,1,1
2020-12-18 15:01:13.421,14147,14148,14148,1,1
2020-12-18 15:01:13.532,14147,14148,14147,1,-1
2020-12-18 15:01:13.559,14147,14148,14148,1,1
2020-12-18 15:01:13.757,14147,14148,14148,1,1
2020-12-18 15:01:15.591,14147,14149,14148,1,-1
2020-12-18 15:01:15.716,14147,14149,14149,1,1
2020-12-18 15:01:15.774,14147,14149,14147,1,-1
2020-12-18 15:01:16.158,14147,14149,14147,1,-1
2020-12-18 15:01:17.257,14147,14149,14147,1,-1
2020-12-18 15:01:17.549,14147,14148,14148,1,1
2020-12-18 15:01:19.543,14147,14148,14148,2,2
2020-12-18 15:01:20.503,14148,14149,14149,1,1
2020-12-18 15:01:20.515,14148,14149,14149,1,1
2020-12-18 15:01:20.786,14148,14149,14148,1,-1
2020-12-18 15:01:22.728,14148,14149,14149,1,1
2020-12-18 15:01:23.149,14148,14149,14148,1,-1
2020-12-18 15:01:23.506,14148,14149,14149,2,2
2020-12-18 15:01:24.646,14148,14149,14149,10,10
2020-12-18 15:01:25.127,14149,14150,14149,1,-1
2020-12-18 15:01:27.785,14149,14150,14149,1,-1
2020-12-18 15:01:32.275,14149,14150,14150,1,1
2020-12-18 15:01:33.387,14149,14150,14149,2,-2
2020-12-18 15:01:34.897,14149,14150,14150,4,4
2020-12-18 15:01:35.515,14149,14150,14150,1,1
2020-12-18 15:01:35.562,14149,14150,14150,1,1
2020-12-18 15:01:35.564,14149,14150,14150,2,2
2020-12-18 15:01:35.564,14149,14150,14150,10,10
2020-12-18 15:01:35.581,14149,14150,14150,2,2
2020-12-18 15:01:36.999,14150,14151,14150,1,-1
2020-12-18 15:01:38.018,14149,14150,14150,1,1
2020-12-18 15:01:38.205,14149,14151,14149,10,-10
2020-12-18 15:01:40.334,14149,14150,14149,1,-1
2020-12-18 15:01:40.994,14149,14150,14149,8,-8
2020-12-18 15:01:41.363,14148,14150,14148,1,-1
2020-12-18 15:01:41.675,14148,14150,14150,1,1
2020-12-18 15:01:42.070,14148,14150,14149,1,-1
2020-12-18 15:01:42.924,14148,14150,14148,3,-3
2020-12-18 15:01:43.001,14147,14148,14147,7,-7
2020-12-18 15:01:44.036,14146,14148,14148,1,1
2020-12-18 15:01:45.995,14146,14148,14147,1,-1
2020-12-18 15:01:47.341,14146,14148,14146,1,-1
2020-12-18 15:01:47.341,14146,14148,14145,1,-1
2020-12-18 15:01:48.020,14145,14147,14146,1,1
2020-12-18 15:01:48.189,14145,14146,14146,2,2
2020-12-18 15:01:48.190,14145,14146,14146,1,1
2020-12-18 15:01:50.693,14145,14147,14147,1,1
2020-12-18 15:01:52.501,14146,14147,14146,2,-2
2020-12-18 15:01:53.506,14145,14146,14145,2,-2
2020-12-18 15:01:53.758,14145,14146,14146,1,1
2020-12-18 15:01:54.164,14145,14146,14145,1,-1
2020-12-18 15:01:54.593,14145,14146,14146,1,1
2020-12-18 15:01:55.611,14145,14146,14145,2,-2
2020-12-18 15:01:55.827,14145,14146,14145,1,-1
2020-12-18 15:01:58.694,14145,14146,14145,1,-1
2020-12-18 15:02:01.747,14145,14146,14145,1,-1
2020-12-18 15:02:01.827,14145,14146,14145,12,-12
2020-12-18 15:02:01.962,14144,14145,14145,1,1
2020-12-18 15:02:02.098,14144,14145,14145,1,1
2020-12-18 15:02:02.098,14144,14145,14146,1,1
2020-12-18 15:02:02.267,14144,14146,14144,10,-10
2020-12-18 15:02:02.376,14144,14145,14144,6,-6
2020-12-18 15:02:02.501,14143,14144,14143,2,-2
2020-12-18 15:02:02.626,14142,14143,14142,4,-4
2020-12-18 15:02:07.777,14142,14144,14144,1,1
2020-12-18 15:02:09.401,14142,14144,14143,1,-1
2020-12-18 15:02:10.444,14143,14144,14143,1,-1
2020-12-18 15:02:10.713,14142,14144,14144,1,1
2020-12-18 15:02:14.886,14143,14144,14144,2,2
2020-12-18 15:02:16.088,14143,14144,14144,3,3
2020-12-18 15:02:20.276,14144,14145,14144,1,-1
2020-12-18 15:02:21.600,14144,14145,14145,1,1
2020-12-18 15:02:21.937,14144,14145,14145,1,1
2020-12-18 15:02:21.937,14144,14145,14145,1,1
2020-12-18 15:02:24.111,14145,14146,14145,1,-1
2020-12-18 15:02:26.769,14145,14146,14145,3,-3
2020-12-18 15:02:28.837,14145,14146,14145,1,-1
2020-12-18 15:02:29.245,14145,14146,14146,1,1
2020-12-18 15:02:30.917,14146,14147,14146,1,-1
2020-12-18 15:02:33.155,14146,14147,14147,5,5
2020-12-18 15:02:33.156,14146,14147,14147,1,1
2020-12-18 15:02:33.156,14146,14147,14147,1,1
2020-12-18 15:02:33.156,14146,14147,14147,1,1
2020-12-18 15:02:33.157,14146,14147,14147,1,1
2020-12-18 15:02:33.157,14146,14147,14147,1,1
2020-12-18 15:02:33.157,14146,14147,14147,1,1
2020-12-18 15:02:33.157,14146,14147,14147,1,1
2020-12-18 15:02:33.674,14147,14148,14147,1,-1
2020-12-18 15:02:38.180,14147,14148,14147,1,-1
2020-12-18 15:02:39.735,14146,14148,14147,1,-1
2020-12-18 15:02:43.322,14146,14148,14147,1,-1
2020-12-18 15:02:45.852,14145,14147,14147,1,1
2020-12-18 15:02:48.312,14146,14147,14146,1,-1
2020-12-18 15:02:48.522,14145,14146,14145,1,-1
2020-12-18 15:02:50.980,14145,14146,14146,1,1
2020-12-18 15:02:53.273,14145,14146,14145,3,-3
2020-12-18 15:02:53.273,14145,14146,14145,2,-2
2020-12-18 15:02:53.273,14145,14146,14145,2,-2
2020-12-18 15:02:53.517,14144,14145,14145,1,1
2020-12-18 15:02:56.547,14145,14146,14145,1,-1
2020-12-18 15:02:58.704,14144,14145,14144,9,-9
2020-12-18 15:02:58.778,14143,14144,14144,2,2
2020-12-18 15:02:58.835,14143,14144,14144,1,1
2020-12-18 15:03:00.742,14143,14145,14145,1,1
2020-12-18 15:03:04.696,14144,14145,14145,1,1
2020-12-18 15:03:04.922,14144,14145,14144,1,-1
2020-12-18 15:03:04.922,14144,14145,14143,8,-8
2020-12-18 15:03:04.923,14144,14145,14143,1,-1
2020-12-18 15:03:05.040,14142,14144,14144,1,1
2020-12-18 15:03:09.224,14144,14145,14144,1,-1
2020-12-18 15:03:11.547,14143,14144,14144,1,1
2020-12-18 15:03:12.890,14144,14145,14144,1,-1
2020-12-18 15:03:15.253,14144,14145,14144,3,-3
2020-12-18 15:03:21.024,14144,14145,14144,1,-1
2020-12-18 15:03:24.530,14143,14144,14144,1,1
2020-12-18 15:03:31.125,14144,14145,14144,1,-1
2020-12-18 15:03:35.311,14144,14145,14144,1,-1
2020-12-18 15:03:35.382,14144,14145,14144,1,-1
2020-12-18 15:03:41.685,14144,14145,14145,1,1
2020-12-18 15:03:48.179,14144,14145,14145,2,2
2020-12-18 15:03:49.151,14144,14145,14145,1,1
2020-12-18 15:03:50.466,14144,14145,14145,1,1
2020-12-18 15:03:53.010,14144,14145,14144,1,-1
2020-12-18 15:03:53.510,14144,14145,14144,1,-1
2020-12-18 15:03:53.810,14144,14145,14144,1,-1
2020-12-18 15:03:54.060,14144,14145,14144,1,-1
2020-12-18 15:03:54.065,14144,14145,14145,1,1
2020-12-18 15:03:59.634,14144,14145,14145,1,1
2020-12-18 15:03:59.634,14144,14145,14145,3,3
2020-12-18 15:03:59.634,14144,14145,14145,5,5
2020-12-18 15:03:59.634,14144,14145,14145,9,9
2020-12-18 15:04:06.001,14145,14146,14146,1,1
2020-12-18 15:04:10.140,14146,14147,14146,1,-1
2020-12-18 15:04:10.264,14146,14147,14145,8,-8
2020-12-18 15:04:10.264,14146,14147,14145,2,-2
2020-12-18 15:04:10.807,14144,14146,14146,1,1
2020-12-18 15:04:18.372,14144,14146,14146,1,1
2020-12-18 15:04:28.125,14144,14146,14146,1,1
2020-12-18 15:04:33.343,14145,14146,14145,1,-1
2020-12-18 15:04:43.603,14144,14146,14144,2,-2
2020-12-18 15:04:55.151,14144,14145,14144,1,-1
2020-12-18 15:05:02.383,14144,14145,14144,6,-6
2020-12-18 15:05:02.383,14144,14145,14144,4,-4
2020-12-18 15:05:02.971,14143,14144,14143,1,-1
2020-12-18 15:05:02.974,14143,14144,14143,1,-1
2020-12-18 15:05:03.238,14143,14144,14144,1,1
2020-12-18 15:05:03.997,14143,14144,14144,1,1
2020-12-18 15:05:08.426,14143,14144,14144,1,1
2020-12-18 15:05:08.428,14143,14144,14144,1,1
2020-12-18 15:05:09.834,14144,14145,14144,1,-1
2020-12-18 15:05:16.998,14144,14145,14144,2,-2
2020-12-18 15:05:20.154,14144,14145,14145,4,4
2020-12-18 15:05:25.914,14144,14145,14145,1,1
2020-12-18 15:05:25.935,14144,14145,14145,1,1
2020-12-18 15:05:30.073,14144,14145,14145,2,2
2020-12-18 15:05:37.590,14145,14146,14145,1,-1
2020-12-18 15:05:43.212,14145,14146,14145,1,-1
2020-12-18 15:05:48.756,14144,14145,14144,1,-1
2020-12-18 15:05:49.313,14144,14145,14145,1,1
2020-12-18 15:05:49.314,14144,14145,14145,1,1
2020-12-18 15:06:09.323,14145,14146,14145,1,-1
2020-12-18 15:06:09.673,14145,14146,14145,1,-1
2020-12-18 15:06:09.684,14145,14146,14145,1,-1
2020-12-18 15:06:13.220,14145,14146,14145,1,-1
2020-12-18 15:06:13.270,14145,14146,14145,1,-1
2020-12-18 15:06:13.570,14145,14146,14145,1,-1
2020-12-18 15:06:13.920,14145,14146,14145,1,-1
2020-12-18 15:06:14.517,14144,14145,14145,1,1
2020-12-18 15:06:16.346,14145,14146,14145,2,-2
2020-12-18 15:06:24.160,14145,14146,14145,2,-2
2020-12-18 15:06:27.977,14145,14146,14145,1,-1
2020-12-18 15:06:29.067,14145,14146,14145,1,-1
2020-12-18 15:06:30.667,14145,14146,14145,1,-1
2020-12-18 15:06:36.576,14145,14146,14145,1,-1
2020-12-18 15:06:44.262,14145,14146,14145,1,-1
2020-12-18 15:06:49.585,14145,14146,14145,1,-1
2020-12-18 15:06:49.985,14145,14146,14145,1,-1
2020-12-18 15:06:59.011,14144,14145,14144,10,-10
2020-12-18 15:07:05.929,14144,14145,14145,1,1
2020-12-18 15:07:18.488,14144,14145,14145,1,1
2020-12-18 15:07:57.462,14144,14145,14145,5,5
2020-12-18 15:07:57.462,14144,14145,14145,1,1
2020-12-18 15:07:57.462,14144,14145,14145,2,2
2020-12-18 15:07:57.626,14145,14146,14146,7,7
2020-12-18 15:07:58.109,14146,14147,14146,1,-1
2020-12-18 15:07:59.251,14146,14147,14147,6,6
2020-12-18 15:07:59.567,14147,14148,14148,2,2
2020-12-18 15:07:59.639,14147,14148,14148,11,11
2020-12-18 15:07:59.639,14147,14148,14148,1,1
2020-12-18 15:07:59.639,14147,14148,14148,1,1
2020-12-18 15:08:00.705,14148,14149,14148,5,-5
2020-12-18 15:08:04.759,14147,14148,14148,3,3
2020-12-18 15:08:10.775,14147,14148,14148,1,1
2020-12-18 15:08:14.268,14147,14148,14148,1,1
2020-12-18 15:08:14.751,14147,14148,14147,2,-2
2020-12-18 15:08:14.947,14146,14148,14148,1,1
2020-12-18 15:08:20.024,14146,14147,14147,1,1
2020-12-18 15:08:20.024,14146,14147,14147,1,1
2020-12-18 15:08:28.716,14147,14148,14147,1,-1
2020-12-18 15:08:31.369,14147,14148,14148,1,1
2020-12-18 15:08:35.753,14147,14148,14147,1,-1
2020-12-18 15:08:36.744,14147,14148,14148,1,1
2020-12-18 15:08:39.291,14147,14148,14148,2,2
2020-12-18 15:08:44.479,14147,14148,14148,1,1
2020-12-18 15:08:45.704,14147,14148,14148,1,1
2020-12-18 15:08:55.170,14147,14148,14148,1,1
2020-12-18 15:08:56.784,14147,14148,14148,1,1
2020-12-18 15:08:58.330,14147,14148,14147,6,-6
2020-12-18 15:09:02.733,14145,14147,14147,2,2
2020-12-18 15:09:08.488,14145,14146,14145,1,-1
2020-12-18 15:09:08.488,14145,14146,14145,4,-4
2020-12-18 15:09:08.488,14145,14146,14145,1,-1
2020-12-18 15:09:11.147,14144,14145,14145,1,1
2020-12-18 15:09:11.148,14144,14145,14145,1,1
2020-12-18 15:09:11.677,14145,14146,14145,1,-1
2020-12-18 15:09:13.189,14145,14146,14145,1,-1
2020-12-18 15:09:20.362,14144,14145,14145,1,1
2020-12-18 15:09:25.043,14144,14145,14145,2,2
2020-12-18 15:09:29.750,14144,14145,14145,1,1
2020-12-18 15:09:29.763,14144,14145,14145,2,2
2020-12-18 15:09:29.766,14144,14145,14146,1,1
2020-12-18 15:09:42.432,14147,14148,14147,1,1
2020-12-18 15:09:42.827,14147,14148,14148,1,1
2020-12-18 15:09:42.926,14147,14148,14147,1,-1
2020-12-18 15:09:46.529,14147,14148,14147,1,-1
2020-12-18 15:10:03.490,14146,14147,14146,2,-2
2020-12-18 15:10:04.473,14146,14147,14147,1,1
2020-12-18 15:10:11.002,14146,14147,14147,3,3
2020-12-18 15:10:15.670,14146,14147,14147,1,1
2020-12-18 15:10:17.474,14147,14148,14148,1,1
2020-12-18 15:10:17.701,14147,14148,14148,1,1
2020-12-18 15:10:20.646,14147,14148,14147,1,-1
2020-12-18 15:10:21.821,14147,14148,14147,1,-1
2020-12-18 15:10:26.069,14147,14148,14147,1,-1
2020-12-18 15:10:30.088,14147,14148,14148,4,4
2020-12-18 15:10:30.089,14147,14148,14148,1,1
2020-12-18 15:10:30.089,14147,14148,14148,1,1
2020-12-18 15:10:30.089,14147,14148,14148,3,3
2020-12-18 15:10:35.246,14148,14149,14149,9,9
2020-12-18 15:10:36.054,14148,14150,14150,1,1
2020-12-18 15:10:39.952,14149,14150,14149,1,-1
2020-12-18 15:10:40.347,14149,14150,14150,1,1
2020-12-18 15:10:40.965,14149,14150,14149,1,-1
2020-12-18 15:10:47.495,14149,14150,14149,1,-1
2020-12-18 15:10:47.495,14149,14150,14149,1,-1
2020-12-18 15:10:47.495,14149,14150,14149,1,-1
2020-12-18 15:10:47.495,14149,14150,14149,1,-1
2020-12-18 15:10:47.496,14149,14150,14149,3,-3
2020-12-18 15:10:52.750,14148,14149,14149,1,1
2020-12-18 15:10:57.258,14148,14149,14149,4,4
2020-12-18 15:11:02.311,14149,14150,14150,2,2
2020-12-18 15:11:06.131,14149,14150,14149,1,-1
2020-12-18 15:11:14.682,14149,14150,14150,2,2
2020-12-18 15:11:14.872,14149,14150,14149,1,-1
2020-12-18 15:11:16.241,14149,14150,14149,2,-2
2020-12-18 15:11:16.261,14149,14150,14149,2,-2
2020-12-18 15:11:17.075,14149,14150,14149,1,-1
2020-12-18 15:11:21.188,14149,14150,14150,1,1
2020-12-18 15:11:23.102,14149,14150,14150,1,1
2020-12-18 15:11:26.829,14149,14150,14150,1,1
2020-12-18 15:11:27.554,14149,14150,14150,1,1
2020-12-18 15:11:40.851,14149,14150,14149,2,-2
2020-12-18 15:11:43.371,14149,14150,14150,1,1
2020-12-18 15:11:47.312,14149,14150,14149,1,-1
2020-12-18 15:11:47.313,14149,14150,14149,4,-4
2020-12-18 15:11:47.375,14149,14150,14148,2,-2
2020-12-18 15:11:47.677,14147,14148,14148,2,2
2020-12-18 15:11:49.298,14147,14148,14148,2,2
2020-12-18 15:12:01.707,14147,14148,14148,1,1
2020-12-18 15:12:11.926,14147,14149,14147,1,-1
2020-12-18 15:12:12.872,14148,14149,14148,1,1
2020-12-18 15:12:33.459,14147,14148,14147,3,-3
2020-12-18 15:12:37.266,14146,14147,14147,5,5
2020-12-18 15:12:37.400,14146,14147,14147,1,1
2020-12-18 15:12:50.922,14146,14147,14146,1,-1
2020-12-18 15:12:53.882,14146,14147,14146,1,-1
2020-12-18 15:12:57.184,14146,14147,14146,3,-3
2020-12-18 15:12:57.185,14146,14147,14146,2,-2
2020-12-18 15:12:59.905,14146,14147,14146,1,-1
2020-12-18 15:13:08.751,14145,14146,14146,1,1
2020-12-18 15:13:09.145,14145,14147,14147,4,4
2020-12-18 15:13:12.657,14145,14147,14145,20,-20
2020-12-18 15:13:12.668,14145,14147,14145,1,-1
2020-12-18 15:13:17.429,14145,14146,14145,1,-1
2020-12-18 15:13:17.829,14145,14146,14145,1,-1
2020-12-18 15:13:27.940,14145,14146,14145,2,-2
2020-12-18 15:13:27.940,14145,14146,14145,2,-2
2020-12-18 15:13:38.922,14144,14145,14145,1,1
2020-12-18 15:14:17.874,14144,14145,14145,5,5
2020-12-18 15:14:20.679,14145,14146,14146,1,1
2020-12-18 15:14:20.801,14145,14147,14145,1,-1
2020-12-18 15:14:29.600,14145,14147,14147,1,1
2020-12-18 15:14:33.626,14145,14146,14146,2,2
2020-12-18 15:14:40.016,14146,14147,14146,1,-1
2020-12-18 15:14:45.929,14146,14147,14146,2,-2
2020-12-18 15:14:51.057,14145,14146,14146,1,1
2020-12-18 15:14:52.002,14145,14146,14145,1,-1
2020-12-18 15:15:01.931,14145,14146,14146,1,1
2020-12-18 15:15:12.981,14145,14146,14146,1,1
2020-12-18 15:15:24.318,14145,14146,14146,2,2
2020-12-18 15:15:26.394,14145,14146,14146,2,2
2020-12-18 15:15:34.067,14145,14146,14145,2,-2
2020-12-18 15:15:44.290,14145,14146,14145,1,-1
2020-12-18 15:15:44.290,14145,14146,14145,4,-4
2020-12-18 15:15:44.290,14145,14146,14145,1,-1
2020-12-18 15:16:04.439,14144,14145,14145,1,1
2020-12-18 15:16:07.378,14144,14145,14145,1,1
2020-12-18 15:16:07.503,14145,14146,14146,1,1
2020-12-18 15:16:07.505,14145,14146,14146,2,2
2020-12-18 15:16:16.915,14146,14147,14146,5,-5
2020-12-18 15:16:17.002,14146,14147,14147,1,1
2020-12-18 15:16:17.003,14146,14147,14147,1,1
2020-12-18 15:16:17.128,14146,14147,14147,1,1
2020-12-18 15:16:17.128,14146,14147,14147,1,1
2020-12-18 15:16:30.988,14146,14147,14147,9,9
2020-12-18 15:16:30.988,14146,14147,14147,9,9
2020-12-18 15:16:30.989,14146,14147,14147,1,1
2020-12-18 15:16:30.989,14146,14147,14147,2,2
2020-12-18 15:16:30.989,14146,14147,14147,1,1
2020-12-18 15:16:30.989,14146,14147,14147,1,1
2020-12-18 15:16:36.091,14147,14148,14148,1,1
2020-12-18 15:16:36.128,14147,14148,14148,1,1
2020-12-18 15:16:52.121,14147,14148,14148,1,1
2020-12-18 15:16:52.127,14147,14148,14148,1,1
2020-12-18 15:16:52.128,14147,14148,14148,1,1
2020-12-18 15:16:52.129,14147,14148,14148,1,1
2020-12-18 15:16:55.531,14147,14148,14148,2,2
2020-12-18 15:16:55.628,14147,14148,14148,1,1
2020-12-18 15:17:00.589,14147,14148,14148,1,1
2020-12-18 15:17:02.315,14147,14148,14148,1,1
2020-12-18 15:17:08.291,14147,14148,14148,15,15
2020-12-18 15:17:10.542,14148,14149,14149,3,3
2020-12-18 15:17:14.505,14148,14149,14149,1,1
2020-12-18 15:17:15.268,14148,14149,14149,1,1
2020-12-18 15:17:16.910,14148,14149,14149,2,2
2020-12-18 15:17:17.776,14148,14149,14149,1,1
2020-12-18 15:17:18.039,14148,14149,14149,1,1
2020-12-18 15:17:33.352,14149,14150,14149,1,-1
2020-12-18 15:17:42.391,14149,14150,14149,2,-2
2020-12-18 15:17:42.392,14149,14150,14149,1,-1
2020-12-18 15:17:42.596,14148,14149,14149,1,1
2020-12-18 15:18:03.461,14148,14149,14149,3,3
2020-12-18 15:18:04.650,14148,14149,14149,1,1
2020-12-18 15:18:12.763,14148,14149,14149,3,3
2020-12-18 15:18:19.092,14148,14150,14150,1,1
2020-12-18 15:18:20.398,14148,14150,14150,1,1
2020-12-18 15:18:20.650,14148,14150,14150,1,1
2020-12-18 15:18:32.013,14149,14150,14149,1,-1
2020-12-18 15:18:37.353,14149,14150,14149,1,-1
2020-12-18 15:18:47.756,14148,14149,14149,1,1
2020-12-18 15:18:49.069,14149,14150,14149,1,-1
2020-12-18 15:19:02.380,14148,14149,14149,2,2
2020-12-18 15:19:12.540,14148,14149,14148,2,-2
2020-12-18 15:19:12.990,14148,14149,14148,2,-2
2020-12-18 15:19:14.809,14148,14149,14149,2,2
2020-12-18 15:19:14.809,14148,14149,14150,2,2
2020-12-18 15:19:16.185,14148,14150,14149,1,-1
2020-12-18 15:19:24.548,14148,14149,14149,1,1
2020-12-18 15:19:25.768,14148,14150,14148,10,-10
2020-12-18 15:19:33.482,14148,14149,14149,1,1
2020-12-18 15:19:35.586,14148,14149,14149,1,1
2020-12-18 15:19:52.890,14148,14149,14149,1,1
2020-12-18 15:19:53.408,14148,14149,14149,1,1
2020-12-18 15:19:53.941,14148,14149,14149,1,1
2020-12-18 15:19:55.653,14148,14149,14149,2,2
2020-12-18 15:19:58.997,14148,14149,14149,1,1
2020-12-18 15:20:08.968,14148,14149,14148,11,-11
2020-12-18 15:20:10.702,14147,14148,14147,1,-1
2020-12-18 15:20:13.279,14146,14147,14147,3,3
2020-12-18 15:20:13.279,14146,14147,14148,7,7
2020-12-18 15:20:26.384,14147,14148,14148,8,8
2020-12-18 15:20:29.362,14148,14149,14148,2,-2
2020-12-18 15:20:31.295,14147,14148,14148,1,1
2020-12-18 15:20:32.115,14147,14148,14147,5,-5
2020-12-18 15:20:32.116,14147,14148,14147,1,-1
2020-12-18 15:20:32.341,14146,14147,14147,1,1
2020-12-18 15:20:39.213,14146,14147,14147,1,1
2020-12-18 15:20:40.769,14146,14147,14146,5,-5
2020-12-18 15:20:41.219,14146,14147,14146,5,-5
2020-12-18 15:20:41.568,14146,14147,14147,1,1
2020-12-18 15:20:42.519,14146,14147,14147,1,1
2020-12-18 15:20:51.277,14146,14148,14146,2,-2
2020-12-18 15:20:55.204,14146,14147,14146,1,-1
2020-12-18 15:21:01.157,14146,14147,14146,1,-1
2020-12-18 15:21:27.229,14146,14147,14146,3,-3
2020-12-18 15:21:30.760,14145,14146,14146,1,1
2020-12-18 15:21:36.987,14145,14146,14145,1,-1
2020-12-18 15:21:37.537,14145,14146,14145,1,-1
2020-12-18 15:21:39.236,14145,14146,14146,1,1
2020-12-18 15:21:41.538,14145,14146,14145,1,-1
2020-12-18 15:21:41.796,14145,14146,14145,1,-1
2020-12-18 15:21:42.796,14144,14145,14145,1,1
2020-12-18 15:21:46.685,14144,14145,14144,1,-1
2020-12-18 15:21:51.387,14144,14145,14145,1,1
2020-12-18 15:21:51.388,14144,14145,14145,2,2
2020-12-18 15:22:20.490,14145,14146,14145,1,-1
2020-12-18 15:22:22.014,14145,14146,14145,1,-1
2020-12-18 15:22:22.902,14145,14146,14145,1,-1
2020-12-18 15:22:24.147,14145,14146,14146,1,1
2020-12-18 15:23:03.765,14145,14146,14146,2,2
2020-12-18 15:23:08.546,14145,14147,14145,2,-2
2020-12-18 15:23:18.840,14145,14146,14146,2,2
2020-12-18 15:23:34.973,14145,14146,14146,1,1
2020-12-18 15:24:03.553,14145,14146,14146,1,1
2020-12-18 15:24:12.880,14145,14146,14145,1,-1
2020-12-18 15:24:14.395,14145,14146,14145,1,-1
2020-12-18 15:24:14.396,14145,14146,14145,4,-4
2020-12-18 15:24:14.396,14145,14146,14145,2,-2
2020-12-18 15:24:20.598,14144,14145,14145,1,1
2020-12-18 15:24:24.083,14144,14145,14145,1,1
2020-12-18 15:24:25.448,14144,14146,14144,2,-2
2020-12-18 15:24:25.718,14144,14145,14145,1,1
2020-12-18 15:24:36.760,14144,14145,14145,1,1
2020-12-18 15:24:38.239,14144,14145,14144,7,-7
2020-12-18 15:24:38.239,14144,14145,14144,5,-5
2020-12-18 15:24:38.240,14144,14145,14144,14,-14
2020-12-18 15:24:39.189,14143,14145,14143,2,-2
2020-12-18 15:24:39.264,14143,14145,14145,1,1
2020-12-18 15:25:10.935,14143,14144,14143,1,-1
2020-12-18 15:25:16.701,14143,14144,14143,1,-1
2020-12-18 15:25:17.157,14143,14144,14143,1,-1
2020-12-18 15:25:17.174,14143,14144,14143,1,-1
2020-12-18 15:25:19.362,14143,14144,14143,1,-1
2020-12-18 15:25:24.722,14143,14144,14144,4,4
2020-12-18 15:25:26.833,14144,14145,14144,2,-2
2020-12-18 15:25:29.376,14144,14145,14145,3,3
2020-12-18 15:25:34.244,14144,14146,14144,2,-2
2020-12-18 15:25:44.364,14145,14146,14145,2,2
2020-12-18 15:26:05.429,14145,14146,14145,1,-1
2020-12-18 15:26:14.490,14145,14146,14145,1,-1
2020-12-18 15:26:17.947,14145,14146,14145,1,-1
2020-12-18 15:26:21.779,14145,14146,14145,1,-1
2020-12-18 15:26:24.198,14145,14146,14145,1,-1
2020-12-18 15:26:24.405,14145,14146,14145,1,-1
2020-12-18 15:26:24.655,14145,14146,14145,1,-1
2020-12-18 15:26:25.965,14144,14145,14145,2,2
2020-12-18 15:26:29.715,14145,14146,14145,1,-1
2020-12-18 15:26:35.669,14145,14146,14145,1,-1
2020-12-18 15:26:35.669,14145,14146,14144,1,-1
2020-12-18 15:26:37.373,14144,14145,14145,1,1
2020-12-18 15:26:39.687,14144,14145,14145,3,3
2020-12-18 15:26:40.408,14144,14145,14145,1,1
2020-12-18 15:26:46.121,14145,14146,14145,4,-4
2020-12-18 15:26:48.009,14144,14145,14144,2,-2
2020-12-18 15:27:21.178,14144,14145,14145,3,3
2020-12-18 15:27:32.682,14144,14145,14145,2,2
2020-12-18 15:27:35.900,14144,14145,14144,2,-2
2020-12-18 15:27:38.051,14144,14145,14145,2,2
2020-12-18 15:27:52.319,14144,14145,14145,1,1
2020-12-18 15:27:56.884,14144,14145,14145,1,1
2020-12-18 15:28:00.400,14144,14145,14145,2,2
2020-12-18 15:28:03.926,14144,14145,14145,1,1
2020-12-18 15:28:04.390,14144,14145,14145,2,2
2020-12-18 15:28:04.522,14145,14146,14145,1,-1
2020-12-18 15:28:04.649,14145,14146,14145,1,-1
2020-12-18 15:28:08.411,14145,14146,14145,1,-1
2020-12-18 15:28:13.815,14145,14146,14145,1,-1
2020-12-18 15:28:14.369,14144,14146,14144,1,-1
2020-12-18 15:28:19.143,14144,14145,14144,1,-1
2020-12-18 15:28:32.356,14144,14145,14144,2,-2
2020-12-18 15:28:32.356,14144,14145,14144,2,-2
2020-12-18 15:28:32.357,14144,14145,14144,5,-5
2020-12-18 15:28:34.380,14144,14145,14144,1,-1
2020-12-18 15:28:35.383,14144,14145,14144,1,-1
2020-12-18 15:28:37.181,14144,14145,14144,1,-1
2020-12-18 15:29:10.161,14144,14145,14145,1,1
2020-12-18 15:29:24.637,14144,14145,14144,2,-2
2020-12-18 15:29:24.680,14144,14145,14144,5,-5
2020-12-18 15:29:24.680,14144,14145,14144,1,-1
2020-12-18 15:29:59.062,14143,14144,14143,1,-1
2020-12-18 15:29:59.062,14143,14144,14143,3,-3
2020-12-18 15:29:59.063,14143,14144,14143,3,-3
2020-12-18 15:29:59.063,14143,14144,14143,9,-9
2020-12-18 15:29:59.063,14143,14144,14143,6,-6
2020-12-18 15:30:03.293,14142,14143,14143,1,1
2020-12-18 15:30:03.663,14143,14144,14143,3,-3
2020-12-18 15:30:03.669,14143,14144,14143,2,-2
2020-12-18 15:30:04.582,14143,14144,14143,1,-1
2020-12-18 15:30:06.578,14143,14144,14144,2,2
2020-12-18 15:30:10.981,14143,14144,14143,1,-1
2020-12-18 15:30:11.131,14142,14144,14142,1,-1
2020-12-18 15:30:14.633,14142,14143,14142,1,-1
2020-12-18 15:30:23.963,14142,14143,14142,1,-1
2020-12-18 15:30:24.436,14142,14143,14142,4,-4
2020-12-18 15:30:24.437,14142,14143,14142,7,-7
2020-12-18 15:30:24.437,14142,14143,14142,2,-2
2020-12-18 15:30:24.437,14142,14143,14142,1,-1
2020-12-18 15:30:24.503,14141,14142,14142,1,1
2020-12-18 15:30:24.503,14141,14142,14142,4,4
2020-12-18 15:30:24.503,14141,14142,14143,1,1
2020-12-18 15:30:25.158,14141,14143,14143,1,1
2020-12-18 15:30:27.386,14143,14144,14143,1,-1
2020-12-18 15:30:27.679,14142,14144,14143,1,-1
2020-12-18 15:30:28.504,14143,14144,14144,1,1
2020-12-18 15:30:28.626,14143,14144,14144,2,2
2020-12-18 15:30:28.628,14143,14144,14145,1,1
2020-12-18 15:30:29.349,14144,14145,14144,1,-1
2020-12-18 15:30:32.796,14143,14144,14143,1,-1
2020-12-18 15:30:36.488,14143,14144,14144,1,1
2020-12-18 15:30:38.638,14143,14144,14143,1,-1
2020-12-18 15:30:51.925,14142,14144,14143,1,-1
2020-12-18 15:30:58.023,14143,14144,14144,1,1
2020-12-18 15:31:00.407,14144,14145,14144,2,-2
2020-12-18 15:31:01.310,14144,14145,14144,2,-2
2020-12-18 15:31:01.560,14144,14145,14145,6,6
2020-12-18 15:31:01.626,14145,14146,14146,2,2
2020-12-18 15:31:02.779,14145,14146,14146,19,19
2020-12-18 15:31:03.702,14146,14147,14146,1,-1
2020-12-18 15:31:06.368,14145,14147,14145,2,-2
2020-12-18 15:31:23.462,14145,14147,14145,1,-1
2020-12-18 15:31:23.862,14145,14147,14145,1,-1
2020-12-18 15:31:24.312,14145,14147,14145,1,-1
2020-12-18 15:31:34.626,14144,14145,14145,2,2
2020-12-18 15:31:45.251,14144,14145,14145,1,1
2020-12-18 15:31:45.585,14144,14146,14144,1,-1
2020-12-18 15:32:00.869,14144,14146,14144,2,-2
2020-12-18 15:32:03.901,14144,14146,14144,1,-1
2020-12-18 15:32:05.824,14144,14146,14144,1,-1
2020-12-18 15:32:06.274,14144,14146,14144,1,-1
2020-12-18 15:32:06.974,14144,14146,14144,1,-1
2020-12-18 15:32:08.024,14144,14146,14144,1,-1
2020-12-18 15:32:33.097,14143,14145,14145,1,1
2020-12-18 15:32:39.183,14143,14144,14144,1,1
2020-12-18 15:32:43.633,14144,14145,14144,2,-2
2020-12-18 15:33:10.851,14144,14145,14144,2,-2
2020-12-18 15:33:10.851,14144,14145,14144,2,-2
2020-12-18 15:33:11.612,14143,14144,14143,2,-2
2020-12-18 15:33:11.766,14143,14144,14143,4,-4
2020-12-18 15:33:11.869,14143,14144,14142,4,-4
2020-12-18 15:33:11.996,14142,14144,14142,4,-4
2020-12-18 15:33:12.229,14142,14143,14142,2,-2
2020-12-18 15:33:20.703,14142,14143,14142,1,-1
2020-12-18 15:33:25.228,14142,14144,14143,1,1
2020-12-18 15:33:26.882,14142,14144,14142,1,-1
2020-12-18 15:33:28.720,14142,14144,14142,1,-1
2020-12-18 15:33:42.510,14143,14144,14143,1,1
2020-12-18 15:34:02.757,14142,14143,14142,2,-2
2020-12-18 15:34:07.244,14142,14143,14142,1,-1
2020-12-18 15:34:07.244,14142,14143,14142,2,-2
2020-12-18 15:34:07.381,14141,14142,14141,1,-1
2020-12-18 15:34:07.625,14141,14142,14141,2,-2
2020-12-18 15:34:07.927,14141,14142,14141,1,-1
2020-12-18 15:34:08.083,14141,14142,14141,1,-1
2020-12-18 15:34:08.228,14141,14142,14141,1,-1
2020-12-18 15:34:08.410,14141,14142,14141,1,-1
2020-12-18 15:34:08.529,14141,14142,14141,1,-1
2020-12-18 15:34:08.693,14141,14142,14141,1,-1
2020-12-18 15:34:08.694,14141,14142,14141,2,-2
2020-12-18 15:34:09.388,14140,14142,14140,1,-1
2020-12-18 15:34:09.549,14140,14142,14140,1,-1
2020-12-18 15:34:09.626,14140,14142,14140,1,-1
2020-12-18 15:34:09.666,14140,14142,14140,1,-1
2020-12-18 15:34:09.711,14140,14142,14140,1,-1
2020-12-18 15:34:09.718,14140,14142,14140,1,-1
2020-12-18 15:34:12.038,14140,14141,14140,1,-1
2020-12-18 15:34:12.202,14140,14141,14140,1,-1
2020-12-18 15:34:12.354,14140,14141,14140,1,-1
2020-12-18 15:34:12.520,14140,14141,14140,1,-1
2020-12-18 15:34:12.685,14140,14141,14140,1,-1
2020-12-18 15:34:12.839,14140,14141,14140,1,-1
2020-12-18 15:34:12.846,14140,14141,14140,1,-1
2020-12-18 15:34:13.068,14140,14141,14140,1,-1
2020-12-18 15:34:13.142,14140,14141,14140,1,-1
2020-12-18 15:34:13.777,14140,14141,14140,1,-1
2020-12-18 15:34:13.777,14140,14141,14140,3,-3
2020-12-18 15:34:13.777,14140,14141,14140,4,-4
2020-12-18 15:34:13.777,14140,14141,14140,6,-6
2020-12-18 15:34:13.927,14139,14140,14139,1,-1
2020-12-18 15:34:14.064,14139,14140,14139,1,-1
2020-12-18 15:34:14.490,14139,14140,14139,1,-1
2020-12-18 15:34:14.518,14139,14140,14139,1,-1
2020-12-18 15:34:15.073,14139,14140,14139,1,-1
2020-12-18 15:34:15.077,14139,14140,14139,1,-1
2020-12-18 15:34:16.493,14138,14139,14138,2,-2
2020-12-18 15:34:16.551,14138,14139,14138,1,-1
2020-12-18 15:34:19.135,14138,14139,14138,1,-1
2020-12-18 15:34:19.202,14138,14139,14139,1,1
2020-12-18 15:34:19.257,14138,14139,14138,1,-1
2020-12-18 15:34:19.412,14138,14139,14138,1,-1
2020-12-18 15:34:19.561,14138,14139,14138,1,-1
2020-12-18 15:34:19.568,14138,14139,14138,1,-1
2020-12-18 15:34:19.731,14138,14139,14138,1,-1
2020-12-18 15:34:19.874,14138,14139,14138,1,-1
2020-12-18 15:34:20.055,14138,14139,14138,1,-1
2020-12-18 15:34:20.105,14138,14139,14138,1,-1
2020-12-18 15:34:20.203,14138,14139,14138,1,-1
2020-12-18 15:34:20.336,14138,14139,14138,1,-1
2020-12-18 15:34:20.486,14138,14139,14138,1,-1
2020-12-18 15:34:20.644,14138,14139,14138,1,-1
2020-12-18 15:34:20.799,14138,14139,14138,1,-1
2020-12-18 15:34:20.952,14138,14139,14138,1,-1
2020-12-18 15:34:21.001,14138,14139,14138,4,-4
2020-12-18 15:34:21.139,14137,14138,14137,1,-1
2020-12-18 15:34:21.268,14137,14138,14137,1,-1
2020-12-18 15:34:21.275,14137,14138,14137,1,-1
2020-12-18 15:34:21.277,14137,14138,14137,5,-5
2020-12-18 15:34:21.277,14137,14138,14137,4,-4
2020-12-18 15:34:21.277,14137,14138,14136,1,-1
2020-12-18 15:34:21.283,14137,14138,14136,1,-1
2020-12-18 15:34:21.526,14136,14138,14136,1,-1
2020-12-18 15:34:21.559,14136,14138,14136,1,-1
2020-12-18 15:34:21.646,14136,14138,14136,1,-1
2020-12-18 15:34:21.694,14136,14138,14136,2,-2
2020-12-18 15:34:21.751,14136,14137,14136,4,-4
2020-12-18 15:34:21.794,14136,14137,14136,6,-6
2020-12-18 15:34:21.794,14136,14137,14136,1,-1
2020-12-18 15:34:21.834,14136,14137,14135,1,-1
2020-12-18 15:34:22.161,14135,14136,14135,1,-1
2020-12-18 15:34:23.412,14136,14138,14136,1,1
2020-12-18 15:34:28.163,14137,14138,14137,1,1
2020-12-18 15:34:28.584,14137,14138,14137,3,-3
2020-12-18 15:34:29.878,14137,14138,14138,1,1
2020-12-18 15:34:43.394,14138,14139,14138,1,-1
2020-12-18 15:34:46.280,14138,14139,14138,3,-3
2020-12-18 15:34:46.280,14138,14139,14137,1,-1
2020-12-18 15:34:47.948,14137,14139,14137,5,-5
2020-12-18 15:34:48.782,14137,14138,14137,2,-2
2020-12-18 15:34:48.782,14137,14138,14136,1,-1
2020-12-18 15:34:51.214,14137,14138,14137,1,1
2020-12-18 15:34:54.065,14137,14138,14137,1,-1
2020-12-18 15:34:56.074,14137,14138,14137,1,-1
2020-12-18 15:35:00.596,14137,14138,14138,1,1
2020-12-18 15:35:02.642,14138,14139,14138,1,-1
2020-12-18 15:35:06.227,14138,14139,14139,2,2
2020-12-18 15:35:11.918,14138,14139,14138,1,-1
2020-12-18 15:35:25.332,14138,14139,14138,1,-1
2020-12-18 15:35:25.888,14138,14139,14139,1,1
2020-12-18 15:35:27.184,14138,14139,14138,2,-2
2020-12-18 15:35:42.588,14138,14139,14138,1,-1
2020-12-18 15:35:47.446,14138,14139,14138,1,-1
2020-12-18 15:35:57.959,14138,14139,14138,2,-2
2020-12-18 15:36:29.856,14138,14139,14138,1,-1
2020-12-18 15:36:36.568,14138,14139,14138,1,-1
2020-12-18 15:36:36.981,14138,14139,14138,1,-1
2020-12-18 15:36:39.045,14138,14139,14139,1,1
2020-12-18 15:36:39.583,14138,14139,14138,2,-2
2020-12-18 15:36:43.085,14138,14139,14139,1,1
2020-12-18 15:36:43.715,14138,14139,14139,1,1
2020-12-18 15:36:46.639,14138,14139,14139,1,1
2020-12-18 15:36:46.639,14138,14139,14139,2,2
2020-12-18 15:36:46.642,14138,14139,14140,9,9
2020-12-18 15:36:46.643,14138,14139,14140,2,2
2020-12-18 15:36:46.643,14138,14139,14140,12,12
2020-12-18 15:36:46.861,14140,14141,14142,1,1
2020-12-18 15:36:46.895,14141,14142,14142,2,2
2020-12-18 15:36:46.919,14141,14142,14142,3,3
2020-12-18 15:36:47.112,14141,14142,14141,1,-1
2020-12-18 15:37:01.205,14140,14141,14140,1,-1
2020-12-18 15:37:02.047,14139,14140,14140,1,1
2020-12-18 15:37:02.077,14139,14140,14141,1,1
2020-12-18 15:37:08.296,14140,14141,14140,1,-1
2020-12-18 15:37:08.296,14140,14141,14139,1,-1
2020-12-18 15:37:08.853,14138,14140,14138,1,-1
2020-12-18 15:37:09.124,14138,14140,14140,1,1
2020-12-18 15:37:17.705,14139,14140,14139,1,-1
2020-12-18 15:37:26.979,14139,14140,14140,1,1
2020-12-18 15:37:27.149,14139,14140,14140,1,1
2020-12-18 15:37:30.599,14139,14140,14140,1,1
2020-12-18 15:37:33.665,14139,14140,14140,1,1
2020-12-18 15:37:41.533,14139,14140,14140,2,2
2020-12-18 15:37:46.917,14139,14140,14140,1,1
2020-12-18 15:37:47.801,14139,14140,14140,1,1
2020-12-18 15:37:50.511,14139,14140,14139,1,-1
2020-12-18 15:38:10.036,14139,14140,14140,1,1
2020-12-18 15:38:17.930,14139,14140,14139,1,-1
2020-12-18 15:38:32.314,14140,14141,14140,2,2
2020-12-18 15:38:51.403,14139,14140,14140,1,1
2020-12-18 15:38:59.402,14139,14140,14139,3,-3
2020-12-18 15:38:59.402,14139,14140,14139,3,-3
2020-12-18 15:38:59.402,14139,14140,14139,3,-3
2020-12-18 15:39:04.684,14138,14139,14138,2,-2
2020-12-18 15:39:04.909,14138,14139,14139,4,4
2020-12-18 15:39:09.903,14138,14139,14139,2,2
2020-12-18 15:39:18.055,14138,14139,14139,2,2
2020-12-18 15:39:19.448,14138,14139,14138,2,-2
2020-12-18 15:39:25.413,14138,14139,14139,1,1
2020-12-18 15:39:25.732,14139,14140,14139,1,-1
2020-12-18 15:39:42.856,14139,14140,14139,1,-1
2020-12-18 15:40:04.897,14139,14140,14140,6,6
2020-12-18 15:40:06.244,14141,14142,14142,2,2
2020-12-18 15:40:08.677,14141,14143,14141,2,-2
2020-12-18 15:40:10.000,14141,14142,14141,1,-1
2020-12-18 15:40:32.702,14141,14142,14142,1,1
2020-12-18 15:40:45.333,14141,14142,14142,1,1
2020-12-18 15:41:18.198,14141,14142,14142,1,1
2020-12-18 15:41:25.069,14142,14143,14143,1,1
2020-12-18 15:41:29.691,14141,14142,14141,2,-2
2020-12-18 15:41:30.295,14141,14142,14142,1,1
2020-12-18 15:41:52.772,14142,14143,14142,1,-1
2020-12-18 15:42:11.017,14142,14143,14143,3,3
2020-12-18 15:42:11.061,14142,14143,14143,1,1
2020-12-18 15:42:11.524,14143,14144,14143,1,-1
2020-12-18 15:42:25.639,14143,14144,14144,1,1
2020-12-18 15:42:34.636,14143,14144,14144,1,1
2020-12-18 15:42:37.225,14143,14144,14144,1,1
2020-12-18 15:43:02.650,14143,14144,14144,1,1
2020-12-18 15:43:03.249,14143,14144,14144,1,1
2020-12-18 15:43:04.096,14143,14144,14144,1,1
2020-12-18 15:43:05.100,14143,14144,14144,1,1
2020-12-18 15:43:14.384,14143,14144,14143,1,-1
2020-12-18 15:43:15.528,14143,14144,14143,2,-2
2020-12-18 15:43:32.203,14142,14143,14142,2,-2
2020-12-18 15:43:39.722,14142,14143,14142,1,-1
2020-12-18 15:43:39.723,14142,14143,14142,1,-1
2020-12-18 15:43:58.984,14141,14142,14141,1,-1
2020-12-18 15:44:06.942,14141,14142,14141,2,-2
2020-12-18 15:44:08.660,14141,14142,14142,1,1
2020-12-18 15:44:13.339,14141,14142,14142,1,1
2020-12-18 15:44:42.825,14141,14142,14141,1,-1
2020-12-18 15:44:43.418,14141,14142,14142,1,1
2020-12-18 15:44:46.893,14141,14142,14142,1,1
2020-12-18 15:44:53.829,14141,14143,14141,2,-2
2020-12-18 15:45:47.437,14141,14142,14141,1,-1
2020-12-18 15:45:47.820,14141,14142,14141,1,-1
2020-12-18 15:46:20.935,14141,14142,14142,1,1
2020-12-18 15:46:23.443,14141,14142,14142,2,2
2020-12-18 15:46:23.502,14141,14143,14143,1,1
2020-12-18 15:46:23.503,14141,14143,14143,1,1
2020-12-18 15:46:23.503,14141,14143,14143,1,1
2020-12-18 15:46:23.504,14141,14143,14143,1,1
2020-12-18 15:46:23.504,14141,14143,14143,1,1
2020-12-18 15:46:23.504,14141,14143,14143,1,1
2020-12-18 15:46:23.504,14141,14143,14143,1,1
2020-12-18 15:46:23.504,14141,14143,14143,1,1
2020-12-18 15:46:23.682,14142,14143,14142,2,-2
2020-12-18 15:46:28.875,14141,14142,14142,1,1
2020-12-18 15:46:30.443,14141,14142,14142,1,1
2020-12-18 15:46:30.503,14141,14142,14142,1,1
2020-12-18 15:46:30.503,14141,14142,14142,1,1
2020-12-18 15:46:30.504,14141,14142,14142,1,1
2020-12-18 15:46:32.650,14141,14142,14142,1,1
2020-12-18 15:46:51.470,14141,14142,14142,1,1
2020-12-18 15:46:55.249,14141,14142,14141,2,-2
2020-12-18 15:46:55.249,14141,14142,14141,2,-2
2020-12-18 15:46:55.248,14141,14142,14141,2,-2
2020-12-18 15:46:55.274,14141,14142,14140,1,-1
2020-12-18 15:46:55.937,14140,14141,14141,1,1
2020-12-18 15:47:07.281,14140,14141,14141,1,1
2020-12-18 15:47:11.759,14140,14141,14141,1,1
2020-12-18 15:47:13.709,14140,14141,14140,2,-2
2020-12-18 15:47:13.709,14140,14141,14139,1,-1
2020-12-18 15:47:15.933,14139,14140,14139,1,-1
2020-12-18 15:47:15.933,14139,14140,14139,2,-2
2020-12-18 15:47:22.176,14138,14140,14139,1,-1
2020-12-18 15:47:25.474,14138,14139,14138,2,-2
2020-12-18 15:47:26.546,14138,14139,14138,1,-1
2020-12-18 15:47:28.890,14138,14139,14139,1,1
2020-12-18 15:47:29.303,14138,14139,14138,1,-1
2020-12-18 15:47:35.785,14138,14139,14139,1,1
2020-12-18 15:47:37.013,14138,14139,14139,1,1
2020-12-18 15:47:37.552,14139,14140,14139,3,-3
2020-12-18 15:47:39.158,14139,14140,14139,1,-1
2020-12-18 15:47:41.337,14139,14140,14140,1,1
2020-12-18 15:47:50.089,14139,14140,14139,2,-2
2020-12-18 15:47:54.823,14139,14140,14139,1,-1
2020-12-18 15:47:59.974,14139,14140,14139,2,-2
2020-12-18 15:48:15.293,14139,14140,14140,1,1
2020-12-18 15:48:49.576,14139,14141,14139,2,-2
2020-12-18 15:48:55.159,14139,14140,14139,2,-2
2020-12-18 15:48:57.926,14139,14140,14139,1,-1
2020-12-18 15:49:06.323,14139,14140,14139,1,-1
2020-12-18 15:49:06.344,14139,14140,14139,2,-2
2020-12-18 15:49:23.387,14139,14140,14139,3,-3
2020-12-18 15:49:31.382,14138,14139,14138,1,-1
2020-12-18 15:49:35.313,14138,14139,14138,1,-1
2020-12-18 15:49:40.619,14138,14139,14138,1,-1
2020-12-18 15:49:40.641,14137,14139,14137,1,-1
2020-12-18 15:49:40.780,14137,14139,14137,1,-1
2020-12-18 15:49:41.424,14137,14139,14139,1,1
2020-12-18 15:49:45.224,14138,14139,14139,1,1
2020-12-18 15:49:46.518,14139,14140,14139,5,-5
2020-12-18 15:49:46.519,14139,14140,14139,3,-3
2020-12-18 15:49:55.360,14138,14139,14139,1,1
2020-12-18 15:50:08.045,14138,14139,14139,1,1
2020-12-18 15:50:46.218,14138,14139,14138,1,-1
2020-12-18 15:50:52.626,14138,14139,14139,1,1
2020-12-18 15:51:14.876,14139,14140,14139,5,-5
2020-12-18 15:51:16.723,14138,14139,14139,2,2
2020-12-18 15:51:22.501,14138,14139,14138,6,-6
2020-12-18 15:51:22.751,14137,14138,14137,9,-9
2020-12-18 15:51:22.752,14137,14138,14137,1,-1
2020-12-18 15:51:22.876,14136,14137,14136,6,-6
2020-12-18 15:51:22.877,14136,14137,14136,3,-3
2020-12-18 15:51:22.877,14136,14137,14136,9,-9
2020-12-18 15:51:22.879,14136,14137,14136,1,-1
2020-12-18 15:51:23.002,14135,14137,14135,1,-1
2020-12-18 15:51:23.126,14135,14137,14135,1,-1
2020-12-18 15:51:23.174,14135,14137,14135,2,-2
2020-12-18 15:51:23.180,14135,14137,14135,2,-2
2020-12-18 15:51:23.184,14135,14137,14135,2,-2
2020-12-18 15:51:23.184,14135,14137,14135,2,-2
2020-12-18 15:51:23.184,14135,14137,14135,1,-1
2020-12-18 15:51:23.185,14135,14137,14135,1,-1
2020-12-18 15:51:23.186,14135,14137,14134,1,-1
2020-12-18 15:51:23.523,14134,14136,14134,1,-1
2020-12-18 15:51:23.721,14134,14135,14134,2,-2
2020-12-18 15:51:23.772,14134,14135,14134,1,-1
2020-12-18 15:51:23.809,14134,14135,14134,1,-1
2020-12-18 15:51:23.965,14134,14136,14134,1,-1
2020-12-18 15:51:27.880,14134,14135,14135,1,1
2020-12-18 15:51:53.217,14136,14137,14136,1,1
2020-12-18 15:52:18.715,14135,14136,14136,1,1
2020-12-18 15:52:19.668,14135,14136,14136,1,1
2020-12-18 15:52:25.624,14135,14136,14135,1,-1
2020-12-18 15:52:25.624,14135,14136,14135,1,-1
2020-12-18 15:52:25.623,14135,14136,14135,8,-8
2020-12-18 15:52:25.624,14135,14136,14135,1,-1
2020-12-18 15:52:25.624,14135,14136,14135,1,-1
2020-12-18 15:52:25.624,14135,14136,14135,1,-1
2020-12-18 15:52:26.139,14134,14135,14134,4,-4
2020-12-18 15:52:27.368,14134,14135,14134,1,-1
2020-12-18 15:52:29.788,14134,14135,14134,1,-1
2020-12-18 15:52:30.600,14134,14135,14134,1,-1
2020-12-18 15:52:31.677,14134,14135,14134,2,-2
2020-12-18 15:52:32.283,14134,14135,14134,1,-1
2020-12-18 15:52:35.065,14134,14135,14134,1,-1
2020-12-18 15:52:36.876,14134,14135,14135,1,1
2020-12-18 15:52:44.626,14134,14135,14134,2,-2
2020-12-18 15:52:49.254,14134,14135,14134,1,-1
2020-12-18 15:52:52.419,14134,14135,14135,1,1
2020-12-18 15:52:54.353,14134,14135,14134,2,-2
2020-12-18 15:52:54.355,14134,14135,14134,4,-4
2020-12-18 15:52:54.402,14133,14134,14134,1,1
2020-12-18 15:52:59.550,14133,14135,14135,1,1
2020-12-18 15:53:04.275,14134,14135,14134,3,-3
2020-12-18 15:53:05.004,14133,14134,14134,2,2
2020-12-18 15:53:08.043,14133,14134,14134,1,1
2020-12-18 15:53:12.565,14133,14134,14134,1,1
2020-12-18 15:53:19.037,14133,14134,14133,5,-5
2020-12-18 15:53:19.146,14133,14134,14133,1,-1
2020-12-18 15:53:20.162,14133,14134,14133,1,-1
2020-12-18 15:53:34.668,14133,14134,14133,1,-1
2020-12-18 15:53:35.075,14133,14134,14133,1,-1
2020-12-18 15:53:37.478,14133,14134,14133,1,-1
2020-12-18 15:53:39.018,14133,14134,14134,1,1
2020-12-18 15:53:42.921,14133,14134,14134,3,3
2020-12-18 15:53:46.973,14134,14135,14134,1,-1
2020-12-18 15:53:48.218,14134,14135,14135,1,1
2020-12-18 15:53:48.218,14134,14135,14135,1,1
2020-12-18 15:53:49.484,14134,14136,14136,10,10
2020-12-18 15:53:49.485,14134,14136,14136,3,3
2020-12-18 15:53:49.810,14136,14137,14137,1,1
2020-12-18 15:53:50.116,14136,14137,14136,1,-1
2020-12-18 15:54:00.159,14136,14137,14137,1,1
2020-12-18 15:54:00.550,14136,14138,14136,2,-2
2020-12-18 15:54:00.614,14136,14138,14136,1,-1
2020-12-18 15:54:02.487,14136,14137,14136,2,-2
2020-12-18 15:54:07.124,14136,14137,14136,2,-2
2020-12-18 15:54:12.726,14136,14137,14136,1,-1
2020-12-18 15:54:17.181,14136,14137,14136,2,-2
2020-12-18 15:54:18.683,14136,14137,14136,1,-1
2020-12-18 15:54:25.525,14136,14137,14137,2,2
2020-12-18 15:54:46.891,14137,14138,14137,1,-1
2020-12-18 15:54:54.821,14137,14138,14137,3,-3
2020-12-18 15:55:04.613,14136,14138,14138,2,2
2020-12-18 15:55:26.654,14136,14137,14137,2,2
2020-12-18 15:55:28.481,14136,14137,14136,3,-3
2020-12-18 15:55:39.364,14136,14137,14136,1,-1
2020-12-18 15:55:45.029,14135,14136,14136,1,1
2020-12-18 15:55:45.029,14135,14136,14137,3,3
2020-12-18 15:55:55.875,14135,14136,14136,1,1
2020-12-18 15:56:08.443,14135,14136,14136,2,2
2020-12-18 15:56:12.925,14135,14136,14135,1,-1
2020-12-18 15:56:15.058,14135,14136,14136,1,1
2020-12-18 15:56:18.525,14135,14136,14135,2,-2
2020-12-18 15:56:23.893,14134,14135,14134,2,-2
2020-12-18 15:56:28.481,14134,14135,14134,1,-1
2020-12-18 15:56:33.653,14134,14135,14134,2,-2
2020-12-18 15:56:43.015,14133,14135,14133,2,-2
2020-12-18 15:56:43.954,14133,14135,14133,10,-10
2020-12-18 15:56:44.028,14132,14134,14132,1,-1
2020-12-18 15:56:44.279,14132,14134,14132,1,-1
2020-12-18 15:56:44.310,14132,14134,14132,1,-1
2020-12-18 15:56:44.459,14132,14134,14132,1,-1
2020-12-18 15:56:48.207,14132,14134,14132,2,-2
2020-12-18 15:56:48.479,14132,14134,14132,1,-1
2020-12-18 15:56:51.330,14132,14134,14132,1,-1
2020-12-18 15:57:11.478,14133,14134,14134,1,1
2020-12-18 15:57:12.271,14134,14135,14134,1,-1
2020-12-18 15:57:12.377,14134,14135,14134,1,-1
2020-12-18 15:57:12.378,14134,14135,14133,1,-1
2020-12-18 15:57:12.379,14134,14135,14133,1,-1
2020-12-18 15:57:16.730,14134,14135,14135,1,1
2020-12-18 15:57:26.218,14135,14136,14135,1,-1
2020-12-18 15:57:26.252,14134,14136,14134,1,-1
2020-12-18 15:57:26.253,14134,14136,14134,1,-1
2020-12-18 15:57:26.253,14134,14136,14134,1,-1
2020-12-18 15:57:26.254,14134,14136,14134,1,-1
2020-12-18 15:57:26.254,14134,14136,14134,1,-1
2020-12-18 15:57:26.254,14134,14136,14134,1,-1
2020-12-18 15:57:26.254,14134,14136,14134,1,-1
2020-12-18 15:57:26.255,14134,14136,14134,1,-1
2020-12-18 15:57:42.863,14134,14135,14134,1,-1
2020-12-18 15:57:42.878,14133,14135,14133,1,-1
2020-12-18 15:58:00.923,14134,14135,14134,1,1
2020-12-18 15:58:01.002,14133,14135,14133,1,-1
2020-12-18 15:58:01.004,14133,14135,14133,1,-1
2020-12-18 15:58:01.185,14133,14134,14134,1,1
2020-12-18 15:58:01.719,14133,14134,14134,1,1
2020-12-18 15:58:03.460,14134,14135,14134,2,-2
2020-12-18 15:58:31.591,14134,14135,14134,2,-2
2020-12-18 15:58:31.820,14134,14135,14134,1,-1
2020-12-18 15:58:32.968,14134,14135,14135,1,1
2020-12-18 15:59:00.885,14134,14135,14135,1,1
2020-12-18 15:59:02.246,14135,14136,14135,1,-1
2020-12-18 15:59:17.581,14135,14136,14135,2,-2
2020-12-18 15:59:17.582,14135,14136,14135,1,-1
2020-12-18 15:59:39.866,14135,14136,14136,1,1
2020-12-18 15:59:50.862,14135,14136,14136,1,1
2020-12-18 15:59:55.336,14135,14136,14135,4,-4
2020-12-18 15:59:55.437,14134,14135,14135,4,4
2020-12-18 15:59:55.840,14134,14135,14135,1,1
2020-12-18 15:59:59.113,14134,14135,14135,2,2
2020-12-18 15:59:59.374,14135,14136,14136,7,7
2020-12-18 15:59:59.641,14136,14137,14137,20,20
2020-12-18 15:59:59.642,14136,14137,14137,20,20
2020-12-18 16:00:01.334,14136,14138,14136,1,-1
2020-12-18 16:00:02.211,14136,14138,14136,1,-1
2020-12-18 16:00:16.210,14135,14136,14135,6,-6
2020-12-18 16:00:17.115,14134,14135,14135,2,2
2020-12-18 16:00:26.643,14135,14136,14136,3,3
2020-12-18 16:00:26.751,14136,14137,14137,1,1
2020-12-18 16:00:31.119,14135,14136,14135,3,-3
2020-12-18 16:00:31.924,14134,14135,14134,1,-1
2020-12-18 16:00:31.924,14134,14135,14134,2,-2
2020-12-18 16:00:31.924,14134,14135,14134,2,-2
2020-12-18 16:00:31.924,14134,14135,14134,2,-2
2020-12-18 16:00:31.924,14134,14135,14134,2,-2
2020-12-18 16:00:31.924,14134,14135,14134,3,-3
2020-12-18 16:00:34.906,14133,14135,14135,1,1
2020-12-18 16:00:42.411,14133,14134,14133,4,-4
2020-12-18 16:00:45.251,14132,14133,14132,1,-1
2020-12-18 16:00:45.714,14132,14133,14132,1,-1
2020-12-18 16:00:45.714,14132,14133,14132,3,-3
2020-12-18 16:00:45.715,14132,14133,14132,2,-2
2020-12-18 16:00:45.715,14132,14133,14132,4,-4
2020-12-18 16:00:48.442,14131,14132,14131,1,-1
2020-12-18 16:00:48.785,14131,14132,14131,2,-2
2020-12-18 16:00:48.811,14131,14132,14131,4,-4
2020-12-18 16:00:48.864,14131,14132,14131,2,-2
2020-12-18 16:00:48.938,14131,14132,14131,1,-1
2020-12-18 16:00:48.945,14131,14132,14131,1,-1
2020-12-18 16:00:48.945,14131,14132,14131,1,-1
2020-12-18 16:00:48.946,14131,14132,14131,1,-1
2020-12-18 16:00:48.946,14131,14132,14131,7,-7
2020-12-18 16:00:48.946,14131,14132,14131,2,-2
2020-12-18 16:00:48.978,14131,14132,14130,1,-1
2020-12-18 16:00:49.022,14130,14131,14130,1,-1
2020-12-18 16:00:49.055,14130,14131,14130,1,-1
2020-12-18 16:00:49.071,14130,14131,14130,1,-1
2020-12-18 16:00:49.162,14130,14131,14130,1,-1
2020-12-18 16:00:49.230,14130,14131,14130,1,-1
2020-12-18 16:00:49.380,14130,14131,14130,1,-1
2020-12-18 16:00:49.456,14130,14131,14131,1,1
2020-12-18 16:00:49.717,14130,14131,14130,2,-2
2020-12-18 16:00:49.781,14130,14131,14130,2,-2
2020-12-18 16:00:50.894,14130,14131,14130,1,-1
2020-12-18 16:00:51.595,14130,14131,14131,1,1
2020-12-18 16:00:51.943,14130,14132,14132,1,1
2020-12-18 16:00:52.476,14130,14132,14130,1,-1
2020-12-18 16:00:53.963,14131,14132,14131,1,1
2020-12-18 16:00:54.178,14130,14132,14132,1,1
2020-12-18 16:00:57.686,14131,14132,14132,2,2
2020-12-18 16:01:01.596,14131,14133,14132,1,-1
2020-12-18 16:01:08.776,14131,14132,14131,1,-1
2020-12-18 16:01:13.121,14131,14132,14132,1,1
2020-12-18 16:01:13.571,14131,14132,14131,3,-3
2020-12-18 16:01:18.371,14131,14132,14131,1,-1
2020-12-18 16:01:23.175,14131,14132,14131,2,-2
2020-12-18 16:01:36.518,14131,14132,14132,1,1
2020-12-18 16:01:38.052,14131,14132,14131,2,-2
2020-12-18 16:01:40.279,14131,14132,14132,4,4
2020-12-18 16:01:40.369,14131,14132,14133,2,2
2020-12-18 16:01:45.065,14132,14133,14133,3,3
2020-12-18 16:01:56.048,14132,14134,14133,1,-1
2020-12-18 16:02:05.627,14133,14135,14135,1,1
2020-12-18 16:02:06.788,14134,14135,14135,1,1
2020-12-18 16:02:08.232,14134,14135,14135,1,1
2020-12-18 16:02:09.185,14134,14135,14135,1,1
2020-12-18 16:02:18.916,14134,14135,14135,1,1
2020-12-18 16:02:48.517,14134,14135,14134,2,-2
2020-12-18 16:02:55.721,14134,14135,14135,7,7
2020-12-18 16:02:56.550,14135,14136,14135,1,-1
2020-12-18 16:02:58.451,14135,14136,14136,1,1
2020-12-18 16:03:03.828,14135,14136,14136,1,1
2020-12-18 16:03:04.101,14135,14136,14136,6,6
2020-12-18 16:03:12.925,14135,14136,14136,1,1
2020-12-18 16:03:21.599,14135,14136,14136,1,1
2020-12-18 16:03:26.057,14135,14137,14137,1,1
2020-12-18 16:03:27.769,14136,14137,14136,1,-1
2020-12-18 16:03:28.418,14136,14137,14137,2,2
2020-12-18 16:03:33.922,14136,14137,14137,1,1
2020-12-18 16:03:45.586,14136,14137,14137,1,1
2020-12-18 16:03:45.652,14136,14137,14137,2,2
2020-12-18 16:03:45.670,14136,14137,14137,2,2
2020-12-18 16:03:45.686,14136,14137,14137,2,2
2020-12-18 16:03:45.695,14136,14137,14137,1,1
2020-12-18 16:03:45.792,14137,14138,14138,1,1
2020-12-18 16:03:45.994,14137,14138,14138,1,1
2020-12-18 16:03:50.631,14137,14138,14138,3,3
2020-12-18 16:03:51.906,14137,14138,14138,1,1
2020-12-18 16:03:55.907,14137,14138,14138,1,1
2020-12-18 16:03:57.302,14137,14138,14138,4,4
2020-12-18 16:03:57.413,14138,14139,14139,1,1
2020-12-18 16:03:57.419,14138,14139,14139,2,2
2020-12-18 16:04:01.801,14138,14139,14139,1,1
2020-12-18 16:04:01.801,14138,14139,14139,4,4
2020-12-18 16:04:01.801,14138,14139,14139,8,8
2020-12-18 16:04:01.801,14138,14139,14139,1,1
2020-12-18 16:04:01.802,14138,14139,14139,1,1
2020-12-18 16:04:03.066,14138,14139,14138,1,-1
2020-12-18 16:04:03.460,14137,14139,14138,1,-1
2020-12-18 16:04:18.446,14138,14140,14138,1,-1
2020-12-18 16:04:28.025,14139,14140,14140,1,1
2020-12-18 16:04:28.050,14139,14140,14140,3,3
2020-12-18 16:04:28.050,14139,14140,14140,1,1
2020-12-18 16:04:28.050,14139,14140,14140,1,1
2020-12-18 16:04:28.050,14139,14140,14140,1,1
2020-12-18 16:04:28.050,14139,14140,14140,1,1
2020-12-18 16:04:28.050,14139,14140,14140,4,4
2020-12-18 16:04:28.051,14139,14140,14140,13,13
2020-12-18 16:04:28.164,14140,14141,14141,1,1
2020-12-18 16:04:29.432,14140,14141,14141,1,1
2020-12-18 16:04:30.687,14140,14141,14141,1,1
2020-12-18 16:04:31.350,14140,14141,14141,1,1
2020-12-18 16:04:34.504,14140,14141,14141,1,1
2020-12-18 16:04:35.675,14140,14141,14140,2,-2
2020-12-18 16:04:43.145,14139,14140,14140,1,1
2020-12-18 16:04:43.271,14139,14140,14140,2,2
2020-12-18 16:04:45.072,14139,14140,14140,1,1
2020-12-18 16:04:48.410,14139,14140,14140,1,1
2020-12-18 16:04:49.411,14139,14140,14140,4,4
2020-12-18 16:04:49.411,14139,14140,14141,1,1
2020-12-18 16:04:50.261,14140,14141,14140,1,-1
2020-12-18 16:04:54.173,14139,14140,14140,2,2
2020-12-18 16:04:58.875,14140,14141,14140,1,-1
2020-12-18 16:04:59.697,14139,14141,14139,6,-6
2020-12-18 16:05:00.984,14139,14140,14140,2,2
2020-12-18 16:05:06.248,14139,14140,14141,1,1
2020-12-18 16:05:06.247,14139,14140,14140,6,6
2020-12-18 16:05:06.247,14139,14140,14141,22,22
2020-12-18 16:05:06.248,14139,14140,14141,1,1
2020-12-18 16:05:06.248,14139,14140,14141,1,1
2020-12-18 16:05:06.248,14139,14140,14141,1,1
2020-12-18 16:05:06.248,14139,14140,14141,1,1
2020-12-18 16:05:06.248,14139,14140,14141,8,8
2020-12-18 16:05:16.397,14141,14142,14141,2,-2
2020-12-18 16:05:16.699,14141,14142,14142,3,3
2020-12-18 16:05:16.779,14141,14142,14142,1,1
2020-12-18 16:05:17.416,14141,14142,14142,2,2
2020-12-18 16:05:20.079,14141,14142,14142,2,2
2020-12-18 16:05:22.225,14142,14143,14143,5,5
2020-12-18 16:05:22.328,14142,14143,14143,1,1
2020-12-18 16:05:23.118,14142,14143,14142,3,-3
2020-12-18 16:05:25.065,14140,14142,14142,3,3
2020-12-18 16:05:27.553,14140,14142,14142,1,1
2020-12-18 16:05:29.916,14140,14142,14141,1,-1
2020-12-18 16:05:30.730,14140,14142,14141,1,-1
2020-12-18 16:05:31.456,14140,14141,14141,1,1
2020-12-18 16:05:34.222,14140,14141,14140,2,-2
2020-12-18 16:05:47.148,14139,14140,14140,1,1
2020-12-18 16:05:48.810,14140,14141,14141,2,2
2020-12-18 16:05:48.812,14140,14141,14141,2,2
2020-12-18 16:05:50.854,14140,14142,14140,1,-1
2020-12-18 16:05:59.300,14140,14141,14141,1,1
2020-12-18 16:06:02.241,14141,14142,14141,1,-1
2020-12-18 16:06:04.196,14140,14141,14141,1,1
2020-12-18 16:06:10.545,14140,14141,14140,1,-1
2020-12-18 16:06:12.552,14140,14141,14140,1,-1
2020-12-18 16:06:27.315,14140,14141,14140,2,-2
2020-12-18 16:06:27.315,14140,14141,14140,1,-1
2020-12-18 16:06:31.956,14139,14140,14139,1,-1
2020-12-18 16:06:36.233,14138,14139,14139,1,1
2020-12-18 16:06:37.746,14138,14140,14138,1,-1
2020-12-18 16:06:39.506,14138,14140,14140,2,2
2020-12-18 16:06:42.270,14138,14139,14139,1,1
2020-12-18 16:06:45.648,14139,14140,14140,2,2
2020-12-18 16:06:46.425,14139,14140,14140,1,1
2020-12-18 16:06:46.677,14140,14141,14141,1,1
2020-12-18 16:06:46.711,14140,14141,14140,1,-1
2020-12-18 16:07:03.719,14139,14140,14139,1,-1
2020-12-18 16:07:03.719,14139,14140,14139,1,-1
2020-12-18 16:07:03.719,14139,14140,14139,1,-1
2020-12-18 16:07:13.354,14139,14140,14139,1,-1
2020-12-18 16:07:39.077,14139,14140,14139,1,-1
2020-12-18 16:07:49.713,14139,14140,14139,1,-1
2020-12-18 16:07:51.018,14139,14140,14139,1,-1
2020-12-18 16:07:55.410,14139,14140,14140,4,4
2020-12-18 16:07:55.410,14139,14140,14140,3,3
2020-12-18 16:07:56.800,14140,14141,14140,1,-1
2020-12-18 16:08:09.066,14140,14141,14141,1,1
2020-12-18 16:08:18.477,14140,14141,14140,2,-2
2020-12-18 16:08:18.981,14139,14140,14140,4,4
2020-12-18 16:08:18.981,14139,14140,14141,6,6
2020-12-18 16:08:25.110,14140,14141,14141,2,2
2020-12-18 16:08:35.109,14141,14142,14142,1,1
2020-12-18 16:08:35.126,14141,14142,14142,3,3
2020-12-18 16:08:46.555,14142,14143,14142,1,-1
2020-12-18 16:08:47.651,14142,14143,14142,1,-1
2020-12-18 16:08:50.158,14142,14143,14143,1,1
2020-12-18 16:08:50.158,14142,14143,14143,2,2
2020-12-18 16:08:50.158,14142,14143,14143,1,1
2020-12-18 16:08:50.158,14142,14143,14143,2,2
2020-12-18 16:08:50.158,14142,14143,14143,7,7
2020-12-18 16:08:50.503,14142,14144,14144,1,1
2020-12-18 16:08:55.035,14143,14144,14144,1,1
2020-12-18 16:08:57.244,14143,14144,14143,2,-2
2020-12-18 16:08:57.459,14142,14143,14143,1,1
2020-12-18 16:09:00.234,14143,14144,14143,1,-1
2020-12-18 16:09:03.409,14142,14144,14144,1,1
2020-12-18 16:09:06.573,14143,14144,14143,1,-1
2020-12-18 16:09:09.168,14143,14144,14144,1,1
2020-12-18 16:09:12.447,14143,14144,14144,1,1
2020-12-18 16:09:13.157,14143,14144,14144,1,1
2020-12-18 16:09:19.290,14143,14144,14144,1,1
2020-12-18 16:09:22.210,14143,14144,14144,1,1
2020-12-18 16:09:22.313,14143,14144,14144,1,1
2020-12-18 16:09:25.956,14143,14144,14144,2,2
2020-12-18 16:09:28.443,14144,14145,14144,1,-1
2020-12-18 16:09:33.631,14144,14145,14144,3,-3
2020-12-18 16:09:47.076,14143,14144,14144,4,4
2020-12-18 16:09:47.901,14143,14144,14144,4,4
2020-12-18 16:09:48.090,14143,14145,14144,1,-1
2020-12-18 16:09:48.420,14143,14145,14145,2,2
2020-12-18 16:09:49.129,14143,14145,14144,1,-1
2020-12-18 16:09:53.988,14143,14145,14144,1,-1
2020-12-18 16:09:57.717,14143,14144,14143,1,-1
2020-12-18 16:09:57.718,14143,14144,14143,2,-2
2020-12-18 16:10:13.724,14142,14143,14143,1,1
2020-12-18 16:10:18.381,14143,14144,14144,1,1
2020-12-18 16:10:25.163,14143,14144,14144,4,4
2020-12-18 16:10:33.290,14144,14145,14144,13,-13
2020-12-18 16:10:38.908,14143,14144,14144,2,2
2020-12-18 16:10:47.020,14143,14144,14143,9,-9
2020-12-18 16:10:47.021,14143,14144,14143,2,-2
2020-12-18 16:10:48.300,14142,14144,14144,1,1
2020-12-18 16:10:55.401,14142,14144,14143,1,-1
2020-12-18 16:11:05.644,14142,14143,14142,1,-1
2020-12-18 16:11:05.645,14142,14143,14142,1,-1
2020-12-18 16:11:05.645,14142,14143,14142,4,-4
2020-12-18 16:11:09.923,14141,14142,14142,4,4
2020-12-18 16:11:09.925,14141,14142,14142,1,1
2020-12-18 16:11:43.924,14141,14142,14142,1,1
2020-12-18 16:11:44.901,14141,14142,14142,1,1
2020-12-18 16:12:02.214,14141,14142,14141,3,-3
2020-12-18 16:12:09.927,14141,14142,14142,2,2
2020-12-18 16:12:11.531,14142,14143,14143,1,1
2020-12-18 16:12:11.531,14142,14143,14143,1,1
2020-12-18 16:12:11.532,14142,14143,14143,4,4
2020-12-18 16:12:12.004,14142,14144,14144,1,1
2020-12-18 16:12:16.461,14143,14144,14144,1,1
2020-12-18 16:12:17.943,14143,14144,14144,2,2
2020-12-18 16:12:17.944,14143,14144,14144,2,2
2020-12-18 16:12:20.657,14143,14145,14145,1,1
2020-12-18 16:12:35.644,14144,14145,14144,1,-1
2020-12-18 16:12:37.433,14143,14144,14144,1,1
2020-12-18 16:12:38.892,14144,14145,14145,1,1
2020-12-18 16:12:43.526,14143,14145,14145,1,1
2020-12-18 16:12:47.323,14144,14145,14144,2,-2
2020-12-18 16:12:48.351,14143,14145,14145,2,2
2020-12-18 16:12:52.403,14144,14145,14144,1,-1
2020-12-18 16:12:57.640,14143,14144,14143,6,-6
2020-12-18 16:13:33.480,14142,14143,14143,1,1
2020-12-18 16:13:36.484,14142,14143,14143,5,5
2020-12-18 16:13:44.583,14143,14144,14143,1,-1
2020-12-18 16:14:01.724,14143,14144,14143,1,-1
2020-12-18 16:14:02.010,14142,14143,14143,1,1
2020-12-18 16:14:38.051,14142,14143,14142,2,-2
2020-12-18 16:14:56.779,14141,14143,14141,1,-1
2020-12-18 16:15:05.141,14141,14142,14141,2,-2
2020-12-18 16:15:08.114,14141,14142,14142,1,1
2020-12-18 16:15:21.665,14141,14142,14142,1,1
2020-12-18 16:15:34.527,14141,14142,14141,13,-13
2020-12-18 16:15:51.660,14141,14142,14141,2,-2
2020-12-18 16:16:21.400,14141,14142,14141,1,-1
2020-12-18 16:16:47.216,14141,14142,14142,2,2
2020-12-18 16:16:48.048,14142,14143,14142,1,-1
2020-12-18 16:16:51.065,14142,14143,14143,4,4
2020-12-18 16:16:51.537,14143,14144,14144,3,3
2020-12-18 16:16:51.537,14143,14144,14144,1,1
2020-12-18 16:16:51.552,14143,14144,14145,1,1
2020-12-18 16:16:51.563,14143,14144,14145,1,1
2020-12-18 16:16:51.595,14143,14144,14145,1,1
2020-12-18 16:16:51.611,14143,14144,14145,2,2
2020-12-18 16:16:51.622,14143,14144,14145,2,2
2020-12-18 16:16:51.640,14144,14145,14145,1,1
2020-12-18 16:16:51.668,14144,14145,14145,2,2
2020-12-18 16:16:51.700,14144,14145,14145,1,1
2020-12-18 16:16:59.291,14143,14145,14143,1,-1
2020-12-18 16:17:11.858,14143,14145,14144,1,1
2020-12-18 16:17:18.032,14144,14145,14145,1,1
2020-12-18 16:17:18.858,14144,14145,14144,1,-1
2020-12-18 16:17:23.994,14144,14145,14144,1,-1
2020-12-18 16:17:29.408,14144,14145,14144,1,-1
2020-12-18 16:17:40.643,14144,14145,14144,3,-3
2020-12-18 16:17:46.252,14144,14145,14145,9,9
2020-12-18 16:17:47.514,14145,14146,14146,1,1
2020-12-18 16:17:47.773,14145,14146,14145,1,-1
2020-12-18 16:17:48.725,14145,14146,14146,1,1
2020-12-18 16:17:48.967,14145,14146,14145,5,-5
2020-12-18 16:17:48.968,14145,14146,14145,1,-1
2020-12-18 16:17:50.064,14145,14146,14145,1,-1
2020-12-18 16:17:53.024,14145,14146,14146,1,1
2020-12-18 16:17:53.126,14145,14146,14146,21,21
2020-12-18 16:17:53.251,14146,14147,14147,6,6
2020-12-18 16:17:53.431,14146,14147,14147,1,1
2020-12-18 16:17:53.503,14146,14147,14147,1,1
2020-12-18 16:17:53.596,14146,14147,14147,1,1
2020-12-18 16:17:53.668,14146,14147,14146,1,-1
2020-12-18 16:17:58.187,14146,14147,14146,1,-1
2020-12-18 16:17:58.448,14146,14147,14147,2,2
2020-12-18 16:17:59.363,14146,14147,14147,4,4
2020-12-18 16:18:10.130,14146,14147,14146,1,-1
2020-12-18 16:18:11.400,14146,14147,14147,8,8
2020-12-18 16:18:11.400,14146,14147,14148,32,32
2020-12-18 16:18:11.401,14146,14147,14148,3,3
2020-12-18 16:18:11.401,14146,14147,14148,15,15
2020-12-18 16:18:11.401,14146,14147,14148,1,1
2020-12-18 16:18:11.527,14147,14148,14148,1,1
2020-12-18 16:18:11.534,14147,14148,14148,2,2
2020-12-18 16:18:13.300,14148,14149,14149,2,2
2020-12-18 16:18:13.476,14148,14149,14149,1,1
2020-12-18 16:18:14.852,14148,14149,14148,1,-1
2020-12-18 16:18:15.726,14148,14149,14149,2,2
2020-12-18 16:18:17.293,14148,14149,14149,1,1
2020-12-18 16:18:17.644,14148,14149,14149,1,1
2020-12-18 16:18:18.478,14148,14149,14149,2,2
2020-12-18 16:18:19.242,14148,14149,14148,1,-1
2020-12-18 16:18:19.901,14148,14149,14149,1,1
2020-12-18 16:18:20.047,14148,14149,14149,1,1
2020-12-18 16:18:21.274,14148,14149,14149,1,1
2020-12-18 16:18:21.353,14148,14149,14149,1,1
2020-12-18 16:18:21.539,14148,14149,14149,5,5
2020-12-18 16:18:22.141,14148,14149,14149,5,5
2020-12-18 16:18:22.237,14148,14149,14149,8,8
2020-12-18 16:18:24.152,14149,14150,14149,1,-1
2020-12-18 16:18:25.069,14149,14150,14149,1,-1
2020-12-18 16:18:25.399,14148,14150,14150,2,2
2020-12-18 16:18:25.557,14148,14150,14150,1,1
2020-12-18 16:18:25.566,14148,14150,14150,9,9
2020-12-18 16:18:25.585,14148,14150,14150,2,2
2020-12-18 16:18:25.606,14148,14150,14150,1,1
2020-12-18 16:18:25.750,14149,14150,14150,1,1
2020-12-18 16:18:25.848,14149,14150,14150,1,1
2020-12-18 16:18:25.996,14149,14150,14150,1,1
2020-12-18 16:18:30.079,14149,14150,14149,2,-2
2020-12-18 16:18:34.046,14149,14150,14149,1,-1
2020-12-18 16:18:35.174,14149,14150,14150,1,1
2020-12-18 16:18:39.829,14149,14150,14149,2,-2
2020-12-18 16:18:43.529,14149,14150,14150,15,15
2020-12-18 16:18:43.530,14149,14150,14150,11,11
2020-12-18 16:18:43.530,14149,14150,14150,2,2
2020-12-18 16:18:43.530,14149,14150,14150,1,1
2020-12-18 16:18:43.530,14149,14150,14150,1,1
2020-12-18 16:18:43.530,14149,14150,14150,2,2
2020-12-18 16:18:43.532,14149,14150,14151,1,1
2020-12-18 16:18:43.657,14150,14151,14151,2,2
2020-12-18 16:18:43.658,14150,14151,14151,3,3
2020-12-18 16:18:43.699,14150,14151,14151,1,1
2020-12-18 16:18:43.739,14150,14151,14151,1,1
2020-12-18 16:18:44.005,14150,14151,14151,1,1
2020-12-18 16:18:46.205,14150,14151,14150,3,-3
2020-12-18 16:18:46.206,14150,14151,14150,2,-2
2020-12-18 16:18:46.206,14150,14151,14150,1,-1
2020-12-18 16:18:46.206,14150,14151,14150,3,-3
2020-12-18 16:18:46.209,14150,14151,14150,4,-4
2020-12-18 16:18:47.755,14150,14151,14151,1,1
2020-12-18 16:18:47.993,14150,14151,14151,3,3
2020-12-18 16:18:48.251,14150,14151,14151,1,1
2020-12-18 16:18:49.830,14150,14151,14150,1,-1
2020-12-18 16:18:52.442,14150,14151,14150,1,-1
2020-12-18 16:18:52.442,14150,14151,14149,1,-1
2020-12-18 16:18:52.642,14149,14150,14150,1,1
2020-12-18 16:18:55.817,14150,14151,14150,1,-1
2020-12-18 16:18:56.501,14150,14151,14151,1,1
2020-12-18 16:18:57.938,14150,14151,14151,2,2
2020-12-18 16:18:58.823,14150,14151,14150,1,-1
2020-12-18 16:19:03.703,14150,14151,14151,1,1
2020-12-18 16:19:04.630,14150,14151,14150,1,-1
2020-12-18 16:19:04.995,14150,14151,14151,1,1
2020-12-18 16:19:06.000,14150,14151,14150,2,-2
2020-12-18 16:19:06.001,14150,14151,14150,1,-1
2020-12-18 16:19:06.001,14150,14151,14150,1,-1
2020-12-18 16:19:06.001,14150,14151,14150,1,-1
2020-12-18 16:19:06.001,14150,14151,14150,1,-1
2020-12-18 16:19:06.871,14149,14151,14151,1,1
2020-12-18 16:19:07.700,14150,14151,14150,1,-1
2020-12-18 16:19:09.571,14149,14151,14151,2,2
2020-12-18 16:19:10.139,14150,14151,14151,3,3
2020-12-18 16:19:10.883,14149,14151,14151,3,3
2020-12-18 16:19:13.837,14149,14151,14151,2,2
2020-12-18 16:19:16.157,14150,14151,14151,1,1
2020-12-18 16:19:16.207,14150,14151,14150,1,-1
2020-12-18 16:19:20.153,14150,14151,14150,1,-1
2020-12-18 16:19:21.003,14150,14151,14150,1,-1
2020-12-18 16:19:21.391,14150,14151,14150,1,-1
2020-12-18 16:19:24.176,14149,14151,14150,2,-2
2020-12-18 16:19:24.177,14149,14151,14150,4,-4
2020-12-18 16:19:25.596,14150,14151,14150,1,-1
2020-12-18 16:19:26.607,14149,14150,14150,1,1
2020-12-18 16:19:28.038,14149,14150,14150,2,2
2020-12-18 16:19:29.838,14149,14150,14150,1,1
2020-12-18 16:19:38.683,14149,14150,14149,1,-1
2020-12-18 16:19:38.683,14149,14150,14149,6,-6
2020-12-18 16:19:40.178,14148,14149,14149,1,1
2020-12-18 16:19:47.702,14149,14150,14149,1,-1
2020-12-18 16:19:48.443,14149,14150,14149,1,-1
2020-12-18 16:19:48.661,14148,14149,14149,1,1
2020-12-18 16:19:55.149,14149,14150,14149,4,-4
2020-12-18 16:20:11.127,14148,14149,14149,9,9
2020-12-18 16:20:11.127,14148,14149,14149,1,1
2020-12-18 16:20:12.099,14148,14150,14148,1,-1
2020-12-18 16:20:12.148,14148,14150,14148,1,-1
2020-12-18 16:20:12.395,14148,14150,14149,1,1
2020-12-18 16:20:13.925,14148,14150,14148,2,-2
2020-12-18 16:20:14.578,14148,14149,14149,2,2
2020-12-18 16:20:17.828,14148,14149,14149,1,1
2020-12-18 16:20:18.335,14148,14149,14149,2,2
2020-12-18 16:20:26.588,14149,14150,14150,2,2
2020-12-18 16:20:26.699,14149,14150,14150,1,1
2020-12-18 16:20:27.807,14149,14150,14150,4,4
2020-12-18 16:20:28.131,14149,14150,14149,1,-1
2020-12-18 16:20:29.258,14149,14150,14149,5,-5
2020-12-18 16:20:30.957,14149,14150,14150,1,1
2020-12-18 16:20:32.745,14149,14150,14149,1,-1
2020-12-18 16:20:48.694,14149,14150,14149,1,-1
2020-12-18 16:20:48.694,14149,14150,14149,5,-5
2020-12-18 16:20:48.694,14149,14150,14149,1,-1
2020-12-18 16:20:56.484,14148,14149,14149,1,1
2020-12-18 16:21:00.527,14148,14149,14148,2,-2
2020-12-18 16:21:01.180,14148,14149,14149,4,4
2020-12-18 16:21:01.908,14148,14149,14148,1,-1
2020-12-18 16:21:03.886,14148,14149,14148,1,-1
2020-12-18 16:21:04.830,14148,14149,14148,4,-4
2020-12-18 16:21:04.831,14148,14149,14148,1,-1
2020-12-18 16:21:10.209,14147,14148,14148,1,1
2020-12-18 16:21:15.254,14147,14148,14148,1,1
2020-12-18 16:21:21.277,14147,14149,14148,1,-1
2020-12-18 16:21:32.343,14147,14148,14148,1,1
2020-12-18 16:21:33.638,14148,14149,14148,1,-1
2020-12-18 16:21:33.753,14147,14148,14148,1,1
2020-12-18 16:21:54.088,14147,14148,14148,5,5
2020-12-18 16:22:05.059,14147,14148,14148,1,1
2020-12-18 16:22:06.529,14147,14148,14148,5,5
2020-12-18 16:22:21.226,14148,14149,14148,1,-1
2020-12-18 16:22:37.423,14148,14149,14148,1,-1
2020-12-18 16:22:41.480,14148,14149,14148,4,-4
2020-12-18 16:22:42.398,14148,14149,14148,1,-1
2020-12-18 16:22:47.217,14148,14149,14148,1,-1
2020-12-18 16:22:48.696,14148,14149,14148,1,-1
2020-12-18 16:22:53.960,14148,14149,14148,1,-1
2020-12-18 16:22:55.356,14148,14149,14149,11,11
2020-12-18 16:22:55.398,14149,14150,14150,1,1
2020-12-18 16:22:56.313,14149,14150,14150,1,1
2020-12-18 16:23:01.550,14149,14150,14149,1,-1
2020-12-18 16:23:06.935,14149,14150,14150,1,1
2020-12-18 16:23:10.996,14149,14150,14150,1,1
2020-12-18 16:23:11.412,14149,14150,14150,4,4
2020-12-18 16:23:11.412,14149,14150,14150,2,2
2020-12-18 16:23:13.670,14149,14150,14150,1,1
2020-12-18 16:23:14.368,14149,14150,14150,1,1
2020-12-18 16:23:14.435,14149,14150,14150,1,1
2020-12-18 16:23:14.435,14149,14150,14150,1,1
2020-12-18 16:23:14.719,14149,14151,14150,1,-1
2020-12-18 16:23:14.719,14149,14151,14150,1,-1
2020-12-18 16:23:18.768,14150,14151,14150,1,-1
2020-12-18 16:23:20.740,14150,14151,14150,1,-1
2020-12-18 16:23:26.851,14150,14151,14150,2,-2
2020-12-18 16:23:27.679,14149,14151,14151,3,3
2020-12-18 16:23:28.952,14150,14151,14150,1,-1
2020-12-18 16:23:33.302,14150,14151,14150,1,-1
2020-12-18 16:23:40.079,14149,14150,14150,1,1
2020-12-18 16:23:51.168,14149,14150,14150,1,1
2020-12-18 16:23:57.620,14149,14150,14150,3,3
2020-12-18 16:24:00.043,14149,14150,14150,2,2
2020-12-18 16:24:01.873,14149,14150,14150,1,1
2020-12-18 16:24:02.769,14149,14150,14149,10,-10
2020-12-18 16:24:02.769,14149,14150,14148,10,-10
2020-12-18 16:24:03.243,14148,14149,14148,1,-1
2020-12-18 16:24:03.428,14148,14149,14148,2,-2
2020-12-18 16:24:03.526,14148,14149,14148,4,-4
2020-12-18 16:24:03.526,14148,14149,14147,8,-8
2020-12-18 16:24:03.731,14147,14148,14147,1,-1
2020-12-18 16:24:03.763,14147,14148,14147,1,-1
2020-12-18 16:24:03.885,14147,14148,14147,1,-1
2020-12-18 16:24:03.888,14147,14148,14147,2,-2
2020-12-18 16:24:03.888,14147,14148,14146,6,-6
2020-12-18 16:24:03.891,14147,14148,14147,1,1
2020-12-18 16:24:04.009,14146,14147,14146,6,-6
2020-12-18 16:24:04.080,14146,14147,14146,4,-4
2020-12-18 16:24:04.150,14146,14147,14147,8,8
2020-12-18 16:24:04.156,14146,14147,14147,2,2
2020-12-18 16:24:04.180,14146,14147,14147,2,2
2020-12-18 16:24:04.279,14146,14148,14146,2,-2
2020-12-18 16:24:04.356,14146,14148,14146,2,-2
2020-12-18 16:24:04.380,14146,14147,14146,4,-4
2020-12-18 16:24:04.380,14146,14147,14145,4,-4
2020-12-18 16:24:04.457,14146,14147,14146,4,4
2020-12-18 16:24:04.603,14146,14147,14146,1,-1
2020-12-18 16:24:04.679,14145,14147,14145,2,-2
2020-12-18 16:24:04.719,14145,14147,14145,1,-1
2020-12-18 16:24:04.722,14145,14147,14145,1,-1
2020-12-18 16:24:04.747,14145,14147,14145,1,-1
2020-12-18 16:24:04.861,14145,14147,14145,4,-4
2020-12-18 16:24:05.566,14145,14147,14145,2,-2
2020-12-18 16:24:06.023,14145,14147,14145,2,-2
2020-12-18 16:24:06.805,14145,14147,14145,1,-1
2020-12-18 16:24:11.434,14146,14147,14147,4,4
2020-12-18 16:24:30.488,14147,14148,14147,2,-2
2020-12-18 16:24:39.513,14146,14148,14146,3,-3
2020-12-18 16:24:56.382,14147,14148,14148,2,2
2020-12-18 16:24:57.379,14147,14148,14148,1,1
2020-12-18 16:24:58.741,14147,14148,14147,1,-1
2020-12-18 16:25:03.709,14147,14148,14147,2,-2
2020-12-18 16:25:18.724,14147,14148,14148,1,1
2020-12-18 16:25:20.458,14147,14148,14148,1,1
2020-12-18 16:25:20.573,14147,14148,14148,1,1
2020-12-18 16:25:21.296,14147,14148,14148,1,1
2020-12-18 16:25:21.413,14147,14149,14149,1,1
2020-12-18 16:25:31.596,14147,14148,14148,1,1
2020-12-18 16:25:38.827,14147,14149,14147,1,-1
2020-12-18 16:25:41.938,14149,14150,14149,1,1
2020-12-18 16:25:41.938,14149,14150,14148,1,-1
2020-12-18 16:25:43.056,14149,14150,14149,1,1
2020-12-18 16:25:47.650,14149,14150,14149,1,-1
2020-12-18 16:25:48.467,14149,14150,14149,1,-1
2020-12-18 16:25:48.552,14148,14150,14148,2,-2
2020-12-18 16:26:03.345,14148,14149,14148,1,-1
2020-12-18 16:26:07.861,14148,14149,14148,1,-1
2020-12-18 16:26:13.218,14148,14149,14148,1,-1
2020-12-18 16:26:15.265,14148,14149,14148,1,-1
2020-12-18 16:26:15.266,14148,14149,14148,1,-1
2020-12-18 16:26:19.735,14147,14149,14148,1,-1
2020-12-18 16:26:24.441,14148,14149,14148,1,-1
2020-12-18 16:26:49.806,14147,14148,14148,1,1
2020-12-18 16:26:57.975,14148,14149,14148,1,-1
2020-12-18 16:27:03.331,14148,14149,14148,1,-1
2020-12-18 16:27:03.433,14147,14149,14147,1,-1
2020-12-18 16:27:04.080,14147,14148,14147,1,-1
2020-12-18 16:27:04.359,14147,14148,14148,2,2
2020-12-18 16:27:30.889,14148,14149,14148,1,-1
2020-12-18 16:27:33.467,14148,14149,14148,2,-2
2020-12-18 16:27:35.998,14148,14149,14148,2,-2
2020-12-18 16:27:36.297,14148,14149,14148,1,-1
2020-12-18 16:27:37.443,14148,14149,14148,1,-1
2020-12-18 16:27:41.627,14148,14149,14148,2,-2
2020-12-18 16:27:43.678,14148,14149,14149,1,1
2020-12-18 16:27:46.001,14149,14150,14150,1,1
2020-12-18 16:27:46.002,14149,14150,14150,4,4
2020-12-18 16:27:46.126,14149,14151,14151,2,2
2020-12-18 16:27:48.251,14150,14151,14151,2,2
2020-12-18 16:27:48.376,14150,14151,14151,1,1
2020-12-18 16:27:48.450,14150,14151,14150,1,-1
2020-12-18 16:27:48.501,14149,14151,14151,1,1
2020-12-18 16:27:48.626,14149,14151,14151,1,1
2020-12-18 16:27:49.092,14149,14151,14151,1,1
2020-12-18 16:27:51.872,14149,14151,14151,3,3
2020-12-18 16:28:01.653,14150,14151,14151,1,1
2020-12-18 16:28:05.972,14150,14151,14151,1,1
2020-12-18 16:28:06.977,14150,14151,14151,1,1
2020-12-18 16:28:13.759,14150,14151,14151,2,2
2020-12-18 16:28:14.413,14150,14151,14151,1,1
2020-12-18 16:28:15.496,14150,14151,14150,1,-1
2020-12-18 16:28:16.263,14150,14151,14151,2,2
2020-12-18 16:28:21.980,14150,14151,14151,3,3
2020-12-18 16:28:22.046,14151,14152,14151,3,-3
2020-12-18 16:28:22.240,14150,14152,14152,5,5
2020-12-18 16:28:22.312,14150,14152,14152,1,1
2020-12-18 16:28:22.974,14150,14152,14152,5,5
2020-12-18 16:28:23.351,14150,14152,14152,5,5
2020-12-18 16:28:23.592,14151,14152,14152,2,2
2020-12-18 16:28:24.238,14151,14152,14152,5,5
2020-12-18 16:28:24.398,14151,14153,14153,5,5
2020-12-18 16:28:24.519,14151,14153,14153,5,5
2020-12-18 16:28:24.519,14151,14153,14153,5,5
2020-12-18 16:28:24.535,14151,14153,14153,1,1
2020-12-18 16:28:24.557,14151,14153,14153,1,1
2020-12-18 16:28:24.562,14151,14153,14153,3,3
2020-12-18 16:28:24.570,14151,14153,14153,1,1
2020-12-18 16:28:24.659,14152,14153,14153,1,1
2020-12-18 16:28:24.677,14152,14153,14153,1,1
2020-12-18 16:28:24.687,14152,14153,14153,3,3
2020-12-18 16:28:24.806,14151,14153,14153,1,1
2020-12-18 16:28:24.815,14151,14153,14153,1,1
2020-12-18 16:28:27.580,14151,14153,14152,1,-1
2020-12-18 16:28:32.096,14151,14152,14152,3,3
2020-12-18 16:28:33.491,14151,14152,14152,1,1
2020-12-18 16:28:34.934,14151,14152,14152,1,1
2020-12-18 16:28:39.691,14151,14152,14152,1,1
2020-12-18 16:28:42.659,14151,14152,14152,1,1
2020-12-18 16:28:43.626,14151,14153,14151,1,-1
2020-12-18 16:28:43.715,14151,14153,14152,1,1
2020-12-18 16:28:43.862,14151,14152,14152,1,1
2020-12-18 16:28:44.779,14151,14152,14152,1,1
2020-12-18 16:28:44.888,14151,14152,14152,1,1
2020-12-18 16:28:49.305,14151,14152,14152,1,1
2020-12-18 16:28:55.164,14151,14152,14152,1,1
2020-12-18 16:28:57.847,14151,14152,14152,1,1
2020-12-18 16:28:58.588,14151,14152,14152,1,1
2020-12-18 16:28:59.348,14151,14152,14152,1,1
2020-12-18 16:29:01.933,14152,14153,14153,1,1
2020-12-18 16:29:03.668,14152,14153,14153,4,4
2020-12-18 16:29:03.668,14152,14153,14154,1,1
2020-12-18 16:29:03.753,14153,14154,14154,1,1
2020-12-18 16:29:03.774,14153,14154,14154,1,1
2020-12-18 16:29:04.316,14153,14154,14153,1,-1
2020-12-18 16:29:06.982,14153,14154,14154,1,1
2020-12-18 16:29:11.519,14153,14154,14153,1,-1
2020-12-18 16:29:12.007,14153,14154,14153,6,-6
2020-12-18 16:29:13.499,14152,14153,14153,4,4
2020-12-18 16:29:13.499,14152,14153,14154,5,5
2020-12-18 16:29:21.311,14152,14153,14153,1,1
2020-12-18 16:29:21.614,14152,14153,14153,1,1
2020-12-18 16:29:22.111,14152,14153,14153,1,1
2020-12-18 16:29:22.128,14152,14153,14153,1,1
2020-12-18 16:29:22.687,14152,14153,14153,1,1
2020-12-18 16:29:24.038,14152,14153,14153,1,1
2020-12-18 16:29:27.892,14152,14153,14153,1,1
2020-12-18 16:29:28.955,14152,14153,14153,1,1
2020-12-18 16:29:29.073,14152,14153,14153,1,1
2020-12-18 16:29:29.853,14152,14153,14152,1,-1
2020-12-18 16:29:30.268,14152,14153,14153,1,1
2020-12-18 16:29:30.393,14152,14153,14153,1,1
2020-12-18 16:29:32.165,14152,14153,14153,1,1
2020-12-18 16:29:33.415,14152,14153,14153,1,1
2020-12-18 16:29:34.918,14152,14153,14153,1,1
2020-12-18 16:29:36.901,14152,14153,14152,1,-1
2020-12-18 16:29:38.512,14152,14153,14152,21,-21
2020-12-18 16:29:38.512,14152,14153,14151,2,-2
2020-12-18 16:29:38.513,14152,14153,14151,6,-6
2020-12-18 16:29:38.916,14150,14152,14152,1,1
2020-12-18 16:29:56.394,14151,14152,14152,9,9
2020-12-18 16:30:01.033,14151,14152,14152,3,3
2020-12-18 16:30:01.528,14151,14152,14152,1,1
2020-12-18 16:30:01.528,14151,14152,14153,1,1
2020-12-18 16:30:01.602,14151,14152,14153,1,1
2020-12-18 16:30:01.763,14151,14153,14153,1,1
2020-12-18 16:30:12.111,14151,14152,14151,9,-9
2020-12-18 16:30:40.126,14150,14151,14150,11,-11
2020-12-18 16:31:01.473,14149,14150,14150,1,1
2020-12-18 16:31:01.511,14149,14151,14151,1,1
2020-12-18 16:31:02.123,14149,14150,14150,1,1
2020-12-18 16:31:02.748,14149,14151,14150,1,-1
2020-12-18 16:31:19.971,14149,14150,14150,1,1
2020-12-18 16:31:32.884,14149,14150,14150,2,2
2020-12-18 16:31:32.885,14149,14150,14150,2,2
2020-12-18 16:31:54.310,14150,14151,14150,2,-2
2020-12-18 16:32:04.223,14150,14151,14151,8,8
2020-12-18 16:32:09.522,14151,14152,14152,5,5
2020-12-18 16:32:09.626,14151,14152,14152,6,6
2020-12-18 16:32:10.331,14151,14153,14153,5,5
2020-12-18 16:32:10.910,14151,14152,14152,1,1
2020-12-18 16:32:11.062,14151,14153,14153,1,1
2020-12-18 16:32:11.159,14151,14153,14151,2,-2
2020-12-18 16:32:11.196,14151,14153,14153,1,1
2020-12-18 16:32:11.352,14151,14153,14153,1,1
2020-12-18 16:32:11.514,14151,14153,14153,1,1
2020-12-18 16:32:11.645,14151,14153,14153,1,1
2020-12-18 16:32:11.784,14151,14153,14153,1,1
2020-12-18 16:32:11.932,14151,14153,14153,1,1
2020-12-18 16:32:12.091,14151,14153,14153,1,1
2020-12-18 16:32:12.205,14151,14153,14153,1,1
2020-12-18 16:32:12.355,14151,14153,14153,1,1
2020-12-18 16:32:12.517,14151,14153,14153,1,1
2020-12-18 16:32:12.585,14151,14153,14151,1,-1
2020-12-18 16:32:12.646,14151,14153,14153,1,1
2020-12-18 16:32:13.037,14151,14153,14153,2,2
2020-12-18 16:32:13.158,14151,14153,14153,1,1
2020-12-18 16:32:13.462,14151,14153,14153,1,1
2020-12-18 16:32:13.853,14151,14153,14153,1,1
2020-12-18 16:32:14.553,14151,14153,14153,1,1
2020-12-18 16:32:17.449,14151,14153,14153,1,1
2020-12-18 16:32:17.647,14151,14153,14153,1,1
2020-12-18 16:32:17.818,14151,14153,14153,1,1
2020-12-18 16:32:18.066,14151,14153,14153,1,1
2020-12-18 16:32:18.254,14151,14153,14153,1,1
2020-12-18 16:32:18.366,14151,14153,14153,1,1
2020-12-18 16:32:18.568,14151,14153,14153,1,1
2020-12-18 16:32:18.674,14151,14153,14153,1,1
2020-12-18 16:32:19.285,14151,14153,14153,1,1
2020-12-18 16:32:19.431,14151,14153,14153,1,1
2020-12-18 16:32:19.848,14151,14153,14153,1,1
2020-12-18 16:32:24.034,14151,14153,14153,1,1
2020-12-18 16:32:24.197,14151,14153,14153,1,1
2020-12-18 16:32:24.382,14151,14153,14153,1,1
2020-12-18 16:32:24.535,14151,14153,14153,1,1
2020-12-18 16:32:25.048,14151,14153,14153,1,1
2020-12-18 16:32:25.211,14152,14153,14153,1,1
2020-12-18 16:32:25.367,14152,14153,14153,1,1
2020-12-18 16:32:25.957,14152,14153,14153,1,1
2020-12-18 16:32:32.632,14152,14153,14152,3,-3
2020-12-18 16:32:40.772,14151,14152,14151,1,-1
2020-12-18 16:32:40.773,14151,14152,14151,4,-4
2020-12-18 16:32:45.068,14150,14151,14151,1,1
2020-12-18 16:32:45.739,14150,14152,14151,1,-1
2020-12-18 16:33:26.696,14150,14151,14151,1,1
2020-12-18 16:33:41.699,14150,14151,14151,1,1
2020-12-18 16:33:56.771,14150,14151,14150,1,-1
2020-12-18 16:34:11.375,14150,14151,14150,1,-1
2020-12-18 16:34:14.242,14150,14151,14150,7,-7
2020-12-18 16:34:16.743,14149,14150,14150,1,1
2020-12-18 16:34:20.609,14149,14150,14150,1,1
2020-12-18 16:34:29.961,14149,14150,14150,1,1
2020-12-18 16:34:31.898,14149,14150,14150,1,1
2020-12-18 16:34:32.708,14149,14151,14149,2,-2
2020-12-18 16:34:44.626,14149,14150,14150,1,1
2020-12-18 16:35:09.958,14150,14151,14150,2,-2
2020-12-18 16:35:12.008,14150,14151,14150,1,-1
2020-12-18 16:35:29.004,14150,14151,14150,1,-1
2020-12-18 16:35:29.356,14150,14151,14150,5,-5
2020-12-18 16:35:33.724,14149,14150,14150,3,3
2020-12-18 16:35:33.912,14149,14150,14150,3,3
2020-12-18 16:35:41.775,14149,14151,14151,1,1
2020-12-18 16:35:43.363,14149,14151,14151,3,3
2020-12-18 16:35:54.977,14150,14151,14151,2,2
2020-12-18 16:36:11.140,14150,14151,14151,1,1
2020-12-18 16:36:19.501,14150,14151,14151,4,4
2020-12-18 16:36:19.501,14150,14151,14151,2,2
2020-12-18 16:36:21.261,14151,14152,14151,1,-1
2020-12-18 16:36:37.145,14151,14152,14152,1,1
2020-12-18 16:36:41.040,14151,14153,14151,1,-1
2020-12-18 16:36:53.116,14151,14152,14151,1,-1
2020-12-18 16:36:53.978,14151,14152,14151,1,-1
2020-12-18 16:36:56.453,14151,14152,14151,4,-4
2020-12-18 16:37:03.941,14150,14152,14152,2,2
2020-12-18 16:37:04.480,14150,14152,14152,2,2
2020-12-18 16:37:05.289,14150,14151,14151,2,2
2020-12-18 16:37:20.856,14150,14151,14150,2,-2
2020-12-18 16:37:29.260,14149,14150,14150,5,5
2020-12-18 16:37:29.813,14150,14151,14150,1,-1
2020-12-18 16:37:35.341,14150,14151,14151,1,1
2020-12-18 16:37:45.476,14150,14151,14151,1,1
2020-12-18 16:37:45.477,14150,14151,14151,2,2
2020-12-18 16:37:47.052,14151,14152,14151,1,-1
2020-12-18 16:37:52.351,14151,14152,14151,1,-1
2020-12-18 16:37:52.352,14151,14152,14151,1,-1
2020-12-18 16:37:58.490,14150,14152,14152,1,1
2020-12-18 16:38:12.346,14151,14152,14151,1,-1
2020-12-18 16:38:19.653,14150,14151,14151,1,1
2020-12-18 16:38:23.580,14151,14152,14151,1,-1
2020-12-18 16:38:23.580,14151,14152,14151,1,-1
2020-12-18 16:38:23.581,14151,14152,14151,3,-3
2020-12-18 16:38:32.174,14151,14152,14152,1,1
2020-12-18 16:38:51.738,14151,14152,14152,1,1
2020-12-18 16:39:03.017,14151,14152,14151,1,-1
2020-12-18 16:39:06.826,14150,14151,14151,1,1
2020-12-18 16:39:33.565,14150,14152,14152,2,2
2020-12-18 16:39:53.245,14150,14152,14152,3,3
2020-12-18 16:40:04.209,14150,14152,14152,1,1
2020-12-18 16:40:11.163,14150,14151,14151,1,1
2020-12-18 16:40:45.741,14150,14151,14150,8,-8
2020-12-18 16:40:50.777,14149,14150,14150,1,1
2020-12-18 16:41:01.240,14150,14151,14150,1,-1
2020-12-18 16:41:06.126,14150,14151,14151,4,4
2020-12-18 16:41:16.299,14150,14151,14151,2,2
2020-12-18 16:41:16.641,14151,14152,14152,2,2
2020-12-18 16:41:22.932,14151,14152,14152,7,7
2020-12-18 16:41:31.150,14151,14152,14151,2,-2
2020-12-18 16:41:31.850,14150,14151,14151,1,1
2020-12-18 16:41:50.453,14149,14151,14149,1,-1
2020-12-18 16:41:50.530,14149,14151,14149,1,-1
2020-12-18 16:42:08.895,14149,14150,14150,4,4
2020-12-18 16:42:09.283,14150,14151,14151,2,2
2020-12-18 16:42:09.867,14151,14152,14152,2,2
2020-12-18 16:42:10.406,14151,14152,14152,2,2
2020-12-18 16:42:15.148,14151,14152,14152,3,3
2020-12-18 16:42:19.932,14152,14153,14152,1,-1
2020-12-18 16:42:30.067,14151,14152,14152,1,1
2020-12-18 16:42:39.381,14150,14152,14152,2,2
2020-12-18 16:42:50.205,14150,14152,14150,1,-1
2020-12-18 16:43:13.228,14150,14151,14150,4,-4
2020-12-18 16:43:13.435,14150,14151,14150,3,-3
2020-12-18 16:43:29.194,14150,14151,14151,3,3
2020-12-18 16:43:46.195,14151,14152,14151,4,-4
2020-12-18 16:43:46.196,14151,14152,14151,2,-2
2020-12-18 16:43:50.638,14151,14152,14152,3,3
2020-12-18 16:43:59.145,14151,14152,14151,1,-1
2020-12-18 16:44:21.205,14151,14152,14152,1,1
2020-12-18 16:44:26.642,14151,14152,14152,2,2
2020-12-18 16:44:34.869,14151,14152,14151,2,-2
2020-12-18 16:45:10.324,14151,14152,14152,2,2
2020-12-18 16:45:10.324,14151,14152,14152,1,1
2020-12-18 16:45:10.324,14151,14152,14152,1,1
2020-12-18 16:45:10.667,14152,14153,14153,2,2
2020-12-18 16:45:10.668,14152,14153,14153,2,2
2020-12-18 16:45:10.859,14152,14153,14153,2,2
2020-12-18 16:45:10.955,14152,14153,14153,1,1
2020-12-18 16:45:10.968,14152,14153,14153,1,1
2020-12-18 16:45:10.980,14152,14153,14153,1,1
2020-12-18 16:45:10.992,14152,14153,14153,1,1
2020-12-18 16:45:10.998,14152,14153,14153,2,2
2020-12-18 16:45:11.102,14152,14154,14154,1,1
2020-12-18 16:45:11.185,14152,14154,14154,2,2
2020-12-18 16:45:11.329,14152,14154,14154,1,1
2020-12-18 16:45:11.331,14152,14154,14154,1,1
2020-12-18 16:45:11.333,14152,14154,14154,1,1
2020-12-18 16:45:11.343,14152,14154,14154,1,1
2020-12-18 16:45:11.351,14152,14154,14154,1,1
2020-12-18 16:45:11.353,14152,14154,14154,1,1
2020-12-18 16:45:11.374,14152,14154,14154,2,2
2020-12-18 16:45:11.400,14152,14154,14154,1,1
2020-12-18 16:45:11.417,14152,14154,14154,1,1
2020-12-18 16:45:11.483,14152,14154,14154,1,1
2020-12-18 16:45:11.490,14152,14154,14154,3,3
2020-12-18 16:45:11.575,14153,14154,14154,2,2
2020-12-18 16:45:11.579,14153,14154,14154,4,4
2020-12-18 16:45:11.579,14153,14154,14154,4,4
2020-12-18 16:45:11.766,14154,14155,14155,1,1
2020-12-18 16:45:11.955,14154,14155,14155,1,1
2020-12-18 16:45:11.964,14154,14155,14155,1,1
2020-12-18 16:45:12.141,14154,14155,14155,1,1
2020-12-18 16:45:12.849,14154,14155,14154,1,-1
2020-12-18 16:45:15.812,14153,14154,14154,1,1
2020-12-18 16:45:20.223,14153,14154,14153,1,-1
2020-12-18 16:45:30.740,14153,14154,14154,5,5
2020-12-18 16:45:43.284,14153,14154,14154,10,10
2020-12-18 16:45:43.284,14153,14154,14154,1,1
2020-12-18 16:45:50.348,14153,14154,14154,1,1
2020-12-18 16:45:52.648,14153,14154,14154,4,4
2020-12-18 16:46:01.548,14154,14155,14155,1,1
2020-12-18 16:46:05.756,14154,14155,14155,3,3
2020-12-18 16:46:07.557,14154,14155,14155,4,4
2020-12-18 16:46:07.749,14154,14155,14155,3,3
2020-12-18 16:46:12.427,14154,14155,14155,10,10
2020-12-18 16:46:12.427,14154,14155,14155,6,6
2020-12-18 16:46:12.427,14154,14155,14155,1,1
2020-12-18 16:46:13.860,14155,14156,14155,1,-1
2020-12-18 16:46:14.467,14155,14156,14155,1,-1
2020-12-18 16:46:14.578,14154,14156,14155,1,-1
2020-12-18 16:46:16.860,14154,14155,14154,1,-1
2020-12-18 16:46:23.038,14154,14155,14154,1,-1
2020-12-18 16:46:24.666,14154,14155,14155,16,16
2020-12-18 16:46:24.929,14155,14156,14156,30,30
2020-12-18 16:46:24.930,14155,14156,14156,1,1
2020-12-18 16:46:24.930,14155,14156,14156,1,1
2020-12-18 16:46:24.930,14155,14156,14156,1,1
2020-12-18 16:46:24.930,14155,14156,14156,1,1
2020-12-18 16:46:24.931,14155,14156,14156,6,6
2020-12-18 16:46:25.162,14156,14157,14156,1,-1
2020-12-18 16:46:25.179,14156,14157,14157,1,1
2020-12-18 16:46:25.501,14156,14157,14157,1,1
2020-12-18 16:46:25.506,14156,14157,14157,5,5
2020-12-18 16:46:25.556,14156,14157,14157,5,5
2020-12-18 16:46:25.556,14156,14157,14158,5,5
2020-12-18 16:46:25.558,14156,14157,14157,4,4
2020-12-18 16:46:25.656,14156,14157,14157,5,5
2020-12-18 16:46:25.671,14156,14157,14157,1,1
2020-12-18 16:46:26.520,14156,14157,14157,1,1
2020-12-18 16:46:28.448,14156,14157,14157,1,1
2020-12-18 16:46:32.564,14156,14157,14156,1,-1
2020-12-18 16:46:33.919,14155,14156,14156,1,1
2020-12-18 16:46:36.657,14154,14156,14154,1,-1
2020-12-18 16:46:36.812,14154,14156,14154,1,-1
2020-12-18 16:46:43.519,14154,14156,14154,1,-1
2020-12-18 16:46:43.772,14154,14156,14156,1,1
2020-12-18 16:46:44.696,14154,14156,14154,1,-1
2020-12-18 16:46:45.961,14154,14156,14155,1,1
2020-12-18 16:46:46.100,14154,14156,14156,1,1
2020-12-18 16:46:48.818,14154,14156,14154,5,-5
2020-12-18 16:46:49.885,14154,14155,14155,1,1
2020-12-18 16:46:52.364,14154,14156,14156,1,1
2020-12-18 16:46:57.036,14155,14156,14155,1,-1
2020-12-18 16:46:59.506,14155,14156,14156,1,1
2020-12-18 16:46:59.632,14155,14156,14156,4,4
2020-12-18 16:47:01.401,14155,14156,14155,5,-5
2020-12-18 16:47:01.401,14155,14156,14154,5,-5
2020-12-18 16:47:01.402,14155,14156,14155,1,1
2020-12-18 16:47:07.384,14155,14156,14156,1,1
2020-12-18 16:47:08.206,14154,14156,14156,1,1
2020-12-18 16:47:35.300,14155,14156,14155,2,-2
2020-12-18 16:47:38.545,14154,14155,14154,2,-2
2020-12-18 16:47:58.089,14154,14155,14155,1,1
2020-12-18 16:47:59.371,14154,14156,14155,1,-1
2020-12-18 16:48:02.399,14154,14155,14155,3,3
2020-12-18 16:48:13.365,14154,14155,14155,1,1
2020-12-18 16:48:32.232,14154,14155,14155,1,1
2020-12-18 16:48:41.205,14154,14155,14155,2,2
2020-12-18 16:48:47.868,14154,14155,14155,2,2
2020-12-18 16:48:50.736,14154,14155,14155,2,2
2020-12-18 16:48:54.471,14154,14155,14154,1,-1
2020-12-18 16:49:09.533,14154,14155,14154,1,-1
2020-12-18 16:49:20.631,14154,14155,14154,2,-2
2020-12-18 16:49:32.096,14154,14155,14154,1,-1
2020-12-18 16:49:32.128,14154,14155,14155,1,1
2020-12-18 16:49:32.128,14154,14155,14155,1,1
2020-12-18 16:49:32.128,14154,14155,14155,1,1
2020-12-18 16:49:32.129,14154,14155,14155,1,1
2020-12-18 16:49:32.129,14154,14155,14155,1,1
2020-12-18 16:49:32.129,14154,14155,14156,1,1
2020-12-18 16:49:32.129,14154,14155,14156,1,1
2020-12-18 16:49:32.130,14154,14155,14156,1,1
2020-12-18 16:49:34.416,14155,14156,14156,1,1
2020-12-18 16:50:02.726,14155,14156,14155,1,-1
2020-12-18 16:50:05.815,14155,14156,14156,2,2
2020-12-18 16:50:05.815,14155,14156,14156,1,1
2020-12-18 16:50:05.816,14155,14156,14156,1,1
2020-12-18 16:50:05.816,14155,14156,14156,1,1
2020-12-18 16:50:05.816,14155,14156,14156,1,1
2020-12-18 16:50:09.675,14156,14157,14157,11,11
2020-12-18 16:50:19.375,14157,14158,14157,1,-1
2020-12-18 16:50:21.131,14156,14157,14157,1,1
2020-12-18 16:50:23.354,14155,14157,14157,1,1
2020-12-18 16:50:23.415,14155,14157,14157,1,1
2020-12-18 16:50:28.474,14155,14157,14157,1,1
2020-12-18 16:50:29.646,14156,14157,14156,1,-1
2020-12-18 16:50:33.738,14156,14157,14156,2,-2
2020-12-18 16:50:33.739,14156,14157,14156,1,-1
2020-12-18 16:50:33.739,14156,14157,14156,3,-3
2020-12-18 16:50:34.120,14155,14156,14156,1,1
2020-12-18 16:50:34.120,14155,14156,14157,3,3
2020-12-18 16:50:34.596,14155,14157,14157,4,4
2020-12-18 16:50:36.287,14155,14156,14156,1,1
2020-12-18 16:50:41.398,14155,14157,14156,11,-11
2020-12-18 16:50:41.398,14155,14157,14156,1,-1
2020-12-18 16:50:41.730,14155,14157,14156,1,-1
2020-12-18 16:51:00.264,14155,14156,14156,3,3
2020-12-18 16:51:00.364,14155,14156,14156,3,3
2020-12-18 16:51:03.690,14155,14156,14156,1,1
2020-12-18 16:51:07.988,14155,14156,14156,1,1
2020-12-18 16:51:25.128,14155,14156,14155,1,-1
2020-12-18 16:51:25.128,14155,14156,14155,6,-6
2020-12-18 16:51:25.470,14154,14155,14155,1,1
2020-12-18 16:51:37.994,14154,14155,14154,3,-3
2020-12-18 16:51:38.003,14154,14155,14155,1,1
2020-12-18 16:51:38.004,14154,14155,14155,1,1
2020-12-18 16:51:38.127,14154,14155,14155,1,1
2020-12-18 16:51:39.098,14154,14155,14155,1,1
2020-12-18 16:51:48.993,14154,14155,14155,1,1
2020-12-18 16:52:31.971,14154,14155,14155,1,1
2020-12-18 16:52:35.555,14154,14155,14155,1,1
2020-12-18 16:52:43.357,14154,14155,14154,1,-1
2020-12-18 16:52:50.462,14154,14155,14154,1,-1
2020-12-18 16:52:53.181,14154,14155,14154,1,-1
2020-12-18 16:53:01.218,14154,14155,14154,1,-1
2020-12-18 16:53:07.419,14154,14155,14154,7,-7
2020-12-18 16:53:07.687,14153,14154,14154,7,7
2020-12-18 16:53:53.622,14154,14155,14154,1,-1
2020-12-18 16:53:54.751,14154,14155,14155,1,1
2020-12-18 16:54:05.485,14154,14155,14154,1,-1
2020-12-18 16:54:06.423,14154,14155,14155,1,1
2020-12-18 16:54:46.711,14154,14155,14155,6,6
2020-12-18 16:55:04.174,14155,14156,14156,5,5
2020-12-18 16:55:04.562,14155,14156,14155,2,-2
2020-12-18 16:55:14.069,14154,14156,14156,1,1
2020-12-18 16:55:17.695,14155,14156,14156,1,1
2020-12-18 16:55:21.707,14155,14156,14155,2,-2
2020-12-18 16:55:28.134,14154,14155,14155,1,1
2020-12-18 16:55:40.780,14154,14155,14154,6,-6
2020-12-18 16:55:44.410,14153,14155,14154,1,-1
2020-12-18 16:56:09.910,14153,14154,14153,7,-7
2020-12-18 16:56:28.736,14152,14153,14153,1,1
2020-12-18 16:56:31.980,14152,14153,14152,3,-3
2020-12-18 16:56:31.980,14152,14153,14151,14,-14
2020-12-18 16:56:31.981,14152,14153,14151,8,-8
2020-12-18 16:56:31.982,14152,14153,14151,5,-5
2020-12-18 16:56:31.982,14152,14153,14151,1,-1
2020-12-18 16:56:32.760,14150,14152,14152,1,1
2020-12-18 16:56:43.391,14151,14152,14152,1,1
2020-12-18 16:56:46.628,14152,14153,14152,1,-1
2020-12-18 16:56:51.741,14151,14152,14152,1,1
2020-12-18 16:57:05.399,14151,14152,14151,1,-1
2020-12-18 16:57:12.332,14151,14152,14151,1,-1
2020-12-18 16:57:23.449,14151,14152,14151,1,-1
2020-12-18 16:57:33.118,14151,14152,14152,2,2
2020-12-18 16:57:33.119,14151,14152,14152,16,16
2020-12-18 16:57:33.119,14151,14152,14152,2,2
2020-12-18 16:57:52.001,14152,14153,14152,1,-1
2020-12-18 16:57:59.088,14152,14153,14152,10,-10
2020-12-18 16:57:59.089,14152,14153,14152,1,-1
2020-12-18 16:57:59.090,14152,14153,14152,1,-1
2020-12-18 16:57:59.090,14152,14153,14152,1,-1
2020-12-18 16:57:59.090,14152,14153,14152,1,-1
2020-12-18 16:58:01.151,14152,14153,14152,1,-1
2020-12-18 16:58:09.951,14152,14153,14152,3,-3
2020-12-18 16:58:33.527,14151,14152,14151,1,-1
2020-12-18 16:58:39.650,14151,14152,14151,1,-1
2020-12-18 16:58:42.958,14151,14152,14151,1,-1
2020-12-18 16:58:47.666,14151,14152,14151,3,-3
2020-12-18 16:58:50.277,14151,14152,14151,1,-1
2020-12-18 16:58:55.844,14151,14152,14151,5,-5
2020-12-18 16:58:55.938,14150,14151,14151,5,5
2020-12-18 16:58:58.917,14150,14152,14150,3,-3
2020-12-18 16:58:59.088,14150,14152,14150,3,-3
2020-12-18 16:59:01.552,14150,14151,14150,5,-5
2020-12-18 16:59:05.747,14150,14151,14150,3,-3
2020-12-18 16:59:10.658,14150,14151,14151,1,1
2020-12-18 16:59:10.753,14150,14151,14151,1,1
2020-12-18 16:59:10.790,14150,14151,14151,1,1
2020-12-18 16:59:10.810,14150,14151,14151,2,2
2020-12-18 16:59:13.773,14150,14152,14150,1,-1
2020-12-18 16:59:20.586,14150,14151,14150,5,-5
2020-12-18 16:59:20.587,14150,14151,14150,8,-8
2020-12-18 16:59:25.418,14150,14151,14150,1,-1
2020-12-18 16:59:34.655,14150,14151,14150,6,-6
2020-12-18 16:59:34.656,14150,14151,14150,4,-4
2020-12-18 16:59:42.114,14150,14151,14150,1,-1
2020-12-18 17:00:05.011,14149,14150,14149,6,-6
2020-12-18 17:00:05.391,14149,14150,14150,2,2
2020-12-18 17:00:05.462,14149,14150,14149,1,-1
2020-12-18 17:00:07.907,14149,14150,14149,1,-1
2020-12-18 17:00:11.333,14149,14150,14150,1,1
2020-12-18 17:00:11.377,14149,14150,14150,1,1
2020-12-18 17:00:11.378,14149,14150,14150,1,1
2020-12-18 17:00:12.832,14149,14150,14149,2,-2
2020-12-18 17:00:18.599,14148,14149,14149,1,1
2020-12-18 17:00:24.272,14149,14150,14149,2,-2
2020-12-18 17:00:24.377,14149,14150,14150,1,1
2020-12-18 17:00:24.378,14149,14150,14150,1,1
2020-12-18 17:00:24.378,14149,14150,14150,1,1
2020-12-18 17:00:24.379,14149,14150,14150,1,1
2020-12-18 17:00:24.380,14149,14150,14150,1,1
2020-12-18 17:00:24.380,14149,14150,14150,1,1
2020-12-18 17:00:24.380,14149,14150,14150,1,1
2020-12-18 17:00:24.380,14149,14150,14150,1,1
2020-12-18 17:00:24.380,14149,14150,14150,1,1
2020-12-18 17:00:24.380,14149,14150,14150,1,1
2020-12-18 17:00:24.381,14149,14150,14150,1,1
2020-12-18 17:00:26.477,14149,14151,14149,1,-1
2020-12-18 17:00:36.098,14150,14151,14150,1,1
2020-12-18 17:00:36.128,14150,14151,14151,1,1
2020-12-18 17:00:39.204,14150,14151,14150,1,-1
2020-12-18 17:00:39.252,14150,14151,14151,1,1
2020-12-18 17:00:41.247,14150,14151,14150,1,-1
2020-12-18 17:00:50.352,14150,14151,14150,1,-1
2020-12-18 17:00:57.764,14149,14150,14150,1,1
2020-12-18 17:00:57.878,14149,14150,14150,1,1
2020-12-18 17:01:13.169,14150,14151,14151,3,3
2020-12-18 17:01:22.164,14150,14151,14151,1,1
2020-12-18 17:01:30.429,14150,14151,14151,2,2
2020-12-18 17:01:48.368,14150,14151,14151,1,1
2020-12-18 17:02:01.932,14150,14151,14151,1,1
2020-12-18 17:02:10.496,14150,14151,14151,2,2
2020-12-18 17:02:10.497,14150,14151,14151,3,3
2020-12-18 17:02:10.497,14150,14151,14151,1,1
2020-12-18 17:02:10.576,14151,14152,14152,1,1
2020-12-18 17:02:29.956,14151,14152,14152,1,1
2020-12-18 17:02:31.347,14151,14152,14152,1,1
2020-12-18 17:02:34.207,14151,14152,14151,2,-2
2020-12-18 17:02:55.846,14151,14152,14152,1,1
2020-12-18 17:03:05.576,14150,14151,14151,1,1
2020-12-18 17:03:15.708,14150,14152,14150,1,-1
2020-12-18 17:03:16.413,14150,14152,14150,1,-1
2020-12-18 17:04:02.113,14150,14151,14151,1,1
2020-12-18 17:04:13.410,14151,14152,14151,1,-1
2020-12-18 17:04:21.684,14151,14152,14151,1,-1
2020-12-18 17:04:23.219,14151,14152,14152,1,1
2020-12-18 17:04:23.219,14151,14152,14152,1,1
2020-12-18 17:04:23.220,14151,14152,14152,1,1
2020-12-18 17:04:23.220,14151,14152,14152,1,1
2020-12-18 17:04:30.904,14152,14153,14152,1,-1
2020-12-18 17:04:38.574,14152,14153,14153,6,6
2020-12-18 17:04:39.476,14152,14154,14152,1,-1
2020-12-18 17:04:42.044,14152,14153,14153,1,1
2020-12-18 17:04:56.662,14153,14154,14153,1,-1
2020-12-18 17:05:37.012,14152,14153,14152,1,-1
2020-12-18 17:06:21.378,14152,14153,14152,1,-1
2020-12-18 17:06:25.693,14151,14152,14152,2,2
2020-12-18 17:06:35.940,14152,14153,14153,3,3
2020-12-18 17:06:42.826,14153,14154,14154,6,6
2020-12-18 17:06:49.492,14154,14155,14155,1,1
2020-12-18 17:06:49.557,14154,14155,14155,1,1
2020-12-18 17:06:50.132,14154,14155,14154,1,-1
2020-12-18 17:06:50.133,14154,14155,14154,1,-1
2020-12-18 17:06:58.835,14154,14155,14154,1,-1
2020-12-18 17:07:02.192,14154,14155,14155,11,11
2020-12-18 17:07:06.061,14155,14156,14155,2,-2
2020-12-18 17:07:08.252,14155,14156,14155,1,-1
2020-12-18 17:07:11.836,14155,14156,14156,6,6
2020-12-18 17:07:13.545,14156,14157,14156,5,-5
2020-12-18 17:07:22.202,14155,14156,14156,1,1
2020-12-18 17:07:29.018,14155,14156,14155,1,-1
2020-12-18 17:07:39.924,14155,14156,14155,2,-2
2020-12-18 17:07:42.560,14155,14156,14156,6,6
2020-12-18 17:07:43.633,14156,14157,14157,11,11
2020-12-18 17:07:43.656,14156,14157,14158,1,1
2020-12-18 17:07:43.848,14156,14158,14158,20,20
2020-12-18 17:07:43.978,14157,14158,14158,1,1
2020-12-18 17:07:44.110,14157,14158,14158,1,1
2020-12-18 17:07:44.137,14157,14158,14158,1,1
2020-12-18 17:07:44.137,14157,14158,14158,1,1
2020-12-18 17:07:44.137,14157,14158,14158,1,1
2020-12-18 17:07:44.159,14157,14158,14159,1,1
2020-12-18 17:07:44.195,14157,14158,14159,1,1
2020-12-18 17:07:44.205,14157,14158,14159,2,2
2020-12-18 17:07:44.210,14157,14158,14159,1,1
2020-12-18 17:07:44.232,14157,14158,14159,1,1
2020-12-18 17:07:44.241,14157,14158,14159,1,1
2020-12-18 17:07:44.387,14158,14159,14159,1,1
2020-12-18 17:07:44.402,14158,14159,14159,1,1
2020-12-18 17:07:44.440,14158,14159,14159,1,1
2020-12-18 17:07:44.624,14158,14159,14159,1,1
2020-12-18 17:07:44.624,14158,14159,14159,1,1
2020-12-18 17:07:44.625,14158,14159,14159,1,1
2020-12-18 17:07:44.632,14158,14159,14159,1,1
2020-12-18 17:07:44.667,14158,14159,14159,1,1
2020-12-18 17:07:44.668,14158,14159,14159,1,1
2020-12-18 17:07:44.699,14158,14159,14159,1,1
2020-12-18 17:07:44.713,14158,14159,14159,1,1
2020-12-18 17:07:44.727,14158,14159,14159,1,1
2020-12-18 17:07:44.742,14158,14159,14159,1,1
2020-12-18 17:07:44.766,14157,14159,14159,1,1
2020-12-18 17:07:44.774,14157,14159,14159,1,1
2020-12-18 17:07:44.863,14157,14159,14159,1,1
2020-12-18 17:07:45.105,14157,14159,14159,1,1
2020-12-18 17:07:45.108,14157,14159,14159,1,1
2020-12-18 17:07:45.123,14157,14159,14159,1,1
2020-12-18 17:07:45.159,14157,14159,14159,1,1
2020-12-18 17:07:45.166,14157,14159,14159,1,1
2020-12-18 17:07:45.182,14157,14159,14159,1,1
2020-12-18 17:07:49.128,14156,14158,14157,1,-1
