2023-05-31 15:00:00,16491,16491,16491,112,0
2023-05-31 15:00:00,16491,16491,16491,14,0
2023-05-31 15:00:00,16490,16490,16490,2,-2
2023-05-31 15:00:00,16490,16490,16490,2,0
2023-05-31 15:00:00,16490,16490,16490,2,0
2023-05-31 15:00:00,16492,16492,16492,2,2
2023-05-31 15:00:00,16489,16489,16489,2,-2
2023-05-31 15:00:00,16489,16489,16489,2,0
2023-05-31 15:00:00,16488,16488,16488,2,-2
2023-05-31 15:00:00,16488,16488,16488,2,0
2023-05-31 15:00:00,16488,16488,16488,4,0
2023-05-31 15:00:00,16488,16488,16488,8,0
2023-05-31 15:00:00,16489,16489,16489,2,2
2023-05-31 15:00:00,16487,16487,16487,2,-2
2023-05-31 15:00:00,16486,16486,16486,2,-2
2023-05-31 15:00:00,16486,16486,16486,2,0
2023-05-31 15:00:00,16486,16486,16486,2,0
2023-05-31 15:00:00,16486,16486,16486,2,0
2023-05-31 15:00:00,16485,16485,16485,2,-2
2023-05-31 15:00:00,16487,16487,16487,2,2
2023-05-31 15:00:00,16485,16485,16485,2,-2
2023-05-31 15:00:00,16487,16487,16487,2,2
2023-05-31 15:00:00,16488,16488,16488,2,2
2023-05-31 15:00:00,16485,16485,16485,2,-2
2023-05-31 15:00:00,16485,16485,16485,2,0
2023-05-31 15:00:00,16485,16485,16485,2,0
2023-05-31 15:00:00,16487,16487,16487,2,2
2023-05-31 15:00:00,16487,16487,16487,2,0
2023-05-31 15:00:00,16486,16486,16486,2,-2
2023-05-31 15:00:00,16485,16485,16485,2,-2
2023-05-31 15:00:00,16485,16485,16485,2,0
2023-05-31 15:00:00,16487,16487,16487,2,2
2023-05-31 15:00:00,16488,16488,16488,4,4
2023-05-31 15:00:00,16488,16488,16488,2,0
2023-05-31 15:00:00,16487,16487,16487,2,-2
2023-05-31 15:00:00,16487,16487,16487,2,0
2023-05-31 15:00:00,16486,16486,16486,2,-2
2023-05-31 15:00:00,16485,16485,16485,2,-2
2023-05-31 15:00:01,16485,16485,16485,8,0
2023-05-31 15:00:01,16485,16485,16485,4,0
2023-05-31 15:00:01,16485,16485,16485,2,0
2023-05-31 15:00:01,16485,16485,16485,2,0
2023-05-31 15:00:01,16484,16484,16484,4,-4
2023-05-31 15:00:01,16484,16484,16484,6,0
2023-05-31 15:00:01,16483,16483,16483,2,-2
2023-05-31 15:00:01,16483,16483,16483,2,0
2023-05-31 15:00:01,16483,16483,16483,2,0
2023-05-31 15:00:01,16483,16483,16483,2,0
2023-05-31 15:00:01,16483,16483,16483,4,0
2023-05-31 15:00:01,16485,16485,16485,4,4
2023-05-31 15:00:02,16485,16485,16485,4,0
2023-05-31 15:00:02,16485,16485,16485,4,0
2023-05-31 15:00:02,16485,16485,16485,16,0
2023-05-31 15:00:02,16485,16485,16485,2,0
2023-05-31 15:00:02,16485,16485,16485,4,0
2023-05-31 15:00:02,16486,16486,16486,2,2
2023-05-31 15:00:02,16488,16488,16488,2,2
2023-05-31 15:00:02,16489,16489,16489,2,2
2023-05-31 15:00:02,16487,16487,16487,2,-2
2023-05-31 15:00:02,16487,16487,16487,2,0
2023-05-31 15:00:02,16487,16487,16487,4,0
2023-05-31 15:00:02,16487,16487,16487,2,0
2023-05-31 15:00:02,16489,16489,16489,2,2
2023-05-31 15:00:02,16489,16489,16489,2,0
2023-05-31 15:00:02,16488,16488,16488,2,-2
2023-05-31 15:00:03,16488,16488,16488,2,0
2023-05-31 15:00:03,16489,16489,16489,2,2
2023-05-31 15:00:03,16488,16488,16488,4,-4
2023-05-31 15:00:03,16487,16487,16487,6,-6
2023-05-31 15:00:03,16489,16489,16489,4,4
2023-05-31 15:00:03,16489,16489,16489,2,0
2023-05-31 15:00:04,16489,16489,16489,2,0
2023-05-31 15:00:05,16489,16489,16489,2,0
2023-05-31 15:00:05,16489,16489,16489,2,0
2023-05-31 15:00:05,16489,16489,16489,2,0
2023-05-31 15:00:05,16488,16488,16488,2,-2
2023-05-31 15:00:05,16488,16488,16488,4,0
2023-05-31 15:00:05,16487,16487,16487,2,-2
2023-05-31 15:00:05,16487,16487,16487,2,0
2023-05-31 15:00:05,16489,16489,16489,2,2
2023-05-31 15:00:06,16487,16487,16487,2,-2
2023-05-31 15:00:06,16487,16487,16487,2,0
2023-05-31 15:00:06,16487,16487,16487,2,0
2023-05-31 15:00:06,16488,16488,16488,2,2
2023-05-31 15:00:06,16488,16488,16488,2,0
2023-05-31 15:00:07,16487,16487,16487,2,-2
2023-05-31 15:00:07,16487,16487,16487,4,0
2023-05-31 15:00:07,16487,16487,16487,2,0
2023-05-31 15:00:08,16487,16487,16487,2,0
2023-05-31 15:00:08,16488,16488,16488,2,2
2023-05-31 15:00:08,16487,16487,16487,2,-2
2023-05-31 15:00:08,16486,16486,16486,4,-4
2023-05-31 15:00:08,16486,16486,16486,2,0
2023-05-31 15:00:09,16487,16487,16487,2,2
2023-05-31 15:00:09,16487,16487,16487,2,0
2023-05-31 15:00:10,16488,16488,16488,2,2
2023-05-31 15:00:11,16489,16489,16489,4,4
2023-05-31 15:00:11,16487,16487,16487,2,-2
2023-05-31 15:00:12,16489,16489,16489,4,4
2023-05-31 15:00:14,16488,16488,16488,2,-2
2023-05-31 15:00:14,16489,16489,16489,2,2
2023-05-31 15:00:14,16489,16489,16489,2,0
2023-05-31 15:00:14,16489,16489,16489,2,0
2023-05-31 15:00:15,16489,16489,16489,2,0
2023-05-31 15:00:15,16488,16488,16488,2,-2
2023-05-31 15:00:15,16488,16488,16488,2,0
2023-05-31 15:00:16,16489,16489,16489,4,4
2023-05-31 15:00:16,16488,16488,16488,2,-2
2023-05-31 15:00:16,16487,16487,16487,2,-2
2023-05-31 15:00:18,16488,16488,16488,2,2
2023-05-31 15:00:18,16488,16488,16488,4,0
2023-05-31 15:00:19,16488,16488,16488,4,0
2023-05-31 15:00:19,16488,16488,16488,2,0
2023-05-31 15:00:19,16488,16488,16488,4,0
2023-05-31 15:00:19,16488,16488,16488,2,0
2023-05-31 15:00:19,16488,16488,16488,2,0
2023-05-31 15:00:19,16487,16487,16487,2,-2
2023-05-31 15:00:20,16487,16487,16487,2,0
2023-05-31 15:00:21,16488,16488,16488,4,4
2023-05-31 15:00:21,16487,16487,16487,2,-2
2023-05-31 15:00:21,16487,16487,16487,2,0
2023-05-31 15:00:22,16487,16487,16487,4,0
2023-05-31 15:00:23,16487,16487,16487,2,0
2023-05-31 15:00:26,16487,16487,16487,2,0
2023-05-31 15:00:26,16487,16487,16487,2,0
2023-05-31 15:00:27,16486,16486,16486,2,-2
2023-05-31 15:00:27,16486,16486,16486,2,0
2023-05-31 15:00:27,16486,16486,16486,2,0
2023-05-31 15:00:27,16486,16486,16486,2,0
2023-05-31 15:00:27,16486,16486,16486,10,0
2023-05-31 15:00:27,16485,16485,16485,2,-2
2023-05-31 15:00:27,16485,16485,16485,2,0
2023-05-31 15:00:27,16485,16485,16485,2,0
2023-05-31 15:00:27,16485,16485,16485,2,0
2023-05-31 15:00:27,16485,16485,16485,2,0
2023-05-31 15:00:27,16485,16485,16485,4,0
2023-05-31 15:00:27,16485,16485,16485,6,0
2023-05-31 15:00:27,16485,16485,16485,2,0
2023-05-31 15:00:27,16484,16484,16484,2,-2
2023-05-31 15:00:28,16486,16486,16486,10,10
2023-05-31 15:00:29,16486,16486,16486,2,0
2023-05-31 15:00:30,16485,16485,16485,2,-2
2023-05-31 15:00:30,16486,16486,16486,2,2
2023-05-31 15:00:31,16486,16486,16486,10,0
2023-05-31 15:00:31,16486,16486,16486,2,0
2023-05-31 15:00:32,16486,16486,16486,2,0
2023-05-31 15:00:33,16486,16486,16486,2,0
2023-05-31 15:00:33,16486,16486,16486,2,0
2023-05-31 15:00:33,16486,16486,16486,2,0
2023-05-31 15:00:33,16486,16486,16486,2,0
2023-05-31 15:00:36,16486,16486,16486,2,0
2023-05-31 15:00:38,16486,16486,16486,2,0
2023-05-31 15:00:39,16486,16486,16486,2,0
2023-05-31 15:00:39,16486,16486,16486,4,0
2023-05-31 15:00:39,16486,16486,16486,2,0
2023-05-31 15:00:40,16487,16487,16487,2,2
2023-05-31 15:00:40,16488,16488,16488,2,2
2023-05-31 15:00:40,16488,16488,16488,2,0
2023-05-31 15:00:40,16488,16488,16488,6,0
2023-05-31 15:00:40,16488,16488,16488,4,0
2023-05-31 15:00:40,16488,16488,16488,2,0
2023-05-31 15:00:40,16488,16488,16488,2,0
2023-05-31 15:00:40,16487,16487,16487,4,-4
2023-05-31 15:00:40,16487,16487,16487,6,0
2023-05-31 15:00:40,16487,16487,16487,2,0
2023-05-31 15:00:40,16487,16487,16487,6,0
2023-05-31 15:00:40,16487,16487,16487,2,0
2023-05-31 15:00:41,16488,16488,16488,10,10
2023-05-31 15:00:42,16489,16489,16489,10,10
2023-05-31 15:00:43,16490,16490,16490,10,10
2023-05-31 15:00:45,16491,16491,16491,2,2
2023-05-31 15:00:46,16491,16491,16491,4,0
2023-05-31 15:00:47,16491,16491,16491,4,0
2023-05-31 15:00:48,16490,16490,16490,2,-2
2023-05-31 15:00:48,16490,16490,16490,2,0
2023-05-31 15:00:49,16490,16490,16490,2,0
2023-05-31 15:00:49,16491,16491,16491,2,2
2023-05-31 15:00:49,16489,16489,16489,4,-4
2023-05-31 15:00:49,16489,16489,16489,4,0
2023-05-31 15:00:49,16489,16489,16489,2,0
2023-05-31 15:00:49,16489,16489,16489,2,0
2023-05-31 15:00:50,16489,16489,16489,2,0
2023-05-31 15:00:52,16489,16489,16489,2,0
2023-05-31 15:00:52,16490,16490,16490,2,2
2023-05-31 15:00:54,16491,16491,16491,8,8
2023-05-31 15:00:55,16491,16491,16491,4,0
2023-05-31 15:00:55,16491,16491,16491,6,0
2023-05-31 15:00:55,16492,16492,16492,4,4
2023-05-31 15:00:55,16492,16492,16492,4,0
2023-05-31 15:00:55,16492,16492,16492,26,0
2023-05-31 15:00:55,16492,16492,16492,2,0
2023-05-31 15:00:56,16491,16491,16491,2,-2
2023-05-31 15:00:56,16492,16492,16492,2,2
2023-05-31 15:00:57,16490,16490,16490,2,-2
2023-05-31 15:00:57,16490,16490,16490,2,0
2023-05-31 15:00:59,16491,16491,16491,2,2
2023-05-31 15:00:59,16490,16490,16490,2,-2
2023-05-31 15:01:00,16490,16490,16490,2,0
2023-05-31 15:01:00,16491,16491,16491,2,2
2023-05-31 15:01:00,16490,16490,16490,2,-2
2023-05-31 15:01:00,16490,16490,16490,4,0
2023-05-31 15:01:00,16490,16490,16490,2,0
2023-05-31 15:01:00,16490,16490,16490,4,0
2023-05-31 15:01:01,16490,16490,16490,2,0
2023-05-31 15:01:01,16490,16490,16490,4,0
2023-05-31 15:01:01,16491,16491,16491,2,2
2023-05-31 15:01:01,16491,16491,16491,2,0
2023-05-31 15:01:02,16489,16489,16489,2,-2
2023-05-31 15:01:02,16489,16489,16489,2,0
2023-05-31 15:01:02,16489,16489,16489,8,0
2023-05-31 15:01:03,16489,16489,16489,2,0
2023-05-31 15:01:03,16490,16490,16490,2,2
2023-05-31 15:01:03,16490,16490,16490,2,0
2023-05-31 15:01:03,16490,16490,16490,2,0
2023-05-31 15:01:06,16490,16490,16490,2,0
2023-05-31 15:01:06,16490,16490,16490,2,0
2023-05-31 15:01:08,16490,16490,16490,8,0
2023-05-31 15:01:08,16491,16491,16491,4,4
2023-05-31 15:01:08,16491,16491,16491,2,0
2023-05-31 15:01:08,16491,16491,16491,4,0
2023-05-31 15:01:08,16491,16491,16491,12,0
2023-05-31 15:01:08,16491,16491,16491,8,0
2023-05-31 15:01:08,16491,16491,16491,4,0
2023-05-31 15:01:10,16491,16491,16491,2,0
2023-05-31 15:01:10,16491,16491,16491,10,0
2023-05-31 15:01:12,16491,16491,16491,2,0
2023-05-31 15:01:12,16491,16491,16491,2,0
2023-05-31 15:01:13,16489,16489,16489,2,-2
2023-05-31 15:01:14,16489,16489,16489,10,0
2023-05-31 15:01:14,16489,16489,16489,4,0
2023-05-31 15:01:14,16489,16489,16489,2,0
2023-05-31 15:01:14,16489,16489,16489,2,0
2023-05-31 15:01:14,16489,16489,16489,2,0
2023-05-31 15:01:17,16489,16489,16489,2,0
2023-05-31 15:01:18,16489,16489,16489,6,0
2023-05-31 15:01:18,16489,16489,16489,6,0
2023-05-31 15:01:18,16488,16488,16488,2,-2
2023-05-31 15:01:18,16488,16488,16488,4,0
2023-05-31 15:01:18,16488,16488,16488,2,0
2023-05-31 15:01:18,16488,16488,16488,2,0
2023-05-31 15:01:19,16490,16490,16490,10,10
2023-05-31 15:01:20,16490,16490,16490,2,0
2023-05-31 15:01:21,16488,16488,16488,2,-2
2023-05-31 15:01:21,16488,16488,16488,2,0
2023-05-31 15:01:21,16488,16488,16488,10,0
2023-05-31 15:01:21,16488,16488,16488,2,0
2023-05-31 15:01:21,16488,16488,16488,10,0
2023-05-31 15:01:21,16488,16488,16488,2,0
2023-05-31 15:01:21,16488,16488,16488,2,0
2023-05-31 15:01:21,16488,16488,16488,24,0
2023-05-31 15:01:21,16487,16487,16487,2,-2
2023-05-31 15:01:21,16486,16486,16486,4,-4
2023-05-31 15:01:25,16486,16486,16486,4,0
2023-05-31 15:01:25,16486,16486,16486,2,0
2023-05-31 15:01:25,16485,16485,16485,2,-2
2023-05-31 15:01:25,16485,16485,16485,4,0
2023-05-31 15:01:26,16487,16487,16487,2,2
2023-05-31 15:01:26,16488,16488,16488,6,6
2023-05-31 15:01:27,16489,16489,16489,10,10
2023-05-31 15:01:27,16489,16489,16489,2,0
2023-05-31 15:01:31,16489,16489,16489,2,0
2023-05-31 15:01:33,16489,16489,16489,14,0
2023-05-31 15:01:37,16489,16489,16489,2,0
2023-05-31 15:01:37,16490,16490,16490,8,8
2023-05-31 15:01:38,16489,16489,16489,2,-2
2023-05-31 15:01:41,16489,16489,16489,2,0
2023-05-31 15:01:44,16489,16489,16489,6,0
2023-05-31 15:01:49,16489,16489,16489,2,0
2023-05-31 15:01:49,16488,16488,16488,2,-2
2023-05-31 15:01:52,16489,16489,16489,2,2
2023-05-31 15:01:52,16489,16489,16489,6,0
2023-05-31 15:01:53,16489,16489,16489,2,0
2023-05-31 15:02:00,16489,16489,16489,2,0
2023-05-31 15:02:00,16489,16489,16489,4,0
2023-05-31 15:02:00,16489,16489,16489,2,0
2023-05-31 15:02:00,16489,16489,16489,2,0
2023-05-31 15:02:01,16489,16489,16489,10,0
2023-05-31 15:02:01,16489,16489,16489,10,0
2023-05-31 15:02:02,16488,16488,16488,2,-2
2023-05-31 15:02:02,16488,16488,16488,4,0
2023-05-31 15:02:02,16488,16488,16488,2,0
2023-05-31 15:02:02,16488,16488,16488,2,0
2023-05-31 15:02:02,16488,16488,16488,2,0
2023-05-31 15:02:02,16488,16488,16488,2,0
2023-05-31 15:02:02,16488,16488,16488,2,0
2023-05-31 15:02:03,16488,16488,16488,6,0
2023-05-31 15:02:05,16487,16487,16487,2,-2
2023-05-31 15:02:05,16487,16487,16487,2,0
2023-05-31 15:02:05,16486,16486,16486,4,-4
2023-05-31 15:02:05,16486,16486,16486,6,0
2023-05-31 15:02:05,16486,16486,16486,6,0
2023-05-31 15:02:05,16486,16486,16486,2,0
2023-05-31 15:02:05,16486,16486,16486,4,0
2023-05-31 15:02:05,16486,16486,16486,2,0
2023-05-31 15:02:05,16486,16486,16486,4,0
2023-05-31 15:02:05,16486,16486,16486,2,0
2023-05-31 15:02:05,16486,16486,16486,2,0
2023-05-31 15:02:05,16486,16486,16486,2,0
2023-05-31 15:02:05,16486,16486,16486,4,0
2023-05-31 15:02:05,16486,16486,16486,4,0
2023-05-31 15:02:05,16486,16486,16486,2,0
2023-05-31 15:02:05,16485,16485,16485,2,-2
2023-05-31 15:02:05,16485,16485,16485,2,0
2023-05-31 15:02:05,16485,16485,16485,6,0
2023-05-31 15:02:05,16485,16485,16485,6,0
2023-05-31 15:02:05,16485,16485,16485,2,0
2023-05-31 15:02:05,16485,16485,16485,2,0
2023-05-31 15:02:05,16485,16485,16485,4,0
2023-05-31 15:02:05,16485,16485,16485,4,0
2023-05-31 15:02:05,16485,16485,16485,2,0
2023-05-31 15:02:05,16485,16485,16485,2,0
2023-05-31 15:02:05,16485,16485,16485,4,0
2023-05-31 15:02:05,16485,16485,16485,2,0
2023-05-31 15:02:05,16485,16485,16485,2,0
2023-05-31 15:02:05,16485,16485,16485,2,0
2023-05-31 15:02:05,16485,16485,16485,2,0
2023-05-31 15:02:05,16485,16485,16485,10,0
2023-05-31 15:02:05,16485,16485,16485,2,0
2023-05-31 15:02:05,16485,16485,16485,10,0
2023-05-31 15:02:05,16485,16485,16485,10,0
2023-05-31 15:02:05,16485,16485,16485,10,0
2023-05-31 15:02:05,16485,16485,16485,4,0
2023-05-31 15:02:05,16484,16484,16484,2,-2
2023-05-31 15:02:05,16485,16485,16485,62,62
2023-05-31 15:02:05,16484,16484,16484,2,-2
2023-05-31 15:02:05,16484,16484,16484,4,0
2023-05-31 15:02:05,16484,16484,16484,2,0
2023-05-31 15:02:05,16484,16484,16484,6,0
2023-05-31 15:02:05,16484,16484,16484,4,0
2023-05-31 15:02:05,16484,16484,16484,2,0
2023-05-31 15:02:05,16484,16484,16484,6,0
2023-05-31 15:02:05,16484,16484,16484,2,0
2023-05-31 15:02:05,16484,16484,16484,2,0
2023-05-31 15:02:05,16484,16484,16484,2,0
2023-05-31 15:02:05,16484,16484,16484,2,0
2023-05-31 15:02:05,16484,16484,16484,2,0
2023-05-31 15:02:05,16484,16484,16484,4,0
2023-05-31 15:02:05,16484,16484,16484,8,0
2023-05-31 15:02:05,16485,16485,16485,2,2
2023-05-31 15:02:05,16485,16485,16485,2,0
2023-05-31 15:02:05,16485,16485,16485,6,0
2023-05-31 15:02:05,16485,16485,16485,2,0
2023-05-31 15:02:05,16485,16485,16485,4,0
2023-05-31 15:02:05,16485,16485,16485,42,0
2023-05-31 15:02:05,16484,16484,16484,2,-2
2023-05-31 15:02:05,16484,16484,16484,6,0
2023-05-31 15:02:07,16483,16483,16483,2,-2
2023-05-31 15:02:08,16485,16485,16485,6,6
2023-05-31 15:02:08,16485,16485,16485,22,0
2023-05-31 15:02:12,16486,16486,16486,10,10
2023-05-31 15:02:13,16485,16485,16485,2,-2
2023-05-31 15:02:14,16486,16486,16486,10,10
2023-05-31 15:02:14,16486,16486,16486,2,0
2023-05-31 15:02:15,16485,16485,16485,4,-4
2023-05-31 15:02:15,16485,16485,16485,2,0
2023-05-31 15:02:15,16485,16485,16485,4,0
2023-05-31 15:02:20,16484,16484,16484,16,-16
2023-05-31 15:02:20,16484,16484,16484,2,0
2023-05-31 15:02:20,16483,16483,16483,2,-2
2023-05-31 15:02:20,16485,16485,16485,2,2
2023-05-31 15:02:21,16483,16483,16483,2,-2
2023-05-31 15:02:24,16484,16484,16484,12,12
2023-05-31 15:02:24,16485,16485,16485,42,42
2023-05-31 15:02:24,16485,16485,16485,4,0
2023-05-31 15:02:24,16485,16485,16485,2,0
2023-05-31 15:02:24,16485,16485,16485,2,0
2023-05-31 15:02:24,16485,16485,16485,2,0
2023-05-31 15:02:24,16484,16484,16484,2,-2
2023-05-31 15:02:24,16484,16484,16484,2,0
2023-05-31 15:02:27,16484,16484,16484,2,0
2023-05-31 15:02:27,16484,16484,16484,2,0
2023-05-31 15:02:27,16484,16484,16484,4,0
2023-05-31 15:02:27,16484,16484,16484,2,0
2023-05-31 15:02:27,16484,16484,16484,2,0
2023-05-31 15:02:28,16483,16483,16483,2,-2
2023-05-31 15:02:28,16483,16483,16483,2,0
2023-05-31 15:02:29,16483,16483,16483,2,0
2023-05-31 15:02:31,16483,16483,16483,2,0
2023-05-31 15:02:31,16483,16483,16483,2,0
2023-05-31 15:02:32,16483,16483,16483,2,0
2023-05-31 15:02:32,16483,16483,16483,2,0
2023-05-31 15:02:32,16483,16483,16483,2,0
2023-05-31 15:02:34,16483,16483,16483,2,0
2023-05-31 15:02:34,16483,16483,16483,2,0
2023-05-31 15:02:35,16482,16482,16482,2,-2
2023-05-31 15:02:35,16482,16482,16482,2,0
2023-05-31 15:02:35,16482,16482,16482,2,0
2023-05-31 15:02:35,16482,16482,16482,2,0
2023-05-31 15:02:35,16482,16482,16482,4,0
2023-05-31 15:02:35,16482,16482,16482,6,0
2023-05-31 15:02:35,16482,16482,16482,6,0
2023-05-31 15:02:35,16482,16482,16482,2,0
2023-05-31 15:02:35,16482,16482,16482,2,0
2023-05-31 15:02:35,16481,16481,16481,2,-2
2023-05-31 15:02:35,16481,16481,16481,2,0
2023-05-31 15:02:35,16481,16481,16481,2,0
2023-05-31 15:02:35,16481,16481,16481,6,0
2023-05-31 15:02:35,16481,16481,16481,6,0
2023-05-31 15:02:35,16481,16481,16481,2,0
2023-05-31 15:02:35,16481,16481,16481,4,0
2023-05-31 15:02:35,16481,16481,16481,4,0
2023-05-31 15:02:35,16481,16481,16481,2,0
2023-05-31 15:02:35,16481,16481,16481,2,0
2023-05-31 15:02:35,16481,16481,16481,2,0
2023-05-31 15:02:35,16481,16481,16481,2,0
2023-05-31 15:02:35,16481,16481,16481,10,0
2023-05-31 15:02:35,16481,16481,16481,10,0
2023-05-31 15:02:35,16481,16481,16481,10,0
2023-05-31 15:02:35,16480,16480,16480,2,-2
2023-05-31 15:02:35,16480,16480,16480,6,0
2023-05-31 15:02:35,16480,16480,16480,4,0
2023-05-31 15:02:35,16480,16480,16480,4,0
2023-05-31 15:02:35,16480,16480,16480,60,0
2023-05-31 15:02:35,16480,16480,16480,2,0
2023-05-31 15:02:35,16480,16480,16480,2,0
2023-05-31 15:02:35,16480,16480,16480,2,0
2023-05-31 15:02:35,16480,16480,16480,4,0
2023-05-31 15:02:35,16480,16480,16480,2,0
2023-05-31 15:02:35,16480,16480,16480,4,0
2023-05-31 15:02:35,16480,16480,16480,2,0
2023-05-31 15:02:35,16480,16480,16480,12,0
2023-05-31 15:02:35,16480,16480,16480,2,0
2023-05-31 15:02:35,16480,16480,16480,4,0
2023-05-31 15:02:35,16480,16480,16480,2,0
2023-05-31 15:02:35,16479,16479,16479,2,-2
2023-05-31 15:02:35,16479,16479,16479,2,0
2023-05-31 15:02:35,16479,16479,16479,2,0
2023-05-31 15:02:35,16479,16479,16479,2,0
2023-05-31 15:02:35,16479,16479,16479,2,0
2023-05-31 15:02:35,16481,16481,16481,2,2
2023-05-31 15:02:35,16479,16479,16479,2,-2
2023-05-31 15:02:35,16479,16479,16479,4,0
2023-05-31 15:02:35,16479,16479,16479,4,0
2023-05-31 15:02:35,16479,16479,16479,6,0
2023-05-31 15:02:35,16478,16478,16478,2,-2
2023-05-31 15:02:35,16478,16478,16478,2,0
2023-05-31 15:02:35,16479,16479,16479,2,2
2023-05-31 15:02:36,16478,16478,16478,2,-2
2023-05-31 15:02:36,16478,16478,16478,2,0
2023-05-31 15:02:36,16478,16478,16478,2,0
2023-05-31 15:02:38,16478,16478,16478,6,0
2023-05-31 15:02:39,16478,16478,16478,2,0
2023-05-31 15:02:39,16478,16478,16478,2,0
2023-05-31 15:02:40,16478,16478,16478,10,0
2023-05-31 15:02:40,16478,16478,16478,8,0
2023-05-31 15:02:40,16478,16478,16478,4,0
2023-05-31 15:02:40,16478,16478,16478,2,0
2023-05-31 15:02:40,16478,16478,16478,2,0
2023-05-31 15:02:40,16478,16478,16478,4,0
2023-05-31 15:02:40,16478,16478,16478,2,0
2023-05-31 15:02:40,16478,16478,16478,2,0
2023-05-31 15:02:40,16477,16477,16477,2,-2
2023-05-31 15:02:40,16477,16477,16477,4,0
2023-05-31 15:02:40,16477,16477,16477,2,0
2023-05-31 15:02:40,16476,16476,16476,2,-2
2023-05-31 15:02:40,16476,16476,16476,2,0
2023-05-31 15:02:41,16476,16476,16476,2,0
2023-05-31 15:02:41,16475,16475,16475,2,-2
2023-05-31 15:02:41,16475,16475,16475,2,0
2023-05-31 15:02:41,16477,16477,16477,2,2
2023-05-31 15:02:41,16477,16477,16477,4,0
2023-05-31 15:02:42,16475,16475,16475,2,-2
2023-05-31 15:02:42,16475,16475,16475,2,0
2023-05-31 15:02:42,16476,16476,16476,2,2
2023-05-31 15:02:43,16477,16477,16477,2,2
2023-05-31 15:02:43,16476,16476,16476,2,-2
2023-05-31 15:02:44,16475,16475,16475,2,-2
2023-05-31 15:02:44,16475,16475,16475,2,0
2023-05-31 15:02:44,16476,16476,16476,2,2
2023-05-31 15:02:45,16475,16475,16475,2,-2
2023-05-31 15:02:45,16474,16474,16474,4,-4
2023-05-31 15:02:45,16474,16474,16474,2,0
2023-05-31 15:02:45,16474,16474,16474,2,0
2023-05-31 15:02:45,16473,16473,16473,2,-2
2023-05-31 15:02:45,16475,16475,16475,22,22
2023-05-31 15:02:45,16475,16475,16475,4,0
2023-05-31 15:02:45,16475,16475,16475,4,0
2023-05-31 15:02:45,16476,16476,16476,4,4
2023-05-31 15:02:45,16476,16476,16476,2,0
2023-05-31 15:02:45,16476,16476,16476,2,0
2023-05-31 15:02:45,16476,16476,16476,2,0
2023-05-31 15:02:46,16475,16475,16475,2,-2
2023-05-31 15:02:46,16476,16476,16476,2,2
2023-05-31 15:02:46,16477,16477,16477,30,30
2023-05-31 15:02:46,16478,16478,16478,60,60
2023-05-31 15:02:46,16479,16479,16479,8,8
2023-05-31 15:02:46,16477,16477,16477,2,-2
2023-05-31 15:02:46,16477,16477,16477,2,0
2023-05-31 15:02:46,16478,16478,16478,2,2
2023-05-31 15:02:46,16478,16478,16478,2,0
2023-05-31 15:02:46,16478,16478,16478,2,0
2023-05-31 15:02:46,16478,16478,16478,2,0
2023-05-31 15:02:47,16478,16478,16478,2,0
2023-05-31 15:02:48,16478,16478,16478,2,0
2023-05-31 15:02:48,16479,16479,16479,2,2
2023-05-31 15:02:48,16479,16479,16479,2,0
2023-05-31 15:02:49,16479,16479,16479,2,0
2023-05-31 15:02:49,16478,16478,16478,4,-4
2023-05-31 15:02:51,16477,16477,16477,2,-2
2023-05-31 15:02:51,16476,16476,16476,2,-2
2023-05-31 15:02:51,16476,16476,16476,4,0
2023-05-31 15:02:53,16477,16477,16477,4,4
2023-05-31 15:02:53,16476,16476,16476,10,-10
2023-05-31 15:02:53,16476,16476,16476,6,0
2023-05-31 15:02:53,16476,16476,16476,2,0
2023-05-31 15:02:53,16476,16476,16476,4,0
2023-05-31 15:02:53,16476,16476,16476,2,0
2023-05-31 15:02:55,16476,16476,16476,2,0
2023-05-31 15:02:56,16476,16476,16476,2,0
2023-05-31 15:02:57,16476,16476,16476,2,0
2023-05-31 15:02:58,16476,16476,16476,2,0
2023-05-31 15:02:58,16476,16476,16476,10,0
2023-05-31 15:02:59,16476,16476,16476,2,0
2023-05-31 15:03:00,16475,16475,16475,2,-2
2023-05-31 15:03:00,16475,16475,16475,2,0
2023-05-31 15:03:00,16475,16475,16475,4,0
2023-05-31 15:03:00,16475,16475,16475,2,0
2023-05-31 15:03:00,16475,16475,16475,2,0
2023-05-31 15:03:00,16475,16475,16475,6,0
2023-05-31 15:03:00,16475,16475,16475,4,0
2023-05-31 15:03:00,16475,16475,16475,6,0
2023-05-31 15:03:01,16474,16474,16474,2,-2
2023-05-31 15:03:01,16474,16474,16474,2,0
2023-05-31 15:03:02,16475,16475,16475,4,4
2023-05-31 15:03:02,16476,16476,16476,2,2
2023-05-31 15:03:03,16474,16474,16474,2,-2
2023-05-31 15:03:03,16475,16475,16475,2,2
2023-05-31 15:03:03,16476,16476,16476,4,4
2023-05-31 15:03:03,16476,16476,16476,2,0
2023-05-31 15:03:03,16476,16476,16476,4,0
2023-05-31 15:03:03,16476,16476,16476,4,0
2023-05-31 15:03:03,16476,16476,16476,2,0
2023-05-31 15:03:03,16476,16476,16476,8,0
2023-05-31 15:03:03,16476,16476,16476,2,0
2023-05-31 15:03:03,16476,16476,16476,8,0
2023-05-31 15:03:03,16476,16476,16476,2,0
2023-05-31 15:03:03,16476,16476,16476,2,0
2023-05-31 15:03:03,16476,16476,16476,2,0
2023-05-31 15:03:05,16475,16475,16475,2,-2
2023-05-31 15:03:06,16475,16475,16475,2,0
2023-05-31 15:03:06,16475,16475,16475,2,0
2023-05-31 15:03:06,16474,16474,16474,2,-2
2023-05-31 15:03:06,16474,16474,16474,2,0
2023-05-31 15:03:07,16474,16474,16474,2,0
2023-05-31 15:03:08,16475,16475,16475,2,2
2023-05-31 15:03:08,16474,16474,16474,4,-4
2023-05-31 15:03:10,16474,16474,16474,2,0
2023-05-31 15:03:10,16473,16473,16473,2,-2
2023-05-31 15:03:10,16473,16473,16473,2,0
2023-05-31 15:03:10,16473,16473,16473,4,0
2023-05-31 15:03:10,16473,16473,16473,2,0
2023-05-31 15:03:10,16473,16473,16473,2,0
2023-05-31 15:03:11,16472,16472,16472,2,-2
2023-05-31 15:03:11,16473,16473,16473,4,4
2023-05-31 15:03:11,16472,16472,16472,2,-2
2023-05-31 15:03:11,16472,16472,16472,2,0
2023-05-31 15:03:11,16472,16472,16472,2,0
2023-05-31 15:03:12,16471,16471,16471,2,-2
2023-05-31 15:03:12,16471,16471,16471,2,0
2023-05-31 15:03:12,16471,16471,16471,4,0
2023-05-31 15:03:12,16471,16471,16471,2,0
2023-05-31 15:03:13,16471,16471,16471,2,0
2023-05-31 15:03:13,16471,16471,16471,4,0
2023-05-31 15:03:13,16471,16471,16471,2,0
2023-05-31 15:03:13,16471,16471,16471,2,0
2023-05-31 15:03:13,16471,16471,16471,2,0
2023-05-31 15:03:13,16471,16471,16471,2,0
2023-05-31 15:03:13,16471,16471,16471,2,0
2023-05-31 15:03:13,16471,16471,16471,2,0
2023-05-31 15:03:14,16470,16470,16470,2,-2
2023-05-31 15:03:14,16470,16470,16470,6,0
2023-05-31 15:03:14,16470,16470,16470,2,0
2023-05-31 15:03:14,16470,16470,16470,4,0
2023-05-31 15:03:14,16470,16470,16470,2,0
2023-05-31 15:03:14,16469,16469,16469,2,-2
2023-05-31 15:03:14,16468,16468,16468,4,-4
2023-05-31 15:03:14,16468,16468,16468,2,0
2023-05-31 15:03:14,16468,16468,16468,4,0
2023-05-31 15:03:14,16468,16468,16468,2,0
2023-05-31 15:03:14,16468,16468,16468,2,0
2023-05-31 15:03:14,16468,16468,16468,4,0
2023-05-31 15:03:14,16468,16468,16468,6,0
2023-05-31 15:03:14,16468,16468,16468,2,0
2023-05-31 15:03:14,16467,16467,16467,2,-2
2023-05-31 15:03:14,16467,16467,16467,2,0
2023-05-31 15:03:14,16467,16467,16467,2,0
2023-05-31 15:03:14,16467,16467,16467,2,0
2023-05-31 15:03:14,16467,16467,16467,2,0
2023-05-31 15:03:14,16466,16466,16466,4,-4
2023-05-31 15:03:14,16466,16466,16466,4,0
2023-05-31 15:03:14,16466,16466,16466,2,0
2023-05-31 15:03:14,16466,16466,16466,2,0
2023-05-31 15:03:14,16466,16466,16466,4,0
2023-05-31 15:03:14,16466,16466,16466,2,0
2023-05-31 15:03:14,16467,16467,16467,2,2
2023-05-31 15:03:14,16467,16467,16467,2,0
2023-05-31 15:03:15,16466,16466,16466,4,-4
2023-05-31 15:03:16,16466,16466,16466,2,0
2023-05-31 15:03:16,16466,16466,16466,4,0
2023-05-31 15:03:16,16466,16466,16466,4,0
2023-05-31 15:03:16,16467,16467,16467,2,2
2023-05-31 15:03:16,16467,16467,16467,14,0
2023-05-31 15:03:16,16467,16467,16467,2,0
2023-05-31 15:03:16,16467,16467,16467,4,0
2023-05-31 15:03:16,16468,16468,16468,2,2
2023-05-31 15:03:16,16468,16468,16468,8,0
2023-05-31 15:03:17,16469,16469,16469,2,2
2023-05-31 15:03:17,16469,16469,16469,2,0
2023-05-31 15:03:17,16470,16470,16470,4,4
2023-05-31 15:03:18,16467,16467,16467,2,-2
2023-05-31 15:03:20,16467,16467,16467,2,0
2023-05-31 15:03:20,16467,16467,16467,2,0
2023-05-31 15:03:20,16467,16467,16467,2,0
2023-05-31 15:03:21,16467,16467,16467,2,0
2023-05-31 15:03:21,16467,16467,16467,2,0
2023-05-31 15:03:21,16467,16467,16467,2,0
2023-05-31 15:03:21,16466,16466,16466,2,-2
2023-05-31 15:03:22,16466,16466,16466,2,0
2023-05-31 15:03:22,16467,16467,16467,2,2
2023-05-31 15:03:22,16467,16467,16467,2,0
2023-05-31 15:03:22,16467,16467,16467,2,0
2023-05-31 15:03:22,16467,16467,16467,2,0
2023-05-31 15:03:22,16467,16467,16467,4,0
2023-05-31 15:03:22,16467,16467,16467,2,0
2023-05-31 15:03:22,16467,16467,16467,4,0
2023-05-31 15:03:22,16466,16466,16466,2,-2
2023-05-31 15:03:22,16466,16466,16466,2,0
2023-05-31 15:03:22,16466,16466,16466,2,0
2023-05-31 15:03:23,16466,16466,16466,2,0
2023-05-31 15:03:23,16466,16466,16466,2,0
2023-05-31 15:03:24,16466,16466,16466,2,0
2023-05-31 15:03:24,16466,16466,16466,2,0
2023-05-31 15:03:25,16466,16466,16466,2,0
2023-05-31 15:03:25,16466,16466,16466,2,0
2023-05-31 15:03:27,16467,16467,16467,6,6
2023-05-31 15:03:27,16467,16467,16467,2,0
2023-05-31 15:03:28,16467,16467,16467,4,0
2023-05-31 15:03:28,16467,16467,16467,2,0
2023-05-31 15:03:28,16467,16467,16467,2,0
2023-05-31 15:03:29,16467,16467,16467,16,0
2023-05-31 15:03:29,16467,16467,16467,2,0
2023-05-31 15:03:29,16466,16466,16466,2,-2
2023-05-31 15:03:29,16466,16466,16466,2,0
2023-05-31 15:03:29,16466,16466,16466,2,0
2023-05-31 15:03:29,16466,16466,16466,2,0
2023-05-31 15:03:29,16466,16466,16466,2,0
2023-05-31 15:03:31,16465,16465,16465,2,-2
2023-05-31 15:03:31,16465,16465,16465,2,0
2023-05-31 15:03:31,16465,16465,16465,2,0
2023-05-31 15:03:31,16465,16465,16465,2,0
2023-05-31 15:03:31,16465,16465,16465,2,0
2023-05-31 15:03:31,16465,16465,16465,2,0
2023-05-31 15:03:31,16465,16465,16465,2,0
2023-05-31 15:03:31,16465,16465,16465,2,0
2023-05-31 15:03:31,16465,16465,16465,2,0
2023-05-31 15:03:31,16464,16464,16464,4,-4
2023-05-31 15:03:31,16464,16464,16464,2,0
2023-05-31 15:03:31,16464,16464,16464,6,0
2023-05-31 15:03:31,16463,16463,16463,2,-2
2023-05-31 15:03:31,16463,16463,16463,2,0
2023-05-31 15:03:32,16464,16464,16464,2,2
2023-05-31 15:03:32,16464,16464,16464,2,0
2023-05-31 15:03:32,16464,16464,16464,4,0
2023-05-31 15:03:32,16464,16464,16464,2,0
2023-05-31 15:03:32,16463,16463,16463,2,-2
2023-05-31 15:03:32,16463,16463,16463,14,0
2023-05-31 15:03:32,16463,16463,16463,2,0
2023-05-31 15:03:33,16465,16465,16465,2,2
2023-05-31 15:03:33,16465,16465,16465,2,0
2023-05-31 15:03:34,16465,16465,16465,20,0
2023-05-31 15:03:34,16464,16464,16464,2,-2
2023-05-31 15:03:34,16464,16464,16464,2,0
2023-05-31 15:03:34,16464,16464,16464,4,0
2023-05-31 15:03:34,16464,16464,16464,2,0
2023-05-31 15:03:35,16464,16464,16464,2,0
2023-05-31 15:03:35,16464,16464,16464,2,0
2023-05-31 15:03:37,16464,16464,16464,2,0
2023-05-31 15:03:37,16465,16465,16465,2,2
2023-05-31 15:03:38,16465,16465,16465,2,0
2023-05-31 15:03:38,16464,16464,16464,2,-2
2023-05-31 15:03:38,16464,16464,16464,2,0
2023-05-31 15:03:39,16464,16464,16464,2,0
2023-05-31 15:03:39,16463,16463,16463,4,-4
2023-05-31 15:03:40,16464,16464,16464,2,2
2023-05-31 15:03:40,16463,16463,16463,2,-2
2023-05-31 15:03:40,16463,16463,16463,4,0
2023-05-31 15:03:40,16463,16463,16463,2,0
2023-05-31 15:03:40,16463,16463,16463,2,0
2023-05-31 15:03:41,16463,16463,16463,2,0
2023-05-31 15:03:41,16463,16463,16463,2,0
2023-05-31 15:03:41,16463,16463,16463,2,0
2023-05-31 15:03:41,16463,16463,16463,4,0
2023-05-31 15:03:41,16463,16463,16463,2,0
2023-05-31 15:03:41,16463,16463,16463,16,0
2023-05-31 15:03:41,16463,16463,16463,2,0
2023-05-31 15:03:41,16463,16463,16463,14,0
2023-05-31 15:03:41,16464,16464,16464,2,2
2023-05-31 15:03:41,16464,16464,16464,2,0
2023-05-31 15:03:42,16464,16464,16464,2,0
2023-05-31 15:03:42,16464,16464,16464,2,0
2023-05-31 15:03:42,16464,16464,16464,4,0
2023-05-31 15:03:42,16464,16464,16464,10,0
2023-05-31 15:03:43,16463,16463,16463,2,-2
2023-05-31 15:03:43,16464,16464,16464,6,6
2023-05-31 15:03:45,16463,16463,16463,2,-2
2023-05-31 15:03:45,16463,16463,16463,4,0
2023-05-31 15:03:45,16463,16463,16463,2,0
2023-05-31 15:03:45,16463,16463,16463,2,0
2023-05-31 15:03:45,16463,16463,16463,2,0
2023-05-31 15:03:45,16463,16463,16463,2,0
2023-05-31 15:03:45,16463,16463,16463,2,0
2023-05-31 15:03:45,16463,16463,16463,2,0
2023-05-31 15:03:46,16463,16463,16463,2,0
2023-05-31 15:03:46,16464,16464,16464,12,12
2023-05-31 15:03:46,16465,16465,16465,8,8
2023-05-31 15:03:47,16464,16464,16464,2,-2
2023-05-31 15:03:47,16464,16464,16464,2,0
2023-05-31 15:03:47,16464,16464,16464,2,0
2023-05-31 15:03:47,16464,16464,16464,2,0
2023-05-31 15:03:47,16464,16464,16464,2,0
2023-05-31 15:03:47,16465,16465,16465,8,8
2023-05-31 15:03:48,16464,16464,16464,2,-2
2023-05-31 15:03:49,16465,16465,16465,8,8
2023-05-31 15:03:49,16464,16464,16464,2,-2
2023-05-31 15:03:49,16464,16464,16464,4,0
2023-05-31 15:03:49,16464,16464,16464,2,0
2023-05-31 15:03:49,16464,16464,16464,2,0
2023-05-31 15:03:50,16464,16464,16464,2,0
2023-05-31 15:03:50,16463,16463,16463,2,-2
2023-05-31 15:03:53,16463,16463,16463,2,0
2023-05-31 15:03:53,16463,16463,16463,2,0
2023-05-31 15:03:53,16463,16463,16463,2,0
2023-05-31 15:03:53,16463,16463,16463,2,0
2023-05-31 15:03:53,16463,16463,16463,2,0
2023-05-31 15:03:53,16462,16462,16462,2,-2
2023-05-31 15:03:53,16462,16462,16462,2,0
2023-05-31 15:03:53,16462,16462,16462,2,0
2023-05-31 15:03:53,16462,16462,16462,4,0
2023-05-31 15:03:53,16462,16462,16462,2,0
2023-05-31 15:03:53,16462,16462,16462,2,0
2023-05-31 15:03:53,16462,16462,16462,2,0
2023-05-31 15:03:53,16462,16462,16462,2,0
2023-05-31 15:03:53,16462,16462,16462,2,0
2023-05-31 15:03:53,16462,16462,16462,2,0
2023-05-31 15:03:53,16462,16462,16462,2,0
2023-05-31 15:03:53,16462,16462,16462,2,0
2023-05-31 15:03:53,16461,16461,16461,10,-10
2023-05-31 15:03:53,16461,16461,16461,8,0
2023-05-31 15:03:53,16461,16461,16461,2,0
2023-05-31 15:03:54,16461,16461,16461,4,0
2023-05-31 15:03:55,16461,16461,16461,10,0
2023-05-31 15:03:55,16461,16461,16461,2,0
2023-05-31 15:03:55,16461,16461,16461,4,0
2023-05-31 15:03:55,16461,16461,16461,4,0
2023-05-31 15:03:55,16461,16461,16461,16,0
2023-05-31 15:03:55,16461,16461,16461,10,0
2023-05-31 15:03:55,16461,16461,16461,2,0
2023-05-31 15:03:55,16461,16461,16461,2,0
2023-05-31 15:03:55,16461,16461,16461,2,0
2023-05-31 15:03:55,16461,16461,16461,2,0
2023-05-31 15:03:55,16461,16461,16461,2,0
2023-05-31 15:03:55,16461,16461,16461,2,0
2023-05-31 15:03:55,16461,16461,16461,4,0
2023-05-31 15:03:55,16461,16461,16461,2,0
2023-05-31 15:03:55,16461,16461,16461,2,0
2023-05-31 15:03:55,16460,16460,16460,2,-2
2023-05-31 15:03:55,16460,16460,16460,2,0
2023-05-31 15:03:55,16461,16461,16461,2,2
2023-05-31 15:03:55,16460,16460,16460,2,-2
2023-05-31 15:03:55,16460,16460,16460,4,0
2023-05-31 15:03:55,16460,16460,16460,2,0
2023-05-31 15:03:55,16460,16460,16460,2,0
2023-05-31 15:03:55,16460,16460,16460,2,0
2023-05-31 15:03:55,16460,16460,16460,2,0
2023-05-31 15:03:55,16460,16460,16460,2,0
2023-05-31 15:03:55,16460,16460,16460,4,0
2023-05-31 15:03:55,16460,16460,16460,2,0
2023-05-31 15:03:55,16460,16460,16460,4,0
2023-05-31 15:03:55,16460,16460,16460,2,0
2023-05-31 15:03:55,16460,16460,16460,2,0
2023-05-31 15:03:55,16460,16460,16460,2,0
2023-05-31 15:03:55,16460,16460,16460,2,0
2023-05-31 15:03:55,16459,16459,16459,2,-2
2023-05-31 15:03:55,16459,16459,16459,2,0
2023-05-31 15:03:55,16458,16458,16458,6,-6
2023-05-31 15:03:56,16458,16458,16458,14,0
2023-05-31 15:03:56,16458,16458,16458,4,0
2023-05-31 15:03:56,16458,16458,16458,4,0
2023-05-31 15:03:56,16458,16458,16458,4,0
2023-05-31 15:03:56,16458,16458,16458,4,0
2023-05-31 15:03:56,16458,16458,16458,2,0
2023-05-31 15:03:56,16458,16458,16458,2,0
2023-05-31 15:03:56,16457,16457,16457,2,-2
2023-05-31 15:03:56,16457,16457,16457,2,0
2023-05-31 15:03:56,16457,16457,16457,2,0
2023-05-31 15:03:56,16457,16457,16457,6,0
2023-05-31 15:03:56,16457,16457,16457,2,0
2023-05-31 15:03:56,16457,16457,16457,2,0
2023-05-31 15:03:56,16457,16457,16457,2,0
2023-05-31 15:03:56,16457,16457,16457,2,0
2023-05-31 15:03:56,16457,16457,16457,2,0
2023-05-31 15:03:56,16457,16457,16457,2,0
2023-05-31 15:03:56,16456,16456,16456,2,-2
2023-05-31 15:03:56,16456,16456,16456,2,0
2023-05-31 15:03:56,16456,16456,16456,8,0
2023-05-31 15:03:56,16456,16456,16456,12,0
2023-05-31 15:03:56,16456,16456,16456,2,0
2023-05-31 15:03:56,16455,16455,16455,2,-2
2023-05-31 15:03:56,16455,16455,16455,6,0
2023-05-31 15:03:56,16455,16455,16455,2,0
2023-05-31 15:03:56,16455,16455,16455,2,0
2023-05-31 15:03:56,16455,16455,16455,16,0
2023-05-31 15:03:56,16455,16455,16455,2,0
2023-05-31 15:03:56,16455,16455,16455,2,0
2023-05-31 15:03:56,16455,16455,16455,2,0
2023-05-31 15:03:56,16455,16455,16455,2,0
2023-05-31 15:03:56,16454,16454,16454,2,-2
2023-05-31 15:03:56,16454,16454,16454,2,0
2023-05-31 15:03:56,16453,16453,16453,2,-2
2023-05-31 15:03:56,16453,16453,16453,2,0
2023-05-31 15:03:56,16454,16454,16454,2,2
2023-05-31 15:03:56,16454,16454,16454,2,0
2023-05-31 15:03:56,16453,16453,16453,4,-4
2023-05-31 15:03:56,16453,16453,16453,2,0
2023-05-31 15:03:56,16453,16453,16453,2,0
2023-05-31 15:03:56,16453,16453,16453,2,0
2023-05-31 15:03:57,16454,16454,16454,2,2
2023-05-31 15:03:57,16454,16454,16454,2,0
2023-05-31 15:03:57,16453,16453,16453,4,-4
2023-05-31 15:03:57,16453,16453,16453,2,0
2023-05-31 15:03:57,16453,16453,16453,2,0
2023-05-31 15:03:57,16454,16454,16454,2,2
2023-05-31 15:03:57,16454,16454,16454,2,0
2023-05-31 15:03:57,16454,16454,16454,2,0
2023-05-31 15:03:57,16453,16453,16453,2,-2
2023-05-31 15:03:57,16453,16453,16453,4,0
2023-05-31 15:03:57,16453,16453,16453,2,0
2023-05-31 15:03:57,16453,16453,16453,2,0
2023-05-31 15:03:57,16452,16452,16452,2,-2
2023-05-31 15:03:57,16452,16452,16452,2,0
2023-05-31 15:03:57,16452,16452,16452,2,0
2023-05-31 15:03:57,16452,16452,16452,2,0
2023-05-31 15:03:57,16452,16452,16452,2,0
2023-05-31 15:03:57,16452,16452,16452,2,0
2023-05-31 15:03:57,16452,16452,16452,4,0
2023-05-31 15:03:57,16451,16451,16451,2,-2
2023-05-31 15:03:57,16451,16451,16451,2,0
2023-05-31 15:03:57,16452,16452,16452,2,2
2023-05-31 15:03:57,16451,16451,16451,2,-2
2023-05-31 15:03:57,16451,16451,16451,2,0
2023-05-31 15:03:57,16451,16451,16451,2,0
2023-05-31 15:03:57,16451,16451,16451,10,0
2023-05-31 15:03:57,16451,16451,16451,4,0
2023-05-31 15:03:57,16450,16450,16450,2,-2
2023-05-31 15:03:57,16450,16450,16450,2,0
2023-05-31 15:03:57,16450,16450,16450,2,0
2023-05-31 15:03:57,16450,16450,16450,2,0
2023-05-31 15:03:57,16450,16450,16450,2,0
2023-05-31 15:03:57,16450,16450,16450,2,0
2023-05-31 15:03:57,16450,16450,16450,2,0
2023-05-31 15:03:57,16450,16450,16450,2,0
2023-05-31 15:03:57,16450,16450,16450,2,0
2023-05-31 15:03:57,16450,16450,16450,2,0
2023-05-31 15:03:57,16449,16449,16449,2,-2
2023-05-31 15:03:57,16448,16448,16448,2,-2
2023-05-31 15:03:57,16448,16448,16448,2,0
2023-05-31 15:03:57,16448,16448,16448,4,0
2023-05-31 15:03:57,16448,16448,16448,2,0
2023-05-31 15:03:57,16447,16447,16447,2,-2
2023-05-31 15:03:57,16447,16447,16447,6,0
2023-05-31 15:03:57,16445,16445,16445,2,-2
2023-05-31 15:03:57,16445,16445,16445,2,0
2023-05-31 15:03:57,16445,16445,16445,2,0
2023-05-31 15:03:57,16444,16444,16444,2,-2
2023-05-31 15:03:57,16444,16444,16444,2,0
2023-05-31 15:03:57,16444,16444,16444,2,0
2023-05-31 15:03:57,16444,16444,16444,2,0
2023-05-31 15:03:57,16444,16444,16444,2,0
2023-05-31 15:03:57,16444,16444,16444,10,0
2023-05-31 15:03:57,16444,16444,16444,10,0
2023-05-31 15:03:57,16443,16443,16443,2,-2
2023-05-31 15:03:57,16442,16442,16442,4,-4
2023-05-31 15:03:57,16446,16446,16446,2,2
2023-05-31 15:03:57,16446,16446,16446,4,0
2023-05-31 15:03:57,16447,16447,16447,4,4
2023-05-31 15:03:57,16446,16446,16446,10,-10
2023-05-31 15:03:57,16449,16449,16449,2,2
2023-05-31 15:03:57,16449,16449,16449,4,0
2023-05-31 15:03:57,16449,16449,16449,2,0
2023-05-31 15:03:57,16449,16449,16449,2,0
2023-05-31 15:03:57,16449,16449,16449,2,0
2023-05-31 15:03:57,16449,16449,16449,2,0
2023-05-31 15:03:57,16447,16447,16447,2,-2
2023-05-31 15:03:57,16447,16447,16447,2,0
2023-05-31 15:03:57,16446,16446,16446,2,-2
2023-05-31 15:03:57,16447,16447,16447,2,2
2023-05-31 15:03:57,16446,16446,16446,2,-2
2023-05-31 15:03:57,16446,16446,16446,2,0
2023-05-31 15:03:57,16447,16447,16447,2,2
2023-05-31 15:03:57,16447,16447,16447,2,0
2023-05-31 15:03:57,16446,16446,16446,2,-2
2023-05-31 15:03:57,16447,16447,16447,2,2
2023-05-31 15:03:57,16446,16446,16446,2,-2
2023-05-31 15:03:57,16447,16447,16447,2,2
2023-05-31 15:03:57,16446,16446,16446,4,-4
2023-05-31 15:03:57,16446,16446,16446,2,0
2023-05-31 15:03:57,16445,16445,16445,2,-2
2023-05-31 15:03:57,16445,16445,16445,2,0
2023-05-31 15:03:57,16446,16446,16446,2,2
2023-05-31 15:03:57,16447,16447,16447,4,4
2023-05-31 15:03:57,16446,16446,16446,2,-2
2023-05-31 15:03:57,16445,16445,16445,2,-2
2023-05-31 15:03:57,16445,16445,16445,2,0
2023-05-31 15:03:57,16445,16445,16445,2,0
2023-05-31 15:03:57,16445,16445,16445,2,0
2023-05-31 15:03:57,16445,16445,16445,2,0
2023-05-31 15:03:57,16445,16445,16445,2,0
2023-05-31 15:03:57,16447,16447,16447,8,8
2023-05-31 15:03:57,16445,16445,16445,2,-2
2023-05-31 15:03:57,16447,16447,16447,2,2
2023-05-31 15:03:57,16445,16445,16445,2,-2
2023-05-31 15:03:57,16445,16445,16445,2,0
2023-05-31 15:03:57,16447,16447,16447,8,8
2023-05-31 15:03:57,16447,16447,16447,2,0
2023-05-31 15:03:57,16447,16447,16447,2,0
2023-05-31 15:03:57,16448,16448,16448,2,2
2023-05-31 15:03:57,16448,16448,16448,2,0
2023-05-31 15:03:57,16447,16447,16447,2,-2
2023-05-31 15:03:57,16447,16447,16447,2,0
2023-05-31 15:03:57,16447,16447,16447,2,0
2023-05-31 15:03:57,16446,16446,16446,2,-2
2023-05-31 15:03:57,16448,16448,16448,4,4
2023-05-31 15:03:57,16446,16446,16446,2,-2
2023-05-31 15:03:57,16445,16445,16445,2,-2
2023-05-31 15:03:57,16445,16445,16445,2,0
2023-05-31 15:03:57,16446,16446,16446,2,2
2023-05-31 15:03:57,16445,16445,16445,2,-2
2023-05-31 15:03:57,16447,16447,16447,4,4
2023-05-31 15:03:57,16447,16447,16447,12,0
2023-05-31 15:03:57,16446,16446,16446,2,-2
2023-05-31 15:03:57,16448,16448,16448,10,10
2023-05-31 15:03:58,16449,16449,16449,2,2
2023-05-31 15:03:58,16448,16448,16448,2,-2
2023-05-31 15:03:58,16448,16448,16448,2,0
2023-05-31 15:03:58,16448,16448,16448,2,0
2023-05-31 15:03:58,16447,16447,16447,2,-2
2023-05-31 15:03:58,16448,16448,16448,2,2
2023-05-31 15:03:58,16449,16449,16449,2,2
2023-05-31 15:03:58,16449,16449,16449,2,0
2023-05-31 15:03:58,16447,16447,16447,2,-2
2023-05-31 15:03:58,16447,16447,16447,2,0
2023-05-31 15:03:58,16446,16446,16446,2,-2
2023-05-31 15:03:58,16446,16446,16446,2,0
2023-05-31 15:03:58,16446,16446,16446,2,0
2023-05-31 15:03:58,16445,16445,16445,2,-2
2023-05-31 15:03:58,16445,16445,16445,2,0
2023-05-31 15:03:58,16445,16445,16445,4,0
2023-05-31 15:03:58,16445,16445,16445,2,0
2023-05-31 15:03:58,16445,16445,16445,2,0
2023-05-31 15:03:58,16446,16446,16446,4,4
2023-05-31 15:03:58,16447,16447,16447,2,2
2023-05-31 15:03:58,16447,16447,16447,2,0
2023-05-31 15:03:58,16446,16446,16446,2,-2
2023-05-31 15:03:58,16446,16446,16446,2,0
2023-05-31 15:03:59,16445,16445,16445,2,-2
2023-05-31 15:03:59,16445,16445,16445,2,0
2023-05-31 15:03:59,16445,16445,16445,2,0
2023-05-31 15:03:59,16445,16445,16445,2,0
2023-05-31 15:03:59,16444,16444,16444,2,-2
2023-05-31 15:03:59,16444,16444,16444,2,0
2023-05-31 15:03:59,16446,16446,16446,2,2
2023-05-31 15:03:59,16446,16446,16446,2,0
2023-05-31 15:04:00,16445,16445,16445,2,-2
2023-05-31 15:04:00,16444,16444,16444,2,-2
2023-05-31 15:04:00,16444,16444,16444,2,0
2023-05-31 15:04:00,16444,16444,16444,2,0
2023-05-31 15:04:00,16444,16444,16444,2,0
2023-05-31 15:04:00,16444,16444,16444,2,0
2023-05-31 15:04:00,16443,16443,16443,2,-2
2023-05-31 15:04:00,16443,16443,16443,2,0
2023-05-31 15:04:00,16443,16443,16443,2,0
2023-05-31 15:04:00,16444,16444,16444,2,2
2023-05-31 15:04:00,16444,16444,16444,2,0
2023-05-31 15:04:00,16444,16444,16444,2,0
2023-05-31 15:04:00,16444,16444,16444,2,0
2023-05-31 15:04:00,16443,16443,16443,2,-2
2023-05-31 15:04:00,16443,16443,16443,2,0
2023-05-31 15:04:00,16443,16443,16443,4,0
2023-05-31 15:04:00,16443,16443,16443,2,0
2023-05-31 15:04:00,16443,16443,16443,2,0
2023-05-31 15:04:00,16443,16443,16443,2,0
2023-05-31 15:04:00,16443,16443,16443,2,0
2023-05-31 15:04:00,16443,16443,16443,2,0
2023-05-31 15:04:00,16443,16443,16443,2,0
2023-05-31 15:04:00,16443,16443,16443,2,0
2023-05-31 15:04:00,16442,16442,16442,2,-2
2023-05-31 15:04:00,16442,16442,16442,2,0
2023-05-31 15:04:00,16442,16442,16442,2,0
2023-05-31 15:04:00,16442,16442,16442,2,0
2023-05-31 15:04:00,16442,16442,16442,2,0
2023-05-31 15:04:00,16441,16441,16441,2,-2
2023-05-31 15:04:00,16441,16441,16441,2,0
2023-05-31 15:04:00,16441,16441,16441,2,0
2023-05-31 15:04:00,16441,16441,16441,2,0
2023-05-31 15:04:00,16441,16441,16441,4,0
2023-05-31 15:04:00,16441,16441,16441,2,0
2023-05-31 15:04:00,16441,16441,16441,2,0
2023-05-31 15:04:00,16441,16441,16441,2,0
2023-05-31 15:04:00,16441,16441,16441,2,0
2023-05-31 15:04:01,16440,16440,16440,2,-2
2023-05-31 15:04:01,16440,16440,16440,2,0
2023-05-31 15:04:01,16440,16440,16440,2,0
2023-05-31 15:04:01,16440,16440,16440,2,0
2023-05-31 15:04:01,16440,16440,16440,2,0
2023-05-31 15:04:01,16440,16440,16440,2,0
2023-05-31 15:04:01,16440,16440,16440,2,0
2023-05-31 15:04:01,16442,16442,16442,2,2
2023-05-31 15:04:01,16442,16442,16442,2,0
2023-05-31 15:04:01,16442,16442,16442,2,0
2023-05-31 15:04:01,16443,16443,16443,4,4
2023-05-31 15:04:01,16442,16442,16442,2,-2
2023-05-31 15:04:01,16441,16441,16441,2,-2
2023-05-31 15:04:01,16441,16441,16441,2,0
2023-05-31 15:04:01,16441,16441,16441,2,0
2023-05-31 15:04:01,16441,16441,16441,2,0
2023-05-31 15:04:01,16441,16441,16441,2,0
2023-05-31 15:04:01,16443,16443,16443,6,6
2023-05-31 15:04:01,16444,16444,16444,2,2
2023-05-31 15:04:01,16444,16444,16444,2,0
2023-05-31 15:04:01,16444,16444,16444,2,0
2023-05-31 15:04:01,16444,16444,16444,2,0
2023-05-31 15:04:01,16444,16444,16444,2,0
2023-05-31 15:04:01,16445,16445,16445,2,2
2023-05-31 15:04:01,16443,16443,16443,2,-2
2023-05-31 15:04:01,16443,16443,16443,4,0
2023-05-31 15:04:01,16443,16443,16443,2,0
2023-05-31 15:04:01,16443,16443,16443,2,0
2023-05-31 15:04:01,16443,16443,16443,2,0
2023-05-31 15:04:01,16443,16443,16443,2,0
2023-05-31 15:04:01,16443,16443,16443,2,0
2023-05-31 15:04:01,16442,16442,16442,2,-2
2023-05-31 15:04:01,16442,16442,16442,2,0
2023-05-31 15:04:01,16442,16442,16442,2,0
2023-05-31 15:04:01,16442,16442,16442,4,0
2023-05-31 15:04:01,16442,16442,16442,2,0
2023-05-31 15:04:01,16441,16441,16441,2,-2
2023-05-31 15:04:01,16443,16443,16443,8,8
2023-05-31 15:04:02,16444,16444,16444,2,2
2023-05-31 15:04:02,16444,16444,16444,2,0
2023-05-31 15:04:02,16445,16445,16445,2,2
2023-05-31 15:04:02,16443,16443,16443,2,-2
2023-05-31 15:04:02,16443,16443,16443,4,0
2023-05-31 15:04:02,16443,16443,16443,2,0
2023-05-31 15:04:02,16443,16443,16443,2,0
2023-05-31 15:04:02,16444,16444,16444,2,2
2023-05-31 15:04:02,16444,16444,16444,2,0
2023-05-31 15:04:02,16443,16443,16443,2,-2
2023-05-31 15:04:03,16445,16445,16445,36,36
2023-05-31 15:04:03,16446,16446,16446,2,2
2023-05-31 15:04:03,16448,16448,16448,4,4
2023-05-31 15:04:03,16448,16448,16448,4,0
2023-05-31 15:04:03,16448,16448,16448,2,0
2023-05-31 15:04:03,16448,16448,16448,2,0
2023-05-31 15:04:03,16448,16448,16448,2,0
2023-05-31 15:04:03,16448,16448,16448,2,0
2023-05-31 15:04:03,16448,16448,16448,2,0
2023-05-31 15:04:03,16446,16446,16446,2,-2
2023-05-31 15:04:04,16447,16447,16447,2,2
2023-05-31 15:04:04,16447,16447,16447,2,0
2023-05-31 15:04:04,16449,16449,16449,2,2
2023-05-31 15:04:05,16450,16450,16450,2,2
2023-05-31 15:04:05,16450,16450,16450,2,0
2023-05-31 15:04:05,16449,16449,16449,2,-2
2023-05-31 15:04:05,16449,16449,16449,2,0
2023-05-31 15:04:05,16449,16449,16449,4,0
2023-05-31 15:04:05,16449,16449,16449,2,0
2023-05-31 15:04:06,16449,16449,16449,2,0
2023-05-31 15:04:06,16450,16450,16450,2,2
2023-05-31 15:04:06,16451,16451,16451,6,6
2023-05-31 15:04:06,16452,16452,16452,4,4
2023-05-31 15:04:07,16451,16451,16451,2,-2
2023-05-31 15:04:07,16450,16450,16450,2,-2
2023-05-31 15:04:07,16450,16450,16450,2,0
2023-05-31 15:04:07,16450,16450,16450,2,0
2023-05-31 15:04:07,16450,16450,16450,2,0
2023-05-31 15:04:07,16450,16450,16450,2,0
2023-05-31 15:04:08,16450,16450,16450,2,0
2023-05-31 15:04:08,16449,16449,16449,2,-2
2023-05-31 15:04:08,16449,16449,16449,4,0
2023-05-31 15:04:08,16449,16449,16449,2,0
2023-05-31 15:04:08,16449,16449,16449,2,0
2023-05-31 15:04:08,16449,16449,16449,2,0
2023-05-31 15:04:08,16448,16448,16448,4,-4
2023-05-31 15:04:08,16448,16448,16448,4,0
2023-05-31 15:04:09,16449,16449,16449,4,4
2023-05-31 15:04:09,16450,16450,16450,2,2
2023-05-31 15:04:10,16451,16451,16451,6,6
2023-05-31 15:04:10,16449,16449,16449,2,-2
2023-05-31 15:04:10,16449,16449,16449,4,0
2023-05-31 15:04:10,16449,16449,16449,4,0
2023-05-31 15:04:10,16449,16449,16449,18,0
2023-05-31 15:04:12,16450,16450,16450,2,2
2023-05-31 15:04:12,16449,16449,16449,2,-2
2023-05-31 15:04:12,16448,16448,16448,2,-2
2023-05-31 15:04:12,16448,16448,16448,4,0
2023-05-31 15:04:12,16448,16448,16448,2,0
2023-05-31 15:04:12,16448,16448,16448,2,0
2023-05-31 15:04:12,16448,16448,16448,2,0
2023-05-31 15:04:12,16448,16448,16448,4,0
2023-05-31 15:04:12,16448,16448,16448,2,0
2023-05-31 15:04:12,16448,16448,16448,2,0
2023-05-31 15:04:12,16447,16447,16447,2,-2
2023-05-31 15:04:12,16447,16447,16447,2,0
2023-05-31 15:04:12,16447,16447,16447,2,0
2023-05-31 15:04:12,16447,16447,16447,2,0
2023-05-31 15:04:13,16447,16447,16447,8,0
2023-05-31 15:04:13,16448,16448,16448,2,2
2023-05-31 15:04:13,16448,16448,16448,2,0
2023-05-31 15:04:14,16448,16448,16448,2,0
2023-05-31 15:04:14,16447,16447,16447,2,-2
2023-05-31 15:04:15,16446,16446,16446,2,-2
2023-05-31 15:04:15,16448,16448,16448,6,6
2023-05-31 15:04:15,16447,16447,16447,2,-2
2023-05-31 15:04:15,16448,16448,16448,10,10
2023-05-31 15:04:16,16448,16448,16448,2,0
2023-05-31 15:04:16,16448,16448,16448,2,0
2023-05-31 15:04:16,16447,16447,16447,2,-2
2023-05-31 15:04:16,16447,16447,16447,2,0
2023-05-31 15:04:16,16447,16447,16447,2,0
2023-05-31 15:04:16,16449,16449,16449,2,2
2023-05-31 15:04:17,16448,16448,16448,2,-2
2023-05-31 15:04:18,16447,16447,16447,2,-2
2023-05-31 15:04:18,16447,16447,16447,2,0
2023-05-31 15:04:18,16447,16447,16447,2,0
2023-05-31 15:04:18,16447,16447,16447,2,0
2023-05-31 15:04:18,16447,16447,16447,4,0
2023-05-31 15:04:18,16447,16447,16447,2,0
2023-05-31 15:04:19,16448,16448,16448,2,2
2023-05-31 15:04:20,16447,16447,16447,6,-6
2023-05-31 15:04:20,16447,16447,16447,2,0
2023-05-31 15:04:20,16447,16447,16447,2,0
2023-05-31 15:04:21,16447,16447,16447,4,0
2023-05-31 15:04:21,16447,16447,16447,2,0
2023-05-31 15:04:21,16448,16448,16448,2,2
2023-05-31 15:04:21,16448,16448,16448,8,0
2023-05-31 15:04:21,16449,16449,16449,4,4
2023-05-31 15:04:21,16449,16449,16449,2,0
2023-05-31 15:04:21,16449,16449,16449,2,0
2023-05-31 15:04:21,16450,16450,16450,2,2
2023-05-31 15:04:22,16450,16450,16450,22,0
2023-05-31 15:04:22,16450,16450,16450,4,0
2023-05-31 15:04:22,16450,16450,16450,6,0
2023-05-31 15:04:22,16449,16449,16449,2,-2
2023-05-31 15:04:23,16449,16449,16449,4,0
2023-05-31 15:04:23,16450,16450,16450,14,14
2023-05-31 15:04:23,16451,16451,16451,20,20
2023-05-31 15:04:24,16450,16450,16450,2,-2
2023-05-31 15:04:24,16452,16452,16452,4,4
2023-05-31 15:04:24,16451,16451,16451,2,-2
2023-05-31 15:04:24,16451,16451,16451,4,0
2023-05-31 15:04:24,16451,16451,16451,2,0
2023-05-31 15:04:24,16451,16451,16451,4,0
2023-05-31 15:04:24,16451,16451,16451,2,0
2023-05-31 15:04:24,16451,16451,16451,2,0
2023-05-31 15:04:26,16452,16452,16452,2,2
2023-05-31 15:04:26,16450,16450,16450,2,-2
2023-05-31 15:04:26,16450,16450,16450,2,0
2023-05-31 15:04:26,16450,16450,16450,2,0
2023-05-31 15:04:26,16450,16450,16450,2,0
2023-05-31 15:04:26,16450,16450,16450,2,0
2023-05-31 15:04:26,16450,16450,16450,2,0
2023-05-31 15:04:26,16450,16450,16450,2,0
2023-05-31 15:04:26,16449,16449,16449,2,-2
2023-05-31 15:04:26,16449,16449,16449,2,0
2023-05-31 15:04:26,16449,16449,16449,2,0
2023-05-31 15:04:26,16449,16449,16449,4,0
2023-05-31 15:04:26,16451,16451,16451,2,2
2023-05-31 15:04:27,16450,16450,16450,2,-2
2023-05-31 15:04:27,16450,16450,16450,2,0
2023-05-31 15:04:28,16450,16450,16450,2,0
2023-05-31 15:04:28,16449,16449,16449,2,-2
2023-05-31 15:04:28,16449,16449,16449,2,0
2023-05-31 15:04:28,16449,16449,16449,2,0
2023-05-31 15:04:28,16449,16449,16449,4,0
2023-05-31 15:04:28,16449,16449,16449,22,0
2023-05-31 15:04:28,16449,16449,16449,2,0
2023-05-31 15:04:29,16448,16448,16448,4,-4
2023-05-31 15:04:30,16451,16451,16451,4,4
2023-05-31 15:04:30,16451,16451,16451,4,0
2023-05-31 15:04:30,16451,16451,16451,4,0
2023-05-31 15:04:30,16451,16451,16451,2,0
2023-05-31 15:04:30,16449,16449,16449,2,-2
2023-05-31 15:04:31,16450,16450,16450,2,2
2023-05-31 15:04:31,16450,16450,16450,8,0
2023-05-31 15:04:32,16450,16450,16450,4,0
2023-05-31 15:04:32,16449,16449,16449,2,-2
2023-05-31 15:04:32,16449,16449,16449,4,0
2023-05-31 15:04:32,16449,16449,16449,4,0
2023-05-31 15:04:32,16449,16449,16449,4,0
2023-05-31 15:04:32,16449,16449,16449,2,0
2023-05-31 15:04:32,16449,16449,16449,2,0
2023-05-31 15:04:32,16448,16448,16448,2,-2
2023-05-31 15:04:32,16448,16448,16448,2,0
2023-05-31 15:04:32,16448,16448,16448,2,0
2023-05-31 15:04:32,16448,16448,16448,2,0
2023-05-31 15:04:32,16450,16450,16450,6,6
2023-05-31 15:04:32,16451,16451,16451,6,6
2023-05-31 15:04:33,16451,16451,16451,4,0
2023-05-31 15:04:34,16451,16451,16451,4,0
2023-05-31 15:04:34,16451,16451,16451,2,0
2023-05-31 15:04:34,16451,16451,16451,2,0
2023-05-31 15:04:34,16450,16450,16450,2,-2
2023-05-31 15:04:35,16450,16450,16450,2,0
2023-05-31 15:04:36,16450,16450,16450,2,0
2023-05-31 15:04:36,16450,16450,16450,2,0
2023-05-31 15:04:36,16449,16449,16449,2,-2
2023-05-31 15:04:36,16450,16450,16450,4,4
2023-05-31 15:04:38,16450,16450,16450,2,0
2023-05-31 15:04:38,16450,16450,16450,2,0
2023-05-31 15:04:38,16449,16449,16449,2,-2
2023-05-31 15:04:38,16449,16449,16449,4,0
2023-05-31 15:04:38,16449,16449,16449,2,0
2023-05-31 15:04:38,16449,16449,16449,2,0
2023-05-31 15:04:39,16449,16449,16449,8,0
2023-05-31 15:04:41,16448,16448,16448,2,-2
2023-05-31 15:04:41,16448,16448,16448,2,0
2023-05-31 15:04:41,16448,16448,16448,2,0
2023-05-31 15:04:41,16448,16448,16448,2,0
2023-05-31 15:04:41,16448,16448,16448,2,0
2023-05-31 15:04:41,16448,16448,16448,2,0
2023-05-31 15:04:41,16448,16448,16448,2,0
2023-05-31 15:04:42,16449,16449,16449,6,6
2023-05-31 15:04:43,16448,16448,16448,2,-2
2023-05-31 15:04:43,16449,16449,16449,2,2
2023-05-31 15:04:44,16449,16449,16449,2,0
2023-05-31 15:04:47,16448,16448,16448,2,-2
2023-05-31 15:04:47,16448,16448,16448,2,0
2023-05-31 15:04:47,16448,16448,16448,2,0
2023-05-31 15:04:47,16448,16448,16448,2,0
2023-05-31 15:04:47,16448,16448,16448,4,0
2023-05-31 15:04:49,16448,16448,16448,2,0
2023-05-31 15:04:49,16447,16447,16447,2,-2
2023-05-31 15:04:49,16447,16447,16447,2,0
2023-05-31 15:04:49,16447,16447,16447,2,0
2023-05-31 15:04:49,16447,16447,16447,2,0
2023-05-31 15:04:51,16447,16447,16447,2,0
2023-05-31 15:04:51,16447,16447,16447,2,0
2023-05-31 15:04:52,16448,16448,16448,6,6
2023-05-31 15:04:54,16448,16448,16448,4,0
2023-05-31 15:04:56,16448,16448,16448,2,0
2023-05-31 15:04:56,16449,16449,16449,8,8
2023-05-31 15:04:57,16449,16449,16449,2,0
2023-05-31 15:05:00,16448,16448,16448,2,-2
2023-05-31 15:05:00,16447,16447,16447,2,-2
2023-05-31 15:05:00,16449,16449,16449,4,4
2023-05-31 15:05:00,16449,16449,16449,4,0
2023-05-31 15:05:00,16448,16448,16448,2,-2
2023-05-31 15:05:02,16449,16449,16449,8,8
2023-05-31 15:05:02,16450,16450,16450,22,22
2023-05-31 15:05:02,16451,16451,16451,2,2
2023-05-31 15:05:02,16451,16451,16451,2,0
2023-05-31 15:05:02,16451,16451,16451,16,0
2023-05-31 15:05:03,16451,16451,16451,4,0
2023-05-31 15:05:03,16449,16449,16449,2,-2
2023-05-31 15:05:03,16449,16449,16449,2,0
2023-05-31 15:05:03,16451,16451,16451,2,2
2023-05-31 15:05:07,16449,16449,16449,4,-4
2023-05-31 15:05:07,16449,16449,16449,2,0
2023-05-31 15:05:07,16450,16450,16450,2,2
2023-05-31 15:05:08,16451,16451,16451,20,20
2023-05-31 15:05:09,16452,16452,16452,6,6
2023-05-31 15:05:09,16452,16452,16452,6,0
2023-05-31 15:05:09,16452,16452,16452,4,0
2023-05-31 15:05:10,16451,16451,16451,2,-2
2023-05-31 15:05:10,16452,16452,16452,2,2
2023-05-31 15:05:12,16451,16451,16451,2,-2
2023-05-31 15:05:13,16450,16450,16450,2,-2
2023-05-31 15:05:13,16452,16452,16452,2,2
2023-05-31 15:05:14,16452,16452,16452,2,0
2023-05-31 15:05:16,16453,16453,16453,4,4
2023-05-31 15:05:17,16452,16452,16452,2,-2
2023-05-31 15:05:17,16453,16453,16453,2,2
2023-05-31 15:05:18,16453,16453,16453,6,0
2023-05-31 15:05:18,16453,16453,16453,2,0
2023-05-31 15:05:19,16454,16454,16454,2,2
2023-05-31 15:05:19,16455,16455,16455,2,2
2023-05-31 15:05:20,16454,16454,16454,2,-2
2023-05-31 15:05:20,16454,16454,16454,4,0
2023-05-31 15:05:20,16454,16454,16454,2,0
2023-05-31 15:05:20,16453,16453,16453,2,-2
2023-05-31 15:05:21,16455,16455,16455,6,6
2023-05-31 15:05:21,16455,16455,16455,6,0
2023-05-31 15:05:22,16455,16455,16455,2,0
2023-05-31 15:05:22,16454,16454,16454,2,-2
2023-05-31 15:05:23,16455,16455,16455,2,2
2023-05-31 15:05:23,16455,16455,16455,2,0
2023-05-31 15:05:23,16455,16455,16455,2,0
2023-05-31 15:05:24,16455,16455,16455,2,0
2023-05-31 15:05:24,16455,16455,16455,2,0
2023-05-31 15:05:25,16455,16455,16455,2,0
2023-05-31 15:05:25,16455,16455,16455,2,0
2023-05-31 15:05:26,16455,16455,16455,2,0
2023-05-31 15:05:26,16454,16454,16454,2,-2
2023-05-31 15:05:26,16454,16454,16454,2,0
2023-05-31 15:05:26,16454,16454,16454,2,0
2023-05-31 15:05:26,16454,16454,16454,2,0
2023-05-31 15:05:26,16454,16454,16454,2,0
2023-05-31 15:05:27,16455,16455,16455,4,4
2023-05-31 15:05:27,16455,16455,16455,6,0
2023-05-31 15:05:27,16454,16454,16454,2,-2
2023-05-31 15:05:28,16455,16455,16455,2,2
2023-05-31 15:05:29,16454,16454,16454,4,-4
2023-05-31 15:05:29,16454,16454,16454,2,0
2023-05-31 15:05:30,16454,16454,16454,2,0
2023-05-31 15:05:31,16454,16454,16454,2,0
2023-05-31 15:05:32,16454,16454,16454,6,0
2023-05-31 15:05:32,16455,16455,16455,4,4
2023-05-31 15:05:33,16455,16455,16455,2,0
2023-05-31 15:05:33,16455,16455,16455,2,0
2023-05-31 15:05:33,16456,16456,16456,2,2
2023-05-31 15:05:33,16456,16456,16456,8,0
2023-05-31 15:05:33,16457,16457,16457,2,2
2023-05-31 15:05:33,16457,16457,16457,2,0
2023-05-31 15:05:34,16458,16458,16458,2,2
2023-05-31 15:05:34,16459,16459,16459,2,2
2023-05-31 15:05:35,16458,16458,16458,2,-2
2023-05-31 15:05:35,16459,16459,16459,2,2
2023-05-31 15:05:35,16459,16459,16459,4,0
2023-05-31 15:05:35,16459,16459,16459,2,0
2023-05-31 15:05:35,16458,16458,16458,2,-2
2023-05-31 15:05:36,16459,16459,16459,2,2
2023-05-31 15:05:36,16459,16459,16459,2,0
2023-05-31 15:05:37,16459,16459,16459,2,0
2023-05-31 15:05:38,16460,16460,16460,4,4
2023-05-31 15:05:38,16460,16460,16460,10,0
2023-05-31 15:05:39,16458,16458,16458,2,-2
2023-05-31 15:05:39,16459,16459,16459,2,2
2023-05-31 15:05:40,16459,16459,16459,2,0
2023-05-31 15:05:42,16459,16459,16459,2,0
2023-05-31 15:05:42,16459,16459,16459,2,0
2023-05-31 15:05:43,16459,16459,16459,2,0
2023-05-31 15:05:43,16460,16460,16460,12,12
2023-05-31 15:05:43,16460,16460,16460,2,0
2023-05-31 15:05:43,16460,16460,16460,2,0
2023-05-31 15:05:44,16460,16460,16460,2,0
2023-05-31 15:05:46,16460,16460,16460,2,0
2023-05-31 15:05:46,16460,16460,16460,2,0
2023-05-31 15:05:46,16460,16460,16460,2,0
2023-05-31 15:05:47,16460,16460,16460,2,0
2023-05-31 15:05:47,16460,16460,16460,18,0
2023-05-31 15:05:47,16461,16461,16461,4,4
2023-05-31 15:05:47,16460,16460,16460,2,-2
2023-05-31 15:05:47,16460,16460,16460,2,0
2023-05-31 15:05:47,16460,16460,16460,4,0
2023-05-31 15:05:48,16461,16461,16461,2,2
2023-05-31 15:05:48,16462,16462,16462,2,2
2023-05-31 15:05:48,16462,16462,16462,2,0
2023-05-31 15:05:49,16462,16462,16462,2,0
2023-05-31 15:05:49,16463,16463,16463,2,2
2023-05-31 15:05:50,16462,16462,16462,2,-2
2023-05-31 15:05:50,16461,16461,16461,2,-2
2023-05-31 15:05:50,16463,16463,16463,2,2
2023-05-31 15:05:50,16463,16463,16463,2,0
2023-05-31 15:05:51,16461,16461,16461,2,-2
2023-05-31 15:05:55,16462,16462,16462,2,2
2023-05-31 15:05:57,16463,16463,16463,2,2
2023-05-31 15:05:57,16464,16464,16464,2,2
2023-05-31 15:05:58,16463,16463,16463,2,-2
2023-05-31 15:05:58,16463,16463,16463,2,0
2023-05-31 15:05:58,16464,16464,16464,4,4
2023-05-31 15:05:59,16464,16464,16464,2,0
2023-05-31 15:05:59,16463,16463,16463,2,-2
2023-05-31 15:06:00,16464,16464,16464,2,2
2023-05-31 15:06:00,16465,16465,16465,4,4
2023-05-31 15:06:00,16465,16465,16465,2,0
2023-05-31 15:06:00,16465,16465,16465,2,0
2023-05-31 15:06:02,16464,16464,16464,2,-2
2023-05-31 15:06:02,16465,16465,16465,4,4
2023-05-31 15:06:02,16465,16465,16465,20,0
2023-05-31 15:06:03,16465,16465,16465,2,0
2023-05-31 15:06:03,16466,16466,16466,2,2
2023-05-31 15:06:03,16466,16466,16466,4,0
2023-05-31 15:06:05,16465,16465,16465,2,-2
2023-05-31 15:06:05,16465,16465,16465,2,0
2023-05-31 15:06:05,16466,16466,16466,2,2
2023-05-31 15:06:05,16466,16466,16466,2,0
2023-05-31 15:06:05,16466,16466,16466,2,0
2023-05-31 15:06:06,16465,16465,16465,2,-2
2023-05-31 15:06:06,16466,16466,16466,2,2
2023-05-31 15:06:08,16466,16466,16466,2,0
2023-05-31 15:06:10,16466,16466,16466,2,0
2023-05-31 15:06:10,16466,16466,16466,2,0
2023-05-31 15:06:11,16466,16466,16466,2,0
2023-05-31 15:06:11,16467,16467,16467,6,6
2023-05-31 15:06:11,16468,16468,16468,6,6
2023-05-31 15:06:11,16468,16468,16468,6,0
2023-05-31 15:06:11,16468,16468,16468,2,0
2023-05-31 15:06:11,16468,16468,16468,2,0
2023-05-31 15:06:11,16468,16468,16468,2,0
2023-05-31 15:06:12,16469,16469,16469,4,4
2023-05-31 15:06:12,16469,16469,16469,10,0
2023-05-31 15:06:12,16469,16469,16469,2,0
2023-05-31 15:06:12,16469,16469,16469,2,0
2023-05-31 15:06:12,16470,16470,16470,4,4
2023-05-31 15:06:12,16469,16469,16469,2,-2
2023-05-31 15:06:13,16469,16469,16469,2,0
2023-05-31 15:06:13,16468,16468,16468,2,-2
2023-05-31 15:06:13,16468,16468,16468,2,0
2023-05-31 15:06:13,16469,16469,16469,2,2
2023-05-31 15:06:14,16470,16470,16470,4,4
2023-05-31 15:06:14,16470,16470,16470,4,0
2023-05-31 15:06:15,16468,16468,16468,2,-2
2023-05-31 15:06:15,16468,16468,16468,6,0
2023-05-31 15:06:15,16470,16470,16470,4,4
2023-05-31 15:06:16,16470,16470,16470,2,0
2023-05-31 15:06:17,16471,16471,16471,4,4
2023-05-31 15:06:18,16469,16469,16469,2,-2
2023-05-31 15:06:18,16469,16469,16469,2,0
2023-05-31 15:06:18,16469,16469,16469,2,0
2023-05-31 15:06:19,16470,16470,16470,2,2
2023-05-31 15:06:19,16470,16470,16470,2,0
2023-05-31 15:06:20,16470,16470,16470,2,0
2023-05-31 15:06:20,16470,16470,16470,4,0
2023-05-31 15:06:20,16470,16470,16470,6,0
2023-05-31 15:06:20,16470,16470,16470,2,0
2023-05-31 15:06:20,16470,16470,16470,2,0
2023-05-31 15:06:20,16470,16470,16470,8,0
2023-05-31 15:06:20,16470,16470,16470,2,0
2023-05-31 15:06:20,16470,16470,16470,6,0
2023-05-31 15:06:20,16470,16470,16470,2,0
2023-05-31 15:06:20,16469,16469,16469,2,-2
2023-05-31 15:06:20,16469,16469,16469,2,0
2023-05-31 15:06:21,16471,16471,16471,2,2
2023-05-31 15:06:21,16471,16471,16471,6,0
2023-05-31 15:06:21,16471,16471,16471,2,0
2023-05-31 15:06:21,16470,16470,16470,2,-2
2023-05-31 15:06:22,16471,16471,16471,2,2
2023-05-31 15:06:22,16471,16471,16471,2,0
2023-05-31 15:06:22,16470,16470,16470,18,-18
2023-05-31 15:06:22,16471,16471,16471,2,2
2023-05-31 15:06:22,16470,16470,16470,2,-2
2023-05-31 15:06:22,16470,16470,16470,2,0
2023-05-31 15:06:23,16470,16470,16470,2,0
2023-05-31 15:06:23,16471,16471,16471,2,2
2023-05-31 15:06:24,16471,16471,16471,2,0
2023-05-31 15:06:24,16471,16471,16471,2,0
2023-05-31 15:06:26,16471,16471,16471,2,0
2023-05-31 15:06:27,16471,16471,16471,4,0
2023-05-31 15:06:27,16471,16471,16471,2,0
2023-05-31 15:06:27,16471,16471,16471,10,0
2023-05-31 15:06:27,16472,16472,16472,6,6
2023-05-31 15:06:27,16471,16471,16471,2,-2
2023-05-31 15:06:27,16471,16471,16471,2,0
2023-05-31 15:06:27,16471,16471,16471,2,0
2023-05-31 15:06:31,16471,16471,16471,2,0
2023-05-31 15:06:31,16470,16470,16470,2,-2
2023-05-31 15:06:32,16471,16471,16471,2,2
2023-05-31 15:06:33,16470,16470,16470,2,-2
2023-05-31 15:06:33,16470,16470,16470,4,0
2023-05-31 15:06:33,16470,16470,16470,2,0
2023-05-31 15:06:33,16470,16470,16470,2,0
2023-05-31 15:06:34,16469,16469,16469,2,-2
2023-05-31 15:06:34,16469,16469,16469,14,0
2023-05-31 15:06:34,16470,16470,16470,6,6
2023-05-31 15:06:36,16469,16469,16469,2,-2
2023-05-31 15:06:36,16470,16470,16470,2,2
2023-05-31 15:06:36,16470,16470,16470,2,0
2023-05-31 15:06:38,16470,16470,16470,2,0
2023-05-31 15:06:40,16469,16469,16469,2,-2
2023-05-31 15:06:40,16469,16469,16469,4,0
2023-05-31 15:06:41,16468,16468,16468,2,-2
2023-05-31 15:06:42,16468,16468,16468,2,0
2023-05-31 15:06:43,16467,16467,16467,2,-2
2023-05-31 15:06:43,16467,16467,16467,2,0
2023-05-31 15:06:43,16467,16467,16467,2,0
2023-05-31 15:06:43,16467,16467,16467,2,0
2023-05-31 15:06:43,16469,16469,16469,2,2
2023-05-31 15:06:43,16469,16469,16469,2,0
2023-05-31 15:06:44,16468,16468,16468,2,-2
2023-05-31 15:06:44,16468,16468,16468,2,0
2023-05-31 15:06:44,16468,16468,16468,2,0
2023-05-31 15:06:44,16468,16468,16468,6,0
2023-05-31 15:06:44,16468,16468,16468,4,0
2023-05-31 15:06:50,16467,16467,16467,2,-2
2023-05-31 15:06:50,16467,16467,16467,2,0
2023-05-31 15:06:51,16468,16468,16468,10,10
2023-05-31 15:06:51,16468,16468,16468,4,0
2023-05-31 15:06:52,16467,16467,16467,2,-2
2023-05-31 15:06:53,16467,16467,16467,2,0
2023-05-31 15:06:53,16467,16467,16467,2,0
2023-05-31 15:06:55,16466,16466,16466,2,-2
2023-05-31 15:06:55,16466,16466,16466,2,0
2023-05-31 15:06:55,16466,16466,16466,2,0
2023-05-31 15:06:58,16467,16467,16467,2,2
2023-05-31 15:06:59,16467,16467,16467,2,0
2023-05-31 15:07:00,16467,16467,16467,4,0
2023-05-31 15:07:00,16467,16467,16467,2,0
2023-05-31 15:07:00,16467,16467,16467,2,0
2023-05-31 15:07:00,16467,16467,16467,2,0
2023-05-31 15:07:00,16468,16468,16468,2,2
2023-05-31 15:07:01,16468,16468,16468,2,0
2023-05-31 15:07:01,16468,16468,16468,6,0
2023-05-31 15:07:01,16469,16469,16469,4,4
2023-05-31 15:07:02,16470,16470,16470,22,22
2023-05-31 15:07:02,16470,16470,16470,2,0
2023-05-31 15:07:02,16470,16470,16470,2,0
2023-05-31 15:07:02,16470,16470,16470,2,0
2023-05-31 15:07:03,16471,16471,16471,12,12
2023-05-31 15:07:03,16472,16472,16472,10,10
2023-05-31 15:07:03,16472,16472,16472,2,0
2023-05-31 15:07:04,16471,16471,16471,2,-2
2023-05-31 15:07:06,16473,16473,16473,4,4
2023-05-31 15:07:06,16474,16474,16474,2,2
2023-05-31 15:07:06,16474,16474,16474,2,0
2023-05-31 15:07:07,16474,16474,16474,2,0
2023-05-31 15:07:07,16472,16472,16472,2,-2
2023-05-31 15:07:07,16472,16472,16472,4,0
2023-05-31 15:07:07,16472,16472,16472,4,0
2023-05-31 15:07:07,16473,16473,16473,2,2
2023-05-31 15:07:07,16472,16472,16472,2,-2
2023-05-31 15:07:09,16473,16473,16473,2,2
2023-05-31 15:07:10,16472,16472,16472,2,-2
2023-05-31 15:07:11,16472,16472,16472,2,0
2023-05-31 15:07:11,16472,16472,16472,2,0
2023-05-31 15:07:13,16472,16472,16472,2,0
2023-05-31 15:07:14,16471,16471,16471,2,-2
2023-05-31 15:07:14,16471,16471,16471,2,0
2023-05-31 15:07:14,16472,16472,16472,14,14
2023-05-31 15:07:16,16472,16472,16472,4,0
2023-05-31 15:07:16,16472,16472,16472,2,0
2023-05-31 15:07:20,16472,16472,16472,2,0
2023-05-31 15:07:23,16472,16472,16472,2,0
2023-05-31 15:07:23,16472,16472,16472,8,0
2023-05-31 15:07:24,16472,16472,16472,2,0
2023-05-31 15:07:25,16473,16473,16473,4,4
2023-05-31 15:07:26,16474,16474,16474,6,6
2023-05-31 15:07:30,16474,16474,16474,2,0
2023-05-31 15:07:32,16473,16473,16473,2,-2
2023-05-31 15:07:32,16473,16473,16473,2,0
2023-05-31 15:07:32,16473,16473,16473,2,0
2023-05-31 15:07:32,16472,16472,16472,20,-20
2023-05-31 15:07:32,16472,16472,16472,4,0
2023-05-31 15:07:32,16472,16472,16472,2,0
2023-05-31 15:07:32,16472,16472,16472,2,0
2023-05-31 15:07:32,16471,16471,16471,2,-2
2023-05-31 15:07:32,16471,16471,16471,2,0
2023-05-31 15:07:32,16471,16471,16471,2,0
2023-05-31 15:07:32,16471,16471,16471,2,0
2023-05-31 15:07:34,16473,16473,16473,10,10
2023-05-31 15:07:35,16471,16471,16471,2,-2
2023-05-31 15:07:36,16473,16473,16473,4,4
2023-05-31 15:07:38,16473,16473,16473,10,0
2023-05-31 15:07:40,16472,16472,16472,4,-4
2023-05-31 15:07:43,16472,16472,16472,2,0
2023-05-31 15:07:46,16473,16473,16473,2,2
2023-05-31 15:07:47,16472,16472,16472,2,-2
2023-05-31 15:07:50,16472,16472,16472,2,0
2023-05-31 15:07:52,16473,16473,16473,6,6
2023-05-31 15:07:52,16473,16473,16473,2,0
2023-05-31 15:07:52,16473,16473,16473,4,0
2023-05-31 15:07:52,16473,16473,16473,4,0
2023-05-31 15:07:52,16472,16472,16472,4,-4
2023-05-31 15:07:53,16473,16473,16473,2,2
2023-05-31 15:07:53,16474,16474,16474,2,2
2023-05-31 15:07:53,16474,16474,16474,4,0
2023-05-31 15:08:01,16472,16472,16472,2,-2
2023-05-31 15:08:02,16474,16474,16474,2,2
2023-05-31 15:08:02,16474,16474,16474,2,0
2023-05-31 15:08:02,16474,16474,16474,2,0
2023-05-31 15:08:02,16474,16474,16474,2,0
2023-05-31 15:08:02,16474,16474,16474,2,0
2023-05-31 15:08:02,16474,16474,16474,2,0
2023-05-31 15:08:02,16474,16474,16474,12,0
2023-05-31 15:08:02,16475,16475,16475,2,2
2023-05-31 15:08:02,16475,16475,16475,2,0
2023-05-31 15:08:02,16475,16475,16475,2,0
2023-05-31 15:08:02,16475,16475,16475,2,0
2023-05-31 15:08:02,16475,16475,16475,2,0
2023-05-31 15:08:02,16475,16475,16475,2,0
2023-05-31 15:08:02,16475,16475,16475,2,0
2023-05-31 15:08:02,16475,16475,16475,2,0
2023-05-31 15:08:02,16475,16475,16475,2,0
2023-05-31 15:08:02,16475,16475,16475,2,0
2023-05-31 15:08:03,16475,16475,16475,2,0
2023-05-31 15:08:05,16474,16474,16474,6,-6
2023-05-31 15:08:06,16474,16474,16474,2,0
2023-05-31 15:08:06,16473,16473,16473,2,-2
2023-05-31 15:08:08,16473,16473,16473,2,0
2023-05-31 15:08:11,16473,16473,16473,2,0
2023-05-31 15:08:12,16474,16474,16474,10,10
2023-05-31 15:08:12,16473,16473,16473,2,-2
2023-05-31 15:08:15,16474,16474,16474,2,2
2023-05-31 15:08:19,16473,16473,16473,2,-2
2023-05-31 15:08:20,16473,16473,16473,2,0
2023-05-31 15:08:20,16473,16473,16473,2,0
2023-05-31 15:08:20,16473,16473,16473,2,0
2023-05-31 15:08:20,16472,16472,16472,4,-4
2023-05-31 15:08:22,16473,16473,16473,2,2
2023-05-31 15:08:23,16474,16474,16474,2,2
2023-05-31 15:08:23,16474,16474,16474,8,0
2023-05-31 15:08:24,16474,16474,16474,2,0
2023-05-31 15:08:24,16473,16473,16473,2,-2
2023-05-31 15:08:25,16473,16473,16473,2,0
2023-05-31 15:08:28,16473,16473,16473,2,0
2023-05-31 15:08:30,16472,16472,16472,2,-2
2023-05-31 15:08:33,16472,16472,16472,2,0
2023-05-31 15:08:35,16472,16472,16472,2,0
2023-05-31 15:08:38,16473,16473,16473,8,8
2023-05-31 15:08:38,16473,16473,16473,2,0
2023-05-31 15:08:41,16472,16472,16472,2,-2
2023-05-31 15:08:47,16474,16474,16474,12,12
2023-05-31 15:08:47,16475,16475,16475,26,26
2023-05-31 15:08:47,16475,16475,16475,2,0
2023-05-31 15:08:49,16475,16475,16475,2,0
2023-05-31 15:08:50,16474,16474,16474,2,-2
2023-05-31 15:08:51,16474,16474,16474,2,0
2023-05-31 15:08:53,16474,16474,16474,2,0
2023-05-31 15:08:54,16474,16474,16474,2,0
2023-05-31 15:08:58,16474,16474,16474,2,0
2023-05-31 15:08:58,16474,16474,16474,2,0
2023-05-31 15:08:59,16473,16473,16473,2,-2
2023-05-31 15:08:59,16473,16473,16473,2,0
2023-05-31 15:08:59,16472,16472,16472,4,-4
2023-05-31 15:08:59,16472,16472,16472,4,0
2023-05-31 15:09:01,16474,16474,16474,2,2
2023-05-31 15:09:01,16475,16475,16475,2,2
2023-05-31 15:09:01,16475,16475,16475,8,0
2023-05-31 15:09:02,16474,16474,16474,2,-2
2023-05-31 15:09:02,16476,16476,16476,2,2
2023-05-31 15:09:03,16475,16475,16475,2,-2
2023-05-31 15:09:04,16476,16476,16476,12,12
2023-05-31 15:09:05,16477,16477,16477,2,2
2023-05-31 15:09:05,16476,16476,16476,2,-2
2023-05-31 15:09:06,16475,16475,16475,2,-2
2023-05-31 15:09:06,16475,16475,16475,6,0
2023-05-31 15:09:06,16475,16475,16475,2,0
2023-05-31 15:09:07,16475,16475,16475,2,0
2023-05-31 15:09:12,16475,16475,16475,2,0
2023-05-31 15:09:12,16475,16475,16475,2,0
2023-05-31 15:09:12,16475,16475,16475,2,0
2023-05-31 15:09:13,16474,16474,16474,2,-2
2023-05-31 15:09:13,16475,16475,16475,2,2
2023-05-31 15:09:14,16474,16474,16474,6,-6
2023-05-31 15:09:14,16474,16474,16474,2,0
2023-05-31 15:09:15,16474,16474,16474,4,0
2023-05-31 15:09:18,16473,16473,16473,2,-2
2023-05-31 15:09:18,16473,16473,16473,2,0
2023-05-31 15:09:22,16473,16473,16473,2,0
2023-05-31 15:09:25,16473,16473,16473,2,0
2023-05-31 15:09:27,16473,16473,16473,4,0
2023-05-31 15:09:30,16472,16472,16472,6,-6
2023-05-31 15:09:30,16472,16472,16472,10,0
2023-05-31 15:09:30,16472,16472,16472,2,0
2023-05-31 15:09:30,16472,16472,16472,2,0
2023-05-31 15:09:30,16472,16472,16472,6,0
2023-05-31 15:09:30,16472,16472,16472,2,0
2023-05-31 15:09:33,16471,16471,16471,2,-2
2023-05-31 15:09:33,16471,16471,16471,2,0
2023-05-31 15:09:33,16471,16471,16471,2,0
2023-05-31 15:09:35,16471,16471,16471,2,0
2023-05-31 15:09:36,16471,16471,16471,2,0
2023-05-31 15:09:36,16471,16471,16471,2,0
2023-05-31 15:09:36,16471,16471,16471,2,0
2023-05-31 15:09:36,16471,16471,16471,2,0
2023-05-31 15:09:36,16471,16471,16471,2,0
2023-05-31 15:09:36,16471,16471,16471,2,0
2023-05-31 15:09:36,16471,16471,16471,2,0
2023-05-31 15:09:36,16471,16471,16471,2,0
2023-05-31 15:09:36,16471,16471,16471,8,0
2023-05-31 15:09:36,16471,16471,16471,2,0
2023-05-31 15:09:36,16470,16470,16470,2,-2
2023-05-31 15:09:36,16470,16470,16470,2,0
2023-05-31 15:09:37,16471,16471,16471,2,2
2023-05-31 15:09:39,16471,16471,16471,10,0
2023-05-31 15:09:41,16470,16470,16470,2,-2
2023-05-31 15:09:42,16471,16471,16471,2,2
2023-05-31 15:09:42,16472,16472,16472,2,2
2023-05-31 15:09:46,16471,16471,16471,2,-2
2023-05-31 15:09:49,16470,16470,16470,2,-2
2023-05-31 15:09:49,16471,16471,16471,4,4
2023-05-31 15:09:50,16471,16471,16471,2,0
2023-05-31 15:09:53,16471,16471,16471,2,0
2023-05-31 15:09:53,16470,16470,16470,2,-2
2023-05-31 15:09:56,16470,16470,16470,2,0
2023-05-31 15:09:56,16470,16470,16470,2,0
2023-05-31 15:09:56,16470,16470,16470,2,0
2023-05-31 15:09:56,16470,16470,16470,2,0
2023-05-31 15:09:56,16470,16470,16470,2,0
2023-05-31 15:09:57,16471,16471,16471,6,6
2023-05-31 15:09:59,16471,16471,16471,2,0
2023-05-31 15:10:00,16470,16470,16470,10,-10
2023-05-31 15:10:00,16470,16470,16470,4,0
2023-05-31 15:10:00,16470,16470,16470,2,0
2023-05-31 15:10:00,16470,16470,16470,2,0
2023-05-31 15:10:00,16470,16470,16470,2,0
2023-05-31 15:10:00,16469,16469,16469,10,-10
2023-05-31 15:10:00,16469,16469,16469,2,0
2023-05-31 15:10:00,16468,16468,16468,2,-2
2023-05-31 15:10:00,16468,16468,16468,4,0
2023-05-31 15:10:00,16468,16468,16468,2,0
2023-05-31 15:10:00,16468,16468,16468,2,0
2023-05-31 15:10:00,16468,16468,16468,2,0
2023-05-31 15:10:00,16468,16468,16468,2,0
2023-05-31 15:10:00,16468,16468,16468,6,0
2023-05-31 15:10:00,16468,16468,16468,4,0
2023-05-31 15:10:00,16468,16468,16468,2,0
2023-05-31 15:10:00,16468,16468,16468,2,0
2023-05-31 15:10:00,16468,16468,16468,2,0
2023-05-31 15:10:00,16468,16468,16468,2,0
2023-05-31 15:10:00,16467,16467,16467,2,-2
2023-05-31 15:10:02,16470,16470,16470,2,2
2023-05-31 15:10:02,16469,16469,16469,2,-2
2023-05-31 15:10:03,16468,16468,16468,2,-2
2023-05-31 15:10:07,16468,16468,16468,2,0
2023-05-31 15:10:08,16468,16468,16468,2,0
2023-05-31 15:10:08,16468,16468,16468,2,0
2023-05-31 15:10:09,16469,16469,16469,6,6
2023-05-31 15:10:12,16468,16468,16468,2,-2
2023-05-31 15:10:12,16468,16468,16468,2,0
2023-05-31 15:10:12,16470,16470,16470,8,8
2023-05-31 15:10:12,16469,16469,16469,4,-4
2023-05-31 15:10:13,16470,16470,16470,2,2
2023-05-31 15:10:14,16469,16469,16469,2,-2
2023-05-31 15:10:17,16470,16470,16470,10,10
2023-05-31 15:10:18,16471,16471,16471,2,2
2023-05-31 15:10:18,16471,16471,16471,2,0
2023-05-31 15:10:19,16471,16471,16471,2,0
2023-05-31 15:10:21,16471,16471,16471,2,0
2023-05-31 15:10:21,16471,16471,16471,4,0
2023-05-31 15:10:22,16470,16470,16470,2,-2
2023-05-31 15:10:22,16470,16470,16470,2,0
2023-05-31 15:10:23,16471,16471,16471,2,2
2023-05-31 15:10:26,16470,16470,16470,2,-2
2023-05-31 15:10:26,16470,16470,16470,2,0
2023-05-31 15:10:26,16470,16470,16470,2,0
2023-05-31 15:10:26,16469,16469,16469,2,-2
2023-05-31 15:10:28,16468,16468,16468,2,-2
2023-05-31 15:10:28,16468,16468,16468,2,0
2023-05-31 15:10:28,16468,16468,16468,4,0
2023-05-31 15:10:28,16468,16468,16468,2,0
2023-05-31 15:10:28,16469,16469,16469,2,2
2023-05-31 15:10:30,16468,16468,16468,2,-2
2023-05-31 15:10:30,16468,16468,16468,2,0
2023-05-31 15:10:32,16468,16468,16468,2,0
2023-05-31 15:10:33,16467,16467,16467,2,-2
2023-05-31 15:10:33,16468,16468,16468,2,2
2023-05-31 15:10:36,16469,16469,16469,6,6
2023-05-31 15:10:36,16470,16470,16470,8,8
2023-05-31 15:10:37,16470,16470,16470,2,0
2023-05-31 15:10:37,16471,16471,16471,4,4
2023-05-31 15:10:37,16470,16470,16470,2,-2
2023-05-31 15:10:37,16472,16472,16472,2,2
2023-05-31 15:10:37,16472,16472,16472,4,0
2023-05-31 15:10:37,16472,16472,16472,36,0
2023-05-31 15:10:37,16472,16472,16472,4,0
2023-05-31 15:10:38,16473,16473,16473,4,4
2023-05-31 15:10:38,16474,16474,16474,2,2
2023-05-31 15:10:39,16474,16474,16474,12,0
2023-05-31 15:10:39,16474,16474,16474,2,0
2023-05-31 15:10:39,16474,16474,16474,2,0
2023-05-31 15:10:39,16475,16475,16475,2,2
2023-05-31 15:10:39,16475,16475,16475,2,0
2023-05-31 15:10:39,16475,16475,16475,2,0
2023-05-31 15:10:39,16475,16475,16475,4,0
2023-05-31 15:10:39,16474,16474,16474,2,-2
2023-05-31 15:10:39,16476,16476,16476,18,18
2023-05-31 15:10:39,16477,16477,16477,2,2
2023-05-31 15:10:39,16477,16477,16477,16,0
2023-05-31 15:10:39,16477,16477,16477,2,0
2023-05-31 15:10:40,16476,16476,16476,2,-2
2023-05-31 15:10:41,16475,16475,16475,4,-4
2023-05-31 15:10:41,16476,16476,16476,2,2
2023-05-31 15:10:42,16477,16477,16477,2,2
2023-05-31 15:10:43,16476,16476,16476,2,-2
2023-05-31 15:10:44,16477,16477,16477,4,4
2023-05-31 15:10:44,16476,16476,16476,6,-6
2023-05-31 15:10:44,16476,16476,16476,2,0
2023-05-31 15:10:44,16476,16476,16476,2,0
2023-05-31 15:10:45,16476,16476,16476,2,0
2023-05-31 15:10:46,16476,16476,16476,4,0
2023-05-31 15:10:46,16476,16476,16476,4,0
2023-05-31 15:10:47,16477,16477,16477,6,6
2023-05-31 15:10:50,16477,16477,16477,6,0
2023-05-31 15:10:50,16477,16477,16477,4,0
2023-05-31 15:10:50,16478,16478,16478,2,2
2023-05-31 15:10:50,16478,16478,16478,4,0
2023-05-31 15:10:50,16478,16478,16478,12,0
2023-05-31 15:10:52,16479,16479,16479,2,2
2023-05-31 15:10:56,16478,16478,16478,2,-2
2023-05-31 15:10:56,16477,16477,16477,2,-2
2023-05-31 15:10:56,16477,16477,16477,2,0
2023-05-31 15:10:58,16478,16478,16478,10,10
2023-05-31 15:11:00,16476,16476,16476,2,-2
2023-05-31 15:11:03,16478,16478,16478,10,10
2023-05-31 15:11:03,16478,16478,16478,12,0
2023-05-31 15:11:03,16478,16478,16478,6,0
2023-05-31 15:11:04,16478,16478,16478,2,0
2023-05-31 15:11:05,16479,16479,16479,2,2
2023-05-31 15:11:06,16479,16479,16479,2,0
2023-05-31 15:11:06,16478,16478,16478,2,-2
2023-05-31 15:11:06,16478,16478,16478,2,0
2023-05-31 15:11:06,16478,16478,16478,2,0
2023-05-31 15:11:06,16478,16478,16478,2,0
2023-05-31 15:11:06,16478,16478,16478,2,0
2023-05-31 15:11:06,16479,16479,16479,2,2
2023-05-31 15:11:09,16478,16478,16478,2,-2
2023-05-31 15:11:10,16478,16478,16478,2,0
2023-05-31 15:11:11,16478,16478,16478,2,0
2023-05-31 15:11:11,16478,16478,16478,2,0
2023-05-31 15:11:12,16477,16477,16477,6,-6
2023-05-31 15:11:12,16477,16477,16477,4,0
2023-05-31 15:11:12,16477,16477,16477,2,0
2023-05-31 15:11:13,16476,16476,16476,2,-2
2023-05-31 15:11:13,16476,16476,16476,2,0
2023-05-31 15:11:13,16475,16475,16475,2,-2
2023-05-31 15:11:14,16475,16475,16475,2,0
2023-05-31 15:11:15,16474,16474,16474,2,-2
2023-05-31 15:11:15,16474,16474,16474,2,0
2023-05-31 15:11:15,16474,16474,16474,22,0
2023-05-31 15:11:15,16474,16474,16474,2,0
2023-05-31 15:11:15,16474,16474,16474,2,0
2023-05-31 15:11:17,16475,16475,16475,10,10
2023-05-31 15:11:22,16475,16475,16475,2,0
2023-05-31 15:11:22,16475,16475,16475,2,0
2023-05-31 15:11:23,16476,16476,16476,2,2
2023-05-31 15:11:23,16475,16475,16475,2,-2
2023-05-31 15:11:23,16475,16475,16475,4,0
2023-05-31 15:11:23,16475,16475,16475,2,0
2023-05-31 15:11:23,16475,16475,16475,2,0
2023-05-31 15:11:24,16475,16475,16475,12,0
2023-05-31 15:11:24,16476,16476,16476,2,2
2023-05-31 15:11:25,16476,16476,16476,2,0
2023-05-31 15:11:25,16476,16476,16476,4,0
2023-05-31 15:11:29,16477,16477,16477,2,2
2023-05-31 15:11:32,16477,16477,16477,4,0
2023-05-31 15:11:34,16478,16478,16478,2,2
2023-05-31 15:11:36,16477,16477,16477,2,-2
2023-05-31 15:11:39,16477,16477,16477,4,0
2023-05-31 15:11:39,16476,16476,16476,2,-2
2023-05-31 15:11:44,16477,16477,16477,2,2
2023-05-31 15:11:51,16476,16476,16476,2,-2
2023-05-31 15:11:51,16476,16476,16476,4,0
2023-05-31 15:11:54,16477,16477,16477,6,6
2023-05-31 15:11:55,16477,16477,16477,2,0
2023-05-31 15:11:56,16477,16477,16477,2,0
2023-05-31 15:11:58,16477,16477,16477,2,0
2023-05-31 15:12:01,16477,16477,16477,2,0
2023-05-31 15:12:01,16477,16477,16477,4,0
2023-05-31 15:12:01,16477,16477,16477,2,0
2023-05-31 15:12:01,16477,16477,16477,2,0
2023-05-31 15:12:01,16477,16477,16477,2,0
2023-05-31 15:12:03,16477,16477,16477,2,0
2023-05-31 15:12:13,16476,16476,16476,6,-6
2023-05-31 15:12:13,16476,16476,16476,2,0
2023-05-31 15:12:13,16476,16476,16476,2,0
2023-05-31 15:12:13,16476,16476,16476,2,0
2023-05-31 15:12:13,16476,16476,16476,8,0
2023-05-31 15:12:13,16475,16475,16475,2,-2
2023-05-31 15:12:13,16475,16475,16475,2,0
2023-05-31 15:12:13,16475,16475,16475,6,0
2023-05-31 15:12:13,16475,16475,16475,8,0
2023-05-31 15:12:13,16475,16475,16475,6,0
2023-05-31 15:12:13,16475,16475,16475,2,0
2023-05-31 15:12:13,16475,16475,16475,4,0
2023-05-31 15:12:13,16475,16475,16475,6,0
2023-05-31 15:12:13,16475,16475,16475,2,0
2023-05-31 15:12:13,16475,16475,16475,2,0
2023-05-31 15:12:13,16475,16475,16475,6,0
2023-05-31 15:12:13,16475,16475,16475,6,0
2023-05-31 15:12:14,16475,16475,16475,4,0
2023-05-31 15:12:17,16475,16475,16475,6,0
2023-05-31 15:12:18,16475,16475,16475,4,0
2023-05-31 15:12:18,16476,16476,16476,4,4
2023-05-31 15:12:21,16475,16475,16475,2,-2
2023-05-31 15:12:21,16475,16475,16475,2,0
2023-05-31 15:12:21,16475,16475,16475,2,0
2023-05-31 15:12:27,16475,16475,16475,12,0
2023-05-31 15:12:30,16475,16475,16475,12,0
2023-05-31 15:12:30,16475,16475,16475,2,0
2023-05-31 15:12:30,16474,16474,16474,2,-2
2023-05-31 15:12:30,16474,16474,16474,2,0
2023-05-31 15:12:30,16474,16474,16474,2,0
2023-05-31 15:12:30,16474,16474,16474,2,0
2023-05-31 15:12:30,16474,16474,16474,2,0
2023-05-31 15:12:30,16474,16474,16474,2,0
2023-05-31 15:12:32,16474,16474,16474,2,0
2023-05-31 15:12:32,16473,16473,16473,2,-2
2023-05-31 15:12:32,16473,16473,16473,2,0
2023-05-31 15:12:32,16473,16473,16473,4,0
2023-05-31 15:12:32,16473,16473,16473,2,0
2023-05-31 15:12:32,16473,16473,16473,2,0
2023-05-31 15:12:33,16473,16473,16473,2,0
2023-05-31 15:12:33,16473,16473,16473,2,0
2023-05-31 15:12:34,16473,16473,16473,4,0
2023-05-31 15:12:34,16473,16473,16473,10,0
2023-05-31 15:12:36,16473,16473,16473,2,0
2023-05-31 15:12:39,16473,16473,16473,4,0
2023-05-31 15:12:39,16473,16473,16473,2,0
2023-05-31 15:12:39,16472,16472,16472,2,-2
2023-05-31 15:12:39,16471,16471,16471,2,-2
2023-05-31 15:12:42,16471,16471,16471,2,0
2023-05-31 15:12:42,16471,16471,16471,2,0
2023-05-31 15:12:42,16471,16471,16471,2,0
2023-05-31 15:12:42,16472,16472,16472,2,2
2023-05-31 15:12:43,16472,16472,16472,4,0
2023-05-31 15:12:45,16471,16471,16471,4,-4
2023-05-31 15:12:45,16471,16471,16471,2,0
2023-05-31 15:12:45,16471,16471,16471,2,0
2023-05-31 15:12:46,16472,16472,16472,4,4
2023-05-31 15:12:46,16472,16472,16472,4,0
2023-05-31 15:12:47,16471,16471,16471,2,-2
2023-05-31 15:12:48,16472,16472,16472,4,4
2023-05-31 15:12:48,16472,16472,16472,38,0
2023-05-31 15:12:48,16473,16473,16473,6,6
2023-05-31 15:12:49,16475,16475,16475,4,4
2023-05-31 15:12:50,16474,16474,16474,2,-2
2023-05-31 15:12:51,16474,16474,16474,4,0
2023-05-31 15:12:51,16474,16474,16474,2,0
2023-05-31 15:12:53,16474,16474,16474,2,0
2023-05-31 15:12:53,16474,16474,16474,2,0
2023-05-31 15:12:56,16474,16474,16474,4,0
2023-05-31 15:12:56,16475,16475,16475,2,2
2023-05-31 15:12:57,16476,16476,16476,2,2
2023-05-31 15:13:00,16475,16475,16475,2,-2
2023-05-31 15:13:03,16476,16476,16476,6,6
2023-05-31 15:13:03,16476,16476,16476,2,0
2023-05-31 15:13:07,16477,16477,16477,2,2
2023-05-31 15:13:07,16476,16476,16476,2,-2
2023-05-31 15:13:12,16477,16477,16477,2,2
2023-05-31 15:13:13,16477,16477,16477,74,0
2023-05-31 15:13:14,16478,16478,16478,2,2
2023-05-31 15:13:14,16478,16478,16478,20,0
2023-05-31 15:13:15,16477,16477,16477,2,-2
2023-05-31 15:13:15,16478,16478,16478,2,2
2023-05-31 15:13:19,16478,16478,16478,2,0
2023-05-31 15:13:21,16479,16479,16479,2,2
2023-05-31 15:13:21,16478,16478,16478,2,-2
2023-05-31 15:13:22,16478,16478,16478,4,0
2023-05-31 15:13:23,16478,16478,16478,2,0
2023-05-31 15:13:27,16478,16478,16478,2,0
2023-05-31 15:13:31,16479,16479,16479,2,2
2023-05-31 15:13:31,16479,16479,16479,2,0
2023-05-31 15:13:32,16478,16478,16478,2,-2
2023-05-31 15:13:33,16478,16478,16478,2,0
2023-05-31 15:13:33,16478,16478,16478,2,0
2023-05-31 15:13:33,16478,16478,16478,6,0
2023-05-31 15:13:40,16477,16477,16477,2,-2
2023-05-31 15:13:41,16477,16477,16477,2,0
2023-05-31 15:13:45,16478,16478,16478,2,2
2023-05-31 15:13:45,16478,16478,16478,2,0
2023-05-31 15:13:46,16477,16477,16477,2,-2
2023-05-31 15:13:46,16477,16477,16477,2,0
2023-05-31 15:13:48,16477,16477,16477,2,0
2023-05-31 15:13:48,16477,16477,16477,2,0
2023-05-31 15:13:48,16477,16477,16477,4,0
2023-05-31 15:13:48,16477,16477,16477,2,0
2023-05-31 15:13:48,16476,16476,16476,2,-2
2023-05-31 15:13:48,16476,16476,16476,2,0
2023-05-31 15:13:48,16476,16476,16476,2,0
2023-05-31 15:13:48,16476,16476,16476,4,0
2023-05-31 15:13:48,16476,16476,16476,2,0
2023-05-31 15:13:48,16476,16476,16476,2,0
2023-05-31 15:13:48,16477,16477,16477,22,22
2023-05-31 15:13:49,16477,16477,16477,2,0
2023-05-31 15:13:51,16477,16477,16477,6,0
2023-05-31 15:13:53,16478,16478,16478,4,4
2023-05-31 15:14:00,16478,16478,16478,2,0
2023-05-31 15:14:00,16476,16476,16476,2,-2
2023-05-31 15:14:01,16477,16477,16477,2,2
2023-05-31 15:14:04,16477,16477,16477,2,0
2023-05-31 15:14:05,16478,16478,16478,2,2
2023-05-31 15:14:07,16477,16477,16477,2,-2
2023-05-31 15:14:09,16478,16478,16478,2,2
2023-05-31 15:14:09,16477,16477,16477,10,-10
2023-05-31 15:14:09,16477,16477,16477,2,0
2023-05-31 15:14:10,16477,16477,16477,2,0
2023-05-31 15:14:11,16476,16476,16476,2,-2
2023-05-31 15:14:11,16476,16476,16476,2,0
2023-05-31 15:14:11,16477,16477,16477,14,14
2023-05-31 15:14:15,16476,16476,16476,2,-2
2023-05-31 15:14:16,16475,16475,16475,2,-2
2023-05-31 15:14:16,16475,16475,16475,2,0
2023-05-31 15:14:16,16475,16475,16475,2,0
2023-05-31 15:14:16,16475,16475,16475,2,0
2023-05-31 15:14:16,16475,16475,16475,8,0
2023-05-31 15:14:16,16476,16476,16476,6,6
2023-05-31 15:14:18,16476,16476,16476,14,0
2023-05-31 15:14:18,16474,16474,16474,2,-2
2023-05-31 15:14:19,16475,16475,16475,2,2
2023-05-31 15:14:24,16476,16476,16476,2,2
2023-05-31 15:14:28,16476,16476,16476,2,0
2023-05-31 15:14:28,16476,16476,16476,2,0
2023-05-31 15:14:28,16476,16476,16476,2,0
2023-05-31 15:14:28,16476,16476,16476,2,0
2023-05-31 15:14:28,16476,16476,16476,2,0
2023-05-31 15:14:37,16475,16475,16475,2,-2
2023-05-31 15:14:38,16476,16476,16476,2,2
2023-05-31 15:14:38,16476,16476,16476,2,0
2023-05-31 15:14:41,16476,16476,16476,2,0
2023-05-31 15:14:42,16476,16476,16476,2,0
2023-05-31 15:14:47,16476,16476,16476,2,0
2023-05-31 15:14:47,16475,16475,16475,2,-2
2023-05-31 15:14:48,16477,16477,16477,6,6
2023-05-31 15:14:50,16477,16477,16477,2,0
2023-05-31 15:14:52,16478,16478,16478,28,28
2023-05-31 15:14:53,16478,16478,16478,4,0
2023-05-31 15:14:53,16478,16478,16478,2,0
2023-05-31 15:14:53,16478,16478,16478,4,0
2023-05-31 15:14:53,16478,16478,16478,2,0
2023-05-31 15:14:54,16478,16478,16478,2,0
2023-05-31 15:15:00,16478,16478,16478,2,0
2023-05-31 15:15:00,16478,16478,16478,4,0
2023-05-31 15:15:00,16479,16479,16479,2,2
2023-05-31 15:15:00,16479,16479,16479,2,0
2023-05-31 15:15:00,16478,16478,16478,2,-2
2023-05-31 15:15:03,16478,16478,16478,2,0
2023-05-31 15:15:04,16479,16479,16479,54,54
2023-05-31 15:15:04,16479,16479,16479,4,0
2023-05-31 15:15:04,16479,16479,16479,2,0
2023-05-31 15:15:04,16479,16479,16479,6,0
2023-05-31 15:15:04,16479,16479,16479,4,0
2023-05-31 15:15:04,16480,16480,16480,14,14
2023-05-31 15:15:04,16480,16480,16480,2,0
2023-05-31 15:15:04,16480,16480,16480,2,0
2023-05-31 15:15:04,16480,16480,16480,28,0
2023-05-31 15:15:04,16481,16481,16481,4,4
2023-05-31 15:15:04,16481,16481,16481,4,0
2023-05-31 15:15:04,16482,16482,16482,2,2
2023-05-31 15:15:04,16482,16482,16482,2,0
2023-05-31 15:15:04,16482,16482,16482,16,0
2023-05-31 15:15:04,16483,16483,16483,4,4
2023-05-31 15:15:04,16483,16483,16483,2,0
2023-05-31 15:15:06,16482,16482,16482,2,-2
2023-05-31 15:15:07,16483,16483,16483,4,4
2023-05-31 15:15:07,16483,16483,16483,8,0
2023-05-31 15:15:07,16483,16483,16483,6,0
2023-05-31 15:15:07,16484,16484,16484,6,6
2023-05-31 15:15:07,16484,16484,16484,2,0
2023-05-31 15:15:07,16485,16485,16485,2,2
2023-05-31 15:15:07,16484,16484,16484,2,-2
2023-05-31 15:15:08,16485,16485,16485,2,2
2023-05-31 15:15:08,16483,16483,16483,2,-2
2023-05-31 15:15:09,16484,16484,16484,2,2
2023-05-31 15:15:09,16484,16484,16484,2,0
2023-05-31 15:15:10,16485,16485,16485,6,6
2023-05-31 15:15:10,16484,16484,16484,2,-2
2023-05-31 15:15:10,16485,16485,16485,2,2
2023-05-31 15:15:10,16485,16485,16485,2,0
2023-05-31 15:15:10,16485,16485,16485,2,0
2023-05-31 15:15:10,16485,16485,16485,2,0
2023-05-31 15:15:10,16486,16486,16486,2,2
2023-05-31 15:15:10,16485,16485,16485,2,-2
2023-05-31 15:15:10,16486,16486,16486,4,4
2023-05-31 15:15:10,16486,16486,16486,2,0
2023-05-31 15:15:10,16486,16486,16486,2,0
2023-05-31 15:15:11,16486,16486,16486,2,0
2023-05-31 15:15:11,16486,16486,16486,2,0
2023-05-31 15:15:11,16486,16486,16486,2,0
2023-05-31 15:15:11,16486,16486,16486,2,0
2023-05-31 15:15:11,16486,16486,16486,2,0
2023-05-31 15:15:11,16486,16486,16486,2,0
2023-05-31 15:15:11,16486,16486,16486,2,0
2023-05-31 15:15:11,16486,16486,16486,2,0
2023-05-31 15:15:11,16486,16486,16486,4,0
2023-05-31 15:15:11,16486,16486,16486,2,0
2023-05-31 15:15:12,16485,16485,16485,2,-2
2023-05-31 15:15:13,16486,16486,16486,10,10
2023-05-31 15:15:13,16484,16484,16484,2,-2
2023-05-31 15:15:16,16485,16485,16485,2,2
2023-05-31 15:15:17,16486,16486,16486,2,2
2023-05-31 15:15:18,16486,16486,16486,2,0
2023-05-31 15:15:18,16487,16487,16487,2,2
2023-05-31 15:15:18,16487,16487,16487,2,0
2023-05-31 15:15:20,16487,16487,16487,10,0
2023-05-31 15:15:20,16487,16487,16487,8,0
2023-05-31 15:15:20,16487,16487,16487,2,0
2023-05-31 15:15:20,16487,16487,16487,2,0
2023-05-31 15:15:20,16487,16487,16487,2,0
2023-05-31 15:15:20,16487,16487,16487,6,0
2023-05-31 15:15:20,16487,16487,16487,2,0
2023-05-31 15:15:20,16487,16487,16487,8,0
2023-05-31 15:15:20,16487,16487,16487,2,0
2023-05-31 15:15:21,16488,16488,16488,30,30
2023-05-31 15:15:22,16489,16489,16489,2,2
2023-05-31 15:15:22,16489,16489,16489,2,0
2023-05-31 15:15:22,16489,16489,16489,2,0
2023-05-31 15:15:22,16488,16488,16488,2,-2
2023-05-31 15:15:22,16489,16489,16489,2,2
2023-05-31 15:15:22,16490,16490,16490,2,2
2023-05-31 15:15:22,16490,16490,16490,2,0
2023-05-31 15:15:22,16490,16490,16490,2,0
2023-05-31 15:15:22,16489,16489,16489,2,-2
2023-05-31 15:15:22,16490,16490,16490,2,2
2023-05-31 15:15:22,16490,16490,16490,2,0
2023-05-31 15:15:22,16490,16490,16490,2,0
2023-05-31 15:15:22,16490,16490,16490,2,0
2023-05-31 15:15:22,16490,16490,16490,2,0
2023-05-31 15:15:23,16489,16489,16489,2,-2
2023-05-31 15:15:23,16489,16489,16489,4,0
2023-05-31 15:15:24,16490,16490,16490,2,2
2023-05-31 15:15:24,16489,16489,16489,2,-2
2023-05-31 15:15:25,16489,16489,16489,2,0
2023-05-31 15:15:25,16489,16489,16489,2,0
2023-05-31 15:15:25,16489,16489,16489,2,0
2023-05-31 15:15:25,16490,16490,16490,2,2
2023-05-31 15:15:26,16489,16489,16489,2,-2
2023-05-31 15:15:26,16489,16489,16489,2,0
2023-05-31 15:15:27,16489,16489,16489,2,0
2023-05-31 15:15:27,16489,16489,16489,2,0
2023-05-31 15:15:28,16489,16489,16489,2,0
2023-05-31 15:15:29,16488,16488,16488,4,-4
2023-05-31 15:15:29,16488,16488,16488,2,0
2023-05-31 15:15:29,16488,16488,16488,2,0
2023-05-31 15:15:29,16488,16488,16488,20,0
2023-05-31 15:15:29,16488,16488,16488,14,0
2023-05-31 15:15:29,16488,16488,16488,2,0
2023-05-31 15:15:29,16488,16488,16488,2,0
2023-05-31 15:15:29,16488,16488,16488,2,0
2023-05-31 15:15:29,16488,16488,16488,2,0
2023-05-31 15:15:29,16489,16489,16489,2,2
2023-05-31 15:15:29,16487,16487,16487,2,-2
2023-05-31 15:15:31,16487,16487,16487,2,0
2023-05-31 15:15:31,16487,16487,16487,2,0
2023-05-31 15:15:35,16488,16488,16488,2,2
2023-05-31 15:15:38,16488,16488,16488,2,0
2023-05-31 15:15:39,16488,16488,16488,2,0
2023-05-31 15:15:41,16488,16488,16488,2,0
2023-05-31 15:15:42,16489,16489,16489,2,2
2023-05-31 15:15:44,16488,16488,16488,2,-2
2023-05-31 15:15:46,16489,16489,16489,2,2
2023-05-31 15:15:46,16488,16488,16488,2,-2
2023-05-31 15:15:46,16488,16488,16488,2,0
2023-05-31 15:15:46,16488,16488,16488,2,0
2023-05-31 15:15:47,16488,16488,16488,2,0
2023-05-31 15:15:47,16489,16489,16489,20,20
2023-05-31 15:15:47,16489,16489,16489,2,0
2023-05-31 15:15:48,16489,16489,16489,2,0
2023-05-31 15:15:48,16490,16490,16490,14,14
2023-05-31 15:15:49,16490,16490,16490,2,0
2023-05-31 15:15:49,16490,16490,16490,2,0
2023-05-31 15:15:50,16490,16490,16490,2,0
2023-05-31 15:15:51,16490,16490,16490,2,0
2023-05-31 15:15:51,16490,16490,16490,2,0
2023-05-31 15:15:51,16490,16490,16490,2,0
2023-05-31 15:15:51,16490,16490,16490,2,0
2023-05-31 15:15:52,16491,16491,16491,2,2
2023-05-31 15:15:53,16490,16490,16490,2,-2
2023-05-31 15:15:53,16490,16490,16490,2,0
2023-05-31 15:15:53,16489,16489,16489,4,-4
2023-05-31 15:15:53,16489,16489,16489,6,0
2023-05-31 15:15:53,16489,16489,16489,6,0
2023-05-31 15:15:54,16490,16490,16490,6,6
2023-05-31 15:15:54,16490,16490,16490,4,0
2023-05-31 15:15:54,16490,16490,16490,2,0
2023-05-31 15:15:55,16490,16490,16490,2,0
2023-05-31 15:15:56,16489,16489,16489,2,-2
2023-05-31 15:16:00,16489,16489,16489,10,0
2023-05-31 15:16:00,16488,16488,16488,2,-2
2023-05-31 15:16:00,16489,16489,16489,2,2
2023-05-31 15:16:00,16489,16489,16489,2,0
2023-05-31 15:16:00,16490,16490,16490,2,2
2023-05-31 15:16:00,16490,16490,16490,2,0
2023-05-31 15:16:00,16490,16490,16490,2,0
2023-05-31 15:16:00,16489,16489,16489,8,-8
2023-05-31 15:16:00,16489,16489,16489,2,0
2023-05-31 15:16:00,16489,16489,16489,8,0
2023-05-31 15:16:01,16488,16488,16488,2,-2
2023-05-31 15:16:01,16489,16489,16489,2,2
2023-05-31 15:16:01,16490,16490,16490,16,16
2023-05-31 15:16:05,16490,16490,16490,4,0
2023-05-31 15:16:05,16491,16491,16491,30,30
2023-05-31 15:16:05,16491,16491,16491,2,0
2023-05-31 15:16:05,16491,16491,16491,2,0
2023-05-31 15:16:05,16491,16491,16491,2,0
2023-05-31 15:16:05,16491,16491,16491,4,0
2023-05-31 15:16:05,16491,16491,16491,2,0
2023-05-31 15:16:05,16491,16491,16491,6,0
2023-05-31 15:16:05,16490,16490,16490,4,-4
2023-05-31 15:16:05,16490,16490,16490,6,0
2023-05-31 15:16:05,16490,16490,16490,2,0
2023-05-31 15:16:05,16490,16490,16490,6,0
2023-05-31 15:16:05,16490,16490,16490,2,0
2023-05-31 15:16:05,16490,16490,16490,2,0
2023-05-31 15:16:05,16490,16490,16490,2,0
2023-05-31 15:16:05,16490,16490,16490,4,0
2023-05-31 15:16:05,16490,16490,16490,10,0
2023-05-31 15:16:05,16490,16490,16490,10,0
2023-05-31 15:16:05,16490,16490,16490,2,0
2023-05-31 15:16:05,16490,16490,16490,30,0
2023-05-31 15:16:05,16490,16490,16490,2,0
2023-05-31 15:16:06,16491,16491,16491,2,2
2023-05-31 15:16:07,16490,16490,16490,4,-4
2023-05-31 15:16:07,16491,16491,16491,2,2
2023-05-31 15:16:07,16491,16491,16491,2,0
2023-05-31 15:16:08,16490,16490,16490,2,-2
2023-05-31 15:16:08,16490,16490,16490,2,0
2023-05-31 15:16:08,16490,16490,16490,2,0
2023-05-31 15:16:08,16490,16490,16490,6,0
2023-05-31 15:16:09,16490,16490,16490,2,0
2023-05-31 15:16:09,16490,16490,16490,4,0
2023-05-31 15:16:09,16491,16491,16491,16,16
2023-05-31 15:16:09,16490,16490,16490,2,-2
2023-05-31 15:16:11,16490,16490,16490,2,0
2023-05-31 15:16:11,16490,16490,16490,2,0
2023-05-31 15:16:12,16490,16490,16490,30,0
2023-05-31 15:16:12,16490,16490,16490,2,0
2023-05-31 15:16:12,16490,16490,16490,2,0
2023-05-31 15:16:12,16490,16490,16490,10,0
2023-05-31 15:16:13,16491,16491,16491,12,12
2023-05-31 15:16:13,16490,16490,16490,2,-2
2023-05-31 15:16:15,16491,16491,16491,4,4
2023-05-31 15:16:15,16491,16491,16491,2,0
2023-05-31 15:16:16,16491,16491,16491,2,0
2023-05-31 15:16:16,16491,16491,16491,2,0
2023-05-31 15:16:17,16491,16491,16491,2,0
2023-05-31 15:16:17,16491,16491,16491,2,0
2023-05-31 15:16:17,16492,16492,16492,2,2
2023-05-31 15:16:17,16492,16492,16492,2,0
2023-05-31 15:16:17,16492,16492,16492,2,0
2023-05-31 15:16:17,16492,16492,16492,30,0
2023-05-31 15:16:17,16492,16492,16492,2,0
2023-05-31 15:16:17,16493,16493,16493,2,2
2023-05-31 15:16:17,16493,16493,16493,4,0
2023-05-31 15:16:17,16492,16492,16492,4,-4
2023-05-31 15:16:17,16493,16493,16493,2,2
2023-05-31 15:16:17,16493,16493,16493,2,0
2023-05-31 15:16:17,16493,16493,16493,30,0
2023-05-31 15:16:18,16492,16492,16492,2,-2
2023-05-31 15:16:18,16492,16492,16492,2,0
2023-05-31 15:16:18,16493,16493,16493,2,2
2023-05-31 15:16:18,16492,16492,16492,2,-2
2023-05-31 15:16:19,16491,16491,16491,2,-2
2023-05-31 15:16:20,16492,16492,16492,2,2
2023-05-31 15:16:20,16492,16492,16492,6,0
2023-05-31 15:16:21,16490,16490,16490,4,-4
2023-05-31 15:16:21,16490,16490,16490,2,0
2023-05-31 15:16:21,16491,16491,16491,2,2
2023-05-31 15:16:23,16491,16491,16491,12,0
2023-05-31 15:16:23,16491,16491,16491,2,0
2023-05-31 15:16:24,16490,16490,16490,2,-2
2023-05-31 15:16:24,16490,16490,16490,10,0
2023-05-31 15:16:24,16490,16490,16490,6,0
2023-05-31 15:16:24,16490,16490,16490,2,0
2023-05-31 15:16:24,16490,16490,16490,2,0
2023-05-31 15:16:24,16490,16490,16490,6,0
2023-05-31 15:16:25,16490,16490,16490,2,0
2023-05-31 15:16:26,16490,16490,16490,2,0
2023-05-31 15:16:26,16491,16491,16491,6,6
2023-05-31 15:16:26,16492,16492,16492,6,6
2023-05-31 15:16:28,16491,16491,16491,4,-4
2023-05-31 15:16:28,16492,16492,16492,2,2
2023-05-31 15:16:28,16491,16491,16491,2,-2
2023-05-31 15:16:29,16492,16492,16492,6,6
2023-05-31 15:16:29,16491,16491,16491,2,-2
2023-05-31 15:16:29,16491,16491,16491,2,0
2023-05-31 15:16:31,16491,16491,16491,2,0
2023-05-31 15:16:31,16492,16492,16492,4,4
2023-05-31 15:16:31,16491,16491,16491,2,-2
2023-05-31 15:16:31,16492,16492,16492,6,6
2023-05-31 15:16:31,16493,16493,16493,4,4
2023-05-31 15:16:32,16493,16493,16493,4,0
2023-05-31 15:16:35,16491,16491,16491,2,-2
2023-05-31 15:16:35,16490,16490,16490,12,-12
2023-05-31 15:16:35,16490,16490,16490,6,0
2023-05-31 15:16:35,16490,16490,16490,2,0
2023-05-31 15:16:37,16489,16489,16489,2,-2
2023-05-31 15:16:37,16489,16489,16489,2,0
2023-05-31 15:16:37,16489,16489,16489,2,0
2023-05-31 15:16:37,16488,16488,16488,2,-2
2023-05-31 15:16:38,16488,16488,16488,4,0
2023-05-31 15:16:38,16488,16488,16488,2,0
2023-05-31 15:16:41,16489,16489,16489,2,2
2023-05-31 15:16:41,16489,16489,16489,2,0
2023-05-31 15:16:46,16489,16489,16489,2,0
2023-05-31 15:16:47,16489,16489,16489,2,0
2023-05-31 15:16:48,16490,16490,16490,24,24
2023-05-31 15:16:48,16490,16490,16490,2,0
2023-05-31 15:16:48,16490,16490,16490,2,0
2023-05-31 15:16:50,16491,16491,16491,2,2
2023-05-31 15:16:55,16491,16491,16491,2,0
2023-05-31 15:16:55,16491,16491,16491,4,0
2023-05-31 15:16:56,16490,16490,16490,8,-8
2023-05-31 15:16:56,16490,16490,16490,4,0
2023-05-31 15:16:56,16490,16490,16490,2,0
2023-05-31 15:16:56,16490,16490,16490,2,0
2023-05-31 15:16:56,16490,16490,16490,6,0
2023-05-31 15:16:56,16490,16490,16490,4,0
2023-05-31 15:16:57,16490,16490,16490,4,0
2023-05-31 15:16:58,16490,16490,16490,2,0
2023-05-31 15:16:58,16490,16490,16490,4,0
2023-05-31 15:17:00,16490,16490,16490,6,0
2023-05-31 15:17:00,16488,16488,16488,2,-2
2023-05-31 15:17:00,16488,16488,16488,2,0
2023-05-31 15:17:00,16489,16489,16489,4,4
2023-05-31 15:17:00,16489,16489,16489,4,0
2023-05-31 15:17:01,16489,16489,16489,4,0
2023-05-31 15:17:01,16490,16490,16490,2,2
2023-05-31 15:17:01,16490,16490,16490,2,0
2023-05-31 15:17:04,16490,16490,16490,2,0
2023-05-31 15:17:05,16491,16491,16491,6,6
2023-05-31 15:17:05,16491,16491,16491,4,0
2023-05-31 15:17:05,16491,16491,16491,2,0
2023-05-31 15:17:06,16492,16492,16492,2,2
2023-05-31 15:17:07,16492,16492,16492,2,0
2023-05-31 15:17:07,16492,16492,16492,6,0
2023-05-31 15:17:07,16492,16492,16492,2,0
2023-05-31 15:17:08,16492,16492,16492,4,0
2023-05-31 15:17:08,16492,16492,16492,2,0
2023-05-31 15:17:08,16492,16492,16492,2,0
2023-05-31 15:17:09,16492,16492,16492,6,0
2023-05-31 15:17:09,16492,16492,16492,2,0
2023-05-31 15:17:11,16492,16492,16492,2,0
2023-05-31 15:17:15,16491,16491,16491,8,-8
2023-05-31 15:17:15,16490,16490,16490,2,-2
2023-05-31 15:17:15,16490,16490,16490,2,0
2023-05-31 15:17:16,16490,16490,16490,2,0
2023-05-31 15:17:16,16490,16490,16490,4,0
2023-05-31 15:17:16,16490,16490,16490,2,0
2023-05-31 15:17:17,16490,16490,16490,4,0
2023-05-31 15:17:18,16490,16490,16490,4,0
2023-05-31 15:17:19,16491,16491,16491,4,4
2023-05-31 15:17:24,16491,16491,16491,2,0
2023-05-31 15:17:25,16490,16490,16490,2,-2
2023-05-31 15:17:27,16490,16490,16490,2,0
2023-05-31 15:17:31,16490,16490,16490,2,0
2023-05-31 15:17:34,16490,16490,16490,2,0
2023-05-31 15:17:36,16490,16490,16490,4,0
2023-05-31 15:17:39,16490,16490,16490,4,0
2023-05-31 15:17:40,16490,16490,16490,4,0
2023-05-31 15:17:41,16489,16489,16489,2,-2
2023-05-31 15:17:41,16489,16489,16489,2,0
2023-05-31 15:17:41,16489,16489,16489,2,0
2023-05-31 15:17:41,16489,16489,16489,4,0
2023-05-31 15:17:43,16490,16490,16490,2,2
2023-05-31 15:17:43,16490,16490,16490,4,0
2023-05-31 15:17:43,16490,16490,16490,6,0
2023-05-31 15:17:48,16490,16490,16490,4,0
2023-05-31 15:17:48,16490,16490,16490,4,0
2023-05-31 15:17:49,16490,16490,16490,2,0
2023-05-31 15:17:50,16490,16490,16490,2,0
2023-05-31 15:17:50,16490,16490,16490,2,0
2023-05-31 15:17:51,16490,16490,16490,2,0
2023-05-31 15:17:51,16490,16490,16490,2,0
2023-05-31 15:17:52,16491,16491,16491,2,2
2023-05-31 15:17:53,16490,16490,16490,2,-2
2023-05-31 15:17:53,16490,16490,16490,2,0
2023-05-31 15:17:53,16490,16490,16490,2,0
2023-05-31 15:17:53,16490,16490,16490,2,0
2023-05-31 15:17:53,16490,16490,16490,4,0
2023-05-31 15:17:53,16491,16491,16491,8,8
2023-05-31 15:17:53,16490,16490,16490,2,-2
2023-05-31 15:17:55,16491,16491,16491,2,2
2023-05-31 15:17:55,16491,16491,16491,2,0
2023-05-31 15:17:57,16492,16492,16492,8,8
2023-05-31 15:17:57,16492,16492,16492,2,0
2023-05-31 15:17:57,16492,16492,16492,6,0
2023-05-31 15:17:57,16492,16492,16492,8,0
2023-05-31 15:17:57,16492,16492,16492,2,0
2023-05-31 15:17:57,16492,16492,16492,6,0
2023-05-31 15:18:00,16492,16492,16492,4,0
2023-05-31 15:18:00,16492,16492,16492,2,0
2023-05-31 15:18:00,16493,16493,16493,2,2
2023-05-31 15:18:00,16493,16493,16493,2,0
2023-05-31 15:18:00,16493,16493,16493,2,0
2023-05-31 15:18:03,16492,16492,16492,2,-2
