2020-11-30,15:00:00.002000,13682,13683,13681,206
2020-11-30,15:00:00.004000,13680,13681,13681,1
2020-11-30,15:00:00.032000,13680,13681,13680,3
2020-11-30,15:00:00.038000,13680,13681,13681,1
2020-11-30,15:00:00.070000,13680,13681,13680,2
2020-11-30,15:00:00.075000,13680,13681,13680,3
2020-11-30,15:00:00.075000,13680,13681,13680,4
2020-11-30,15:00:00.077000,13680,13681,13679,1
2020-11-30,15:00:00.079000,13680,13681,13681,1
2020-11-30,15:00:00.093000,13680,13681,13680,1
2020-11-30,15:00:00.104000,13680,13681,13679,1
2020-11-30,15:00:00.118000,13680,13681,13680,1
2020-11-30,15:00:00.150000,13680,13681,13680,2
2020-11-30,15:00:00.154000,13680,13681,13680,6
2020-11-30,15:00:00.154000,13680,13681,13680,2
2020-11-30,15:00:00.187000,13680,13681,13680,4
2020-11-30,15:00:00.187000,13680,13681,13679,9
2020-11-30,15:00:00.227000,13679,13681,13679,4
2020-11-30,15:00:00.227000,13679,13681,13678,5
2020-11-30,15:00:00.243000,13679,13681,13677,1
2020-11-30,15:00:00.247000,13679,13681,13677,1
2020-11-30,15:00:00.248000,13679,13681,13677,9
2020-11-30,15:00:00.257000,13679,13681,13676,1
2020-11-30,15:00:00.257000,13679,13681,13675,1
2020-11-30,15:00:00.281000,13679,13681,13675,2
2020-11-30,15:00:00.293000,13679,13681,13677,3
2020-11-30,15:00:00.293000,13679,13681,13677,1
2020-11-30,15:00:00.294000,13679,13681,13676,1
2020-11-30,15:00:00.301000,13679,13681,13676,1
2020-11-30,15:00:00.301000,13679,13681,13676,1
2020-11-30,15:00:00.301000,13679,13681,13676,1
2020-11-30,15:00:00.301000,13679,13681,13675,1
2020-11-30,15:00:00.304000,13679,13681,13678,1
2020-11-30,15:00:00.305000,13679,13681,13676,2
2020-11-30,15:00:00.305000,13679,13681,13678,1
2020-11-30,15:00:00.307000,13679,13681,13676,1
2020-11-30,15:00:00.307000,13679,13681,13676,1
2020-11-30,15:00:00.313000,13679,13681,13675,1
2020-11-30,15:00:00.323000,13675,13677,13675,1
2020-11-30,15:00:00.323000,13675,13677,13677,1
2020-11-30,15:00:00.323000,13675,13677,13678,3
2020-11-30,15:00:00.327000,13675,13677,13676,3
2020-11-30,15:00:00.328000,13675,13677,13676,1
2020-11-30,15:00:00.329000,13675,13677,13675,1
2020-11-30,15:00:00.347000,13675,13677,13676,1
2020-11-30,15:00:00.351000,13675,13677,13675,1
2020-11-30,15:00:00.358000,13675,13677,13674,1
2020-11-30,15:00:00.364000,13675,13677,13676,1
2020-11-30,15:00:00.370000,13675,13677,13674,1
2020-11-30,15:00:00.373000,13675,13677,13674,5
2020-11-30,15:00:00.374000,13675,13677,13674,3
2020-11-30,15:00:00.379000,13675,13677,13675,1
2020-11-30,15:00:00.381000,13675,13677,13673,1
2020-11-30,15:00:00.386000,13675,13677,13675,1
2020-11-30,15:00:00.386000,13675,13677,13675,2
2020-11-30,15:00:00.386000,13675,13677,13676,4
2020-11-30,15:00:00.390000,13675,13677,13675,2
2020-11-30,15:00:00.390000,13675,13677,13674,1
2020-11-30,15:00:00.399000,13675,13677,13675,2
2020-11-30,15:00:00.399000,13675,13677,13674,1
2020-11-30,15:00:00.410000,13675,13677,13673,3
2020-11-30,15:00:00.410000,13675,13677,13673,1
2020-11-30,15:00:00.410000,13675,13677,13675,4
2020-11-30,15:00:00.413000,13675,13677,13673,1
2020-11-30,15:00:00.426000,13675,13677,13673,1
2020-11-30,15:00:00.427000,13675,13677,13675,2
2020-11-30,15:00:00.444000,13675,13677,13673,2
2020-11-30,15:00:00.445000,13675,13677,13675,2
2020-11-30,15:00:00.452000,13673,13675,13675,2
2020-11-30,15:00:00.457000,13673,13675,13674,1
2020-11-30,15:00:00.459000,13673,13675,13676,1
2020-11-30,15:00:00.466000,13673,13675,13676,1
2020-11-30,15:00:00.466000,13673,13675,13677,1
2020-11-30,15:00:00.473000,13673,13675,13676,2
2020-11-30,15:00:00.478000,13673,13675,13673,1
2020-11-30,15:00:00.492000,13673,13675,13676,1
2020-11-30,15:00:00.492000,13673,13675,13677,3
2020-11-30,15:00:00.496000,13673,13675,13677,1
2020-11-30,15:00:00.508000,13673,13675,13673,1
2020-11-30,15:00:00.508000,13673,13675,13673,1
2020-11-30,15:00:00.508000,13673,13675,13673,1
2020-11-30,15:00:00.509000,13673,13675,13673,1
2020-11-30,15:00:00.509000,13673,13675,13677,1
2020-11-30,15:00:00.530000,13673,13675,13678,6
2020-11-30,15:00:00.545000,13673,13675,13672,2
2020-11-30,15:00:00.559000,13673,13675,13678,2
2020-11-30,15:00:00.559000,13673,13675,13678,6
2020-11-30,15:00:00.573000,13672,13678,13678,1
2020-11-30,15:00:00.577000,13672,13678,13672,1
2020-11-30,15:00:00.585000,13672,13678,13676,2
2020-11-30,15:00:00.597000,13672,13678,13676,1
2020-11-30,15:00:00.599000,13672,13678,13678,4
2020-11-30,15:00:00.602000,13672,13678,13678,2
2020-11-30,15:00:00.607000,13672,13678,13672,1
2020-11-30,15:00:00.621000,13672,13678,13672,1
2020-11-30,15:00:00.633000,13672,13678,13672,2
2020-11-30,15:00:00.634000,13672,13678,13678,1
2020-11-30,15:00:00.634000,13672,13678,13678,2
2020-11-30,15:00:00.636000,13672,13678,13678,2
2020-11-30,15:00:00.638000,13672,13678,13672,2
2020-11-30,15:00:00.647000,13672,13678,13672,1
2020-11-30,15:00:00.663000,13672,13678,13678,3
2020-11-30,15:00:00.663000,13672,13678,13672,1
2020-11-30,15:00:00.672000,13672,13678,13672,1
2020-11-30,15:00:00.677000,13672,13678,13678,2
2020-11-30,15:00:00.682000,13672,13678,13678,2
2020-11-30,15:00:00.699000,13671,13678,13678,3
2020-11-30,15:00:00.702000,13671,13678,13678,1
2020-11-30,15:00:00.713000,13671,13678,13678,3
2020-11-30,15:00:00.746000,13671,13678,13673,1
2020-11-30,15:00:00.746000,13671,13678,13678,1
2020-11-30,15:00:00.767000,13671,13678,13672,2
2020-11-30,15:00:00.776000,13671,13678,13676,1
2020-11-30,15:00:00.776000,13671,13678,13677,2
2020-11-30,15:00:00.776000,13671,13678,13678,1
2020-11-30,15:00:00.784000,13671,13678,13673,1
2020-11-30,15:00:00.786000,13671,13678,13672,1
2020-11-30,15:00:00.788000,13671,13678,13677,1
2020-11-30,15:00:00.799000,13671,13678,13678,2
2020-11-30,15:00:00.807000,13671,13678,13673,1
2020-11-30,15:00:00.807000,13671,13678,13672,3
2020-11-30,15:00:00.812000,13671,13678,13672,1
2020-11-30,15:00:00.821000,13671,13678,13677,1
2020-11-30,15:00:00.821000,13671,13678,13678,1
2020-11-30,15:00:00.850000,13673,13678,13678,1
2020-11-30,15:00:00.865000,13673,13678,13677,1
2020-11-30,15:00:00.865000,13673,13678,13678,1
2020-11-30,15:00:00.870000,13673,13678,13678,1
2020-11-30,15:00:00.876000,13673,13678,13674,1
2020-11-30,15:00:00.918000,13673,13678,13678,1
2020-11-30,15:00:00.948000,13675,13677,13675,1
2020-11-30,15:00:00.948000,13675,13677,13673,2
2020-11-30,15:00:00.948000,13675,13677,13672,1
2020-11-30,15:00:00.962000,13675,13677,13672,1
2020-11-30,15:00:00.971000,13675,13677,13677,1
2020-11-30,15:00:01.003000,13675,13677,13677,1
2020-11-30,15:00:01.003000,13675,13677,13678,1
2020-11-30,15:00:01.005000,13675,13677,13675,1
2020-11-30,15:00:01.025000,13675,13677,13671,1
2020-11-30,15:00:01.030000,13675,13677,13677,1
2020-11-30,15:00:01.030000,13675,13677,13671,4
2020-11-30,15:00:01.036000,13675,13677,13677,2
2020-11-30,15:00:01.043000,13675,13677,13672,1
2020-11-30,15:00:01.089000,13672,13677,13677,1
2020-11-30,15:00:01.110000,13672,13677,13677,1
2020-11-30,15:00:01.141000,13672,13677,13672,2
2020-11-30,15:00:01.146000,13672,13677,13677,4
2020-11-30,15:00:01.208000,13675,13678,13678,2
2020-11-30,15:00:01.251000,13675,13678,13674,1
2020-11-30,15:00:01.256000,13675,13678,13677,1
2020-11-30,15:00:01.257000,13675,13678,13675,2
2020-11-30,15:00:01.274000,13675,13678,13675,1
2020-11-30,15:00:01.308000,13675,13678,13677,4
2020-11-30,15:00:01.308000,13675,13678,13678,9
2020-11-30,15:00:01.314000,13675,13678,13675,4
2020-11-30,15:00:01.321000,13675,13678,13675,2
2020-11-30,15:00:01.343000,13675,13677,13675,1
2020-11-30,15:00:01.385000,13675,13677,13675,1
2020-11-30,15:00:01.388000,13675,13677,13675,1
2020-11-30,15:00:01.408000,13675,13677,13675,1
2020-11-30,15:00:01.408000,13675,13677,13674,3
2020-11-30,15:00:01.409000,13675,13677,13677,1
2020-11-30,15:00:01.409000,13675,13677,13677,1
2020-11-30,15:00:01.409000,13675,13677,13676,1
2020-11-30,15:00:01.409000,13675,13677,13677,1
2020-11-30,15:00:01.422000,13675,13677,13677,1
2020-11-30,15:00:01.422000,13675,13677,13675,1
2020-11-30,15:00:01.423000,13675,13677,13675,1
2020-11-30,15:00:01.423000,13675,13677,13675,1
2020-11-30,15:00:01.427000,13675,13677,13674,1
2020-11-30,15:00:01.443000,13675,13677,13673,4
2020-11-30,15:00:01.443000,13675,13677,13672,1
2020-11-30,15:00:01.443000,13675,13677,13671,1
2020-11-30,15:00:01.447000,13671,13677,13671,1
2020-11-30,15:00:01.477000,13671,13677,13671,1
2020-11-30,15:00:01.492000,13671,13677,13672,1
2020-11-30,15:00:01.496000,13671,13677,13672,1
2020-11-30,15:00:01.499000,13671,13677,13674,1
2020-11-30,15:00:01.509000,13671,13677,13672,1
2020-11-30,15:00:01.509000,13671,13677,13671,1
2020-11-30,15:00:01.524000,13671,13677,13671,1
2020-11-30,15:00:01.600000,13671,13674,13673,1
2020-11-30,15:00:01.642000,13671,13674,13673,2
2020-11-30,15:00:01.661000,13671,13674,13675,1
2020-11-30,15:00:01.683000,13671,13674,13677,1
2020-11-30,15:00:01.714000,13673,13677,13673,1
2020-11-30,15:00:01.732000,13673,13677,13673,1
2020-11-30,15:00:01.744000,13673,13677,13673,1
2020-11-30,15:00:01.758000,13673,13677,13676,5
2020-11-30,15:00:01.780000,13673,13677,13677,1
2020-11-30,15:00:01.864000,13673,13677,13673,1
2020-11-30,15:00:01.864000,13673,13677,13672,1
2020-11-30,15:00:01.875000,13673,13677,13673,1
2020-11-30,15:00:01.887000,13673,13677,13674,1
2020-11-30,15:00:01.887000,13673,13677,13673,2
2020-11-30,15:00:01.888000,13673,13677,13676,1
2020-11-30,15:00:01.888000,13673,13677,13677,3
2020-11-30,15:00:01.888000,13673,13677,13678,2
2020-11-30,15:00:01.894000,13673,13677,13677,1
2020-11-30,15:00:01.914000,13673,13677,13677,1
2020-11-30,15:00:01.938000,13673,13677,13674,1
2020-11-30,15:00:01.979000,13673,13677,13673,2
2020-11-30,15:00:01.982000,13673,13677,13673,2
2020-11-30,15:00:01.982000,13673,13677,13673,2
2020-11-30,15:00:01.982000,13673,13677,13672,2
2020-11-30,15:00:01.982000,13673,13677,13671,4
2020-11-30,15:00:01.982000,13673,13677,13670,8
2020-11-30,15:00:01.986000,13673,13677,13671,3
2020-11-30,15:00:01.991000,13673,13677,13674,2
2020-11-30,15:00:02.056000,13673,13677,13673,1
2020-11-30,15:00:02.092000,13671,13674,13674,1
2020-11-30,15:00:02.092000,13671,13674,13675,2
2020-11-30,15:00:02.117000,13671,13674,13672,1
2020-11-30,15:00:02.143000,13671,13674,13673,2
2020-11-30,15:00:02.143000,13671,13674,13672,1
2020-11-30,15:00:02.166000,13671,13674,13675,1
2020-11-30,15:00:02.229000,13672,13675,13673,4
2020-11-30,15:00:02.306000,13672,13675,13676,1
2020-11-30,15:00:02.323000,13673,13677,13673,1
2020-11-30,15:00:02.347000,13673,13677,13677,1
2020-11-30,15:00:02.421000,13673,13677,13674,2
2020-11-30,15:00:02.421000,13673,13677,13673,3
2020-11-30,15:00:02.444000,13673,13677,13676,1
2020-11-30,15:00:02.450000,13673,13677,13675,1
2020-11-30,15:00:02.464000,13673,13677,13677,2
2020-11-30,15:00:02.465000,13673,13677,13677,3
2020-11-30,15:00:02.465000,13673,13677,13678,1
2020-11-30,15:00:02.469000,13673,13677,13675,5
2020-11-30,15:00:02.548000,13673,13677,13674,1
2020-11-30,15:00:02.554000,13673,13677,13673,1
2020-11-30,15:00:02.567000,13673,13677,13676,1
2020-11-30,15:00:02.567000,13673,13677,13673,1
2020-11-30,15:00:02.587000,13673,13677,13677,1
2020-11-30,15:00:02.604000,13673,13677,13677,2
2020-11-30,15:00:02.612000,13673,13677,13676,1
2020-11-30,15:00:02.655000,13673,13677,13675,1
2020-11-30,15:00:02.669000,13673,13677,13677,1
2020-11-30,15:00:02.673000,13673,13677,13677,2
2020-11-30,15:00:02.675000,13673,13677,13676,1
2020-11-30,15:00:02.713000,13675,13677,13675,1
2020-11-30,15:00:02.715000,13675,13677,13675,1
2020-11-30,15:00:02.725000,13675,13677,13675,3
2020-11-30,15:00:02.751000,13675,13677,13674,3
2020-11-30,15:00:02.765000,13675,13677,13674,1
2020-11-30,15:00:02.777000,13675,13677,13674,1
2020-11-30,15:00:02.777000,13675,13677,13673,1
2020-11-30,15:00:02.778000,13675,13677,13675,2
2020-11-30,15:00:02.834000,13673,13676,13676,1
2020-11-30,15:00:02.862000,13673,13676,13675,1
2020-11-30,15:00:02.864000,13673,13676,13675,1
2020-11-30,15:00:02.874000,13673,13676,13673,2
2020-11-30,15:00:02.920000,13673,13676,13676,1
2020-11-30,15:00:03.063000,13674,13676,13676,1
2020-11-30,15:00:03.102000,13675,13676,13676,1
2020-11-30,15:00:03.155000,13675,13676,13675,1
2020-11-30,15:00:03.193000,13675,13676,13677,1
2020-11-30,15:00:03.219000,13675,13677,13676,4
2020-11-30,15:00:03.219000,13675,13677,13675,3
2020-11-30,15:00:03.219000,13675,13677,13674,8
2020-11-30,15:00:03.301000,13675,13677,13677,1
2020-11-30,15:00:03.318000,13675,13677,13677,2
2020-11-30,15:00:03.347000,13675,13677,13677,2
2020-11-30,15:00:03.347000,13675,13677,13678,1
2020-11-30,15:00:03.411000,13675,13677,13675,1
2020-11-30,15:00:03.448000,13675,13677,13677,1
2020-11-30,15:00:03.493000,13675,13677,13677,1
2020-11-30,15:00:03.663000,13675,13677,13675,3
2020-11-30,15:00:03.684000,13675,13677,13675,3
2020-11-30,15:00:03.780000,13675,13677,13677,2
2020-11-30,15:00:03.782000,13675,13677,13677,4
2020-11-30,15:00:03.794000,13675,13677,13678,1
2020-11-30,15:00:03.825000,13676,13678,13678,1
2020-11-30,15:00:03.840000,13676,13678,13678,1
2020-11-30,15:00:03.889000,13676,13678,13676,1
2020-11-30,15:00:03.985000,13676,13678,13678,1
2020-11-30,15:00:04.003000,13676,13678,13678,1
2020-11-30,15:00:04.008000,13676,13678,13678,2
2020-11-30,15:00:04.010000,13676,13678,13678,8
2020-11-30,15:00:04.013000,13676,13678,13679,1
2020-11-30,15:00:04.020000,13676,13678,13679,1
2020-11-30,15:00:04.046000,13676,13678,13680,1
2020-11-30,15:00:04.048000,13676,13678,13679,1
2020-11-30,15:00:04.143000,13678,13680,13680,1
2020-11-30,15:00:04.150000,13678,13680,13680,1
2020-11-30,15:00:04.150000,13678,13680,13681,1
2020-11-30,15:00:04.153000,13678,13680,13681,2
2020-11-30,15:00:04.237000,13679,13681,13681,1
2020-11-30,15:00:04.474000,13680,13681,13681,1
2020-11-30,15:00:04.507000,13680,13681,13680,1
2020-11-30,15:00:04.526000,13680,13681,13681,2
2020-11-30,15:00:04.536000,13680,13681,13681,3
2020-11-30,15:00:04.541000,13680,13681,13681,1
2020-11-30,15:00:04.573000,13680,13681,13681,10
2020-11-30,15:00:04.677000,13680,13681,13682,1
2020-11-30,15:00:04.841000,13681,13682,13682,1
2020-11-30,15:00:04.842000,13681,13682,13682,1
2020-11-30,15:00:04.868000,13681,13682,13683,1
2020-11-30,15:00:04.898000,13681,13682,13682,1
2020-11-30,15:00:04.913000,13681,13682,13682,1
2020-11-30,15:00:04.919000,13681,13682,13683,1
2020-11-30,15:00:04.928000,13681,13682,13681,1
2020-11-30,15:00:04.960000,13681,13683,13683,1
2020-11-30,15:00:04.985000,13681,13683,13683,1
2020-11-30,15:00:05.021000,13681,13683,13684,2
2020-11-30,15:00:05.058000,13681,13683,13684,1
2020-11-30,15:00:05.073000,13683,13684,13684,2
2020-11-30,15:00:05.082000,13683,13684,13685,1
2020-11-30,15:00:05.176000,13683,13684,13685,2
2020-11-30,15:00:05.221000,13684,13685,13685,1
2020-11-30,15:00:05.323000,13684,13685,13685,12
2020-11-30,15:00:05.355000,13684,13685,13686,1
2020-11-30,15:00:05.359000,13684,13685,13687,1
2020-11-30,15:00:05.450000,13684,13687,13687,3
2020-11-30,15:00:05.480000,13684,13687,13688,1
2020-11-30,15:00:05.534000,13684,13687,13688,2
2020-11-30,15:00:05.557000,13684,13687,13689,1
2020-11-30,15:00:05.588000,13686,13689,13689,1
2020-11-30,15:00:05.598000,13686,13689,13688,2
2020-11-30,15:00:05.598000,13686,13689,13688,1
2020-11-30,15:00:05.598000,13686,13689,13688,1
2020-11-30,15:00:05.598000,13686,13689,13687,2
2020-11-30,15:00:05.648000,13686,13689,13688,1
2020-11-30,15:00:05.674000,13686,13689,13688,3
2020-11-30,15:00:05.904000,13686,13688,13685,1
2020-11-30,15:00:05.904000,13686,13688,13684,3
2020-11-30,15:00:06.073000,13684,13685,13684,1
2020-11-30,15:00:06.148000,13684,13685,13685,1
2020-11-30,15:00:06.338000,13683,13685,13685,2
2020-11-30,15:00:06.523000,13683,13685,13683,1
2020-11-30,15:00:06.532000,13683,13685,13685,1
2020-11-30,15:00:06.665000,13682,13685,13684,2
2020-11-30,15:00:06.688000,13682,13685,13685,1
2020-11-30,15:00:07.016000,13683,13685,13685,1
2020-11-30,15:00:07.018000,13683,13685,13685,1
2020-11-30,15:00:07.023000,13683,13685,13684,5
2020-11-30,15:00:07.075000,13683,13685,13683,1
2020-11-30,15:00:07.075000,13683,13685,13682,1
2020-11-30,15:00:07.075000,13683,13685,13682,1
2020-11-30,15:00:07.076000,13683,13685,13682,1
2020-11-30,15:00:07.076000,13683,13685,13683,1
2020-11-30,15:00:07.076000,13683,13685,13682,1
2020-11-30,15:00:07.077000,13683,13685,13681,1
2020-11-30,15:00:07.077000,13683,13685,13680,1
2020-11-30,15:00:07.078000,13683,13685,13680,1
2020-11-30,15:00:07.078000,13683,13685,13680,1
2020-11-30,15:00:07.079000,13683,13685,13680,1
2020-11-30,15:00:07.079000,13683,13685,13680,1
2020-11-30,15:00:07.079000,13683,13685,13680,1
2020-11-30,15:00:07.080000,13683,13685,13680,1
2020-11-30,15:00:07.080000,13683,13685,13680,1
2020-11-30,15:00:07.081000,13683,13685,13681,1
2020-11-30,15:00:07.120000,13683,13685,13681,1
2020-11-30,15:00:07.121000,13683,13685,13683,1
2020-11-30,15:00:07.198000,13682,13684,13682,1
2020-11-30,15:00:07.234000,13682,13684,13684,2
2020-11-30,15:00:07.234000,13682,13684,13685,2
2020-11-30,15:00:07.241000,13682,13684,13685,1
2020-11-30,15:00:07.314000,13682,13684,13683,1
2020-11-30,15:00:07.323000,13683,13685,13685,2
2020-11-30,15:00:07.332000,13683,13685,13686,1
2020-11-30,15:00:07.370000,13683,13685,13685,4
2020-11-30,15:00:07.448000,13685,13686,13686,4
2020-11-30,15:00:07.573000,13685,13687,13687,4
2020-11-30,15:00:07.592000,13685,13687,13688,1
2020-11-30,15:00:07.594000,13685,13687,13686,6
2020-11-30,15:00:07.774000,13685,13687,13687,1
2020-11-30,15:00:08.043000,13685,13687,13685,1
2020-11-30,15:00:08.123000,13685,13687,13687,1
2020-11-30,15:00:08.198000,13687,13688,13688,1
2020-11-30,15:00:08.242000,13687,13688,13689,1
2020-11-30,15:00:08.269000,13687,13688,13689,2
2020-11-30,15:00:08.292000,13687,13688,13690,2
2020-11-30,15:00:08.339000,13687,13690,13690,3
2020-11-30,15:00:08.384000,13687,13690,13690,2
2020-11-30,15:00:08.395000,13687,13690,13690,1
2020-11-30,15:00:08.432000,13687,13690,13690,1
2020-11-30,15:00:08.448000,13689,13690,13690,1
2020-11-30,15:00:08.606000,13689,13691,13690,1
2020-11-30,15:00:08.621000,13689,13691,13691,1
2020-11-30,15:00:08.652000,13689,13691,13691,1
2020-11-30,15:00:08.713000,13689,13691,13691,1
2020-11-30,15:00:08.716000,13689,13691,13691,3
2020-11-30,15:00:08.762000,13689,13691,13692,1
2020-11-30,15:00:08.771000,13689,13691,13691,1
2020-11-30,15:00:08.809000,13689,13691,13692,2
2020-11-30,15:00:08.854000,13690,13692,13692,1
2020-11-30,15:00:08.891000,13690,13692,13692,1
2020-11-30,15:00:08.925000,13690,13692,13693,2
2020-11-30,15:00:08.974000,13691,13693,13693,2
2020-11-30,15:00:09.012000,13691,13693,13693,1
2020-11-30,15:00:09.012000,13691,13693,13694,3
2020-11-30,15:00:09.137000,13692,13694,13693,2
2020-11-30,15:00:09.152000,13692,13694,13694,3
2020-11-30,15:00:09.221000,13693,13694,13695,1
2020-11-30,15:00:09.237000,13693,13694,13695,2
2020-11-30,15:00:09.248000,13693,13694,13695,1
2020-11-30,15:00:09.297000,13693,13694,13695,3
2020-11-30,15:00:09.318000,13693,13694,13695,1
2020-11-30,15:00:09.418000,13693,13695,13695,1
2020-11-30,15:00:09.418000,13693,13695,13696,1
2020-11-30,15:00:09.451000,13693,13696,13696,5
2020-11-30,15:00:09.527000,13693,13696,13696,3
2020-11-30,15:00:09.578000,13695,13696,13696,2
2020-11-30,15:00:09.620000,13695,13696,13697,2
2020-11-30,15:00:09.622000,13695,13696,13697,1
2020-11-30,15:00:09.622000,13695,13696,13698,1
2020-11-30,15:00:09.718000,13696,13698,13698,3
2020-11-30,15:00:09.748000,13696,13698,13698,1
2020-11-30,15:00:09.765000,13696,13698,13697,1
2020-11-30,15:00:09.779000,13696,13698,13698,1
2020-11-30,15:00:09.791000,13696,13698,13698,1
2020-11-30,15:00:09.823000,13697,13699,13697,5
2020-11-30,15:00:09.838000,13697,13699,13698,1
2020-11-30,15:00:09.842000,13697,13699,13699,1
2020-11-30,15:00:09.896000,13697,13699,13699,2
2020-11-30,15:00:09.897000,13697,13699,13699,2
2020-11-30,15:00:09.898000,13697,13699,13699,2
2020-11-30,15:00:09.916000,13697,13699,13700,1
2020-11-30,15:00:09.947000,13699,13700,13699,1
2020-11-30,15:00:10.110000,13698,13700,13700,1
2020-11-30,15:00:10.212000,13699,13700,13700,1
2020-11-30,15:00:10.238000,13699,13700,13698,1
2020-11-30,15:00:10.239000,13699,13700,13698,1
2020-11-30,15:00:10.280000,13699,13700,13696,1
2020-11-30,15:00:10.280000,13699,13700,13695,3
2020-11-30,15:00:10.281000,13699,13700,13697,1
2020-11-30,15:00:10.284000,13699,13700,13695,1
2020-11-30,15:00:10.309000,13699,13700,13697,2
2020-11-30,15:00:10.318000,13699,13700,13695,2
2020-11-30,15:00:10.318000,13699,13700,13694,2
2020-11-30,15:00:10.362000,13695,13697,13697,1
2020-11-30,15:00:10.382000,13695,13697,13697,1
2020-11-30,15:00:10.382000,13695,13697,13697,1
2020-11-30,15:00:10.409000,13695,13697,13698,1
2020-11-30,15:00:10.448000,13696,13698,13698,1
2020-11-30,15:00:10.472000,13696,13698,13698,1
2020-11-30,15:00:10.477000,13696,13698,13698,1
2020-11-30,15:00:10.477000,13696,13698,13698,1
2020-11-30,15:00:10.482000,13696,13698,13697,1
2020-11-30,15:00:10.503000,13696,13698,13699,2
2020-11-30,15:00:10.595000,13697,13699,13699,1
2020-11-30,15:00:10.630000,13697,13699,13699,1
2020-11-30,15:00:10.674000,13697,13699,13697,4
2020-11-30,15:00:10.697000,13696,13699,13699,1
2020-11-30,15:00:10.727000,13696,13699,13699,1
2020-11-30,15:00:10.740000,13696,13699,13697,4
2020-11-30,15:00:10.743000,13696,13699,13696,1
2020-11-30,15:00:10.899000,13695,13698,13698,1
2020-11-30,15:00:10.909000,13695,13698,13698,1
2020-11-30,15:00:10.964000,13696,13698,13698,1
2020-11-30,15:00:11.045000,13696,13698,13696,1
2020-11-30,15:00:11.063000,13696,13698,13695,1
2020-11-30,15:00:11.076000,13695,13697,13696,1
2020-11-30,15:00:11.081000,13695,13697,13696,1
2020-11-30,15:00:11.090000,13695,13697,13696,1
2020-11-30,15:00:11.104000,13695,13697,13695,1
2020-11-30,15:00:11.167000,13695,13697,13696,1
2020-11-30,15:00:11.198000,13694,13696,13694,9
2020-11-30,15:00:11.242000,13694,13696,13694,1
2020-11-30,15:00:11.262000,13694,13696,13693,1
2020-11-30,15:00:11.275000,13694,13696,13694,1
2020-11-30,15:00:11.319000,13694,13696,13694,1
2020-11-30,15:00:11.323000,13694,13696,13694,1
2020-11-30,15:00:11.387000,13694,13696,13695,1
2020-11-30,15:00:11.387000,13694,13696,13696,2
2020-11-30,15:00:11.448000,13693,13695,13693,3
2020-11-30,15:00:11.582000,13692,13694,13692,1
2020-11-30,15:00:11.670000,13692,13694,13694,1
2020-11-30,15:00:11.865000,13691,13692,13692,3
2020-11-30,15:00:12.120000,13691,13693,13693,1
2020-11-30,15:00:12.121000,13691,13693,13693,1
2020-11-30,15:00:12.205000,13692,13693,13693,1
2020-11-30,15:00:12.205000,13692,13693,13692,1
2020-11-30,15:00:12.367000,13691,13692,13691,1
2020-11-30,15:00:12.522000,13691,13692,13691,1
2020-11-30,15:00:12.576000,13691,13692,13691,1
2020-11-30,15:00:12.607000,13691,13692,13692,1
2020-11-30,15:00:12.626000,13691,13692,13691,2
2020-11-30,15:00:12.688000,13691,13692,13691,1
2020-11-30,15:00:12.723000,13691,13694,13691,1
2020-11-30,15:00:12.738000,13691,13694,13694,2
2020-11-30,15:00:12.780000,13691,13694,13691,1
2020-11-30,15:00:12.920000,13691,13694,13691,1
2020-11-30,15:00:13.011000,13692,13694,13692,1
2020-11-30,15:00:13.045000,13692,13694,13692,1
2020-11-30,15:00:13.239000,13691,13693,13693,1
2020-11-30,15:00:13.291000,13691,13693,13692,1
2020-11-30,15:00:13.453000,13691,13693,13693,1
2020-11-30,15:00:13.667000,13691,13694,13693,1
2020-11-30,15:00:13.743000,13692,13694,13694,1
2020-11-30,15:00:13.947000,13692,13694,13694,1
2020-11-30,15:00:13.988000,13692,13694,13692,1
2020-11-30,15:00:14.114000,13691,13694,13694,1
2020-11-30,15:00:14.250000,13691,13694,13691,1
2020-11-30,15:00:14.295000,13691,13694,13691,1
2020-11-30,15:00:14.321000,13691,13694,13693,1
2020-11-30,15:00:14.584000,13691,13693,13693,1
2020-11-30,15:00:14.697000,13691,13693,13694,1
2020-11-30,15:00:14.699000,13692,13694,13692,1
2020-11-30,15:00:14.870000,13691,13694,13693,1
2020-11-30,15:00:15.216000,13691,13693,13692,1
2020-11-30,15:00:15.558000,13690,13692,13689,3
2020-11-30,15:00:15.913000,13689,13691,13691,1
2020-11-30,15:00:15.913000,13689,13691,13692,1
2020-11-30,15:00:16.007000,13689,13692,13692,1
2020-11-30,15:00:16.296000,13689,13692,13692,1
2020-11-30,15:00:17.338000,13690,13692,13692,1
2020-11-30,15:00:17.449000,13690,13691,13690,1
2020-11-30,15:00:17.450000,13690,13691,13690,1
2020-11-30,15:00:17.584000,13688,13690,13690,1
2020-11-30,15:00:17.755000,13689,13691,13690,1
2020-11-30,15:00:17.985000,13689,13691,13689,1
2020-11-30,15:00:17.993000,13689,13691,13691,1
2020-11-30,15:00:18.025000,13689,13691,13691,1
2020-11-30,15:00:18.054000,13689,13691,13689,1
2020-11-30,15:00:18.145000,13689,13691,13691,1
2020-11-30,15:00:18.230000,13690,13691,13691,1
2020-11-30,15:00:18.297000,13690,13691,13691,1
2020-11-30,15:00:18.413000,13690,13692,13690,2
2020-11-30,15:00:18.516000,13689,13692,13692,1
2020-11-30,15:00:18.721000,13690,13691,13691,1
2020-11-30,15:00:19.098000,13691,13692,13692,1
2020-11-30,15:00:19.217000,13691,13692,13692,1
2020-11-30,15:00:19.218000,13691,13692,13692,1
2020-11-30,15:00:19.384000,13691,13693,13693,1
2020-11-30,15:00:19.548000,13691,13693,13693,1
2020-11-30,15:00:20.365000,13692,13693,13692,1
2020-11-30,15:00:20.604000,13692,13693,13693,1
2020-11-30,15:00:20.615000,13692,13693,13692,1
2020-11-30,15:00:20.720000,13692,13693,13693,1
2020-11-30,15:00:20.864000,13692,13693,13693,1
2020-11-30,15:00:20.985000,13692,13693,13693,1
2020-11-30,15:00:21.195000,13692,13693,13692,1
2020-11-30,15:00:21.230000,13692,13693,13693,1
2020-11-30,15:00:21.238000,13692,13693,13693,1
2020-11-30,15:00:21.310000,13692,13693,13693,1
2020-11-30,15:00:21.430000,13692,13693,13693,1
2020-11-30,15:00:21.466000,13692,13693,13693,1
2020-11-30,15:00:21.631000,13692,13693,13692,1
2020-11-30,15:00:21.635000,13692,13693,13693,1
2020-11-30,15:00:21.896000,13691,13693,13693,1
2020-11-30,15:00:21.965000,13691,13694,13694,1
2020-11-30,15:00:22.128000,13691,13694,13694,1
2020-11-30,15:00:22.153000,13691,13694,13692,1
2020-11-30,15:00:22.294000,13691,13692,13692,1
2020-11-30,15:00:22.933000,13691,13693,13691,2
2020-11-30,15:00:23.050000,13691,13693,13691,1
2020-11-30,15:00:23.076000,13691,13693,13691,1
2020-11-30,15:00:23.100000,13691,13693,13690,1
2020-11-30,15:00:23.491000,13692,13693,13692,1
2020-11-30,15:00:23.764000,13690,13691,13690,2
2020-11-30,15:00:23.879000,13690,13691,13690,2
2020-11-30,15:00:23.880000,13690,13691,13690,2
2020-11-30,15:00:24.245000,13689,13691,13691,1
2020-11-30,15:00:24.890000,13689,13690,13690,1
2020-11-30,15:00:24.890000,13689,13690,13691,1
2020-11-30,15:00:24.901000,13689,13690,13691,1
2020-11-30,15:00:24.981000,13689,13691,13689,1
2020-11-30,15:00:25.373000,13689,13691,13689,5
2020-11-30,15:00:25.850000,13688,13690,13690,1
2020-11-30,15:00:25.968000,13688,13690,13690,1
2020-11-30,15:00:26.041000,13688,13690,13689,1
2020-11-30,15:00:26.084000,13688,13690,13690,1
2020-11-30,15:00:26.154000,13688,13690,13690,2
2020-11-30,15:00:26.308000,13689,13691,13691,2
2020-11-30,15:00:26.368000,13689,13691,13691,5
2020-11-30,15:00:26.368000,13689,13691,13692,1
2020-11-30,15:00:26.526000,13691,13692,13691,1
2020-11-30,15:00:26.583000,13691,13692,13691,1
2020-11-30,15:00:26.583000,13691,13692,13691,1
2020-11-30,15:00:26.652000,13691,13692,13691,1
2020-11-30,15:00:26.847000,13689,13691,13689,1
2020-11-30,15:00:27.046000,13689,13691,13689,1
2020-11-30,15:00:27.260000,13689,13691,13691,1
2020-11-30,15:00:27.695000,13689,13691,13691,1
2020-11-30,15:00:27.896000,13689,13691,13691,1
2020-11-30,15:00:28.060000,13689,13691,13691,1
2020-11-30,15:00:28.265000,13689,13691,13691,1
2020-11-30,15:00:28.508000,13689,13691,13690,1
2020-11-30,15:00:28.704000,13690,13691,13690,1
2020-11-30,15:00:28.704000,13690,13691,13689,3
2020-11-30,15:00:28.704000,13690,13691,13688,1
2020-11-30,15:00:29.884000,13689,13691,13689,1
2020-11-30,15:00:30.274000,13689,13691,13691,1
2020-11-30,15:00:30.683000,13689,13691,13689,1
2020-11-30,15:00:30.892000,13689,13691,13689,3
2020-11-30,15:00:30.892000,13689,13691,13688,12
2020-11-30,15:00:31.334000,13688,13690,13690,1
2020-11-30,15:00:32.365000,13688,13690,13690,1
2020-11-30,15:00:32.552000,13688,13691,13690,1
2020-11-30,15:00:32.646000,13689,13691,13691,1
2020-11-30,15:00:32.899000,13689,13691,13691,1
2020-11-30,15:00:33.071000,13689,13691,13691,1
2020-11-30,15:00:33.165000,13689,13691,13689,1
2020-11-30,15:00:33.304000,13689,13691,13691,1
2020-11-30,15:00:33.338000,13689,13691,13691,1
2020-11-30,15:00:33.521000,13689,13691,13691,1
2020-11-30,15:00:33.901000,13690,13691,13691,1
2020-11-30,15:00:34.109000,13690,13691,13691,1
2020-11-30,15:00:34.321000,13690,13691,13691,1
2020-11-30,15:00:35.157000,13690,13691,13690,1
2020-11-30,15:00:35.375000,13689,13691,13689,1
2020-11-30,15:00:36.010000,13689,13691,13691,1
2020-11-30,15:00:36.216000,13689,13691,13691,1
2020-11-30,15:00:36.319000,13689,13691,13691,1
2020-11-30,15:00:36.418000,13689,13691,13691,1
2020-11-30,15:00:36.628000,13689,13692,13690,5
2020-11-30,15:00:37.081000,13689,13692,13689,1
2020-11-30,15:00:37.453000,13689,13691,13689,1
2020-11-30,15:00:38.135000,13690,13692,13691,3
2020-11-30,15:00:38.698000,13691,13692,13692,18
2020-11-30,15:00:38.783000,13691,13692,13691,1
2020-11-30,15:00:39.006000,13691,13693,13691,1
2020-11-30,15:00:39.320000,13691,13693,13693,1
2020-11-30,15:00:39.510000,13691,13693,13693,1
2020-11-30,15:00:39.572000,13691,13693,13693,2
2020-11-30,15:00:39.666000,13691,13693,13692,1
2020-11-30,15:00:39.701000,13691,13693,13693,1
2020-11-30,15:00:39.870000,13691,13693,13693,1
2020-11-30,15:00:40.042000,13691,13693,13693,1
2020-11-30,15:00:40.181000,13691,13693,13691,1
2020-11-30,15:00:40.246000,13691,13693,13691,1
2020-11-30,15:00:40.259000,13691,13693,13693,1
2020-11-30,15:00:40.305000,13691,13693,13691,2
2020-11-30,15:00:41.015000,13691,13693,13691,2
2020-11-30,15:00:41.016000,13691,13693,13691,1
2020-11-30,15:00:41.016000,13691,13693,13691,7
2020-11-30,15:00:41.426000,13691,13693,13693,1
2020-11-30,15:00:42.318000,13690,13692,13692,1
2020-11-30,15:00:42.319000,13690,13692,13692,1
2020-11-30,15:00:42.822000,13692,13693,13693,2
2020-11-30,15:00:43.484000,13693,13694,13694,1
2020-11-30,15:00:43.523000,13693,13694,13693,3
2020-11-30,15:00:43.523000,13693,13694,13693,1
2020-11-30,15:00:43.523000,13693,13694,13693,1
2020-11-30,15:00:43.846000,13693,13694,13693,1
2020-11-30,15:00:43.850000,13693,13694,13692,2
2020-11-30,15:00:44.455000,13692,13693,13693,1
2020-11-30,15:00:45.319000,13692,13693,13693,1
2020-11-30,15:00:45.390000,13692,13693,13692,2
2020-11-30,15:00:45.994000,13692,13693,13692,1
2020-11-30,15:00:46.048000,13692,13693,13692,1
2020-11-30,15:00:46.050000,13692,13693,13692,1
2020-11-30,15:00:46.476000,13691,13692,13692,1
2020-11-30,15:00:46.489000,13691,13692,13692,1
2020-11-30,15:00:47.258000,13691,13692,13692,1
2020-11-30,15:00:47.594000,13691,13693,13691,10
2020-11-30,15:00:48.316000,13691,13693,13693,1
2020-11-30,15:00:48.823000,13692,13693,13693,8
2020-11-30,15:00:48.823000,13692,13693,13693,1
2020-11-30,15:00:48.823000,13692,13693,13693,1
2020-11-30,15:00:48.823000,13692,13693,13693,1
2020-11-30,15:00:48.823000,13692,13693,13693,1
2020-11-30,15:00:48.823000,13692,13693,13693,2
2020-11-30,15:00:48.831000,13692,13693,13693,4
2020-11-30,15:00:48.831000,13692,13693,13692,6
2020-11-30,15:00:49.202000,13693,13694,13694,5
2020-11-30,15:00:49.841000,13694,13695,13694,1
2020-11-30,15:00:50.285000,13693,13695,13693,4
2020-11-30,15:00:50.477000,13692,13694,13694,1
2020-11-30,15:00:51.316000,13692,13694,13694,1
2020-11-30,15:00:51.318000,13692,13694,13692,2
2020-11-30,15:00:51.689000,13692,13694,13694,2
2020-11-30,15:00:52.231000,13692,13694,13692,1
2020-11-30,15:00:53.839000,13692,13694,13692,2
2020-11-30,15:00:53.895000,13692,13694,13694,1
2020-11-30,15:00:54.317000,13692,13693,13693,1
2020-11-30,15:00:54.697000,13692,13693,13692,30
2020-11-30,15:00:54.698000,13692,13693,13692,1
2020-11-30,15:00:54.698000,13692,13693,13692,1
2020-11-30,15:00:54.698000,13692,13693,13692,1
2020-11-30,15:00:54.698000,13692,13693,13692,1
2020-11-30,15:00:54.698000,13692,13693,13692,44
2020-11-30,15:00:54.781000,13692,13693,13692,2
2020-11-30,15:00:55.437000,13691,13692,13693,1
2020-11-30,15:00:55.721000,13692,13693,13692,1
2020-11-30,15:00:57.329000,13691,13693,13693,1
2020-11-30,15:00:57.578000,13691,13692,13692,2
2020-11-30,15:00:57.894000,13691,13693,13693,1
2020-11-30,15:00:57.985000,13692,13693,13692,1
2020-11-30,15:00:58.185000,13691,13693,13691,1
2020-11-30,15:00:58.610000,13691,13693,13691,1
2020-11-30,15:00:58.639000,13691,13693,13691,5
2020-11-30,15:00:58.718000,13691,13693,13691,4
2020-11-30,15:00:58.910000,13690,13692,13690,1
2020-11-30,15:00:59.631000,13691,13692,13691,1
2020-11-30,15:00:59.631000,13691,13692,13691,1
2020-11-30,15:00:59.881000,13690,13692,13690,2
2020-11-30,15:01:00.018000,13690,13692,13690,1
2020-11-30,15:01:00.027000,13690,13692,13690,1
2020-11-30,15:01:00.040000,13690,13692,13690,1
2020-11-30,15:01:00.080000,13690,13692,13690,2
2020-11-30,15:01:00.081000,13690,13692,13690,1
2020-11-30,15:01:00.087000,13690,13692,13690,1
2020-11-30,15:01:00.088000,13690,13692,13690,1
2020-11-30,15:01:00.102000,13690,13692,13690,1
2020-11-30,15:01:00.102000,13690,13692,13691,1
2020-11-30,15:01:00.112000,13690,13692,13690,1
2020-11-30,15:01:00.247000,13690,13692,13692,1
2020-11-30,15:01:00.344000,13690,13691,13691,1
2020-11-30,15:01:00.509000,13691,13692,13692,1
2020-11-30,15:01:00.594000,13691,13692,13691,1
2020-11-30,15:01:00.594000,13691,13692,13690,1
2020-11-30,15:01:00.618000,13691,13692,13690,2
2020-11-30,15:01:00.619000,13691,13692,13690,1
2020-11-30,15:01:00.621000,13691,13692,13690,3
2020-11-30,15:01:00.626000,13691,13692,13690,1
2020-11-30,15:01:00.630000,13691,13692,13690,1
2020-11-30,15:01:00.632000,13691,13692,13689,1
2020-11-30,15:01:00.633000,13691,13692,13689,2
2020-11-30,15:01:00.638000,13691,13692,13689,1
2020-11-30,15:01:00.648000,13691,13692,13689,1
2020-11-30,15:01:01.014000,13689,13691,13691,1
2020-11-30,15:01:01.074000,13689,13691,13689,1
2020-11-30,15:01:01.486000,13688,13690,13688,1
2020-11-30,15:01:01.502000,13688,13690,13690,1
2020-11-30,15:01:01.856000,13688,13690,13690,1
2020-11-30,15:01:01.991000,13688,13690,13688,1
2020-11-30,15:01:02.184000,13688,13690,13690,1
2020-11-30,15:01:02.187000,13688,13690,13689,1
2020-11-30,15:01:02.198000,13689,13691,13689,1
2020-11-30,15:01:03.359000,13690,13692,13692,1
2020-11-30,15:01:05.125000,13690,13692,13690,1
2020-11-30,15:01:06.360000,13690,13692,13692,1
2020-11-30,15:01:08.673000,13692,13693,13692,5
2020-11-30,15:01:08.699000,13691,13692,13691,1
2020-11-30,15:01:08.699000,13691,13692,13691,1
2020-11-30,15:01:08.832000,13691,13692,13691,2
2020-11-30,15:01:08.883000,13691,13692,13690,1
2020-11-30,15:01:09.124000,13690,13692,13690,1
2020-11-30,15:01:09.304000,13690,13692,13690,1
2020-11-30,15:01:09.358000,13690,13692,13692,1
2020-11-30,15:01:11.461000,13690,13692,13692,3
2020-11-30,15:01:12.082000,13691,13692,13691,5
2020-11-30,15:01:12.122000,13691,13692,13692,1
2020-11-30,15:01:12.356000,13691,13692,13692,1
2020-11-30,15:01:12.744000,13691,13692,13692,1
2020-11-30,15:01:13.095000,13691,13692,13692,1
2020-11-30,15:01:13.272000,13691,13692,13692,1
2020-11-30,15:01:13.759000,13691,13692,13691,2
2020-11-30,15:01:13.759000,13691,13692,13690,3
2020-11-30,15:01:15.356000,13690,13692,13692,1
2020-11-30,15:01:16.513000,13690,13691,13690,1
2020-11-30,15:01:16.662000,13690,13691,13690,1
2020-11-30,15:01:16.888000,13690,13691,13690,1
2020-11-30,15:01:16.889000,13690,13691,13689,5
2020-11-30,15:01:17.031000,13689,13690,13690,2
2020-11-30,15:01:17.074000,13689,13691,13689,1
2020-11-30,15:01:18.140000,13689,13691,13689,5
2020-11-30,15:01:18.141000,13689,13691,13689,1
2020-11-30,15:01:18.141000,13689,13691,13689,1
2020-11-30,15:01:18.141000,13689,13691,13689,3
2020-11-30,15:01:18.355000,13689,13691,13691,1
2020-11-30,15:01:19.031000,13688,13690,13690,1
2020-11-30,15:01:19.031000,13688,13690,13691,2
2020-11-30,15:01:19.073000,13689,13691,13691,1
2020-11-30,15:01:19.226000,13689,13690,13690,1
2020-11-30,15:01:19.284000,13689,13690,13690,1
2020-11-30,15:01:19.396000,13689,13690,13690,1
2020-11-30,15:01:19.544000,13689,13690,13690,1
2020-11-30,15:01:20.427000,13689,13691,13691,1
2020-11-30,15:01:20.956000,13689,13690,13690,1
2020-11-30,15:01:20.959000,13689,13690,13690,1
2020-11-30,15:01:21.071000,13689,13690,13691,1
2020-11-30,15:01:21.199000,13689,13690,13689,1
2020-11-30,15:01:21.354000,13689,13690,13690,1
2020-11-30,15:01:21.391000,13689,13690,13690,1
2020-11-30,15:01:21.599000,13689,13690,13689,1
2020-11-30,15:01:22.579000,13689,13690,13689,1
2020-11-30,15:01:22.579000,13689,13690,13689,1
2020-11-30,15:01:22.579000,13689,13690,13689,1
2020-11-30,15:01:22.579000,13689,13690,13689,1
2020-11-30,15:01:22.814000,13688,13689,13688,2
2020-11-30,15:01:22.814000,13688,13689,13688,10
2020-11-30,15:01:22.841000,13687,13689,13687,1
2020-11-30,15:01:22.925000,13687,13689,13687,1
2020-11-30,15:01:23.032000,13687,13688,13687,1
2020-11-30,15:01:23.408000,13687,13688,13688,2
2020-11-30,15:01:24.071000,13687,13688,13687,5
2020-11-30,15:01:24.072000,13687,13688,13687,7
2020-11-30,15:01:24.072000,13687,13688,13687,9
2020-11-30,15:01:24.354000,13686,13687,13687,1
2020-11-30,15:01:24.488000,13686,13687,13686,2
2020-11-30,15:01:24.488000,13686,13687,13685,7
2020-11-30,15:01:24.488000,13686,13687,13684,11
2020-11-30,15:01:24.489000,13686,13687,13684,1
2020-11-30,15:01:24.489000,13686,13687,13684,1
2020-11-30,15:01:24.489000,13686,13687,13684,8
2020-11-30,15:01:25.271000,13684,13685,13685,1
2020-11-30,15:01:25.417000,13684,13686,13684,1
2020-11-30,15:01:25.729000,13684,13686,13684,2
2020-11-30,15:01:26.121000,13684,13685,13685,1
2020-11-30,15:01:26.200000,13683,13685,13685,1
2020-11-30,15:01:26.628000,13683,13685,13683,1
2020-11-30,15:01:26.849000,13683,13685,13685,1
2020-11-30,15:01:27.353000,13683,13685,13685,1
2020-11-30,15:01:27.460000,13684,13685,13685,1
2020-11-30,15:01:27.998000,13684,13686,13684,1
2020-11-30,15:01:28.090000,13684,13686,13684,2
2020-11-30,15:01:29.582000,13683,13684,13684,1
2020-11-30,15:01:29.593000,13683,13684,13684,3
2020-11-30,15:01:29.909000,13683,13684,13683,1
2020-11-30,15:01:29.997000,13683,13684,13683,1
2020-11-30,15:01:30.135000,13683,13684,13684,2
2020-11-30,15:01:30.307000,13683,13684,13684,6
2020-11-30,15:01:30.369000,13684,13685,13685,1
2020-11-30,15:01:30.903000,13684,13685,13685,2
2020-11-30,15:01:30.930000,13684,13685,13684,2
2020-11-30,15:01:30.934000,13684,13685,13686,2
2020-11-30,15:01:32.080000,13684,13686,13684,1
2020-11-30,15:01:32.254000,13685,13686,13686,1
2020-11-30,15:01:32.432000,13685,13686,13685,1
2020-11-30,15:01:33.111000,13685,13686,13686,1
2020-11-30,15:01:33.386000,13685,13686,13686,1
2020-11-30,15:01:33.906000,13685,13686,13685,5
2020-11-30,15:01:34.730000,13684,13685,13685,11
2020-11-30,15:01:35.157000,13685,13686,13685,3
2020-11-30,15:01:35.963000,13685,13686,13685,2
2020-11-30,15:01:36.367000,13685,13686,13686,1
2020-11-30,15:01:36.400000,13685,13686,13686,1
2020-11-30,15:01:36.431000,13685,13686,13686,3
2020-11-30,15:01:36.587000,13686,13687,13687,3
2020-11-30,15:01:36.845000,13687,13689,13687,1
2020-11-30,15:01:39.297000,13688,13689,13688,1
2020-11-30,15:01:39.324000,13688,13689,13688,1
2020-11-30,15:01:39.324000,13688,13689,13688,1
2020-11-30,15:01:39.325000,13688,13689,13687,1
2020-11-30,15:01:39.325000,13688,13689,13687,1
2020-11-30,15:01:39.325000,13688,13689,13687,1
2020-11-30,15:01:39.325000,13688,13689,13687,1
2020-11-30,15:01:39.415000,13688,13689,13689,1
2020-11-30,15:01:39.504000,13687,13689,13689,1
2020-11-30,15:01:40.790000,13688,13689,13688,1
2020-11-30,15:01:41.666000,13687,13689,13687,1
2020-11-30,15:01:42.412000,13688,13689,13689,1
2020-11-30,15:01:43.102000,13688,13689,13688,1
2020-11-30,15:01:43.214000,13688,13689,13688,1
2020-11-30,15:01:43.333000,13687,13689,13689,3
2020-11-30,15:01:43.536000,13689,13690,13689,1
2020-11-30,15:01:43.724000,13689,13690,13690,1
2020-11-30,15:01:44.050000,13689,13690,13689,6
2020-11-30,15:01:44.050000,13689,13690,13689,1
2020-11-30,15:01:44.277000,13687,13689,13689,1
2020-11-30,15:01:44.339000,13687,13689,13687,1
2020-11-30,15:01:44.998000,13687,13689,13687,4
2020-11-30,15:01:45.411000,13687,13688,13688,1
2020-11-30,15:01:45.483000,13687,13688,13688,1
2020-11-30,15:01:45.873000,13687,13688,13688,1
2020-11-30,15:01:46.310000,13687,13689,13689,5
2020-11-30,15:01:48.410000,13688,13690,13690,1
2020-11-30,15:01:49.527000,13688,13690,13688,1
2020-11-30,15:01:49.638000,13688,13690,13690,9
2020-11-30,15:01:49.924000,13689,13691,13689,6
2020-11-30,15:01:49.924000,13689,13691,13689,3
2020-11-30,15:01:49.924000,13689,13691,13689,1
2020-11-30,15:01:50.356000,13688,13690,13688,1
2020-11-30,15:01:51.071000,13688,13690,13690,1
2020-11-30,15:01:51.410000,13690,13691,13691,1
2020-11-30,15:01:52.043000,13690,13691,13690,1
2020-11-30,15:01:52.078000,13690,13691,13691,5
2020-11-30,15:01:52.276000,13690,13691,13690,1
2020-11-30,15:01:52.738000,13689,13691,13691,1
2020-11-30,15:01:52.889000,13689,13691,13691,5
2020-11-30,15:01:54.410000,13690,13691,13691,1
2020-11-30,15:01:55.609000,13690,13691,13690,1
2020-11-30,15:01:56.232000,13690,13691,13691,1
2020-11-30,15:01:56.232000,13690,13691,13692,2
2020-11-30,15:01:56.628000,13691,13692,13691,1
2020-11-30,15:01:56.895000,13691,13692,13691,1
2020-11-30,15:01:57.032000,13691,13692,13691,4
2020-11-30,15:01:57.032000,13691,13692,13690,4
2020-11-30,15:01:57.321000,13689,13691,13691,1
2020-11-30,15:01:57.321000,13689,13691,13692,3
2020-11-30,15:01:57.408000,13689,13691,13691,1
2020-11-30,15:01:58.413000,13690,13691,13691,1
2020-11-30,15:01:58.764000,13691,13692,13691,4
2020-11-30,15:01:58.764000,13691,13692,13690,1
2020-11-30,15:01:59.893000,13691,13692,13691,3
2020-11-30,15:02:00.143000,13690,13692,13691,1
2020-11-30,15:02:00.408000,13691,13692,13692,1
2020-11-30,15:02:00.900000,13691,13692,13692,5
2020-11-30,15:02:00.901000,13691,13692,13692,1
2020-11-30,15:02:00.911000,13691,13692,13691,1
2020-11-30,15:02:01.756000,13691,13693,13691,4
2020-11-30,15:02:01.757000,13691,13693,13691,6
2020-11-30,15:02:02.698000,13692,13693,13693,6
2020-11-30,15:02:02.928000,13692,13694,13694,1
2020-11-30,15:02:03.124000,13692,13694,13694,1
2020-11-30,15:02:03.408000,13693,13694,13694,1
2020-11-30,15:02:05.356000,13693,13694,13694,2
2020-11-30,15:02:05.374000,13693,13694,13694,14
2020-11-30,15:02:05.698000,13694,13695,13695,19
2020-11-30,15:02:06.175000,13694,13696,13694,1
2020-11-30,15:02:06.323000,13695,13696,13696,5
2020-11-30,15:02:06.422000,13695,13696,13696,1
2020-11-30,15:02:06.422000,13695,13696,13696,7
2020-11-30,15:02:06.886000,13696,13697,13696,1
2020-11-30,15:02:07.147000,13696,13697,13697,3
2020-11-30,15:02:07.300000,13696,13697,13696,1
2020-11-30,15:02:07.712000,13695,13696,13696,1
2020-11-30,15:02:08.108000,13695,13696,13695,1
2020-11-30,15:02:08.131000,13695,13696,13696,2
2020-11-30,15:02:08.579000,13695,13696,13696,1
2020-11-30,15:02:09.044000,13695,13696,13695,1
2020-11-30,15:02:09.131000,13694,13696,13696,1
2020-11-30,15:02:09.437000,13694,13696,13696,1
2020-11-30,15:02:09.570000,13694,13696,13696,1
2020-11-30,15:02:10.073000,13694,13695,13694,2
2020-11-30,15:02:10.759000,13693,13695,13695,1
2020-11-30,15:02:10.886000,13693,13695,13695,1
2020-11-30,15:02:11.749000,13694,13695,13695,1
2020-11-30,15:02:11.800000,13694,13695,13695,2
2020-11-30,15:02:11.936000,13694,13695,13694,1
2020-11-30,15:02:12.503000,13693,13695,13695,1
2020-11-30,15:02:12.910000,13694,13695,13694,1
2020-11-30,15:02:13.689000,13694,13695,13695,1
2020-11-30,15:02:15.049000,13694,13695,13695,6
2020-11-30,15:02:15.514000,13694,13696,13696,1
2020-11-30,15:02:15.866000,13695,13696,13696,1
2020-11-30,15:02:15.980000,13695,13696,13696,5
2020-11-30,15:02:15.981000,13695,13696,13696,2
2020-11-30,15:02:15.981000,13695,13696,13696,2
2020-11-30,15:02:16.038000,13695,13696,13697,2
2020-11-30,15:02:17.836000,13696,13697,13696,1
2020-11-30,15:02:17.951000,13695,13697,13695,1
2020-11-30,15:02:18.272000,13695,13697,13695,1
2020-11-30,15:02:18.528000,13694,13696,13696,1
2020-11-30,15:02:18.868000,13694,13696,13696,1
2020-11-30,15:02:19.309000,13694,13696,13696,1
2020-11-30,15:02:19.644000,13695,13696,13695,1
2020-11-30,15:02:21.422000,13695,13696,13696,1
2020-11-30,15:02:21.543000,13695,13696,13696,1
2020-11-30,15:02:21.824000,13695,13696,13696,1
2020-11-30,15:02:22.060000,13695,13696,13695,1
2020-11-30,15:02:22.435000,13695,13696,13696,1
2020-11-30,15:02:22.435000,13695,13696,13697,2
2020-11-30,15:02:24.075000,13695,13696,13696,1
2020-11-30,15:02:24.206000,13695,13696,13696,1
2020-11-30,15:02:24.558000,13695,13696,13696,1
2020-11-30,15:02:25.079000,13696,13697,13697,1
2020-11-30,15:02:25.663000,13696,13697,13697,14
2020-11-30,15:02:25.792000,13696,13697,13697,1
2020-11-30,15:02:27.151000,13696,13697,13697,4
2020-11-30,15:02:27.197000,13696,13697,13697,2
2020-11-30,15:02:27.198000,13696,13697,13697,3
2020-11-30,15:02:27.292000,13696,13697,13697,4
2020-11-30,15:02:27.557000,13696,13697,13697,1
2020-11-30,15:02:29.212000,13696,13697,13697,1
2020-11-30,15:02:29.381000,13696,13697,13697,2
2020-11-30,15:02:30.213000,13696,13697,13696,1
2020-11-30,15:02:30.437000,13696,13697,13697,1
2020-11-30,15:02:30.444000,13696,13697,13697,1
2020-11-30,15:02:30.574000,13696,13697,13697,1
2020-11-30,15:02:30.574000,13696,13697,13697,4
2020-11-30,15:02:30.979000,13696,13698,13698,4
2020-11-30,15:02:31.078000,13697,13698,13698,5
2020-11-30,15:02:31.078000,13697,13698,13698,15
2020-11-30,15:02:31.275000,13697,13699,13697,1
2020-11-30,15:02:32.355000,13697,13699,13698,1
2020-11-30,15:02:33.588000,13698,13699,13699,1
2020-11-30,15:02:33.708000,13698,13699,13698,2
2020-11-30,15:02:33.858000,13697,13698,13697,1
2020-11-30,15:02:33.998000,13697,13698,13698,1
2020-11-30,15:02:34.099000,13697,13698,13697,1
2020-11-30,15:02:34.476000,13696,13698,13698,1
2020-11-30,15:02:35.020000,13696,13698,13698,1
2020-11-30,15:02:35.109000,13696,13698,13698,4
2020-11-30,15:02:35.288000,13696,13698,13698,1
2020-11-30,15:02:35.385000,13698,13699,13699,1
2020-11-30,15:02:35.451000,13698,13699,13699,1
2020-11-30,15:02:35.451000,13698,13699,13699,7
2020-11-30,15:02:35.624000,13697,13699,13699,1
2020-11-30,15:02:35.715000,13697,13699,13697,5
2020-11-30,15:02:36.357000,13697,13699,13697,1
2020-11-30,15:02:36.602000,13698,13699,13699,1
2020-11-30,15:02:38.406000,13698,13699,13698,1
2020-11-30,15:02:39.602000,13698,13699,13699,1
2020-11-30,15:02:39.726000,13698,13699,13699,7
2020-11-30,15:02:39.726000,13698,13699,13700,3
2020-11-30,15:02:39.999000,13698,13700,13700,1
2020-11-30,15:02:40.084000,13698,13700,13698,1
2020-11-30,15:02:40.165000,13698,13700,13698,1
2020-11-30,15:02:40.767000,13698,13700,13698,1
2020-11-30,15:02:42.597000,13698,13699,13699,3
2020-11-30,15:02:42.597000,13698,13699,13699,1
2020-11-30,15:02:43.945000,13699,13700,13700,1
2020-11-30,15:02:43.944000,13700,13701,13700,1
2020-11-30,15:02:43.945000,13700,13701,13700,15
2020-11-30,15:02:44.057000,13700,13701,13700,1
2020-11-30,15:02:44.058000,13700,13701,13701,1
2020-11-30,15:02:44.406000,13700,13702,13701,1
2020-11-30,15:02:45.616000,13701,13702,13702,1
2020-11-30,15:02:45.616000,13701,13702,13702,7
2020-11-30,15:02:45.617000,13701,13702,13702,1
2020-11-30,15:02:45.617000,13701,13702,13703,4
2020-11-30,15:02:45.754000,13702,13703,13703,1
2020-11-30,15:02:45.754000,13702,13703,13703,2
2020-11-30,15:02:45.824000,13702,13704,13704,1
2020-11-30,15:02:45.824000,13702,13704,13704,2
2020-11-30,15:02:45.879000,13702,13704,13702,7
2020-11-30,15:02:45.879000,13702,13704,13701,3
2020-11-30,15:02:46.423000,13700,13702,13700,1
2020-11-30,15:02:46.570000,13700,13702,13701,1
2020-11-30,15:02:46.822000,13700,13701,13700,2
2020-11-30,15:02:46.995000,13699,13701,13701,1
2020-11-30,15:02:47.535000,13699,13701,13701,1
2020-11-30,15:02:47.575000,13699,13701,13699,1
2020-11-30,15:02:47.854000,13699,13701,13701,2
2020-11-30,15:02:48.497000,13699,13701,13700,1
2020-11-30,15:02:48.631000,13699,13700,13700,1
2020-11-30,15:02:48.778000,13699,13700,13700,1
2020-11-30,15:02:48.958000,13699,13700,13700,1
2020-11-30,15:02:49.013000,13699,13700,13700,1
2020-11-30,15:02:49.057000,13699,13700,13699,2
2020-11-30,15:02:49.058000,13699,13700,13700,1
2020-11-30,15:02:49.613000,13699,13700,13700,4
2020-11-30,15:02:49.874000,13699,13701,13701,1
2020-11-30,15:02:50.749000,13699,13701,13700,1
2020-11-30,15:02:51.648000,13699,13701,13701,1
2020-11-30,15:02:52.311000,13699,13701,13701,1
2020-11-30,15:02:53.730000,13700,13701,13700,2
2020-11-30,15:02:54.661000,13700,13701,13701,1
2020-11-30,15:02:55.004000,13700,13701,13701,1
2020-11-30,15:02:55.273000,13700,13701,13701,7
2020-11-30,15:02:55.273000,13700,13701,13701,1
2020-11-30,15:02:55.273000,13700,13701,13701,1
2020-11-30,15:02:55.274000,13700,13701,13701,1
2020-11-30,15:02:55.763000,13700,13701,13701,4
2020-11-30,15:02:55.985000,13701,13702,13701,1
2020-11-30,15:02:56.712000,13701,13702,13701,1
2020-11-30,15:02:56.969000,13701,13702,13701,1
2020-11-30,15:02:57.072000,13701,13702,13701,1
2020-11-30,15:02:57.247000,13700,13702,13702,5
2020-11-30,15:02:57.372000,13701,13702,13702,5
2020-11-30,15:02:57.372000,13701,13702,13702,1
2020-11-30,15:02:57.373000,13701,13702,13702,5
2020-11-30,15:02:57.675000,13701,13704,13704,1
2020-11-30,15:02:57.928000,13702,13704,13702,1
2020-11-30,15:02:58.889000,13702,13704,13702,1
2020-11-30,15:02:59.081000,13703,13704,13703,1
2020-11-30,15:02:59.324000,13702,13704,13704,4
2020-11-30,15:03:00.057000,13703,13704,13703,1
2020-11-30,15:03:00.061000,13703,13704,13702,2
2020-11-30,15:03:00.061000,13703,13704,13701,1
2020-11-30,15:03:00.154000,13701,13703,13701,5
2020-11-30,15:03:00.172000,13701,13703,13703,1
2020-11-30,15:03:00.186000,13701,13703,13702,1
2020-11-30,15:03:00.577000,13701,13703,13703,2
2020-11-30,15:03:00.690000,13701,13703,13703,1
2020-11-30,15:03:01.123000,13701,13703,13703,1
2020-11-30,15:03:01.143000,13701,13703,13701,1
2020-11-30,15:03:01.269000,13701,13703,13703,1
2020-11-30,15:03:02.417000,13702,13703,13702,1
2020-11-30,15:03:02.573000,13701,13702,13701,1
2020-11-30,15:03:02.678000,13701,13702,13702,1
2020-11-30,15:03:03.689000,13700,13702,13702,1
2020-11-30,15:03:04.015000,13700,13702,13702,1
2020-11-30,15:03:04.499000,13700,13702,13701,1
2020-11-30,15:03:04.602000,13700,13702,13700,1
2020-11-30,15:03:04.955000,13700,13702,13702,1
2020-11-30,15:03:05.519000,13701,13703,13703,5
2020-11-30,15:03:05.519000,13701,13703,13704,5
2020-11-30,15:03:06.649000,13703,13704,13703,1
2020-11-30,15:03:06.689000,13703,13704,13704,1
2020-11-30,15:03:07.522000,13703,13704,13703,1
2020-11-30,15:03:08.021000,13703,13704,13704,1
2020-11-30,15:03:08.784000,13703,13704,13704,2
2020-11-30,15:03:08.947000,13703,13704,13704,1
2020-11-30,15:03:09.034000,13703,13704,13704,1
2020-11-30,15:03:09.688000,13703,13705,13705,1
2020-11-30,15:03:09.906000,13703,13705,13705,1
2020-11-30,15:03:10.115000,13703,13705,13703,1
2020-11-30,15:03:10.742000,13703,13704,13704,6
2020-11-30,15:03:11.429000,13703,13704,13704,1
2020-11-30,15:03:12.327000,13703,13705,13704,2
2020-11-30,15:03:12.687000,13703,13705,13705,1
2020-11-30,15:03:13.426000,13703,13704,13704,1
2020-11-30,15:03:13.427000,13703,13704,13704,1
2020-11-30,15:03:13.497000,13703,13705,13705,4
2020-11-30,15:03:15.129000,13703,13704,13703,8
2020-11-30,15:03:15.198000,13702,13703,13702,6
2020-11-30,15:03:15.384000,13700,13702,13700,2
2020-11-30,15:03:15.403000,13700,13702,13700,3
2020-11-30,15:03:15.416000,13700,13702,13700,2
2020-11-30,15:03:15.428000,13700,13702,13700,1
2020-11-30,15:03:15.428000,13700,13702,13699,1
2020-11-30,15:03:15.686000,13699,13701,13701,1
2020-11-30,15:03:16.024000,13700,13701,13700,1
2020-11-30,15:03:16.502000,13700,13702,13702,3
2020-11-30,15:03:18.609000,13700,13701,13701,1
2020-11-30,15:03:19.644000,13701,13702,13701,1
2020-11-30,15:03:21.685000,13700,13702,13702,1
2020-11-30,15:03:21.897000,13701,13702,13701,2
2020-11-30,15:03:22.843000,13700,13702,13702,2
2020-11-30,15:03:23.448000,13701,13702,13701,2
2020-11-30,15:03:24.685000,13700,13702,13702,1
2020-11-30,15:03:24.843000,13700,13702,13700,1
2020-11-30,15:03:26.341000,13700,13701,13701,1
2020-11-30,15:03:26.481000,13700,13701,13700,1
2020-11-30,15:03:27.228000,13700,13701,13701,3
2020-11-30,15:03:27.685000,13701,13702,13702,1
2020-11-30,15:03:28.698000,13701,13702,13701,2
2020-11-30,15:03:29.928000,13700,13701,13701,1
2020-11-30,15:03:30.683000,13700,13701,13701,1
2020-11-30,15:03:30.785000,13700,13701,13701,1
2020-11-30,15:03:30.785000,13700,13701,13701,3
2020-11-30,15:03:32.596000,13700,13701,13701,1
2020-11-30,15:03:32.927000,13700,13701,13701,2
2020-11-30,15:03:33.683000,13700,13701,13701,1
2020-11-30,15:03:34.077000,13700,13701,13700,14
2020-11-30,15:03:34.078000,13700,13701,13700,1
2020-11-30,15:03:34.078000,13700,13701,13700,1
2020-11-30,15:03:34.078000,13700,13701,13700,1
2020-11-30,15:03:34.078000,13700,13701,13700,5
2020-11-30,15:03:34.078000,13700,13701,13700,1
2020-11-30,15:03:34.078000,13700,13701,13700,7
2020-11-30,15:03:34.078000,13700,13701,13700,6
2020-11-30,15:03:34.573000,13699,13700,13699,11
2020-11-30,15:03:34.867000,13698,13699,13699,1
2020-11-30,15:03:35.301000,13699,13700,13700,1
2020-11-30,15:03:36.176000,13699,13700,13699,1
2020-11-30,15:03:36.698000,13698,13700,13700,1
2020-11-30,15:03:36.925000,13698,13700,13698,1
2020-11-30,15:03:38.390000,13698,13699,13698,1
2020-11-30,15:03:38.862000,13698,13699,13698,1
2020-11-30,15:03:39.696000,13698,13699,13699,1
2020-11-30,15:03:39.933000,13698,13699,13698,2
2020-11-30,15:03:40.285000,13698,13699,13699,3
2020-11-30,15:03:41.465000,13699,13700,13700,6
2020-11-30,15:03:42.488000,13700,13701,13701,6
2020-11-30,15:03:42.713000,13701,13702,13702,1
2020-11-30,15:03:42.871000,13701,13702,13701,1
2020-11-30,15:03:44.038000,13701,13702,13701,1
2020-11-30,15:03:44.418000,13701,13702,13702,5
2020-11-30,15:03:44.466000,13701,13703,13702,1
2020-11-30,15:03:45.198000,13702,13703,13703,2
2020-11-30,15:03:45.726000,13702,13704,13704,1
2020-11-30,15:03:47.069000,13702,13704,13702,1
2020-11-30,15:03:48.741000,13702,13703,13703,1
2020-11-30,15:03:49.563000,13702,13703,13704,1
2020-11-30,15:03:51.421000,13702,13703,13702,1
2020-11-30,15:03:51.740000,13702,13703,13703,1
2020-11-30,15:03:52.378000,13701,13703,13703,1
2020-11-30,15:03:53.487000,13701,13702,13702,1
2020-11-30,15:03:54.648000,13702,13704,13703,1
2020-11-30,15:03:54.740000,13703,13704,13704,1
2020-11-30,15:03:55.398000,13702,13704,13702,1
2020-11-30,15:03:55.434000,13702,13704,13702,1
2020-11-30,15:03:55.608000,13702,13704,13704,1
2020-11-30,15:03:55.910000,13702,13704,13704,1
2020-11-30,15:03:55.919000,13702,13704,13704,1
2020-11-30,15:03:55.965000,13703,13704,13703,1
2020-11-30,15:03:57.739000,13702,13704,13704,1
2020-11-30,15:03:58.747000,13703,13704,13704,3
2020-11-30,15:04:00.272000,13703,13705,13705,4
2020-11-30,15:04:00.362000,13703,13705,13704,1
2020-11-30,15:04:00.738000,13703,13705,13705,1
2020-11-30,15:04:00.879000,13703,13705,13703,1
2020-11-30,15:04:02.408000,13703,13704,13704,3
2020-11-30,15:04:02.411000,13703,13704,13704,7
2020-11-30,15:04:03.349000,13703,13704,13704,4
2020-11-30,15:04:03.573000,13703,13704,13704,1
2020-11-30,15:04:03.737000,13703,13705,13705,1
2020-11-30,15:04:04.001000,13703,13705,13705,1
2020-11-30,15:04:05.081000,13704,13705,13704,2
2020-11-30,15:04:06.509000,13703,13705,13705,1
2020-11-30,15:04:06.737000,13704,13705,13705,1
2020-11-30,15:04:06.765000,13704,13705,13705,1
2020-11-30,15:04:07.726000,13704,13705,13705,1
2020-11-30,15:04:09.331000,13704,13705,13704,1
2020-11-30,15:04:09.647000,13703,13705,13705,4
2020-11-30,15:04:09.737000,13704,13705,13705,1
2020-11-30,15:04:12.735000,13704,13706,13706,1
2020-11-30,15:04:13.215000,13705,13706,13705,1
2020-11-30,15:04:14.588000,13705,13706,13706,3
2020-11-30,15:04:14.881000,13705,13706,13706,1
2020-11-30,15:04:14.881000,13705,13706,13706,11
2020-11-30,15:04:15.736000,13706,13707,13707,1
2020-11-30,15:04:15.865000,13706,13707,13707,1
2020-11-30,15:04:15.880000,13706,13707,13707,5
2020-11-30,15:04:15.881000,13706,13707,13707,4
2020-11-30,15:04:15.881000,13706,13707,13707,1
2020-11-30,15:04:16.121000,13706,13708,13708,1
2020-11-30,15:04:16.137000,13706,13708,13706,1
2020-11-30,15:04:16.261000,13706,13708,13708,2
2020-11-30,15:04:16.899000,13707,13708,13708,1
2020-11-30,15:04:17.436000,13707,13708,13707,1
2020-11-30,15:04:17.858000,13706,13707,13707,1
2020-11-30,15:04:17.893000,13706,13707,13707,1
2020-11-30,15:04:18.501000,13707,13708,13708,1
2020-11-30,15:04:18.735000,13707,13708,13708,1
2020-11-30,15:04:20.329000,13707,13708,13708,1
2020-11-30,15:04:20.814000,13707,13708,13708,1
2020-11-30,15:04:21.010000,13707,13708,13708,2
2020-11-30,15:04:21.011000,13707,13708,13708,7
2020-11-30,15:04:21.246000,13708,13709,13709,5
2020-11-30,15:04:21.246000,13708,13709,13710,3
2020-11-30,15:04:21.288000,13708,13709,13710,1
2020-11-30,15:04:21.288000,13708,13709,13708,1
2020-11-30,15:04:21.367000,13708,13709,13709,1
2020-11-30,15:04:21.367000,13708,13709,13710,4
2020-11-30,15:04:21.484000,13708,13710,13710,1
2020-11-30,15:04:21.734000,13708,13710,13710,1
2020-11-30,15:04:22.564000,13709,13710,13710,2
2020-11-30,15:04:22.602000,13710,13711,13711,2
2020-11-30,15:04:22.728000,13710,13711,13711,3
2020-11-30,15:04:22.777000,13710,13711,13712,2
2020-11-30,15:04:23.188000,13710,13712,13710,1
2020-11-30,15:04:23.198000,13709,13711,13709,6
2020-11-30,15:04:23.342000,13708,13710,13708,1
2020-11-30,15:04:23.436000,13708,13710,13708,1
2020-11-30,15:04:23.620000,13708,13710,13708,1
2020-11-30,15:04:24.030000,13708,13709,13709,1
2020-11-30,15:04:24.175000,13708,13709,13709,1
2020-11-30,15:04:24.732000,13708,13710,13710,1
2020-11-30,15:04:24.851000,13708,13710,13710,1
2020-11-30,15:04:24.946000,13708,13710,13710,1
2020-11-30,15:04:25.057000,13708,13710,13710,1
2020-11-30,15:04:25.186000,13708,13710,13710,1
2020-11-30,15:04:25.339000,13708,13709,13709,1
2020-11-30,15:04:25.520000,13709,13710,13710,1
2020-11-30,15:04:25.948000,13709,13710,13709,3
2020-11-30,15:04:25.948000,13709,13710,13709,1
2020-11-30,15:04:26.334000,13708,13709,13709,1
2020-11-30,15:04:27.733000,13708,13709,13709,1
2020-11-30,15:04:27.971000,13708,13709,13708,8
2020-11-30,15:04:28.504000,13707,13709,13708,1
2020-11-30,15:04:29.069000,13707,13708,13708,2
2020-11-30,15:04:29.071000,13707,13708,13708,3
2020-11-30,15:04:29.679000,13707,13709,13709,1
2020-11-30,15:04:30.731000,13707,13709,13709,1
2020-11-30,15:04:30.822000,13707,13709,13709,2
2020-11-30,15:04:31.480000,13707,13709,13707,1
2020-11-30,15:04:31.534000,13707,13709,13708,1
2020-11-30,15:04:31.535000,13707,13709,13707,4
2020-11-30,15:04:31.861000,13707,13708,13707,2
2020-11-30,15:04:32.065000,13706,13708,13708,1
2020-11-30,15:04:32.997000,13706,13708,13706,2
2020-11-30,15:04:33.731000,13705,13707,13707,1
2020-11-30,15:04:34.253000,13705,13707,13705,1
2020-11-30,15:04:34.553000,13705,13707,13705,1
2020-11-30,15:04:36.527000,13705,13706,13705,1
2020-11-30,15:04:36.730000,13705,13706,13706,1
2020-11-30,15:04:37.581000,13705,13707,13705,1
2020-11-30,15:04:38.992000,13705,13707,13705,1
2020-11-30,15:04:39.479000,13706,13707,13707,1
2020-11-30,15:04:39.729000,13706,13708,13708,1
2020-11-30,15:04:41.390000,13707,13708,13708,1
2020-11-30,15:04:42.661000,13707,13709,13709,1
2020-11-30,15:04:42.744000,13707,13709,13709,1
2020-11-30,15:04:43.735000,13708,13709,13708,1
2020-11-30,15:04:44.125000,13707,13709,13707,1
2020-11-30,15:04:45.974000,13706,13707,13707,1
2020-11-30,15:04:48.141000,13707,13708,13707,1
2020-11-30,15:04:48.720000,13706,13708,13708,4
2020-11-30,15:04:49.818000,13706,13707,13707,1
2020-11-30,15:04:49.818000,13706,13707,13707,1
2020-11-30,15:04:49.818000,13706,13707,13707,1
2020-11-30,15:04:49.818000,13706,13707,13707,1
2020-11-30,15:04:49.818000,13706,13707,13707,1
2020-11-30,15:04:50.893000,13707,13708,13708,5
2020-11-30,15:04:50.894000,13707,13708,13708,6
2020-11-30,15:04:50.986000,13707,13709,13709,1
2020-11-30,15:04:52.736000,13707,13708,13708,1
2020-11-30,15:04:54.206000,13707,13708,13708,1
2020-11-30,15:04:54.207000,13707,13708,13708,1
2020-11-30,15:04:54.207000,13707,13708,13708,1
2020-11-30,15:04:54.207000,13707,13708,13708,1
2020-11-30,15:04:54.207000,13707,13708,13708,1
2020-11-30,15:04:55.109000,13708,13709,13709,2
2020-11-30,15:04:56.920000,13708,13709,13709,1
2020-11-30,15:04:56.999000,13708,13709,13708,1
2020-11-30,15:04:56.999000,13708,13709,13707,1
2020-11-30,15:04:57.245000,13707,13709,13709,1
2020-11-30,15:04:57.678000,13707,13709,13707,1
2020-11-30,15:04:58.704000,13707,13708,13708,1
2020-11-30,15:04:58.900000,13708,13709,13708,4
2020-11-30,15:05:00.039000,13706,13708,13708,1
2020-11-30,15:05:00.538000,13706,13708,13708,1
2020-11-30,15:05:00.991000,13706,13708,13706,4
2020-11-30,15:05:02.630000,13707,13708,13708,1
2020-11-30,15:05:03.211000,13707,13708,13708,5
2020-11-30,15:05:03.230000,13707,13708,13708,1
2020-11-30,15:05:03.230000,13707,13708,13709,4
2020-11-30,15:05:03.513000,13707,13709,13709,3
2020-11-30,15:05:03.544000,13707,13709,13707,1
2020-11-30,15:05:03.566000,13707,13709,13707,1
2020-11-30,15:05:03.636000,13707,13709,13707,1
2020-11-30,15:05:03.649000,13707,13709,13707,1
2020-11-30,15:05:03.657000,13707,13709,13707,1
2020-11-30,15:05:03.711000,13706,13708,13706,1
2020-11-30,15:05:03.713000,13706,13708,13706,1
2020-11-30,15:05:04.342000,13706,13708,13706,1
2020-11-30,15:05:04.760000,13706,13708,13708,1
2020-11-30,15:05:04.951000,13706,13708,13706,1
2020-11-30,15:05:06.408000,13706,13708,13708,4
2020-11-30,15:05:07.766000,13707,13709,13707,1
2020-11-30,15:05:12.008000,13706,13708,13706,15
2020-11-30,15:05:12.008000,13706,13708,13705,10
2020-11-30,15:05:12.201000,13705,13706,13705,2
2020-11-30,15:05:12.767000,13705,13706,13706,1
2020-11-30,15:05:12.890000,13705,13707,13707,1
2020-11-30,15:05:14.593000,13706,13708,13706,1
2020-11-30,15:05:15.414000,13706,13708,13708,1
2020-11-30,15:05:19.226000,13706,13708,13708,1
2020-11-30,15:05:19.325000,13706,13708,13706,1
2020-11-30,15:05:20.700000,13705,13707,13707,1
2020-11-30,15:05:24.443000,13705,13707,13705,1
2020-11-30,15:05:24.971000,13706,13707,13707,1
2020-11-30,15:05:26.604000,13706,13707,13706,1
2020-11-30,15:05:27.058000,13705,13706,13705,5
2020-11-30,15:05:27.523000,13705,13706,13705,1
2020-11-30,15:05:27.523000,13705,13706,13705,4
2020-11-30,15:05:31.542000,13704,13706,13704,1
2020-11-30,15:05:31.567000,13704,13706,13704,1
2020-11-30,15:05:31.582000,13704,13706,13704,1
2020-11-30,15:05:31.599000,13704,13706,13704,2
2020-11-30,15:05:33.255000,13704,13705,13704,1
2020-11-30,15:05:34.105000,13704,13705,13704,1
2020-11-30,15:05:35.856000,13704,13705,13704,1
2020-11-30,15:05:36.258000,13704,13705,13705,1
2020-11-30,15:05:38.285000,13704,13705,13705,1
2020-11-30,15:05:40.415000,13704,13705,13705,1
2020-11-30,15:05:44.917000,13704,13705,13705,6
2020-11-30,15:05:44.918000,13704,13705,13706,6
2020-11-30,15:05:44.983000,13705,13707,13705,1
2020-11-30,15:05:45.988000,13706,13707,13706,1
2020-11-30,15:05:49.322000,13706,13707,13707,2
2020-11-30,15:05:49.740000,13707,13708,13707,3
2020-11-30,15:05:50.873000,13706,13708,13708,2
2020-11-30,15:05:56.006000,13707,13708,13708,4
2020-11-30,15:05:56.651000,13707,13708,13707,2
2020-11-30,15:06:02.276000,13706,13707,13706,1
2020-11-30,15:06:02.292000,13706,13707,13707,4
2020-11-30,15:06:02.522000,13706,13708,13708,3
2020-11-30,15:06:02.559000,13706,13708,13708,1
2020-11-30,15:06:02.573000,13707,13708,13708,1
2020-11-30,15:06:02.574000,13707,13708,13708,1
2020-11-30,15:06:02.614000,13707,13708,13709,3
2020-11-30,15:06:02.616000,13707,13708,13709,1
2020-11-30,15:06:02.619000,13707,13708,13709,1
2020-11-30,15:06:02.626000,13707,13708,13709,1
2020-11-30,15:06:02.638000,13707,13708,13709,4
2020-11-30,15:06:02.638000,13707,13708,13709,1
2020-11-30,15:06:02.639000,13707,13708,13709,1
2020-11-30,15:06:02.669000,13707,13708,13710,1
2020-11-30,15:06:02.677000,13707,13708,13710,1
2020-11-30,15:06:02.725000,13709,13710,13710,1
2020-11-30,15:06:02.783000,13709,13710,13710,1
2020-11-30,15:06:02.784000,13709,13710,13710,3
2020-11-30,15:06:02.784000,13709,13710,13710,14
2020-11-30,15:06:02.816000,13709,13710,13711,1
2020-11-30,15:06:02.837000,13710,13711,13710,1
2020-11-30,15:06:02.863000,13710,13711,13711,1
2020-11-30,15:06:02.903000,13710,13711,13710,1
2020-11-30,15:06:02.916000,13710,13711,13711,1
2020-11-30,15:06:02.983000,13710,13711,13711,1
2020-11-30,15:06:03.046000,13710,13711,13710,1
2020-11-30,15:06:03.074000,13710,13711,13711,1
2020-11-30,15:06:03.294000,13710,13711,13711,1
2020-11-30,15:06:03.339000,13710,13711,13711,1
2020-11-30,15:06:03.645000,13710,13711,13711,1
2020-11-30,15:06:03.708000,13710,13711,13711,1
2020-11-30,15:06:04.912000,13710,13711,13710,1
2020-11-30,15:06:06.045000,13710,13711,13710,4
2020-11-30,15:06:06.045000,13710,13711,13709,3
2020-11-30,15:06:09.697000,13709,13710,13709,1
2020-11-30,15:06:09.825000,13708,13710,13710,1
2020-11-30,15:06:09.838000,13708,13710,13710,2
2020-11-30,15:06:10.333000,13709,13711,13709,1
2020-11-30,15:06:11.233000,13709,13710,13709,1
2020-11-30,15:06:12.654000,13709,13710,13710,2
2020-11-30,15:06:13.185000,13709,13710,13709,2
2020-11-30,15:06:13.996000,13709,13710,13710,1
2020-11-30,15:06:16.144000,13710,13711,13711,1
2020-11-30,15:06:16.145000,13710,13711,13711,3
2020-11-30,15:06:16.478000,13711,13712,13711,1
2020-11-30,15:06:17.190000,13711,13712,13711,1
2020-11-30,15:06:19.662000,13710,13711,13711,1
2020-11-30,15:06:19.731000,13711,13712,13711,1
2020-11-30,15:06:20.144000,13711,13712,13711,1
2020-11-30,15:06:20.600000,13710,13711,13711,1
2020-11-30,15:06:20.600000,13710,13711,13712,1
2020-11-30,15:06:20.729000,13710,13712,13712,5
2020-11-30,15:06:20.857000,13711,13712,13712,1
2020-11-30,15:06:21.705000,13711,13712,13711,1
2020-11-30,15:06:22.227000,13710,13712,13712,2
2020-11-30,15:06:23.689000,13710,13712,13712,1
2020-11-30,15:06:26.498000,13712,13713,13713,1
2020-11-30,15:06:26.600000,13712,13713,13713,2
2020-11-30,15:06:26.689000,13712,13713,13714,1
2020-11-30,15:06:26.693000,13712,13713,13714,1
2020-11-30,15:06:26.730000,13713,13714,13714,1
2020-11-30,15:06:26.867000,13713,13715,13713,1
2020-11-30,15:06:27.694000,13713,13715,13713,4
2020-11-30,15:06:27.699000,13713,13715,13715,1
2020-11-30,15:06:27.699000,13713,13715,13715,1
2020-11-30,15:06:27.700000,13713,13715,13715,1
2020-11-30,15:06:27.700000,13713,13715,13715,1
2020-11-30,15:06:27.700000,13713,13715,13715,1
2020-11-30,15:06:27.701000,13713,13715,13715,1
2020-11-30,15:06:27.965000,13713,13715,13715,1
2020-11-30,15:06:28.053000,13713,13715,13715,1
2020-11-30,15:06:29.257000,13714,13715,13715,5
2020-11-30,15:06:29.416000,13714,13715,13714,1
2020-11-30,15:06:29.823000,13713,13714,13713,1
2020-11-30,15:06:31.254000,13713,13715,13714,1
2020-11-30,15:06:31.846000,13713,13714,13714,1
2020-11-30,15:06:32.495000,13713,13714,13714,1
2020-11-30,15:06:32.908000,13713,13714,13714,1
2020-11-30,15:06:33.596000,13713,13714,13714,1
2020-11-30,15:06:34.493000,13713,13714,13713,1
2020-11-30,15:06:34.556000,13713,13714,13714,1
2020-11-30,15:06:34.860000,13713,13714,13714,1
2020-11-30,15:06:36.135000,13713,13714,13714,1
2020-11-30,15:06:36.222000,13713,13714,13713,4
2020-11-30,15:06:36.615000,13713,13714,13714,1
2020-11-30,15:06:38.940000,13713,13714,13714,1
2020-11-30,15:06:39.726000,13713,13714,13714,1
2020-11-30,15:06:41.510000,13713,13714,13714,2
2020-11-30,15:06:41.703000,13713,13714,13714,1
2020-11-30,15:06:41.893000,13713,13714,13714,1
2020-11-30,15:06:44.460000,13713,13714,13714,1
2020-11-30,15:06:45.113000,13713,13714,13714,1
2020-11-30,15:06:45.767000,13713,13714,13713,1
2020-11-30,15:06:46.586000,13713,13714,13714,1
2020-11-30,15:06:48.355000,13713,13714,13713,1
2020-11-30,15:06:49.076000,13713,13714,13714,1
2020-11-30,15:06:49.365000,13713,13714,13713,15
2020-11-30,15:06:49.665000,13712,13713,13713,2
2020-11-30,15:06:50.053000,13712,13713,13713,1
2020-11-30,15:06:50.239000,13712,13713,13712,3
2020-11-30,15:06:50.261000,13712,13713,13712,2
2020-11-30,15:06:50.721000,13712,13713,13713,1
2020-11-30,15:06:51.167000,13712,13713,13712,1
2020-11-30,15:06:51.856000,13712,13713,13712,1
2020-11-30,15:06:53.479000,13712,13713,13712,1
2020-11-30,15:06:53.480000,13712,13713,13712,6
2020-11-30,15:06:53.480000,13712,13713,13712,8
2020-11-30,15:06:56.048000,13711,13712,13711,1
2020-11-30,15:06:56.048000,13711,13712,13711,2
2020-11-30,15:06:57.516000,13710,13711,13711,1
2020-11-30,15:06:57.516000,13710,13711,13712,4
2020-11-30,15:06:58.077000,13710,13711,13710,4
2020-11-30,15:06:58.608000,13710,13711,13711,1
2020-11-30,15:06:59.435000,13710,13711,13710,1
2020-11-30,15:06:59.828000,13710,13711,13711,1
2020-11-30,15:07:00.057000,13711,13712,13711,1
2020-11-30,15:07:00.563000,13710,13712,13711,1
2020-11-30,15:07:01.775000,13710,13711,13711,5
2020-11-30,15:07:03.002000,13710,13711,13710,2
2020-11-30,15:07:03.002000,13710,13711,13709,3
2020-11-30,15:07:03.615000,13709,13711,13711,1
2020-11-30,15:07:04.669000,13709,13710,13709,2
2020-11-30,15:07:04.765000,13709,13710,13710,1
2020-11-30,15:07:05.926000,13710,13711,13711,2
2020-11-30,15:07:13.871000,13711,13712,13711,5
2020-11-30,15:07:13.873000,13711,13712,13711,5
2020-11-30,15:07:18.624000,13710,13711,13710,1
2020-11-30,15:07:23.485000,13710,13711,13711,1
2020-11-30,15:07:23.695000,13710,13711,13711,1
2020-11-30,15:07:23.880000,13710,13711,13711,1
2020-11-30,15:07:24.268000,13710,13711,13711,1
2020-11-30,15:07:24.499000,13710,13711,13711,1
2020-11-30,15:07:24.842000,13710,13712,13712,1
2020-11-30,15:07:24.923000,13710,13712,13712,1
2020-11-30,15:07:25.185000,13710,13711,13711,1
2020-11-30,15:07:25.509000,13710,13711,13711,1
2020-11-30,15:07:27.525000,13710,13711,13710,1
2020-11-30,15:07:28.779000,13710,13711,13710,3
2020-11-30,15:07:29.354000,13709,13710,13710,1
2020-11-30,15:07:30.208000,13709,13710,13710,5
2020-11-30,15:07:30.883000,13709,13710,13709,5
2020-11-30,15:07:32.753000,13709,13710,13709,1
2020-11-30,15:07:34.396000,13709,13710,13710,4
2020-11-30,15:07:35.124000,13710,13711,13710,6
2020-11-30,15:07:40.689000,13709,13710,13709,9
2020-11-30,15:07:40.689000,13709,13710,13708,1
2020-11-30,15:07:42.320000,13708,13709,13708,1
2020-11-30,15:07:42.321000,13708,13709,13708,6
2020-11-30,15:07:45.794000,13707,13708,13708,1
2020-11-30,15:07:46.192000,13707,13709,13707,1
2020-11-30,15:07:47.644000,13707,13708,13707,1
2020-11-30,15:07:47.665000,13707,13708,13708,1
2020-11-30,15:07:48.348000,13707,13709,13707,1
2020-11-30,15:07:48.412000,13707,13709,13707,4
2020-11-30,15:07:49.980000,13706,13707,13707,1
2020-11-30,15:07:50.969000,13706,13707,13707,4
2020-11-30,15:07:53.589000,13706,13707,13707,1
2020-11-30,15:07:55.922000,13706,13707,13706,1
2020-11-30,15:07:56.064000,13706,13707,13706,2
2020-11-30,15:07:56.228000,13705,13706,13706,3
2020-11-30,15:07:57.494000,13705,13706,13706,5
2020-11-30,15:07:57.933000,13705,13707,13705,10
2020-11-30,15:07:58.017000,13705,13706,13705,1
2020-11-30,15:07:58.067000,13705,13706,13705,2
2020-11-30,15:07:58.114000,13705,13706,13706,1
2020-11-30,15:08:01.831000,13706,13707,13706,1
2020-11-30,15:08:02.015000,13706,13707,13706,1
2020-11-30,15:08:02.406000,13705,13706,13705,1
2020-11-30,15:08:02.764000,13705,13706,13705,1
2020-11-30,15:08:03.327000,13705,13706,13705,1
2020-11-30,15:08:03.992000,13705,13706,13705,4
2020-11-30,15:08:03.992000,13705,13706,13704,6
2020-11-30,15:08:04.381000,13703,13705,13703,1
2020-11-30,15:08:05.796000,13703,13704,13704,5
2020-11-30,15:08:06.450000,13703,13704,13704,2
2020-11-30,15:08:07.773000,13703,13705,13704,1
2020-11-30,15:08:08.490000,13704,13705,13704,1
2020-11-30,15:08:08.618000,13704,13705,13704,1
2020-11-30,15:08:08.726000,13704,13705,13704,2
2020-11-30,15:08:08.726000,13704,13705,13704,1
2020-11-30,15:08:09.567000,13703,13704,13704,1
2020-11-30,15:08:09.872000,13704,13705,13704,1
2020-11-30,15:08:11.408000,13704,13705,13704,10
2020-11-30,15:08:16.766000,13704,13705,13704,1
2020-11-30,15:08:18.581000,13704,13705,13704,7
2020-11-30,15:08:18.581000,13704,13705,13703,3
2020-11-30,15:08:20.533000,13703,13705,13703,1
2020-11-30,15:08:22.341000,13703,13704,13703,1
2020-11-30,15:08:22.588000,13703,13704,13703,4
2020-11-30,15:08:23.349000,13702,13703,13703,1
2020-11-30,15:08:24.626000,13702,13703,13703,1
2020-11-30,15:08:24.722000,13703,13704,13703,1
2020-11-30,15:08:24.722000,13703,13704,13702,9
2020-11-30,15:08:25.777000,13701,13703,13701,1
2020-11-30,15:08:28.496000,13701,13702,13702,1
2020-11-30,15:08:29.551000,13701,13703,13703,1
2020-11-30,15:08:29.677000,13701,13703,13702,1
2020-11-30,15:08:29.994000,13702,13703,13702,5
2020-11-30,15:08:31.199000,13701,13703,13701,10
2020-11-30,15:08:31.966000,13700,13702,13702,1
2020-11-30,15:08:32.353000,13700,13702,13700,2
2020-11-30,15:08:32.685000,13700,13702,13700,1
2020-11-30,15:08:32.907000,13700,13702,13702,1
2020-11-30,15:08:33.514000,13701,13703,13701,1
2020-11-30,15:08:33.976000,13701,13703,13701,1
2020-11-30,15:08:34.772000,13700,13702,13702,1
2020-11-30,15:08:35.334000,13700,13702,13700,1
2020-11-30,15:08:38.574000,13700,13701,13701,1
2020-11-30,15:08:38.984000,13700,13701,13700,10
2020-11-30,15:08:38.985000,13700,13701,13700,2
2020-11-30,15:08:39.095000,13699,13700,13700,1
2020-11-30,15:08:42.159000,13698,13700,13698,1
2020-11-30,15:08:42.229000,13698,13700,13698,1
2020-11-30,15:08:43.559000,13698,13699,13698,2
2020-11-30,15:08:43.559000,13698,13699,13697,3
2020-11-30,15:08:44.452000,13697,13698,13698,1
2020-11-30,15:08:44.453000,13697,13698,13698,1
2020-11-30,15:08:45.144000,13697,13699,13697,1
2020-11-30,15:08:46.501000,13697,13698,13698,1
2020-11-30,15:08:47.137000,13697,13698,13698,1
2020-11-30,15:08:47.528000,13697,13699,13697,1
2020-11-30,15:08:48.557000,13697,13699,13697,2
2020-11-30,15:08:50.738000,13697,13698,13697,1
2020-11-30,15:08:50.828000,13697,13698,13698,1
2020-11-30,15:08:52.524000,13697,13698,13697,1
2020-11-30,15:08:53.118000,13696,13698,13697,5
2020-11-30,15:08:53.229000,13696,13698,13698,8
2020-11-30,15:08:53.230000,13696,13698,13698,1
2020-11-30,15:08:53.591000,13697,13699,13697,1
2020-11-30,15:08:54.210000,13698,13699,13698,3
2020-11-30,15:08:54.210000,13698,13699,13697,1
2020-11-30,15:08:55.360000,13697,13699,13697,1
2020-11-30,15:08:55.525000,13697,13699,13697,2
2020-11-30,15:08:55.563000,13697,13699,13697,1
2020-11-30,15:08:56.192000,13697,13699,13697,1
2020-11-30,15:08:57.192000,13697,13699,13697,1
2020-11-30,15:08:58.420000,13698,13699,13698,6
2020-11-30,15:08:58.420000,13698,13699,13697,4
2020-11-30,15:08:59.100000,13697,13699,13697,1
2020-11-30,15:09:02.304000,13698,13699,13699,6
2020-11-30,15:09:02.354000,13699,13700,13699,1
2020-11-30,15:09:03.838000,13699,13700,13699,1
2020-11-30,15:09:06.298000,13699,13700,13700,2
2020-11-30,15:09:06.299000,13699,13700,13700,4
2020-11-30,15:09:06.299000,13699,13700,13700,1
2020-11-30,15:09:06.299000,13699,13700,13700,1
2020-11-30,15:09:06.299000,13699,13700,13700,5
2020-11-30,15:09:06.299000,13699,13700,13700,5
2020-11-30,15:09:08.529000,13700,13701,13701,1
2020-11-30,15:09:09.241000,13700,13701,13701,1
2020-11-30,15:09:09.244000,13700,13701,13701,1
2020-11-30,15:09:10.075000,13701,13702,13702,1
2020-11-30,15:09:10.813000,13701,13702,13702,1
2020-11-30,15:09:10.923000,13701,13702,13702,1
2020-11-30,15:09:12.526000,13701,13703,13701,1
2020-11-30,15:09:16.610000,13701,13702,13701,1
2020-11-30,15:09:19.633000,13700,13702,13700,2
2020-11-30,15:09:20.638000,13701,13702,13701,1
2020-11-30,15:09:22.137000,13701,13702,13701,2
2020-11-30,15:09:22.139000,13701,13702,13701,3
2020-11-30,15:09:25.388000,13700,13701,13701,2
2020-11-30,15:09:26.993000,13701,13702,13701,2
2020-11-30,15:09:27.284000,13701,13702,13701,7
2020-11-30,15:09:34.173000,13700,13701,13701,1
2020-11-30,15:09:34.679000,13700,13701,13701,2
2020-11-30,15:09:37.348000,13701,13702,13701,3
2020-11-30,15:09:43.176000,13701,13702,13702,1
2020-11-30,15:09:43.827000,13701,13703,13701,1
2020-11-30,15:09:45.873000,13701,13703,13701,1
2020-11-30,15:09:47.792000,13701,13703,13703,1
2020-11-30,15:09:48.873000,13701,13703,13703,1
2020-11-30,15:09:55.269000,13701,13703,13703,2
2020-11-30,15:09:55.384000,13701,13703,13701,1
2020-11-30,15:09:57.960000,13702,13703,13703,3
2020-11-30,15:10:01.977000,13703,13704,13704,1
2020-11-30,15:10:02.254000,13703,13704,13703,1
2020-11-30,15:10:02.464000,13703,13704,13704,1
2020-11-30,15:10:02.584000,13704,13705,13704,1
2020-11-30,15:10:02.642000,13704,13705,13704,1
2020-11-30,15:10:04.104000,13704,13705,13704,2
2020-11-30,15:10:04.544000,13704,13705,13705,2
2020-11-30,15:10:04.923000,13704,13705,13705,2
2020-11-30,15:10:04.923000,13704,13705,13706,2
2020-11-30,15:10:04.973000,13704,13706,13706,1
2020-11-30,15:10:07.072000,13704,13705,13705,1
2020-11-30,15:10:07.418000,13704,13705,13705,4
2020-11-30,15:10:11.620000,13705,13706,13705,1
2020-11-30,15:10:13.958000,13705,13706,13706,1
2020-11-30,15:10:15.725000,13705,13706,13706,1
2020-11-30,15:10:17.433000,13705,13706,13706,2
2020-11-30,15:10:17.524000,13705,13706,13706,1
2020-11-30,15:10:19.370000,13705,13706,13706,1
2020-11-30,15:10:20.639000,13705,13706,13705,16
2020-11-30,15:10:20.640000,13705,13706,13705,1
2020-11-30,15:10:20.640000,13705,13706,13705,1
2020-11-30,15:10:20.640000,13705,13706,13705,1
2020-11-30,15:10:20.640000,13705,13706,13705,1
2020-11-30,15:10:20.640000,13705,13706,13705,1
2020-11-30,15:10:21.918000,13704,13705,13705,1
2020-11-30,15:10:22.111000,13704,13705,13704,1
2020-11-30,15:10:22.221000,13704,13705,13704,6
2020-11-30,15:10:22.221000,13704,13705,13704,3
2020-11-30,15:10:25.961000,13703,13704,13704,2
2020-11-30,15:10:28.353000,13704,13705,13705,1
2020-11-30,15:10:29.304000,13704,13705,13704,1
2020-11-30,15:10:29.389000,13704,13705,13704,1
2020-11-30,15:10:35.568000,13703,13705,13705,1
2020-11-30,15:10:39.179000,13704,13705,13705,1
2020-11-30,15:10:41.321000,13704,13705,13705,2
2020-11-30,15:10:43.788000,13704,13705,13705,1
2020-11-30,15:10:44.422000,13704,13705,13705,2
2020-11-30,15:10:53.102000,13704,13705,13704,2
2020-11-30,15:10:53.102000,13704,13705,13704,3
2020-11-30,15:10:56.042000,13703,13704,13704,3
2020-11-30,15:10:56.785000,13703,13704,13704,1
2020-11-30,15:10:57.085000,13703,13704,13704,2
2020-11-30,15:11:01.136000,13703,13705,13705,2
2020-11-30,15:11:01.467000,13703,13705,13705,1
2020-11-30,15:11:01.554000,13703,13705,13703,2
2020-11-30,15:11:16.373000,13703,13704,13703,1
2020-11-30,15:11:22.686000,13703,13704,13704,2
2020-11-30,15:11:24.883000,13704,13705,13705,1
2020-11-30,15:11:26.540000,13703,13705,13705,1
2020-11-30,15:11:34.065000,13704,13705,13704,2
2020-11-30,15:11:34.918000,13703,13705,13705,1
2020-11-30,15:11:35.291000,13703,13705,13705,1
2020-11-30,15:11:35.422000,13703,13705,13705,1
2020-11-30,15:11:36.452000,13704,13705,13705,1
2020-11-30,15:11:37.206000,13704,13705,13704,4
2020-11-30,15:11:37.207000,13704,13705,13704,5
2020-11-30,15:11:37.207000,13704,13705,13704,1
2020-11-30,15:11:40.512000,13704,13705,13704,1
2020-11-30,15:11:43.740000,13704,13705,13704,1
2020-11-30,15:11:44.265000,13704,13705,13705,2
2020-11-30,15:11:47.071000,13703,13705,13703,1
2020-11-30,15:11:54.948000,13704,13705,13704,2
2020-11-30,15:11:56.496000,13704,13705,13705,1
2020-11-30,15:12:00.087000,13704,13705,13705,1
2020-11-30,15:12:00.629000,13704,13705,13704,1
2020-11-30,15:12:00.714000,13704,13705,13704,4
2020-11-30,15:12:00.835000,13703,13705,13703,1
2020-11-30,15:12:00.961000,13703,13705,13703,2
2020-11-30,15:12:00.985000,13703,13705,13703,2
2020-11-30,15:12:01.007000,13703,13705,13703,1
2020-11-30,15:12:02.130000,13703,13704,13704,1
2020-11-30,15:12:02.215000,13703,13704,13704,1
2020-11-30,15:12:05.378000,13703,13704,13704,3
2020-11-30,15:12:05.410000,13703,13704,13705,1
2020-11-30,15:12:05.504000,13703,13705,13705,1
2020-11-30,15:12:05.519000,13703,13705,13705,2
2020-11-30,15:12:05.549000,13703,13705,13705,1
2020-11-30,15:12:05.551000,13703,13705,13705,2
2020-11-30,15:12:05.966000,13704,13705,13704,1
2020-11-30,15:12:10.168000,13703,13705,13704,1
2020-11-30,15:12:10.365000,13703,13705,13705,1
2020-11-30,15:12:20.418000,13703,13704,13703,1
2020-11-30,15:12:21.911000,13703,13704,13704,1
2020-11-30,15:12:24.079000,13703,13704,13704,1
2020-11-30,15:12:26.713000,13703,13704,13703,1
2020-11-30,15:12:26.714000,13703,13704,13703,4
2020-11-30,15:12:28.537000,13702,13703,13702,1
2020-11-30,15:12:29.944000,13702,13703,13702,2
2020-11-30,15:12:29.944000,13702,13703,13702,1
2020-11-30,15:12:32.078000,13702,13703,13702,2
2020-11-30,15:12:33.321000,13701,13703,13701,1
2020-11-30,15:12:34.749000,13702,13703,13702,1
2020-11-30,15:12:35.964000,13701,13702,13702,1
2020-11-30,15:12:36.576000,13701,13702,13701,1
2020-11-30,15:12:36.576000,13701,13702,13701,3
2020-11-30,15:12:36.576000,13701,13702,13701,3
2020-11-30,15:12:37.250000,13700,13702,13700,15
2020-11-30,15:12:37.251000,13700,13702,13700,1
2020-11-30,15:12:46.315000,13699,13701,13701,5
2020-11-30,15:12:46.337000,13700,13701,13701,1
2020-11-30,15:12:48.876000,13700,13702,13700,1
2020-11-30,15:12:54.225000,13701,13702,13701,1
2020-11-30,15:12:59.928000,13701,13702,13701,1
2020-11-30,15:13:00.212000,13701,13702,13701,1
2020-11-30,15:13:00.365000,13701,13702,13701,3
2020-11-30,15:13:01.126000,13701,13702,13702,17
2020-11-30,15:13:01.126000,13701,13702,13702,5
2020-11-30,15:13:02.089000,13702,13703,13703,1
2020-11-30,15:13:02.089000,13702,13703,13703,9
2020-11-30,15:13:02.800000,13703,13704,13703,1
2020-11-30,15:13:05.766000,13703,13704,13704,1
2020-11-30,15:13:06.110000,13703,13704,13704,1
2020-11-30,15:13:06.231000,13703,13704,13704,2
2020-11-30,15:13:06.231000,13703,13704,13704,8
2020-11-30,15:13:09.889000,13704,13705,13705,1
2020-11-30,15:13:12.147000,13704,13705,13705,1
2020-11-30,15:13:12.831000,13704,13705,13705,15
2020-11-30,15:13:13.171000,13704,13706,13704,2
2020-11-30,15:13:18.071000,13704,13705,13705,1
2020-11-30,15:13:19.572000,13704,13705,13705,2
2020-11-30,15:13:21.551000,13705,13706,13706,1
2020-11-30,15:13:21.590000,13705,13706,13706,1
2020-11-30,15:13:21.874000,13705,13706,13705,1
2020-11-30,15:13:24.006000,13705,13706,13706,1
2020-11-30,15:13:25.952000,13705,13706,13705,2
2020-11-30,15:13:26.130000,13705,13706,13705,1
2020-11-30,15:13:26.454000,13704,13705,13705,1
2020-11-30,15:13:27.225000,13704,13705,13705,1
2020-11-30,15:13:30.837000,13704,13705,13705,2
2020-11-30,15:13:31.591000,13704,13705,13705,1
2020-11-30,15:13:32.404000,13704,13705,13705,1
2020-11-30,15:13:32.441000,13704,13705,13705,1
2020-11-30,15:13:34.483000,13705,13706,13705,2
2020-11-30,15:13:40.823000,13704,13705,13705,1
2020-11-30,15:13:42.611000,13704,13705,13704,1
2020-11-30,15:13:43.319000,13704,13705,13705,1
2020-11-30,15:13:44.641000,13704,13705,13705,1
2020-11-30,15:13:44.698000,13704,13705,13705,2
2020-11-30,15:13:50.959000,13705,13706,13705,1
2020-11-30,15:13:55.268000,13704,13705,13705,2
2020-11-30,15:13:55.976000,13705,13706,13705,2
2020-11-30,15:14:00.506000,13705,13706,13705,4
2020-11-30,15:14:03.549000,13704,13705,13704,6
2020-11-30,15:14:05.197000,13703,13705,13705,1
2020-11-30,15:14:08.649000,13703,13704,13703,1
2020-11-30,15:14:09.551000,13703,13704,13703,1
2020-11-30,15:14:34.066000,13703,13704,13703,1
2020-11-30,15:14:34.675000,13703,13704,13704,2
2020-11-30,15:14:44.465000,13703,13704,13703,1
2020-11-30,15:14:45.678000,13703,13704,13703,2
2020-11-30,15:14:47.461000,13702,13703,13702,2
2020-11-30,15:15:13.874000,13703,13704,13704,1
2020-11-30,15:15:14.090000,13703,13704,13703,2
2020-11-30,15:15:14.090000,13703,13704,13703,2
2020-11-30,15:15:14.091000,13703,13704,13702,16
2020-11-30,15:15:14.091000,13703,13704,13701,14
2020-11-30,15:15:14.104000,13703,13704,13701,2
2020-11-30,15:15:14.127000,13703,13704,13700,2
2020-11-30,15:15:14.131000,13703,13704,13700,3
2020-11-30,15:15:14.222000,13700,13701,13700,2
2020-11-30,15:15:14.222000,13700,13701,13700,6
2020-11-30,15:15:14.223000,13700,13701,13699,3
2020-11-30,15:15:14.334000,13699,13700,13699,7
2020-11-30,15:15:14.334000,13699,13700,13699,1
2020-11-30,15:15:14.367000,13699,13700,13700,2
2020-11-30,15:15:14.403000,13699,13700,13700,1
2020-11-30,15:15:14.424000,13699,13700,13700,1
2020-11-30,15:15:14.504000,13698,13700,13700,2
2020-11-30,15:15:14.736000,13699,13700,13700,1
2020-11-30,15:15:14.884000,13699,13700,13700,1
2020-11-30,15:15:15.677000,13699,13701,13701,1
2020-11-30,15:15:16.858000,13699,13701,13701,1
2020-11-30,15:15:17.720000,13700,13701,13700,1
2020-11-30,15:15:17.824000,13699,13701,13701,1
2020-11-30,15:15:21.346000,13699,13701,13700,1
2020-11-30,15:15:23.868000,13699,13701,13699,1
2020-11-30,15:15:25.048000,13699,13701,13699,2
2020-11-30,15:15:26.015000,13698,13699,13698,1
2020-11-30,15:15:26.082000,13698,13699,13698,4
2020-11-30,15:15:26.082000,13698,13699,13697,1
2020-11-30,15:15:28.978000,13696,13698,13696,1
2020-11-30,15:15:29.103000,13696,13698,13696,3
2020-11-30,15:15:29.640000,13696,13698,13696,2
2020-11-30,15:15:30.317000,13696,13698,13696,1
2020-11-30,15:15:30.687000,13696,13698,13696,1
2020-11-30,15:15:30.987000,13697,13698,13697,1
2020-11-30,15:15:31.684000,13696,13698,13698,1
2020-11-30,15:15:32.659000,13697,13698,13698,1
2020-11-30,15:15:32.693000,13697,13698,13698,1
2020-11-30,15:15:32.709000,13697,13699,13699,2
2020-11-30,15:15:32.735000,13697,13699,13699,1
2020-11-30,15:15:32.775000,13697,13699,13700,1
2020-11-30,15:15:32.833000,13698,13700,13700,1
2020-11-30,15:15:32.850000,13698,13700,13700,1
2020-11-30,15:15:32.867000,13698,13700,13700,1
2020-11-30,15:15:32.881000,13698,13700,13700,1
2020-11-30,15:15:33.018000,13698,13700,13698,5
2020-11-30,15:15:33.325000,13698,13699,13698,1
2020-11-30,15:15:33.545000,13698,13699,13698,1
2020-11-30,15:15:36.099000,13698,13700,13698,3
2020-11-30,15:15:37.450000,13698,13700,13698,1
2020-11-30,15:15:39.563000,13698,13700,13698,1
2020-11-30,15:15:42.181000,13699,13700,13700,2
2020-11-30,15:15:43.618000,13700,13701,13701,5
2020-11-30,15:15:43.618000,13700,13701,13701,1
2020-11-30,15:15:43.618000,13700,13701,13701,1
2020-11-30,15:15:43.618000,13700,13701,13701,1
2020-11-30,15:15:43.618000,13700,13701,13701,3
2020-11-30,15:15:43.926000,13701,13703,13701,3
2020-11-30,15:15:50.655000,13699,13700,13700,1
2020-11-30,15:15:57.198000,13699,13700,13699,2
2020-11-30,15:15:58.975000,13698,13699,13699,1
2020-11-30,15:16:04.018000,13699,13700,13700,1
2020-11-30,15:16:04.562000,13700,13701,13700,1
2020-11-30,15:16:06.051000,13699,13701,13700,1
2020-11-30,15:16:08.893000,13699,13701,13699,1
2020-11-30,15:16:08.949000,13700,13701,13701,1
2020-11-30,15:16:08.949000,13700,13701,13701,1
2020-11-30,15:16:09.485000,13700,13701,13700,1
2020-11-30,15:16:10.597000,13700,13701,13700,1
2020-11-30,15:16:11.331000,13700,13701,13701,2
2020-11-30,15:16:12.650000,13701,13702,13701,1
2020-11-30,15:16:12.970000,13701,13702,13701,1
2020-11-30,15:16:13.083000,13701,13702,13702,1
2020-11-30,15:16:13.952000,13701,13702,13702,1
2020-11-30,15:16:13.952000,13701,13702,13702,1
2020-11-30,15:16:13.952000,13701,13702,13702,1
2020-11-30,15:16:13.952000,13701,13702,13702,4
2020-11-30,15:16:14.393000,13702,13703,13703,1
2020-11-30,15:16:14.393000,13702,13703,13703,1
2020-11-30,15:16:16.527000,13703,13704,13704,1
2020-11-30,15:16:16.694000,13703,13704,13704,1
2020-11-30,15:16:18.244000,13703,13704,13703,1
2020-11-30,15:16:18.324000,13702,13703,13703,1
2020-11-30,15:16:25.426000,13702,13703,13702,1
2020-11-30,15:16:26.386000,13701,13703,13701,5
2020-11-30,15:16:27.987000,13701,13702,13702,1
2020-11-30,15:16:27.987000,13701,13702,13702,1
2020-11-30,15:16:27.990000,13701,13702,13702,2
2020-11-30,15:16:28.854000,13702,13703,13703,5
2020-11-30,15:16:29.404000,13702,13703,13703,1
2020-11-30,15:16:29.560000,13702,13704,13702,2
2020-11-30,15:16:30.201000,13702,13703,13702,1
2020-11-30,15:16:33.823000,13701,13702,13701,1
2020-11-30,15:16:34.014000,13700,13701,13700,1
2020-11-30,15:16:34.253000,13700,13701,13701,1
2020-11-30,15:16:35.014000,13701,13702,13701,1
2020-11-30,15:16:35.473000,13700,13702,13702,5
2020-11-30,15:16:37.117000,13701,13702,13702,1
2020-11-30,15:16:39.050000,13701,13703,13703,1
2020-11-30,15:16:39.074000,13701,13703,13703,1
2020-11-30,15:16:42.245000,13702,13703,13703,1
2020-11-30,15:16:45.504000,13703,13704,13704,5
2020-11-30,15:16:45.947000,13703,13704,13704,3
2020-11-30,15:16:48.013000,13703,13704,13704,5
2020-11-30,15:16:49.441000,13703,13705,13704,1
2020-11-30,15:16:55.604000,13704,13705,13705,5
2020-11-30,15:16:55.605000,13704,13705,13705,7
2020-11-30,15:16:57.571000,13705,13706,13706,1
2020-11-30,15:16:57.571000,13705,13706,13706,4
2020-11-30,15:16:57.572000,13705,13706,13706,7
2020-11-30,15:16:57.572000,13705,13706,13706,2
2020-11-30,15:17:03.240000,13706,13707,13707,1
2020-11-30,15:17:03.241000,13706,13707,13707,2
2020-11-30,15:17:03.848000,13706,13707,13706,2
2020-11-30,15:17:04.325000,13705,13706,13705,1
2020-11-30,15:17:13.227000,13705,13706,13705,2
2020-11-30,15:17:13.227000,13705,13706,13705,5
2020-11-30,15:17:15.819000,13704,13705,13704,1
2020-11-30,15:17:15.819000,13704,13705,13704,1
2020-11-30,15:17:18.475000,13704,13705,13705,3
2020-11-30,15:17:31.540000,13705,13706,13706,1
2020-11-30,15:17:36.175000,13705,13706,13706,1
2020-11-30,15:17:36.769000,13705,13706,13706,1
2020-11-30,15:17:39.073000,13705,13706,13706,5
2020-11-30,15:17:40.938000,13706,13707,13707,1
2020-11-30,15:17:41.132000,13706,13707,13706,3
2020-11-30,15:17:42.998000,13706,13707,13706,1
2020-11-30,15:17:47.544000,13706,13707,13707,5
2020-11-30,15:17:47.546000,13706,13707,13707,2
2020-11-30,15:17:49.072000,13707,13708,13708,9
2020-11-30,15:17:49.659000,13707,13709,13708,1
2020-11-30,15:17:52.182000,13708,13709,13708,1
2020-11-30,15:17:53.061000,13707,13709,13709,1
2020-11-30,15:17:54.749000,13707,13709,13709,22
2020-11-30,15:17:54.749000,13707,13709,13710,44
2020-11-30,15:17:54.750000,13707,13709,13710,1
2020-11-30,15:17:54.861000,13709,13711,13709,1
2020-11-30,15:17:54.864000,13709,13711,13709,2
2020-11-30,15:17:54.866000,13709,13711,13709,1
2020-11-30,15:17:54.911000,13709,13711,13710,1
2020-11-30,15:17:55.010000,13708,13710,13710,1
2020-11-30,15:17:57.964000,13709,13710,13710,1
2020-11-30,15:17:57.967000,13709,13710,13710,2
2020-11-30,15:17:58.040000,13709,13710,13710,2
2020-11-30,15:18:01.427000,13709,13710,13710,4
2020-11-30,15:18:01.455000,13710,13711,13711,1
2020-11-30,15:18:01.462000,13710,13711,13711,1
2020-11-30,15:18:01.638000,13710,13711,13711,5
2020-11-30,15:18:01.638000,13710,13711,13712,1
2020-11-30,15:18:01.684000,13710,13711,13712,1
2020-11-30,15:18:01.717000,13710,13712,13712,3
2020-11-30,15:18:01.843000,13711,13712,13711,1
2020-11-30,15:18:01.890000,13711,13712,13710,1
2020-11-30,15:18:01.960000,13710,13712,13712,3
2020-11-30,15:18:01.960000,13710,13712,13712,1
2020-11-30,15:18:01.988000,13710,13712,13712,1
2020-11-30,15:18:02.042000,13710,13712,13712,1
2020-11-30,15:18:02.323000,13711,13712,13711,2
2020-11-30,15:18:03.225000,13710,13712,13710,1
2020-11-30,15:18:03.614000,13710,13711,13711,1
2020-11-30,15:18:03.668000,13710,13711,13710,4
2020-11-30,15:18:04.373000,13710,13711,13710,1
2020-11-30,15:18:08.123000,13709,13711,13709,5
2020-11-30,15:18:08.951000,13708,13709,13709,4
2020-11-30,15:18:09.198000,13709,13710,13710,1
2020-11-30,15:18:09.248000,13709,13710,13709,1
2020-11-30,15:18:09.324000,13709,13711,13711,1
2020-11-30,15:18:09.324000,13709,13711,13711,1
2020-11-30,15:18:09.325000,13709,13711,13711,1
2020-11-30,15:18:09.325000,13709,13711,13711,1
2020-11-30,15:18:09.325000,13709,13711,13711,1
2020-11-30,15:18:09.325000,13709,13711,13712,1
2020-11-30,15:18:09.326000,13709,13711,13712,1
2020-11-30,15:18:09.326000,13709,13711,13712,1
2020-11-30,15:18:09.326000,13709,13711,13712,1
2020-11-30,15:18:09.327000,13709,13711,13712,1
2020-11-30,15:18:09.328000,13709,13711,13711,3
2020-11-30,15:18:09.328000,13709,13711,13713,1
2020-11-30,15:18:09.328000,13709,13711,13713,1
2020-11-30,15:18:09.329000,13709,13711,13713,1
2020-11-30,15:18:09.329000,13709,13711,13713,1
2020-11-30,15:18:09.331000,13709,13711,13713,1
2020-11-30,15:18:09.574000,13711,13713,13712,4
2020-11-30,15:18:09.857000,13711,13713,13713,2
2020-11-30,15:18:09.869000,13711,13713,13713,1
2020-11-30,15:18:09.869000,13711,13713,13713,2
2020-11-30,15:18:10.259000,13712,13713,13712,1
2020-11-30,15:18:10.954000,13712,13713,13712,2
2020-11-30,15:18:11.828000,13711,13712,13712,1
2020-11-30,15:18:11.935000,13711,13712,13712,1
2020-11-30,15:18:15.121000,13712,13713,13712,1
2020-11-30,15:18:15.477000,13712,13713,13713,1
2020-11-30,15:18:15.488000,13712,13713,13713,2
2020-11-30,15:18:15.488000,13712,13713,13713,3
2020-11-30,15:18:15.488000,13712,13713,13713,4
2020-11-30,15:18:16.803000,13713,13714,13713,1
2020-11-30,15:18:16.803000,13713,13714,13712,3
2020-11-30,15:18:18.599000,13712,13713,13713,4
2020-11-30,15:18:18.760000,13713,13714,13713,1
2020-11-30,15:18:19.410000,13713,13714,13713,1
2020-11-30,15:18:19.645000,13713,13714,13713,1
2020-11-30,15:18:21.682000,13712,13713,13713,1
2020-11-30,15:18:22.248000,13712,13713,13713,5
2020-11-30,15:18:22.249000,13712,13713,13713,2
2020-11-30,15:18:22.249000,13712,13713,13713,1
2020-11-30,15:18:22.249000,13712,13713,13713,1
2020-11-30,15:18:22.249000,13712,13713,13713,1
2020-11-30,15:18:22.556000,13712,13714,13712,1
2020-11-30,15:18:23.318000,13713,13714,13713,1
2020-11-30,15:18:23.857000,13712,13714,13712,1
2020-11-30,15:18:24.451000,13712,13714,13713,1
2020-11-30,15:18:25.949000,13713,13714,13714,1
2020-11-30,15:18:27.501000,13713,13714,13714,10
2020-11-30,15:18:27.502000,13713,13714,13714,1
2020-11-30,15:18:27.909000,13714,13715,13714,1
2020-11-30,15:18:28.698000,13714,13715,13715,10
2020-11-30,15:18:28.698000,13714,13715,13715,1
2020-11-30,15:18:28.698000,13714,13715,13715,4
2020-11-30,15:18:28.824000,13715,13716,13716,1
2020-11-30,15:18:28.872000,13715,13716,13716,2
2020-11-30,15:18:28.872000,13715,13716,13717,1
2020-11-30,15:18:28.906000,13715,13716,13717,1
2020-11-30,15:18:28.943000,13715,13716,13717,1
2020-11-30,15:18:29.021000,13716,13717,13717,1
2020-11-30,15:18:29.021000,13716,13717,13717,1
2020-11-30,15:18:29.021000,13716,13717,13717,1
2020-11-30,15:18:29.021000,13716,13717,13717,9
2020-11-30,15:18:29.023000,13716,13717,13718,1
2020-11-30,15:18:29.026000,13716,13717,13718,1
2020-11-30,15:18:29.074000,13717,13718,13718,1
2020-11-30,15:18:29.084000,13717,13718,13718,1
2020-11-30,15:18:29.088000,13717,13718,13718,1
2020-11-30,15:18:29.123000,13717,13718,13718,1
2020-11-30,15:18:29.133000,13717,13718,13718,4
2020-11-30,15:18:29.133000,13717,13718,13718,1
2020-11-30,15:18:29.150000,13717,13718,13719,2
2020-11-30,15:18:29.217000,13717,13719,13719,2
2020-11-30,15:18:29.530000,13717,13719,13719,3
2020-11-30,15:18:30.587000,13716,13718,13718,1
2020-11-30,15:18:31.193000,13716,13718,13718,11
2020-11-30,15:18:31.194000,13716,13718,13718,4
2020-11-30,15:18:31.194000,13716,13718,13718,1
2020-11-30,15:18:31.194000,13716,13718,13718,2
2020-11-30,15:18:32.654000,13718,13719,13719,1
2020-11-30,15:18:32.905000,13717,13719,13719,4
2020-11-30,15:18:33.299000,13717,13719,13719,10
2020-11-30,15:18:33.355000,13718,13719,13718,1
2020-11-30,15:18:33.556000,13717,13719,13719,1
2020-11-30,15:18:33.654000,13717,13719,13719,1
2020-11-30,15:18:34.338000,13717,13719,13719,10
2020-11-30,15:18:34.356000,13717,13719,13718,1
2020-11-30,15:18:34.507000,13717,13719,13719,1
2020-11-30,15:18:35.271000,13718,13719,13719,9
2020-11-30,15:18:35.271000,13718,13719,13720,1
2020-11-30,15:18:35.359000,13718,13719,13719,1
2020-11-30,15:18:35.378000,13718,13719,13718,1
2020-11-30,15:18:35.502000,13718,13719,13719,1
2020-11-30,15:18:35.507000,13718,13719,13719,1
2020-11-30,15:18:35.607000,13718,13720,13720,1
2020-11-30,15:18:35.798000,13718,13720,13720,3
2020-11-30,15:18:35.819000,13718,13720,13720,1
2020-11-30,15:18:35.836000,13718,13720,13720,1
2020-11-30,15:18:35.840000,13718,13720,13720,8
2020-11-30,15:18:35.922000,13718,13720,13719,1
2020-11-30,15:18:35.965000,13719,13720,13720,1
2020-11-30,15:18:36.034000,13719,13720,13719,2
2020-11-30,15:18:36.115000,13719,13720,13720,8
2020-11-30,15:18:36.308000,13719,13720,13720,10
2020-11-30,15:18:36.648000,13719,13720,13720,1
2020-11-30,15:18:36.819000,13719,13720,13720,1
2020-11-30,15:18:36.823000,13719,13720,13720,1
2020-11-30,15:18:36.828000,13719,13720,13720,1
2020-11-30,15:18:36.830000,13719,13720,13720,1
2020-11-30,15:18:36.830000,13719,13720,13720,1
2020-11-30,15:18:36.845000,13719,13720,13720,1
2020-11-30,15:18:36.867000,13719,13720,13720,1
2020-11-30,15:18:36.876000,13719,13720,13720,2
2020-11-30,15:18:36.876000,13719,13720,13720,1
2020-11-30,15:18:36.884000,13719,13720,13721,1
2020-11-30,15:18:37.028000,13720,13721,13721,2
2020-11-30,15:18:37.028000,13720,13721,13722,3
2020-11-30,15:18:37.193000,13720,13722,13721,1
2020-11-30,15:18:37.246000,13720,13721,13721,1
2020-11-30,15:18:37.815000,13720,13721,13721,1
2020-11-30,15:18:38.358000,13720,13721,13721,1
2020-11-30,15:18:38.594000,13720,13721,13720,1
2020-11-30,15:18:38.663000,13720,13721,13721,1
2020-11-30,15:18:38.663000,13720,13721,13722,1
2020-11-30,15:18:38.764000,13720,13722,13722,1
2020-11-30,15:18:39.433000,13720,13722,13722,1
2020-11-30,15:18:39.902000,13721,13722,13722,1
2020-11-30,15:18:40.870000,13721,13722,13721,1
2020-11-30,15:18:41.726000,13721,13722,13722,1
2020-11-30,15:18:42.375000,13721,13722,13722,5
2020-11-30,15:18:42.961000,13721,13722,13721,1
2020-11-30,15:18:44.021000,13721,13722,13721,1
2020-11-30,15:18:45.101000,13721,13722,13722,1
2020-11-30,15:18:45.171000,13721,13722,13721,1
2020-11-30,15:18:45.366000,13721,13722,13722,1
2020-11-30,15:18:45.645000,13721,13722,13722,1
2020-11-30,15:18:45.690000,13721,13722,13721,1
2020-11-30,15:18:45.723000,13720,13721,13721,1
2020-11-30,15:18:45.820000,13720,13721,13721,1
2020-11-30,15:18:45.925000,13720,13721,13721,3
2020-11-30,15:18:45.925000,13720,13721,13722,30
2020-11-30,15:18:46.299000,13721,13722,13722,1
2020-11-30,15:18:46.560000,13721,13722,13722,2
2020-11-30,15:18:46.560000,13721,13722,13723,2
2020-11-30,15:18:48.182000,13721,13723,13722,1
2020-11-30,15:18:51.246000,13721,13723,13721,1
2020-11-30,15:18:52.863000,13721,13722,13722,1
2020-11-30,15:18:53.307000,13721,13722,13721,1
2020-11-30,15:18:53.900000,13721,13722,13722,2
2020-11-30,15:18:55.056000,13721,13722,13722,1
2020-11-30,15:18:55.723000,13721,13722,13722,5
2020-11-30,15:18:55.724000,13721,13722,13722,1
2020-11-30,15:18:55.806000,13721,13722,13722,1
2020-11-30,15:18:58.969000,13721,13722,13722,5
2020-11-30,15:18:59.470000,13721,13722,13721,1
2020-11-30,15:19:00.443000,13721,13722,13722,5
2020-11-30,15:19:00.452000,13721,13722,13722,1
2020-11-30,15:19:00.455000,13721,13722,13723,1
2020-11-30,15:19:05.975000,13721,13722,13721,2
2020-11-30,15:19:06.126000,13721,13722,13722,2
2020-11-30,15:19:06.126000,13721,13722,13723,20
2020-11-30,15:19:06.127000,13721,13722,13723,18
2020-11-30,15:19:06.127000,13721,13722,13723,1
2020-11-30,15:19:09.386000,13722,13723,13722,1
2020-11-30,15:19:09.449000,13721,13723,13723,1
2020-11-30,15:19:12.615000,13721,13723,13723,1
2020-11-30,15:19:12.768000,13721,13723,13722,1
2020-11-30,15:19:13.060000,13721,13723,13723,1
2020-11-30,15:19:13.469000,13721,13723,13722,1
2020-11-30,15:19:14.470000,13721,13722,13721,21
2020-11-30,15:19:14.704000,13720,13721,13721,1
2020-11-30,15:19:15.061000,13720,13721,13721,1
2020-11-30,15:19:16.237000,13720,13721,13721,2
2020-11-30,15:19:17.889000,13720,13722,13722,11
2020-11-30,15:19:17.890000,13720,13722,13722,1
2020-11-30,15:19:17.890000,13720,13722,13722,1
2020-11-30,15:19:17.890000,13720,13722,13722,6
2020-11-30,15:19:17.949000,13721,13723,13723,2
2020-11-30,15:19:19.386000,13721,13723,13721,5
2020-11-30,15:19:19.386000,13721,13723,13720,10
2020-11-30,15:19:19.472000,13721,13722,13721,4
2020-11-30,15:19:20.885000,13721,13722,13721,1
2020-11-30,15:19:21.373000,13721,13723,13721,5
2020-11-30,15:19:24.854000,13722,13723,13723,4
2020-11-30,15:19:24.855000,13722,13723,13723,1
2020-11-30,15:19:24.855000,13722,13723,13723,1
2020-11-30,15:19:25.005000,13723,13724,13724,3
2020-11-30,15:19:25.103000,13723,13724,13724,1
2020-11-30,15:19:25.147000,13723,13724,13723,2
2020-11-30,15:19:25.160000,13723,13724,13723,2
2020-11-30,15:19:25.274000,13722,13724,13722,1
2020-11-30,15:19:26.182000,13722,13724,13723,1
2020-11-30,15:19:28.063000,13722,13723,13723,4
2020-11-30,15:19:28.065000,13722,13723,13723,1
2020-11-30,15:19:28.074000,13722,13724,13724,1
2020-11-30,15:19:28.074000,13722,13724,13724,1
2020-11-30,15:19:28.748000,13723,13724,13723,1
2020-11-30,15:19:30.908000,13723,13724,13724,4
2020-11-30,15:19:30.920000,13723,13724,13724,1
2020-11-30,15:19:31.145000,13723,13724,13723,2
2020-11-30,15:19:31.342000,13722,13724,13722,1
2020-11-30,15:19:33.512000,13722,13724,13723,1
2020-11-30,15:19:34.612000,13722,13723,13723,4
2020-11-30,15:19:35.683000,13723,13724,13724,1
2020-11-30,15:19:37.158000,13723,13724,13724,2
