2020-11-25 15:00:00.077,13710,13712,13709,81
2020-11-25 15:00:00.079,13707,13709,13707,1
2020-11-25 15:00:00.119,13706,13709,13706,2
2020-11-25 15:00:00.283,13705,13709,13705,1
2020-11-25 15:00:00.320,13705,13708,13705,6
2020-11-25 15:00:00.321,13705,13708,13704,1
2020-11-25 15:00:00.325,13705,13708,13705,1
2020-11-25 15:00:00.368,13705,13708,13703,1
2020-11-25 15:00:00.433,13702,13703,13702,1
2020-11-25 15:00:00.433,13702,13703,13702,1
2020-11-25 15:00:00.521,13702,13703,13701,1
2020-11-25 15:00:00.545,13701,13703,13701,1
2020-11-25 15:00:00.559,13701,13703,13701,3
2020-11-25 15:00:00.571,13701,13703,13701,2
2020-11-25 15:00:00.571,13701,13703,13700,1
2020-11-25 15:00:00.576,13701,13703,13700,1
2020-11-25 15:00:00.629,13701,13703,13700,1
2020-11-25 15:00:00.646,13701,13703,13700,2
2020-11-25 15:00:00.654,13701,13703,13700,1
2020-11-25 15:00:00.687,13699,13702,13699,1
2020-11-25 15:00:00.701,13699,13702,13699,1
2020-11-25 15:00:00.708,13699,13702,13699,2
2020-11-25 15:00:00.708,13699,13702,13698,1
2020-11-25 15:00:00.724,13699,13702,13698,1
2020-11-25 15:00:00.725,13699,13702,13697,1
2020-11-25 15:00:00.752,13699,13702,13697,1
2020-11-25 15:00:00.753,13699,13702,13697,2
2020-11-25 15:00:00.755,13699,13702,13697,1
2020-11-25 15:00:00.811,13698,13700,13698,1
2020-11-25 15:00:00.811,13698,13700,13697,1
2020-11-25 15:00:00.827,13698,13700,13697,1
2020-11-25 15:00:00.827,13698,13700,13697,1
2020-11-25 15:00:00.840,13698,13700,13697,2
2020-11-25 15:00:00.840,13698,13700,13696,1
2020-11-25 15:00:00.879,13698,13700,13696,1
2020-11-25 15:00:00.925,13696,13698,13696,1
2020-11-25 15:00:00.926,13696,13698,13696,1
2020-11-25 15:00:00.948,13696,13698,13696,1
2020-11-25 15:00:00.956,13696,13698,13696,2
2020-11-25 15:00:00.964,13696,13698,13696,2
2020-11-25 15:00:00.970,13696,13698,13696,2
2020-11-25 15:00:00.970,13696,13698,13696,1
2020-11-25 15:00:00.970,13696,13698,13696,2
2020-11-25 15:00:00.971,13696,13698,13696,17
2020-11-25 15:00:01.006,13696,13698,13695,4
2020-11-25 15:00:01.006,13696,13698,13695,2
2020-11-25 15:00:01.008,13696,13698,13694,1
2020-11-25 15:00:01.008,13696,13698,13693,3
2020-11-25 15:00:01.008,13696,13698,13695,2
2020-11-25 15:00:01.010,13696,13698,13694,1
2020-11-25 15:00:01.040,13693,13696,13693,5
2020-11-25 15:00:01.197,13693,13696,13696,1
2020-11-25 15:00:01.197,13693,13696,13697,1
2020-11-25 15:00:01.266,13693,13696,13695,2
2020-11-25 15:00:01.314,13695,13697,13695,1
2020-11-25 15:00:01.319,13695,13697,13695,1
2020-11-25 15:00:01.361,13695,13697,13696,1
2020-11-25 15:00:01.361,13695,13697,13695,6
2020-11-25 15:00:01.361,13695,13697,13694,1
2020-11-25 15:00:01.399,13695,13697,13697,3
2020-11-25 15:00:01.445,13696,13698,13698,1
2020-11-25 15:00:01.488,13696,13698,13698,1
2020-11-25 15:00:01.488,13696,13698,13697,1
2020-11-25 15:00:01.534,13696,13698,13700,2
2020-11-25 15:00:01.567,13697,13701,13701,2
2020-11-25 15:00:01.598,13697,13701,13701,2
2020-11-25 15:00:01.598,13697,13701,13702,1
2020-11-25 15:00:01.970,13700,13703,13700,2
2020-11-25 15:00:01.980,13700,13703,13700,1
2020-11-25 15:00:02.108,13698,13703,13698,1
2020-11-25 15:00:02.307,13697,13703,13699,1
2020-11-25 15:00:02.376,13697,13703,13698,1
2020-11-25 15:00:02.477,13697,13700,13700,2
2020-11-25 15:00:02.477,13697,13700,13701,1
2020-11-25 15:00:02.478,13697,13700,13701,2
2020-11-25 15:00:02.499,13697,13700,13701,2
2020-11-25 15:00:02.499,13697,13700,13700,6
2020-11-25 15:00:02.499,13697,13700,13699,4
2020-11-25 15:00:02.645,13698,13703,13703,5
2020-11-25 15:00:02.645,13698,13703,13704,15
2020-11-25 15:00:03.025,13698,13704,13698,1
2020-11-25 15:00:03.025,13698,13704,13697,1
2020-11-25 15:00:03.162,13697,13703,13697,1
2020-11-25 15:00:04.162,13700,13702,13700,1
2020-11-25 15:00:04.163,13700,13702,13700,1
2020-11-25 15:00:04.458,13700,13702,13700,1
2020-11-25 15:00:04.458,13700,13702,13699,5
2020-11-25 15:00:06.160,13700,13703,13703,3
2020-11-25 15:00:07.393,13700,13702,13700,1
2020-11-25 15:00:08.002,13700,13702,13700,1
2020-11-25 15:00:08.123,13700,13702,13700,1
2020-11-25 15:00:08.540,13699,13701,13699,1
2020-11-25 15:00:08.708,13698,13700,13700,2
2020-11-25 15:00:08.708,13698,13700,13701,8
2020-11-25 15:00:08.708,13698,13700,13702,5
2020-11-25 15:00:09.810,13701,13702,13701,1
2020-11-25 15:00:10.084,13701,13702,13702,1
2020-11-25 15:00:10.744,13701,13702,13702,2
2020-11-25 15:00:11.025,13701,13703,13701,1
2020-11-25 15:00:11.315,13701,13703,13701,1
2020-11-25 15:00:11.323,13701,13703,13703,1
2020-11-25 15:00:11.498,13701,13703,13701,1
2020-11-25 15:00:11.549,13702,13703,13703,1
2020-11-25 15:00:11.551,13702,13703,13703,4
2020-11-25 15:00:12.300,13702,13704,13704,1
2020-11-25 15:00:12.301,13702,13704,13704,4
2020-11-25 15:00:13.199,13704,13706,13706,2
2020-11-25 15:00:13.581,13704,13706,13704,2
2020-11-25 15:00:13.637,13704,13706,13704,4
2020-11-25 15:00:13.639,13704,13706,13704,4
2020-11-25 15:00:13.971,13703,13705,13703,3
2020-11-25 15:00:14.115,13703,13705,13703,1
2020-11-25 15:00:14.633,13703,13704,13703,13
2020-11-25 15:00:14.669,13702,13703,13702,1
2020-11-25 15:00:15.084,13701,13702,13701,6
2020-11-25 15:00:15.140,13701,13702,13701,1
2020-11-25 15:00:15.359,13701,13703,13703,5
2020-11-25 15:00:15.460,13702,13704,13702,1
2020-11-25 15:00:15.460,13702,13704,13701,3
2020-11-25 15:00:15.773,13701,13702,13702,2
2020-11-25 15:00:15.921,13702,13704,13702,1
2020-11-25 15:00:16.007,13702,13704,13704,1
2020-11-25 15:00:16.012,13702,13704,13703,1
2020-11-25 15:00:16.014,13702,13704,13705,1
2020-11-25 15:00:16.068,13702,13705,13702,3
2020-11-25 15:00:16.071,13702,13705,13702,1
2020-11-25 15:00:17.217,13703,13705,13703,1
2020-11-25 15:00:17.273,13703,13705,13703,4
2020-11-25 15:00:17.399,13703,13705,13703,1
2020-11-25 15:00:17.454,13703,13705,13703,4
2020-11-25 15:00:17.505,13703,13705,13702,1
2020-11-25 15:00:18.581,13703,13705,13703,1
2020-11-25 15:00:18.693,13703,13705,13703,2
2020-11-25 15:00:18.748,13703,13705,13703,2
2020-11-25 15:00:19.114,13702,13705,13702,3
2020-11-25 15:00:19.772,13702,13704,13704,2
2020-11-25 15:00:19.772,13702,13704,13705,11
2020-11-25 15:00:19.772,13702,13704,13706,1
2020-11-25 15:00:19.922,13703,13705,13703,1
2020-11-25 15:00:19.961,13703,13705,13703,1
2020-11-25 15:00:20.175,13703,13705,13703,1
2020-11-25 15:00:20.231,13703,13705,13703,4
2020-11-25 15:00:20.336,13702,13704,13704,1
2020-11-25 15:00:20.835,13703,13705,13703,2
2020-11-25 15:00:20.998,13702,13704,13702,5
2020-11-25 15:00:22.332,13702,13703,13702,2
2020-11-25 15:00:23.682,13702,13703,13703,1
2020-11-25 15:00:23.780,13702,13703,13703,2
2020-11-25 15:00:23.989,13702,13703,13703,1
2020-11-25 15:00:24.442,13702,13703,13702,1
2020-11-25 15:00:25.416,13702,13703,13702,1
2020-11-25 15:00:25.857,13702,13703,13703,1
2020-11-25 15:00:26.530,13702,13703,13702,1
2020-11-25 15:00:26.914,13702,13703,13702,1
2020-11-25 15:00:26.978,13702,13703,13703,1
2020-11-25 15:00:27.856,13702,13703,13703,2
2020-11-25 15:00:29.248,13702,13703,13702,2
2020-11-25 15:00:29.415,13702,13703,13702,1
2020-11-25 15:00:29.415,13702,13703,13702,1
2020-11-25 15:00:29.748,13701,13702,13702,1
2020-11-25 15:00:29.862,13701,13702,13701,2
2020-11-25 15:00:30.276,13701,13702,13702,3
2020-11-25 15:00:30.276,13701,13702,13703,3
2020-11-25 15:00:30.276,13701,13702,13704,4
2020-11-25 15:00:30.276,13701,13702,13705,4
2020-11-25 15:00:30.413,13702,13704,13702,1
2020-11-25 15:00:30.472,13702,13704,13702,2
2020-11-25 15:00:30.881,13701,13703,13701,4
2020-11-25 15:00:30.915,13702,13703,13702,1
2020-11-25 15:00:31.404,13701,13703,13701,1
2020-11-25 15:00:31.460,13701,13703,13701,1
2020-11-25 15:00:31.523,13701,13703,13701,1
2020-11-25 15:00:31.523,13701,13703,13700,6
2020-11-25 15:00:31.832,13699,13700,13699,2
2020-11-25 15:00:32.176,13698,13700,13700,1
2020-11-25 15:00:32.224,13698,13700,13699,2
2020-11-25 15:00:32.368,13698,13700,13700,1
2020-11-25 15:00:32.924,13698,13700,13700,1
2020-11-25 15:00:35.457,13699,13700,13700,1
2020-11-25 15:00:35.457,13699,13700,13700,1
2020-11-25 15:00:35.896,13699,13700,13699,2
2020-11-25 15:00:35.896,13699,13700,13698,1
2020-11-25 15:00:37.638,13698,13699,13699,1
2020-11-25 15:00:38.040,13698,13699,13698,3
2020-11-25 15:00:38.078,13698,13699,13699,1
2020-11-25 15:00:38.452,13697,13699,13697,1
2020-11-25 15:00:39.964,13698,13700,13698,1
2020-11-25 15:00:40.040,13698,13699,13698,5
2020-11-25 15:00:41.125,13697,13699,13698,1
2020-11-25 15:00:42.994,13697,13698,13697,1
2020-11-25 15:00:43.546,13697,13698,13697,1
2020-11-25 15:00:45.348,13697,13698,13697,1
2020-11-25 15:00:46.245,13697,13698,13697,3
2020-11-25 15:00:46.280,13697,13698,13698,1
2020-11-25 15:00:46.669,13697,13698,13698,1
2020-11-25 15:00:46.933,13697,13699,13697,1
2020-11-25 15:00:47.303,13697,13699,13697,3
2020-11-25 15:00:47.442,13696,13698,13696,1
2020-11-25 15:00:47.493,13696,13698,13697,1
2020-11-25 15:00:47.520,13696,13698,13697,2
2020-11-25 15:00:47.915,13696,13699,13699,3
2020-11-25 15:00:48.481,13697,13699,13699,1
2020-11-25 15:00:49.593,13697,13699,13699,5
2020-11-25 15:00:49.593,13697,13699,13700,2
2020-11-25 15:00:51.697,13698,13699,13699,2
2020-11-25 15:00:54.169,13699,13700,13700,3
2020-11-25 15:00:54.169,13699,13700,13700,3
2020-11-25 15:00:54.169,13699,13700,13700,8
2020-11-25 15:00:54.274,13699,13700,13700,1
2020-11-25 15:00:55.040,13700,13701,13700,1
2020-11-25 15:00:55.544,13699,13701,13701,1
2020-11-25 15:00:56.345,13699,13701,13700,1
2020-11-25 15:00:57.134,13700,13701,13701,1
2020-11-25 15:00:57.731,13701,13702,13701,1
2020-11-25 15:00:57.744,13701,13702,13701,1
2020-11-25 15:00:57.795,13701,13702,13701,2
2020-11-25 15:00:59.164,13701,13702,13702,1
2020-11-25 15:00:59.797,13701,13702,13702,2
2020-11-25 15:00:59.797,13701,13702,13703,1
2020-11-25 15:01:00.017,13701,13703,13701,3
2020-11-25 15:01:00.056,13701,13703,13703,1
2020-11-25 15:01:00.091,13701,13703,13703,1
2020-11-25 15:01:00.138,13701,13703,13703,3
2020-11-25 15:01:00.151,13701,13703,13703,1
2020-11-25 15:01:00.182,13701,13703,13703,1
2020-11-25 15:01:00.209,13701,13703,13703,1
2020-11-25 15:01:00.225,13701,13703,13703,1
2020-11-25 15:01:00.230,13701,13703,13702,1
2020-11-25 15:01:00.234,13701,13703,13703,1
2020-11-25 15:01:00.235,13701,13703,13703,1
2020-11-25 15:01:00.300,13702,13703,13703,1
2020-11-25 15:01:00.305,13702,13703,13702,2
2020-11-25 15:01:00.309,13702,13703,13703,2
2020-11-25 15:01:00.340,13702,13703,13703,2
2020-11-25 15:01:00.340,13702,13703,13703,1
2020-11-25 15:01:00.340,13702,13703,13703,11
2020-11-25 15:01:00.341,13702,13703,13703,1
2020-11-25 15:01:00.341,13702,13703,13703,2
2020-11-25 15:01:00.461,13703,13704,13704,1
2020-11-25 15:01:02.306,13703,13704,13704,1
2020-11-25 15:01:02.325,13703,13704,13704,1
2020-11-25 15:01:02.415,13704,13705,13704,1
2020-11-25 15:01:02.416,13704,13705,13705,1
2020-11-25 15:01:02.416,13704,13705,13705,1
2020-11-25 15:01:03.434,13704,13705,13705,6
2020-11-25 15:01:03.434,13704,13705,13706,1
2020-11-25 15:01:03.540,13705,13706,13705,5
2020-11-25 15:01:03.736,13704,13706,13704,5
2020-11-25 15:01:03.790,13704,13705,13704,2
2020-11-25 15:01:04.414,13704,13705,13704,1
2020-11-25 15:01:04.533,13704,13705,13704,1
2020-11-25 15:01:08.405,13704,13705,13704,8
2020-11-25 15:01:08.405,13704,13705,13703,8
2020-11-25 15:01:08.405,13704,13705,13702,28
2020-11-25 15:01:08.405,13704,13705,13701,3
2020-11-25 15:01:08.411,13704,13705,13702,2
2020-11-25 15:01:08.411,13704,13705,13702,1
2020-11-25 15:01:08.606,13701,13702,13702,1
2020-11-25 15:01:08.642,13701,13702,13701,1
2020-11-25 15:01:09.550,13701,13703,13701,2
2020-11-25 15:01:09.550,13701,13703,13700,1
2020-11-25 15:01:09.946,13700,13702,13702,2
2020-11-25 15:01:09.946,13700,13702,13703,1
2020-11-25 15:01:11.972,13701,13703,13703,1
2020-11-25 15:01:14.915,13703,13704,13703,1
2020-11-25 15:01:15.359,13703,13704,13703,1
2020-11-25 15:01:17.195,13703,13704,13703,1
2020-11-25 15:01:17.802,13703,13704,13703,1
2020-11-25 15:01:18.127,13702,13703,13703,1
2020-11-25 15:01:18.334,13702,13703,13703,1
2020-11-25 15:01:18.334,13702,13703,13704,1
2020-11-25 15:01:18.788,13702,13704,13704,1
2020-11-25 15:01:18.906,13703,13704,13704,2
2020-11-25 15:01:19.426,13703,13705,13703,1
2020-11-25 15:01:20.323,13703,13705,13703,2
2020-11-25 15:01:22.325,13703,13705,13705,1
2020-11-25 15:01:23.173,13703,13705,13705,1
2020-11-25 15:01:25.564,13704,13705,13705,2
2020-11-25 15:01:26.087,13704,13705,13704,2
2020-11-25 15:01:27.732,13703,13705,13705,1
2020-11-25 15:01:27.792,13703,13705,13705,1
2020-11-25 15:01:28.517,13704,13705,13705,1
2020-11-25 15:01:29.883,13704,13705,13705,1
2020-11-25 15:01:30.464,13704,13705,13705,1
2020-11-25 15:01:32.049,13704,13705,13705,7
2020-11-25 15:01:32.049,13704,13705,13706,18
2020-11-25 15:01:34.687,13704,13706,13704,1
2020-11-25 15:01:35.190,13704,13706,13706,1
2020-11-25 15:01:36.346,13704,13706,13706,4
2020-11-25 15:01:40.218,13705,13706,13706,1
2020-11-25 15:01:40.218,13705,13706,13706,3
2020-11-25 15:01:40.218,13705,13706,13706,5
2020-11-25 15:01:40.218,13705,13706,13706,12
2020-11-25 15:01:40.292,13706,13707,13707,1
2020-11-25 15:01:40.454,13706,13708,13708,1
2020-11-25 15:01:41.561,13706,13708,13706,1
2020-11-25 15:01:41.582,13706,13708,13706,1
2020-11-25 15:01:41.599,13706,13708,13706,1
2020-11-25 15:01:41.616,13706,13708,13706,1
2020-11-25 15:01:41.645,13706,13708,13706,1
2020-11-25 15:01:41.676,13706,13708,13706,1
2020-11-25 15:01:41.676,13706,13708,13705,1
2020-11-25 15:01:41.695,13706,13708,13705,1
2020-11-25 15:01:41.710,13706,13708,13705,2
2020-11-25 15:01:42.292,13705,13707,13707,1
2020-11-25 15:01:42.299,13705,13707,13707,1
2020-11-25 15:01:42.825,13705,13707,13707,1
2020-11-25 15:01:44.059,13706,13708,13706,2
2020-11-25 15:01:44.903,13706,13707,13707,1
2020-11-25 15:01:48.473,13707,13708,13708,10
2020-11-25 15:01:49.575,13707,13708,13708,1
2020-11-25 15:01:50.378,13708,13709,13708,1
2020-11-25 15:01:51.343,13707,13708,13707,2
2020-11-25 15:01:51.372,13707,13708,13707,2
2020-11-25 15:01:51.664,13707,13708,13707,2
2020-11-25 15:01:51.833,13707,13708,13707,2
2020-11-25 15:01:51.841,13707,13708,13707,5
2020-11-25 15:01:51.841,13707,13708,13707,1
2020-11-25 15:01:51.985,13706,13707,13706,3
2020-11-25 15:01:52.000,13706,13707,13706,2
2020-11-25 15:01:52.232,13706,13707,13706,2
2020-11-25 15:01:52.294,13706,13707,13706,2
2020-11-25 15:01:53.433,13705,13707,13705,2
2020-11-25 15:01:53.441,13705,13707,13705,2
2020-11-25 15:01:55.293,13705,13707,13705,1
2020-11-25 15:01:56.083,13705,13707,13706,1
2020-11-25 15:01:56.252,13705,13707,13705,1
2020-11-25 15:01:56.951,13705,13707,13705,1
2020-11-25 15:01:57.230,13704,13706,13704,2
2020-11-25 15:01:57.626,13704,13705,13706,4
2020-11-25 15:01:57.626,13704,13705,13706,1
2020-11-25 15:01:58.801,13705,13707,13707,1
2020-11-25 15:02:00.916,13706,13707,13707,4
2020-11-25 15:02:00.916,13706,13707,13707,1
2020-11-25 15:02:00.916,13706,13707,13707,2
2020-11-25 15:02:02.028,13706,13708,13707,1
2020-11-25 15:02:02.042,13706,13708,13706,1
2020-11-25 15:02:04.951,13707,13708,13707,2
2020-11-25 15:02:04.967,13707,13708,13707,2
2020-11-25 15:02:06.720,13707,13708,13707,1
2020-11-25 15:02:06.915,13707,13708,13707,1
2020-11-25 15:02:07.921,13706,13707,13707,1
2020-11-25 15:02:08.041,13706,13708,13706,1
2020-11-25 15:02:08.644,13706,13708,13708,6
2020-11-25 15:02:09.538,13708,13709,13708,1
2020-11-25 15:02:09.538,13708,13709,13707,8
2020-11-25 15:02:09.538,13708,13709,13706,3
2020-11-25 15:02:11.996,13707,13709,13707,1
2020-11-25 15:02:14.489,13707,13709,13708,1
2020-11-25 15:02:21.043,13707,13708,13707,1
2020-11-25 15:02:21.044,13707,13708,13707,1
2020-11-25 15:02:22.074,13707,13708,13707,1
2020-11-25 15:02:22.074,13707,13708,13707,2
2020-11-25 15:02:22.759,13706,13708,13706,1
2020-11-25 15:02:22.838,13706,13708,13708,5
2020-11-25 15:02:23.144,13707,13708,13707,1
2020-11-25 15:02:24.075,13706,13707,13706,1
2020-11-25 15:02:24.075,13706,13707,13706,1
2020-11-25 15:02:24.075,13706,13707,13706,2
2020-11-25 15:02:24.075,13706,13707,13706,10
2020-11-25 15:02:31.427,13706,13707,13706,5
2020-11-25 15:02:34.150,13706,13707,13706,1
2020-11-25 15:02:34.166,13705,13707,13705,1
2020-11-25 15:02:34.166,13705,13707,13705,1
2020-11-25 15:02:35.098,13705,13707,13707,1
2020-11-25 15:02:37.444,13706,13707,13706,1
2020-11-25 15:02:37.939,13706,13707,13707,1
2020-11-25 15:02:37.939,13706,13707,13707,2
2020-11-25 15:02:37.940,13706,13707,13707,3
2020-11-25 15:02:37.940,13706,13707,13707,2
2020-11-25 15:02:37.940,13706,13707,13707,1
2020-11-25 15:02:37.940,13706,13707,13707,18
2020-11-25 15:02:38.613,13706,13708,13708,1
2020-11-25 15:02:40.279,13707,13708,13707,1
2020-11-25 15:02:40.507,13706,13708,13708,1
2020-11-25 15:02:41.445,13707,13708,13707,1
2020-11-25 15:02:44.984,13707,13708,13708,1
2020-11-25 15:02:45.099,13707,13708,13708,1
2020-11-25 15:02:50.820,13707,13708,13708,1
2020-11-25 15:02:51.936,13707,13708,13707,4
2020-11-25 15:02:51.936,13707,13708,13707,1
2020-11-25 15:02:51.936,13707,13708,13707,2
2020-11-25 15:02:52.147,13706,13707,13707,1
2020-11-25 15:02:57.424,13706,13707,13707,1
2020-11-25 15:02:58.660,13706,13707,13707,4
2020-11-25 15:02:59.429,13707,13708,13707,1
2020-11-25 15:02:59.429,13707,13708,13707,4
2020-11-25 15:02:59.430,13707,13708,13707,31
2020-11-25 15:02:59.430,13707,13708,13707,1
2020-11-25 15:02:59.496,13707,13708,13707,2
2020-11-25 15:02:59.969,13706,13707,13707,1
2020-11-25 15:03:00.076,13706,13707,13706,1
2020-11-25 15:03:00.231,13706,13707,13706,1
2020-11-25 15:03:00.844,13706,13707,13706,2
2020-11-25 15:03:00.844,13706,13707,13705,14
2020-11-25 15:03:00.845,13706,13707,13705,1
2020-11-25 15:03:00.845,13706,13707,13705,3
2020-11-25 15:03:01.242,13704,13706,13704,1
2020-11-25 15:03:02.746,13705,13707,13705,1
2020-11-25 15:03:07.079,13705,13707,13705,2
2020-11-25 15:03:07.280,13705,13706,13706,4
2020-11-25 15:03:09.792,13706,13707,13706,1
2020-11-25 15:03:09.792,13706,13707,13705,7
2020-11-25 15:03:15.191,13706,13707,13707,2
2020-11-25 15:03:16.627,13707,13708,13707,1
2020-11-25 15:03:24.238,13707,13708,13707,1
2020-11-25 15:03:24.432,13707,13708,13707,1
2020-11-25 15:03:32.488,13707,13708,13708,1
2020-11-25 15:03:32.489,13707,13708,13708,14
2020-11-25 15:03:32.489,13707,13708,13708,2
2020-11-25 15:03:35.625,13708,13709,13709,4
2020-11-25 15:03:36.368,13708,13709,13708,1
2020-11-25 15:03:37.802,13708,13709,13709,1
2020-11-25 15:03:39.508,13708,13709,13709,1
2020-11-25 15:03:40.253,13708,13709,13709,2
2020-11-25 15:03:40.648,13708,13709,13708,1
2020-11-25 15:03:41.685,13708,13709,13709,1
2020-11-25 15:03:43.244,13708,13709,13709,3
2020-11-25 15:03:43.244,13708,13709,13709,4
2020-11-25 15:03:43.244,13708,13709,13709,19
2020-11-25 15:03:43.244,13708,13709,13709,1
2020-11-25 15:03:43.244,13708,13709,13709,1
2020-11-25 15:03:43.244,13708,13709,13709,1
2020-11-25 15:03:43.245,13708,13709,13709,11
2020-11-25 15:03:44.346,13709,13710,13710,5
2020-11-25 15:03:44.441,13709,13711,13711,1
2020-11-25 15:03:45.417,13710,13711,13711,1
2020-11-25 15:03:45.557,13710,13711,13711,1
2020-11-25 15:03:45.560,13710,13711,13711,1
2020-11-25 15:03:48.558,13710,13711,13711,2
2020-11-25 15:03:50.314,13710,13711,13711,7
2020-11-25 15:03:51.186,13711,13712,13711,1
2020-11-25 15:03:52.109,13711,13712,13711,1
2020-11-25 15:03:53.262,13711,13712,13711,1
2020-11-25 15:03:54.453,13711,13712,13712,1
2020-11-25 15:03:57.987,13711,13712,13712,8
2020-11-25 15:03:59.882,13712,13713,13712,1
2020-11-25 15:04:00.106,13712,13713,13712,1
2020-11-25 15:04:00.228,13711,13712,13712,1
2020-11-25 15:04:03.563,13711,13712,13711,2
2020-11-25 15:04:03.930,13709,13711,13709,1
2020-11-25 15:04:06.175,13709,13710,13709,1
2020-11-25 15:04:06.411,13709,13710,13710,2
2020-11-25 15:04:06.655,13709,13710,13709,1
2020-11-25 15:04:06.665,13709,13710,13709,2
2020-11-25 15:04:08.038,13708,13710,13710,1
2020-11-25 15:04:11.505,13708,13710,13710,1
2020-11-25 15:04:16.472,13708,13709,13708,1
2020-11-25 15:04:18.450,13708,13709,13709,2
2020-11-25 15:04:19.162,13708,13709,13708,1
2020-11-25 15:04:24.765,13708,13709,13709,1
2020-11-25 15:04:27.452,13708,13709,13709,1
2020-11-25 15:04:32.476,13708,13710,13708,1
2020-11-25 15:04:38.435,13708,13709,13709,1
2020-11-25 15:04:42.879,13708,13710,13710,1
2020-11-25 15:04:48.337,13709,13710,13710,2
2020-11-25 15:04:48.738,13709,13711,13709,1
2020-11-25 15:04:50.921,13709,13710,13710,1
2020-11-25 15:04:53.803,13710,13711,13711,1
2020-11-25 15:04:54.104,13710,13711,13710,1
2020-11-25 15:04:54.358,13709,13710,13710,1
2020-11-25 15:04:54.358,13709,13710,13711,1
2020-11-25 15:04:55.220,13709,13711,13711,2
2020-11-25 15:04:55.220,13709,13711,13712,3
2020-11-25 15:04:55.550,13710,13712,13710,6
2020-11-25 15:04:55.550,13710,13712,13710,1
2020-11-25 15:04:55.849,13709,13710,13709,1
2020-11-25 15:05:00.253,13709,13710,13709,1
2020-11-25 15:05:00.253,13709,13710,13709,3
2020-11-25 15:05:00.253,13709,13710,13709,1
2020-11-25 15:05:00.253,13709,13710,13709,7
2020-11-25 15:05:03.161,13708,13709,13708,17
2020-11-25 15:05:08.662,13708,13709,13708,1
2020-11-25 15:05:09.177,13708,13709,13708,1
2020-11-25 15:05:09.944,13708,13709,13709,1
2020-11-25 15:05:11.817,13708,13709,13709,1
2020-11-25 15:05:12.392,13708,13709,13708,1
2020-11-25 15:05:13.045,13707,13709,13708,2
2020-11-25 15:05:13.940,13707,13709,13709,1
2020-11-25 15:05:19.163,13707,13708,13708,1
2020-11-25 15:05:22.205,13707,13708,13707,1
2020-11-25 15:05:26.086,13707,13708,13708,1
2020-11-25 15:05:26.477,13707,13708,13708,1
2020-11-25 15:05:27.257,13707,13708,13708,1
2020-11-25 15:05:28.714,13707,13709,13707,1
2020-11-25 15:05:28.790,13708,13709,13708,1
2020-11-25 15:05:40.218,13708,13709,13708,2
2020-11-25 15:05:43.545,13708,13709,13708,1
2020-11-25 15:05:43.914,13708,13709,13708,1
2020-11-25 15:05:45.206,13708,13709,13708,1
2020-11-25 15:05:46.055,13708,13709,13708,1
2020-11-25 15:05:46.942,13708,13709,13708,1
2020-11-25 15:05:50.912,13708,13709,13708,1
2020-11-25 15:05:56.980,13708,13709,13708,2
2020-11-25 15:06:02.671,13708,13709,13709,1
2020-11-25 15:06:02.671,13708,13709,13709,5
2020-11-25 15:06:02.671,13708,13709,13709,6
2020-11-25 15:06:10.002,13709,13710,13709,1
2020-11-25 15:06:24.560,13709,13710,13709,1
2020-11-25 15:06:30.498,13709,13710,13709,1
2020-11-25 15:06:33.176,13709,13710,13709,1
2020-11-25 15:06:33.949,13709,13710,13709,1
2020-11-25 15:06:34.889,13709,13710,13709,1
2020-11-25 15:06:36.321,13709,13710,13709,1
2020-11-25 15:06:43.930,13709,13710,13710,10
2020-11-25 15:06:50.152,13709,13710,13710,1
2020-11-25 15:06:50.263,13709,13710,13710,1
2020-11-25 15:06:50.294,13709,13710,13710,10
2020-11-25 15:06:50.294,13709,13710,13710,27
2020-11-25 15:06:50.294,13709,13710,13710,1
2020-11-25 15:06:50.295,13709,13710,13710,4
2020-11-25 15:06:50.555,13710,13711,13711,1
2020-11-25 15:06:51.320,13710,13711,13710,1
2020-11-25 15:06:52.906,13710,13711,13710,1
2020-11-25 15:06:54.045,13710,13711,13710,1
2020-11-25 15:07:00.110,13710,13711,13711,1
2020-11-25 15:07:01.932,13710,13711,13711,2
2020-11-25 15:07:04.106,13710,13711,13711,1
2020-11-25 15:07:04.390,13710,13711,13711,1
2020-11-25 15:07:07.308,13710,13711,13710,1
2020-11-25 15:07:07.683,13710,13711,13710,1
2020-11-25 15:07:18.154,13710,13711,13711,1
2020-11-25 15:07:18.305,13710,13711,13710,1
2020-11-25 15:07:18.822,13710,13711,13710,1
2020-11-25 15:07:29.093,13710,13711,13711,1
2020-11-25 15:07:36.611,13710,13711,13711,1
2020-11-25 15:07:36.831,13710,13711,13711,1
2020-11-25 15:07:37.296,13710,13711,13711,1
2020-11-25 15:07:41.205,13710,13711,13710,4
2020-11-25 15:07:41.205,13710,13711,13710,2
2020-11-25 15:07:41.205,13710,13711,13710,4
2020-11-25 15:07:44.255,13709,13710,13709,3
2020-11-25 15:07:52.217,13709,13710,13709,1
2020-11-25 15:07:59.282,13709,13710,13710,1
2020-11-25 15:08:02.254,13709,13710,13709,3
2020-11-25 15:08:12.755,13709,13710,13710,1
2020-11-25 15:08:29.423,13709,13710,13709,1
2020-11-25 15:08:29.578,13709,13710,13709,1
2020-11-25 15:08:29.770,13709,13710,13710,1
2020-11-25 15:08:33.861,13709,13710,13710,2
2020-11-25 15:08:34.138,13709,13710,13710,1
2020-11-25 15:08:34.541,13709,13710,13709,1
2020-11-25 15:08:34.730,13709,13710,13709,1
2020-11-25 15:08:41.464,13709,13710,13709,1
2020-11-25 15:08:44.877,13709,13710,13709,1
2020-11-25 15:08:47.733,13709,13710,13709,4
2020-11-25 15:08:51.652,13709,13710,13709,1
2020-11-25 15:08:52.068,13709,13710,13709,5
2020-11-25 15:08:53.284,13708,13709,13709,1
2020-11-25 15:08:53.284,13708,13709,13709,2
2020-11-25 15:08:53.284,13708,13709,13709,2
2020-11-25 15:08:55.026,13709,13710,13709,1
2020-11-25 15:08:59.337,13709,13710,13709,3
2020-11-25 15:08:59.398,13709,13710,13709,1
2020-11-25 15:09:02.922,13708,13709,13709,2
2020-11-25 15:09:08.225,13708,13709,13709,1
2020-11-25 15:09:18.988,13708,13709,13708,1
2020-11-25 15:09:20.869,13708,13709,13709,1
2020-11-25 15:09:29.883,13708,13709,13709,2
2020-11-25 15:09:29.922,13708,13709,13709,1
2020-11-25 15:09:31.013,13708,13709,13709,1
2020-11-25 15:09:41.456,13708,13709,13709,2
2020-11-25 15:09:42.385,13708,13709,13709,1
2020-11-25 15:10:04.902,13708,13709,13708,1
2020-11-25 15:10:04.915,13708,13709,13708,11
2020-11-25 15:10:04.915,13708,13709,13708,1
2020-11-25 15:10:04.915,13708,13709,13708,2
2020-11-25 15:10:04.915,13708,13709,13708,1
2020-11-25 15:10:04.915,13708,13709,13708,1
2020-11-25 15:10:04.915,13708,13709,13708,1
2020-11-25 15:10:04.915,13708,13709,13708,1
2020-11-25 15:10:04.915,13708,13709,13708,4
2020-11-25 15:10:05.322,13707,13708,13708,1
2020-11-25 15:10:05.322,13707,13708,13709,1
2020-11-25 15:10:06.132,13707,13708,13708,4
2020-11-25 15:10:06.132,13707,13708,13709,6
2020-11-25 15:10:29.108,13707,13708,13707,4
2020-11-25 15:10:29.109,13707,13708,13707,14
2020-11-25 15:10:29.109,13707,13708,13707,3
2020-11-25 15:10:29.109,13707,13708,13707,2
2020-11-25 15:10:29.117,13707,13708,13706,1
2020-11-25 15:10:29.208,13706,13707,13706,6
2020-11-25 15:10:32.015,13706,13707,13706,1
2020-11-25 15:10:33.480,13705,13707,13705,1
2020-11-25 15:10:34.096,13705,13707,13707,1
2020-11-25 15:10:34.295,13705,13707,13705,1
2020-11-25 15:10:39.203,13705,13706,13705,1
2020-11-25 15:10:40.580,13705,13706,13706,2
2020-11-25 15:10:44.511,13706,13708,13707,1
2020-11-25 15:10:56.117,13707,13708,13707,1
2020-11-25 15:11:01.139,13707,13708,13707,1
2020-11-25 15:11:03.364,13707,13708,13707,5
2020-11-25 15:11:04.664,13707,13708,13707,1
2020-11-25 15:11:04.674,13706,13707,13706,8
2020-11-25 15:11:04.918,13705,13707,13707,5
2020-11-25 15:11:15.449,13707,13708,13708,1
2020-11-25 15:11:38.980,13708,13709,13708,5
2020-11-25 15:11:51.065,13707,13709,13707,1
2020-11-25 15:11:58.276,13708,13709,13708,1
2020-11-25 15:12:03.780,13708,13709,13708,1
2020-11-25 15:12:13.434,13708,13709,13708,1
2020-11-25 15:12:14.044,13708,13709,13708,1
2020-11-25 15:12:26.661,13708,13709,13708,1
2020-11-25 15:12:35.796,13708,13709,13708,1
2020-11-25 15:12:57.528,13708,13709,13708,3
2020-11-25 15:12:59.034,13707,13708,13707,4
2020-11-25 15:12:59.349,13706,13708,13706,1
2020-11-25 15:12:59.713,13706,13708,13706,1
2020-11-25 15:13:03.048,13707,13708,13707,1
2020-11-25 15:13:14.708,13706,13707,13707,1
2020-11-25 15:13:25.092,13707,13708,13707,1
2020-11-25 15:13:28.729,13706,13707,13707,1
2020-11-25 15:13:45.524,13706,13707,13706,1
2020-11-25 15:14:02.612,13706,13707,13706,1
2020-11-25 15:14:07.178,13706,13707,13706,4
2020-11-25 15:14:17.295,13706,13707,13706,1
2020-11-25 15:14:19.204,13705,13706,13706,1
2020-11-25 15:14:20.117,13705,13706,13706,1
2020-11-25 15:14:21.318,13705,13706,13706,2
2020-11-25 15:14:41.630,13705,13706,13706,3
2020-11-25 15:14:48.987,13705,13706,13706,1
2020-11-25 15:15:03.058,13705,13706,13706,1
2020-11-25 15:15:03.353,13705,13706,13705,2
2020-11-25 15:15:03.353,13705,13706,13705,1
2020-11-25 15:15:03.353,13705,13706,13705,1
2020-11-25 15:15:03.353,13705,13706,13705,4
2020-11-25 15:15:03.353,13705,13706,13705,6
2020-11-25 15:15:03.353,13705,13706,13705,1
2020-11-25 15:15:03.402,13705,13706,13704,6
2020-11-25 15:15:03.410,13705,13706,13704,3
2020-11-25 15:15:03.410,13705,13706,13703,1
2020-11-25 15:15:03.499,13703,13705,13703,6
2020-11-25 15:15:12.809,13704,13705,13704,2
2020-11-25 15:15:12.809,13704,13705,13703,3
2020-11-25 15:15:19.221,13703,13704,13704,2
2020-11-25 15:15:19.291,13703,13704,13704,1
2020-11-25 15:15:19.291,13703,13704,13704,1
2020-11-25 15:15:21.966,13703,13704,13703,2
2020-11-25 15:15:22.041,13703,13704,13704,1
2020-11-25 15:15:22.738,13703,13704,13704,1
2020-11-25 15:15:25.731,13703,13704,13703,1
2020-11-25 15:15:27.616,13703,13704,13703,5
2020-11-25 15:15:28.200,13703,13704,13703,1
2020-11-25 15:15:28.292,13703,13704,13704,1
2020-11-25 15:15:30.319,13703,13704,13704,1
2020-11-25 15:15:36.059,13703,13704,13703,1
2020-11-25 15:15:38.559,13703,13704,13703,1
2020-11-25 15:15:40.243,13703,13704,13703,1
2020-11-25 15:15:40.244,13703,13704,13703,5
2020-11-25 15:15:43.397,13702,13703,13702,1
2020-11-25 15:15:43.397,13702,13703,13701,3
2020-11-25 15:15:43.411,13702,13703,13701,1
2020-11-25 15:15:43.443,13701,13703,13701,1
2020-11-25 15:15:43.488,13701,13703,13701,2
2020-11-25 15:15:43.556,13701,13703,13703,3
2020-11-25 15:15:43.683,13701,13703,13701,1
2020-11-25 15:15:45.335,13701,13702,13701,1
2020-11-25 15:15:48.706,13701,13702,13701,1
2020-11-25 15:15:49.832,13701,13702,13701,1
2020-11-25 15:15:49.916,13701,13702,13702,1
2020-11-25 15:15:49.916,13701,13702,13702,1
2020-11-25 15:15:58.998,13701,13702,13701,1
2020-11-25 15:15:59.315,13701,13702,13701,3
2020-11-25 15:15:59.316,13701,13702,13701,6
2020-11-25 15:16:02.341,13700,13701,13700,6
2020-11-25 15:16:02.443,13700,13701,13700,1
2020-11-25 15:16:02.529,13700,13701,13700,1
2020-11-25 15:16:04.467,13700,13701,13700,1
2020-11-25 15:16:04.541,13700,13701,13701,1
2020-11-25 15:16:05.323,13700,13701,13700,1
2020-11-25 15:16:06.282,13700,13701,13701,1
2020-11-25 15:16:08.914,13700,13701,13700,1
2020-11-25 15:16:09.041,13700,13701,13701,1
2020-11-25 15:16:09.041,13700,13701,13701,1
2020-11-25 15:16:09.559,13700,13701,13700,1
2020-11-25 15:16:13.236,13700,13701,13700,1
2020-11-25 15:16:13.411,13700,13701,13700,1
2020-11-25 15:16:15.348,13700,13701,13700,1
2020-11-25 15:16:15.447,13700,13701,13700,3
2020-11-25 15:16:15.620,13700,13701,13700,1
2020-11-25 15:16:18.248,13699,13700,13699,3
2020-11-25 15:16:18.257,13699,13700,13698,1
2020-11-25 15:16:18.266,13699,13700,13698,1
2020-11-25 15:16:18.550,13698,13699,13698,2
2020-11-25 15:16:18.550,13698,13699,13697,1
2020-11-25 15:16:19.006,13697,13699,13699,3
2020-11-25 15:16:19.042,13697,13699,13699,1
2020-11-25 15:16:19.043,13697,13699,13699,1
2020-11-25 15:16:19.043,13697,13699,13699,1
2020-11-25 15:16:19.043,13697,13699,13699,1
2020-11-25 15:16:19.046,13697,13699,13700,1
2020-11-25 15:16:19.387,13698,13700,13698,1
2020-11-25 15:16:19.458,13698,13700,13698,1
2020-11-25 15:16:19.708,13698,13700,13698,1
2020-11-25 15:16:20.873,13698,13699,13698,1
2020-11-25 15:16:21.299,13698,13700,13698,4
2020-11-25 15:16:24.154,13698,13699,13698,1
2020-11-25 15:16:24.944,13698,13699,13698,1
2020-11-25 15:16:25.172,13697,13698,13697,2
2020-11-25 15:16:25.988,13697,13698,13698,2
2020-11-25 15:16:27.871,13697,13698,13698,1
2020-11-25 15:16:28.412,13697,13698,13697,1
2020-11-25 15:16:28.416,13697,13698,13698,1
2020-11-25 15:16:28.417,13697,13698,13698,1
2020-11-25 15:16:28.417,13697,13698,13698,1
2020-11-25 15:16:28.417,13697,13698,13698,1
2020-11-25 15:16:28.421,13697,13698,13698,1
2020-11-25 15:16:29.671,13697,13698,13698,1
2020-11-25 15:16:32.367,13697,13698,13698,1
2020-11-25 15:16:33.743,13698,13699,13698,7
2020-11-25 15:16:33.743,13698,13699,13697,22
2020-11-25 15:16:34.549,13697,13699,13697,7
2020-11-25 15:16:35.581,13696,13697,13697,1
2020-11-25 15:16:36.574,13696,13697,13696,2
2020-11-25 15:16:37.722,13696,13697,13696,1
2020-11-25 15:16:41.709,13696,13697,13697,1
2020-11-25 15:16:41.854,13696,13698,13696,8
2020-11-25 15:16:41.854,13696,13698,13696,11
2020-11-25 15:16:41.855,13696,13698,13696,1
2020-11-25 15:16:41.878,13696,13698,13697,1
2020-11-25 15:16:42.443,13696,13698,13697,1
2020-11-25 15:16:42.457,13696,13698,13697,1
2020-11-25 15:16:43.317,13696,13698,13696,1
2020-11-25 15:16:43.598,13696,13698,13696,2
2020-11-25 15:16:44.002,13696,13697,13696,1
2020-11-25 15:16:44.502,13695,13696,13696,1
2020-11-25 15:16:45.021,13695,13696,13696,1
2020-11-25 15:16:46.022,13695,13696,13696,1
2020-11-25 15:16:49.490,13695,13696,13696,2
2020-11-25 15:16:50.492,13695,13696,13695,1
2020-11-25 15:16:50.947,13695,13696,13696,2
2020-11-25 15:16:51.487,13695,13696,13696,1
2020-11-25 15:16:51.904,13695,13696,13696,2
2020-11-25 15:16:51.904,13695,13696,13697,3
2020-11-25 15:16:54.495,13695,13696,13696,1
2020-11-25 15:16:57.193,13695,13696,13696,1
2020-11-25 15:16:57.629,13695,13696,13695,1
2020-11-25 15:16:57.741,13695,13696,13695,3
2020-11-25 15:16:57.742,13695,13696,13695,4
2020-11-25 15:16:57.742,13695,13696,13695,11
2020-11-25 15:16:57.742,13695,13696,13695,6
2020-11-25 15:16:58.838,13694,13695,13695,1
2020-11-25 15:16:58.912,13694,13695,13695,1
2020-11-25 15:16:58.971,13694,13695,13694,5
2020-11-25 15:16:58.971,13694,13695,13694,1
2020-11-25 15:16:59.010,13694,13695,13693,1
2020-11-25 15:16:59.054,13693,13695,13693,2
2020-11-25 15:16:59.068,13693,13695,13693,3
2020-11-25 15:16:59.068,13693,13695,13692,31
2020-11-25 15:16:59.068,13693,13695,13691,26
2020-11-25 15:16:59.175,13691,13693,13691,1
2020-11-25 15:16:59.197,13691,13693,13691,2
2020-11-25 15:16:59.207,13691,13693,13691,5
2020-11-25 15:16:59.208,13691,13693,13690,5
2020-11-25 15:16:59.209,13691,13693,13690,5
2020-11-25 15:16:59.210,13691,13693,13690,2
2020-11-25 15:16:59.211,13691,13693,13691,4
2020-11-25 15:16:59.216,13691,13693,13690,1
2020-11-25 15:16:59.223,13691,13693,13690,19
2020-11-25 15:16:59.223,13691,13693,13689,2
2020-11-25 15:16:59.227,13691,13693,13689,1
2020-11-25 15:16:59.230,13691,13693,13689,2
2020-11-25 15:16:59.327,13689,13691,13689,4
2020-11-25 15:16:59.331,13689,13691,13690,1
2020-11-25 15:16:59.361,13689,13691,13689,2
2020-11-25 15:16:59.362,13689,13691,13691,1
2020-11-25 15:16:59.371,13689,13691,13689,1
2020-11-25 15:16:59.372,13689,13691,13689,1
2020-11-25 15:16:59.372,13689,13691,13688,1
2020-11-25 15:16:59.374,13689,13691,13689,1
2020-11-25 15:16:59.379,13689,13691,13689,1
2020-11-25 15:16:59.384,13689,13691,13689,1
2020-11-25 15:16:59.393,13689,13691,13689,1
2020-11-25 15:16:59.412,13689,13691,13689,1
2020-11-25 15:16:59.412,13689,13691,13688,1
2020-11-25 15:16:59.415,13688,13690,13688,1
2020-11-25 15:16:59.464,13688,13690,13688,2
2020-11-25 15:16:59.477,13688,13690,13688,1
2020-11-25 15:16:59.488,13688,13690,13688,2
2020-11-25 15:16:59.497,13688,13690,13688,2
2020-11-25 15:16:59.504,13688,13690,13688,2
2020-11-25 15:16:59.504,13688,13690,13688,1
2020-11-25 15:16:59.507,13688,13690,13689,4
2020-11-25 15:16:59.530,13688,13690,13688,1
2020-11-25 15:16:59.543,13688,13690,13688,1
2020-11-25 15:16:59.557,13688,13690,13688,1
2020-11-25 15:16:59.595,13688,13690,13688,1
2020-11-25 15:16:59.596,13688,13690,13688,2
2020-11-25 15:16:59.612,13688,13690,13688,2
2020-11-25 15:16:59.654,13688,13690,13688,2
2020-11-25 15:16:59.673,13688,13690,13689,4
2020-11-25 15:16:59.678,13688,13690,13688,1
2020-11-25 15:16:59.680,13688,13690,13688,1
2020-11-25 15:16:59.688,13688,13690,13690,1
2020-11-25 15:16:59.698,13688,13690,13689,1
2020-11-25 15:16:59.698,13688,13690,13689,2
2020-11-25 15:16:59.715,13688,13690,13688,1
2020-11-25 15:16:59.723,13688,13690,13688,1
2020-11-25 15:16:59.723,13688,13690,13688,1
2020-11-25 15:16:59.734,13688,13690,13688,1
2020-11-25 15:16:59.735,13688,13690,13688,2
2020-11-25 15:16:59.742,13688,13690,13688,1
2020-11-25 15:16:59.745,13688,13690,13688,1
2020-11-25 15:16:59.770,13688,13690,13688,1
2020-11-25 15:16:59.771,13688,13690,13690,5
2020-11-25 15:16:59.774,13688,13690,13688,1
2020-11-25 15:16:59.809,13688,13691,13688,1
2020-11-25 15:16:59.810,13688,13691,13689,3
2020-11-25 15:16:59.813,13688,13691,13688,1
2020-11-25 15:16:59.835,13688,13691,13688,1
2020-11-25 15:16:59.850,13688,13691,13688,1
2020-11-25 15:16:59.854,13688,13691,13688,1
2020-11-25 15:16:59.902,13688,13691,13688,1
2020-11-25 15:16:59.989,13688,13691,13688,1
2020-11-25 15:17:00.005,13688,13691,13688,3
2020-11-25 15:17:00.015,13688,13691,13688,1
2020-11-25 15:17:00.116,13688,13690,13688,1
2020-11-25 15:17:00.138,13688,13690,13688,10
2020-11-25 15:17:00.178,13688,13689,13688,1
2020-11-25 15:17:00.180,13688,13689,13688,1
2020-11-25 15:17:00.198,13688,13689,13689,5
2020-11-25 15:17:00.203,13688,13689,13688,1
2020-11-25 15:17:00.251,13688,13689,13689,1
2020-11-25 15:17:00.457,13689,13691,13689,1
2020-11-25 15:17:00.460,13689,13691,13689,1
2020-11-25 15:17:00.619,13689,13691,13689,1
2020-11-25 15:17:00.767,13689,13691,13689,1
2020-11-25 15:17:00.791,13689,13691,13691,1
2020-11-25 15:17:00.800,13689,13691,13690,4
2020-11-25 15:17:00.800,13689,13691,13690,4
2020-11-25 15:17:00.819,13689,13691,13689,1
2020-11-25 15:17:00.847,13689,13691,13691,4
2020-11-25 15:17:00.849,13689,13691,13691,1
2020-11-25 15:17:00.849,13689,13691,13691,3
2020-11-25 15:17:01.155,13690,13692,13690,1
2020-11-25 15:17:01.162,13690,13692,13690,1
2020-11-25 15:17:01.170,13690,13692,13690,1
2020-11-25 15:17:01.214,13690,13692,13690,1
2020-11-25 15:17:01.215,13690,13692,13690,1
2020-11-25 15:17:01.319,13689,13691,13689,1
2020-11-25 15:17:01.350,13689,13691,13690,1
2020-11-25 15:17:01.413,13689,13691,13690,1
2020-11-25 15:17:01.472,13689,13691,13690,1
2020-11-25 15:17:01.526,13689,13691,13689,1
2020-11-25 15:17:01.556,13689,13691,13689,1
2020-11-25 15:17:01.582,13689,13691,13689,1
2020-11-25 15:17:01.605,13689,13691,13689,1
2020-11-25 15:17:01.708,13689,13691,13691,4
2020-11-25 15:17:01.751,13689,13691,13690,1
2020-11-25 15:17:01.842,13690,13691,13690,1
2020-11-25 15:17:02.090,13690,13691,13690,1
2020-11-25 15:17:02.423,13690,13691,13690,1
2020-11-25 15:17:02.752,13690,13691,13690,1
2020-11-25 15:17:03.167,13689,13691,13689,5
2020-11-25 15:17:03.730,13689,13691,13691,1
2020-11-25 15:17:03.786,13689,13691,13691,4
2020-11-25 15:17:04.060,13690,13692,13692,3
2020-11-25 15:17:04.124,13690,13692,13692,1
2020-11-25 15:17:04.305,13690,13692,13690,1
2020-11-25 15:17:05.329,13690,13691,13691,1
2020-11-25 15:17:05.651,13690,13691,13690,2
2020-11-25 15:17:05.664,13690,13691,13691,4
2020-11-25 15:17:05.719,13691,13692,13692,3
2020-11-25 15:17:06.197,13691,13692,13691,1
2020-11-25 15:17:06.296,13691,13692,13691,1
2020-11-25 15:17:06.727,13691,13692,13692,1
2020-11-25 15:17:07.344,13691,13692,13691,1
2020-11-25 15:17:07.717,13690,13692,13690,5
2020-11-25 15:17:09.919,13691,13692,13691,2
2020-11-25 15:17:10.601,13690,13692,13690,1
2020-11-25 15:17:10.678,13690,13691,13690,1
2020-11-25 15:17:10.963,13690,13691,13691,4
2020-11-25 15:17:11.711,13690,13692,13690,2
2020-11-25 15:17:12.428,13690,13692,13690,1
2020-11-25 15:17:14.592,13690,13691,13690,1
2020-11-25 15:17:14.963,13690,13691,13690,1
2020-11-25 15:17:16.303,13690,13691,13690,1
2020-11-25 15:17:16.815,13690,13691,13690,3
2020-11-25 15:17:17.498,13690,13691,13690,1
2020-11-25 15:17:17.832,13690,13691,13691,1
2020-11-25 15:17:18.632,13690,13691,13691,2
2020-11-25 15:17:18.706,13690,13691,13691,1
2020-11-25 15:17:18.984,13690,13691,13691,1
2020-11-25 15:17:19.073,13690,13692,13691,4
2020-11-25 15:17:19.073,13690,13692,13690,1
2020-11-25 15:17:21.308,13690,13691,13690,1
2020-11-25 15:17:22.460,13690,13691,13690,2
2020-11-25 15:17:24.479,13690,13691,13690,1
2020-11-25 15:17:24.831,13689,13690,13690,1
2020-11-25 15:17:24.888,13689,13690,13690,1
2020-11-25 15:17:26.849,13689,13690,13690,1
2020-11-25 15:17:27.729,13689,13690,13689,1
2020-11-25 15:17:29.507,13689,13690,13690,2
2020-11-25 15:17:31.570,13689,13690,13689,1
2020-11-25 15:17:32.942,13689,13690,13689,1
2020-11-25 15:17:33.670,13689,13690,13689,4
2020-11-25 15:17:33.670,13689,13690,13689,1
2020-11-25 15:17:33.670,13689,13690,13689,2
2020-11-25 15:17:33.670,13689,13690,13689,9
2020-11-25 15:17:34.399,13688,13689,13689,1
2020-11-25 15:17:36.186,13688,13689,13689,1
2020-11-25 15:17:36.276,13688,13689,13689,1
2020-11-25 15:17:36.333,13688,13689,13688,1
2020-11-25 15:17:36.846,13688,13689,13688,1
2020-11-25 15:17:37.421,13688,13689,13689,1
2020-11-25 15:17:37.467,13688,13689,13688,2
2020-11-25 15:17:38.080,13688,13689,13688,10
2020-11-25 15:17:38.080,13688,13689,13688,3
2020-11-25 15:17:38.080,13688,13689,13688,3
2020-11-25 15:17:38.291,13687,13688,13687,1
2020-11-25 15:17:38.292,13687,13688,13687,1
2020-11-25 15:17:38.293,13687,13688,13687,1
2020-11-25 15:17:38.733,13687,13688,13687,2
2020-11-25 15:17:39.149,13687,13688,13687,4
2020-11-25 15:17:39.149,13687,13688,13687,1
2020-11-25 15:17:39.149,13687,13688,13687,1
2020-11-25 15:17:39.149,13687,13688,13687,1
2020-11-25 15:17:39.680,13686,13687,13686,2
2020-11-25 15:17:40.174,13686,13687,13686,2
2020-11-25 15:17:40.711,13685,13687,13687,1
2020-11-25 15:17:40.740,13685,13687,13685,1
2020-11-25 15:17:40.775,13685,13687,13685,1
2020-11-25 15:17:40.775,13685,13687,13685,1
2020-11-25 15:17:40.785,13685,13687,13685,1
2020-11-25 15:17:40.881,13685,13686,13686,1
2020-11-25 15:17:41.088,13685,13686,13685,3
2020-11-25 15:17:41.128,13685,13686,13685,1
2020-11-25 15:17:41.587,13685,13686,13685,5
2020-11-25 15:17:43.130,13685,13686,13685,1
2020-11-25 15:17:43.560,13685,13686,13685,1
2020-11-25 15:17:43.728,13685,13686,13686,1
2020-11-25 15:17:43.782,13685,13686,13685,3
2020-11-25 15:17:43.783,13685,13686,13685,2
2020-11-25 15:17:43.936,13684,13685,13685,1
2020-11-25 15:17:43.943,13684,13685,13685,1
2020-11-25 15:17:44.279,13684,13685,13684,1
2020-11-25 15:17:44.348,13684,13685,13684,2
2020-11-25 15:17:44.348,13684,13685,13683,1
2020-11-25 15:17:44.355,13684,13685,13683,1
2020-11-25 15:17:44.373,13684,13685,13683,1
2020-11-25 15:17:44.406,13684,13685,13683,1
2020-11-25 15:17:44.429,13683,13685,13685,1
2020-11-25 15:17:44.451,13683,13685,13685,2
2020-11-25 15:17:44.493,13683,13685,13683,2
2020-11-25 15:17:44.512,13683,13685,13683,2
2020-11-25 15:17:44.549,13683,13684,13683,1
2020-11-25 15:17:44.567,13683,13684,13684,1
2020-11-25 15:17:44.665,13683,13684,13684,1
2020-11-25 15:17:44.705,13683,13684,13683,1
2020-11-25 15:17:44.744,13683,13684,13682,1
2020-11-25 15:17:44.849,13682,13684,13682,1
2020-11-25 15:17:44.994,13682,13684,13682,1
2020-11-25 15:17:45.155,13682,13684,13684,1
2020-11-25 15:17:45.199,13682,13684,13684,1
2020-11-25 15:17:45.416,13683,13685,13685,4
2020-11-25 15:17:45.425,13683,13685,13685,1
2020-11-25 15:17:45.833,13683,13685,13683,1
2020-11-25 15:17:46.101,13683,13685,13685,2
2020-11-25 15:17:46.171,13684,13685,13685,1
2020-11-25 15:17:46.215,13684,13685,13684,1
2020-11-25 15:17:46.488,13684,13685,13685,1
2020-11-25 15:17:46.772,13683,13685,13685,6
2020-11-25 15:17:46.773,13683,13685,13685,2
2020-11-25 15:17:46.773,13683,13685,13685,2
2020-11-25 15:17:47.172,13684,13685,13684,1
2020-11-25 15:17:47.769,13684,13685,13684,1
2020-11-25 15:17:49.165,13683,13684,13684,1
2020-11-25 15:17:49.705,13684,13685,13685,1
2020-11-25 15:17:49.707,13684,13685,13685,6
2020-11-25 15:17:49.924,13685,13686,13685,1
2020-11-25 15:17:50.802,13685,13686,13686,1
2020-11-25 15:17:50.934,13685,13686,13686,1
2020-11-25 15:17:50.971,13685,13686,13685,4
2020-11-25 15:17:50.971,13685,13686,13684,1
2020-11-25 15:17:51.386,13685,13686,13685,1
2020-11-25 15:17:51.540,13685,13686,13686,7
2020-11-25 15:17:51.658,13685,13686,13685,1
2020-11-25 15:17:51.666,13685,13687,13685,3
2020-11-25 15:17:51.932,13686,13687,13687,1
2020-11-25 15:17:52.061,13686,13687,13687,1
2020-11-25 15:17:52.118,13686,13687,13686,1
2020-11-25 15:17:52.609,13686,13688,13688,3
2020-11-25 15:17:52.813,13686,13688,13686,1
2020-11-25 15:17:52.869,13686,13688,13688,1
2020-11-25 15:17:53.195,13686,13688,13688,1
2020-11-25 15:17:53.316,13686,13688,13688,1
2020-11-25 15:17:53.373,13686,13688,13688,2
2020-11-25 15:17:53.443,13686,13689,13686,3
2020-11-25 15:17:53.825,13687,13688,13687,1
2020-11-25 15:17:53.949,13687,13688,13687,1
2020-11-25 15:17:53.958,13687,13688,13687,1
2020-11-25 15:17:53.985,13687,13688,13687,1
2020-11-25 15:17:53.989,13687,13688,13686,1
2020-11-25 15:17:54.036,13687,13688,13686,1
2020-11-25 15:17:54.046,13686,13688,13686,1
2020-11-25 15:17:54.103,13686,13688,13686,1
2020-11-25 15:17:54.119,13686,13688,13686,1
2020-11-25 15:17:55.445,13686,13687,13686,1
2020-11-25 15:17:55.474,13686,13687,13686,1
2020-11-25 15:17:55.509,13686,13687,13687,1
2020-11-25 15:17:57.004,13686,13688,13686,2
2020-11-25 15:17:57.610,13686,13688,13688,1
2020-11-25 15:17:57.765,13686,13688,13688,4
2020-11-25 15:17:59.392,13686,13687,13686,2
2020-11-25 15:18:01.207,13686,13687,13686,2
2020-11-25 15:18:01.451,13686,13687,13686,1
2020-11-25 15:18:01.689,13686,13687,13686,1
2020-11-25 15:18:01.915,13685,13687,13687,1
2020-11-25 15:18:03.634,13686,13687,13686,1
2020-11-25 15:18:04.109,13686,13687,13687,1
2020-11-25 15:18:04.563,13686,13688,13688,1
2020-11-25 15:18:05.391,13686,13688,13686,1
2020-11-25 15:18:05.789,13686,13687,13686,1
2020-11-25 15:18:05.906,13686,13687,13687,1
2020-11-25 15:18:10.925,13686,13687,13686,12
2020-11-25 15:18:10.925,13686,13687,13685,8
2020-11-25 15:18:11.199,13685,13686,13686,1
2020-11-25 15:18:11.419,13685,13686,13685,1
2020-11-25 15:18:11.995,13685,13687,13687,1
2020-11-25 15:18:14.569,13685,13686,13686,3
2020-11-25 15:18:15.533,13686,13687,13687,5
2020-11-25 15:18:16.428,13686,13687,13687,1
2020-11-25 15:18:16.835,13687,13688,13688,1
2020-11-25 15:18:17.351,13687,13688,13687,1
2020-11-25 15:18:17.418,13687,13688,13687,1
2020-11-25 15:18:17.583,13687,13688,13688,2
2020-11-25 15:18:17.737,13687,13688,13688,5
2020-11-25 15:18:18.335,13687,13688,13687,1
2020-11-25 15:18:18.356,13687,13688,13687,1
2020-11-25 15:18:18.720,13686,13687,13687,1
2020-11-25 15:18:21.007,13686,13687,13687,2
2020-11-25 15:18:21.438,13686,13687,13687,1
2020-11-25 15:18:21.727,13687,13688,13687,1
2020-11-25 15:18:21.887,13687,13688,13688,1
2020-11-25 15:18:22.219,13687,13688,13687,1
2020-11-25 15:18:24.421,13687,13688,13687,2
2020-11-25 15:18:24.996,13687,13688,13687,2
2020-11-25 15:18:26.240,13687,13688,13687,1
2020-11-25 15:18:30.860,13687,13688,13687,2
2020-11-25 15:18:32.849,13687,13688,13687,1
2020-11-25 15:18:35.310,13687,13688,13687,2
2020-11-25 15:18:35.680,13686,13688,13688,2
2020-11-25 15:18:39.925,13687,13688,13688,1
2020-11-25 15:18:40.036,13687,13688,13687,2
2020-11-25 15:18:40.557,13687,13688,13688,1
2020-11-25 15:18:43.662,13687,13688,13688,1
2020-11-25 15:18:43.665,13687,13688,13688,6
2020-11-25 15:18:44.848,13687,13689,13689,2
2020-11-25 15:18:47.720,13688,13689,13689,1
2020-11-25 15:18:49.010,13688,13689,13689,2
2020-11-25 15:18:49.274,13688,13689,13689,1
2020-11-25 15:18:49.608,13688,13689,13688,1
2020-11-25 15:18:50.027,13687,13689,13689,1
2020-11-25 15:18:50.492,13687,13688,13688,1
2020-11-25 15:18:50.643,13687,13688,13688,1
2020-11-25 15:18:52.057,13687,13688,13687,1
2020-11-25 15:18:55.303,13687,13688,13688,1
2020-11-25 15:18:56.411,13687,13688,13687,1
2020-11-25 15:18:56.564,13687,13688,13688,1
2020-11-25 15:18:57.050,13687,13688,13687,1
2020-11-25 15:18:57.890,13687,13688,13687,1
2020-11-25 15:19:02.094,13687,13688,13687,2
2020-11-25 15:19:02.312,13687,13688,13687,1
2020-11-25 15:19:04.279,13687,13688,13687,1
2020-11-25 15:19:04.426,13687,13688,13688,1
2020-11-25 15:19:05.296,13687,13688,13687,1
2020-11-25 15:19:07.282,13687,13688,13687,4
2020-11-25 15:19:07.282,13687,13688,13687,1
2020-11-25 15:19:08.986,13686,13687,13686,5
2020-11-25 15:19:08.988,13686,13687,13686,6
2020-11-25 15:19:12.693,13685,13686,13685,4
2020-11-25 15:19:12.694,13685,13686,13685,4
2020-11-25 15:19:12.694,13685,13686,13685,1
2020-11-25 15:19:12.694,13685,13686,13685,6
2020-11-25 15:19:12.784,13685,13686,13684,1
2020-11-25 15:19:13.616,13684,13685,13685,1
2020-11-25 15:19:13.739,13684,13685,13685,1
2020-11-25 15:19:14.080,13684,13685,13685,1
2020-11-25 15:19:14.813,13684,13685,13685,1
2020-11-25 15:19:15.579,13684,13685,13685,1
2020-11-25 15:19:15.730,13684,13685,13685,1
2020-11-25 15:19:16.036,13684,13685,13685,2
2020-11-25 15:19:16.769,13684,13686,13686,1
2020-11-25 15:19:17.521,13684,13686,13684,3
2020-11-25 15:19:18.068,13684,13686,13684,3
2020-11-25 15:19:19.297,13684,13685,13685,1
2020-11-25 15:19:21.324,13684,13685,13684,3
2020-11-25 15:19:22.180,13684,13685,13684,1
2020-11-25 15:19:22.286,13684,13685,13685,1
2020-11-25 15:19:22.550,13684,13685,13684,1
2020-11-25 15:19:22.599,13684,13685,13684,1
2020-11-25 15:19:23.003,13684,13685,13685,1
2020-11-25 15:19:23.527,13684,13685,13684,1
2020-11-25 15:19:24.092,13684,13685,13684,1
2020-11-25 15:19:24.092,13684,13685,13683,2
2020-11-25 15:19:24.454,13683,13685,13683,1
2020-11-25 15:19:25.473,13683,13685,13683,1
2020-11-25 15:19:25.972,13684,13685,13685,1
2020-11-25 15:19:26.828,13684,13685,13684,1
2020-11-25 15:19:26.868,13684,13685,13684,2
2020-11-25 15:19:28.301,13683,13684,13684,2
2020-11-25 15:19:28.582,13684,13685,13684,1
2020-11-25 15:19:28.582,13684,13685,13683,1
2020-11-25 15:19:29.123,13684,13685,13684,1
2020-11-25 15:19:29.209,13683,13685,13683,1
2020-11-25 15:19:29.869,13683,13684,13683,1
2020-11-25 15:19:30.909,13683,13684,13684,1
2020-11-25 15:19:31.411,13683,13684,13683,1
2020-11-25 15:19:33.130,13683,13684,13684,6
2020-11-25 15:19:33.176,13684,13685,13684,4
2020-11-25 15:19:33.625,13683,13685,13685,6
2020-11-25 15:19:34.526,13684,13685,13685,6
2020-11-25 15:19:34.528,13684,13685,13685,1
2020-11-25 15:19:34.908,13684,13686,13686,6
2020-11-25 15:19:35.881,13685,13686,13685,1
2020-11-25 15:19:36.153,13685,13686,13686,2
2020-11-25 15:19:36.280,13686,13687,13687,2
2020-11-25 15:19:36.418,13686,13688,13686,3
2020-11-25 15:19:37.306,13686,13688,13686,1
2020-11-25 15:19:37.708,13686,13688,13686,1
2020-11-25 15:19:39.608,13687,13688,13688,1
2020-11-25 15:19:40.144,13687,13688,13687,2
2020-11-25 15:19:40.874,13687,13688,13687,1
2020-11-25 15:19:46.448,13687,13688,13688,3
2020-11-25 15:19:46.615,13687,13688,13687,1
2020-11-25 15:19:47.418,13685,13687,13687,2
2020-11-25 15:19:52.073,13686,13687,13686,1
2020-11-25 15:19:53.000,13686,13687,13686,1
2020-11-25 15:19:53.729,13686,13687,13687,1
2020-11-25 15:19:55.276,13687,13688,13688,1
2020-11-25 15:19:57.029,13688,13689,13689,1
2020-11-25 15:19:57.481,13688,13689,13688,4
2020-11-25 15:19:57.481,13688,13689,13687,3
2020-11-25 15:19:58.568,13687,13688,13687,1
2020-11-25 15:19:59.917,13687,13688,13688,2
2020-11-25 15:20:01.518,13687,13688,13687,1
2020-11-25 15:20:01.804,13687,13689,13687,1
2020-11-25 15:20:01.823,13687,13689,13687,1
2020-11-25 15:20:01.827,13687,13689,13687,1
2020-11-25 15:20:01.831,13687,13689,13687,1
2020-11-25 15:20:01.835,13687,13689,13687,1
2020-11-25 15:20:01.839,13687,13689,13687,1
2020-11-25 15:20:01.849,13687,13689,13687,1
2020-11-25 15:20:01.849,13687,13689,13686,1
2020-11-25 15:20:01.855,13687,13689,13686,1
2020-11-25 15:20:01.873,13687,13689,13686,1
2020-11-25 15:20:01.946,13686,13688,13686,1
2020-11-25 15:20:02.157,13686,13688,13687,1
2020-11-25 15:20:02.351,13686,13688,13686,1
2020-11-25 15:20:03.676,13686,13687,13687,1
2020-11-25 15:20:06.416,13687,13688,13688,1
2020-11-25 15:20:08.016,13687,13689,13687,1
2020-11-25 15:20:10.483,13688,13689,13689,1
2020-11-25 15:20:12.415,13688,13689,13689,4
2020-11-25 15:20:14.234,13689,13690,13690,1
2020-11-25 15:20:16.356,13689,13690,13690,1
2020-11-25 15:20:16.356,13689,13690,13690,5
2020-11-25 15:20:16.356,13689,13690,13690,12
2020-11-25 15:20:17.603,13689,13691,13691,1
2020-11-25 15:20:20.579,13690,13691,13691,1
2020-11-25 15:20:21.945,13690,13691,13690,2
2020-11-25 15:20:22.316,13690,13691,13690,1
2020-11-25 15:20:23.436,13689,13691,13691,2
2020-11-25 15:20:26.790,13690,13691,13690,6
2020-11-25 15:20:29.437,13689,13690,13690,3
2020-11-25 15:20:33.003,13689,13690,13689,1
2020-11-25 15:20:34.777,13689,13690,13690,1
2020-11-25 15:20:38.308,13689,13690,13690,3
2020-11-25 15:20:38.437,13690,13691,13690,1
2020-11-25 15:20:40.483,13689,13691,13689,1
2020-11-25 15:20:40.498,13689,13691,13689,1
2020-11-25 15:20:42.652,13689,13690,13689,1
2020-11-25 15:20:42.965,13689,13690,13690,4
2020-11-25 15:20:45.796,13690,13691,13690,3
2020-11-25 15:20:50.756,13689,13690,13689,3
2020-11-25 15:20:51.678,13689,13690,13690,1
2020-11-25 15:20:54.133,13689,13690,13689,1
2020-11-25 15:20:55.299,13689,13690,13690,2
2020-11-25 15:20:55.951,13689,13690,13689,1
2020-11-25 15:20:56.852,13689,13690,13690,2
2020-11-25 15:20:58.636,13689,13690,13690,5
2020-11-25 15:21:00.293,13689,13690,13689,1
2020-11-25 15:21:02.538,13688,13689,13689,1
2020-11-25 15:21:02.840,13688,13689,13689,4
2020-11-25 15:21:07.398,13689,13690,13689,2
2020-11-25 15:21:08.342,13689,13690,13689,1
2020-11-25 15:21:08.700,13689,13690,13689,4
2020-11-25 15:21:10.309,13688,13690,13689,1
2020-11-25 15:21:11.698,13688,13689,13688,1
2020-11-25 15:21:13.210,13688,13689,13688,5
2020-11-25 15:21:14.816,13687,13688,13688,1
2020-11-25 15:21:19.178,13687,13688,13687,1
2020-11-25 15:21:19.178,13687,13688,13687,2
2020-11-25 15:21:19.707,13686,13688,13687,1
2020-11-25 15:21:26.526,13686,13687,13686,1
2020-11-25 15:21:27.313,13686,13687,13686,1
2020-11-25 15:21:28.999,13686,13687,13686,1
2020-11-25 15:21:29.104,13686,13687,13687,1
2020-11-25 15:21:29.871,13686,13687,13686,3
2020-11-25 15:21:30.560,13685,13686,13686,1
2020-11-25 15:21:31.299,13685,13686,13685,9
2020-11-25 15:21:31.299,13685,13686,13684,1
2020-11-25 15:21:32.909,13684,13685,13685,1
2020-11-25 15:21:33.176,13684,13686,13684,1
2020-11-25 15:21:34.301,13684,13686,13684,1
2020-11-25 15:21:38.223,13684,13685,13684,2
2020-11-25 15:21:38.289,13684,13685,13684,7
2020-11-25 15:21:39.269,13683,13684,13684,2
2020-11-25 15:21:44.338,13683,13684,13683,5
2020-11-25 15:21:44.415,13683,13684,13683,10
2020-11-25 15:21:45.947,13682,13683,13683,1
2020-11-25 15:21:46.114,13682,13683,13683,1
2020-11-25 15:21:47.290,13683,13684,13684,1
2020-11-25 15:21:47.560,13683,13684,13684,1
2020-11-25 15:21:47.640,13683,13684,13683,1
2020-11-25 15:21:47.771,13683,13684,13684,1
2020-11-25 15:21:47.941,13683,13684,13684,1
2020-11-25 15:21:48.117,13683,13684,13684,1
2020-11-25 15:21:48.310,13683,13684,13684,1
2020-11-25 15:21:48.479,13683,13684,13684,1
2020-11-25 15:21:48.660,13683,13684,13684,1
2020-11-25 15:21:48.871,13683,13684,13684,1
2020-11-25 15:21:49.015,13683,13684,13683,1
2020-11-25 15:21:49.170,13683,13684,13684,1
2020-11-25 15:21:49.396,13683,13684,13684,1
2020-11-25 15:21:49.398,13683,13684,13684,2
2020-11-25 15:21:49.883,13684,13685,13684,1
2020-11-25 15:21:50.017,13684,13685,13684,1
2020-11-25 15:21:50.017,13684,13685,13683,6
2020-11-25 15:21:50.018,13684,13685,13683,2
2020-11-25 15:21:50.018,13684,13685,13683,2
2020-11-25 15:21:50.232,13683,13684,13683,1
2020-11-25 15:21:51.338,13683,13684,13683,2
2020-11-25 15:21:51.971,13682,13684,13683,1
2020-11-25 15:21:52.178,13682,13683,13682,1
2020-11-25 15:21:52.318,13682,13683,13682,1
2020-11-25 15:21:52.322,13682,13683,13682,2
2020-11-25 15:21:52.376,13682,13683,13682,2
2020-11-25 15:21:52.388,13682,13683,13682,1
2020-11-25 15:21:52.444,13682,13683,13682,2
2020-11-25 15:21:52.570,13682,13683,13682,1
2020-11-25 15:21:52.570,13682,13683,13682,4
2020-11-25 15:21:52.570,13682,13683,13682,14
2020-11-25 15:21:52.610,13682,13683,13681,1
2020-11-25 15:21:52.639,13682,13683,13682,1
2020-11-25 15:21:52.640,13682,13683,13682,3
2020-11-25 15:21:52.814,13681,13683,13683,1
2020-11-25 15:21:52.910,13681,13683,13683,1
2020-11-25 15:21:53.034,13681,13683,13681,13
2020-11-25 15:21:53.035,13681,13683,13681,7
2020-11-25 15:21:53.039,13680,13682,13682,6
2020-11-25 15:21:53.262,13682,13683,13682,1
2020-11-25 15:21:54.282,13682,13683,13683,1
2020-11-25 15:21:55.101,13682,13683,13683,1
2020-11-25 15:21:55.184,13682,13683,13682,1
2020-11-25 15:21:55.286,13682,13683,13682,2
2020-11-25 15:21:56.061,13681,13682,13682,1
2020-11-25 15:21:56.062,13681,13682,13682,2
2020-11-25 15:21:57.747,13681,13682,13682,1
2020-11-25 15:21:59.052,13681,13682,13682,2
2020-11-25 15:21:59.491,13681,13683,13681,2
2020-11-25 15:21:59.648,13681,13683,13681,4
2020-11-25 15:21:59.648,13681,13683,13681,2
2020-11-25 15:21:59.649,13681,13683,13681,2
2020-11-25 15:22:01.202,13681,13682,13682,5
2020-11-25 15:22:02.711,13682,13683,13682,1
2020-11-25 15:22:02.789,13682,13683,13682,1
2020-11-25 15:22:02.791,13682,13683,13682,1
2020-11-25 15:22:02.791,13682,13683,13681,1
2020-11-25 15:22:02.791,13682,13683,13681,1
2020-11-25 15:22:02.791,13682,13683,13681,1
2020-11-25 15:22:04.412,13682,13683,13682,1
2020-11-25 15:22:05.537,13681,13682,13681,1
2020-11-25 15:22:06.007,13681,13682,13681,1
2020-11-25 15:22:06.731,13681,13682,13682,1
2020-11-25 15:22:06.732,13681,13682,13682,2
2020-11-25 15:22:06.867,13681,13683,13681,1
2020-11-25 15:22:07.761,13681,13683,13681,1
2020-11-25 15:22:09.155,13681,13682,13681,1
2020-11-25 15:22:12.265,13681,13683,13681,3
2020-11-25 15:22:12.384,13680,13682,13680,5
2020-11-25 15:22:12.452,13680,13682,13680,3
2020-11-25 15:22:12.457,13680,13682,13680,3
2020-11-25 15:22:12.868,13680,13681,13680,1
2020-11-25 15:22:12.913,13680,13681,13680,1
2020-11-25 15:22:12.914,13680,13681,13680,4
2020-11-25 15:22:12.914,13680,13681,13680,15
2020-11-25 15:22:12.914,13680,13681,13680,3
2020-11-25 15:22:12.915,13680,13681,13680,11
2020-11-25 15:22:13.165,13679,13680,13679,1
2020-11-25 15:22:13.317,13679,13680,13679,1
2020-11-25 15:22:13.355,13679,13680,13679,1
2020-11-25 15:22:13.535,13679,13680,13679,1
2020-11-25 15:22:13.818,13679,13680,13679,1
2020-11-25 15:22:13.818,13679,13680,13678,1
2020-11-25 15:22:14.000,13678,13680,13680,1
2020-11-25 15:22:14.063,13678,13680,13678,1
2020-11-25 15:22:14.237,13678,13680,13678,1
2020-11-25 15:22:14.594,13678,13680,13678,2
2020-11-25 15:22:15.326,13679,13680,13679,1
2020-11-25 15:22:15.587,13679,13680,13679,1
2020-11-25 15:22:15.882,13679,13680,13679,2
2020-11-25 15:22:16.493,13679,13680,13679,1
2020-11-25 15:22:18.699,13678,13679,13678,1
2020-11-25 15:22:19.005,13678,13679,13679,6
2020-11-25 15:22:19.006,13678,13679,13679,1
2020-11-25 15:22:19.455,13678,13680,13678,1
2020-11-25 15:22:19.689,13678,13679,13679,1
2020-11-25 15:22:19.813,13678,13679,13678,1
2020-11-25 15:22:20.120,13678,13679,13678,1
2020-11-25 15:22:20.251,13678,13679,13678,3
2020-11-25 15:22:20.252,13678,13679,13678,4
2020-11-25 15:22:20.252,13678,13679,13678,3
2020-11-25 15:22:20.252,13678,13679,13678,3
2020-11-25 15:22:20.265,13678,13679,13678,1
2020-11-25 15:22:20.658,13677,13678,13677,1
2020-11-25 15:22:20.677,13677,13678,13677,1
2020-11-25 15:22:20.683,13677,13678,13677,10
2020-11-25 15:22:20.707,13677,13678,13677,1
2020-11-25 15:22:20.799,13677,13678,13677,1
2020-11-25 15:22:20.811,13677,13678,13677,3
2020-11-25 15:22:20.861,13677,13678,13678,4
2020-11-25 15:22:20.956,13676,13678,13676,1
2020-11-25 15:22:20.977,13676,13678,13676,1
2020-11-25 15:22:20.989,13676,13678,13676,1
2020-11-25 15:22:21.030,13676,13678,13676,1
2020-11-25 15:22:21.048,13676,13678,13676,1
2020-11-25 15:22:21.084,13676,13678,13676,1
2020-11-25 15:22:21.098,13676,13678,13676,1
2020-11-25 15:22:21.345,13676,13678,13676,2
2020-11-25 15:22:21.360,13676,13678,13676,1
2020-11-25 15:22:21.466,13676,13677,13676,1
2020-11-25 15:22:21.550,13676,13677,13676,2
2020-11-25 15:22:21.784,13676,13677,13676,2
2020-11-25 15:22:21.895,13675,13676,13676,1
2020-11-25 15:22:22.363,13675,13676,13676,1
2020-11-25 15:22:22.718,13675,13677,13675,1
2020-11-25 15:22:22.931,13675,13677,13675,2
2020-11-25 15:22:23.173,13675,13676,13676,1
2020-11-25 15:22:23.266,13675,13676,13676,1
2020-11-25 15:22:23.343,13675,13676,13676,2
2020-11-25 15:22:23.476,13675,13676,13675,1
2020-11-25 15:22:23.519,13675,13676,13675,2
2020-11-25 15:22:23.710,13675,13676,13675,1
2020-11-25 15:22:23.790,13675,13676,13675,1
2020-11-25 15:22:24.114,13675,13676,13675,1
2020-11-25 15:22:24.407,13675,13676,13676,1
2020-11-25 15:22:24.720,13675,13677,13675,1
2020-11-25 15:22:25.279,13675,13677,13675,3
2020-11-25 15:22:25.646,13675,13677,13675,3
2020-11-25 15:22:26.284,13675,13676,13675,1
2020-11-25 15:22:26.491,13675,13676,13676,1
2020-11-25 15:22:26.810,13675,13676,13675,1
2020-11-25 15:22:27.492,13675,13676,13675,3
2020-11-25 15:22:28.194,13675,13676,13675,2
2020-11-25 15:22:28.254,13675,13676,13675,1
2020-11-25 15:22:28.573,13675,13676,13675,1
2020-11-25 15:22:28.723,13675,13676,13675,4
2020-11-25 15:22:29.151,13674,13675,13675,1
2020-11-25 15:22:29.931,13674,13675,13675,1
2020-11-25 15:22:30.488,13674,13675,13675,1
2020-11-25 15:22:30.583,13674,13675,13675,1
2020-11-25 15:22:32.287,13674,13675,13674,2
2020-11-25 15:22:32.457,13674,13675,13674,1
2020-11-25 15:22:32.687,13674,13675,13675,2
2020-11-25 15:22:32.705,13674,13675,13675,1
2020-11-25 15:22:32.717,13674,13675,13674,1
2020-11-25 15:22:32.728,13674,13675,13674,1
2020-11-25 15:22:32.967,13674,13675,13675,1
2020-11-25 15:22:33.256,13674,13675,13674,1
2020-11-25 15:22:33.546,13674,13675,13674,1
2020-11-25 15:22:34.830,13674,13675,13674,2
2020-11-25 15:22:35.209,13674,13675,13674,1
2020-11-25 15:22:35.209,13674,13675,13673,4
2020-11-25 15:22:35.326,13673,13674,13673,7
2020-11-25 15:22:35.529,13672,13673,13673,1
2020-11-25 15:22:35.717,13672,13673,13673,5
2020-11-25 15:22:36.177,13672,13673,13673,1
2020-11-25 15:22:36.180,13672,13673,13673,7
2020-11-25 15:22:36.181,13672,13673,13673,1
2020-11-25 15:22:36.181,13672,13673,13673,1
2020-11-25 15:22:36.181,13672,13673,13673,1
2020-11-25 15:22:36.181,13672,13673,13673,1
2020-11-25 15:22:36.579,13672,13673,13672,5
2020-11-25 15:22:36.855,13672,13673,13672,1
2020-11-25 15:22:37.136,13672,13673,13672,1
2020-11-25 15:22:39.092,13672,13673,13672,1
2020-11-25 15:22:39.210,13672,13673,13673,1
2020-11-25 15:22:39.674,13672,13673,13672,1
2020-11-25 15:22:39.732,13672,13673,13672,1
2020-11-25 15:22:40.340,13672,13673,13673,4
2020-11-25 15:22:40.547,13672,13673,13673,1
2020-11-25 15:22:40.706,13672,13673,13672,1
2020-11-25 15:22:40.806,13672,13673,13673,1
2020-11-25 15:22:40.979,13672,13673,13672,1
2020-11-25 15:22:41.872,13672,13673,13673,4
2020-11-25 15:22:41.872,13672,13673,13673,28
2020-11-25 15:22:43.149,13673,13674,13673,1
2020-11-25 15:22:43.266,13673,13674,13673,1
2020-11-25 15:22:43.344,13673,13674,13673,1
2020-11-25 15:22:43.566,13673,13674,13674,1
2020-11-25 15:22:44.350,13673,13674,13674,2
2020-11-25 15:22:44.350,13673,13674,13674,2
2020-11-25 15:22:44.350,13673,13674,13674,3
2020-11-25 15:22:44.792,13674,13675,13674,1
2020-11-25 15:22:45.024,13674,13675,13674,1
2020-11-25 15:22:45.648,13674,13675,13675,2
2020-11-25 15:22:46.228,13674,13675,13674,1
2020-11-25 15:22:47.005,13674,13675,13675,8
2020-11-25 15:22:47.006,13674,13675,13675,5
2020-11-25 15:22:47.092,13675,13676,13675,1
2020-11-25 15:22:47.964,13675,13676,13675,2
2020-11-25 15:22:48.871,13675,13676,13675,1
2020-11-25 15:22:49.256,13675,13676,13675,2
2020-11-25 15:22:49.905,13675,13676,13676,4
2020-11-25 15:22:49.905,13675,13676,13676,7
2020-11-25 15:22:50.178,13676,13677,13676,4
2020-11-25 15:22:50.178,13676,13677,13675,1
2020-11-25 15:22:50.216,13676,13677,13677,2
2020-11-25 15:22:50.919,13676,13677,13677,4
2020-11-25 15:22:50.919,13676,13677,13678,2
2020-11-25 15:22:51.824,13677,13678,13677,1
2020-11-25 15:22:52.811,13676,13677,13677,1
2020-11-25 15:22:52.918,13676,13678,13676,1
2020-11-25 15:22:52.968,13676,13678,13676,1
2020-11-25 15:22:55.130,13677,13678,13677,2
2020-11-25 15:22:56.415,13676,13677,13677,1
2020-11-25 15:22:56.440,13676,13677,13676,1
2020-11-25 15:22:56.461,13676,13677,13677,3
2020-11-25 15:22:56.461,13676,13677,13678,2
2020-11-25 15:22:57.368,13676,13678,13678,4
2020-11-25 15:22:58.207,13677,13678,13678,2
2020-11-25 15:22:58.626,13678,13679,13679,1
2020-11-25 15:23:00.496,13678,13679,13678,2
2020-11-25 15:23:01.272,13678,13679,13678,2
2020-11-25 15:23:01.611,13678,13679,13678,3
2020-11-25 15:23:02.016,13677,13678,13677,1
2020-11-25 15:23:02.710,13677,13678,13678,1
2020-11-25 15:23:03.938,13677,13678,13678,1
2020-11-25 15:23:05.018,13677,13679,13677,1
2020-11-25 15:23:05.491,13677,13678,13678,2
2020-11-25 15:23:07.459,13677,13678,13678,1
2020-11-25 15:23:08.313,13677,13678,13677,1
2020-11-25 15:23:08.588,13677,13678,13678,1
2020-11-25 15:23:09.198,13677,13678,13677,1
2020-11-25 15:23:09.341,13677,13678,13677,9
2020-11-25 15:23:09.661,13676,13677,13677,5
2020-11-25 15:23:10.289,13676,13677,13677,1
2020-11-25 15:23:10.327,13676,13677,13677,1
2020-11-25 15:23:10.516,13676,13677,13677,10
2020-11-25 15:23:11.015,13676,13677,13677,3
2020-11-25 15:23:11.015,13676,13677,13678,1
2020-11-25 15:23:16.195,13677,13678,13678,1
2020-11-25 15:23:17.435,13677,13678,13678,1
2020-11-25 15:23:17.496,13677,13678,13678,1
2020-11-25 15:23:19.163,13677,13678,13678,1
2020-11-25 15:23:19.601,13677,13678,13678,1
2020-11-25 15:23:25.025,13678,13679,13678,1
2020-11-25 15:23:27.679,13678,13679,13679,4
2020-11-25 15:23:27.679,13678,13679,13679,11
2020-11-25 15:23:27.679,13678,13679,13679,1
2020-11-25 15:23:27.680,13678,13679,13679,28
2020-11-25 15:23:27.680,13678,13679,13679,1
2020-11-25 15:23:27.813,13679,13680,13679,8
2020-11-25 15:23:27.813,13679,13680,13678,2
2020-11-25 15:23:28.207,13679,13680,13679,1
2020-11-25 15:23:28.285,13679,13680,13679,2
2020-11-25 15:23:29.039,13679,13680,13680,5
2020-11-25 15:23:29.158,13679,13680,13680,6
2020-11-25 15:23:31.202,13679,13680,13680,2
2020-11-25 15:23:31.268,13679,13680,13680,1
2020-11-25 15:23:31.649,13679,13680,13680,1
2020-11-25 15:23:32.149,13680,13681,13681,1
2020-11-25 15:23:34.734,13680,13681,13681,1
2020-11-25 15:23:34.972,13680,13681,13680,1
2020-11-25 15:23:35.306,13680,13681,13681,2
2020-11-25 15:23:35.437,13680,13681,13680,1
2020-11-25 15:23:35.578,13680,13681,13681,1
2020-11-25 15:23:36.280,13680,13681,13681,1
2020-11-25 15:23:37.604,13680,13681,13680,1
2020-11-25 15:23:37.689,13680,13681,13681,1
2020-11-25 15:23:37.711,13680,13681,13681,1
2020-11-25 15:23:37.822,13680,13681,13681,1
2020-11-25 15:23:38.247,13680,13681,13681,2
2020-11-25 15:23:38.288,13680,13681,13681,1
2020-11-25 15:23:38.736,13680,13681,13681,1
2020-11-25 15:23:39.289,13680,13681,13681,5
2020-11-25 15:23:41.225,13680,13681,13681,1
2020-11-25 15:23:42.314,13680,13681,13681,1
2020-11-25 15:23:43.338,13681,13682,13681,2
2020-11-25 15:23:45.669,13680,13681,13681,1
2020-11-25 15:23:47.348,13680,13681,13680,1
2020-11-25 15:23:47.451,13680,13681,13681,5
2020-11-25 15:23:47.475,13680,13681,13680,1
2020-11-25 15:23:48.013,13680,13681,13681,2
2020-11-25 15:23:50.803,13680,13681,13681,1
2020-11-25 15:23:51.050,13680,13682,13682,3
2020-11-25 15:23:55.123,13681,13682,13682,2
2020-11-25 15:23:55.142,13681,13682,13682,1
2020-11-25 15:23:55.756,13681,13682,13682,1
2020-11-25 15:23:56.223,13681,13682,13682,1
2020-11-25 15:23:56.450,13681,13682,13682,1
2020-11-25 15:23:57.607,13681,13682,13682,1
2020-11-25 15:23:58.412,13681,13682,13682,1
2020-11-25 15:24:02.090,13681,13682,13682,1
2020-11-25 15:24:02.993,13681,13682,13681,2
2020-11-25 15:24:07.853,13681,13682,13681,4
2020-11-25 15:24:08.005,13680,13681,13681,1
2020-11-25 15:24:08.934,13680,13681,13680,2
2020-11-25 15:24:13.436,13680,13681,13680,1
2020-11-25 15:24:13.998,13680,13681,13681,1
2020-11-25 15:24:14.746,13680,13682,13680,5
2020-11-25 15:24:14.827,13680,13681,13681,1
2020-11-25 15:24:14.908,13680,13681,13680,1
2020-11-25 15:24:15.998,13680,13681,13680,1
2020-11-25 15:24:16.060,13680,13681,13681,1
2020-11-25 15:24:16.326,13680,13681,13680,1
2020-11-25 15:24:18.668,13680,13681,13680,1
2020-11-25 15:24:20.140,13680,13681,13680,1
2020-11-25 15:24:20.494,13680,13681,13680,1
2020-11-25 15:24:22.176,13680,13681,13681,2
2020-11-25 15:24:23.741,13680,13681,13680,1
2020-11-25 15:24:29.363,13680,13681,13680,1
2020-11-25 15:24:34.565,13680,13681,13680,6
2020-11-25 15:24:35.523,13679,13680,13680,2
2020-11-25 15:24:37.782,13679,13680,13680,2
2020-11-25 15:24:41.428,13679,13680,13679,1
2020-11-25 15:24:41.496,13679,13680,13680,5
2020-11-25 15:24:45.167,13679,13680,13680,1
2020-11-25 15:24:45.900,13679,13680,13680,5
2020-11-25 15:24:46.246,13679,13681,13679,2
2020-11-25 15:24:48.346,13678,13679,13678,1
2020-11-25 15:24:49.520,13678,13679,13679,1
2020-11-25 15:24:52.293,13678,13680,13678,8
2020-11-25 15:24:52.293,13678,13680,13677,22
2020-11-25 15:24:56.436,13677,13678,13677,1
2020-11-25 15:24:56.873,13677,13678,13677,1
2020-11-25 15:24:57.966,13677,13678,13677,1
2020-11-25 15:24:58.382,13677,13678,13678,1
2020-11-25 15:24:58.673,13677,13678,13677,1
2020-11-25 15:24:58.771,13677,13678,13678,1
2020-11-25 15:24:59.850,13677,13678,13677,1
2020-11-25 15:25:00.062,13677,13678,13677,1
2020-11-25 15:25:00.414,13677,13678,13677,1
2020-11-25 15:25:00.862,13677,13678,13677,11
2020-11-25 15:25:02.567,13676,13677,13676,2
2020-11-25 15:25:02.640,13676,13677,13676,1
2020-11-25 15:25:02.641,13676,13677,13676,2
2020-11-25 15:25:04.331,13676,13677,13676,1
2020-11-25 15:25:05.195,13675,13677,13675,2
2020-11-25 15:25:06.536,13675,13677,13677,1
2020-11-25 15:25:06.542,13675,13677,13675,5
2020-11-25 15:25:07.365,13675,13676,13675,1
2020-11-25 15:25:07.417,13675,13676,13675,1
2020-11-25 15:25:07.417,13675,13676,13675,1
2020-11-25 15:25:07.417,13675,13676,13675,1
2020-11-25 15:25:07.418,13675,13676,13675,1
2020-11-25 15:25:07.418,13675,13676,13675,1
2020-11-25 15:25:07.424,13675,13676,13675,14
2020-11-25 15:25:10.009,13675,13676,13675,1
2020-11-25 15:25:11.258,13675,13676,13675,1
2020-11-25 15:25:12.445,13674,13675,13675,1
2020-11-25 15:25:12.522,13674,13675,13675,2
2020-11-25 15:25:13.589,13674,13675,13674,1
2020-11-25 15:25:13.938,13674,13675,13675,1
2020-11-25 15:25:14.483,13674,13675,13674,1
2020-11-25 15:25:15.785,13674,13675,13674,4
2020-11-25 15:25:15.786,13674,13675,13674,1
2020-11-25 15:25:15.786,13674,13675,13674,1
2020-11-25 15:25:15.786,13674,13675,13674,1
2020-11-25 15:25:15.786,13674,13675,13674,1
2020-11-25 15:25:15.786,13674,13675,13674,9
2020-11-25 15:25:15.931,13673,13674,13674,1
2020-11-25 15:25:17.257,13673,13674,13673,2
2020-11-25 15:25:17.746,13672,13674,13674,1
2020-11-25 15:25:20.482,13672,13674,13672,1
2020-11-25 15:25:20.666,13672,13674,13672,2
2020-11-25 15:25:20.714,13672,13674,13672,1
2020-11-25 15:25:20.743,13672,13674,13672,1
2020-11-25 15:25:20.876,13672,13674,13672,3
2020-11-25 15:25:20.920,13672,13673,13672,1
2020-11-25 15:25:21.023,13672,13673,13672,1
2020-11-25 15:25:21.054,13672,13673,13672,1
2020-11-25 15:25:21.942,13672,13673,13672,2
2020-11-25 15:25:22.137,13671,13673,13671,1
2020-11-25 15:25:22.194,13671,13673,13671,1
2020-11-25 15:25:22.410,13671,13673,13671,1
2020-11-25 15:25:22.553,13672,13673,13672,1
2020-11-25 15:25:22.578,13672,13673,13671,1
2020-11-25 15:25:22.579,13672,13673,13671,1
2020-11-25 15:25:22.781,13672,13673,13672,1
2020-11-25 15:25:24.140,13671,13672,13672,1
2020-11-25 15:25:24.447,13671,13672,13671,1
2020-11-25 15:25:25.763,13671,13672,13671,1
2020-11-25 15:25:25.953,13671,13672,13672,1
2020-11-25 15:25:26.236,13671,13672,13671,1
2020-11-25 15:25:26.370,13671,13672,13672,5
2020-11-25 15:25:26.874,13672,13674,13674,1
2020-11-25 15:25:28.436,13673,13674,13673,1
2020-11-25 15:25:28.436,13673,13674,13672,9
2020-11-25 15:25:30.540,13672,13674,13672,1
2020-11-25 15:25:30.774,13672,13674,13673,1
2020-11-25 15:25:31.247,13673,13674,13673,1
2020-11-25 15:25:32.805,13673,13674,13673,1
2020-11-25 15:25:33.656,13673,13674,13674,1
2020-11-25 15:25:35.421,13673,13674,13673,1
2020-11-25 15:25:35.723,13673,13674,13673,3
2020-11-25 15:25:36.266,13673,13674,13673,3
2020-11-25 15:25:36.267,13673,13674,13673,7
2020-11-25 15:25:36.393,13673,13674,13673,1
2020-11-25 15:25:36.393,13673,13674,13672,2
2020-11-25 15:25:38.388,13672,13673,13673,1
2020-11-25 15:25:39.783,13672,13674,13672,10
2020-11-25 15:25:40.075,13673,13674,13673,1
2020-11-25 15:25:40.351,13673,13674,13673,1
2020-11-25 15:25:41.204,13673,13674,13673,1
2020-11-25 15:25:41.917,13672,13674,13672,1
2020-11-25 15:25:43.750,13672,13673,13673,1
2020-11-25 15:25:44.685,13672,13673,13672,5
2020-11-25 15:25:46.565,13671,13672,13672,1
2020-11-25 15:25:46.566,13671,13672,13672,1
2020-11-25 15:25:47.276,13672,13673,13673,1
2020-11-25 15:25:52.066,13672,13673,13673,1
2020-11-25 15:25:52.692,13672,13673,13672,1
2020-11-25 15:25:55.833,13672,13673,13672,2
2020-11-25 15:25:56.659,13672,13673,13672,1
2020-11-25 15:25:58.877,13672,13673,13672,2
2020-11-25 15:25:59.601,13672,13673,13672,2
2020-11-25 15:26:00.097,13672,13673,13672,2
2020-11-25 15:26:00.363,13671,13672,13671,1
2020-11-25 15:26:00.509,13671,13672,13671,1
2020-11-25 15:26:00.527,13671,13672,13671,1
2020-11-25 15:26:00.911,13671,13672,13671,1
2020-11-25 15:26:00.912,13671,13672,13671,2
2020-11-25 15:26:00.985,13670,13671,13670,2
2020-11-25 15:26:01.079,13670,13671,13670,1
2020-11-25 15:26:01.094,13670,13671,13670,1
2020-11-25 15:26:01.095,13670,13671,13670,2
2020-11-25 15:26:01.166,13670,13671,13670,1
2020-11-25 15:26:01.166,13670,13671,13670,1
2020-11-25 15:26:01.515,13670,13671,13671,1
2020-11-25 15:26:01.686,13670,13671,13670,1
2020-11-25 15:26:01.758,13670,13671,13670,1
2020-11-25 15:26:01.901,13670,13671,13670,1
2020-11-25 15:26:01.953,13670,13671,13670,1
2020-11-25 15:26:02.087,13670,13671,13670,1
2020-11-25 15:26:02.087,13670,13671,13670,5
2020-11-25 15:26:02.087,13670,13671,13670,14
2020-11-25 15:26:02.173,13669,13670,13669,1
2020-11-25 15:26:02.179,13669,13670,13670,1
2020-11-25 15:26:02.203,13669,13670,13669,4
2020-11-25 15:26:02.203,13669,13670,13669,5
2020-11-25 15:26:02.203,13669,13670,13669,2
2020-11-25 15:26:02.203,13669,13670,13669,2
2020-11-25 15:26:02.203,13669,13670,13669,2
2020-11-25 15:26:02.330,13668,13669,13668,4
2020-11-25 15:26:02.362,13668,13669,13668,1
2020-11-25 15:26:02.380,13668,13669,13669,1
2020-11-25 15:26:02.590,13668,13669,13668,1
2020-11-25 15:26:02.633,13668,13669,13668,1
2020-11-25 15:26:02.674,13668,13669,13669,1
2020-11-25 15:26:03.169,13668,13669,13668,1
2020-11-25 15:26:03.289,13668,13669,13669,1
2020-11-25 15:26:03.481,13668,13669,13668,1
2020-11-25 15:26:04.375,13668,13669,13668,1
2020-11-25 15:26:04.927,13668,13669,13668,1
2020-11-25 15:26:04.944,13668,13669,13668,3
2020-11-25 15:26:05.922,13668,13669,13669,1
2020-11-25 15:26:07.041,13668,13669,13668,1
2020-11-25 15:26:07.079,13668,13669,13668,1
2020-11-25 15:26:07.732,13668,13669,13669,1
2020-11-25 15:26:08.662,13668,13669,13668,1
2020-11-25 15:26:08.913,13668,13669,13668,1
2020-11-25 15:26:08.921,13668,13669,13669,1
2020-11-25 15:26:09.025,13668,13669,13668,4
2020-11-25 15:26:09.148,13668,13669,13668,21
2020-11-25 15:26:10.300,13667,13668,13668,1
2020-11-25 15:26:10.614,13667,13668,13667,1
2020-11-25 15:26:10.727,13667,13668,13667,8
2020-11-25 15:26:10.805,13666,13667,13667,4
2020-11-25 15:26:11.017,13666,13668,13666,1
2020-11-25 15:26:11.250,13666,13667,13667,1
2020-11-25 15:26:14.014,13667,13668,13667,1
2020-11-25 15:26:15.040,13667,13668,13667,1
2020-11-25 15:26:15.166,13667,13668,13667,1
2020-11-25 15:26:15.501,13667,13668,13667,1
2020-11-25 15:26:15.526,13667,13668,13666,1
2020-11-25 15:26:15.956,13666,13667,13666,1
2020-11-25 15:26:16.420,13666,13667,13666,2
2020-11-25 15:26:16.573,13666,13667,13667,1
2020-11-25 15:26:17.131,13666,13667,13666,4
2020-11-25 15:26:18.091,13666,13667,13666,1
2020-11-25 15:26:18.577,13666,13667,13667,1
2020-11-25 15:26:18.593,13666,13667,13667,1
2020-11-25 15:26:18.695,13666,13667,13666,5
2020-11-25 15:26:18.695,13666,13667,13665,3
2020-11-25 15:26:18.798,13665,13667,13665,3
2020-11-25 15:26:18.987,13665,13667,13665,5
2020-11-25 15:26:19.042,13665,13666,13666,1
2020-11-25 15:26:19.190,13665,13667,13665,1
2020-11-25 15:26:19.494,13665,13667,13667,1
2020-11-25 15:26:19.976,13666,13667,13666,3
2020-11-25 15:26:19.976,13666,13667,13665,3
2020-11-25 15:26:20.948,13666,13667,13666,1
2020-11-25 15:26:20.948,13666,13667,13665,2
2020-11-25 15:26:21.467,13665,13667,13665,3
2020-11-25 15:26:21.492,13665,13667,13665,2
2020-11-25 15:26:21.919,13665,13667,13667,1
2020-11-25 15:26:21.975,13665,13667,13667,4
2020-11-25 15:26:22.069,13666,13667,13666,1
2020-11-25 15:26:23.767,13666,13667,13666,1
2020-11-25 15:26:24.316,13666,13667,13667,1
2020-11-25 15:26:24.405,13666,13667,13666,1
2020-11-25 15:26:24.452,13666,13667,13666,1
2020-11-25 15:26:24.463,13666,13667,13666,1
2020-11-25 15:26:24.843,13666,13667,13666,1
2020-11-25 15:26:24.853,13666,13667,13667,1
2020-11-25 15:26:25.372,13666,13667,13667,2
2020-11-25 15:26:25.511,13666,13667,13666,1
2020-11-25 15:26:25.545,13666,13667,13666,2
2020-11-25 15:26:25.545,13666,13667,13666,4
2020-11-25 15:26:25.545,13666,13667,13666,1
2020-11-25 15:26:25.829,13666,13667,13666,3
2020-11-25 15:26:26.301,13666,13667,13666,1
2020-11-25 15:26:26.841,13666,13667,13666,1
2020-11-25 15:26:27.498,13666,13667,13666,1
2020-11-25 15:26:27.994,13666,13667,13666,3
2020-11-25 15:26:28.722,13666,13667,13666,1
2020-11-25 15:26:30.754,13666,13667,13666,1
2020-11-25 15:26:31.064,13666,13667,13667,1
2020-11-25 15:26:31.799,13666,13667,13667,1
2020-11-25 15:26:32.056,13666,13667,13666,1
2020-11-25 15:26:32.511,13666,13667,13667,1
2020-11-25 15:26:32.987,13666,13667,13666,3
2020-11-25 15:26:33.334,13666,13667,13666,2
2020-11-25 15:26:33.334,13666,13667,13665,8
2020-11-25 15:26:33.634,13665,13666,13665,1
2020-11-25 15:26:33.760,13665,13666,13666,1
2020-11-25 15:26:33.945,13665,13666,13666,1
2020-11-25 15:26:34.405,13665,13666,13665,2
2020-11-25 15:26:35.501,13665,13666,13665,8
2020-11-25 15:26:36.493,13664,13665,13664,1
2020-11-25 15:26:36.546,13664,13665,13664,1
2020-11-25 15:26:36.983,13664,13665,13664,1
2020-11-25 15:26:37.316,13664,13665,13665,1
2020-11-25 15:26:37.416,13664,13665,13664,1
2020-11-25 15:26:37.417,13664,13665,13664,1
2020-11-25 15:26:37.417,13664,13665,13664,1
2020-11-25 15:26:37.417,13664,13665,13664,1
2020-11-25 15:26:37.417,13664,13665,13664,4
2020-11-25 15:26:37.417,13664,13665,13664,1
2020-11-25 15:26:37.417,13664,13665,13663,1
2020-11-25 15:26:37.647,13663,13664,13664,1
2020-11-25 15:26:37.668,13663,13664,13663,1
2020-11-25 15:26:37.673,13663,13664,13663,1
2020-11-25 15:26:37.710,13663,13664,13664,1
2020-11-25 15:26:37.771,13663,13664,13663,2
2020-11-25 15:26:37.791,13663,13664,13663,1
2020-11-25 15:26:37.815,13663,13664,13664,3
2020-11-25 15:26:38.051,13663,13664,13663,2
2020-11-25 15:26:38.374,13663,13664,13663,1
2020-11-25 15:26:38.384,13663,13664,13663,1
2020-11-25 15:26:38.395,13663,13664,13662,1
2020-11-25 15:26:38.439,13662,13664,13662,1
2020-11-25 15:26:38.535,13662,13664,13662,1
2020-11-25 15:26:39.063,13662,13664,13664,1
2020-11-25 15:26:39.187,13662,13664,13662,1
2020-11-25 15:26:40.067,13662,13664,13662,1
2020-11-25 15:26:40.097,13662,13664,13664,1
2020-11-25 15:26:40.191,13662,13664,13662,2
2020-11-25 15:26:41.629,13662,13664,13662,1
2020-11-25 15:26:41.830,13662,13664,13662,1
2020-11-25 15:26:42.160,13662,13664,13664,2
2020-11-25 15:26:42.281,13663,13665,13663,1
2020-11-25 15:26:42.929,13663,13665,13663,5
2020-11-25 15:26:43.329,13663,13664,13664,1
2020-11-25 15:26:43.468,13663,13665,13663,9
2020-11-25 15:26:43.468,13663,13665,13662,1
2020-11-25 15:26:43.496,13663,13665,13664,3
2020-11-25 15:26:44.045,13663,13664,13663,1
2020-11-25 15:26:44.459,13663,13664,13663,3
2020-11-25 15:26:44.508,13663,13664,13664,1
2020-11-25 15:26:44.614,13663,13664,13663,1
2020-11-25 15:26:45.432,13663,13664,13663,1
2020-11-25 15:26:45.751,13663,13664,13663,1
2020-11-25 15:26:48.238,13663,13664,13664,4
2020-11-25 15:26:49.509,13664,13665,13664,1
2020-11-25 15:26:49.541,13664,13665,13664,1
2020-11-25 15:26:49.541,13664,13665,13664,1
2020-11-25 15:26:51.185,13664,13665,13664,1
2020-11-25 15:26:51.185,13664,13665,13663,3
2020-11-25 15:26:52.591,13664,13665,13665,5
2020-11-25 15:26:52.848,13664,13666,13666,1
2020-11-25 15:26:52.862,13664,13666,13666,1
2020-11-25 15:26:52.880,13664,13666,13666,1
2020-11-25 15:26:52.948,13664,13666,13666,1
2020-11-25 15:26:52.948,13664,13666,13666,1
2020-11-25 15:26:53.212,13664,13666,13666,3
2020-11-25 15:26:53.777,13665,13667,13666,3
2020-11-25 15:26:53.957,13665,13667,13667,1
2020-11-25 15:26:54.418,13666,13667,13667,11
2020-11-25 15:26:55.016,13666,13668,13668,3
2020-11-25 15:26:55.901,13666,13668,13666,1
2020-11-25 15:26:55.937,13666,13668,13666,15
2020-11-25 15:26:57.198,13666,13668,13668,5
2020-11-25 15:26:58.161,13666,13668,13666,4
2020-11-25 15:26:58.354,13666,13668,13668,1
2020-11-25 15:26:58.412,13666,13668,13668,1
2020-11-25 15:26:58.424,13667,13668,13668,1
2020-11-25 15:26:58.430,13667,13668,13668,1
2020-11-25 15:26:58.430,13667,13668,13668,1
2020-11-25 15:26:58.431,13667,13668,13669,1
2020-11-25 15:26:58.508,13667,13668,13667,1
2020-11-25 15:26:58.559,13667,13669,13669,2
2020-11-25 15:26:59.076,13667,13669,13667,2
2020-11-25 15:26:59.555,13667,13668,13668,1
2020-11-25 15:27:00.290,13667,13668,13667,1
2020-11-25 15:27:00.988,13667,13668,13668,1
2020-11-25 15:27:02.366,13667,13668,13668,3
2020-11-25 15:27:03.867,13667,13668,13668,11
2020-11-25 15:27:04.788,13668,13669,13668,1
2020-11-25 15:27:05.690,13667,13668,13668,5
2020-11-25 15:27:06.214,13667,13668,13668,1
2020-11-25 15:27:07.838,13667,13668,13668,1
2020-11-25 15:27:08.848,13667,13668,13667,6
2020-11-25 15:27:09.088,13667,13668,13667,4
2020-11-25 15:27:09.089,13667,13668,13667,1
2020-11-25 15:27:09.484,13666,13667,13667,1
2020-11-25 15:27:09.896,13666,13668,13668,2
2020-11-25 15:27:10.157,13666,13668,13668,1
2020-11-25 15:27:10.244,13666,13668,13668,2
2020-11-25 15:27:11.678,13667,13668,13667,4
2020-11-25 15:27:11.678,13667,13668,13666,1
2020-11-25 15:27:13.520,13667,13668,13668,2
2020-11-25 15:27:14.542,13667,13669,13669,1
2020-11-25 15:27:14.557,13667,13669,13669,1
2020-11-25 15:27:14.574,13667,13669,13669,1
2020-11-25 15:27:14.597,13667,13669,13669,1
2020-11-25 15:27:14.617,13667,13669,13669,1
2020-11-25 15:27:15.695,13668,13670,13668,2
2020-11-25 15:27:17.881,13667,13668,13667,2
2020-11-25 15:27:17.980,13667,13668,13667,1
2020-11-25 15:27:20.411,13667,13668,13668,5
2020-11-25 15:27:20.416,13667,13669,13667,1
2020-11-25 15:27:20.416,13667,13669,13667,1
2020-11-25 15:27:22.632,13668,13669,13669,1
2020-11-25 15:27:22.883,13668,13669,13668,2
2020-11-25 15:27:24.411,13667,13669,13667,2
2020-11-25 15:27:26.377,13667,13669,13668,1
2020-11-25 15:27:26.594,13668,13669,13669,1
2020-11-25 15:27:27.451,13668,13669,13668,1
2020-11-25 15:27:31.043,13668,13669,13668,2
2020-11-25 15:27:31.727,13667,13669,13667,1
2020-11-25 15:27:34.310,13667,13668,13668,1
2020-11-25 15:27:35.044,13667,13668,13668,1
2020-11-25 15:27:35.044,13667,13668,13669,2
2020-11-25 15:27:35.759,13667,13669,13667,1
2020-11-25 15:27:36.537,13667,13669,13669,1
2020-11-25 15:27:37.910,13668,13669,13669,1
2020-11-25 15:27:37.949,13668,13669,13669,1
2020-11-25 15:27:40.827,13668,13669,13669,2
2020-11-25 15:27:40.828,13668,13669,13669,1
2020-11-25 15:27:43.614,13668,13670,13670,1
2020-11-25 15:27:43.807,13668,13670,13670,1
2020-11-25 15:27:44.662,13669,13670,13670,2
2020-11-25 15:27:45.039,13669,13670,13670,1
2020-11-25 15:27:45.459,13669,13670,13670,1
2020-11-25 15:27:45.908,13669,13670,13670,1
2020-11-25 15:27:46.024,13669,13670,13670,1
2020-11-25 15:27:48.635,13669,13670,13670,3
2020-11-25 15:27:48.636,13669,13670,13670,2
2020-11-25 15:27:48.876,13670,13671,13671,1
2020-11-25 15:27:48.876,13670,13671,13671,1
2020-11-25 15:27:48.909,13670,13671,13672,1
2020-11-25 15:27:48.930,13670,13672,13672,2
2020-11-25 15:27:48.937,13670,13672,13672,1
2020-11-25 15:27:49.040,13670,13672,13672,1
2020-11-25 15:27:50.293,13671,13672,13672,1
2020-11-25 15:27:51.471,13671,13672,13672,5
2020-11-25 15:27:52.534,13671,13672,13672,1
2020-11-25 15:27:53.161,13672,13673,13673,1
2020-11-25 15:27:53.162,13672,13673,13673,2
2020-11-25 15:27:53.162,13672,13673,13673,1
2020-11-25 15:27:53.195,13672,13674,13673,1
2020-11-25 15:27:53.196,13672,13674,13674,1
2020-11-25 15:27:53.522,13673,13674,13674,2
2020-11-25 15:27:53.783,13673,13674,13673,1
2020-11-25 15:27:54.022,13673,13674,13673,1
2020-11-25 15:27:54.581,13673,13674,13674,1
2020-11-25 15:27:54.708,13673,13674,13674,1
2020-11-25 15:27:55.008,13673,13674,13673,1
2020-11-25 15:27:55.399,13672,13674,13674,1
2020-11-25 15:27:56.042,13672,13674,13674,5
2020-11-25 15:27:56.492,13672,13674,13673,1
2020-11-25 15:27:56.582,13672,13674,13672,1
2020-11-25 15:27:56.938,13672,13674,13674,1
2020-11-25 15:27:58.344,13673,13674,13673,1
2020-11-25 15:27:58.344,13673,13674,13672,1
2020-11-25 15:28:00.126,13673,13674,13674,1
2020-11-25 15:28:00.632,13673,13674,13674,2
2020-11-25 15:28:00.640,13673,13674,13674,3
2020-11-25 15:28:02.144,13673,13674,13674,2
2020-11-25 15:28:02.144,13673,13674,13674,1
2020-11-25 15:28:02.144,13673,13674,13674,1
2020-11-25 15:28:02.285,13673,13675,13673,1
2020-11-25 15:28:02.824,13673,13675,13673,5
2020-11-25 15:28:02.824,13673,13675,13672,15
2020-11-25 15:28:03.083,13672,13674,13674,1
2020-11-25 15:28:03.135,13672,13674,13674,8
2020-11-25 15:28:04.992,13673,13674,13674,1
2020-11-25 15:28:05.662,13673,13674,13673,1
2020-11-25 15:28:07.252,13672,13673,13673,1
2020-11-25 15:28:10.947,13672,13673,13673,1
2020-11-25 15:28:12.395,13672,13673,13672,2
2020-11-25 15:28:12.779,13672,13673,13673,1
2020-11-25 15:28:13.833,13672,13673,13673,1
2020-11-25 15:28:14.756,13672,13674,13674,1
2020-11-25 15:28:17.029,13672,13673,13672,1
2020-11-25 15:28:17.906,13672,13673,13673,1
2020-11-25 15:28:19.069,13672,13673,13673,1
2020-11-25 15:28:19.765,13673,13674,13673,5
2020-11-25 15:28:19.765,13673,13674,13672,5
2020-11-25 15:28:20.683,13672,13673,13673,1
2020-11-25 15:28:21.211,13672,13673,13672,2
2020-11-25 15:28:22.123,13672,13673,13672,2
2020-11-25 15:28:24.650,13672,13673,13672,1
2020-11-25 15:28:26.427,13672,13673,13673,1
2020-11-25 15:28:26.689,13672,13673,13673,1
2020-11-25 15:28:27.294,13673,13674,13673,1
2020-11-25 15:28:30.618,13673,13674,13673,1
2020-11-25 15:28:30.618,13673,13674,13672,8
2020-11-25 15:28:30.618,13673,13674,13671,36
2020-11-25 15:28:30.621,13673,13674,13671,2
2020-11-25 15:28:30.790,13670,13671,13671,3
2020-11-25 15:28:31.209,13670,13671,13671,1
2020-11-25 15:28:31.625,13670,13671,13671,1
2020-11-25 15:28:32.039,13671,13672,13673,1
2020-11-25 15:28:35.360,13671,13673,13671,2
2020-11-25 15:28:37.093,13671,13673,13673,1
2020-11-25 15:28:37.280,13671,13673,13671,6
2020-11-25 15:28:38.784,13670,13671,13671,1
2020-11-25 15:28:39.843,13670,13671,13670,1
2020-11-25 15:28:39.932,13670,13671,13671,1
2020-11-25 15:28:42.652,13670,13671,13670,4
2020-11-25 15:28:42.653,13670,13671,13670,4
2020-11-25 15:28:44.179,13668,13670,13669,1
2020-11-25 15:28:45.776,13668,13670,13670,1
2020-11-25 15:28:49.817,13669,13670,13669,1
2020-11-25 15:28:50.032,13669,13670,13669,1
2020-11-25 15:28:52.076,13668,13670,13670,3
2020-11-25 15:28:52.183,13668,13670,13670,2
2020-11-25 15:28:53.041,13668,13670,13670,1
2020-11-25 15:28:53.167,13669,13670,13670,1
2020-11-25 15:28:54.174,13670,13671,13671,10
2020-11-25 15:28:54.174,13670,13671,13671,3
2020-11-25 15:28:54.174,13670,13671,13671,2
2020-11-25 15:28:54.174,13670,13671,13671,2
2020-11-25 15:28:56.186,13670,13672,13671,1
2020-11-25 15:28:57.313,13670,13672,13671,1
2020-11-25 15:28:57.935,13670,13672,13671,2
2020-11-25 15:28:58.247,13670,13672,13672,4
2020-11-25 15:28:58.247,13670,13672,13672,4
2020-11-25 15:29:03.765,13671,13672,13672,1
2020-11-25 15:29:06.727,13671,13672,13671,2
2020-11-25 15:29:07.722,13671,13672,13671,1
2020-11-25 15:29:12.555,13671,13672,13671,1
2020-11-25 15:29:16.967,13671,13672,13672,1
2020-11-25 15:29:18.657,13671,13672,13672,2
2020-11-25 15:29:18.658,13671,13672,13672,1
2020-11-25 15:29:22.936,13672,13673,13672,1
2020-11-25 15:29:26.960,13671,13672,13672,1
2020-11-25 15:29:27.283,13671,13672,13672,1
2020-11-25 15:29:30.326,13671,13672,13672,1
2020-11-25 15:29:39.393,13672,13673,13672,1
2020-11-25 15:29:41.352,13672,13673,13672,1
2020-11-25 15:29:41.352,13672,13673,13672,3
2020-11-25 15:29:41.811,13671,13672,13671,5
2020-11-25 15:29:44.640,13670,13672,13670,2
2020-11-25 15:29:46.506,13670,13671,13670,1
2020-11-25 15:29:48.294,13670,13671,13671,1
2020-11-25 15:29:54.118,13671,13672,13672,1
2020-11-25 15:29:54.692,13671,13672,13671,1
2020-11-25 15:29:55.304,13671,13672,13671,1
2020-11-25 15:29:55.825,13670,13672,13670,5
2020-11-25 15:29:56.113,13671,13672,13671,1
2020-11-25 15:29:56.831,13671,13672,13671,1
2020-11-25 15:30:00.036,13671,13672,13671,1
2020-11-25 15:30:00.323,13670,13672,13670,1
2020-11-25 15:30:00.409,13670,13672,13672,4
2020-11-25 15:30:00.484,13670,13672,13672,2
2020-11-25 15:30:00.575,13670,13672,13671,1
2020-11-25 15:30:00.816,13671,13672,13672,1
2020-11-25 15:30:01.390,13671,13672,13671,2
2020-11-25 15:30:01.391,13671,13672,13670,1
2020-11-25 15:30:01.407,13671,13672,13670,1
2020-11-25 15:30:01.756,13670,13671,13670,2
2020-11-25 15:30:01.851,13670,13671,13670,2
2020-11-25 15:30:01.878,13670,13671,13670,2
2020-11-25 15:30:01.878,13670,13671,13670,7
2020-11-25 15:30:01.887,13670,13671,13669,1
2020-11-25 15:30:01.887,13670,13671,13668,1
2020-11-25 15:30:01.910,13670,13671,13668,2
2020-11-25 15:30:01.951,13668,13669,13668,1
2020-11-25 15:30:01.962,13668,13669,13668,1
2020-11-25 15:30:01.990,13668,13669,13668,1
2020-11-25 15:30:02.344,13668,13669,13668,1
2020-11-25 15:30:03.353,13668,13669,13669,1
2020-11-25 15:30:03.464,13668,13669,13668,1
2020-11-25 15:30:04.717,13668,13669,13669,1
2020-11-25 15:30:05.411,13668,13670,13670,1
2020-11-25 15:30:05.760,13668,13670,13668,3
2020-11-25 15:30:06.059,13668,13670,13668,1
2020-11-25 15:30:06.468,13668,13669,13669,1
2020-11-25 15:30:06.479,13668,13669,13669,2
2020-11-25 15:30:06.737,13669,13670,13670,2
2020-11-25 15:30:06.746,13669,13670,13670,2
2020-11-25 15:30:07.520,13669,13671,13669,6
2020-11-25 15:30:07.520,13669,13671,13668,3
2020-11-25 15:30:10.022,13669,13670,13670,2
2020-11-25 15:30:11.051,13669,13670,13670,1
2020-11-25 15:30:11.051,13669,13670,13671,1
2020-11-25 15:30:11.058,13669,13670,13671,1
2020-11-25 15:30:11.077,13669,13670,13671,1
2020-11-25 15:30:11.298,13669,13671,13671,1
2020-11-25 15:30:13.215,13669,13671,13671,2
2020-11-25 15:30:14.770,13669,13670,13669,1
2020-11-25 15:30:14.898,13669,13670,13669,1
2020-11-25 15:30:16.083,13669,13670,13670,1
2020-11-25 15:30:16.093,13669,13670,13671,1
2020-11-25 15:30:16.108,13669,13670,13671,1
2020-11-25 15:30:16.135,13669,13670,13671,2
2020-11-25 15:30:17.430,13669,13671,13669,1
2020-11-25 15:30:19.869,13669,13670,13670,1
2020-11-25 15:30:20.977,13669,13671,13671,1
2020-11-25 15:30:21.527,13669,13671,13671,1
2020-11-25 15:30:22.486,13669,13671,13669,2
2020-11-25 15:30:22.984,13669,13671,13671,1
2020-11-25 15:30:23.208,13669,13671,13669,1
2020-11-25 15:30:24.015,13670,13671,13670,1
2020-11-25 15:30:26.155,13670,13671,13670,1
2020-11-25 15:30:26.155,13670,13671,13669,1
2020-11-25 15:30:29.374,13669,13671,13670,1
2020-11-25 15:30:29.498,13670,13671,13671,1
2020-11-25 15:30:29.507,13670,13671,13671,1
2020-11-25 15:30:29.544,13670,13671,13671,1
2020-11-25 15:30:29.584,13670,13671,13671,1
2020-11-25 15:30:29.584,13670,13671,13671,2
2020-11-25 15:30:29.659,13670,13671,13672,1
2020-11-25 15:30:29.812,13670,13672,13670,1
2020-11-25 15:30:30.160,13670,13672,13672,1
2020-11-25 15:30:30.317,13670,13672,13670,2
2020-11-25 15:30:31.943,13671,13672,13671,2
2020-11-25 15:30:33.010,13671,13672,13671,2
2020-11-25 15:30:35.615,13670,13671,13671,1
2020-11-25 15:30:37.985,13671,13672,13671,1
2020-11-25 15:30:44.192,13670,13671,13671,2
2020-11-25 15:30:44.289,13671,13672,13671,1
2020-11-25 15:30:53.486,13671,13672,13672,1
2020-11-25 15:30:57.196,13671,13672,13672,1
2020-11-25 15:30:58.128,13671,13672,13672,2
2020-11-25 15:30:58.129,13671,13672,13672,8
2020-11-25 15:30:58.129,13671,13672,13672,3
2020-11-25 15:31:00.714,13672,13673,13672,2
2020-11-25 15:31:03.508,13672,13673,13673,1
2020-11-25 15:31:04.564,13672,13673,13673,4
2020-11-25 15:31:04.565,13672,13673,13673,4
2020-11-25 15:31:04.565,13672,13673,13673,1
2020-11-25 15:31:04.747,13673,13674,13674,2
2020-11-25 15:31:04.748,13673,13674,13674,4
2020-11-25 15:31:04.756,13673,13674,13674,1
2020-11-25 15:31:04.781,13673,13674,13674,2
2020-11-25 15:31:04.781,13673,13674,13674,4
2020-11-25 15:31:05.441,13674,13675,13675,13
2020-11-25 15:31:05.915,13675,13676,13676,9
2020-11-25 15:31:06.023,13675,13676,13675,1
2020-11-25 15:31:06.251,13675,13677,13677,1
2020-11-25 15:31:06.395,13675,13677,13677,1
2020-11-25 15:31:06.396,13675,13677,13677,2
2020-11-25 15:31:06.506,13675,13677,13675,2
2020-11-25 15:31:06.544,13675,13677,13675,1
2020-11-25 15:31:06.556,13675,13677,13675,1
2020-11-25 15:31:06.585,13675,13677,13674,1
2020-11-25 15:31:06.872,13674,13676,13676,1
2020-11-25 15:31:07.122,13674,13676,13676,1
2020-11-25 15:31:07.650,13674,13676,13676,4
2020-11-25 15:31:10.929,13675,13676,13676,1
2020-11-25 15:31:11.040,13675,13676,13676,1
2020-11-25 15:31:12.764,13676,13677,13676,1
2020-11-25 15:31:13.276,13676,13677,13676,2
2020-11-25 15:31:14.813,13676,13677,13676,2
2020-11-25 15:31:14.942,13676,13677,13677,1
2020-11-25 15:31:15.506,13676,13677,13676,3
2020-11-25 15:31:15.588,13675,13677,13676,1
2020-11-25 15:31:17.592,13675,13676,13676,4
2020-11-25 15:31:21.290,13676,13677,13677,1
2020-11-25 15:31:21.749,13676,13677,13677,1
2020-11-25 15:31:21.882,13676,13677,13677,2
2020-11-25 15:31:22.071,13677,13678,13677,1
2020-11-25 15:31:22.589,13677,13678,13678,1
2020-11-25 15:31:22.814,13677,13678,13678,1
2020-11-25 15:31:24.614,13677,13678,13678,1
2020-11-25 15:31:25.778,13677,13678,13678,2
2020-11-25 15:31:25.778,13677,13678,13678,6
2020-11-25 15:31:25.779,13677,13678,13678,20
2020-11-25 15:31:25.779,13677,13678,13678,1
2020-11-25 15:31:25.779,13677,13678,13678,1
2020-11-25 15:31:25.925,13678,13679,13679,1
2020-11-25 15:31:26.065,13678,13679,13678,1
2020-11-25 15:31:26.099,13678,13679,13679,2
2020-11-25 15:31:26.102,13678,13679,13679,2
2020-11-25 15:31:26.102,13678,13679,13680,2
2020-11-25 15:31:26.187,13678,13680,13680,2
2020-11-25 15:31:26.317,13678,13680,13680,1
2020-11-25 15:31:27.058,13678,13680,13680,3
2020-11-25 15:31:27.080,13678,13680,13680,2
2020-11-25 15:31:27.445,13679,13680,13680,1
2020-11-25 15:31:27.622,13679,13680,13680,1
2020-11-25 15:31:28.325,13679,13680,13679,1
2020-11-25 15:31:29.000,13679,13680,13680,5
2020-11-25 15:31:29.040,13680,13681,13681,1
2020-11-25 15:31:29.102,13680,13681,13680,1
2020-11-25 15:31:29.608,13680,13681,13680,1
2020-11-25 15:31:29.608,13680,13681,13680,18
2020-11-25 15:31:29.608,13680,13681,13680,4
2020-11-25 15:31:30.141,13678,13680,13680,1
2020-11-25 15:31:30.155,13678,13680,13678,1
2020-11-25 15:31:30.212,13678,13680,13680,5
2020-11-25 15:31:30.282,13678,13680,13680,2
2020-11-25 15:31:30.754,13678,13680,13680,5
2020-11-25 15:31:30.755,13678,13680,13679,1
2020-11-25 15:31:30.760,13678,13680,13680,1
2020-11-25 15:31:30.827,13679,13681,13681,2
2020-11-25 15:31:31.284,13679,13681,13679,1
2020-11-25 15:31:31.731,13679,13681,13681,1
2020-11-25 15:31:33.734,13679,13680,13680,1
2020-11-25 15:31:35.014,13679,13680,13679,2
2020-11-25 15:31:35.175,13678,13679,13679,1
2020-11-25 15:31:35.248,13678,13679,13679,1
2020-11-25 15:31:35.857,13678,13679,13679,6
2020-11-25 15:31:35.952,13678,13679,13679,1
2020-11-25 15:31:36.415,13678,13679,13679,1
2020-11-25 15:31:36.793,13679,13680,13680,3
2020-11-25 15:31:37.893,13679,13680,13679,1
2020-11-25 15:31:39.584,13678,13680,13680,2
2020-11-25 15:31:39.895,13679,13680,13680,1
2020-11-25 15:31:40.655,13679,13680,13679,1
2020-11-25 15:31:41.376,13679,13680,13680,2
2020-11-25 15:31:42.152,13679,13680,13680,2
2020-11-25 15:31:42.934,13680,13681,13680,1
2020-11-25 15:31:44.363,13680,13681,13680,2
2020-11-25 15:31:45.816,13680,13681,13680,1
2020-11-25 15:31:48.155,13680,13681,13680,1
2020-11-25 15:31:48.872,13680,13681,13681,1
2020-11-25 15:31:49.281,13680,13681,13680,1
2020-11-25 15:31:49.967,13680,13681,13680,1
2020-11-25 15:31:50.180,13680,13681,13681,5
2020-11-25 15:31:50.428,13680,13681,13681,2
2020-11-25 15:31:52.633,13680,13681,13681,1
2020-11-25 15:31:52.788,13680,13681,13681,1
2020-11-25 15:31:53.444,13680,13681,13680,5
2020-11-25 15:31:54.606,13680,13681,13681,1
2020-11-25 15:31:55.261,13680,13681,13681,1
2020-11-25 15:31:55.290,13680,13681,13681,1
2020-11-25 15:31:55.803,13680,13682,13680,10
2020-11-25 15:31:56.212,13679,13681,13681,1
2020-11-25 15:31:56.633,13679,13681,13681,5
2020-11-25 15:31:56.757,13680,13681,13681,1
2020-11-25 15:31:56.975,13680,13682,13680,1
2020-11-25 15:32:01.888,13681,13682,13681,1
2020-11-25 15:32:02.194,13681,13682,13682,2
2020-11-25 15:32:02.339,13681,13682,13682,1
2020-11-25 15:32:04.043,13681,13682,13681,3
2020-11-25 15:32:05.666,13681,13682,13682,1
2020-11-25 15:32:05.857,13681,13682,13681,1
2020-11-25 15:32:06.455,13681,13682,13681,2
2020-11-25 15:32:06.776,13681,13682,13682,2
2020-11-25 15:32:08.943,13681,13682,13681,1
2020-11-25 15:32:09.603,13681,13682,13682,2
2020-11-25 15:32:12.687,13681,13682,13681,1
2020-11-25 15:32:13.324,13681,13682,13682,1
2020-11-25 15:32:13.805,13681,13682,13682,2
2020-11-25 15:32:14.548,13681,13682,13681,1
2020-11-25 15:32:14.548,13681,13682,13680,1
2020-11-25 15:32:14.549,13681,13682,13681,4
2020-11-25 15:32:15.683,13680,13682,13682,1
2020-11-25 15:32:15.810,13680,13682,13682,1
2020-11-25 15:32:16.297,13680,13682,13680,1
2020-11-25 15:32:16.513,13680,13682,13682,1
2020-11-25 15:32:20.072,13681,13682,13681,2
2020-11-25 15:32:20.515,13680,13681,13681,3
2020-11-25 15:32:20.934,13681,13682,13681,1
2020-11-25 15:32:21.289,13681,13682,13682,1
2020-11-25 15:32:21.498,13681,13682,13681,1
2020-11-25 15:32:22.430,13680,13682,13682,2
2020-11-25 15:32:23.197,13681,13682,13681,1
2020-11-25 15:32:23.360,13681,13682,13681,1
2020-11-25 15:32:24.369,13680,13681,13681,1
2020-11-25 15:32:26.470,13680,13681,13680,4
2020-11-25 15:32:26.470,13680,13681,13680,1
2020-11-25 15:32:28.152,13679,13680,13679,1
2020-11-25 15:32:35.257,13679,13680,13679,1
2020-11-25 15:32:35.258,13679,13680,13679,1
2020-11-25 15:32:35.258,13679,13680,13679,4
2020-11-25 15:32:35.258,13679,13680,13679,2
2020-11-25 15:32:37.029,13678,13679,13679,1
2020-11-25 15:32:40.512,13678,13679,13678,1
2020-11-25 15:32:40.512,13678,13679,13678,4
2020-11-25 15:32:40.512,13678,13679,13678,4
2020-11-25 15:32:43.348,13677,13678,13678,1
2020-11-25 15:32:45.571,13677,13678,13677,1
2020-11-25 15:32:47.146,13677,13678,13677,1
2020-11-25 15:32:47.607,13677,13678,13677,2
2020-11-25 15:32:47.607,13677,13678,13676,3
2020-11-25 15:32:49.026,13675,13677,13675,1
2020-11-25 15:32:50.634,13676,13677,13676,1
2020-11-25 15:32:56.725,13677,13678,13677,1
2020-11-25 15:33:00.034,13676,13677,13677,1
2020-11-25 15:33:00.034,13676,13677,13678,2
2020-11-25 15:33:01.444,13677,13678,13677,1
2020-11-25 15:33:02.668,13677,13678,13677,1
2020-11-25 15:33:04.214,13677,13678,13677,2
2020-11-25 15:33:07.398,13677,13678,13678,1
2020-11-25 15:33:07.400,13677,13678,13678,3
2020-11-25 15:33:07.559,13678,13679,13678,1
2020-11-25 15:33:07.719,13678,13679,13679,1
2020-11-25 15:33:09.132,13678,13680,13678,1
2020-11-25 15:33:21.740,13678,13680,13680,1
2020-11-25 15:33:21.957,13678,13680,13680,1
2020-11-25 15:33:24.257,13679,13680,13679,1
2020-11-25 15:33:28.582,13679,13680,13679,1
2020-11-25 15:33:33.209,13679,13680,13680,4
2020-11-25 15:33:33.210,13679,13680,13680,2
2020-11-25 15:33:34.070,13680,13681,13680,1
2020-11-25 15:33:40.368,13680,13681,13680,1
2020-11-25 15:33:44.840,13680,13681,13680,2
2020-11-25 15:33:47.024,13680,13681,13680,2
2020-11-25 15:33:47.730,13679,13681,13680,1
2020-11-25 15:33:47.730,13679,13681,13680,1
2020-11-25 15:33:51.817,13679,13680,13680,1
2020-11-25 15:33:51.817,13679,13680,13680,1
2020-11-25 15:33:54.672,13679,13680,13680,1
2020-11-25 15:33:57.743,13679,13680,13680,1
2020-11-25 15:33:58.220,13679,13680,13680,1
2020-11-25 15:33:59.768,13680,13681,13680,1
2020-11-25 15:34:00.478,13680,13681,13680,1
2020-11-25 15:34:02.447,13680,13681,13681,2
2020-11-25 15:34:07.615,13680,13681,13681,1
2020-11-25 15:34:13.682,13680,13681,13681,1
2020-11-25 15:34:15.711,13680,13681,13681,1
2020-11-25 15:34:16.983,13680,13681,13680,1
2020-11-25 15:34:18.761,13680,13681,13681,1
2020-11-25 15:34:24.212,13680,13681,13681,1
2020-11-25 15:34:28.999,13680,13681,13681,1
2020-11-25 15:34:32.752,13680,13681,13681,1
2020-11-25 15:34:35.426,13680,13681,13680,1
2020-11-25 15:34:39.686,13680,13681,13680,1
2020-11-25 15:34:40.954,13680,13681,13680,4
2020-11-25 15:34:41.097,13680,13681,13680,1
2020-11-25 15:34:42.147,13680,13681,13680,1
2020-11-25 15:34:43.024,13680,13681,13681,1
2020-11-25 15:34:43.297,13680,13681,13680,7
2020-11-25 15:34:43.297,13680,13681,13680,3
2020-11-25 15:34:43.298,13680,13681,13680,3
2020-11-25 15:34:43.298,13680,13681,13680,6
2020-11-25 15:34:43.298,13680,13681,13680,1
2020-11-25 15:34:43.298,13680,13681,13680,1
2020-11-25 15:34:43.298,13680,13681,13680,1
2020-11-25 15:34:43.298,13680,13681,13680,1
2020-11-25 15:34:43.298,13680,13681,13680,1
2020-11-25 15:34:43.298,13680,13681,13680,2
2020-11-25 15:34:43.298,13680,13681,13680,1
