2019-05-31 15:00:00.002,10438,10439,10440,133
2019-05-31 15:00:00.097,10439,10440,10439,1
2019-05-31 15:00:00.100,10439,10440,10439,1
2019-05-31 15:00:00.162,10439,10440,10440,1
2019-05-31 15:00:00.166,10439,10440,10439,1
2019-05-31 15:00:00.168,10439,10440,10440,1
2019-05-31 15:00:00.180,10439,10440,10440,1
2019-05-31 15:00:00.190,10439,10440,10439,1
2019-05-31 15:00:00.214,10439,10440,10440,2
2019-05-31 15:00:00.217,10439,10440,10439,1
2019-05-31 15:00:00.221,10439,10440,10439,2
2019-05-31 15:00:00.232,10439,10440,10440,2
2019-05-31 15:00:00.255,10439,10440,10440,4
2019-05-31 15:00:00.262,10439,10440,10440,4
2019-05-31 15:00:00.262,10439,10440,10441,6
2019-05-31 15:00:00.301,10439,10440,10440,1
2019-05-31 15:00:00.315,10439,10440,10440,1
2019-05-31 15:00:00.315,10439,10440,10439,2
2019-05-31 15:00:00.330,10439,10440,10441,2
2019-05-31 15:00:00.408,10439,10441,10439,1
2019-05-31 15:00:00.465,10439,10441,10439,2
2019-05-31 15:00:00.550,10439,10441,10439,1
2019-05-31 15:00:00.563,10439,10441,10438,1
2019-05-31 15:00:00.565,10439,10441,10438,1
2019-05-31 15:00:00.581,10439,10441,10441,2
2019-05-31 15:00:00.584,10439,10441,10438,2
2019-05-31 15:00:00.632,10436,10437,10436,2
2019-05-31 15:00:00.663,10436,10437,10436,8
2019-05-31 15:00:00.668,10436,10437,10436,1
2019-05-31 15:00:00.668,10436,10437,10435,3
2019-05-31 15:00:00.727,10435,10437,10437,1
2019-05-31 15:00:00.769,10435,10437,10435,1
2019-05-31 15:00:00.790,10435,10437,10438,1
2019-05-31 15:00:00.825,10435,10437,10435,1
2019-05-31 15:00:00.825,10435,10437,10434,2
2019-05-31 15:00:00.898,10433,10434,10433,9
2019-05-31 15:00:00.924,10433,10434,10434,6
2019-05-31 15:00:00.961,10433,10434,10433,5
2019-05-31 15:00:00.961,10433,10434,10432,5
2019-05-31 15:00:00.961,10433,10434,10431,10
2019-05-31 15:00:00.961,10433,10434,10430,8
2019-05-31 15:00:00.991,10430,10442,10430,1
2019-05-31 15:00:01.096,10430,10442,10431,2
2019-05-31 15:00:01.103,10430,10431,10431,3
2019-05-31 15:00:01.229,10431,10435,10435,1
2019-05-31 15:00:01.279,10431,10435,10433,1
2019-05-31 15:00:01.302,10431,10435,10431,1
2019-05-31 15:00:01.352,10431,10433,10433,8
2019-05-31 15:00:01.477,10431,10432,10432,14
2019-05-31 15:00:01.485,10431,10432,10432,1
2019-05-31 15:00:01.641,10431,10438,10431,1
2019-05-31 15:00:01.648,10431,10438,10431,1
2019-05-31 15:00:01.721,10431,10438,10431,1
2019-05-31 15:00:01.724,10431,10438,10431,2
2019-05-31 15:00:01.724,10431,10438,10431,8
2019-05-31 15:00:01.738,10431,10440,10432,2
2019-05-31 15:00:01.867,10431,10439,10431,3
2019-05-31 15:00:01.995,10432,10435,10432,1
2019-05-31 15:00:02.104,10433,10434,10433,1
2019-05-31 15:00:02.228,10433,10434,10433,3
2019-05-31 15:00:02.289,10433,10434,10433,1
2019-05-31 15:00:02.379,10433,10434,10433,6
2019-05-31 15:00:02.379,10433,10434,10432,4
2019-05-31 15:00:02.380,10433,10434,10434,4
2019-05-31 15:00:02.480,10433,10434,10433,2
2019-05-31 15:00:02.508,10433,10434,10434,3
2019-05-31 15:00:02.510,10433,10434,10434,1
2019-05-31 15:00:02.687,10433,10434,10433,1
2019-05-31 15:00:02.805,10433,10434,10434,1
2019-05-31 15:00:02.873,10433,10435,10433,1
2019-05-31 15:00:02.915,10433,10435,10435,1
2019-05-31 15:00:03.104,10434,10435,10434,1
2019-05-31 15:00:03.263,10434,10435,10435,1
2019-05-31 15:00:03.291,10434,10435,10434,1
2019-05-31 15:00:03.350,10434,10435,10438,1
2019-05-31 15:00:03.443,10434,10438,10434,2
2019-05-31 15:00:03.575,10434,10440,10434,1
2019-05-31 15:00:03.779,10435,10440,10440,1
2019-05-31 15:00:04.029,10436,10439,10436,1
2019-05-31 15:00:04.029,10436,10439,10435,2
2019-05-31 15:00:04.029,10436,10439,10434,1
2019-05-31 15:00:04.131,10434,10439,10434,1
2019-05-31 15:00:04.435,10433,10437,10437,1
2019-05-31 15:00:04.504,10434,10437,10437,1
2019-05-31 15:00:04.504,10434,10437,10438,1
2019-05-31 15:00:04.910,10435,10438,10435,2
2019-05-31 15:00:06.048,10436,10437,10436,1
2019-05-31 15:00:06.160,10436,10437,10437,1
2019-05-31 15:00:07.226,10435,10437,10436,1
2019-05-31 15:00:07.226,10435,10437,10437,9
2019-05-31 15:00:07.749,10436,10437,10437,1
2019-05-31 15:00:07.820,10436,10437,10436,10
2019-05-31 15:00:07.820,10436,10437,10435,12
2019-05-31 15:00:08.047,10435,10436,10436,1
2019-05-31 15:00:08.798,10435,10437,10437,2
2019-05-31 15:00:10.407,10436,10437,10437,1
2019-05-31 15:00:10.651,10436,10437,10437,2
2019-05-31 15:00:10.840,10436,10437,10438,1
2019-05-31 15:00:11.198,10437,10438,10438,1
2019-05-31 15:00:11.441,10437,10438,10438,2
2019-05-31 15:00:11.443,10437,10438,10438,2
2019-05-31 15:00:11.707,10438,10439,10439,2
2019-05-31 15:00:11.727,10438,10439,10439,1
2019-05-31 15:00:11.977,10439,10440,10439,1
2019-05-31 15:00:12.128,10439,10440,10439,1
2019-05-31 15:00:14.017,10439,10440,10440,1
2019-05-31 15:00:14.712,10439,10440,10440,1
2019-05-31 15:00:15.230,10439,10440,10439,3
2019-05-31 15:00:15.419,10439,10440,10439,12
2019-05-31 15:00:15.876,10439,10440,10440,1
2019-05-31 15:00:16.902,10439,10440,10440,2
2019-05-31 15:00:17.025,10439,10441,10440,1
2019-05-31 15:00:19.005,10440,10441,10440,1
2019-05-31 15:00:19.593,10440,10441,10440,2
2019-05-31 15:00:20.073,10440,10441,10440,1
2019-05-31 15:00:20.218,10440,10441,10441,3
2019-05-31 15:00:21.024,10440,10441,10441,4
2019-05-31 15:00:21.328,10441,10442,10441,5
2019-05-31 15:00:21.652,10441,10442,10442,1
2019-05-31 15:00:22.093,10441,10442,10441,5
2019-05-31 15:00:22.414,10441,10442,10441,1
2019-05-31 15:00:22.499,10441,10442,10441,1
2019-05-31 15:00:23.575,10441,10442,10442,2
2019-05-31 15:00:23.968,10442,10443,10443,1
2019-05-31 15:00:24.138,10442,10443,10442,1
2019-05-31 15:00:24.172,10442,10443,10443,2
2019-05-31 15:00:24.180,10442,10443,10442,1
2019-05-31 15:00:24.312,10442,10443,10443,1
2019-05-31 15:00:25.115,10442,10443,10442,1
2019-05-31 15:00:25.347,10442,10443,10443,1
2019-05-31 15:00:25.394,10442,10443,10443,1
2019-05-31 15:00:25.703,10442,10444,10442,1
2019-05-31 15:00:25.943,10442,10444,10444,2
2019-05-31 15:00:26.123,10442,10444,10444,1
2019-05-31 15:00:26.263,10442,10444,10444,1
2019-05-31 15:00:29.235,10442,10443,10442,5
2019-05-31 15:00:29.355,10442,10443,10442,4
2019-05-31 15:00:29.504,10442,10443,10443,1
2019-05-31 15:00:29.813,10442,10443,10443,1
2019-05-31 15:00:30.489,10442,10443,10443,1
2019-05-31 15:00:32.356,10442,10443,10443,1
2019-05-31 15:00:33.123,10442,10443,10443,1
2019-05-31 15:00:34.089,10442,10443,10443,1
2019-05-31 15:00:36.409,10442,10443,10443,2
2019-05-31 15:00:36.568,10442,10443,10443,1
2019-05-31 15:00:36.608,10442,10443,10442,1
2019-05-31 15:00:36.828,10442,10443,10443,1
2019-05-31 15:00:36.846,10442,10443,10442,5
2019-05-31 15:00:36.913,10442,10443,10442,2
2019-05-31 15:00:37.237,10442,10443,10442,1
2019-05-31 15:00:38.156,10442,10443,10443,1
2019-05-31 15:00:39.023,10442,10443,10443,1
2019-05-31 15:00:39.243,10442,10443,10442,2
2019-05-31 15:00:39.425,10442,10443,10443,2
2019-05-31 15:00:39.709,10442,10443,10443,1
2019-05-31 15:00:40.062,10442,10443,10443,1
2019-05-31 15:00:40.263,10442,10443,10443,1
2019-05-31 15:00:40.300,10442,10443,10442,10
2019-05-31 15:00:42.538,10441,10442,10441,2
2019-05-31 15:00:42.935,10441,10442,10442,1
2019-05-31 15:00:44.479,10441,10442,10441,1
2019-05-31 15:00:45.341,10441,10442,10441,1
2019-05-31 15:00:46.107,10441,10442,10441,1
2019-05-31 15:00:46.979,10441,10442,10441,1
2019-05-31 15:00:47.708,10441,10442,10442,1
2019-05-31 15:00:50.031,10441,10442,10441,1
2019-05-31 15:00:50.318,10441,10442,10442,1
2019-05-31 15:00:50.804,10441,10442,10442,3
2019-05-31 15:00:50.948,10441,10442,10441,1
2019-05-31 15:00:51.104,10441,10442,10441,1
2019-05-31 15:00:51.598,10441,10442,10441,1
2019-05-31 15:00:54.837,10441,10442,10442,1
2019-05-31 15:00:54.892,10441,10442,10441,2
2019-05-31 15:00:54.941,10441,10442,10441,1
2019-05-31 15:00:57.352,10441,10442,10442,4
2019-05-31 15:00:57.847,10441,10442,10441,4
2019-05-31 15:00:57.939,10441,10442,10442,1
2019-05-31 15:00:58.014,10441,10442,10441,2
2019-05-31 15:00:58.014,10441,10442,10441,2
2019-05-31 15:00:58.014,10441,10442,10441,2
2019-05-31 15:00:58.646,10441,10442,10441,1
2019-05-31 15:00:58.868,10441,10442,10441,1
2019-05-31 15:00:59.552,10441,10442,10442,2
2019-05-31 15:00:59.911,10441,10442,10441,2
2019-05-31 15:01:00.014,10440,10442,10440,1
2019-05-31 15:01:00.027,10440,10442,10440,1
2019-05-31 15:01:00.055,10440,10442,10440,1
2019-05-31 15:01:00.058,10440,10442,10440,2
2019-05-31 15:01:00.117,10440,10442,10440,1
2019-05-31 15:01:00.177,10440,10442,10440,1
2019-05-31 15:01:00.177,10440,10442,10440,1
2019-05-31 15:01:00.197,10440,10442,10440,6
2019-05-31 15:01:00.223,10440,10442,10440,4
2019-05-31 15:01:00.228,10440,10441,10440,2
2019-05-31 15:01:00.228,10440,10441,10440,1
2019-05-31 15:01:00.234,10440,10441,10439,4
2019-05-31 15:01:00.235,10440,10441,10439,1
2019-05-31 15:01:00.280,10440,10441,10439,1
2019-05-31 15:01:00.280,10440,10441,10439,4
2019-05-31 15:01:00.295,10440,10441,10439,1
2019-05-31 15:01:00.535,10438,10440,10439,1
2019-05-31 15:01:00.554,10438,10440,10438,1
2019-05-31 15:01:00.608,10438,10439,10438,2
2019-05-31 15:01:00.630,10438,10439,10439,1
2019-05-31 15:01:00.630,10438,10439,10439,1
2019-05-31 15:01:00.630,10438,10439,10439,1
2019-05-31 15:01:00.630,10438,10439,10439,1
2019-05-31 15:01:00.864,10438,10439,10438,1
2019-05-31 15:01:01.150,10438,10439,10438,1
2019-05-31 15:01:01.161,10438,10439,10438,4
2019-05-31 15:01:01.258,10438,10439,10438,1
2019-05-31 15:01:01.258,10438,10439,10437,2
2019-05-31 15:01:01.259,10438,10439,10437,1
2019-05-31 15:01:01.259,10438,10439,10437,1
2019-05-31 15:01:01.382,10437,10439,10437,1
2019-05-31 15:01:01.708,10437,10438,10437,1
2019-05-31 15:01:02.221,10437,10438,10438,9
2019-05-31 15:01:02.514,10437,10438,10438,2
2019-05-31 15:01:02.700,10438,10439,10438,1
2019-05-31 15:01:02.702,10438,10439,10439,1
2019-05-31 15:01:03.021,10438,10439,10439,2
2019-05-31 15:01:03.142,10438,10439,10438,1
2019-05-31 15:01:03.368,10438,10439,10438,1
2019-05-31 15:01:03.493,10438,10439,10438,4
2019-05-31 15:01:03.602,10438,10439,10438,3
2019-05-31 15:01:04.269,10437,10438,10438,1
2019-05-31 15:01:05.158,10437,10438,10437,2
2019-05-31 15:01:05.158,10437,10438,10437,1
2019-05-31 15:01:05.159,10437,10438,10437,2
2019-05-31 15:01:06.254,10437,10438,10438,1
2019-05-31 15:01:06.677,10437,10438,10438,1
2019-05-31 15:01:07.405,10437,10438,10437,6
2019-05-31 15:01:07.477,10437,10438,10437,3
2019-05-31 15:01:09.372,10436,10437,10436,2
2019-05-31 15:01:09.924,10436,10437,10436,1
2019-05-31 15:01:10.595,10435,10437,10437,1
2019-05-31 15:01:10.975,10435,10437,10437,10
2019-05-31 15:01:10.984,10435,10437,10436,1
2019-05-31 15:01:13.424,10436,10437,10436,1
2019-05-31 15:01:14.216,10436,10437,10436,3
2019-05-31 15:01:14.790,10436,10437,10437,2
2019-05-31 15:01:15.808,10436,10437,10436,1
2019-05-31 15:01:16.217,10435,10436,10436,4
2019-05-31 15:01:17.225,10436,10437,10436,1
2019-05-31 15:01:18.127,10436,10437,10436,1
2019-05-31 15:01:18.869,10436,10437,10436,1
2019-05-31 15:01:19.374,10436,10437,10436,1
2019-05-31 15:01:19.717,10436,10437,10436,1
2019-05-31 15:01:19.718,10436,10437,10436,3
2019-05-31 15:01:19.718,10436,10437,10436,2
2019-05-31 15:01:19.727,10436,10437,10436,2
2019-05-31 15:01:20.004,10435,10436,10435,13
2019-05-31 15:01:20.008,10435,10436,10436,1
2019-05-31 15:01:20.102,10435,10436,10435,4
2019-05-31 15:01:22.205,10434,10435,10435,1
2019-05-31 15:01:23.048,10434,10435,10435,1
2019-05-31 15:01:23.411,10434,10435,10435,2
2019-05-31 15:01:24.262,10434,10435,10434,1
2019-05-31 15:01:24.459,10434,10435,10434,5
2019-05-31 15:01:24.481,10434,10435,10434,2
2019-05-31 15:01:24.482,10434,10435,10434,1
2019-05-31 15:01:24.692,10434,10435,10435,2
2019-05-31 15:01:24.716,10434,10435,10435,8
2019-05-31 15:01:25.184,10434,10435,10435,1
2019-05-31 15:01:25.464,10434,10436,10436,18
2019-05-31 15:01:25.464,10434,10436,10437,3
2019-05-31 15:01:26.819,10435,10437,10435,4
2019-05-31 15:01:27.464,10435,10437,10435,1
2019-05-31 15:01:28.492,10436,10437,10437,1
2019-05-31 15:01:28.862,10436,10437,10436,3
2019-05-31 15:01:28.876,10436,10437,10437,2
2019-05-31 15:01:30.608,10436,10437,10436,1
2019-05-31 15:01:31.413,10436,10437,10436,1
2019-05-31 15:01:31.954,10436,10437,10436,1
2019-05-31 15:01:32.399,10436,10437,10437,1
2019-05-31 15:01:33.091,10436,10437,10437,5
2019-05-31 15:01:35.359,10437,10438,10437,1
2019-05-31 15:01:35.743,10436,10438,10438,2
2019-05-31 15:01:35.816,10436,10438,10436,1
2019-05-31 15:01:36.929,10436,10438,10438,2
2019-05-31 15:01:38.597,10436,10438,10436,1
2019-05-31 15:01:41.747,10437,10438,10437,1
2019-05-31 15:01:42.459,10437,10438,10438,1
2019-05-31 15:01:43.233,10437,10438,10437,1
2019-05-31 15:01:46.620,10437,10438,10437,1
2019-05-31 15:01:47.603,10437,10438,10437,1
2019-05-31 15:01:47.927,10437,10438,10437,1
2019-05-31 15:01:49.369,10437,10438,10437,2
2019-05-31 15:01:49.561,10437,10438,10437,1
2019-05-31 15:01:49.571,10437,10438,10437,1
2019-05-31 15:01:49.617,10436,10437,10437,2
2019-05-31 15:01:49.640,10436,10437,10436,1
2019-05-31 15:01:50.653,10436,10437,10437,1
2019-05-31 15:01:52.321,10437,10438,10437,1
2019-05-31 15:01:52.575,10436,10438,10437,1
2019-05-31 15:01:55.552,10437,10438,10437,1
2019-05-31 15:01:58.392,10437,10438,10438,1
2019-05-31 15:01:58.655,10437,10438,10438,1
2019-05-31 15:01:59.273,10437,10438,10437,13
2019-05-31 15:01:59.338,10437,10438,10437,3
2019-05-31 15:01:59.338,10437,10438,10436,1
2019-05-31 15:02:00.122,10436,10437,10436,3
2019-05-31 15:02:00.132,10436,10437,10436,1
2019-05-31 15:02:00.145,10436,10437,10436,1
2019-05-31 15:02:00.149,10436,10437,10436,1
2019-05-31 15:02:00.195,10436,10437,10436,2
2019-05-31 15:02:00.220,10436,10437,10436,3
2019-05-31 15:02:00.229,10436,10437,10436,1
2019-05-31 15:02:00.235,10436,10437,10436,3
2019-05-31 15:02:00.245,10436,10437,10436,1
2019-05-31 15:02:00.258,10436,10437,10436,3
2019-05-31 15:02:00.271,10436,10437,10436,2
2019-05-31 15:02:00.294,10436,10437,10436,1
2019-05-31 15:02:00.356,10436,10437,10436,2
2019-05-31 15:02:01.130,10435,10437,10435,1
2019-05-31 15:02:02.033,10436,10437,10436,1
2019-05-31 15:02:02.330,10436,10438,10437,4
2019-05-31 15:02:03.585,10436,10438,10438,2
2019-05-31 15:02:04.122,10436,10438,10436,1
2019-05-31 15:02:07.453,10437,10438,10438,2
2019-05-31 15:02:10.322,10437,10438,10438,1
2019-05-31 15:02:12.540,10437,10438,10437,1
2019-05-31 15:02:12.584,10437,10438,10437,1
2019-05-31 15:02:14.272,10437,10438,10438,1
2019-05-31 15:02:14.552,10437,10438,10438,1
2019-05-31 15:02:15.096,10437,10438,10438,2
2019-05-31 15:02:18.092,10437,10439,10439,3
2019-05-31 15:02:22.318,10437,10439,10439,1
2019-05-31 15:02:23.109,10437,10439,10437,1
2019-05-31 15:02:28.595,10437,10439,10437,2
2019-05-31 15:02:28.917,10437,10438,10438,1
2019-05-31 15:02:30.146,10438,10439,10438,1
2019-05-31 15:02:33.981,10438,10439,10439,2
2019-05-31 15:02:34.163,10438,10439,10438,1
2019-05-31 15:02:34.522,10438,10439,10438,1
2019-05-31 15:02:34.545,10438,10439,10438,5
2019-05-31 15:02:34.768,10437,10438,10437,4
2019-05-31 15:02:34.768,10437,10438,10437,1
2019-05-31 15:02:34.793,10437,10438,10438,2
2019-05-31 15:02:35.046,10437,10438,10438,2
2019-05-31 15:02:39.748,10437,10438,10438,1
2019-05-31 15:02:40.295,10437,10438,10437,2
2019-05-31 15:02:41.592,10437,10438,10437,1
2019-05-31 15:02:41.987,10437,10438,10437,2
2019-05-31 15:02:42.184,10437,10438,10437,2
2019-05-31 15:02:43.594,10437,10438,10438,1
2019-05-31 15:02:43.752,10437,10438,10438,1
2019-05-31 15:02:46.176,10437,10438,10437,1
2019-05-31 15:02:46.584,10437,10438,10438,1
2019-05-31 15:02:46.852,10437,10438,10438,1
2019-05-31 15:02:48.591,10437,10438,10437,1
2019-05-31 15:02:50.350,10437,10438,10437,5
2019-05-31 15:02:50.545,10437,10438,10438,2
2019-05-31 15:02:53.845,10437,10438,10437,1
2019-05-31 15:02:53.987,10437,10438,10438,2
2019-05-31 15:02:58.677,10437,10438,10438,1
2019-05-31 15:02:59.043,10437,10438,10437,1
2019-05-31 15:02:59.577,10437,10438,10438,1
2019-05-31 15:03:00.732,10437,10438,10438,4
2019-05-31 15:03:04.404,10437,10438,10437,4
2019-05-31 15:03:07.965,10437,10438,10437,1
2019-05-31 15:03:08.318,10437,10438,10437,1
2019-05-31 15:03:08.401,10437,10438,10437,1
2019-05-31 15:03:09.625,10437,10438,10438,1
2019-05-31 15:03:12.016,10437,10438,10437,1
2019-05-31 15:03:16.316,10437,10438,10438,2
2019-05-31 15:03:16.352,10437,10438,10438,9
2019-05-31 15:03:16.477,10437,10438,10438,11
2019-05-31 15:03:16.477,10437,10438,10438,1
2019-05-31 15:03:16.477,10437,10438,10438,2
2019-05-31 15:03:18.977,10438,10439,10439,6
2019-05-31 15:03:23.875,10439,10440,10439,1
2019-05-31 15:03:23.947,10439,10440,10439,4
2019-05-31 15:03:25.327,10439,10440,10440,1
2019-05-31 15:03:25.499,10439,10440,10440,1
2019-05-31 15:03:27.456,10439,10440,10439,1
2019-05-31 15:03:29.058,10439,10440,10440,1
2019-05-31 15:03:30.834,10439,10440,10439,1
2019-05-31 15:03:32.959,10439,10440,10440,5
2019-05-31 15:03:34.491,10439,10440,10439,2
2019-05-31 15:03:36.668,10439,10440,10440,1
2019-05-31 15:03:36.875,10439,10440,10440,6
2019-05-31 15:03:38.438,10439,10440,10440,1
2019-05-31 15:03:40.597,10439,10440,10440,1
2019-05-31 15:03:43.149,10439,10440,10439,1
2019-05-31 15:03:43.675,10439,10440,10440,1
2019-05-31 15:03:45.950,10439,10440,10440,30
2019-05-31 15:03:46.684,10439,10440,10440,1
2019-05-31 15:03:47.527,10439,10440,10439,1
2019-05-31 15:03:47.887,10439,10440,10440,1
2019-05-31 15:03:48.642,10439,10440,10440,1
2019-05-31 15:03:48.838,10439,10440,10440,1
2019-05-31 15:03:49.232,10439,10440,10440,1
2019-05-31 15:03:49.317,10439,10440,10440,1
2019-05-31 15:03:49.365,10439,10440,10440,2
2019-05-31 15:03:50.319,10440,10441,10440,2
2019-05-31 15:03:50.320,10440,10441,10440,1
2019-05-31 15:03:50.537,10439,10440,10439,1
2019-05-31 15:03:50.537,10439,10440,10439,1
2019-05-31 15:03:55.946,10439,10440,10439,1
2019-05-31 15:03:56.370,10439,10440,10439,1
2019-05-31 15:03:56.961,10439,10440,10439,2
2019-05-31 15:04:00.035,10439,10440,10439,1
2019-05-31 15:04:03.513,10439,10440,10439,1
2019-05-31 15:04:04.529,10439,10440,10439,1
2019-05-31 15:04:04.624,10439,10440,10439,1
2019-05-31 15:04:04.632,10439,10440,10439,2
2019-05-31 15:04:04.632,10439,10440,10438,1
2019-05-31 15:04:04.649,10439,10440,10438,1
2019-05-31 15:04:04.665,10439,10440,10438,1
2019-05-31 15:04:09.132,10438,10439,10439,3
2019-05-31 15:04:09.411,10438,10439,10439,1
2019-05-31 15:04:10.638,10438,10439,10439,1
2019-05-31 15:04:10.758,10438,10439,10439,1
2019-05-31 15:04:11.107,10438,10439,10438,1
2019-05-31 15:04:11.363,10438,10439,10438,2
2019-05-31 15:04:17.163,10438,10439,10438,1
2019-05-31 15:04:18.173,10438,10439,10439,1
2019-05-31 15:04:23.828,10438,10439,10439,1
2019-05-31 15:04:25.546,10438,10439,10439,1
2019-05-31 15:04:28.571,10438,10439,10439,1
2019-05-31 15:04:38.936,10438,10439,10438,1
2019-05-31 15:04:40.620,10438,10439,10439,1
2019-05-31 15:04:42.158,10438,10439,10439,1
2019-05-31 15:04:43.276,10438,10439,10439,1
2019-05-31 15:04:45.740,10438,10439,10439,1
2019-05-31 15:04:46.458,10438,10439,10439,1
2019-05-31 15:04:46.790,10438,10439,10439,1
2019-05-31 15:04:47.435,10438,10439,10439,1
2019-05-31 15:04:48.105,10438,10439,10438,1
2019-05-31 15:04:49.873,10438,10439,10439,1
2019-05-31 15:04:59.165,10438,10439,10439,1
2019-05-31 15:05:02.695,10438,10439,10439,3
2019-05-31 15:05:03.246,10438,10439,10439,3
2019-05-31 15:05:12.090,10438,10439,10439,2
2019-05-31 15:05:18.243,10438,10439,10439,1
2019-05-31 15:05:18.945,10438,10439,10439,1
2019-05-31 15:05:21.443,10438,10439,10439,3
2019-05-31 15:05:22.365,10438,10439,10439,1
2019-05-31 15:05:23.255,10438,10439,10439,5
2019-05-31 15:05:23.255,10438,10439,10439,1
2019-05-31 15:05:23.997,10438,10439,10438,2
2019-05-31 15:05:23.999,10438,10439,10439,1
2019-05-31 15:05:33.082,10438,10439,10438,1
2019-05-31 15:05:36.914,10438,10439,10439,1
2019-05-31 15:05:37.574,10438,10439,10438,1
2019-05-31 15:05:37.655,10438,10439,10438,2
2019-05-31 15:05:37.678,10438,10439,10438,2
2019-05-31 15:05:37.699,10438,10439,10438,2
2019-05-31 15:05:37.721,10438,10439,10438,2
2019-05-31 15:05:38.034,10438,10439,10438,1
2019-05-31 15:05:38.055,10438,10439,10438,1
2019-05-31 15:05:38.682,10438,10439,10439,5
2019-05-31 15:05:39.151,10438,10439,10439,1
2019-05-31 15:05:40.273,10438,10439,10439,1
2019-05-31 15:05:40.927,10438,10439,10439,1
2019-05-31 15:05:41.322,10438,10439,10438,2
2019-05-31 15:05:42.246,10438,10439,10439,1
2019-05-31 15:05:44.393,10439,10440,10439,1
2019-05-31 15:05:49.411,10439,10440,10440,1
2019-05-31 15:05:49.479,10439,10440,10440,11
2019-05-31 15:05:51.415,10439,10440,10440,1
2019-05-31 15:05:53.186,10439,10440,10440,1
2019-05-31 15:05:53.251,10440,10441,10440,5
2019-05-31 15:05:53.791,10440,10441,10440,1
2019-05-31 15:05:55.802,10439,10440,10439,1
2019-05-31 15:05:55.940,10439,10440,10440,1
2019-05-31 15:05:58.886,10439,10440,10440,6
2019-05-31 15:05:59.604,10439,10440,10440,1
2019-05-31 15:05:59.790,10439,10440,10440,6
2019-05-31 15:06:03.495,10440,10441,10441,2
2019-05-31 15:06:04.137,10440,10441,10440,2
2019-05-31 15:06:04.586,10440,10441,10440,6
2019-05-31 15:06:04.589,10440,10441,10440,1
2019-05-31 15:06:05.364,10440,10441,10441,1
2019-05-31 15:06:09.567,10440,10441,10441,1
2019-05-31 15:06:16.619,10440,10441,10441,1
2019-05-31 15:06:20.967,10440,10441,10441,13
2019-05-31 15:06:20.975,10440,10441,10440,5
2019-05-31 15:06:21.080,10440,10442,10440,1
2019-05-31 15:06:21.109,10440,10442,10440,5
2019-05-31 15:06:24.167,10441,10442,10441,1
2019-05-31 15:06:28.584,10441,10442,10441,1
2019-05-31 15:06:28.816,10440,10441,10440,1
2019-05-31 15:06:29.222,10440,10441,10441,1
2019-05-31 15:06:29.673,10440,10441,10440,1
2019-05-31 15:06:35.485,10440,10441,10440,1
2019-05-31 15:06:35.606,10440,10441,10441,1
2019-05-31 15:06:40.461,10440,10441,10440,6
2019-05-31 15:06:41.631,10439,10440,10440,1
2019-05-31 15:06:46.279,10439,10440,10440,2
2019-05-31 15:06:47.479,10439,10440,10440,1
2019-05-31 15:06:47.936,10439,10440,10440,1
2019-05-31 15:06:48.415,10439,10440,10440,1
2019-05-31 15:06:48.976,10439,10440,10440,8
2019-05-31 15:06:49.112,10440,10441,10440,2
2019-05-31 15:06:50.475,10440,10441,10440,3
2019-05-31 15:06:52.488,10440,10441,10440,2
2019-05-31 15:06:56.480,10440,10441,10441,16
2019-05-31 15:06:58.117,10441,10442,10441,2
2019-05-31 15:06:59.762,10441,10442,10442,1
2019-05-31 15:07:01.526,10441,10442,10442,22
2019-05-31 15:07:02.703,10442,10443,10442,1
2019-05-31 15:07:02.891,10442,10443,10443,4
2019-05-31 15:07:04.832,10442,10443,10442,1
2019-05-31 15:07:07.155,10442,10443,10442,1
2019-05-31 15:07:07.541,10442,10443,10443,1
2019-05-31 15:07:07.604,10442,10443,10443,10
2019-05-31 15:07:09.886,10443,10444,10444,1
2019-05-31 15:07:11.479,10443,10444,10444,1
2019-05-31 15:07:11.727,10443,10444,10444,1
2019-05-31 15:07:12.240,10443,10444,10444,1
2019-05-31 15:07:13.603,10443,10444,10444,1
2019-05-31 15:07:13.605,10443,10444,10444,3
2019-05-31 15:07:14.622,10443,10444,10443,1
2019-05-31 15:07:15.282,10443,10444,10444,1
2019-05-31 15:07:16.404,10443,10444,10443,1
2019-05-31 15:07:17.598,10443,10444,10444,2
2019-05-31 15:07:19.323,10443,10444,10444,1
2019-05-31 15:07:23.958,10443,10444,10444,1
2019-05-31 15:07:24.886,10443,10444,10444,2
2019-05-31 15:07:24.989,10443,10444,10444,1
2019-05-31 15:07:25.540,10443,10444,10444,1
2019-05-31 15:07:26.422,10443,10444,10444,1
2019-05-31 15:07:26.954,10443,10444,10444,1
2019-05-31 15:07:28.330,10443,10444,10444,1
2019-05-31 15:07:29.093,10443,10444,10444,3
2019-05-31 15:07:29.731,10443,10444,10444,1
2019-05-31 15:07:30.432,10443,10444,10444,1
2019-05-31 15:07:31.261,10443,10444,10444,1
2019-05-31 15:07:31.723,10443,10444,10444,1
2019-05-31 15:07:32.210,10443,10444,10443,1
2019-05-31 15:07:33.287,10443,10444,10444,1
2019-05-31 15:07:35.625,10443,10444,10444,1
2019-05-31 15:07:38.889,10443,10444,10444,1
2019-05-31 15:07:38.918,10443,10444,10444,1
2019-05-31 15:07:41.430,10443,10444,10444,1
2019-05-31 15:07:43.040,10443,10444,10444,2
2019-05-31 15:07:47.087,10443,10444,10444,5
2019-05-31 15:07:49.877,10443,10444,10444,1
2019-05-31 15:07:52.349,10443,10444,10444,1
2019-05-31 15:07:54.138,10443,10444,10444,2
2019-05-31 15:07:54.668,10443,10444,10443,18
2019-05-31 15:07:55.905,10442,10443,10443,1
2019-05-31 15:07:58.212,10442,10443,10443,1
2019-05-31 15:07:58.212,10442,10443,10444,2
2019-05-31 15:07:59.216,10443,10444,10443,1
2019-05-31 15:07:59.732,10443,10444,10444,1
2019-05-31 15:08:00.221,10443,10444,10443,5
2019-05-31 15:08:01.758,10443,10444,10444,4
2019-05-31 15:08:02.424,10443,10444,10443,2
2019-05-31 15:08:03.015,10443,10444,10444,1
2019-05-31 15:08:03.582,10443,10444,10443,2
2019-05-31 15:08:05.613,10443,10444,10444,1
2019-05-31 15:08:17.849,10443,10444,10443,1
2019-05-31 15:08:23.233,10443,10444,10443,1
2019-05-31 15:08:29.977,10443,10444,10443,1
2019-05-31 15:08:30.847,10443,10444,10444,7
2019-05-31 15:08:32.537,10443,10444,10443,5
2019-05-31 15:08:38.949,10443,10444,10443,1
2019-05-31 15:08:39.864,10443,10444,10443,1
2019-05-31 15:08:40.531,10443,10444,10443,1
2019-05-31 15:08:49.665,10443,10444,10443,13
2019-05-31 15:08:50.370,10442,10443,10443,2
2019-05-31 15:08:50.737,10442,10443,10442,2
2019-05-31 15:08:50.783,10442,10443,10442,1
2019-05-31 15:08:50.817,10442,10443,10442,1
2019-05-31 15:08:53.370,10441,10442,10442,1
2019-05-31 15:08:59.738,10441,10442,10442,2
2019-05-31 15:09:03.145,10441,10442,10442,5
2019-05-31 15:09:03.625,10441,10443,10441,2
2019-05-31 15:09:08.709,10441,10442,10442,1
2019-05-31 15:09:09.187,10441,10442,10441,1
2019-05-31 15:09:09.230,10441,10442,10441,1
2019-05-31 15:09:10.118,10441,10442,10442,1
2019-05-31 15:09:11.523,10441,10442,10441,1
2019-05-31 15:09:17.942,10441,10442,10442,4
2019-05-31 15:09:18.935,10441,10442,10442,2
2019-05-31 15:09:18.937,10441,10442,10442,2
2019-05-31 15:09:18.979,10441,10442,10442,1
2019-05-31 15:09:31.307,10441,10442,10442,1
2019-05-31 15:09:32.069,10441,10442,10441,1
2019-05-31 15:09:33.128,10441,10442,10441,1
2019-05-31 15:09:33.594,10441,10442,10441,1
2019-05-31 15:09:33.631,10441,10442,10441,1
2019-05-31 15:09:33.631,10441,10442,10441,1
2019-05-31 15:09:33.631,10441,10442,10441,1
2019-05-31 15:09:35.758,10440,10441,10441,1
2019-05-31 15:09:36.646,10440,10441,10440,2
2019-05-31 15:09:40.007,10440,10441,10441,3
2019-05-31 15:09:40.411,10441,10442,10441,2
2019-05-31 15:09:41.589,10441,10442,10441,1
2019-05-31 15:09:43.053,10441,10442,10441,1
2019-05-31 15:09:44.713,10441,10442,10441,1
2019-05-31 15:09:52.710,10441,10442,10441,1
2019-05-31 15:09:53.873,10441,10442,10441,10
2019-05-31 15:09:55.213,10441,10442,10441,5
2019-05-31 15:09:57.215,10440,10441,10441,2
2019-05-31 15:10:03.360,10440,10441,10440,2
2019-05-31 15:10:03.387,10440,10441,10440,2
2019-05-31 15:10:03.407,10440,10441,10440,2
2019-05-31 15:10:03.442,10440,10441,10440,2
2019-05-31 15:10:03.477,10440,10441,10440,7
2019-05-31 15:10:03.890,10439,10440,10439,1
2019-05-31 15:10:07.221,10439,10440,10439,1
2019-05-31 15:10:07.761,10439,10440,10440,1
2019-05-31 15:10:08.090,10439,10440,10439,3
2019-05-31 15:10:08.516,10439,10440,10439,1
2019-05-31 15:10:10.860,10439,10440,10440,1
2019-05-31 15:10:12.965,10439,10440,10439,1
2019-05-31 15:10:21.318,10439,10440,10439,5
2019-05-31 15:10:24.710,10439,10440,10440,1
2019-05-31 15:10:25.615,10439,10440,10439,2
2019-05-31 15:10:25.775,10439,10440,10439,2
2019-05-31 15:10:35.470,10439,10440,10439,1
2019-05-31 15:10:36.583,10439,10440,10439,1
2019-05-31 15:10:37.075,10439,10440,10440,1
2019-05-31 15:10:38.546,10439,10440,10440,18
2019-05-31 15:10:39.026,10440,10441,10441,2
2019-05-31 15:10:48.942,10440,10441,10441,1
2019-05-31 15:10:49.598,10440,10441,10441,2
2019-05-31 15:10:50.455,10440,10441,10440,2
2019-05-31 15:10:50.469,10440,10441,10440,1
2019-05-31 15:10:51.550,10440,10441,10440,1
2019-05-31 15:10:53.156,10440,10441,10440,1
2019-05-31 15:10:53.249,10439,10441,10440,1
2019-05-31 15:10:53.308,10439,10441,10440,1
2019-05-31 15:10:56.622,10439,10440,10439,1
2019-05-31 15:11:00.490,10439,10440,10440,1
2019-05-31 15:11:02.564,10439,10440,10439,4
2019-05-31 15:11:03.065,10439,10440,10439,1
2019-05-31 15:11:04.480,10439,10440,10440,1
2019-05-31 15:11:13.484,10439,10440,10440,2
2019-05-31 15:11:13.578,10439,10440,10440,1
2019-05-31 15:11:17.102,10439,10440,10439,1
2019-05-31 15:11:18.818,10439,10440,10439,9
2019-05-31 15:11:18.986,10439,10440,10439,10
2019-05-31 15:11:21.715,10438,10439,10439,3
2019-05-31 15:11:26.672,10438,10439,10439,1
2019-05-31 15:11:34.897,10438,10439,10439,4
2019-05-31 15:11:37.724,10438,10439,10438,1
2019-05-31 15:11:39.170,10438,10439,10438,10
2019-05-31 15:11:39.457,10438,10439,10438,13
2019-05-31 15:11:39.477,10438,10439,10438,10
2019-05-31 15:11:39.477,10438,10439,10438,3
2019-05-31 15:11:39.477,10438,10439,10438,5
2019-05-31 15:11:39.722,10437,10439,10438,1
2019-05-31 15:11:40.142,10437,10438,10437,3
2019-05-31 15:11:41.662,10437,10438,10437,1
2019-05-31 15:11:42.547,10437,10438,10438,1
2019-05-31 15:11:45.926,10437,10438,10437,1
2019-05-31 15:11:47.729,10437,10438,10438,1
2019-05-31 15:11:48.742,10438,10439,10438,1
2019-05-31 15:11:55.405,10438,10439,10438,1
2019-05-31 15:11:59.816,10438,10439,10439,1
2019-05-31 15:12:01.533,10438,10439,10438,3
2019-05-31 15:12:01.806,10437,10438,10437,2
2019-05-31 15:12:01.955,10437,10438,10437,1
2019-05-31 15:12:02.003,10437,10438,10437,1
2019-05-31 15:12:02.041,10437,10438,10437,1
2019-05-31 15:12:02.425,10437,10438,10438,7
2019-05-31 15:12:04.893,10437,10438,10437,3
2019-05-31 15:12:10.240,10437,10438,10437,1
2019-05-31 15:12:12.793,10437,10438,10437,1
2019-05-31 15:12:14.022,10437,10438,10437,1
2019-05-31 15:12:14.808,10437,10438,10437,5
2019-05-31 15:12:16.322,10437,10438,10437,1
2019-05-31 15:12:16.462,10437,10438,10438,2
2019-05-31 15:12:16.983,10437,10438,10437,2
2019-05-31 15:12:19.631,10436,10437,10437,3
2019-05-31 15:12:20.898,10436,10437,10437,1
2019-05-31 15:12:21.271,10437,10438,10437,1
2019-05-31 15:12:21.633,10437,10438,10437,1
2019-05-31 15:12:24.718,10436,10437,10437,1
2019-05-31 15:12:26.749,10436,10437,10437,1
2019-05-31 15:12:35.216,10436,10437,10437,1
2019-05-31 15:12:35.753,10436,10437,10437,1
2019-05-31 15:12:38.709,10436,10437,10437,20
2019-05-31 15:12:40.582,10436,10437,10437,2
2019-05-31 15:12:41.220,10436,10437,10436,1
2019-05-31 15:12:42.381,10436,10437,10437,1
2019-05-31 15:12:44.385,10436,10437,10437,1
2019-05-31 15:12:48.201,10436,10437,10436,28
2019-05-31 15:12:48.296,10435,10436,10436,1
2019-05-31 15:12:48.614,10435,10436,10435,1
2019-05-31 15:12:48.617,10435,10436,10435,2
2019-05-31 15:12:49.272,10435,10436,10435,4
2019-05-31 15:12:50.778,10435,10436,10435,1
2019-05-31 15:12:51.057,10435,10436,10436,4
2019-05-31 15:12:51.271,10435,10436,10435,2
2019-05-31 15:12:52.603,10435,10436,10435,30
2019-05-31 15:12:53.178,10435,10436,10435,1
2019-05-31 15:12:54.070,10435,10436,10436,1
2019-05-31 15:12:54.398,10435,10436,10435,10
2019-05-31 15:12:54.826,10435,10436,10435,5
2019-05-31 15:12:55.229,10434,10435,10435,2
2019-05-31 15:12:55.695,10434,10435,10435,2
2019-05-31 15:12:55.716,10434,10435,10435,2
2019-05-31 15:12:56.069,10435,10436,10435,1
2019-05-31 15:12:56.798,10435,10436,10435,1
2019-05-31 15:12:58.217,10435,10436,10435,1
2019-05-31 15:12:58.311,10435,10436,10435,1
2019-05-31 15:12:59.844,10435,10436,10435,1
2019-05-31 15:13:00.082,10435,10436,10435,1
2019-05-31 15:13:01.364,10435,10436,10436,11
2019-05-31 15:13:01.728,10436,10437,10436,1
2019-05-31 15:13:01.735,10436,10437,10436,1
2019-05-31 15:13:02.498,10436,10437,10436,1
2019-05-31 15:13:02.589,10436,10437,10436,1
2019-05-31 15:13:03.428,10436,10437,10436,1
2019-05-31 15:13:04.743,10436,10437,10437,2
2019-05-31 15:13:04.876,10436,10437,10437,2
2019-05-31 15:13:05.015,10436,10437,10437,2
2019-05-31 15:13:08.143,10436,10437,10437,1
2019-05-31 15:13:09.236,10436,10437,10437,1
2019-05-31 15:13:09.406,10436,10437,10436,6
2019-05-31 15:13:10.134,10435,10436,10436,1
2019-05-31 15:13:14.058,10435,10436,10435,1
2019-05-31 15:13:14.538,10435,10436,10436,1
2019-05-31 15:13:15.177,10435,10436,10435,1
2019-05-31 15:13:20.386,10435,10436,10435,1
2019-05-31 15:13:20.949,10435,10436,10436,5
2019-05-31 15:13:22.555,10435,10436,10435,1
2019-05-31 15:13:24.077,10435,10436,10436,1
2019-05-31 15:13:27.035,10435,10436,10436,1
2019-05-31 15:13:29.385,10435,10436,10435,1
2019-05-31 15:13:30.269,10435,10436,10435,1
2019-05-31 15:13:30.412,10435,10436,10436,1
2019-05-31 15:13:32.098,10435,10436,10435,1
2019-05-31 15:13:34.764,10435,10436,10436,5
2019-05-31 15:13:36.010,10435,10436,10435,4
2019-05-31 15:13:36.222,10435,10436,10436,2
2019-05-31 15:13:36.560,10435,10436,10435,1
2019-05-31 15:13:39.143,10435,10436,10436,1
2019-05-31 15:13:39.799,10435,10436,10435,1
2019-05-31 15:13:40.364,10435,10436,10436,1
2019-05-31 15:13:40.974,10435,10436,10435,1
2019-05-31 15:13:42.449,10435,10436,10436,10
2019-05-31 15:13:43.500,10435,10436,10436,1
2019-05-31 15:13:44.834,10435,10436,10435,30
2019-05-31 15:13:44.834,10435,10436,10435,4
2019-05-31 15:13:44.959,10434,10435,10435,4
2019-05-31 15:13:44.977,10434,10435,10435,2
2019-05-31 15:13:49.827,10434,10435,10435,1
2019-05-31 15:13:52.330,10434,10435,10435,1
2019-05-31 15:13:53.615,10434,10435,10435,10
2019-05-31 15:13:59.500,10434,10435,10435,1
2019-05-31 15:14:00.611,10434,10435,10435,1
2019-05-31 15:14:03.222,10434,10435,10435,1
2019-05-31 15:14:03.361,10434,10435,10435,3
2019-05-31 15:14:05.197,10434,10435,10435,1
2019-05-31 15:14:06.102,10434,10435,10435,2
2019-05-31 15:14:06.102,10434,10435,10435,1
2019-05-31 15:14:06.208,10434,10435,10435,1
2019-05-31 15:14:06.330,10434,10436,10435,1
2019-05-31 15:14:06.352,10435,10436,10435,1
2019-05-31 15:14:06.352,10435,10436,10435,1
2019-05-31 15:14:07.361,10435,10436,10435,1
2019-05-31 15:14:08.883,10435,10436,10435,1
2019-05-31 15:14:08.898,10435,10436,10435,1
2019-05-31 15:14:11.534,10435,10436,10435,1
2019-05-31 15:14:12.116,10435,10436,10435,1
2019-05-31 15:14:14.819,10435,10436,10436,1
2019-05-31 15:14:15.674,10435,10436,10436,1
2019-05-31 15:14:16.569,10435,10436,10435,1
2019-05-31 15:14:21.644,10435,10436,10435,10
2019-05-31 15:14:21.758,10434,10435,10435,2
2019-05-31 15:14:23.086,10434,10435,10435,1
2019-05-31 15:14:23.317,10434,10435,10435,1
2019-05-31 15:14:26.359,10434,10435,10435,10
2019-05-31 15:14:27.468,10434,10435,10435,1
2019-05-31 15:14:27.967,10434,10435,10435,1
2019-05-31 15:14:29.742,10434,10435,10435,1
2019-05-31 15:14:29.742,10434,10435,10435,4
2019-05-31 15:14:30.834,10435,10436,10435,1
2019-05-31 15:14:34.305,10435,10436,10435,15
2019-05-31 15:14:40.988,10435,10436,10436,1
2019-05-31 15:14:49.355,10435,10436,10435,4
2019-05-31 15:14:50.849,10435,10436,10435,1
2019-05-31 15:14:54.262,10435,10436,10436,1
2019-05-31 15:14:55.048,10435,10436,10435,1
2019-05-31 15:14:55.846,10435,10436,10436,1
2019-05-31 15:14:56.009,10435,10436,10435,1
2019-05-31 15:15:02.595,10435,10436,10435,1
2019-05-31 15:15:02.878,10435,10436,10435,4
2019-05-31 15:15:02.948,10435,10436,10435,2
2019-05-31 15:15:03.459,10435,10436,10435,1
2019-05-31 15:15:03.918,10435,10436,10435,1
2019-05-31 15:15:03.948,10435,10436,10435,1
2019-05-31 15:15:04.740,10435,10436,10435,1
2019-05-31 15:15:05.052,10435,10436,10435,1
2019-05-31 15:15:05.270,10435,10436,10435,1
2019-05-31 15:15:07.180,10434,10435,10435,1
2019-05-31 15:15:14.128,10434,10435,10435,1
2019-05-31 15:15:18.768,10434,10435,10434,5
2019-05-31 15:15:20.062,10434,10435,10435,10
2019-05-31 15:15:20.102,10434,10435,10435,8
2019-05-31 15:15:22.840,10435,10436,10435,2
2019-05-31 15:15:24.067,10434,10436,10436,1
2019-05-31 15:15:27.302,10434,10436,10436,1
2019-05-31 15:15:29.576,10434,10435,10435,2
2019-05-31 15:15:32.527,10434,10435,10434,1
2019-05-31 15:15:33.172,10434,10435,10435,1
2019-05-31 15:15:38.541,10434,10435,10435,1
2019-05-31 15:15:44.853,10435,10436,10435,1
2019-05-31 15:15:46.810,10435,10436,10435,1
2019-05-31 15:15:47.359,10434,10435,10435,1
2019-05-31 15:15:51.388,10435,10436,10435,1
2019-05-31 15:15:51.674,10435,10436,10435,1
2019-05-31 15:15:52.035,10435,10436,10436,1
2019-05-31 15:15:54.103,10435,10436,10436,1
2019-05-31 15:15:57.996,10435,10436,10435,7
2019-05-31 15:15:57.996,10435,10436,10435,5
2019-05-31 15:15:58.031,10435,10436,10435,1
2019-05-31 15:16:01.792,10434,10435,10435,5
2019-05-31 15:16:05.914,10434,10435,10435,1
2019-05-31 15:16:06.939,10434,10435,10435,1
2019-05-31 15:16:08.616,10435,10436,10435,5
2019-05-31 15:16:14.357,10435,10436,10436,1
2019-05-31 15:16:15.342,10435,10436,10435,1
2019-05-31 15:16:17.554,10435,10436,10436,1
2019-05-31 15:16:18.194,10435,10436,10435,1
2019-05-31 15:16:23.111,10435,10436,10435,1
2019-05-31 15:16:23.884,10435,10436,10436,1
2019-05-31 15:16:23.977,10435,10436,10436,4
2019-05-31 15:16:23.977,10435,10436,10436,1
2019-05-31 15:16:24.102,10435,10436,10436,13
2019-05-31 15:16:24.277,10436,10437,10437,2
2019-05-31 15:16:24.282,10436,10437,10437,1
2019-05-31 15:16:24.425,10436,10437,10436,5
2019-05-31 15:16:26.080,10436,10437,10436,1
2019-05-31 15:16:26.478,10436,10437,10437,2
2019-05-31 15:16:27.838,10436,10437,10436,1
2019-05-31 15:16:32.010,10436,10437,10437,1
2019-05-31 15:16:33.764,10436,10437,10437,1
2019-05-31 15:16:34.544,10436,10437,10437,1
2019-05-31 15:16:35.929,10436,10437,10436,1
2019-05-31 15:16:36.167,10436,10437,10437,10
2019-05-31 15:16:36.647,10436,10437,10437,1
2019-05-31 15:16:36.728,10437,10438,10437,2
2019-05-31 15:16:38.701,10437,10438,10438,1
2019-05-31 15:16:41.442,10437,10438,10438,8
2019-05-31 15:16:41.617,10437,10438,10438,1
2019-05-31 15:16:43.995,10437,10438,10438,1
2019-05-31 15:16:44.757,10437,10438,10438,1
2019-05-31 15:16:46.523,10437,10438,10438,1
2019-05-31 15:16:56.161,10437,10438,10438,5
2019-05-31 15:16:59.746,10437,10438,10438,1
2019-05-31 15:17:02.970,10437,10438,10438,2
2019-05-31 15:17:03.630,10437,10438,10438,1
2019-05-31 15:17:03.961,10437,10439,10439,5
2019-05-31 15:17:04.394,10437,10438,10438,1
2019-05-31 15:17:05.434,10437,10439,10438,2
2019-05-31 15:17:07.339,10437,10438,10438,2
2019-05-31 15:17:07.948,10437,10438,10438,1
2019-05-31 15:17:20.923,10437,10438,10438,2
2019-05-31 15:17:22.040,10437,10438,10437,1
2019-05-31 15:17:22.549,10437,10438,10438,1
2019-05-31 15:17:28.858,10437,10438,10438,6
2019-05-31 15:17:42.084,10437,10438,10438,1
2019-05-31 15:17:44.745,10437,10438,10438,2
2019-05-31 15:17:45.180,10437,10438,10438,1
2019-05-31 15:17:46.091,10438,10439,10439,1
2019-05-31 15:17:53.560,10438,10439,10439,12
2019-05-31 15:17:56.454,10438,10439,10439,2
2019-05-31 15:17:59.287,10438,10439,10438,2
2019-05-31 15:17:59.947,10438,10439,10439,1
2019-05-31 15:18:00.717,10438,10439,10439,1
2019-05-31 15:18:03.096,10438,10439,10439,9
2019-05-31 15:18:04.544,10438,10439,10439,1
2019-05-31 15:18:05.571,10438,10439,10439,1
2019-05-31 15:18:08.388,10438,10439,10438,1
2019-05-31 15:18:09.671,10438,10439,10439,1
2019-05-31 15:18:16.957,10438,10439,10439,8
2019-05-31 15:18:16.966,10438,10439,10439,8
2019-05-31 15:18:17.093,10438,10439,10439,7
2019-05-31 15:18:17.867,10439,10440,10439,1
2019-05-31 15:18:20.813,10439,10440,10440,2
2019-05-31 15:18:21.163,10439,10440,10440,1
2019-05-31 15:18:23.076,10439,10440,10439,1
2019-05-31 15:18:24.266,10439,10440,10440,1
2019-05-31 15:18:24.840,10439,10440,10439,1
2019-05-31 15:18:25.074,10439,10440,10439,10
2019-05-31 15:18:27.644,10439,10440,10439,1
2019-05-31 15:18:29.917,10439,10440,10440,2
2019-05-31 15:18:35.443,10439,10440,10440,1
2019-05-31 15:18:38.408,10439,10440,10440,1
2019-05-31 15:18:43.909,10439,10440,10440,3
2019-05-31 15:18:45.084,10439,10440,10440,1
2019-05-31 15:18:45.733,10439,10440,10440,1
2019-05-31 15:18:47.077,10439,10440,10439,1
2019-05-31 15:18:49.244,10439,10440,10440,1
2019-05-31 15:18:49.644,10439,10440,10440,2
2019-05-31 15:19:00.166,10439,10440,10439,1
2019-05-31 15:19:01.432,10439,10440,10439,1
2019-05-31 15:19:01.497,10439,10440,10440,1
2019-05-31 15:19:02.193,10439,10440,10440,2
2019-05-31 15:19:05.513,10439,10440,10440,1
2019-05-31 15:19:07.251,10439,10440,10439,1
2019-05-31 15:19:08.731,10439,10440,10439,1
2019-05-31 15:19:09.369,10439,10440,10440,1
2019-05-31 15:19:11.618,10439,10440,10440,1
2019-05-31 15:19:11.729,10439,10440,10439,1
2019-05-31 15:19:14.564,10439,10440,10440,1
2019-05-31 15:19:23.724,10439,10440,10440,1
2019-05-31 15:19:24.328,10439,10440,10440,1
2019-05-31 15:19:25.695,10439,10440,10440,1
2019-05-31 15:19:30.053,10439,10440,10439,3
2019-05-31 15:19:39.352,10439,10440,10439,1
2019-05-31 15:19:55.542,10439,10440,10440,2
2019-05-31 15:20:00.906,10439,10440,10440,1
2019-05-31 15:20:01.017,10439,10440,10440,1
2019-05-31 15:20:02.277,10439,10440,10439,3
2019-05-31 15:20:02.278,10439,10440,10439,1
2019-05-31 15:20:02.278,10439,10440,10439,1
2019-05-31 15:20:02.278,10439,10440,10439,30
2019-05-31 15:20:02.278,10439,10440,10439,1
2019-05-31 15:20:02.478,10438,10439,10438,6
2019-05-31 15:20:02.479,10438,10439,10438,1
2019-05-31 15:20:02.522,10438,10439,10438,1
2019-05-31 15:20:08.239,10437,10438,10438,3
2019-05-31 15:20:11.402,10437,10438,10438,1
2019-05-31 15:20:11.775,10438,10439,10438,1
2019-05-31 15:20:23.519,10438,10439,10438,1
2019-05-31 15:20:27.334,10438,10439,10438,1
2019-05-31 15:20:28.412,10438,10439,10438,6
2019-05-31 15:20:30.638,10438,10439,10439,1
2019-05-31 15:20:42.444,10438,10439,10439,1
2019-05-31 15:20:42.508,10438,10439,10438,2
2019-05-31 15:20:43.446,10438,10439,10439,1
2019-05-31 15:20:48.412,10438,10439,10439,1
2019-05-31 15:20:51.565,10438,10439,10439,1
2019-05-31 15:20:51.630,10438,10439,10438,2
2019-05-31 15:20:53.396,10438,10439,10439,2
2019-05-31 15:20:55.221,10438,10439,10439,1
2019-05-31 15:20:55.370,10438,10439,10438,2
2019-05-31 15:20:55.412,10438,10439,10438,2
2019-05-31 15:20:55.446,10438,10439,10438,2
2019-05-31 15:20:55.486,10438,10439,10438,2
2019-05-31 15:21:00.782,10438,10439,10438,5
2019-05-31 15:21:05.413,10438,10439,10438,10
2019-05-31 15:21:05.890,10438,10439,10438,2
2019-05-31 15:21:07.459,10437,10439,10438,1
2019-05-31 15:21:09.757,10437,10438,10438,1
2019-05-31 15:21:10.991,10437,10438,10438,2
2019-05-31 15:21:17.826,10437,10438,10438,1
2019-05-31 15:21:22.656,10437,10438,10437,2
2019-05-31 15:21:25.478,10437,10438,10438,1
2019-05-31 15:21:35.692,10437,10438,10437,1
2019-05-31 15:21:35.697,10437,10438,10437,1
2019-05-31 15:21:36.556,10437,10438,10438,14
2019-05-31 15:21:36.805,10437,10439,10438,1
2019-05-31 15:21:37.039,10437,10438,10438,3
2019-05-31 15:21:37.285,10438,10439,10438,2
2019-05-31 15:21:37.293,10438,10439,10438,1
2019-05-31 15:21:38.817,10438,10439,10439,2
2019-05-31 15:21:38.850,10438,10439,10439,1
2019-05-31 15:21:38.852,10438,10439,10439,2
2019-05-31 15:21:38.888,10438,10439,10440,1
2019-05-31 15:21:43.418,10438,10439,10439,1
2019-05-31 15:21:47.890,10438,10439,10439,1
2019-05-31 15:21:51.511,10438,10439,10439,1
2019-05-31 15:21:53.079,10438,10439,10439,1
2019-05-31 15:21:57.542,10438,10439,10439,1
2019-05-31 15:21:59.275,10438,10439,10439,1
2019-05-31 15:22:11.073,10438,10439,10439,1
2019-05-31 15:22:14.421,10438,10439,10439,1
2019-05-31 15:22:15.231,10438,10439,10438,2
2019-05-31 15:22:15.325,10438,10439,10439,1
2019-05-31 15:22:17.842,10438,10439,10439,1
2019-05-31 15:22:18.066,10438,10439,10438,1
2019-05-31 15:22:23.833,10438,10439,10439,1
2019-05-31 15:22:24.414,10438,10439,10439,3
2019-05-31 15:22:24.554,10438,10439,10438,1
2019-05-31 15:22:26.590,10438,10439,10438,5
2019-05-31 15:22:28.179,10438,10439,10438,1
2019-05-31 15:22:28.831,10438,10439,10438,5
2019-05-31 15:22:29.605,10437,10438,10438,1
2019-05-31 15:22:30.093,10437,10438,10438,2
2019-05-31 15:22:31.368,10437,10438,10438,1
2019-05-31 15:22:59.120,10437,10438,10438,1
2019-05-31 15:23:01.515,10437,10438,10438,2
2019-05-31 15:23:02.612,10437,10438,10438,1
2019-05-31 15:23:07.761,10437,10438,10438,1
2019-05-31 15:23:08.996,10437,10438,10438,2
2019-05-31 15:23:09.114,10437,10438,10438,2
2019-05-31 15:23:09.229,10437,10438,10438,2
2019-05-31 15:23:11.678,10437,10438,10438,1
2019-05-31 15:23:18.928,10437,10438,10437,3
2019-05-31 15:23:18.977,10437,10438,10437,9
2019-05-31 15:23:18.977,10437,10438,10437,4
2019-05-31 15:23:18.979,10437,10438,10437,6
2019-05-31 15:23:20.827,10436,10437,10436,19
2019-05-31 15:23:20.854,10435,10436,10435,1
2019-05-31 15:23:22.529,10435,10436,10436,1
2019-05-31 15:23:22.678,10435,10436,10436,1
2019-05-31 15:23:25.051,10435,10436,10436,1
2019-05-31 15:23:25.051,10435,10436,10436,1
2019-05-31 15:23:25.053,10435,10436,10436,1
2019-05-31 15:23:25.053,10435,10436,10436,1
2019-05-31 15:23:25.106,10436,10437,10437,1
2019-05-31 15:23:25.766,10436,10438,10436,1
2019-05-31 15:23:47.601,10436,10437,10436,1
2019-05-31 15:23:50.343,10436,10437,10437,9
2019-05-31 15:23:50.343,10436,10437,10438,31
2019-05-31 15:23:57.183,10437,10438,10438,1
2019-05-31 15:24:05.288,10438,10439,10439,1
2019-05-31 15:24:06.472,10438,10439,10438,1
2019-05-31 15:24:13.836,10438,10439,10439,1
2019-05-31 15:24:15.984,10438,10439,10439,1
2019-05-31 15:24:15.991,10438,10439,10439,1
2019-05-31 15:24:15.993,10438,10439,10439,1
2019-05-31 15:24:26.410,10438,10439,10439,3
2019-05-31 15:24:49.852,10438,10439,10439,16
2019-05-31 15:24:50.100,10438,10440,10439,2
2019-05-31 15:24:50.530,10439,10440,10440,1
2019-05-31 15:24:56.328,10439,10440,10440,18
2019-05-31 15:24:56.328,10439,10440,10440,5
2019-05-31 15:24:56.478,10440,10441,10441,1
2019-05-31 15:24:56.479,10440,10441,10441,1
2019-05-31 15:24:56.575,10440,10441,10440,2
2019-05-31 15:25:01.474,10440,10441,10440,2
2019-05-31 15:25:01.615,10439,10440,10440,2
2019-05-31 15:25:01.630,10439,10440,10440,2
2019-05-31 15:25:02.829,10439,10440,10440,8
2019-05-31 15:25:04.509,10439,10440,10440,1
2019-05-31 15:25:07.529,10439,10440,10440,1
2019-05-31 15:25:10.831,10439,10440,10439,1
2019-05-31 15:25:26.018,10439,10440,10439,1
2019-05-31 15:25:32.879,10439,10440,10440,2
2019-05-31 15:25:32.879,10439,10440,10440,6
2019-05-31 15:25:32.880,10439,10440,10440,1
2019-05-31 15:25:32.880,10439,10440,10440,2
2019-05-31 15:25:32.880,10439,10440,10440,4
2019-05-31 15:25:32.880,10439,10440,10440,1
2019-05-31 15:25:33.128,10440,10441,10440,1
2019-05-31 15:25:33.528,10439,10440,10440,1
2019-05-31 15:25:33.776,10440,10441,10440,2
2019-05-31 15:25:33.997,10440,10441,10440,1
2019-05-31 15:25:37.625,10440,10441,10440,1
2019-05-31 15:25:38.598,10439,10440,10440,1
2019-05-31 15:25:39.074,10439,10440,10440,2
2019-05-31 15:25:40.104,10439,10440,10439,2
2019-05-31 15:25:49.462,10439,10440,10439,1
2019-05-31 15:25:50.374,10439,10440,10439,2
2019-05-31 15:26:00.784,10439,10440,10439,13
2019-05-31 15:26:00.784,10439,10440,10439,1
2019-05-31 15:26:01.680,10438,10439,10439,1
2019-05-31 15:26:05.514,10438,10439,10439,1
2019-05-31 15:26:06.108,10438,10439,10439,3
2019-05-31 15:26:16.634,10438,10439,10438,2
2019-05-31 15:26:34.610,10438,10439,10438,1
2019-05-31 15:26:42.614,10438,10439,10439,1
2019-05-31 15:26:48.107,10438,10439,10438,1
2019-05-31 15:26:57.679,10438,10439,10438,3
2019-05-31 15:26:59.844,10438,10439,10438,1
2019-05-31 15:27:01.597,10438,10439,10439,1
2019-05-31 15:27:24.167,10438,10439,10439,1
2019-05-31 15:27:30.157,10438,10439,10439,1
2019-05-31 15:27:39.095,10438,10439,10439,1
2019-05-31 15:27:41.132,10438,10439,10439,1
2019-05-31 15:27:49.866,10438,10439,10439,1
2019-05-31 15:28:02.438,10438,10439,10439,1
2019-05-31 15:28:03.834,10438,10439,10439,1
2019-05-31 15:28:07.574,10438,10439,10439,1
2019-05-31 15:28:07.888,10438,10439,10439,1
2019-05-31 15:28:08.666,10438,10439,10439,1
2019-05-31 15:28:16.514,10438,10439,10439,1
2019-05-31 15:28:28.003,10438,10439,10439,3
2019-05-31 15:28:41.230,10438,10439,10439,2
2019-05-31 15:28:46.029,10439,10440,10439,1
2019-05-31 15:28:55.601,10439,10440,10439,1
2019-05-31 15:29:14.337,10439,10440,10439,1
2019-05-31 15:29:19.287,10439,10440,10440,1
2019-05-31 15:29:28.563,10439,10440,10439,5
2019-05-31 15:29:35.452,10439,10440,10440,1
2019-05-31 15:29:46.143,10439,10440,10439,3
2019-05-31 15:29:49.387,10439,10440,10439,1
2019-05-31 15:29:54.515,10439,10440,10439,1
2019-05-31 15:29:57.520,10439,10440,10439,1
2019-05-31 15:30:01.071,10439,10440,10439,2
2019-05-31 15:30:01.078,10439,10440,10439,1
2019-05-31 15:30:01.080,10439,10440,10439,2
2019-05-31 15:30:01.080,10439,10440,10439,2
2019-05-31 15:30:01.229,10439,10440,10439,1
2019-05-31 15:30:01.229,10439,10440,10439,1
2019-05-31 15:30:01.229,10439,10440,10439,1
2019-05-31 15:30:01.229,10439,10440,10439,2
2019-05-31 15:30:01.229,10439,10440,10439,7
2019-05-31 15:30:01.525,10438,10439,10438,2
2019-05-31 15:30:01.744,10438,10439,10438,2
2019-05-31 15:30:02.479,10438,10439,10438,4
2019-05-31 15:30:03.613,10438,10439,10438,1
2019-05-31 15:30:19.446,10438,10439,10438,1
2019-05-31 15:30:22.117,10438,10439,10438,1
2019-05-31 15:30:22.175,10438,10439,10438,2
2019-05-31 15:30:23.020,10438,10439,10438,1
2019-05-31 15:30:23.102,10438,10439,10438,1
2019-05-31 15:30:30.314,10438,10439,10438,2
2019-05-31 15:30:33.867,10438,10439,10438,3
2019-05-31 15:30:33.977,10438,10439,10438,2
2019-05-31 15:30:33.998,10438,10439,10438,4
2019-05-31 15:30:33.998,10438,10439,10438,6
2019-05-31 15:30:34.086,10438,10439,10437,1
2019-05-31 15:30:34.101,10438,10439,10437,2
2019-05-31 15:30:34.117,10437,10438,10437,1
2019-05-31 15:30:39.870,10437,10438,10437,2
2019-05-31 15:30:39.875,10437,10438,10437,2
2019-05-31 15:30:43.940,10437,10438,10437,10
2019-05-31 15:30:51.501,10437,10438,10437,5
2019-05-31 15:30:52.372,10437,10438,10437,1
2019-05-31 15:30:52.510,10437,10438,10437,1
2019-05-31 15:30:57.384,10437,10438,10437,1
2019-05-31 15:30:57.545,10437,10438,10437,5
2019-05-31 15:30:57.602,10437,10438,10437,3
2019-05-31 15:30:57.727,10437,10438,10437,2
2019-05-31 15:30:57.727,10437,10438,10437,5
2019-05-31 15:30:57.843,10437,10438,10437,1
2019-05-31 15:31:05.563,10436,10437,10436,2
2019-05-31 15:31:05.771,10436,10437,10437,1
2019-05-31 15:31:05.852,10436,10437,10437,2
2019-05-31 15:31:06.131,10437,10438,10437,1
2019-05-31 15:31:24.648,10437,10438,10438,1
2019-05-31 15:31:28.748,10437,10438,10437,3
2019-05-31 15:31:30.297,10437,10438,10438,1
2019-05-31 15:31:31.323,10437,10438,10437,5
2019-05-31 15:31:31.550,10437,10438,10437,5
2019-05-31 15:31:32.620,10437,10438,10437,5
2019-05-31 15:31:32.845,10437,10438,10437,2
2019-05-31 15:31:35.646,10436,10437,10437,1
2019-05-31 15:31:36.977,10436,10437,10437,3
2019-05-31 15:31:41.726,10437,10438,10437,5
2019-05-31 15:31:48.153,10437,10438,10438,3
2019-05-31 15:31:48.153,10437,10438,10438,3
2019-05-31 15:31:48.153,10437,10438,10438,3
2019-05-31 15:31:48.153,10437,10438,10438,2
2019-05-31 15:31:48.153,10437,10438,10438,6
2019-05-31 15:31:48.303,10438,10439,10438,8
2019-05-31 15:31:48.303,10438,10439,10438,3
2019-05-31 15:31:54.658,10438,10439,10438,1
2019-05-31 15:32:07.190,10437,10438,10438,4
2019-05-31 15:32:07.989,10438,10439,10439,1
2019-05-31 15:32:09.153,10438,10439,10439,7
2019-05-31 15:32:11.978,10439,10440,10440,1
2019-05-31 15:32:12.595,10439,10440,10440,1
2019-05-31 15:32:19.052,10439,10440,10439,2
2019-05-31 15:32:23.526,10438,10439,10438,2
2019-05-31 15:32:30.102,10438,10439,10438,2
2019-05-31 15:32:30.102,10438,10439,10438,4
2019-05-31 15:32:31.637,10438,10439,10438,1
2019-05-31 15:33:04.763,10438,10439,10439,2
2019-05-31 15:33:04.982,10438,10439,10438,3
2019-05-31 15:33:07.024,10438,10439,10438,6
2019-05-31 15:33:09.115,10437,10438,10438,5
2019-05-31 15:33:13.843,10437,10438,10437,2
2019-05-31 15:33:14.067,10437,10438,10438,1
2019-05-31 15:33:20.431,10437,10438,10437,4
2019-05-31 15:33:20.477,10437,10438,10437,5
2019-05-31 15:33:20.602,10437,10438,10437,1
2019-05-31 15:33:21.089,10436,10437,10437,1
2019-05-31 15:33:25.638,10436,10437,10437,1
2019-05-31 15:33:25.682,10436,10437,10437,1
2019-05-31 15:33:25.682,10436,10437,10437,2
2019-05-31 15:33:26.955,10436,10438,10438,36
2019-05-31 15:33:41.215,10438,10439,10438,1
2019-05-31 15:33:42.375,10438,10439,10438,1
2019-05-31 15:33:50.274,10438,10439,10438,1
2019-05-31 15:33:50.274,10438,10439,10438,2
2019-05-31 15:33:50.274,10438,10439,10438,2
2019-05-31 15:33:50.275,10438,10439,10438,3
2019-05-31 15:33:50.275,10438,10439,10438,4
2019-05-31 15:34:05.309,10437,10438,10438,2
2019-05-31 15:34:05.309,10437,10438,10438,9
2019-05-31 15:34:08.743,10437,10438,10438,1
2019-05-31 15:34:55.055,10437,10438,10438,1
2019-05-31 15:34:55.055,10437,10438,10438,3
2019-05-31 15:34:55.055,10437,10438,10438,2
2019-05-31 15:34:55.055,10437,10438,10438,5
2019-05-31 15:34:59.837,10438,10439,10438,3
2019-05-31 15:35:00.615,10437,10438,10438,2
2019-05-31 15:35:03.365,10438,10439,10438,1
2019-05-31 15:35:05.700,10438,10439,10438,1
2019-05-31 15:35:11.225,10437,10438,10438,1
2019-05-31 15:35:16.159,10437,10438,10438,1
2019-05-31 15:35:45.570,10437,10438,10438,1
2019-05-31 15:35:45.649,10437,10438,10438,1
2019-05-31 15:35:58.085,10438,10439,10438,2
2019-05-31 15:36:04.739,10438,10439,10439,3
2019-05-31 15:36:05.195,10438,10439,10438,1
2019-05-31 15:36:26.109,10438,10439,10439,2
2019-05-31 15:36:27.833,10438,10439,10438,3
2019-05-31 15:36:32.189,10438,10439,10439,6
2019-05-31 15:36:32.202,10438,10439,10439,8
2019-05-31 15:36:32.574,10439,10440,10439,2
2019-05-31 15:36:32.592,10439,10440,10439,2
2019-05-31 15:36:32.610,10439,10440,10439,2
2019-05-31 15:36:32.941,10439,10440,10439,1
2019-05-31 15:36:32.991,10439,10440,10439,2
2019-05-31 15:36:33.116,10438,10439,10438,1
2019-05-31 15:36:37.830,10438,10439,10439,2
2019-05-31 15:36:38.617,10438,10439,10439,1
2019-05-31 15:36:38.726,10438,10439,10439,1
2019-05-31 15:36:40.106,10439,10440,10439,1
2019-05-31 15:36:42.514,10438,10440,10438,1
2019-05-31 15:36:42.582,10438,10440,10438,2
2019-05-31 15:36:43.326,10438,10439,10438,1
2019-05-31 15:36:43.352,10438,10439,10438,1
2019-05-31 15:36:46.624,10438,10439,10439,1
2019-05-31 15:36:54.113,10439,10440,10439,1
2019-05-31 15:36:56.317,10438,10440,10440,15
2019-05-31 15:37:02.177,10439,10440,10440,1
2019-05-31 15:37:02.227,10439,10440,10440,8
2019-05-31 15:37:02.228,10439,10440,10440,10
2019-05-31 15:37:04.216,10440,10441,10440,1
2019-05-31 15:37:39.548,10440,10441,10440,2
2019-05-31 15:37:39.897,10440,10441,10441,2
2019-05-31 15:37:40.010,10440,10441,10441,1
2019-05-31 15:37:40.012,10440,10441,10441,1
2019-05-31 15:37:40.358,10440,10441,10441,1
2019-05-31 15:37:46.599,10440,10441,10441,1
2019-05-31 15:37:51.646,10440,10441,10441,1
2019-05-31 15:37:52.911,10440,10441,10441,1
2019-05-31 15:37:56.207,10440,10441,10441,1
2019-05-31 15:38:00.918,10440,10441,10441,1
2019-05-31 15:38:22.696,10440,10441,10440,4
2019-05-31 15:38:23.985,10440,10441,10441,15
2019-05-31 15:38:31.337,10440,10441,10441,1
2019-05-31 15:38:31.410,10440,10441,10441,1
2019-05-31 15:38:35.719,10440,10441,10441,1
2019-05-31 15:38:37.003,10440,10441,10441,1
2019-05-31 15:38:39.229,10440,10441,10441,2
2019-05-31 15:38:39.328,10440,10441,10441,10
2019-05-31 15:38:39.356,10440,10441,10441,4
2019-05-31 15:38:40.893,10440,10442,10440,3
2019-05-31 15:38:42.433,10440,10441,10441,1
2019-05-31 15:38:46.495,10440,10441,10441,2
2019-05-31 15:38:51.196,10440,10441,10441,1
2019-05-31 15:38:52.194,10440,10441,10441,1
2019-05-31 15:38:56.037,10440,10441,10441,1
2019-05-31 15:38:56.561,10440,10441,10441,1
2019-05-31 15:38:57.885,10440,10441,10441,1
2019-05-31 15:38:59.334,10440,10441,10441,3
2019-05-31 15:38:59.352,10440,10441,10441,1
2019-05-31 15:39:05.192,10440,10441,10441,1
2019-05-31 15:39:05.192,10440,10441,10441,2
2019-05-31 15:39:05.193,10440,10441,10441,2
2019-05-31 15:39:07.231,10441,10442,10442,3
2019-05-31 15:39:07.333,10441,10442,10442,1
2019-05-31 15:39:08.682,10441,10442,10441,2
2019-05-31 15:39:14.901,10441,10442,10441,2
2019-05-31 15:39:17.097,10441,10442,10441,1
2019-05-31 15:39:21.291,10441,10442,10442,2
2019-05-31 15:39:22.640,10441,10442,10441,2
2019-05-31 15:39:27.432,10441,10442,10441,16
2019-05-31 15:39:27.687,10441,10442,10441,4
2019-05-31 15:39:31.795,10441,10442,10442,1
2019-05-31 15:39:33.531,10441,10442,10441,3
2019-05-31 15:39:35.048,10441,10442,10441,1
2019-05-31 15:39:35.048,10441,10442,10440,1
2019-05-31 15:39:39.825,10441,10442,10441,1
2019-05-31 15:39:42.449,10440,10441,10440,1
2019-05-31 15:39:46.653,10440,10441,10441,1
2019-05-31 15:39:47.114,10440,10441,10441,1
2019-05-31 15:39:49.088,10440,10441,10441,1
2019-05-31 15:39:52.696,10441,10442,10442,1
2019-05-31 15:39:55.611,10441,10442,10441,5
2019-05-31 15:39:55.824,10440,10441,10441,10
2019-05-31 15:40:05.719,10440,10441,10440,1
2019-05-31 15:40:07.205,10440,10441,10440,1
2019-05-31 15:40:13.628,10440,10441,10441,2
2019-05-31 15:40:13.736,10440,10442,10441,3
2019-05-31 15:40:14.366,10441,10442,10441,1
2019-05-31 15:40:16.517,10441,10442,10442,1
2019-05-31 15:40:21.168,10441,10442,10442,1
2019-05-31 15:40:22.273,10441,10442,10442,2
2019-05-31 15:40:36.190,10441,10442,10442,1
2019-05-31 15:40:48.782,10441,10442,10441,1
2019-05-31 15:40:49.192,10441,10442,10442,1
2019-05-31 15:40:50.755,10441,10442,10442,1
2019-05-31 15:40:51.264,10441,10442,10442,1
2019-05-31 15:40:59.222,10441,10442,10442,7
2019-05-31 15:40:59.821,10441,10442,10442,6
2019-05-31 15:41:03.961,10442,10443,10442,8
2019-05-31 15:41:07.283,10441,10442,10442,1
2019-05-31 15:41:07.289,10441,10442,10442,1
2019-05-31 15:41:07.827,10442,10443,10442,1
2019-05-31 15:41:07.827,10442,10443,10441,2
2019-05-31 15:41:11.302,10441,10442,10442,1
2019-05-31 15:41:13.512,10441,10442,10442,1
2019-05-31 15:41:19.737,10441,10443,10443,5
2019-05-31 15:41:26.024,10442,10443,10443,1
2019-05-31 15:41:27.063,10442,10443,10442,1
2019-05-31 15:41:43.628,10442,10443,10442,4
2019-05-31 15:41:50.330,10442,10443,10443,23
2019-05-31 15:41:50.429,10442,10444,10443,1
2019-05-31 15:41:52.806,10443,10444,10444,1
2019-05-31 15:41:52.873,10443,10444,10444,1
2019-05-31 15:41:52.883,10443,10444,10444,1
2019-05-31 15:41:52.889,10443,10444,10444,5
2019-05-31 15:41:53.053,10443,10444,10444,1
2019-05-31 15:41:53.734,10443,10444,10444,1
2019-05-31 15:41:54.121,10443,10444,10443,1
2019-05-31 15:41:55.056,10442,10443,10443,1
2019-05-31 15:41:55.951,10443,10444,10443,1
2019-05-31 15:41:59.684,10442,10443,10442,2
2019-05-31 15:41:59.733,10442,10443,10442,1
2019-05-31 15:41:59.974,10442,10443,10443,1
2019-05-31 15:41:59.999,10442,10443,10443,9
2019-05-31 15:42:01.754,10442,10443,10443,4
2019-05-31 15:42:02.359,10442,10443,10443,1
2019-05-31 15:42:02.672,10442,10443,10443,1
2019-05-31 15:42:02.881,10442,10443,10442,2
2019-05-31 15:42:02.881,10442,10443,10442,3
2019-05-31 15:42:02.881,10442,10443,10442,3
2019-05-31 15:42:02.882,10442,10443,10442,6
2019-05-31 15:42:02.885,10442,10443,10442,1
2019-05-31 15:42:03.245,10441,10442,10441,3
2019-05-31 15:42:03.270,10441,10442,10441,5
2019-05-31 15:42:03.293,10441,10442,10441,1
2019-05-31 15:42:03.293,10441,10442,10441,1
2019-05-31 15:42:05.855,10441,10442,10441,5
2019-05-31 15:42:06.789,10441,10442,10442,1
2019-05-31 15:42:08.886,10441,10442,10441,1
2019-05-31 15:42:14.804,10441,10442,10441,1
2019-05-31 15:42:14.804,10441,10442,10440,4
2019-05-31 15:42:16.045,10440,10441,10441,1
2019-05-31 15:42:17.178,10441,10442,10441,1
2019-05-31 15:42:22.876,10441,10442,10441,5
2019-05-31 15:42:32.059,10440,10441,10441,1
2019-05-31 15:42:39.781,10440,10441,10441,1
2019-05-31 15:42:41.263,10440,10441,10441,1
2019-05-31 15:42:42.742,10441,10442,10442,1
2019-05-31 15:42:51.717,10441,10442,10441,1
2019-05-31 15:43:01.449,10441,10442,10442,3
2019-05-31 15:43:27.418,10441,10442,10442,2
2019-05-31 15:43:27.418,10441,10442,10442,2
2019-05-31 15:43:27.418,10441,10442,10442,2
2019-05-31 15:43:27.418,10441,10442,10442,5
2019-05-31 15:43:27.626,10442,10443,10443,1
2019-05-31 15:43:27.677,10442,10443,10443,1
2019-05-31 15:43:27.727,10442,10443,10443,3
2019-05-31 15:43:27.727,10442,10443,10443,3
2019-05-31 15:43:34.061,10443,10444,10444,2
2019-05-31 15:43:34.102,10443,10444,10444,10
2019-05-31 15:43:34.102,10443,10444,10444,4
2019-05-31 15:43:34.227,10443,10444,10444,4
2019-05-31 15:43:34.227,10443,10444,10444,2
2019-05-31 15:43:34.227,10443,10444,10444,4
2019-05-31 15:43:34.227,10443,10444,10444,4
2019-05-31 15:43:34.741,10444,10445,10444,2
2019-05-31 15:43:34.841,10444,10445,10444,1
2019-05-31 15:43:35.774,10444,10445,10445,1
2019-05-31 15:43:35.869,10444,10445,10445,5
2019-05-31 15:43:35.942,10444,10445,10445,1
2019-05-31 15:43:36.076,10444,10445,10445,1
2019-05-31 15:43:39.084,10443,10445,10445,2
2019-05-31 15:43:47.758,10444,10445,10445,1
2019-05-31 15:43:49.558,10444,10445,10445,1
2019-05-31 15:43:49.817,10444,10445,10444,1
2019-05-31 15:43:54.266,10444,10445,10445,1
2019-05-31 15:43:54.391,10444,10445,10445,4
2019-05-31 15:43:55.880,10444,10445,10444,1
2019-05-31 15:43:57.995,10444,10445,10445,10
2019-05-31 15:44:00.918,10444,10445,10445,2
2019-05-31 15:44:01.243,10444,10445,10445,1
2019-05-31 15:44:01.399,10444,10445,10445,1
2019-05-31 15:44:01.522,10444,10445,10445,1
2019-05-31 15:44:03.471,10444,10445,10445,5
2019-05-31 15:44:04.659,10444,10445,10445,1
2019-05-31 15:44:05.700,10444,10445,10445,2
2019-05-31 15:44:05.938,10444,10445,10445,1
2019-05-31 15:44:06.216,10444,10445,10445,4
2019-05-31 15:44:07.321,10444,10445,10445,1
2019-05-31 15:44:07.783,10444,10445,10445,10
2019-05-31 15:44:08.578,10444,10445,10445,6
2019-05-31 15:44:09.221,10444,10445,10445,1
2019-05-31 15:44:09.801,10444,10445,10445,1
2019-05-31 15:44:11.047,10444,10445,10445,3
2019-05-31 15:44:12.593,10444,10445,10444,2
2019-05-31 15:44:13.685,10444,10445,10445,10
2019-05-31 15:44:17.609,10444,10446,10446,1
2019-05-31 15:44:21.136,10445,10446,10446,1
2019-05-31 15:44:22.466,10445,10446,10446,1
2019-05-31 15:44:24.741,10445,10446,10445,2
2019-05-31 15:44:25.281,10445,10446,10446,1
2019-05-31 15:44:25.879,10445,10446,10445,1
2019-05-31 15:44:35.093,10445,10446,10446,10
2019-05-31 15:44:35.136,10445,10446,10446,2
2019-05-31 15:44:35.192,10445,10446,10446,1
2019-05-31 15:44:35.193,10445,10446,10446,2
2019-05-31 15:44:35.267,10445,10447,10446,1
2019-05-31 15:44:36.831,10446,10447,10446,1
2019-05-31 15:44:36.852,10446,10447,10446,1
2019-05-31 15:44:38.894,10445,10446,10446,1
2019-05-31 15:44:41.509,10445,10446,10446,3
2019-05-31 15:44:43.072,10446,10447,10446,1
2019-05-31 15:44:45.046,10446,10447,10446,1
2019-05-31 15:44:45.555,10446,10447,10446,1
2019-05-31 15:44:49.594,10446,10447,10447,1
2019-05-31 15:44:49.662,10446,10447,10447,1
2019-05-31 15:44:49.683,10446,10447,10446,4
2019-05-31 15:45:00.533,10445,10446,10446,7
2019-05-31 15:45:02.992,10445,10446,10446,6
2019-05-31 15:45:03.982,10445,10447,10446,1
2019-05-31 15:45:04.967,10445,10447,10447,1
2019-05-31 15:45:09.690,10445,10446,10446,1
2019-05-31 15:45:09.842,10445,10446,10446,1
2019-05-31 15:45:09.876,10445,10446,10446,1
2019-05-31 15:45:14.257,10445,10446,10446,2
2019-05-31 15:45:14.359,10446,10447,10446,1
2019-05-31 15:45:16.748,10445,10446,10446,1
2019-05-31 15:45:17.853,10445,10446,10446,1
2019-05-31 15:45:24.709,10445,10446,10446,1
2019-05-31 15:45:27.864,10445,10446,10445,1
2019-05-31 15:45:32.971,10445,10446,10445,1
2019-05-31 15:45:40.352,10445,10446,10445,23
2019-05-31 15:45:47.717,10444,10445,10445,1
2019-05-31 15:45:55.227,10444,10445,10445,1
2019-05-31 15:45:56.406,10444,10445,10444,5
2019-05-31 15:46:03.098,10444,10445,10445,2
2019-05-31 15:46:03.267,10444,10445,10445,1
2019-05-31 15:46:06.689,10444,10445,10445,3
2019-05-31 15:46:08.886,10444,10445,10445,1
2019-05-31 15:46:11.206,10444,10445,10445,1
2019-05-31 15:46:11.824,10444,10445,10444,10
2019-05-31 15:46:11.881,10444,10445,10444,1
2019-05-31 15:46:11.883,10444,10445,10444,1
2019-05-31 15:46:11.894,10444,10445,10444,1
2019-05-31 15:46:11.895,10444,10445,10444,1
2019-05-31 15:46:11.895,10444,10445,10444,1
2019-05-31 15:46:21.752,10443,10445,10445,1
2019-05-31 15:46:39.252,10443,10444,10444,2
2019-05-31 15:46:39.252,10443,10444,10445,1
2019-05-31 15:46:41.008,10443,10445,10445,36
2019-05-31 15:46:41.008,10443,10445,10445,1
2019-05-31 15:46:41.419,10445,10446,10445,10
2019-05-31 15:46:48.865,10445,10446,10445,1
2019-05-31 15:46:53.609,10445,10446,10445,4
2019-05-31 15:46:53.809,10444,10445,10445,2
2019-05-31 15:46:53.810,10444,10445,10445,4
2019-05-31 15:46:57.246,10444,10445,10445,1
2019-05-31 15:47:01.118,10444,10445,10445,1
2019-05-31 15:47:02.210,10444,10445,10445,1
2019-05-31 15:47:05.129,10444,10445,10445,1
2019-05-31 15:47:05.131,10444,10445,10445,1
2019-05-31 15:47:05.227,10444,10445,10445,1
2019-05-31 15:47:05.227,10444,10445,10445,3
2019-05-31 15:47:05.227,10444,10445,10445,4
2019-05-31 15:47:05.228,10444,10445,10445,6
2019-05-31 15:47:14.415,10445,10446,10445,1
2019-05-31 15:47:22.598,10445,10446,10446,1
2019-05-31 15:47:26.622,10445,10446,10445,8
2019-05-31 15:47:27.426,10444,10445,10445,1
2019-05-31 15:47:29.332,10444,10445,10445,1
2019-05-31 15:47:44.511,10444,10445,10444,5
2019-05-31 15:47:45.349,10444,10445,10445,1
2019-05-31 15:47:46.840,10444,10445,10444,8
2019-05-31 15:47:46.852,10444,10445,10444,1
2019-05-31 15:47:52.281,10443,10444,10444,1
2019-05-31 15:48:13.777,10443,10444,10443,1
2019-05-31 15:48:17.140,10443,10444,10444,1
2019-05-31 15:48:19.860,10443,10444,10443,1
2019-05-31 15:48:25.729,10443,10444,10444,1
2019-05-31 15:48:27.523,10443,10444,10443,1
2019-05-31 15:48:34.873,10443,10444,10443,1
2019-05-31 15:48:37.597,10443,10444,10443,3
2019-05-31 15:48:38.044,10443,10444,10443,5
2019-05-31 15:48:38.942,10443,10444,10443,1
2019-05-31 15:48:38.943,10443,10444,10443,2
2019-05-31 15:48:40.981,10442,10443,10442,10
2019-05-31 15:48:46.974,10442,10443,10442,1
2019-05-31 15:48:48.459,10442,10443,10442,1
2019-05-31 15:48:54.075,10442,10443,10442,1
2019-05-31 15:49:01.235,10442,10443,10442,1
2019-05-31 15:49:07.671,10442,10443,10442,1
2019-05-31 15:49:26.761,10442,10443,10442,18
2019-05-31 15:49:50.543,10441,10442,10442,4
2019-05-31 15:49:54.624,10441,10442,10441,3
2019-05-31 15:49:54.708,10441,10442,10441,10
2019-05-31 15:49:56.064,10441,10442,10441,10
2019-05-31 15:49:56.072,10441,10442,10441,1
2019-05-31 15:49:57.466,10440,10441,10441,1
2019-05-31 15:49:57.687,10440,10441,10440,1
2019-05-31 15:49:57.952,10440,10441,10440,1
2019-05-31 15:49:59.325,10440,10441,10440,2
2019-05-31 15:49:59.856,10440,10441,10440,2
2019-05-31 15:50:00.733,10440,10441,10440,1
2019-05-31 15:50:13.176,10440,10441,10440,1
2019-05-31 15:50:13.558,10440,10441,10440,1
2019-05-31 15:50:14.573,10440,10441,10440,4
2019-05-31 15:50:16.680,10440,10441,10440,1
2019-05-31 15:50:17.867,10440,10441,10440,14
2019-05-31 15:50:17.884,10440,10441,10440,4
2019-05-31 15:50:17.899,10440,10441,10440,1
2019-05-31 15:50:18.957,10440,10441,10440,5
2019-05-31 15:50:18.995,10440,10441,10440,2
2019-05-31 15:50:19.064,10440,10441,10440,1
2019-05-31 15:50:29.758,10439,10440,10439,1
2019-05-31 15:50:32.588,10439,10440,10439,1
2019-05-31 15:50:33.613,10439,10440,10440,1
2019-05-31 15:50:43.024,10439,10440,10439,2
2019-05-31 15:50:43.618,10439,10440,10440,8
2019-05-31 15:50:44.678,10440,10441,10440,1
2019-05-31 15:50:52.266,10440,10441,10440,1
2019-05-31 15:51:02.769,10440,10441,10440,10
2019-05-31 15:51:02.770,10440,10441,10440,3
2019-05-31 15:51:03.059,10439,10440,10439,5
2019-05-31 15:51:03.600,10439,10440,10440,5
2019-05-31 15:51:05.672,10439,10440,10439,1
2019-05-31 15:51:11.179,10439,10440,10439,1
2019-05-31 15:51:12.121,10439,10440,10439,1
2019-05-31 15:51:17.812,10439,10440,10439,10
2019-05-31 15:51:19.581,10439,10440,10439,1
2019-05-31 15:51:21.830,10439,10440,10439,4
2019-05-31 15:51:21.830,10439,10440,10439,3
2019-05-31 15:51:21.830,10439,10440,10439,7
2019-05-31 15:51:21.830,10439,10440,10439,3
2019-05-31 15:51:24.455,10438,10439,10439,1
2019-05-31 15:51:24.669,10438,10439,10438,1
2019-05-31 15:51:25.099,10438,10439,10439,1
2019-05-31 15:51:27.178,10438,10439,10439,2
2019-05-31 15:51:32.981,10439,10440,10439,1
2019-05-31 15:51:33.237,10439,10440,10439,1
2019-05-31 15:51:33.912,10439,10440,10439,1
2019-05-31 15:51:35.168,10439,10440,10439,1
2019-05-31 15:51:35.830,10439,10440,10439,1
2019-05-31 15:51:39.047,10438,10439,10439,1
2019-05-31 15:51:39.465,10438,10439,10438,1
2019-05-31 15:51:45.834,10438,10439,10439,1
2019-05-31 15:51:55.027,10438,10439,10438,1
2019-05-31 15:51:59.534,10438,10439,10438,1
2019-05-31 15:51:59.821,10438,10439,10439,1
2019-05-31 15:52:08.664,10438,10439,10438,1
2019-05-31 15:52:10.188,10438,10439,10439,1
2019-05-31 15:52:16.407,10438,10439,10439,1
2019-05-31 15:52:21.923,10438,10439,10439,1
2019-05-31 15:52:29.588,10438,10439,10439,1
2019-05-31 15:52:31.827,10438,10439,10439,6
2019-05-31 15:52:35.670,10438,10439,10439,5
2019-05-31 15:52:37.556,10439,10440,10439,1
2019-05-31 15:52:43.177,10438,10439,10439,1
2019-05-31 15:52:48.029,10438,10439,10439,11
2019-05-31 15:52:50.921,10439,10440,10439,1
2019-05-31 15:53:00.602,10439,10440,10439,1
2019-05-31 15:53:07.544,10439,10440,10439,1
2019-05-31 15:53:14.781,10438,10439,10439,2
2019-05-31 15:53:16.440,10438,10439,10439,2
2019-05-31 15:53:20.860,10438,10439,10439,1
2019-05-31 15:53:23.798,10438,10439,10439,2
2019-05-31 15:53:29.234,10438,10439,10439,1
2019-05-31 15:53:29.435,10438,10440,10439,2
2019-05-31 15:53:39.064,10438,10439,10438,2
2019-05-31 15:53:39.065,10438,10439,10438,3
2019-05-31 15:53:39.067,10438,10439,10438,1
2019-05-31 15:53:39.102,10438,10439,10438,4
2019-05-31 15:53:39.102,10438,10439,10438,17
2019-05-31 15:53:39.130,10438,10439,10438,1
2019-05-31 15:53:39.135,10438,10439,10438,2
2019-05-31 15:53:39.144,10438,10439,10438,1
2019-05-31 15:53:39.151,10438,10439,10438,9
2019-05-31 15:53:39.154,10438,10439,10438,1
2019-05-31 15:53:39.154,10438,10439,10437,1
2019-05-31 15:53:39.167,10438,10439,10437,2
2019-05-31 15:53:39.302,10437,10438,10437,3
2019-05-31 15:53:39.311,10437,10438,10437,3
2019-05-31 15:53:39.562,10437,10438,10437,1
2019-05-31 15:53:41.853,10437,10438,10438,10
2019-05-31 15:53:42.734,10438,10439,10438,9
2019-05-31 15:53:45.653,10437,10439,10439,1
2019-05-31 15:53:48.556,10437,10438,10437,1
2019-05-31 15:53:53.177,10437,10438,10438,1
2019-05-31 15:53:59.372,10437,10438,10437,1
2019-05-31 15:54:02.173,10437,10438,10437,10
2019-05-31 15:54:03.386,10437,10438,10437,1
2019-05-31 15:54:04.886,10437,10438,10437,10
2019-05-31 15:54:06.181,10437,10438,10437,2
2019-05-31 15:54:11.622,10436,10437,10437,1
2019-05-31 15:54:16.795,10436,10437,10436,10
2019-05-31 15:54:16.808,10436,10437,10436,2
2019-05-31 15:54:16.882,10436,10437,10436,1
2019-05-31 15:54:17.002,10436,10437,10436,5
2019-05-31 15:54:17.403,10436,10437,10436,1
2019-05-31 15:54:17.403,10436,10437,10436,1
2019-05-31 15:54:17.403,10436,10437,10436,1
2019-05-31 15:54:17.403,10436,10437,10436,1
2019-05-31 15:54:17.442,10436,10437,10436,1
2019-05-31 15:54:17.459,10436,10437,10436,6
2019-05-31 15:54:17.461,10436,10437,10436,2
2019-05-31 15:54:17.477,10436,10437,10436,8
2019-05-31 15:54:17.477,10436,10437,10436,1
2019-05-31 15:54:17.477,10436,10437,10436,4
2019-05-31 15:54:18.536,10436,10437,10437,1
2019-05-31 15:54:19.732,10436,10437,10436,4
2019-05-31 15:54:24.674,10436,10437,10437,3
2019-05-31 15:54:28.999,10436,10437,10437,4
2019-05-31 15:54:29.025,10436,10437,10437,6
2019-05-31 15:54:34.025,10437,10438,10438,3
2019-05-31 15:54:37.672,10437,10438,10438,1
2019-05-31 15:54:37.673,10437,10438,10438,3
2019-05-31 15:54:48.012,10437,10438,10438,1
2019-05-31 15:54:49.734,10438,10439,10438,1
2019-05-31 15:54:49.874,10438,10439,10438,1
2019-05-31 15:54:55.689,10438,10439,10438,1
2019-05-31 15:55:00.881,10438,10439,10438,1
2019-05-31 15:55:01.713,10438,10439,10438,2
2019-05-31 15:55:05.822,10438,10439,10438,1
2019-05-31 15:55:10.846,10438,10439,10439,5
2019-05-31 15:55:32.020,10438,10439,10438,1
2019-05-31 15:55:34.249,10438,10439,10438,1
2019-05-31 15:55:41.734,10438,10439,10439,1
2019-05-31 15:55:42.229,10438,10440,10440,1
2019-05-31 15:56:00.675,10438,10439,10439,1
2019-05-31 15:56:14.482,10439,10440,10440,2
2019-05-31 15:56:14.487,10439,10440,10439,1
2019-05-31 15:56:18.137,10439,10440,10439,1
2019-05-31 15:56:19.727,10439,10440,10440,9
2019-05-31 15:56:19.727,10439,10440,10440,1
2019-05-31 15:56:20.275,10440,10441,10441,1
2019-05-31 15:56:30.244,10440,10441,10441,1
2019-05-31 15:56:30.247,10440,10441,10441,1
2019-05-31 15:56:36.059,10440,10441,10440,1
2019-05-31 15:56:40.424,10440,10441,10441,12
2019-05-31 15:56:40.425,10440,10441,10441,1
2019-05-31 15:56:40.425,10440,10441,10441,5
2019-05-31 15:56:40.425,10440,10441,10441,1
2019-05-31 15:56:40.425,10440,10441,10441,1
2019-05-31 15:56:40.529,10441,10442,10441,4
2019-05-31 15:56:42.190,10441,10442,10441,1
2019-05-31 15:56:46.166,10441,10442,10441,1
2019-05-31 15:56:49.901,10441,10442,10442,5
2019-05-31 15:56:50.025,10441,10442,10442,1
2019-05-31 15:56:56.531,10440,10442,10442,1
2019-05-31 15:57:06.596,10441,10442,10442,1
2019-05-31 15:57:19.348,10441,10442,10442,1
2019-05-31 15:57:20.873,10441,10442,10442,1
2019-05-31 15:57:33.761,10441,10442,10441,2
2019-05-31 15:57:39.012,10441,10442,10441,2
2019-05-31 15:57:39.032,10441,10442,10441,1
2019-05-31 15:57:40.869,10440,10442,10440,2
2019-05-31 15:57:46.161,10441,10442,10441,1
2019-05-31 15:58:29.769,10441,10442,10441,1
2019-05-31 15:58:30.485,10441,10442,10441,1
2019-05-31 15:58:31.877,10441,10442,10441,1
2019-05-31 15:58:35.034,10441,10442,10441,1
2019-05-31 15:58:43.490,10441,10442,10441,1
2019-05-31 15:58:48.638,10441,10442,10441,1
2019-05-31 15:59:00.493,10441,10442,10441,5
2019-05-31 15:59:02.294,10441,10442,10442,1
2019-05-31 15:59:02.591,10441,10442,10442,8
2019-05-31 15:59:05.646,10441,10442,10442,2
2019-05-31 15:59:19.321,10441,10442,10442,1
2019-05-31 15:59:23.884,10441,10442,10441,1
2019-05-31 15:59:24.593,10441,10442,10441,1
2019-05-31 15:59:24.743,10440,10441,10441,1
2019-05-31 15:59:31.814,10441,10442,10442,4
2019-05-31 15:59:34.030,10441,10442,10441,1
2019-05-31 15:59:35.107,10441,10442,10441,1
2019-05-31 15:59:35.227,10441,10442,10441,1
2019-05-31 15:59:38.115,10440,10441,10441,1
2019-05-31 15:59:38.362,10440,10441,10440,1
2019-05-31 15:59:38.413,10440,10441,10441,1
2019-05-31 15:59:38.426,10440,10441,10440,1
2019-05-31 15:59:38.477,10440,10441,10440,1
2019-05-31 15:59:38.498,10440,10441,10440,2
2019-05-31 15:59:39.215,10439,10441,10441,29
2019-05-31 15:59:39.228,10441,10442,10441,1
2019-05-31 15:59:39.228,10441,10442,10441,1
2019-05-31 15:59:39.352,10441,10442,10441,2
2019-05-31 15:59:39.352,10441,10442,10441,18
2019-05-31 15:59:42.966,10440,10441,10440,1
2019-05-31 15:59:42.968,10440,10441,10440,2
2019-05-31 15:59:44.110,10440,10441,10441,2
2019-05-31 15:59:44.110,10440,10441,10442,2
2019-05-31 15:59:54.117,10441,10442,10442,1
2019-05-31 15:59:56.987,10441,10442,10441,1
2019-05-31 15:59:58.786,10441,10442,10441,2
2019-05-31 16:00:00.241,10441,10442,10441,4
2019-05-31 16:00:02.687,10441,10442,10442,8
2019-05-31 16:00:04.996,10442,10443,10442,1
2019-05-31 16:00:05.566,10442,10443,10442,5
2019-05-31 16:00:08.053,10442,10443,10443,2
2019-05-31 16:00:09.601,10442,10443,10442,1
2019-05-31 16:00:10.418,10442,10443,10443,1
2019-05-31 16:00:10.447,10442,10443,10443,2
2019-05-31 16:00:10.610,10442,10443,10443,1
2019-05-31 16:00:30.890,10442,10443,10443,6
2019-05-31 16:00:37.678,10442,10443,10443,1
2019-05-31 16:00:52.750,10442,10443,10443,1
2019-05-31 16:00:57.980,10442,10443,10443,3
2019-05-31 16:01:03.882,10442,10443,10443,2
2019-05-31 16:01:04.722,10442,10443,10442,1
2019-05-31 16:01:07.309,10442,10443,10443,1
2019-05-31 16:01:11.540,10442,10443,10443,1
2019-05-31 16:01:17.808,10442,10443,10443,1
2019-05-31 16:01:21.227,10442,10443,10443,1
2019-05-31 16:01:21.352,10442,10443,10443,4
2019-05-31 16:01:21.385,10442,10443,10443,1
2019-05-31 16:01:21.721,10443,10444,10443,1
2019-05-31 16:01:23.311,10443,10444,10444,11
2019-05-31 16:01:25.352,10444,10445,10444,1
2019-05-31 16:01:25.493,10443,10445,10445,10
2019-05-31 16:01:36.029,10443,10444,10443,1
2019-05-31 16:01:48.100,10443,10445,10445,1
2019-05-31 16:01:59.748,10443,10444,10444,1
2019-05-31 16:02:00.338,10444,10445,10444,1
2019-05-31 16:02:01.121,10444,10445,10445,1
2019-05-31 16:02:02.485,10444,10445,10445,1
2019-05-31 16:02:03.099,10444,10445,10445,1
2019-05-31 16:02:10.837,10444,10445,10444,1
2019-05-31 16:02:20.229,10444,10445,10445,16
2019-05-31 16:02:20.352,10444,10445,10445,12
2019-05-31 16:02:20.477,10444,10445,10445,1
2019-05-31 16:02:20.719,10445,10446,10445,5
2019-05-31 16:02:20.777,10445,10446,10446,2
2019-05-31 16:02:20.884,10445,10446,10446,1
2019-05-31 16:02:21.288,10445,10446,10445,1
2019-05-31 16:02:23.887,10445,10446,10446,1
2019-05-31 16:02:24.964,10445,10446,10446,1
2019-05-31 16:02:26.558,10445,10446,10445,1
2019-05-31 16:02:31.103,10445,10446,10446,1
2019-05-31 16:02:33.711,10444,10446,10445,1
2019-05-31 16:02:34.598,10445,10446,10446,1
2019-05-31 16:02:37.150,10445,10446,10446,1
2019-05-31 16:02:39.557,10445,10446,10446,1
2019-05-31 16:02:51.939,10445,10446,10446,1
2019-05-31 16:02:54.025,10445,10446,10446,2
2019-05-31 16:03:03.083,10445,10446,10446,3
2019-05-31 16:03:04.297,10445,10446,10445,5
2019-05-31 16:03:05.390,10445,10446,10445,4
2019-05-31 16:03:05.390,10445,10446,10445,1
2019-05-31 16:03:08.918,10444,10445,10445,10
2019-05-31 16:03:13.530,10444,10445,10444,2
2019-05-31 16:03:17.761,10444,10445,10444,1
2019-05-31 16:03:18.650,10443,10444,10444,3
2019-05-31 16:03:18.650,10443,10444,10445,2
2019-05-31 16:03:23.973,10443,10444,10444,1
2019-05-31 16:03:28.124,10443,10444,10444,1
2019-05-31 16:03:29.347,10443,10445,10443,1
2019-05-31 16:04:12.014,10443,10444,10444,2
2019-05-31 16:04:19.507,10444,10445,10445,1
2019-05-31 16:04:19.602,10444,10445,10445,2
2019-05-31 16:04:26.063,10445,10446,10446,8
2019-05-31 16:04:32.310,10445,10446,10446,8
2019-05-31 16:04:33.126,10445,10446,10446,1
2019-05-31 16:04:35.078,10445,10446,10446,1
2019-05-31 16:04:35.226,10445,10446,10446,4
2019-05-31 16:04:37.558,10445,10446,10446,3
2019-05-31 16:04:39.544,10445,10446,10446,1
2019-05-31 16:04:39.580,10445,10446,10446,1
2019-05-31 16:04:39.580,10445,10446,10447,2
2019-05-31 16:04:43.003,10446,10447,10446,1
2019-05-31 16:04:46.854,10446,10447,10446,2
2019-05-31 16:04:48.818,10445,10447,10446,1
2019-05-31 16:05:02.310,10446,10447,10447,5
2019-05-31 16:05:07.473,10446,10447,10446,1
2019-05-31 16:05:08.389,10446,10447,10446,2
2019-05-31 16:05:12.802,10446,10447,10447,1
2019-05-31 16:05:14.567,10446,10447,10447,1
2019-05-31 16:05:15.473,10446,10447,10446,1
2019-05-31 16:05:15.760,10446,10447,10446,2
2019-05-31 16:05:16.220,10446,10447,10447,1
2019-05-31 16:05:16.914,10446,10447,10447,1
2019-05-31 16:05:17.710,10446,10447,10446,1
2019-05-31 16:05:23.224,10445,10446,10446,1
2019-05-31 16:05:23.224,10445,10446,10447,4
2019-05-31 16:05:38.138,10445,10446,10446,4
2019-05-31 16:05:41.189,10446,10447,10447,1
2019-05-31 16:05:41.506,10446,10447,10446,4
2019-05-31 16:05:42.289,10445,10447,10447,1
2019-05-31 16:05:46.914,10445,10446,10446,1
2019-05-31 16:05:49.878,10445,10446,10446,1
2019-05-31 16:05:55.454,10445,10447,10447,4
2019-05-31 16:06:00.309,10445,10446,10446,1
2019-05-31 16:06:06.323,10446,10447,10446,1
2019-05-31 16:06:09.064,10446,10447,10446,1
2019-05-31 16:06:18.978,10445,10446,10446,1
2019-05-31 16:06:19.961,10445,10446,10445,1
2019-05-31 16:06:20.439,10445,10446,10446,2
2019-05-31 16:06:25.070,10445,10446,10446,2
2019-05-31 16:06:25.128,10445,10446,10445,1
2019-05-31 16:06:26.719,10445,10446,10446,1
2019-05-31 16:06:28.792,10445,10446,10445,3
2019-05-31 16:06:28.794,10445,10446,10445,3
2019-05-31 16:06:29.083,10444,10445,10444,1
2019-05-31 16:06:29.101,10444,10445,10444,1
2019-05-31 16:06:29.144,10444,10445,10444,1
2019-05-31 16:06:29.327,10444,10445,10445,2
2019-05-31 16:06:29.456,10444,10445,10445,2
2019-05-31 16:06:29.583,10444,10445,10444,1
2019-05-31 16:06:44.947,10444,10445,10445,1
2019-05-31 16:06:49.521,10444,10445,10444,1
2019-05-31 16:06:49.654,10444,10445,10444,1
2019-05-31 16:06:53.921,10444,10445,10445,1
2019-05-31 16:07:05.391,10444,10445,10445,7
2019-05-31 16:07:07.197,10445,10446,10445,1
2019-05-31 16:07:14.227,10445,10446,10445,1
2019-05-31 16:07:22.235,10445,10446,10445,2
2019-05-31 16:07:22.316,10445,10446,10446,1
2019-05-31 16:07:38.729,10445,10446,10446,1
2019-05-31 16:07:54.196,10445,10446,10446,2
2019-05-31 16:08:01.276,10445,10446,10446,1
2019-05-31 16:08:06.513,10445,10446,10446,3
2019-05-31 16:08:10.046,10446,10447,10446,1
2019-05-31 16:08:19.935,10446,10447,10447,6
2019-05-31 16:08:24.036,10446,10447,10446,2
2019-05-31 16:08:47.084,10446,10447,10446,2
2019-05-31 16:08:48.837,10446,10447,10446,1
2019-05-31 16:08:51.852,10446,10447,10447,8
2019-05-31 16:08:51.977,10446,10447,10447,19
2019-05-31 16:08:51.977,10446,10447,10447,4
2019-05-31 16:08:52.765,10447,10448,10447,2
2019-05-31 16:08:57.268,10447,10448,10447,1
2019-05-31 16:09:02.786,10447,10448,10448,3
2019-05-31 16:09:13.087,10447,10448,10448,2
2019-05-31 16:09:19.103,10447,10448,10448,1
2019-05-31 16:09:23.105,10447,10448,10448,1
2019-05-31 16:09:23.151,10447,10448,10448,1
2019-05-31 16:09:24.642,10447,10448,10447,1
2019-05-31 16:09:30.134,10447,10448,10447,1
2019-05-31 16:09:38.704,10447,10448,10447,5
2019-05-31 16:09:38.727,10447,10448,10447,1
2019-05-31 16:09:42.997,10446,10447,10447,1
2019-05-31 16:09:54.363,10447,10448,10447,1
2019-05-31 16:09:57.700,10447,10448,10447,8
2019-05-31 16:10:04.563,10447,10448,10447,5
2019-05-31 16:10:24.830,10446,10447,10446,2
2019-05-31 16:10:24.830,10446,10447,10446,2
2019-05-31 16:10:25.003,10445,10446,10446,1
2019-05-31 16:10:29.227,10445,10446,10446,4
2019-05-31 16:10:53.239,10445,10446,10445,2
2019-05-31 16:11:09.934,10445,10446,10446,3
2019-05-31 16:11:11.836,10445,10446,10446,7
2019-05-31 16:11:21.290,10446,10447,10446,10
2019-05-31 16:11:36.800,10446,10447,10446,2
2019-05-31 16:11:36.800,10446,10447,10445,3
2019-05-31 16:11:44.869,10445,10446,10445,1
2019-05-31 16:11:51.994,10445,10446,10445,3
2019-05-31 16:12:03.102,10445,10446,10446,1
2019-05-31 16:12:03.195,10445,10446,10445,1
2019-05-31 16:12:10.399,10445,10446,10445,2
2019-05-31 16:12:31.119,10444,10445,10444,1
2019-05-31 16:12:31.636,10444,10445,10445,4
2019-05-31 16:12:35.903,10444,10445,10445,1
2019-05-31 16:12:40.805,10444,10445,10445,15
2019-05-31 16:12:57.568,10445,10446,10446,2
2019-05-31 16:13:03.149,10446,10447,10447,10
2019-05-31 16:13:03.340,10446,10447,10447,1
2019-05-31 16:13:03.414,10446,10448,10447,1
2019-05-31 16:13:03.417,10446,10448,10447,2
2019-05-31 16:13:11.764,10447,10448,10447,2
2019-05-31 16:13:18.276,10447,10448,10448,4
2019-05-31 16:13:21.036,10447,10448,10447,3
2019-05-31 16:13:27.553,10447,10448,10447,1
2019-05-31 16:13:45.183,10447,10448,10447,1
2019-05-31 16:13:54.987,10447,10448,10448,2
2019-05-31 16:13:54.987,10447,10448,10448,2
2019-05-31 16:13:54.988,10447,10448,10448,9
2019-05-31 16:13:54.990,10447,10448,10447,4
2019-05-31 16:13:55.719,10448,10449,10448,1
2019-05-31 16:14:01.357,10447,10448,10448,1
2019-05-31 16:14:02.226,10448,10449,10449,2
2019-05-31 16:14:02.428,10448,10449,10449,1
2019-05-31 16:14:02.477,10448,10449,10449,3
2019-05-31 16:14:02.477,10448,10449,10449,4
2019-05-31 16:14:04.045,10448,10449,10449,1
2019-05-31 16:14:05.625,10448,10449,10449,1
2019-05-31 16:14:07.695,10448,10449,10448,1
2019-05-31 16:14:09.462,10448,10449,10449,1
2019-05-31 16:14:10.031,10448,10449,10449,2
2019-05-31 16:14:11.485,10448,10449,10448,6
2019-05-31 16:14:18.097,10448,10449,10449,2
2019-05-31 16:14:18.314,10448,10449,10449,1
2019-05-31 16:14:18.602,10448,10449,10448,2
2019-05-31 16:14:21.648,10448,10449,10449,1
2019-05-31 16:14:25.195,10448,10449,10448,13
2019-05-31 16:14:25.227,10447,10448,10448,1
2019-05-31 16:14:26.460,10447,10448,10448,1
2019-05-31 16:14:28.582,10447,10448,10448,1
2019-05-31 16:14:50.322,10447,10448,10448,1
2019-05-31 16:14:58.740,10447,10448,10448,1
2019-05-31 16:15:01.702,10447,10448,10448,1
2019-05-31 16:15:01.916,10447,10448,10447,1
2019-05-31 16:15:02.381,10447,10448,10448,10
2019-05-31 16:15:02.477,10447,10448,10448,2
2019-05-31 16:15:05.420,10448,10449,10449,1
2019-05-31 16:15:05.524,10448,10449,10449,1
2019-05-31 16:15:05.524,10448,10449,10449,1
2019-05-31 16:15:09.655,10448,10449,10448,1
2019-05-31 16:15:18.201,10448,10449,10448,1
2019-05-31 16:15:20.075,10448,10449,10448,1
2019-05-31 16:15:25.592,10448,10449,10449,1
2019-05-31 16:15:36.359,10448,10449,10449,1
2019-05-31 16:15:40.885,10448,10449,10448,1
2019-05-31 16:15:41.096,10448,10449,10449,1
2019-05-31 16:15:45.237,10448,10449,10449,2
2019-05-31 16:15:50.419,10448,10449,10448,1
2019-05-31 16:15:55.286,10448,10449,10449,3
2019-05-31 16:16:00.600,10448,10449,10448,2
2019-05-31 16:16:07.742,10448,10449,10448,11
2019-05-31 16:16:09.147,10448,10449,10448,2
2019-05-31 16:16:13.260,10448,10449,10448,1
2019-05-31 16:16:13.896,10448,10449,10448,1
2019-05-31 16:16:33.778,10448,10449,10449,1
2019-05-31 16:16:55.443,10448,10449,10448,1
2019-05-31 16:17:02.594,10448,10449,10449,3
2019-05-31 16:17:26.066,10448,10449,10449,2
2019-05-31 16:17:27.300,10448,10449,10449,1
2019-05-31 16:18:10.352,10448,10449,10449,1
2019-05-31 16:18:13.352,10448,10449,10449,2
2019-05-31 16:18:14.979,10448,10449,10449,2
2019-05-31 16:18:16.473,10448,10449,10449,2
2019-05-31 16:18:31.466,10448,10449,10448,2
2019-05-31 16:18:31.477,10448,10449,10448,23
2019-05-31 16:18:33.556,10447,10448,10448,1
2019-05-31 16:18:38.599,10447,10448,10447,1
2019-05-31 16:18:38.602,10447,10448,10447,1
2019-05-31 16:18:38.602,10447,10448,10447,2
2019-05-31 16:18:38.602,10447,10448,10447,1
2019-05-31 16:18:38.602,10447,10448,10447,1
2019-05-31 16:18:38.656,10447,10448,10447,4
2019-05-31 16:18:38.728,10446,10447,10447,1
2019-05-31 16:18:42.492,10446,10447,10446,1
2019-05-31 16:18:45.912,10446,10447,10446,1
2019-05-31 16:19:27.638,10446,10447,10446,2
2019-05-31 16:19:28.102,10446,10447,10447,2
2019-05-31 16:19:28.103,10446,10447,10447,2
2019-05-31 16:19:29.586,10447,10448,10447,1
2019-05-31 16:19:35.095,10447,10448,10447,1
2019-05-31 16:19:36.012,10447,10448,10447,1
2019-05-31 16:19:38.303,10447,10448,10447,2
2019-05-31 16:19:41.843,10447,10448,10447,1
2019-05-31 16:19:41.844,10447,10448,10447,1
2019-05-31 16:19:49.141,10447,10448,10447,2
2019-05-31 16:20:02.922,10447,10448,10448,4
2019-05-31 16:20:12.410,10447,10448,10447,2
2019-05-31 16:20:22.769,10447,10448,10447,5
2019-05-31 16:20:23.378,10447,10448,10447,2
2019-05-31 16:20:23.395,10447,10448,10447,4
2019-05-31 16:20:23.422,10447,10448,10447,4
2019-05-31 16:20:30.175,10447,10448,10447,1
2019-05-31 16:20:31.338,10447,10448,10447,1
2019-05-31 16:20:32.920,10446,10448,10446,4
2019-05-31 16:20:32.945,10446,10448,10446,6
2019-05-31 16:20:33.285,10446,10447,10447,2
2019-05-31 16:20:43.489,10446,10447,10446,1
2019-05-31 16:20:43.528,10446,10447,10447,4
2019-05-31 16:20:49.951,10446,10447,10446,3
2019-05-31 16:20:49.964,10446,10447,10446,2
2019-05-31 16:20:49.977,10446,10447,10446,10
2019-05-31 16:20:50.103,10445,10446,10446,1
2019-05-31 16:20:56.374,10445,10446,10446,1
2019-05-31 16:20:56.450,10445,10446,10446,1
2019-05-31 16:21:04.968,10445,10446,10445,2
2019-05-31 16:21:05.294,10445,10446,10446,6
2019-05-31 16:21:28.513,10445,10446,10445,4
2019-05-31 16:21:39.149,10445,10446,10445,1
2019-05-31 16:21:41.395,10445,10446,10445,4
2019-05-31 16:21:48.195,10445,10446,10445,1
2019-05-31 16:21:53.341,10445,10446,10445,1
2019-05-31 16:21:53.864,10445,10446,10445,1
2019-05-31 16:22:30.537,10445,10446,10445,1
2019-05-31 16:22:47.752,10445,10446,10445,1
2019-05-31 16:23:03.092,10445,10446,10446,1
2019-05-31 16:23:08.936,10445,10446,10445,1
2019-05-31 16:23:10.848,10445,10446,10445,1
2019-05-31 16:23:15.503,10445,10446,10445,1
2019-05-31 16:23:23.530,10445,10446,10445,1
2019-05-31 16:23:30.080,10445,10446,10446,1
2019-05-31 16:23:44.123,10445,10446,10446,2
2019-05-31 16:23:44.269,10445,10446,10446,1
2019-05-31 16:23:44.719,10445,10446,10446,1
2019-05-31 16:23:52.146,10445,10446,10446,12
2019-05-31 16:23:52.397,10446,10447,10446,2
2019-05-31 16:23:52.402,10446,10447,10446,2
2019-05-31 16:24:02.241,10446,10447,10447,1
2019-05-31 16:24:02.352,10446,10447,10447,11
2019-05-31 16:24:02.390,10446,10447,10448,1
2019-05-31 16:24:02.826,10447,10448,10447,1
2019-05-31 16:24:09.945,10447,10448,10448,9
2019-05-31 16:24:09.977,10447,10448,10448,16
2019-05-31 16:24:09.977,10447,10448,10448,1
2019-05-31 16:24:13.128,10448,10449,10449,2
2019-05-31 16:24:13.169,10448,10449,10449,9
2019-05-31 16:24:13.193,10448,10449,10449,1
2019-05-31 16:24:13.227,10448,10449,10449,1
2019-05-31 16:24:13.227,10448,10449,10449,2
2019-05-31 16:24:13.227,10448,10449,10449,2
2019-05-31 16:24:13.227,10448,10449,10449,1
2019-05-31 16:24:19.926,10448,10450,10450,2
2019-05-31 16:24:20.004,10448,10450,10450,1
2019-05-31 16:24:22.588,10448,10449,10449,1
2019-05-31 16:24:34.029,10448,10449,10448,2
2019-05-31 16:24:34.037,10448,10449,10448,1
2019-05-31 16:25:13.372,10448,10449,10448,5
2019-05-31 16:25:16.103,10448,10449,10448,1
2019-05-31 16:25:20.882,10448,10449,10448,2
2019-05-31 16:25:50.771,10448,10449,10448,1
2019-05-31 16:25:56.769,10448,10449,10449,2
2019-05-31 16:25:57.194,10448,10449,10448,2
2019-05-31 16:26:15.042,10448,10449,10448,1
2019-05-31 16:26:22.968,10448,10449,10448,8
2019-05-31 16:26:22.975,10448,10449,10448,2
2019-05-31 16:26:22.975,10448,10449,10448,1
2019-05-31 16:26:23.147,10447,10448,10447,1
2019-05-31 16:26:23.178,10447,10448,10447,2
2019-05-31 16:26:24.194,10447,10448,10447,1
2019-05-31 16:26:24.330,10447,10448,10448,1
2019-05-31 16:26:33.128,10447,10448,10448,2
2019-05-31 16:26:35.382,10447,10448,10448,1
2019-05-31 16:26:53.141,10447,10448,10448,1
2019-05-31 16:27:03.994,10447,10448,10448,3
2019-05-31 16:27:03.997,10447,10448,10447,2
2019-05-31 16:27:10.590,10447,10449,10448,1
2019-05-31 16:28:10.276,10448,10449,10448,4
2019-05-31 16:28:31.127,10448,10449,10448,2
2019-05-31 16:28:34.243,10448,10449,10448,1
2019-05-31 16:28:52.551,10447,10448,10447,1
2019-05-31 16:28:52.575,10447,10448,10447,2
2019-05-31 16:29:00.050,10447,10448,10448,3
2019-05-31 16:29:11.440,10447,10448,10447,7
2019-05-31 16:29:27.219,10446,10447,10446,20
2019-05-31 16:29:27.598,10446,10447,10446,1
2019-05-31 16:29:36.995,10446,10447,10446,1
2019-05-31 16:29:42.611,10445,10446,10445,20
2019-05-31 16:29:42.727,10445,10446,10445,5
2019-05-31 16:29:42.727,10445,10446,10445,7
2019-05-31 16:29:43.049,10444,10445,10445,1
2019-05-31 16:29:50.276,10444,10445,10444,1
2019-05-31 16:29:50.666,10444,10445,10445,2
2019-05-31 16:29:52.884,10444,10445,10444,4
2019-05-31 16:30:00.251,10444,10445,10444,1
2019-05-31 16:30:00.360,10444,10445,10444,10
2019-05-31 16:30:00.477,10444,10445,10444,1
2019-05-31 16:30:01.760,10444,10445,10444,5
2019-05-31 16:30:02.984,10443,10445,10443,4
2019-05-31 16:30:03.130,10443,10445,10445,1
2019-05-31 16:30:08.373,10443,10444,10444,1
2019-05-31 16:30:12.147,10444,10445,10444,1
2019-05-31 16:30:13.443,10444,10445,10444,1
2019-05-31 16:30:15.495,10444,10445,10445,1
2019-05-31 16:30:15.499,10444,10445,10445,3
2019-05-31 16:30:25.439,10445,10446,10445,1
2019-05-31 16:30:29.633,10445,10446,10445,2
2019-05-31 16:30:32.591,10445,10446,10445,2
2019-05-31 16:30:33.494,10445,10446,10445,1
2019-05-31 16:30:50.175,10444,10445,10445,1
2019-05-31 16:30:59.178,10444,10445,10444,2
2019-05-31 16:30:59.178,10444,10445,10444,4
2019-05-31 16:30:59.183,10444,10445,10444,7
2019-05-31 16:31:18.772,10443,10444,10444,17
2019-05-31 16:31:31.862,10444,10445,10444,2
2019-05-31 16:31:38.405,10444,10445,10444,1
2019-05-31 16:31:38.758,10444,10445,10445,1
2019-05-31 16:31:41.529,10444,10445,10445,6
2019-05-31 16:32:05.869,10445,10446,10445,1
2019-05-31 16:32:11.490,10444,10445,10445,2
2019-05-31 16:32:19.203,10445,10446,10446,2
2019-05-31 16:32:19.203,10445,10446,10446,2
2019-05-31 16:32:19.203,10445,10446,10446,10
2019-05-31 16:32:26.519,10446,10447,10447,1
2019-05-31 16:33:13.233,10445,10446,10446,1
2019-05-31 16:33:23.459,10445,10446,10446,1
2019-05-31 16:33:26.497,10445,10446,10446,6
2019-05-31 16:33:30.990,10446,10447,10446,5
2019-05-31 16:33:59.982,10446,10447,10447,2
2019-05-31 16:34:10.814,10446,10447,10446,1
2019-05-31 16:34:29.009,10446,10447,10447,1
2019-05-31 16:34:38.338,10446,10447,10446,1
2019-05-31 16:34:42.066,10446,10447,10446,5
2019-05-31 16:34:50.692,10446,10447,10447,1
2019-05-31 16:34:51.128,10446,10447,10446,1
2019-05-31 16:35:51.381,10446,10447,10446,1
2019-05-31 16:35:52.887,10446,10447,10446,1
2019-05-31 16:36:06.884,10446,10447,10446,1
2019-05-31 16:36:07.201,10446,10447,10447,1
2019-05-31 16:36:07.250,10446,10447,10446,1
2019-05-31 16:36:14.842,10446,10447,10447,2
2019-05-31 16:36:21.108,10446,10447,10446,7
2019-05-31 16:36:22.469,10445,10446,10445,3
2019-05-31 16:36:22.470,10445,10446,10445,5
2019-05-31 16:36:35.781,10444,10445,10445,1
2019-05-31 16:36:35.989,10444,10445,10445,1
2019-05-31 16:36:38.963,10444,10445,10445,2
2019-05-31 16:36:38.963,10444,10445,10445,4
2019-05-31 16:36:38.963,10444,10445,10445,3
2019-05-31 16:36:38.963,10444,10445,10445,1
2019-05-31 16:36:50.881,10445,10446,10446,2
2019-05-31 16:36:50.882,10445,10446,10446,6
2019-05-31 16:37:22.372,10445,10446,10446,2
2019-05-31 16:37:22.618,10446,10447,10446,1
2019-05-31 16:37:25.927,10446,10447,10446,4
2019-05-31 16:37:36.783,10446,10447,10447,3
2019-05-31 16:37:36.978,10447,10448,10448,1
2019-05-31 16:38:15.585,10447,10448,10448,10
2019-05-31 16:38:49.803,10447,10448,10448,1
2019-05-31 16:39:07.840,10447,10448,10448,1
2019-05-31 16:39:07.852,10447,10448,10448,5
2019-05-31 16:39:07.852,10447,10448,10448,3
2019-05-31 16:39:07.853,10447,10448,10448,5
2019-05-31 16:39:07.853,10447,10448,10448,3
2019-05-31 16:39:09.289,10448,10449,10449,1
2019-05-31 16:39:09.689,10448,10449,10448,2
2019-05-31 16:39:22.986,10447,10448,10448,1
2019-05-31 16:39:32.634,10448,10449,10448,3
2019-05-31 16:39:58.069,10447,10448,10448,1
2019-05-31 16:40:28.872,10447,10448,10447,4
2019-05-31 16:40:28.873,10447,10448,10447,2
2019-05-31 16:40:28.873,10447,10448,10447,1
2019-05-31 16:40:28.873,10447,10448,10447,3
2019-05-31 16:40:28.873,10447,10448,10447,7
2019-05-31 16:40:48.803,10446,10447,10447,1
2019-05-31 16:41:03.695,10446,10447,10447,1
2019-05-31 16:41:19.610,10446,10447,10447,1
2019-05-31 16:41:38.072,10446,10447,10447,2
2019-05-31 16:41:38.073,10446,10447,10447,4
2019-05-31 16:41:38.102,10447,10448,10447,2
2019-05-31 16:41:56.477,10447,10448,10447,6
2019-05-31 16:42:07.301,10446,10448,10447,1
2019-05-31 16:42:26.473,10447,10448,10447,5
2019-05-31 16:42:58.544,10447,10448,10448,2
2019-05-31 16:42:58.544,10447,10448,10448,2
2019-05-31 16:42:58.544,10447,10448,10448,3
2019-05-31 16:42:58.544,10447,10448,10448,4
2019-05-31 16:42:58.544,10447,10448,10448,4
2019-05-31 16:43:14.019,10448,10449,10448,1
2019-05-31 16:43:24.727,10448,10449,10449,1
2019-05-31 16:43:38.942,10448,10449,10449,1
2019-05-31 16:43:40.743,10448,10449,10449,1
2019-05-31 16:43:41.473,10448,10449,10448,1
2019-05-31 16:43:50.324,10448,10449,10449,20
2019-05-31 16:43:53.474,10448,10449,10448,1
2019-05-31 16:43:53.709,10448,10449,10448,1
2019-05-31 16:44:19.544,10447,10448,10447,1
2019-05-31 16:44:19.602,10447,10448,10447,1
2019-05-31 16:44:19.687,10447,10448,10447,1
2019-05-31 16:44:19.727,10447,10448,10447,2
2019-05-31 16:44:19.852,10447,10448,10447,3
2019-05-31 16:44:20.752,10447,10448,10447,2
2019-05-31 16:44:20.752,10447,10448,10447,2
2019-05-31 16:44:23.337,10447,10448,10447,2
2019-05-31 16:44:33.607,10446,10447,10447,1
2019-05-31 16:44:35.980,10446,10447,10447,1
2019-05-31 16:44:40.904,10446,10447,10447,2
2019-05-31 16:45:03.417,10446,10447,10447,1
2019-05-31 16:45:10.698,10446,10447,10446,19
2019-05-31 16:45:13.016,10445,10446,10445,3
2019-05-31 16:45:13.017,10445,10446,10445,12
2019-05-31 16:45:13.017,10445,10446,10445,5
2019-05-31 16:45:13.018,10445,10446,10445,7
2019-05-31 16:45:13.144,10444,10445,10445,1
2019-05-31 16:45:18.778,10444,10445,10445,1
2019-05-31 16:45:19.561,10444,10445,10445,1
2019-05-31 16:45:30.220,10444,10445,10445,1
2019-05-31 16:46:01.418,10444,10445,10444,1
2019-05-31 16:46:06.555,10444,10445,10444,1
2019-05-31 16:46:07.270,10444,10445,10445,1
2019-05-31 16:46:09.520,10444,10445,10444,3
2019-05-31 16:46:10.761,10444,10445,10444,3
2019-05-31 16:46:10.798,10444,10445,10444,2
2019-05-31 16:46:10.813,10444,10445,10444,2
2019-05-31 16:46:10.814,10444,10445,10444,1
2019-05-31 16:46:10.815,10444,10445,10444,3
2019-05-31 16:46:10.815,10444,10445,10444,1
2019-05-31 16:46:10.815,10444,10445,10444,3
2019-05-31 16:46:10.815,10444,10445,10444,2
2019-05-31 16:46:10.815,10444,10445,10444,1
2019-05-31 16:46:13.756,10443,10444,10444,2
2019-05-31 16:46:19.360,10443,10444,10444,1
2019-05-31 16:46:21.898,10444,10445,10444,1
2019-05-31 16:46:23.589,10443,10444,10444,1
2019-05-31 16:46:24.506,10444,10445,10444,1
2019-05-31 16:46:30.917,10444,10445,10444,1
2019-05-31 16:46:31.643,10443,10444,10444,1
2019-05-31 16:46:39.283,10443,10444,10444,1
2019-05-31 16:46:41.585,10443,10444,10443,1
2019-05-31 16:46:42.671,10443,10444,10444,1
2019-05-31 16:46:43.200,10443,10444,10443,1
2019-05-31 16:46:47.575,10443,10444,10444,2
2019-05-31 16:46:47.776,10444,10445,10444,1
2019-05-31 16:47:02.973,10444,10445,10444,1
2019-05-31 16:47:04.346,10444,10445,10445,2
2019-05-31 16:47:18.822,10445,10446,10445,1
2019-05-31 16:47:42.114,10445,10446,10446,1
2019-05-31 16:47:48.300,10445,10446,10446,2
2019-05-31 16:48:00.913,10446,10447,10446,1
2019-05-31 16:48:03.081,10446,10447,10446,1
2019-05-31 16:48:24.635,10446,10447,10446,1
2019-05-31 16:48:27.737,10445,10446,10445,2
2019-05-31 16:48:27.761,10445,10446,10445,3
2019-05-31 16:48:31.360,10444,10445,10445,5
2019-05-31 16:48:39.659,10444,10445,10444,1
2019-05-31 16:48:41.582,10444,10445,10445,2
2019-05-31 16:48:41.796,10444,10445,10444,4
2019-05-31 16:48:42.014,10443,10444,10444,5
2019-05-31 16:48:42.014,10443,10444,10444,2
2019-05-31 16:48:42.919,10443,10445,10444,2
2019-05-31 16:48:44.604,10443,10444,10443,2
2019-05-31 16:49:02.899,10443,10444,10443,2
2019-05-31 16:49:08.977,10443,10444,10443,2
2019-05-31 16:49:12.441,10443,10444,10443,1
2019-05-31 16:49:20.278,10443,10444,10444,1
2019-05-31 16:49:20.278,10443,10444,10444,7
2019-05-31 16:49:26.570,10444,10445,10444,1
2019-05-31 16:49:36.305,10443,10444,10444,1
2019-05-31 16:49:47.309,10443,10444,10444,4
2019-05-31 16:49:47.943,10444,10445,10444,1
2019-05-31 16:50:08.622,10444,10445,10444,2
2019-05-31 16:50:10.440,10444,10445,10444,2
2019-05-31 16:50:10.687,10444,10445,10444,1
2019-05-31 16:50:14.559,10443,10444,10444,1
2019-05-31 16:50:14.806,10444,10445,10444,1
2019-05-31 16:50:30.836,10444,10445,10444,1
2019-05-31 16:50:45.885,10444,10445,10445,1
2019-05-31 16:50:45.887,10444,10445,10445,2
2019-05-31 16:50:45.929,10444,10445,10445,1
2019-05-31 16:50:45.956,10444,10445,10445,1
2019-05-31 16:50:45.977,10444,10445,10445,1
2019-05-31 16:51:08.061,10445,10446,10445,3
2019-05-31 16:52:01.138,10445,10446,10445,1
2019-05-31 16:52:02.878,10445,10446,10445,1
2019-05-31 16:52:12.515,10445,10446,10445,1
2019-05-31 16:52:40.304,10444,10445,10445,1
2019-05-31 16:52:41.896,10445,10446,10445,1
2019-05-31 16:53:06.016,10445,10446,10445,1
2019-05-31 16:53:06.016,10445,10446,10444,9
2019-05-31 16:53:40.280,10444,10445,10444,1
2019-05-31 16:53:48.305,10444,10445,10444,1
2019-05-31 16:53:50.237,10444,10445,10444,1
2019-05-31 16:53:50.402,10444,10445,10444,1
2019-05-31 16:53:50.477,10444,10445,10444,1
2019-05-31 16:54:15.638,10443,10444,10444,1
2019-05-31 16:54:35.584,10443,10444,10443,6
2019-05-31 16:54:38.883,10443,10444,10443,4
2019-05-31 16:54:40.952,10443,10444,10443,1
2019-05-31 16:54:41.548,10443,10444,10444,1
2019-05-31 16:54:48.462,10443,10444,10444,1
2019-05-31 16:55:08.913,10443,10444,10443,1
2019-05-31 16:55:13.904,10443,10444,10443,1
2019-05-31 16:55:44.537,10443,10444,10443,1
2019-05-31 16:55:58.482,10443,10444,10443,1
2019-05-31 16:56:15.069,10443,10444,10443,1
2019-05-31 16:56:29.820,10443,10444,10443,1
2019-05-31 16:56:29.852,10443,10444,10443,1
2019-05-31 16:56:45.397,10443,10444,10443,1
2019-05-31 16:56:53.703,10443,10444,10443,12
2019-05-31 16:56:53.703,10443,10444,10443,4
2019-05-31 16:56:56.811,10442,10443,10443,1
2019-05-31 16:56:58.833,10442,10443,10442,1
2019-05-31 16:57:00.882,10442,10443,10442,13
2019-05-31 16:57:01.891,10441,10442,10441,1
2019-05-31 16:57:02.080,10441,10442,10441,3
2019-05-31 16:57:02.157,10441,10442,10441,10
2019-05-31 16:57:02.227,10441,10442,10441,6
2019-05-31 16:57:07.795,10441,10442,10441,1
2019-05-31 16:57:08.370,10441,10442,10441,2
2019-05-31 16:57:08.370,10441,10442,10441,1
2019-05-31 16:57:09.377,10441,10442,10441,1
2019-05-31 16:57:09.912,10440,10441,10440,1
2019-05-31 16:57:11.295,10440,10441,10440,4
2019-05-31 16:57:11.443,10440,10441,10440,4
2019-05-31 16:57:15.066,10440,10441,10441,1
2019-05-31 16:57:16.505,10441,10442,10441,1
2019-05-31 16:57:17.020,10440,10441,10441,1
2019-05-31 16:57:20.857,10440,10441,10440,3
2019-05-31 16:57:27.762,10440,10441,10441,1
2019-05-31 16:57:31.282,10441,10442,10441,1
2019-05-31 16:57:38.395,10441,10442,10441,1
2019-05-31 16:58:15.470,10441,10442,10441,1
2019-05-31 16:58:17.828,10441,10442,10441,5
2019-05-31 16:58:21.520,10441,10442,10442,4
