2021-04-08,15:00:00.068000,16930,16931,16930,91
2021-04-08,15:00:00.240000,16929,16930,16930,2
2021-04-08,15:00:00.332000,16929,16930,16930,1
2021-04-08,15:00:00.385000,16929,16930,16930,1
2021-04-08,15:00:00.405000,16929,16930,16930,1
2021-04-08,15:00:00.471000,16929,16930,16929,1
2021-04-08,15:00:00.479000,16929,16930,16930,1
2021-04-08,15:00:00.481000,16929,16930,16930,1
2021-04-08,15:00:00.481000,16929,16930,16929,3
2021-04-08,15:00:00.531000,16929,16930,16929,1
2021-04-08,15:00:00.590000,16929,16930,16930,4
2021-04-08,15:00:00.592000,16929,16930,16930,1
2021-04-08,15:00:00.611000,16929,16930,16928,2
2021-04-08,15:00:00.633000,16929,16930,16930,1
2021-04-08,15:00:00.650000,16928,16930,16930,1
2021-04-08,15:00:00.663000,16928,16930,16930,1
2021-04-08,15:00:00.717000,16928,16930,16929,1
2021-04-08,15:00:00.755000,16928,16930,16929,1
2021-04-08,15:00:00.864000,16928,16930,16930,1
2021-04-08,15:00:00.889000,16928,16930,16930,2
2021-04-08,15:00:00.897000,16928,16930,16930,1
2021-04-08,15:00:00.898000,16928,16930,16930,1
2021-04-08,15:00:00.898000,16928,16930,16930,1
2021-04-08,15:00:00.922000,16928,16930,16931,2
2021-04-08,15:00:00.925000,16928,16930,16931,1
2021-04-08,15:00:00.945000,16928,16930,16931,2
2021-04-08,15:00:00.974000,16928,16930,16929,2
2021-04-08,15:00:00.980000,16928,16930,16928,2
2021-04-08,15:00:00.992000,16928,16930,16929,1
2021-04-08,15:00:01.015000,16928,16931,16931,2
2021-04-08,15:00:01.037000,16928,16931,16928,1
2021-04-08,15:00:01.052000,16928,16931,16931,1
2021-04-08,15:00:01.052000,16928,16931,16932,3
2021-04-08,15:00:01.092000,16928,16931,16928,1
2021-04-08,15:00:01.106000,16928,16931,16931,1
2021-04-08,15:00:01.146000,16929,16932,16932,1
2021-04-08,15:00:01.148000,16929,16932,16929,1
2021-04-08,15:00:01.148000,16929,16932,16928,1
2021-04-08,15:00:01.176000,16929,16932,16931,1
2021-04-08,15:00:01.209000,16929,16932,16932,1
2021-04-08,15:00:01.209000,16929,16932,16932,1
2021-04-08,15:00:01.298000,16928,16931,16931,1
2021-04-08,15:00:01.321000,16928,16931,16931,1
2021-04-08,15:00:01.321000,16928,16931,16932,2
2021-04-08,15:00:01.321000,16928,16931,16933,2
2021-04-08,15:00:01.371000,16928,16931,16932,1
2021-04-08,15:00:01.373000,16928,16931,16933,1
2021-04-08,15:00:01.379000,16928,16931,16933,1
2021-04-08,15:00:01.385000,16928,16931,16933,1
2021-04-08,15:00:01.398000,16930,16933,16933,1
2021-04-08,15:00:01.411000,16930,16933,16933,1
2021-04-08,15:00:01.415000,16930,16933,16933,2
2021-04-08,15:00:01.422000,16930,16933,16933,1
2021-04-08,15:00:01.433000,16930,16933,16931,2
2021-04-08,15:00:01.433000,16930,16933,16930,5
2021-04-08,15:00:01.433000,16930,16933,16929,1
2021-04-08,15:00:01.513000,16930,16933,16932,1
2021-04-08,15:00:01.531000,16930,16932,16932,1
2021-04-08,15:00:01.544000,16930,16932,16932,1
2021-04-08,15:00:01.544000,16930,16932,16933,1
2021-04-08,15:00:01.577000,16930,16932,16930,1
2021-04-08,15:00:01.607000,16930,16932,16933,1
2021-04-08,15:00:01.622000,16930,16932,16933,1
2021-04-08,15:00:01.628000,16930,16932,16933,1
2021-04-08,15:00:01.633000,16930,16932,16931,1
2021-04-08,15:00:01.638000,16930,16932,16932,1
2021-04-08,15:00:01.653000,16930,16933,16933,1
2021-04-08,15:00:01.677000,16930,16933,16933,1
2021-04-08,15:00:01.690000,16930,16933,16930,3
2021-04-08,15:00:01.690000,16930,16933,16929,1
2021-04-08,15:00:01.695000,16930,16933,16932,1
2021-04-08,15:00:01.706000,16930,16933,16933,1
2021-04-08,15:00:01.757000,16930,16933,16931,1
2021-04-08,15:00:01.757000,16930,16933,16930,1
2021-04-08,15:00:01.765000,16929,16932,16929,3
2021-04-08,15:00:01.788000,16929,16932,16928,2
2021-04-08,15:00:01.788000,16929,16932,16927,6
2021-04-08,15:00:01.869000,16929,16932,16928,1
2021-04-08,15:00:01.952000,16927,16928,16927,4
2021-04-08,15:00:01.952000,16927,16928,16926,2
2021-04-08,15:00:01.952000,16927,16928,16925,2
2021-04-08,15:00:01.997000,16927,16928,16927,1
2021-04-08,15:00:02.066000,16926,16928,16926,1
2021-04-08,15:00:02.088000,16926,16928,16925,3
2021-04-08,15:00:02.088000,16926,16928,16924,4
2021-04-08,15:00:02.088000,16926,16928,16923,1
2021-04-08,15:00:02.126000,16926,16928,16924,1
2021-04-08,15:00:02.142000,16923,16926,16923,1
2021-04-08,15:00:02.209000,16923,16926,16923,3
2021-04-08,15:00:02.209000,16923,16926,16922,1
2021-04-08,15:00:02.295000,16924,16926,16924,1
2021-04-08,15:00:02.323000,16924,16926,16923,1
2021-04-08,15:00:02.323000,16924,16926,16923,1
2021-04-08,15:00:02.326000,16924,16926,16923,1
2021-04-08,15:00:02.326000,16924,16926,16922,3
2021-04-08,15:00:02.329000,16924,16926,16923,1
2021-04-08,15:00:02.433000,16922,16924,16922,1
2021-04-08,15:00:02.457000,16922,16924,16926,1
2021-04-08,15:00:02.466000,16922,16924,16922,1
2021-04-08,15:00:02.527000,16922,16926,16926,1
2021-04-08,15:00:02.615000,16922,16926,16925,2
2021-04-08,15:00:02.615000,16922,16926,16924,1
2021-04-08,15:00:02.628000,16922,16926,16926,1
2021-04-08,15:00:03.066000,16923,16926,16923,6
2021-04-08,15:00:03.066000,16923,16926,16922,3
2021-04-08,15:00:03.208000,16922,16924,16922,8
2021-04-08,15:00:03.208000,16922,16924,16921,2
2021-04-08,15:00:03.213000,16922,16924,16921,1
2021-04-08,15:00:03.253000,16922,16924,16921,1
2021-04-08,15:00:03.426000,16921,16924,16924,1
2021-04-08,15:00:04.188000,16923,16924,16923,1
2021-04-08,15:00:04.194000,16923,16924,16924,1
2021-04-08,15:00:04.257000,16923,16924,16924,1
2021-04-08,15:00:04.278000,16922,16924,16924,1
2021-04-08,15:00:04.341000,16922,16924,16924,1
2021-04-08,15:00:04.361000,16922,16924,16924,2
2021-04-08,15:00:04.387000,16922,16924,16924,1
2021-04-08,15:00:04.747000,16923,16925,16925,1
2021-04-08,15:00:04.748000,16923,16925,16925,1
2021-04-08,15:00:04.994000,16925,16928,16927,2
2021-04-08,15:00:05.495000,16926,16928,16928,1
2021-04-08,15:00:06.085000,16926,16928,16926,1
2021-04-08,15:00:07.765000,16926,16927,16927,1
2021-04-08,15:00:07.909000,16926,16927,16926,1
2021-04-08,15:00:07.938000,16926,16927,16926,1
2021-04-08,15:00:09.398000,16925,16927,16925,1
2021-04-08,15:00:13.923000,16926,16927,16927,5
2021-04-08,15:00:14.360000,16926,16928,16926,1
2021-04-08,15:00:14.376000,16926,16928,16926,1
2021-04-08,15:00:14.436000,16926,16928,16928,2
2021-04-08,15:00:15.410000,16926,16927,16927,4
2021-04-08,15:00:15.640000,16926,16927,16927,3
2021-04-08,15:00:16.682000,16926,16928,16926,1
2021-04-08,15:00:16.743000,16926,16928,16927,1
2021-04-08,15:00:17.188000,16926,16928,16926,1
2021-04-08,15:00:19.211000,16926,16927,16927,1
2021-04-08,15:00:19.336000,16927,16928,16927,1
2021-04-08,15:00:19.610000,16927,16928,16927,1
2021-04-08,15:00:19.626000,16927,16928,16927,1
2021-04-08,15:00:21.390000,16926,16927,16927,1
2021-04-08,15:00:21.440000,16926,16927,16927,1
2021-04-08,15:00:22.024000,16926,16927,16926,4
2021-04-08,15:00:22.226000,16925,16927,16927,1
2021-04-08,15:00:22.229000,16925,16927,16927,1
2021-04-08,15:00:22.259000,16925,16927,16927,1
2021-04-08,15:00:23.127000,16926,16928,16926,2
2021-04-08,15:00:24.193000,16927,16928,16927,1
2021-04-08,15:00:24.357000,16927,16928,16928,2
2021-04-08,15:00:24.359000,16927,16928,16928,1
2021-04-08,15:00:24.359000,16927,16928,16928,1
2021-04-08,15:00:24.521000,16928,16929,16928,1
2021-04-08,15:00:24.672000,16927,16929,16929,2
2021-04-08,15:00:24.989000,16927,16929,16927,1
2021-04-08,15:00:25.610000,16927,16929,16929,1
2021-04-08,15:00:25.939000,16927,16929,16929,1
2021-04-08,15:00:26.054000,16927,16929,16929,1
2021-04-08,15:00:26.054000,16927,16929,16930,1
2021-04-08,15:00:26.065000,16927,16929,16928,1
2021-04-08,15:00:28.314000,16928,16929,16928,1
2021-04-08,15:00:28.401000,16927,16929,16928,1
2021-04-08,15:00:28.609000,16927,16929,16927,1
2021-04-08,15:00:30.638000,16928,16929,16929,1
2021-04-08,15:00:33.128000,16928,16929,16928,1
2021-04-08,15:00:33.150000,16928,16929,16928,1
2021-04-08,15:00:33.605000,16928,16929,16928,1
2021-04-08,15:00:34.914000,16928,16929,16928,4
2021-04-08,15:00:35.250000,16927,16928,16928,1
2021-04-08,15:00:35.250000,16927,16928,16928,1
2021-04-08,15:00:35.695000,16927,16928,16928,2
2021-04-08,15:00:35.964000,16927,16928,16927,1
2021-04-08,15:00:36.992000,16927,16928,16927,1
2021-04-08,15:00:38.129000,16927,16928,16927,1
2021-04-08,15:00:38.145000,16927,16928,16927,1
2021-04-08,15:00:39.252000,16927,16928,16928,1
2021-04-08,15:00:39.534000,16927,16928,16927,1
2021-04-08,15:00:39.535000,16927,16928,16927,1
2021-04-08,15:00:39.535000,16927,16928,16927,6
2021-04-08,15:00:43.586000,16926,16927,16926,1
2021-04-08,15:00:43.586000,16926,16927,16926,2
2021-04-08,15:00:43.791000,16926,16927,16927,1
2021-04-08,15:00:48.697000,16926,16927,16927,2
2021-04-08,15:00:48.966000,16926,16927,16927,1
2021-04-08,15:00:50.804000,16926,16927,16927,1
2021-04-08,15:00:50.982000,16927,16928,16927,1
2021-04-08,15:00:51.498000,16927,16928,16927,2
2021-04-08,15:00:51.614000,16927,16928,16927,1
2021-04-08,15:00:53.631000,16926,16927,16927,1
2021-04-08,15:00:55.616000,16927,16928,16928,1
2021-04-08,15:00:55.616000,16927,16928,16928,3
2021-04-08,15:00:55.616000,16927,16928,16928,1
2021-04-08,15:00:55.616000,16927,16928,16928,2
2021-04-08,15:00:55.617000,16927,16928,16928,11
2021-04-08,15:00:56.275000,16927,16928,16927,2
2021-04-08,15:00:56.376000,16927,16928,16928,1
2021-04-08,15:00:56.658000,16928,16929,16928,1
2021-04-08,15:00:58.094000,16927,16929,16927,1
2021-04-08,15:00:59.060000,16927,16929,16929,1
2021-04-08,15:00:59.313000,16927,16929,16927,1
2021-04-08,15:01:00.070000,16927,16929,16929,3
2021-04-08,15:01:00.080000,16927,16929,16929,1
2021-04-08,15:01:00.080000,16927,16929,16929,2
2021-04-08,15:01:00.081000,16927,16929,16929,3
2021-04-08,15:01:00.095000,16927,16929,16929,2
2021-04-08,15:01:00.104000,16927,16929,16930,1
2021-04-08,15:01:00.107000,16927,16929,16928,1
2021-04-08,15:01:00.125000,16927,16929,16930,2
2021-04-08,15:01:00.133000,16927,16929,16929,1
2021-04-08,15:01:00.134000,16927,16929,16929,1
2021-04-08,15:01:00.196000,16929,16930,16930,1
2021-04-08,15:01:00.202000,16929,16930,16930,5
2021-04-08,15:01:00.210000,16929,16930,16930,6
2021-04-08,15:01:00.212000,16929,16930,16930,1
2021-04-08,15:01:00.282000,16930,16931,16930,1
2021-04-08,15:01:00.867000,16930,16931,16930,1
2021-04-08,15:01:05.143000,16929,16931,16929,8
2021-04-08,15:01:05.195000,16929,16931,16928,1
2021-04-08,15:01:05.269000,16928,16930,16930,1
2021-04-08,15:01:05.269000,16928,16930,16931,3
2021-04-08,15:01:05.488000,16929,16931,16931,1
2021-04-08,15:01:06.087000,16930,16931,16930,1
2021-04-08,15:01:06.613000,16930,16931,16930,1
2021-04-08,15:01:07.206000,16929,16930,16929,1
2021-04-08,15:01:07.268000,16929,16930,16929,1
2021-04-08,15:01:07.374000,16929,16930,16930,1
2021-04-08,15:01:07.980000,16929,16930,16930,3
2021-04-08,15:01:09.097000,16929,16930,16930,1
2021-04-08,15:01:09.779000,16929,16930,16929,12
2021-04-08,15:01:09.994000,16929,16930,16929,1
2021-04-08,15:01:09.995000,16929,16930,16929,1
2021-04-08,15:01:10.216000,16928,16930,16928,1
2021-04-08,15:01:10.591000,16928,16930,16929,1
2021-04-08,15:01:11.665000,16928,16930,16930,1
2021-04-08,15:01:14.188000,16928,16930,16930,1
2021-04-08,15:01:14.772000,16928,16930,16928,8
2021-04-08,15:01:14.817000,16928,16930,16928,8
2021-04-08,15:01:15.216000,16927,16929,16927,1
2021-04-08,15:01:20.212000,16927,16929,16927,1
2021-04-08,15:01:25.198000,16928,16929,16928,1
2021-04-08,15:01:25.267000,16927,16929,16927,1
2021-04-08,15:01:25.267000,16927,16929,16927,1
2021-04-08,15:01:25.267000,16927,16929,16927,1
2021-04-08,15:01:25.267000,16927,16929,16927,1
2021-04-08,15:01:25.267000,16927,16929,16927,1
2021-04-08,15:01:25.268000,16927,16929,16927,1
2021-04-08,15:01:25.268000,16927,16929,16927,1
2021-04-08,15:01:25.268000,16927,16929,16927,1
2021-04-08,15:01:25.268000,16927,16929,16927,1
2021-04-08,15:01:25.270000,16927,16929,16927,1
2021-04-08,15:01:25.270000,16927,16929,16927,1
2021-04-08,15:01:25.270000,16927,16929,16927,1
2021-04-08,15:01:25.271000,16927,16929,16927,1
2021-04-08,15:01:25.277000,16927,16929,16927,1
2021-04-08,15:01:30.218000,16927,16928,16927,1
2021-04-08,15:01:31.003000,16927,16928,16928,1
2021-04-08,15:01:33.808000,16927,16928,16927,1
2021-04-08,15:01:35.217000,16927,16928,16927,1
2021-04-08,15:01:35.248000,16927,16928,16927,6
2021-04-08,15:01:37.212000,16927,16928,16927,1
2021-04-08,15:01:40.237000,16927,16928,16927,1
2021-04-08,15:01:42.840000,16927,16928,16928,5
2021-04-08,15:01:45.218000,16927,16928,16927,1
2021-04-08,15:01:50.194000,16927,16928,16927,1
2021-04-08,15:01:51.363000,16927,16928,16927,7
2021-04-08,15:01:51.363000,16927,16928,16927,5
2021-04-08,15:01:55.209000,16926,16928,16926,1
2021-04-08,15:01:55.374000,16926,16928,16926,1
2021-04-08,15:01:56.928000,16926,16928,16928,9
2021-04-08,15:01:57.639000,16927,16928,16927,1
2021-04-08,15:02:00.033000,16927,16928,16928,2
2021-04-08,15:02:00.238000,16927,16928,16927,1
2021-04-08,15:02:00.515000,16927,16928,16928,1
2021-04-08,15:02:00.715000,16927,16928,16927,1
2021-04-08,15:02:02.205000,16927,16928,16927,4
2021-04-08,15:02:04.944000,16926,16927,16927,1
2021-04-08,15:02:05.233000,16926,16927,16926,1
2021-04-08,15:02:07.608000,16926,16927,16927,1
2021-04-08,15:02:07.892000,16926,16927,16926,2
2021-04-08,15:02:08.760000,16926,16927,16926,2
2021-04-08,15:02:08.761000,16926,16927,16926,4
2021-04-08,15:02:08.761000,16926,16927,16926,4
2021-04-08,15:02:10.261000,16925,16927,16925,1
2021-04-08,15:02:11.307000,16926,16927,16926,1
2021-04-08,15:02:12.859000,16925,16926,16925,8
2021-04-08,15:02:12.859000,16925,16926,16925,1
2021-04-08,15:02:12.859000,16925,16926,16925,1
2021-04-08,15:02:12.859000,16925,16926,16925,1
2021-04-08,15:02:12.859000,16925,16926,16925,1
2021-04-08,15:02:12.859000,16925,16926,16925,3
2021-04-08,15:02:12.859000,16925,16926,16925,1
2021-04-08,15:02:12.860000,16925,16926,16925,1
2021-04-08,15:02:12.860000,16925,16926,16925,1
2021-04-08,15:02:12.860000,16925,16926,16925,1
2021-04-08,15:02:15.197000,16924,16925,16924,1
2021-04-08,15:02:15.888000,16924,16925,16924,3
2021-04-08,15:02:16.514000,16923,16924,16924,3
2021-04-08,15:02:18.713000,16923,16924,16924,1
2021-04-08,15:02:19.411000,16923,16924,16923,1
2021-04-08,15:02:20.231000,16923,16925,16923,1
2021-04-08,15:02:23.540000,16924,16925,16924,1
2021-04-08,15:02:24.468000,16924,16925,16924,1
2021-04-08,15:02:24.737000,16924,16925,16924,1
2021-04-08,15:02:25.217000,16924,16925,16924,1
2021-04-08,15:02:26.871000,16924,16925,16925,1
2021-04-08,15:02:27.050000,16924,16925,16924,1
2021-04-08,15:02:30.198000,16923,16925,16923,1
2021-04-08,15:02:30.453000,16923,16925,16923,1
2021-04-08,15:02:31.582000,16923,16925,16925,1
2021-04-08,15:02:31.582000,16923,16925,16925,3
2021-04-08,15:02:31.582000,16923,16925,16925,1
2021-04-08,15:02:31.582000,16923,16925,16925,1
2021-04-08,15:02:31.582000,16923,16925,16925,3
2021-04-08,15:02:31.691000,16924,16926,16924,1
2021-04-08,15:02:32.573000,16924,16926,16926,1
2021-04-08,15:02:33.062000,16925,16926,16925,1
2021-04-08,15:02:35.226000,16924,16926,16924,1
2021-04-08,15:02:35.567000,16924,16926,16924,2
2021-04-08,15:02:36.608000,16924,16926,16924,1
2021-04-08,15:02:39.229000,16924,16925,16925,1
2021-04-08,15:02:39.987000,16924,16926,16925,1
2021-04-08,15:02:40.233000,16924,16926,16925,1
2021-04-08,15:02:44.804000,16924,16926,16925,1
2021-04-08,15:02:45.200000,16924,16926,16925,1
2021-04-08,15:02:45.229000,16924,16926,16925,1
2021-04-08,15:02:50.199000,16924,16926,16925,1
2021-04-08,15:02:52.651000,16924,16925,16925,1
2021-04-08,15:02:55.198000,16924,16926,16924,1
2021-04-08,15:02:56.825000,16924,16925,16925,1
2021-04-08,15:02:58.230000,16924,16927,16924,1
2021-04-08,15:03:00.238000,16924,16926,16924,1
2021-04-08,15:03:00.550000,16924,16926,16924,2
2021-04-08,15:03:00.748000,16924,16926,16924,1
2021-04-08,15:03:00.930000,16924,16926,16924,1
2021-04-08,15:03:01.204000,16924,16926,16924,1
2021-04-08,15:03:01.204000,16924,16926,16924,4
2021-04-08,15:03:01.204000,16924,16926,16924,2
2021-04-08,15:03:01.404000,16923,16925,16924,1
2021-04-08,15:03:01.423000,16923,16925,16924,1
2021-04-08,15:03:01.919000,16924,16925,16925,1
2021-04-08,15:03:02.582000,16924,16925,16924,1
2021-04-08,15:03:02.602000,16924,16925,16923,1
2021-04-08,15:03:02.663000,16923,16925,16923,1
2021-04-08,15:03:02.901000,16923,16925,16923,1
2021-04-08,15:03:03.070000,16923,16925,16923,1
2021-04-08,15:03:04.630000,16923,16925,16923,3
2021-04-08,15:03:05.214000,16923,16924,16923,1
2021-04-08,15:03:05.893000,16923,16924,16923,1
2021-04-08,15:03:07.128000,16923,16924,16924,1
2021-04-08,15:03:07.347000,16923,16924,16923,2
2021-04-08,15:03:07.403000,16923,16924,16923,2
2021-04-08,15:03:09.368000,16923,16924,16923,1
2021-04-08,15:03:10.200000,16923,16925,16923,1
2021-04-08,15:03:15.246000,16923,16925,16923,1
2021-04-08,15:03:16.574000,16924,16925,16924,3
2021-04-08,15:03:16.574000,16924,16925,16923,2
2021-04-08,15:03:20.186000,16923,16925,16923,1
2021-04-08,15:03:20.201000,16923,16925,16923,1
2021-04-08,15:03:20.386000,16923,16925,16925,1
2021-04-08,15:03:20.661000,16923,16925,16925,1
2021-04-08,15:03:20.830000,16924,16925,16925,1
2021-04-08,15:03:22.442000,16924,16926,16924,1
2021-04-08,15:03:25.202000,16924,16926,16924,1
2021-04-08,15:03:33.201000,16925,16926,16925,1
2021-04-08,15:03:43.104000,16925,16926,16925,2
2021-04-08,15:03:46.804000,16924,16926,16925,1
2021-04-08,15:03:48.448000,16925,16926,16925,1
2021-04-08,15:04:00.120000,16924,16926,16926,1
2021-04-08,15:04:04.539000,16925,16926,16925,2
2021-04-08,15:04:09.472000,16924,16925,16924,1
2021-04-08,15:04:09.473000,16924,16925,16924,10
2021-04-08,15:04:10.156000,16923,16924,16924,1
2021-04-08,15:04:13.698000,16923,16924,16924,2
2021-04-08,15:04:17.937000,16923,16924,16924,3
2021-04-08,15:04:19.642000,16924,16925,16924,2
2021-04-08,15:04:25.562000,16924,16925,16924,2
2021-04-08,15:04:25.562000,16924,16925,16923,2
2021-04-08,15:04:26.641000,16923,16924,16924,1
2021-04-08,15:04:37.098000,16923,16924,16924,1
2021-04-08,15:04:38.171000,16923,16924,16923,1
2021-04-08,15:04:43.873000,16923,16924,16923,1
2021-04-08,15:04:48.783000,16923,16924,16923,1
2021-04-08,15:04:58.555000,16923,16924,16923,1
2021-04-08,15:05:02.528000,16923,16924,16923,2
2021-04-08,15:05:10.045000,16923,16924,16924,2
2021-04-08,15:05:10.304000,16924,16925,16924,2
2021-04-08,15:05:10.665000,16923,16925,16925,1
2021-04-08,15:05:10.666000,16923,16925,16925,1
2021-04-08,15:05:10.666000,16923,16925,16925,2
2021-04-08,15:05:10.666000,16923,16925,16925,1
2021-04-08,15:05:10.666000,16923,16925,16925,18
2021-04-08,15:05:10.667000,16923,16925,16925,12
2021-04-08,15:05:10.667000,16923,16925,16925,1
2021-04-08,15:05:10.667000,16923,16925,16925,4
2021-04-08,15:05:10.667000,16923,16925,16925,1
2021-04-08,15:05:10.667000,16923,16925,16925,2
2021-04-08,15:05:10.667000,16923,16925,16925,1
2021-04-08,15:05:10.667000,16923,16925,16925,2
2021-04-08,15:05:10.667000,16923,16925,16925,2
2021-04-08,15:05:10.667000,16923,16925,16925,1
2021-04-08,15:05:10.667000,16923,16925,16925,3
2021-04-08,15:05:13.502000,16923,16925,16923,1
2021-04-08,15:05:13.502000,16923,16925,16923,5
2021-04-08,15:05:13.502000,16923,16925,16923,6
2021-04-08,15:05:34.260000,16923,16924,16924,1
2021-04-08,15:05:41.959000,16923,16924,16924,1
2021-04-08,15:05:42.370000,16923,16925,16923,1
2021-04-08,15:05:47.824000,16923,16924,16924,1
2021-04-08,15:05:48.723000,16923,16924,16924,1
2021-04-08,15:05:48.870000,16924,16925,16924,3
2021-04-08,15:05:52.413000,16923,16924,16924,1
2021-04-08,15:06:01.108000,16923,16924,16923,11
2021-04-08,15:06:04.721000,16922,16923,16923,1
2021-04-08,15:06:05.413000,16922,16924,16924,1
2021-04-08,15:06:06.101000,16923,16924,16923,1
2021-04-08,15:06:08.869000,16923,16924,16923,1
2021-04-08,15:06:19.120000,16923,16924,16923,1
2021-04-08,15:06:19.739000,16923,16924,16923,1
2021-04-08,15:06:22.954000,16922,16924,16922,5
2021-04-08,15:06:29.768000,16923,16924,16923,1
2021-04-08,15:06:30.449000,16923,16924,16923,1
2021-04-08,15:06:38.588000,16922,16923,16922,1
2021-04-08,15:06:39.643000,16922,16923,16922,1
2021-04-08,15:06:50.592000,16922,16923,16922,10
2021-04-08,15:06:55.544000,16922,16923,16922,1
2021-04-08,15:07:00.159000,16922,16923,16922,1
2021-04-08,15:07:00.241000,16922,16923,16922,2
2021-04-08,15:07:00.496000,16921,16923,16921,1
2021-04-08,15:07:00.524000,16921,16923,16921,1
2021-04-08,15:07:00.589000,16921,16923,16921,1
2021-04-08,15:07:00.616000,16921,16923,16921,1
2021-04-08,15:07:00.718000,16921,16923,16921,2
2021-04-08,15:07:00.720000,16921,16923,16921,2
2021-04-08,15:07:00.759000,16921,16923,16921,1
2021-04-08,15:07:00.867000,16921,16922,16921,1
2021-04-08,15:07:01.180000,16921,16922,16921,1
2021-04-08,15:07:01.630000,16921,16922,16921,4
2021-04-08,15:07:01.630000,16921,16922,16921,1
2021-04-08,15:07:01.630000,16921,16922,16921,1
2021-04-08,15:07:01.630000,16921,16922,16921,1
2021-04-08,15:07:01.630000,16921,16922,16921,1
2021-04-08,15:07:01.631000,16921,16922,16921,2
2021-04-08,15:07:02.364000,16920,16922,16922,1
2021-04-08,15:07:04.456000,16921,16922,16921,3
2021-04-08,15:07:05.818000,16921,16922,16922,3
2021-04-08,15:07:08.924000,16921,16922,16921,1
2021-04-08,15:07:15.346000,16921,16922,16922,1
2021-04-08,15:07:15.346000,16921,16922,16922,1
2021-04-08,15:07:17.483000,16921,16922,16922,1
2021-04-08,15:07:18.699000,16922,16923,16922,1
2021-04-08,15:07:20.914000,16922,16923,16922,1
2021-04-08,15:07:20.914000,16922,16923,16921,4
2021-04-08,15:07:23.744000,16921,16923,16921,1
2021-04-08,15:07:27.955000,16921,16922,16921,1
2021-04-08,15:07:32.896000,16921,16922,16922,1
2021-04-08,15:07:32.896000,16921,16922,16922,2
2021-04-08,15:07:32.896000,16921,16922,16922,2
2021-04-08,15:07:36.340000,16922,16923,16922,2
2021-04-08,15:07:40.618000,16922,16923,16923,6
2021-04-08,15:07:40.793000,16923,16924,16924,1
2021-04-08,15:07:47.130000,16923,16924,16924,1
2021-04-08,15:07:58.536000,16923,16924,16924,3
2021-04-08,15:08:07.621000,16924,16925,16925,2
2021-04-08,15:08:10.333000,16925,16926,16925,1
2021-04-08,15:08:11.589000,16925,16926,16925,2
2021-04-08,15:08:11.629000,16925,16926,16925,1
2021-04-08,15:08:11.629000,16925,16926,16926,2
2021-04-08,15:08:14.145000,16924,16926,16926,1
2021-04-08,15:08:19.146000,16925,16926,16925,1
2021-04-08,15:08:24.417000,16924,16926,16926,1
2021-04-08,15:08:25.182000,16924,16926,16926,2
2021-04-08,15:08:31.074000,16925,16926,16926,1
2021-04-08,15:08:31.360000,16925,16926,16926,1
2021-04-08,15:08:31.489000,16925,16926,16925,2
2021-04-08,15:08:34.770000,16925,16926,16926,1
2021-04-08,15:08:36.227000,16925,16926,16926,1
2021-04-08,15:08:45.115000,16925,16926,16925,1
2021-04-08,15:08:45.973000,16925,16926,16926,1
2021-04-08,15:08:53.828000,16925,16926,16926,2
2021-04-08,15:08:56.530000,16925,16926,16926,2
2021-04-08,15:08:56.545000,16925,16926,16925,1
2021-04-08,15:08:57.608000,16925,16926,16926,2
2021-04-08,15:08:57.609000,16925,16926,16926,2
2021-04-08,15:09:04.517000,16926,16927,16927,1
2021-04-08,15:09:15.174000,16926,16927,16927,1
2021-04-08,15:09:16.041000,16926,16927,16927,1
2021-04-08,15:09:17.029000,16926,16927,16927,1
2021-04-08,15:09:19.718000,16926,16927,16926,2
2021-04-08,15:09:23.902000,16926,16927,16926,4
2021-04-08,15:09:25.129000,16926,16927,16926,1
2021-04-08,15:09:25.129000,16926,16927,16926,1
2021-04-08,15:09:28.763000,16925,16927,16927,5
2021-04-08,15:09:35.955000,16925,16926,16926,1
2021-04-08,15:09:45.384000,16925,16926,16925,4
2021-04-08,15:09:58.791000,16925,16926,16926,1
2021-04-08,15:09:59.129000,16926,16927,16926,1
2021-04-08,15:10:02.924000,16925,16926,16926,3
2021-04-08,15:10:02.924000,16925,16926,16927,4
2021-04-08,15:10:03.255000,16926,16927,16927,1
2021-04-08,15:10:03.288000,16926,16927,16927,1
2021-04-08,15:10:03.324000,16926,16927,16926,1
2021-04-08,15:10:03.376000,16926,16927,16927,1
2021-04-08,15:10:03.416000,16926,16927,16927,1
2021-04-08,15:10:03.448000,16926,16927,16926,1
2021-04-08,15:10:03.570000,16925,16927,16927,2
2021-04-08,15:10:03.572000,16925,16927,16927,1
2021-04-08,15:10:03.601000,16925,16927,16927,2
2021-04-08,15:10:03.614000,16925,16927,16926,1
2021-04-08,15:10:03.670000,16926,16927,16926,1
2021-04-08,15:10:09.822000,16926,16927,16927,1
2021-04-08,15:10:10.203000,16926,16928,16927,1
2021-04-08,15:10:11.924000,16927,16928,16928,1
2021-04-08,15:10:15.026000,16927,16928,16928,1
2021-04-08,15:10:15.214000,16927,16928,16928,16
2021-04-08,15:10:15.695000,16928,16929,16928,1
2021-04-08,15:10:15.903000,16928,16929,16929,1
2021-04-08,15:10:20.378000,16928,16929,16928,1
2021-04-08,15:10:20.378000,16928,16929,16927,1
2021-04-08,15:10:22.936000,16928,16929,16928,2
2021-04-08,15:10:34.490000,16928,16929,16928,1
2021-04-08,15:10:35.873000,16928,16929,16928,1
2021-04-08,15:10:40.951000,16928,16929,16928,1
2021-04-08,15:10:41.629000,16928,16929,16928,1
2021-04-08,15:10:42.282000,16928,16929,16928,1
2021-04-08,15:10:42.701000,16927,16928,16928,2
2021-04-08,15:10:44.595000,16928,16929,16928,1
2021-04-08,15:10:45.186000,16927,16928,16928,1
2021-04-08,15:10:46.197000,16927,16928,16928,1
2021-04-08,15:10:48.829000,16927,16928,16928,1
2021-04-08,15:10:49.395000,16927,16928,16928,2
2021-04-08,15:10:49.396000,16927,16928,16928,1
2021-04-08,15:10:52.174000,16927,16928,16928,2
2021-04-08,15:10:54.467000,16927,16928,16928,1
2021-04-08,15:10:54.467000,16927,16928,16928,1
2021-04-08,15:10:54.467000,16927,16928,16928,1
2021-04-08,15:10:54.467000,16927,16928,16928,1
2021-04-08,15:10:57.160000,16927,16928,16928,1
2021-04-08,15:10:57.160000,16927,16928,16928,1
2021-04-08,15:10:58.156000,16928,16929,16929,2
2021-04-08,15:11:00.161000,16928,16929,16929,1
2021-04-08,15:11:00.861000,16928,16929,16929,1
2021-04-08,15:11:00.863000,16928,16929,16929,7
2021-04-08,15:11:00.864000,16928,16929,16929,2
2021-04-08,15:11:05.680000,16929,16930,16930,1
2021-04-08,15:11:05.680000,16929,16930,16930,1
2021-04-08,15:11:06.023000,16929,16930,16930,1
2021-04-08,15:11:06.943000,16929,16930,16930,1
2021-04-08,15:11:07.323000,16929,16930,16930,1
2021-04-08,15:11:07.919000,16929,16930,16930,1
2021-04-08,15:11:08.304000,16929,16930,16930,1
2021-04-08,15:11:08.534000,16929,16930,16930,1
2021-04-08,15:11:12.700000,16929,16930,16930,2
2021-04-08,15:11:13.352000,16929,16930,16930,1
2021-04-08,15:11:14.421000,16929,16930,16930,11
2021-04-08,15:11:15.585000,16930,16931,16931,1
2021-04-08,15:11:16.306000,16930,16931,16931,1
2021-04-08,15:11:17.333000,16930,16931,16931,44
2021-04-08,15:11:17.334000,16930,16931,16931,1
2021-04-08,15:11:17.334000,16930,16931,16931,5
2021-04-08,15:11:17.334000,16930,16931,16931,6
2021-04-08,15:11:17.337000,16930,16931,16932,3
2021-04-08,15:11:17.338000,16930,16931,16932,1
2021-04-08,15:11:17.338000,16930,16931,16932,1
2021-04-08,15:11:17.338000,16930,16931,16933,1
2021-04-08,15:11:17.339000,16930,16931,16933,1
2021-04-08,15:11:17.416000,16931,16933,16933,5
2021-04-08,15:11:17.418000,16931,16933,16934,1
2021-04-08,15:11:17.419000,16931,16933,16934,1
2021-04-08,15:11:17.419000,16931,16933,16934,1
2021-04-08,15:11:17.419000,16931,16933,16934,1
2021-04-08,15:11:17.446000,16931,16933,16934,1
2021-04-08,15:11:17.597000,16932,16934,16934,1
2021-04-08,15:11:17.785000,16933,16934,16933,1
2021-04-08,15:11:17.786000,16933,16934,16932,4
2021-04-08,15:11:17.816000,16933,16934,16932,1
2021-04-08,15:11:17.855000,16933,16934,16932,1
2021-04-08,15:11:17.855000,16933,16934,16931,2
2021-04-08,15:11:17.902000,16931,16933,16931,3
2021-04-08,15:11:17.924000,16931,16933,16931,2
2021-04-08,15:11:18.024000,16931,16933,16933,1
2021-04-08,15:11:18.174000,16931,16932,16931,1
2021-04-08,15:11:18.197000,16931,16932,16931,1
2021-04-08,15:11:18.308000,16931,16932,16931,1
2021-04-08,15:11:18.318000,16931,16932,16930,1
2021-04-08,15:11:18.329000,16931,16932,16930,1
2021-04-08,15:11:18.350000,16931,16932,16930,1
2021-04-08,15:11:18.644000,16930,16931,16930,1
2021-04-08,15:11:18.752000,16930,16931,16930,1
2021-04-08,15:11:19.053000,16929,16931,16929,1
2021-04-08,15:11:19.064000,16929,16931,16929,1
2021-04-08,15:11:19.125000,16929,16931,16929,1
2021-04-08,15:11:19.452000,16929,16930,16929,1
2021-04-08,15:11:20.405000,16929,16930,16929,1
2021-04-08,15:11:20.466000,16929,16930,16929,1
2021-04-08,15:11:21.580000,16929,16931,16929,2
2021-04-08,15:11:23.515000,16929,16930,16929,1
2021-04-08,15:11:24.391000,16928,16930,16930,1
2021-04-08,15:11:30.378000,16928,16930,16930,1
2021-04-08,15:11:34.501000,16929,16930,16930,2
2021-04-08,15:11:40.402000,16929,16930,16930,4
2021-04-08,15:11:41.052000,16930,16931,16931,1
2021-04-08,15:11:41.113000,16930,16931,16931,1
2021-04-08,15:11:45.102000,16930,16931,16931,1
2021-04-08,15:11:47.905000,16930,16931,16930,1
2021-04-08,15:11:53.878000,16930,16931,16930,1
2021-04-08,15:11:53.879000,16930,16931,16930,1
2021-04-08,15:11:53.879000,16930,16931,16930,1
2021-04-08,15:11:53.879000,16930,16931,16930,1
2021-04-08,15:11:53.879000,16930,16931,16930,1
2021-04-08,15:11:53.924000,16929,16930,16930,1
2021-04-08,15:11:56.057000,16929,16930,16930,1
2021-04-08,15:11:56.272000,16929,16930,16930,1
2021-04-08,15:12:12.003000,16929,16930,16929,2
2021-04-08,15:12:12.003000,16929,16930,16929,2
2021-04-08,15:12:12.240000,16928,16929,16929,1
2021-04-08,15:12:19.193000,16928,16929,16928,5
2021-04-08,15:12:20.442000,16928,16929,16928,2
2021-04-08,15:12:20.670000,16927,16928,16928,1
2021-04-08,15:12:20.686000,16927,16928,16928,1
2021-04-08,15:12:21.236000,16927,16928,16928,1
2021-04-08,15:12:26.337000,16927,16929,16927,1
2021-04-08,15:12:27.296000,16927,16929,16929,1
2021-04-08,15:12:32.347000,16927,16929,16929,1
2021-04-08,15:12:32.701000,16928,16929,16928,1
2021-04-08,15:12:44.575000,16928,16929,16928,2
2021-04-08,15:12:47.255000,16927,16929,16929,1
2021-04-08,15:12:50.367000,16927,16929,16929,5
2021-04-08,15:13:02.398000,16928,16929,16928,1
2021-04-08,15:13:03.002000,16927,16929,16929,2
2021-04-08,15:13:11.849000,16928,16929,16929,1
2021-04-08,15:13:11.849000,16928,16929,16929,1
2021-04-08,15:13:11.849000,16928,16929,16929,1
2021-04-08,15:13:13.221000,16929,16930,16930,1
2021-04-08,15:13:15.283000,16929,16930,16930,1
2021-04-08,15:13:15.357000,16929,16930,16930,2
2021-04-08,15:13:18.966000,16930,16931,16930,2
2021-04-08,15:13:19.867000,16930,16931,16930,1
2021-04-08,15:13:26.892000,16929,16931,16931,1
2021-04-08,15:13:26.893000,16929,16931,16931,1
2021-04-08,15:13:26.895000,16929,16931,16931,1
2021-04-08,15:13:26.897000,16929,16931,16931,1
2021-04-08,15:13:30.937000,16930,16931,16931,1
2021-04-08,15:13:31.500000,16930,16931,16931,1
2021-04-08,15:13:50.870000,16930,16931,16930,1
2021-04-08,15:13:56.158000,16930,16931,16930,1
2021-04-08,15:13:59.499000,16929,16931,16931,1
2021-04-08,15:14:02.894000,16930,16931,16930,1
2021-04-08,15:14:03.019000,16929,16930,16930,1
2021-04-08,15:14:03.020000,16929,16930,16931,1
2021-04-08,15:14:09.284000,16929,16931,16931,1
2021-04-08,15:14:10.001000,16930,16931,16931,1
2021-04-08,15:14:10.017000,16930,16931,16931,1
2021-04-08,15:14:10.017000,16930,16931,16931,1
2021-04-08,15:14:10.017000,16930,16931,16931,1
2021-04-08,15:14:10.017000,16930,16931,16931,1
2021-04-08,15:14:10.017000,16930,16931,16931,1
2021-04-08,15:14:10.017000,16930,16931,16931,1
2021-04-08,15:14:10.017000,16930,16931,16931,1
2021-04-08,15:14:10.017000,16930,16931,16931,1
2021-04-08,15:14:10.018000,16930,16931,16931,2
2021-04-08,15:14:10.018000,16930,16931,16931,1
2021-04-08,15:14:10.018000,16930,16931,16932,1
2021-04-08,15:14:10.018000,16930,16931,16932,1
2021-04-08,15:14:10.019000,16930,16931,16932,1
2021-04-08,15:14:10.019000,16930,16931,16932,1
2021-04-08,15:14:10.019000,16930,16931,16932,1
2021-04-08,15:14:15.889000,16930,16932,16932,1
2021-04-08,15:14:16.393000,16930,16932,16932,1
2021-04-08,15:14:38.729000,16930,16931,16931,1
2021-04-08,15:14:38.768000,16931,16932,16932,1
2021-04-08,15:14:38.768000,16931,16932,16933,1
2021-04-08,15:14:44.698000,16931,16932,16932,2
2021-04-08,15:14:44.767000,16931,16932,16932,1
2021-04-08,15:14:44.767000,16931,16932,16932,1
2021-04-08,15:14:45.192000,16931,16933,16933,1
2021-04-08,15:14:47.769000,16932,16933,16932,1
2021-04-08,15:14:47.900000,16932,16933,16932,1
2021-04-08,15:14:54.352000,16931,16932,16931,1
2021-04-08,15:14:54.392000,16931,16932,16932,1
2021-04-08,15:14:54.392000,16931,16932,16933,1
2021-04-08,15:14:54.393000,16931,16932,16933,1
2021-04-08,15:14:54.393000,16931,16932,16933,1
2021-04-08,15:14:57.151000,16931,16933,16933,4
2021-04-08,15:15:00.483000,16932,16933,16932,1
2021-04-08,15:15:01.171000,16931,16932,16932,1
2021-04-08,15:15:01.932000,16931,16932,16931,1
2021-04-08,15:15:02.469000,16931,16932,16932,1
2021-04-08,15:15:02.473000,16931,16932,16933,1
2021-04-08,15:15:02.481000,16931,16932,16933,1
2021-04-08,15:15:02.482000,16931,16932,16933,1
2021-04-08,15:15:02.489000,16931,16932,16934,1
2021-04-08,15:15:02.490000,16931,16932,16934,1
2021-04-08,15:15:02.558000,16932,16934,16934,1
2021-04-08,15:15:02.567000,16932,16934,16933,1
2021-04-08,15:15:02.661000,16932,16933,16933,2
2021-04-08,15:15:02.661000,16932,16933,16934,16
2021-04-08,15:15:02.661000,16932,16933,16935,12
2021-04-08,15:15:02.672000,16932,16933,16935,8
2021-04-08,15:15:02.672000,16932,16933,16936,7
2021-04-08,15:15:02.672000,16932,16933,16936,2
2021-04-08,15:15:02.748000,16932,16933,16936,1
2021-04-08,15:15:02.756000,16932,16933,16936,1
2021-04-08,15:15:03.361000,16934,16936,16936,1
2021-04-08,15:15:03.376000,16934,16936,16936,1
2021-04-08,15:15:03.431000,16934,16936,16934,1
2021-04-08,15:15:03.573000,16934,16936,16934,2
2021-04-08,15:15:03.886000,16934,16935,16934,1
2021-04-08,15:15:06.452000,16934,16936,16936,4
2021-04-08,15:15:06.750000,16934,16936,16936,1
2021-04-08,15:15:08.348000,16934,16936,16934,1
2021-04-08,15:15:08.632000,16934,16936,16936,1
2021-04-08,15:15:08.656000,16934,16936,16936,1
2021-04-08,15:15:08.899000,16934,16936,16936,1
2021-04-08,15:15:10.400000,16934,16936,16936,1
2021-04-08,15:15:10.910000,16934,16936,16936,1
2021-04-08,15:15:17.649000,16934,16936,16936,1
2021-04-08,15:15:18.454000,16934,16936,16936,1
2021-04-08,15:15:21.562000,16934,16936,16936,1
2021-04-08,15:15:22.081000,16934,16936,16936,1
2021-04-08,15:15:24.643000,16935,16936,16936,1
2021-04-08,15:15:27.564000,16935,16936,16935,1
2021-04-08,15:15:28.223000,16935,16936,16936,2
2021-04-08,15:15:28.633000,16935,16936,16936,1
2021-04-08,15:15:32.286000,16935,16936,16936,2
2021-04-08,15:15:32.652000,16935,16937,16935,1
2021-04-08,15:15:33.295000,16936,16937,16936,1
2021-04-08,15:15:39.306000,16936,16937,16936,1
2021-04-08,15:15:43.901000,16936,16937,16937,1
2021-04-08,15:15:43.902000,16936,16937,16937,1
2021-04-08,15:15:43.902000,16936,16937,16937,1
2021-04-08,15:15:43.902000,16936,16937,16937,2
2021-04-08,15:15:43.902000,16936,16937,16937,1
2021-04-08,15:15:43.902000,16936,16937,16937,1
2021-04-08,15:15:43.903000,16936,16937,16937,2
2021-04-08,15:15:46.440000,16937,16938,16937,1
2021-04-08,15:15:46.739000,16936,16937,16936,1
2021-04-08,15:15:47.882000,16936,16937,16936,1
2021-04-08,15:15:47.882000,16936,16937,16936,5
2021-04-08,15:15:47.882000,16936,16937,16936,1
2021-04-08,15:15:47.882000,16936,16937,16936,1
2021-04-08,15:15:47.882000,16936,16937,16936,1
2021-04-08,15:15:48.946000,16936,16937,16937,1
2021-04-08,15:15:50.089000,16936,16937,16937,2
2021-04-08,15:15:50.709000,16936,16937,16937,3
2021-04-08,15:15:51.577000,16936,16937,16937,1
2021-04-08,15:15:51.887000,16936,16937,16937,1
2021-04-08,15:15:56.506000,16936,16937,16937,1
2021-04-08,15:15:57.003000,16936,16937,16937,1
2021-04-08,15:15:57.292000,16936,16937,16937,1
2021-04-08,15:16:00.139000,16936,16937,16937,1
2021-04-08,15:16:00.818000,16936,16937,16937,2
2021-04-08,15:16:02.632000,16936,16937,16937,1
2021-04-08,15:16:02.905000,16936,16937,16936,1
2021-04-08,15:16:03.410000,16936,16937,16937,1
2021-04-08,15:16:05.794000,16936,16937,16937,1
2021-04-08,15:16:05.795000,16936,16937,16937,2
2021-04-08,15:16:11.480000,16937,16938,16938,1
2021-04-08,15:16:11.657000,16937,16938,16938,3
2021-04-08,15:16:12.050000,16937,16938,16938,2
2021-04-08,15:16:12.115000,16937,16938,16937,1
2021-04-08,15:16:12.132000,16937,16938,16937,4
2021-04-08,15:16:15.444000,16937,16938,16938,1
2021-04-08,15:16:15.445000,16937,16938,16937,1
2021-04-08,15:16:15.854000,16937,16938,16938,1
2021-04-08,15:16:15.911000,16937,16938,16938,1
2021-04-08,15:16:18.897000,16937,16938,16937,3
2021-04-08,15:16:18.956000,16937,16938,16938,1
2021-04-08,15:16:18.967000,16937,16938,16938,1
2021-04-08,15:16:19.224000,16937,16938,16937,3
2021-04-08,15:16:19.499000,16937,16938,16938,1
2021-04-08,15:16:20.230000,16937,16938,16938,1
2021-04-08,15:16:20.377000,16937,16938,16937,3
2021-04-08,15:16:21.077000,16937,16938,16937,1
2021-04-08,15:16:21.081000,16937,16938,16937,1
2021-04-08,15:16:21.191000,16936,16937,16937,1
2021-04-08,15:16:21.191000,16936,16937,16938,1
2021-04-08,15:16:23.574000,16936,16937,16936,5
2021-04-08,15:16:23.657000,16935,16936,16935,3
2021-04-08,15:16:23.668000,16935,16936,16935,1
2021-04-08,15:16:23.668000,16935,16936,16935,12
2021-04-08,15:16:23.680000,16935,16936,16935,1
2021-04-08,15:16:24.099000,16934,16935,16934,1
2021-04-08,15:16:24.329000,16933,16935,16935,1
2021-04-08,15:16:24.492000,16933,16935,16933,1
2021-04-08,15:16:25.114000,16933,16935,16935,1
2021-04-08,15:16:26.038000,16933,16935,16935,1
2021-04-08,15:16:26.452000,16934,16935,16934,1
2021-04-08,15:16:26.716000,16933,16934,16933,2
2021-04-08,15:16:26.778000,16933,16934,16934,1
2021-04-08,15:16:26.778000,16933,16934,16935,2
2021-04-08,15:16:27.449000,16934,16936,16934,1
2021-04-08,15:16:27.505000,16934,16936,16934,2
2021-04-08,15:16:28.436000,16933,16935,16935,1
2021-04-08,15:16:28.436000,16933,16935,16936,6
2021-04-08,15:16:34.752000,16934,16935,16934,2
2021-04-08,15:16:35.495000,16933,16934,16934,2
2021-04-08,15:16:37.608000,16933,16934,16933,3
2021-04-08,15:16:38.847000,16933,16934,16933,3
2021-04-08,15:16:39.686000,16933,16934,16934,1
2021-04-08,15:16:40.170000,16933,16934,16933,1
2021-04-08,15:16:40.889000,16933,16934,16933,7
2021-04-08,15:16:42.054000,16933,16934,16933,3
2021-04-08,15:16:42.155000,16933,16934,16933,1
2021-04-08,15:16:42.276000,16933,16934,16933,1
2021-04-08,15:16:43.231000,16932,16934,16933,1
2021-04-08,15:16:43.231000,16932,16934,16932,6
2021-04-08,15:16:43.275000,16932,16933,16933,1
2021-04-08,15:16:44.150000,16933,16934,16933,1
2021-04-08,15:16:46.228000,16932,16933,16933,1
2021-04-08,15:16:55.408000,16932,16933,16933,1
2021-04-08,15:16:55.656000,16932,16933,16932,3
2021-04-08,15:16:57.160000,16932,16933,16932,1
2021-04-08,15:16:57.160000,16932,16933,16932,2
2021-04-08,15:16:58.474000,16932,16933,16932,2
2021-04-08,15:16:58.475000,16932,16933,16932,1
2021-04-08,15:17:00.449000,16932,16933,16932,1
2021-04-08,15:17:00.784000,16932,16933,16932,2
2021-04-08,15:17:03.465000,16932,16933,16933,1
2021-04-08,15:17:03.465000,16932,16933,16933,1
2021-04-08,15:17:03.465000,16932,16933,16933,2
2021-04-08,15:17:04.121000,16933,16934,16933,1
2021-04-08,15:17:04.551000,16933,16934,16933,1
2021-04-08,15:17:05.125000,16933,16934,16934,2
2021-04-08,15:17:09.354000,16934,16935,16934,3
2021-04-08,15:17:10.884000,16934,16935,16934,1
2021-04-08,15:17:10.885000,16934,16935,16934,2
2021-04-08,15:17:12.793000,16934,16935,16934,2
2021-04-08,15:17:12.793000,16934,16935,16934,1
2021-04-08,15:17:13.130000,16934,16935,16934,1
2021-04-08,15:17:14.213000,16934,16935,16934,1
2021-04-08,15:17:18.494000,16933,16934,16934,2
2021-04-08,15:17:18.494000,16933,16934,16934,1
2021-04-08,15:17:22.498000,16933,16934,16934,2
2021-04-08,15:17:24.232000,16933,16934,16934,1
2021-04-08,15:17:26.173000,16934,16935,16934,3
2021-04-08,15:17:27.156000,16934,16935,16934,3
2021-04-08,15:17:29.008000,16934,16935,16934,3
2021-04-08,15:17:30.018000,16934,16935,16934,3
2021-04-08,15:17:30.178000,16934,16935,16935,1
2021-04-08,15:17:31.141000,16934,16935,16934,3
2021-04-08,15:17:31.659000,16934,16935,16935,3
2021-04-08,15:17:32.510000,16934,16935,16934,3
2021-04-08,15:17:33.956000,16934,16935,16934,3
2021-04-08,15:17:35.833000,16933,16934,16934,3
2021-04-08,15:17:35.833000,16933,16934,16935,3
2021-04-08,15:17:39.173000,16933,16934,16934,2
2021-04-08,15:17:39.502000,16933,16934,16934,1
2021-04-08,15:17:41.060000,16934,16935,16934,3
2021-04-08,15:17:42.155000,16934,16935,16934,3
2021-04-08,15:17:43.328000,16934,16935,16934,2
2021-04-08,15:17:43.329000,16934,16935,16934,1
2021-04-08,15:17:46.586000,16933,16934,16934,3
2021-04-08,15:17:47.546000,16934,16935,16934,3
2021-04-08,15:17:48.925000,16934,16935,16935,2
2021-04-08,15:17:48.960000,16934,16935,16934,2
2021-04-08,15:17:57.329000,16933,16934,16934,1
2021-04-08,15:17:57.772000,16933,16934,16934,1
2021-04-08,15:17:59.776000,16933,16934,16934,1
2021-04-08,15:18:00.467000,16933,16934,16933,3
2021-04-08,15:18:03.023000,16933,16934,16933,1
2021-04-08,15:18:03.626000,16933,16934,16934,1
2021-04-08,15:18:04.376000,16933,16934,16934,2
2021-04-08,15:18:05.800000,16933,16934,16933,3
2021-04-08,15:18:07.005000,16933,16934,16933,3
2021-04-08,15:18:08.552000,16933,16934,16933,2
2021-04-08,15:18:09.828000,16932,16933,16932,3
2021-04-08,15:18:10.634000,16931,16933,16932,1
2021-04-08,15:18:13.455000,16931,16932,16932,1
2021-04-08,15:18:14.735000,16931,16932,16932,2
2021-04-08,15:18:22.901000,16932,16933,16932,3
2021-04-08,15:18:24.379000,16932,16933,16932,3
2021-04-08,15:18:25.346000,16932,16933,16932,3
2021-04-08,15:18:26.440000,16932,16933,16932,1
2021-04-08,15:18:26.708000,16931,16932,16931,2
2021-04-08,15:18:30.395000,16931,16932,16932,1
2021-04-08,15:18:31.121000,16931,16932,16931,1
2021-04-08,15:18:36.307000,16931,16932,16932,1
2021-04-08,15:18:37.555000,16931,16933,16933,1
2021-04-08,15:18:42.687000,16931,16932,16932,1
2021-04-08,15:18:46.404000,16931,16932,16931,1
2021-04-08,15:18:49.255000,16931,16932,16932,1
2021-04-08,15:18:49.256000,16931,16932,16932,1
2021-04-08,15:18:51.375000,16932,16933,16932,2
2021-04-08,15:18:51.388000,16932,16933,16932,1
2021-04-08,15:18:54.118000,16931,16932,16932,1
2021-04-08,15:18:55.804000,16931,16932,16931,1
2021-04-08,15:18:58.790000,16931,16932,16931,1
2021-04-08,15:19:00.490000,16931,16932,16931,2
2021-04-08,15:19:06.361000,16931,16932,16932,1
2021-04-08,15:19:06.361000,16931,16932,16932,1
2021-04-08,15:19:10.157000,16931,16932,16932,1
2021-04-08,15:19:10.332000,16931,16932,16932,1
2021-04-08,15:19:10.814000,16931,16932,16932,1
2021-04-08,15:19:11.704000,16932,16933,16932,3
2021-04-08,15:19:11.879000,16931,16933,16931,1
2021-04-08,15:19:15.551000,16931,16932,16932,1
2021-04-08,15:19:16.683000,16931,16932,16932,1
2021-04-08,15:19:16.787000,16931,16932,16931,3
2021-04-08,15:19:16.849000,16931,16932,16932,2
2021-04-08,15:19:17.789000,16932,16933,16932,3
2021-04-08,15:19:22.293000,16931,16932,16931,3
2021-04-08,15:19:22.368000,16931,16932,16932,1
2021-04-08,15:19:26.668000,16931,16932,16931,3
2021-04-08,15:19:39.671000,16931,16932,16931,1
2021-04-08,15:19:39.728000,16931,16932,16931,3
2021-04-08,15:19:39.792000,16930,16931,16930,1
2021-04-08,15:19:40.339000,16930,16931,16930,1
2021-04-08,15:19:46.979000,16930,16931,16930,3
2021-04-08,15:19:47.893000,16930,16931,16930,1
2021-04-08,15:19:47.899000,16930,16931,16930,5
2021-04-08,15:19:49.005000,16929,16931,16929,1
2021-04-08,15:19:52.738000,16929,16930,16929,2
2021-04-08,15:19:53.992000,16929,16930,16929,4
2021-04-08,15:19:53.992000,16929,16930,16928,1
2021-04-08,15:19:54.082000,16928,16930,16928,1
2021-04-08,15:19:54.953000,16928,16930,16928,1
2021-04-08,15:19:58.189000,16928,16929,16928,1
2021-04-08,15:19:58.240000,16928,16929,16928,2
2021-04-08,15:19:58.348000,16928,16929,16929,1
2021-04-08,15:19:59.538000,16928,16929,16929,1
2021-04-08,15:19:59.567000,16928,16929,16928,1
2021-04-08,15:20:05.319000,16929,16930,16929,3
2021-04-08,15:20:05.920000,16928,16930,16930,1
2021-04-08,15:20:06.058000,16928,16930,16930,1
2021-04-08,15:20:06.123000,16928,16930,16928,1
2021-04-08,15:20:06.252000,16928,16930,16930,1
2021-04-08,15:20:07.304000,16929,16930,16929,1
2021-04-08,15:20:09.288000,16929,16930,16929,2
2021-04-08,15:20:10.553000,16929,16930,16929,1
2021-04-08,15:20:11.251000,16929,16930,16930,1
2021-04-08,15:20:15.550000,16929,16930,16929,3
2021-04-08,15:20:16.872000,16929,16930,16929,2
2021-04-08,15:20:17.079000,16928,16929,16929,1
2021-04-08,15:20:17.079000,16928,16929,16930,9
2021-04-08,15:20:17.080000,16928,16929,16930,2
2021-04-08,15:20:31.074000,16929,16930,16930,1
2021-04-08,15:20:36.893000,16929,16930,16929,3
2021-04-08,15:20:37.017000,16929,16930,16930,1
2021-04-08,15:20:37.018000,16929,16930,16930,1
2021-04-08,15:20:38.441000,16929,16930,16929,2
2021-04-08,15:20:38.442000,16929,16930,16929,1
2021-04-08,15:20:57.739000,16929,16930,16929,1
2021-04-08,15:21:00.474000,16928,16929,16928,1
2021-04-08,15:21:02.228000,16928,16929,16928,3
2021-04-08,15:21:04.289000,16928,16929,16928,3
2021-04-08,15:21:07.195000,16928,16929,16929,1
2021-04-08,15:21:08.195000,16928,16929,16928,1
2021-04-08,15:21:09.541000,16928,16929,16928,2
2021-04-08,15:21:14.591000,16928,16929,16928,1
2021-04-08,15:21:16.644000,16928,16929,16928,1
2021-04-08,15:21:21.828000,16928,16929,16928,1
2021-04-08,15:21:26.705000,16928,16929,16929,3
2021-04-08,15:21:30.543000,16928,16930,16928,3
2021-04-08,15:21:32.169000,16928,16930,16928,3
2021-04-08,15:21:33.479000,16928,16930,16928,1
2021-04-08,15:21:34.174000,16928,16930,16930,1
2021-04-08,15:21:34.954000,16928,16930,16928,3
2021-04-08,15:21:39.871000,16927,16928,16928,1
2021-04-08,15:21:42.157000,16927,16928,16928,1
2021-04-08,15:21:43.940000,16928,16929,16928,1
2021-04-08,15:21:47.685000,16927,16929,16927,1
2021-04-08,15:21:48.148000,16927,16929,16927,4
2021-04-08,15:21:53.574000,16927,16928,16927,4
2021-04-08,15:21:53.574000,16927,16928,16927,4
2021-04-08,15:21:57.636000,16927,16928,16927,1
2021-04-08,15:22:00.520000,16927,16928,16927,2
2021-04-08,15:22:02.529000,16927,16929,16927,1
2021-04-08,15:22:03.562000,16927,16929,16927,3
2021-04-08,15:22:13.023000,16927,16929,16927,1
2021-04-08,15:22:21.865000,16928,16929,16928,5
2021-04-08,15:22:22.963000,16928,16929,16928,1
2021-04-08,15:22:25.453000,16928,16929,16928,1
2021-04-08,15:22:28.096000,16927,16928,16928,1
2021-04-08,15:22:34.591000,16927,16928,16928,1
2021-04-08,15:22:34.592000,16927,16928,16928,4
2021-04-08,15:22:39.410000,16928,16929,16928,1
2021-04-08,15:22:42.969000,16928,16929,16929,1
2021-04-08,15:22:50.656000,16929,16930,16929,1
2021-04-08,15:23:01.213000,16929,16930,16929,1
2021-04-08,15:23:01.268000,16928,16930,16930,1
2021-04-08,15:23:01.268000,16928,16930,16930,2
2021-04-08,15:23:01.269000,16928,16930,16930,1
2021-04-08,15:23:01.271000,16928,16930,16930,1
2021-04-08,15:23:05.581000,16929,16930,16929,1
2021-04-08,15:23:05.641000,16928,16930,16930,1
2021-04-08,15:23:05.642000,16928,16930,16930,1
2021-04-08,15:23:05.643000,16928,16930,16930,1
2021-04-08,15:23:05.693000,16928,16930,16929,2
2021-04-08,15:23:13.397000,16928,16930,16930,3
2021-04-08,15:23:19.887000,16928,16929,16928,1
2021-04-08,15:23:19.888000,16928,16929,16928,1
2021-04-08,15:23:19.889000,16928,16929,16928,5
2021-04-08,15:23:19.891000,16927,16929,16928,1
2021-04-08,15:23:19.892000,16927,16929,16928,1
2021-04-08,15:23:19.892000,16927,16929,16928,1
2021-04-08,15:23:19.892000,16927,16929,16929,1
2021-04-08,15:23:19.895000,16927,16929,16928,1
2021-04-08,15:23:19.895000,16927,16929,16928,1
2021-04-08,15:23:21.308000,16927,16928,16928,1
2021-04-08,15:23:21.392000,16927,16928,16928,1
2021-04-08,15:23:21.392000,16927,16928,16928,1
2021-04-08,15:23:21.392000,16927,16928,16928,1
2021-04-08,15:23:21.392000,16927,16928,16929,1
2021-04-08,15:23:22.611000,16927,16928,16927,6
2021-04-08,15:23:22.718000,16926,16927,16926,1
2021-04-08,15:23:22.720000,16926,16927,16926,8
2021-04-08,15:23:23.080000,16925,16926,16925,2
2021-04-08,15:23:23.256000,16925,16926,16925,1
2021-04-08,15:23:23.261000,16925,16926,16926,2
2021-04-08,15:23:28.176000,16925,16926,16926,1
2021-04-08,15:23:37.630000,16925,16927,16925,3
2021-04-08,15:23:37.642000,16925,16927,16927,1
2021-04-08,15:23:38.075000,16926,16928,16926,4
2021-04-08,15:23:38.142000,16926,16927,16927,1
2021-04-08,15:23:38.142000,16926,16927,16927,1
2021-04-08,15:23:43.315000,16926,16928,16926,1
2021-04-08,15:23:47.140000,16926,16927,16926,1
2021-04-08,15:23:53.349000,16926,16927,16926,1
2021-04-08,15:23:53.392000,16925,16927,16927,1
2021-04-08,15:23:58.564000,16926,16928,16926,1
2021-04-08,15:24:08.434000,16927,16928,16927,1
2021-04-08,15:24:24.163000,16926,16927,16926,8
2021-04-08,15:24:29.628000,16925,16927,16926,1
2021-04-08,15:24:30.678000,16925,16927,16927,1
2021-04-08,15:24:35.349000,16925,16927,16925,2
2021-04-08,15:24:39.429000,16925,16926,16925,1
2021-04-08,15:24:41.271000,16925,16926,16925,1
2021-04-08,15:24:42.225000,16925,16926,16925,1
2021-04-08,15:24:45.735000,16925,16926,16925,1
2021-04-08,15:24:46.301000,16925,16926,16925,3
2021-04-08,15:24:46.679000,16925,16926,16925,1
2021-04-08,15:24:52.698000,16925,16926,16926,1
2021-04-08,15:24:53.952000,16925,16926,16926,1
2021-04-08,15:24:53.953000,16925,16926,16926,1
2021-04-08,15:25:00.195000,16925,16926,16926,1
2021-04-08,15:25:00.521000,16925,16926,16925,1
2021-04-08,15:25:00.726000,16925,16926,16925,1
2021-04-08,15:25:01.947000,16925,16926,16925,1
2021-04-08,15:25:06.378000,16925,16926,16925,1
2021-04-08,15:25:06.660000,16925,16926,16925,9
2021-04-08,15:25:08.889000,16924,16925,16925,1
2021-04-08,15:25:09.854000,16924,16925,16925,2
2021-04-08,15:25:14.856000,16924,16925,16925,1
2021-04-08,15:25:18.799000,16925,16927,16925,1
2021-04-08,15:25:19.561000,16925,16927,16925,1
2021-04-08,15:25:39.141000,16926,16927,16926,3
2021-04-08,15:25:39.141000,16926,16927,16925,3
2021-04-08,15:25:46.320000,16926,16927,16927,1
2021-04-08,15:25:53.572000,16926,16927,16926,1
2021-04-08,15:26:00.519000,16926,16927,16926,1
2021-04-08,15:26:02.755000,16926,16927,16926,1
2021-04-08,15:26:08.991000,16926,16927,16926,1
2021-04-08,15:26:27.746000,16926,16927,16927,1
2021-04-08,15:26:27.746000,16926,16927,16927,2
2021-04-08,15:26:27.746000,16926,16927,16927,2
2021-04-08,15:26:27.747000,16926,16927,16927,1
2021-04-08,15:26:28.250000,16926,16928,16926,1
2021-04-08,15:26:49.434000,16927,16928,16927,1
2021-04-08,15:26:52.509000,16927,16928,16927,2
2021-04-08,15:27:02.967000,16926,16927,16926,1
2021-04-08,15:27:39.197000,16926,16928,16928,1
2021-04-08,15:27:57.954000,16926,16928,16928,1
2021-04-08,15:28:01.893000,16927,16928,16927,1
2021-04-08,15:28:01.894000,16927,16928,16927,4
2021-04-08,15:28:01.894000,16927,16928,16927,1
2021-04-08,15:28:01.894000,16927,16928,16927,4
2021-04-08,15:28:01.894000,16927,16928,16927,4
2021-04-08,15:28:01.894000,16927,16928,16927,4
2021-04-08,15:28:01.894000,16927,16928,16927,1
2021-04-08,15:28:01.894000,16927,16928,16927,1
2021-04-08,15:28:01.894000,16927,16928,16927,1
2021-04-08,15:28:02.411000,16926,16927,16927,1
2021-04-08,15:28:20.501000,16927,16928,16928,1
2021-04-08,15:28:32.056000,16927,16928,16928,5
2021-04-08,15:28:32.056000,16927,16928,16928,1
2021-04-08,15:28:39.760000,16928,16929,16929,3
2021-04-08,15:28:39.760000,16928,16929,16930,2
2021-04-08,15:28:42.966000,16928,16930,16929,1
2021-04-08,15:28:46.430000,16928,16930,16928,1
2021-04-08,15:29:00.458000,16929,16930,16929,1
2021-04-08,15:29:06.424000,16929,16930,16930,1
2021-04-08,15:29:11.641000,16929,16930,16930,1
2021-04-08,15:29:13.410000,16929,16930,16930,1
2021-04-08,15:29:15.208000,16929,16930,16929,1
2021-04-08,15:29:19.807000,16929,16930,16930,5
2021-04-08,15:29:20.867000,16929,16931,16930,1
2021-04-08,15:29:25.727000,16929,16931,16929,2
2021-04-08,15:29:33.148000,16929,16930,16930,1
2021-04-08,15:29:38.498000,16929,16930,16930,1
2021-04-08,15:29:41.987000,16929,16930,16929,2
2021-04-08,15:29:41.987000,16929,16930,16929,1
2021-04-08,15:29:41.988000,16929,16930,16929,1
2021-04-08,15:29:42.699000,16928,16929,16928,1
2021-04-08,15:29:53.138000,16928,16929,16929,1
2021-04-08,15:30:00.542000,16929,16930,16929,1
2021-04-08,15:30:00.544000,16929,16930,16929,2
2021-04-08,15:30:00.995000,16928,16929,16928,2
2021-04-08,15:30:01.029000,16928,16929,16928,1
2021-04-08,15:30:01.029000,16928,16929,16927,1
2021-04-08,15:30:01.054000,16928,16929,16927,1
2021-04-08,15:30:01.320000,16927,16928,16927,1
2021-04-08,15:30:01.321000,16927,16928,16927,1
2021-04-08,15:30:01.327000,16927,16928,16927,1
2021-04-08,15:30:01.328000,16927,16928,16927,1
2021-04-08,15:30:01.329000,16927,16928,16927,1
2021-04-08,15:30:01.330000,16927,16928,16928,2
2021-04-08,15:30:01.352000,16927,16928,16928,2
2021-04-08,15:30:01.381000,16927,16928,16927,1
2021-04-08,15:30:01.401000,16926,16928,16927,1
2021-04-08,15:30:01.402000,16926,16928,16926,1
2021-04-08,15:30:01.403000,16926,16928,16926,1
2021-04-08,15:30:01.420000,16926,16928,16926,1
2021-04-08,15:30:02.362000,16926,16928,16926,1
2021-04-08,15:30:05.210000,16926,16928,16926,1
2021-04-08,15:30:10.699000,16927,16928,16927,1
2021-04-08,15:30:17.805000,16927,16928,16927,1
2021-04-08,15:30:19.735000,16926,16927,16926,9
2021-04-08,15:30:19.735000,16926,16927,16926,4
2021-04-08,15:30:19.735000,16926,16927,16926,2
2021-04-08,15:30:19.821000,16925,16926,16925,1
2021-04-08,15:30:19.822000,16925,16926,16925,1
2021-04-08,15:30:19.822000,16925,16926,16925,1
2021-04-08,15:30:19.822000,16925,16926,16925,10
2021-04-08,15:30:20.022000,16924,16925,16925,1
2021-04-08,15:30:20.468000,16924,16925,16925,1
2021-04-08,15:30:21.692000,16924,16925,16925,1
2021-04-08,15:30:25.280000,16924,16926,16924,1
2021-04-08,15:30:25.559000,16924,16926,16924,1
2021-04-08,15:30:27.911000,16924,16925,16925,1
2021-04-08,15:30:27.912000,16924,16925,16925,1
2021-04-08,15:30:29.815000,16924,16925,16925,1
2021-04-08,15:30:32.002000,16924,16925,16924,4
2021-04-08,15:30:32.006000,16924,16925,16924,1
2021-04-08,15:30:32.006000,16924,16925,16924,11
2021-04-08,15:30:32.007000,16924,16925,16924,1
2021-04-08,15:30:32.007000,16924,16925,16924,1
2021-04-08,15:30:32.176000,16923,16924,16924,2
2021-04-08,15:30:38.572000,16924,16925,16924,1
2021-04-08,15:30:39.230000,16924,16925,16924,1
2021-04-08,15:30:39.927000,16923,16925,16923,4
2021-04-08,15:30:40.328000,16923,16924,16923,3
2021-04-08,15:30:40.462000,16923,16924,16923,1
2021-04-08,15:30:42.324000,16923,16924,16924,1
2021-04-08,15:30:42.520000,16923,16925,16925,1
2021-04-08,15:30:44.554000,16923,16925,16923,1
2021-04-08,15:30:46.354000,16923,16925,16924,3
2021-04-08,15:30:50.548000,16923,16925,16923,2
2021-04-08,15:30:59.419000,16923,16925,16923,3
2021-04-08,15:31:02.315000,16924,16925,16924,2
2021-04-08,15:31:03.329000,16924,16925,16924,1
2021-04-08,15:31:04.436000,16923,16924,16924,1
2021-04-08,15:31:04.436000,16923,16924,16925,1
2021-04-08,15:31:07.837000,16924,16925,16924,1
2021-04-08,15:31:21.071000,16924,16925,16924,1
2021-04-08,15:31:27.211000,16924,16925,16925,2
2021-04-08,15:31:29.571000,16924,16925,16925,1
2021-04-08,15:31:29.846000,16925,16927,16925,1
2021-04-08,15:32:56.769000,16925,16926,16926,1
2021-04-08,15:32:56.769000,16925,16926,16926,1
2021-04-08,15:32:56.769000,16925,16926,16926,1
2021-04-08,15:33:05.290000,16925,16926,16925,1
2021-04-08,15:33:05.290000,16925,16926,16925,1
2021-04-08,15:33:05.290000,16925,16926,16925,3
2021-04-08,15:33:05.291000,16925,16926,16925,1
2021-04-08,15:33:35.645000,16925,16926,16926,1
2021-04-08,15:33:36.078000,16926,16927,16926,1
2021-04-08,15:33:42.822000,16926,16927,16926,1
2021-04-08,15:34:07.426000,16926,16927,16927,1
2021-04-08,15:34:15.524000,16926,16927,16927,1
2021-04-08,15:34:38.901000,16926,16927,16927,2
2021-04-08,15:34:54.618000,16926,16927,16927,1
2021-04-08,15:34:57.651000,16926,16927,16926,1
2021-04-08,15:35:00.354000,16926,16927,16927,2
2021-04-08,15:35:00.355000,16926,16927,16927,1
2021-04-08,15:35:00.705000,16927,16928,16927,1
2021-04-08,15:35:19.177000,16926,16927,16926,1
2021-04-08,15:35:20.292000,16926,16927,16926,1
2021-04-08,15:35:22.786000,16926,16927,16926,4
2021-04-08,15:35:30.028000,16926,16927,16927,1
2021-04-08,15:35:49.605000,16926,16927,16926,1
2021-04-08,15:36:01.869000,16926,16927,16926,1
2021-04-08,15:36:01.928000,16926,16927,16926,2
2021-04-08,15:36:37.427000,16926,16927,16926,1
2021-04-08,15:36:37.712000,16926,16927,16927,2
2021-04-08,15:36:37.714000,16926,16927,16926,1
2021-04-08,15:36:37.736000,16926,16927,16927,1
2021-04-08,15:36:37.736000,16926,16927,16928,1
2021-04-08,15:36:48.654000,16926,16928,16928,1
2021-04-08,15:37:32.093000,16928,16929,16929,2
2021-04-08,15:37:38.508000,16928,16929,16929,2
2021-04-08,15:37:39.335000,16928,16929,16929,1
2021-04-08,15:37:39.784000,16929,16930,16929,2
2021-04-08,15:37:46.364000,16928,16930,16930,4
2021-04-08,15:37:46.522000,16928,16930,16928,1
2021-04-08,15:37:53.341000,16928,16929,16929,1
2021-04-08,15:38:01.894000,16929,16930,16929,4
2021-04-08,15:38:15.607000,16928,16929,16929,1
2021-04-08,15:38:20.744000,16928,16929,16928,1
2021-04-08,15:38:20.744000,16928,16929,16928,2
2021-04-08,15:38:43.003000,16927,16928,16927,1
2021-04-08,15:38:49.567000,16927,16928,16928,4
2021-04-08,15:38:50.718000,16927,16928,16927,1
2021-04-08,15:38:59.649000,16927,16928,16928,1
2021-04-08,15:39:19.408000,16928,16929,16928,1
2021-04-08,15:39:41.195000,16927,16928,16928,1
2021-04-08,15:39:55.455000,16927,16928,16928,5
2021-04-08,15:39:55.456000,16927,16928,16928,1
2021-04-08,15:39:55.456000,16927,16928,16928,1
2021-04-08,15:39:55.456000,16927,16928,16928,2
2021-04-08,15:40:00.351000,16927,16928,16927,1
2021-04-08,15:40:01.944000,16927,16928,16927,8
2021-04-08,15:40:07.246000,16926,16927,16926,1
2021-04-08,15:40:14.257000,16926,16927,16926,1
2021-04-08,15:40:23.485000,16926,16927,16926,1
2021-04-08,15:40:29.321000,16926,16927,16927,1
2021-04-08,15:40:34.897000,16926,16927,16927,1
2021-04-08,15:41:10.714000,16927,16928,16927,1
2021-04-08,15:41:18.852000,16927,16928,16927,2
2021-04-08,15:41:21.407000,16927,16928,16927,1
2021-04-08,15:42:05.747000,16927,16928,16927,1
2021-04-08,15:42:42.362000,16927,16928,16927,1
2021-04-08,15:42:58.756000,16927,16928,16927,1
2021-04-08,15:43:00.810000,16927,16928,16927,1
2021-04-08,15:43:07.388000,16927,16928,16927,4
2021-04-08,15:43:30.999000,16926,16927,16927,2
2021-04-08,15:43:33.488000,16926,16927,16926,1
2021-04-08,15:43:54.982000,16926,16927,16926,2
2021-04-08,15:44:07.356000,16926,16927,16926,1
2021-04-08,15:44:13.393000,16926,16927,16926,1
2021-04-08,15:44:22.779000,16926,16927,16926,1
2021-04-08,15:44:23.810000,16926,16927,16926,1
2021-04-08,15:44:35.885000,16926,16927,16927,1
2021-04-08,15:44:44.718000,16926,16927,16927,2
2021-04-08,15:44:55.219000,16926,16928,16926,4
2021-04-08,15:45:04.720000,16927,16928,16927,1
2021-04-08,15:45:46.030000,16927,16928,16928,1
2021-04-08,15:45:46.030000,16927,16928,16928,1
2021-04-08,15:45:46.030000,16927,16928,16928,1
2021-04-08,15:45:46.031000,16927,16928,16928,3
2021-04-08,15:45:53.666000,16927,16929,16929,1
2021-04-08,15:46:02.086000,16928,16929,16928,1
2021-04-08,15:46:03.583000,16928,16929,16929,1
2021-04-08,15:46:06.036000,16928,16929,16929,1
2021-04-08,15:46:06.718000,16928,16930,16930,1
2021-04-08,15:46:13.297000,16928,16930,16930,1
2021-04-08,15:46:35.328000,16928,16929,16928,1
2021-04-08,15:46:37.179000,16928,16929,16928,2
2021-04-08,15:46:37.179000,16928,16929,16928,1
2021-04-08,15:46:37.621000,16927,16928,16928,1
2021-04-08,15:46:42.982000,16927,16928,16928,1
2021-04-08,15:46:59.813000,16927,16928,16928,1
2021-04-08,15:47:20.693000,16927,16928,16928,1
2021-04-08,15:47:49.423000,16927,16928,16928,3
2021-04-08,15:47:54.618000,16927,16928,16928,1
2021-04-08,15:48:01.945000,16927,16928,16928,1
2021-04-08,15:48:05.392000,16927,16928,16927,1
2021-04-08,15:48:11.570000,16927,16928,16927,1
2021-04-08,15:48:11.994000,16927,16928,16928,2
2021-04-08,15:48:23.029000,16927,16928,16928,1
2021-04-08,15:49:37.586000,16927,16928,16928,2
2021-04-08,15:49:37.861000,16927,16928,16927,3
2021-04-08,15:50:02.204000,16927,16928,16927,2
2021-04-08,15:50:02.204000,16927,16928,16927,4
2021-04-08,15:50:21.813000,16926,16927,16927,1
2021-04-08,15:50:40.183000,16927,16928,16927,2
2021-04-08,15:50:57.250000,16927,16928,16927,1
2021-04-08,15:51:02.104000,16927,16928,16927,1
2021-04-08,15:51:02.104000,16927,16928,16927,2
2021-04-08,15:51:02.104000,16927,16928,16927,1
2021-04-08,15:51:02.104000,16927,16928,16927,1
2021-04-08,15:51:02.425000,16926,16927,16927,1
2021-04-08,15:51:02.425000,16926,16927,16927,1
2021-04-08,15:51:02.459000,16926,16927,16927,1
2021-04-08,15:51:24.785000,16926,16927,16927,1
2021-04-08,15:51:41.660000,16926,16927,16927,1
2021-04-08,15:51:41.750000,16926,16927,16926,1
2021-04-08,15:51:41.750000,16926,16927,16926,3
2021-04-08,15:51:41.751000,16926,16927,16926,1
2021-04-08,15:51:41.751000,16926,16927,16926,2
2021-04-08,15:51:41.751000,16926,16927,16926,1
2021-04-08,15:51:41.856000,16926,16927,16926,1
2021-04-08,15:51:41.856000,16926,16927,16926,1
2021-04-08,15:51:41.919000,16926,16927,16926,2
2021-04-08,15:51:41.919000,16926,16927,16926,1
2021-04-08,15:51:41.959000,16926,16927,16925,3
2021-04-08,15:51:54.602000,16925,16927,16925,1
2021-04-08,15:51:55.315000,16925,16927,16925,1
2021-04-08,15:52:20.365000,16925,16927,16925,1
2021-04-08,15:52:27.599000,16925,16927,16925,1
2021-04-08,15:52:27.640000,16925,16927,16925,2
2021-04-08,15:52:46.456000,16925,16927,16925,1
2021-04-08,15:52:46.456000,16925,16927,16925,1
2021-04-08,15:52:50.633000,16925,16926,16925,1
2021-04-08,15:53:00.338000,16925,16926,16926,1
2021-04-08,15:53:07.164000,16925,16927,16926,1
2021-04-08,15:53:30.547000,16925,16926,16925,3
2021-04-08,15:53:30.938000,16925,16926,16925,1
2021-04-08,15:53:33.062000,16925,16926,16925,1
2021-04-08,15:53:38.401000,16924,16925,16925,1
2021-04-08,15:53:58.582000,16925,16926,16925,3
2021-04-08,15:54:00.156000,16925,16926,16926,3
2021-04-08,15:54:09.616000,16925,16926,16926,1
2021-04-08,15:54:12.250000,16925,16926,16926,1
2021-04-08,15:54:13.662000,16925,16927,16927,1
2021-04-08,15:55:01.976000,16926,16927,16926,1
2021-04-08,15:55:17.977000,16926,16927,16927,4
2021-04-08,15:55:18.454000,16927,16928,16928,1
2021-04-08,15:55:18.467000,16927,16928,16928,2
2021-04-08,15:55:18.468000,16927,16928,16928,1
2021-04-08,15:55:18.468000,16927,16928,16928,4
2021-04-08,15:55:18.468000,16927,16928,16928,1
2021-04-08,15:55:20.624000,16928,16929,16929,2
2021-04-08,15:55:56.257000,16927,16929,16927,1
2021-04-08,15:55:56.432000,16927,16929,16927,1
2021-04-08,15:56:02.268000,16926,16927,16926,1
2021-04-08,15:56:21.415000,16926,16927,16926,1
2021-04-08,15:56:23.272000,16926,16927,16927,2
2021-04-08,15:56:32.292000,16927,16928,16927,1
2021-04-08,15:56:38.062000,16927,16928,16927,1
2021-04-08,15:56:40.607000,16927,16928,16928,1
2021-04-08,15:56:58.108000,16927,16928,16927,1
2021-04-08,15:57:14.810000,16926,16927,16927,1
2021-04-08,15:57:18.436000,16926,16927,16927,1
2021-04-08,15:57:23.236000,16927,16928,16927,1
2021-04-08,15:58:03.570000,16927,16928,16927,1
2021-04-08,15:58:05.274000,16926,16927,16927,1
2021-04-08,15:58:07.990000,16926,16928,16926,1
2021-04-08,15:58:19.362000,16926,16927,16927,1
2021-04-08,15:58:20.119000,16926,16928,16926,13
2021-04-08,15:58:20.119000,16926,16928,16925,27
2021-04-08,15:58:25.947000,16925,16927,16925,3
2021-04-08,15:58:27.929000,16926,16927,16926,1
2021-04-08,15:58:32.759000,16926,16927,16926,1
2021-04-08,15:58:55.893000,16925,16927,16925,1
2021-04-08,15:59:16.988000,16925,16927,16925,1
2021-04-08,16:01:02.878000,16926,16927,16926,3
2021-04-08,16:01:02.878000,16926,16927,16925,1
2021-04-08,16:01:03.263000,16926,16927,16927,1
2021-04-08,16:01:03.438000,16926,16927,16926,1
2021-04-08,16:01:04.626000,16926,16927,16927,1
2021-04-08,16:01:09.162000,16926,16928,16926,1
2021-04-08,16:01:28.136000,16927,16928,16928,1
2021-04-08,16:01:37.658000,16927,16928,16928,11
2021-04-08,16:02:02.084000,16928,16929,16928,5
2021-04-08,16:02:02.332000,16927,16928,16927,1
2021-04-08,16:02:05.528000,16926,16927,16927,1
2021-04-08,16:02:10.427000,16926,16927,16927,1
2021-04-08,16:02:18.897000,16926,16927,16927,1
2021-04-08,16:02:19.670000,16926,16927,16927,1
2021-04-08,16:02:19.949000,16926,16927,16927,1
2021-04-08,16:02:22.745000,16926,16927,16927,1
2021-04-08,16:02:36.600000,16926,16927,16926,2
2021-04-08,16:02:38.124000,16925,16927,16927,5
2021-04-08,16:03:01.231000,16927,16928,16927,1
2021-04-08,16:03:04.009000,16926,16928,16926,2
2021-04-08,16:03:04.559000,16926,16927,16926,3
2021-04-08,16:03:23.759000,16926,16927,16927,1
2021-04-08,16:03:46.163000,16927,16928,16928,1
2021-04-08,16:03:57.729000,16927,16928,16928,1
2021-04-08,16:04:03.250000,16927,16928,16928,1
2021-04-08,16:04:37.638000,16927,16928,16928,1
2021-04-08,16:04:38.306000,16927,16928,16928,4
2021-04-08,16:04:38.307000,16927,16928,16928,1
2021-04-08,16:04:38.307000,16927,16928,16928,4
2021-04-08,16:04:42.457000,16928,16929,16928,1
2021-04-08,16:05:00.791000,16928,16929,16928,3
2021-04-08,16:05:12.709000,16927,16929,16929,1
2021-04-08,16:05:12.720000,16927,16929,16929,1
2021-04-08,16:05:21.409000,16928,16929,16929,1
2021-04-08,16:05:22.278000,16928,16929,16929,1
2021-04-08,16:05:26.301000,16928,16929,16929,1
2021-04-08,16:05:28.332000,16928,16929,16928,1
2021-04-08,16:05:36.397000,16927,16929,16929,1
2021-04-08,16:05:38.214000,16927,16929,16929,1
2021-04-08,16:05:42.775000,16928,16929,16929,1
2021-04-08,16:05:43.820000,16928,16929,16928,1
2021-04-08,16:05:47.422000,16927,16928,16928,1
2021-04-08,16:05:47.422000,16927,16928,16928,1
2021-04-08,16:05:47.422000,16927,16928,16928,1
2021-04-08,16:05:47.422000,16927,16928,16928,2
2021-04-08,16:05:47.422000,16927,16928,16928,3
2021-04-08,16:05:47.422000,16927,16928,16928,1
2021-04-08,16:05:53.690000,16928,16929,16929,1
2021-04-08,16:06:03.924000,16928,16929,16929,2
2021-04-08,16:06:16.406000,16929,16930,16929,2
2021-04-08,16:06:17.082000,16928,16929,16929,1
2021-04-08,16:06:17.082000,16928,16929,16929,2
2021-04-08,16:06:17.142000,16928,16930,16928,1
2021-04-08,16:06:41.020000,16929,16930,16929,1
2021-04-08,16:06:45.824000,16929,16930,16930,2
2021-04-08,16:06:56.079000,16929,16930,16929,1
2021-04-08,16:06:56.318000,16929,16930,16930,2
2021-04-08,16:06:58.821000,16929,16930,16930,3
2021-04-08,16:06:58.892000,16929,16930,16929,1
2021-04-08,16:07:13.733000,16929,16930,16930,5
2021-04-08,16:07:18.879000,16930,16931,16930,2
2021-04-08,16:07:20.420000,16929,16930,16929,2
2021-04-08,16:07:37.395000,16929,16930,16929,5
2021-04-08,16:07:38.889000,16929,16930,16929,1
2021-04-08,16:08:23.935000,16929,16930,16929,1
2021-04-08,16:08:49.759000,16929,16930,16929,1
2021-04-08,16:08:50.320000,16929,16930,16930,1
2021-04-08,16:08:57.947000,16929,16930,16930,1
2021-04-08,16:09:10.215000,16929,16930,16929,3
2021-04-08,16:09:11.605000,16928,16929,16928,13
2021-04-08,16:09:11.706000,16927,16928,16927,1
2021-04-08,16:09:25.682000,16927,16929,16929,1
2021-04-08,16:09:48.411000,16927,16929,16927,7
2021-04-08,16:09:48.412000,16927,16929,16927,1
2021-04-08,16:10:05.960000,16927,16928,16927,5
2021-04-08,16:10:07.550000,16927,16928,16927,1
2021-04-08,16:10:19.991000,16927,16928,16927,1
2021-04-08,16:10:20.678000,16927,16928,16927,1
2021-04-08,16:10:22.781000,16927,16928,16927,1
2021-04-08,16:10:25.552000,16927,16928,16927,1
2021-04-08,16:10:32.092000,16927,16928,16927,1
2021-04-08,16:10:32.224000,16927,16928,16928,1
2021-04-08,16:10:32.225000,16927,16928,16928,1
2021-04-08,16:10:32.225000,16927,16928,16928,1
2021-04-08,16:10:32.225000,16927,16928,16928,2
2021-04-08,16:10:32.225000,16927,16928,16928,1
2021-04-08,16:10:32.225000,16927,16928,16928,1
2021-04-08,16:10:32.225000,16927,16928,16928,1
2021-04-08,16:10:32.225000,16927,16928,16928,2
2021-04-08,16:11:19.746000,16927,16928,16927,2
2021-04-08,16:11:23.100000,16926,16927,16927,5
2021-04-08,16:11:24.620000,16926,16927,16927,1
2021-04-08,16:11:33.686000,16926,16927,16926,2
2021-04-08,16:11:36.102000,16926,16927,16926,6
2021-04-08,16:11:36.103000,16926,16927,16926,3
2021-04-08,16:11:36.103000,16926,16927,16926,1
2021-04-08,16:11:36.103000,16926,16927,16926,1
2021-04-08,16:11:36.103000,16926,16927,16926,1
2021-04-08,16:11:36.103000,16926,16927,16926,1
2021-04-08,16:11:36.103000,16926,16927,16926,1
2021-04-08,16:11:36.103000,16926,16927,16926,2
2021-04-08,16:12:00.035000,16925,16926,16926,1
2021-04-08,16:12:09.640000,16925,16926,16925,1
2021-04-08,16:12:09.641000,16925,16926,16925,1
2021-04-08,16:12:09.641000,16925,16926,16925,5
2021-04-08,16:12:09.641000,16925,16926,16925,1
2021-04-08,16:12:09.642000,16925,16926,16925,3
2021-04-08,16:12:09.642000,16925,16926,16925,1
2021-04-08,16:12:09.642000,16925,16926,16925,1
2021-04-08,16:12:09.642000,16925,16926,16925,22
2021-04-08,16:12:09.642000,16925,16926,16925,2
2021-04-08,16:12:09.643000,16925,16926,16925,3
2021-04-08,16:12:09.643000,16925,16926,16925,4
2021-04-08,16:12:09.643000,16925,16926,16925,2
2021-04-08,16:12:09.643000,16925,16926,16925,1
2021-04-08,16:12:09.643000,16925,16926,16925,1
2021-04-08,16:12:09.643000,16925,16926,16925,1
2021-04-08,16:12:09.643000,16925,16926,16925,1
2021-04-08,16:12:11.156000,16924,16925,16924,5
2021-04-08,16:12:11.470000,16924,16925,16924,1
2021-04-08,16:12:12.175000,16924,16925,16924,1
2021-04-08,16:12:20.304000,16924,16925,16924,1
2021-04-08,16:12:23.895000,16924,16925,16924,2
2021-04-08,16:12:23.896000,16924,16925,16924,3
2021-04-08,16:12:24.614000,16924,16925,16924,1
2021-04-08,16:12:24.948000,16923,16925,16923,1
2021-04-08,16:12:25.272000,16923,16925,16923,1
2021-04-08,16:12:25.508000,16923,16925,16923,1
2021-04-08,16:12:25.631000,16923,16925,16923,1
2021-04-08,16:12:25.818000,16923,16925,16923,1
2021-04-08,16:12:26.161000,16923,16925,16923,1
2021-04-08,16:12:30.801000,16923,16924,16923,2
2021-04-08,16:12:31.644000,16923,16924,16924,1
2021-04-08,16:12:38.293000,16923,16924,16924,1
2021-04-08,16:12:41.983000,16923,16924,16923,1
2021-04-08,16:12:43.398000,16923,16924,16923,1
2021-04-08,16:12:43.835000,16923,16924,16924,1
2021-04-08,16:12:43.835000,16923,16924,16924,1
2021-04-08,16:12:44.432000,16923,16924,16923,1
2021-04-08,16:12:47.785000,16923,16924,16923,1
2021-04-08,16:12:58.936000,16923,16924,16923,1
2021-04-08,16:13:01.752000,16923,16924,16923,1
2021-04-08,16:13:02.018000,16923,16924,16923,1
2021-04-08,16:13:09.879000,16923,16924,16924,1
2021-04-08,16:13:11.514000,16923,16924,16923,2
2021-04-08,16:13:36.897000,16923,16924,16924,4
2021-04-08,16:13:36.898000,16923,16924,16924,1
2021-04-08,16:13:40.681000,16924,16925,16924,1
2021-04-08,16:13:53.348000,16923,16924,16924,1
2021-04-08,16:13:53.992000,16923,16924,16924,1
2021-04-08,16:14:00.462000,16924,16925,16924,1
2021-04-08,16:14:23.292000,16924,16925,16924,3
2021-04-08,16:14:29.622000,16923,16924,16923,1
2021-04-08,16:14:32.971000,16923,16924,16924,1
2021-04-08,16:14:32.971000,16923,16924,16925,7
2021-04-08,16:14:33.235000,16923,16925,16925,1
2021-04-08,16:14:33.236000,16923,16925,16923,1
2021-04-08,16:14:34.974000,16924,16925,16924,2
2021-04-08,16:14:45.023000,16923,16924,16923,1
2021-04-08,16:15:03.419000,16923,16924,16923,10
2021-04-08,16:15:03.525000,16922,16923,16923,1
2021-04-08,16:15:03.528000,16922,16923,16923,1
2021-04-08,16:15:03.644000,16922,16923,16922,1
2021-04-08,16:15:03.813000,16922,16924,16924,1
2021-04-08,16:15:03.887000,16922,16924,16922,30
2021-04-08,16:15:03.887000,16922,16924,16922,2
2021-04-08,16:15:03.891000,16922,16924,16922,1
2021-04-08,16:15:03.891000,16922,16924,16922,1
2021-04-08,16:15:03.892000,16922,16924,16922,1
2021-04-08,16:15:03.892000,16922,16924,16922,1
2021-04-08,16:15:03.901000,16922,16924,16922,15
2021-04-08,16:15:03.901000,16922,16924,16922,5
2021-04-08,16:15:03.902000,16922,16924,16921,1
2021-04-08,16:15:03.902000,16922,16924,16921,1
2021-04-08,16:15:03.902000,16922,16924,16921,1
2021-04-08,16:15:03.902000,16922,16924,16921,1
2021-04-08,16:15:04.198000,16921,16922,16921,1
2021-04-08,16:15:04.204000,16921,16922,16921,1
2021-04-08,16:15:04.267000,16921,16922,16922,1
2021-04-08,16:15:04.267000,16921,16922,16923,1
2021-04-08,16:15:04.267000,16921,16922,16922,3
2021-04-08,16:15:04.553000,16921,16923,16921,1
2021-04-08,16:15:04.575000,16921,16923,16921,1
2021-04-08,16:15:04.730000,16921,16923,16921,1
2021-04-08,16:15:04.733000,16921,16923,16921,2
2021-04-08,16:15:04.741000,16921,16923,16921,1
2021-04-08,16:15:04.741000,16921,16923,16921,3
2021-04-08,16:15:04.742000,16921,16923,16921,1
2021-04-08,16:15:04.744000,16921,16923,16921,3
2021-04-08,16:15:04.749000,16921,16923,16921,2
2021-04-08,16:15:05.121000,16921,16922,16921,1
2021-04-08,16:15:07.735000,16921,16923,16921,1
2021-04-08,16:15:08.226000,16921,16923,16923,1
2021-04-08,16:15:13.188000,16923,16924,16923,1
2021-04-08,16:15:14.915000,16923,16924,16923,1
2021-04-08,16:15:15.587000,16923,16924,16923,1
2021-04-08,16:15:17.207000,16923,16924,16924,2
2021-04-08,16:15:20.671000,16923,16925,16923,1
2021-04-08,16:15:20.767000,16923,16925,16925,1
2021-04-08,16:15:20.767000,16923,16925,16925,1
2021-04-08,16:15:20.767000,16923,16925,16925,1
2021-04-08,16:15:20.767000,16923,16925,16926,1
2021-04-08,16:15:20.767000,16923,16925,16926,1
2021-04-08,16:15:20.768000,16923,16925,16926,1
2021-04-08,16:15:20.768000,16923,16925,16926,1
2021-04-08,16:15:20.768000,16923,16925,16926,1
2021-04-08,16:15:20.768000,16923,16925,16925,1
2021-04-08,16:15:20.769000,16923,16925,16926,1
2021-04-08,16:15:20.769000,16923,16925,16926,1
2021-04-08,16:15:20.769000,16923,16925,16926,1
2021-04-08,16:15:20.770000,16923,16925,16926,1
2021-04-08,16:15:20.770000,16923,16925,16926,1
2021-04-08,16:15:20.772000,16923,16925,16927,1
2021-04-08,16:15:20.772000,16923,16925,16927,1
2021-04-08,16:15:20.772000,16923,16925,16927,1
2021-04-08,16:15:20.772000,16923,16925,16927,1
2021-04-08,16:15:20.772000,16923,16925,16927,1
2021-04-08,16:15:20.772000,16923,16925,16927,1
2021-04-08,16:15:20.773000,16923,16925,16927,1
2021-04-08,16:15:20.773000,16923,16925,16927,1
2021-04-08,16:15:20.773000,16923,16925,16927,1
2021-04-08,16:15:20.773000,16923,16925,16927,1
2021-04-08,16:15:20.773000,16923,16925,16927,1
2021-04-08,16:15:20.773000,16923,16925,16927,1
2021-04-08,16:15:20.773000,16923,16925,16927,1
2021-04-08,16:15:20.774000,16923,16925,16927,1
2021-04-08,16:15:20.775000,16923,16925,16927,2
2021-04-08,16:15:20.775000,16923,16925,16928,1
2021-04-08,16:15:20.775000,16923,16925,16928,1
2021-04-08,16:15:20.776000,16923,16925,16928,1
2021-04-08,16:15:20.776000,16923,16925,16928,1
2021-04-08,16:15:20.777000,16923,16925,16928,1
2021-04-08,16:15:21.018000,16926,16928,16926,2
2021-04-08,16:15:28.750000,16926,16927,16926,1
2021-04-08,16:15:36.255000,16926,16927,16926,1
2021-04-08,16:15:38.091000,16926,16927,16926,5
2021-04-08,16:15:38.142000,16925,16926,16926,1
2021-04-08,16:15:38.449000,16925,16926,16926,1
2021-04-08,16:15:56.198000,16925,16926,16925,1
2021-04-08,16:15:59.026000,16924,16925,16924,3
2021-04-08,16:15:59.142000,16923,16925,16925,1
2021-04-08,16:15:59.367000,16923,16925,16924,1
2021-04-08,16:16:00.543000,16923,16924,16923,3
2021-04-08,16:16:00.771000,16923,16924,16924,2
2021-04-08,16:16:02.798000,16924,16925,16924,2
2021-04-08,16:16:02.798000,16924,16925,16924,1
2021-04-08,16:16:06.592000,16923,16924,16923,3
2021-04-08,16:16:07.705000,16923,16924,16923,3
2021-04-08,16:16:12.561000,16923,16924,16923,1
2021-04-08,16:16:14.460000,16923,16924,16924,1
2021-04-08,16:16:15.945000,16923,16924,16923,6
2021-04-08,16:16:27.225000,16924,16925,16924,2
2021-04-08,16:16:27.377000,16923,16924,16923,1
2021-04-08,16:16:34.055000,16923,16924,16923,1
2021-04-08,16:16:38.294000,16923,16924,16923,2
2021-04-08,16:16:38.651000,16923,16924,16923,5
2021-04-08,16:16:40.689000,16923,16924,16923,4
2021-04-08,16:16:41.189000,16923,16924,16923,2
2021-04-08,16:16:44.457000,16923,16924,16923,3
2021-04-08,16:16:49.261000,16923,16924,16923,4
2021-04-08,16:16:54.522000,16923,16924,16923,1
2021-04-08,16:16:55.975000,16923,16924,16923,3
2021-04-08,16:17:01.842000,16923,16924,16923,3
2021-04-08,16:17:14.712000,16923,16924,16924,1
2021-04-08,16:17:14.713000,16923,16924,16924,2
2021-04-08,16:17:14.713000,16923,16924,16924,2
2021-04-08,16:17:14.713000,16923,16924,16924,1
2021-04-08,16:17:14.713000,16923,16924,16924,1
2021-04-08,16:17:14.713000,16923,16924,16924,1
2021-04-08,16:17:14.713000,16923,16924,16924,4
2021-04-08,16:17:19.071000,16924,16925,16924,2
2021-04-08,16:17:26.164000,16924,16925,16925,2
2021-04-08,16:17:26.656000,16924,16926,16926,1
2021-04-08,16:17:51.672000,16924,16925,16924,1
2021-04-08,16:17:55.320000,16924,16925,16924,2
2021-04-08,16:18:05.816000,16924,16925,16924,1
2021-04-08,16:18:15.114000,16924,16925,16925,5
2021-04-08,16:18:24.029000,16924,16925,16925,1
2021-04-08,16:18:30.139000,16924,16925,16925,1
2021-04-08,16:18:32.035000,16924,16925,16924,2
2021-04-08,16:18:33.181000,16924,16925,16925,1
2021-04-08,16:18:47.149000,16925,16926,16925,7
2021-04-08,16:19:00.007000,16925,16926,16925,1
2021-04-08,16:19:23.993000,16925,16926,16925,3
2021-04-08,16:19:57.787000,16925,16926,16925,1
2021-04-08,16:20:02.148000,16925,16926,16925,1
2021-04-08,16:20:03.529000,16925,16926,16926,1
2021-04-08,16:20:03.530000,16925,16926,16926,1
2021-04-08,16:20:03.530000,16925,16926,16926,3
2021-04-08,16:20:06.114000,16926,16927,16927,1
2021-04-08,16:20:08.147000,16926,16927,16927,1
2021-04-08,16:20:23.897000,16926,16927,16927,1
2021-04-08,16:20:23.898000,16926,16927,16927,5
2021-04-08,16:20:44.076000,16927,16928,16927,1
2021-04-08,16:21:05.004000,16927,16928,16928,5
2021-04-08,16:21:05.266000,16927,16929,16927,8
2021-04-08,16:21:05.277000,16927,16929,16926,2
2021-04-08,16:21:05.288000,16927,16929,16926,4
2021-04-08,16:21:05.289000,16927,16929,16926,2
2021-04-08,16:21:05.293000,16927,16929,16926,2
2021-04-08,16:21:05.304000,16927,16929,16926,2
2021-04-08,16:21:05.356000,16927,16929,16925,4
2021-04-08,16:21:05.368000,16927,16929,16925,2
2021-04-08,16:21:05.372000,16927,16929,16925,2
2021-04-08,16:21:05.389000,16927,16929,16925,2
2021-04-08,16:21:05.404000,16925,16927,16925,1
2021-04-08,16:21:05.404000,16925,16927,16924,1
2021-04-08,16:21:05.418000,16925,16927,16924,2
2021-04-08,16:21:05.433000,16925,16927,16924,2
2021-04-08,16:21:05.476000,16925,16927,16924,2
2021-04-08,16:21:05.498000,16925,16927,16924,2
2021-04-08,16:21:05.688000,16924,16926,16924,2
2021-04-08,16:21:05.703000,16924,16926,16924,2
2021-04-08,16:21:05.726000,16924,16926,16924,2
2021-04-08,16:21:05.727000,16924,16926,16924,2
2021-04-08,16:21:05.734000,16924,16926,16924,2
2021-04-08,16:21:05.771000,16924,16926,16924,2
2021-04-08,16:21:05.813000,16924,16926,16924,1
2021-04-08,16:21:05.813000,16924,16926,16923,3
2021-04-08,16:21:05.863000,16924,16926,16923,2
2021-04-08,16:21:05.950000,16923,16926,16923,2
2021-04-08,16:21:05.970000,16923,16926,16923,19
2021-04-08,16:21:05.970000,16923,16926,16922,9
2021-04-08,16:21:05.972000,16923,16926,16923,1
2021-04-08,16:21:06.115000,16922,16924,16922,2
2021-04-08,16:21:06.416000,16922,16924,16922,1
2021-04-08,16:21:22.005000,16923,16925,16925,1
2021-04-08,16:21:22.144000,16925,16926,16926,1
2021-04-08,16:21:56.208000,16924,16926,16924,2
2021-04-08,16:22:10.475000,16924,16925,16925,1
2021-04-08,16:22:44.567000,16925,16926,16925,1
2021-04-08,16:22:55.071000,16925,16926,16925,1
2021-04-08,16:23:04.033000,16924,16925,16925,1
2021-04-08,16:23:07.591000,16924,16926,16925,1
2021-04-08,16:23:17.536000,16924,16925,16925,1
2021-04-08,16:23:22.327000,16924,16925,16924,6
2021-04-08,16:23:26.362000,16923,16925,16924,1
2021-04-08,16:23:41.793000,16924,16925,16924,1
2021-04-08,16:24:05.057000,16923,16924,16924,1
2021-04-08,16:24:05.058000,16923,16924,16924,1
2021-04-08,16:24:05.540000,16924,16925,16925,1
2021-04-08,16:24:05.816000,16924,16926,16924,2
2021-04-08,16:24:09.564000,16924,16926,16925,1
2021-04-08,16:24:24.982000,16925,16926,16926,1
2021-04-08,16:25:39.560000,16925,16926,16925,1
2021-04-08,16:25:40.348000,16925,16926,16926,1
2021-04-08,16:26:02.394000,16926,16927,16927,2
2021-04-08,16:26:12.559000,16926,16927,16926,1
2021-04-08,16:26:12.773000,16925,16927,16927,2
2021-04-08,16:26:50.809000,16925,16926,16925,1
2021-04-08,16:27:33.974000,16925,16926,16925,1
2021-04-08,16:27:33.975000,16925,16926,16925,3
2021-04-08,16:27:41.206000,16925,16926,16925,1
2021-04-08,16:28:10.965000,16924,16925,16924,2
2021-04-08,16:28:10.966000,16924,16925,16924,1
2021-04-08,16:28:11.388000,16923,16924,16924,1
2021-04-08,16:28:34.277000,16923,16924,16924,1
2021-04-08,16:28:34.278000,16923,16924,16924,1
2021-04-08,16:29:12.100000,16924,16925,16924,1
2021-04-08,16:29:12.101000,16924,16925,16924,1
2021-04-08,16:29:12.101000,16924,16925,16924,1
2021-04-08,16:29:13.192000,16923,16924,16923,1
2021-04-08,16:29:16.103000,16923,16924,16924,1
2021-04-08,16:29:26.764000,16923,16924,16924,2
2021-04-08,16:29:32.338000,16923,16924,16924,1
2021-04-08,16:29:40.840000,16923,16924,16923,1
2021-04-08,16:29:46.024000,16923,16924,16923,1
2021-04-08,16:29:47.077000,16923,16924,16923,1
2021-04-08,16:29:47.078000,16923,16924,16923,1
2021-04-08,16:29:56.581000,16922,16923,16922,10
2021-04-08,16:30:00.525000,16922,16923,16922,1
2021-04-08,16:30:00.761000,16922,16923,16923,1
2021-04-08,16:30:01.045000,16922,16923,16922,1
2021-04-08,16:30:01.045000,16922,16923,16922,2
2021-04-08,16:30:01.071000,16922,16923,16921,1
2021-04-08,16:30:01.102000,16922,16923,16921,1
2021-04-08,16:30:01.832000,16921,16922,16921,2
2021-04-08,16:30:01.994000,16921,16922,16921,1
2021-04-08,16:30:02.094000,16921,16922,16922,1
2021-04-08,16:30:24.093000,16921,16922,16922,1
2021-04-08,16:30:31.089000,16922,16923,16922,1
2021-04-08,16:30:35.010000,16922,16923,16923,1
2021-04-08,16:30:35.013000,16922,16923,16923,1
2021-04-08,16:30:35.013000,16922,16923,16923,1
2021-04-08,16:30:35.013000,16922,16923,16923,1
2021-04-08,16:30:35.013000,16922,16923,16923,1
2021-04-08,16:30:35.013000,16922,16923,16923,1
2021-04-08,16:30:35.013000,16922,16923,16923,1
2021-04-08,16:30:35.014000,16922,16923,16923,6
2021-04-08,16:30:35.014000,16922,16923,16923,18
2021-04-08,16:30:37.269000,16923,16925,16925,1
2021-04-08,16:30:51.136000,16924,16926,16926,1
2021-04-08,16:30:57.971000,16924,16926,16926,1
2021-04-08,16:31:07.357000,16926,16927,16926,5
2021-04-08,16:31:13.928000,16925,16926,16925,5
2021-04-08,16:32:24.522000,16922,16923,16922,1
2021-04-08,16:32:24.523000,16922,16923,16922,1
2021-04-08,16:32:24.523000,16922,16923,16922,2
2021-04-08,16:32:24.523000,16922,16923,16922,4
2021-04-08,16:32:24.523000,16922,16923,16922,4
2021-04-08,16:32:24.523000,16922,16923,16922,1
2021-04-08,16:32:28.739000,16921,16922,16922,1
2021-04-08,16:32:45.188000,16921,16922,16922,1
2021-04-08,16:32:45.501000,16921,16922,16922,1
2021-04-08,16:32:49.373000,16921,16922,16922,1
2021-04-08,16:32:53.067000,16921,16922,16922,2
2021-04-08,16:32:53.168000,16921,16922,16922,1
2021-04-08,16:33:01.496000,16921,16922,16921,1
2021-04-08,16:33:09.093000,16921,16922,16922,1
2021-04-08,16:33:09.094000,16921,16922,16922,1
2021-04-08,16:33:11.186000,16921,16922,16922,2
2021-04-08,16:33:23.809000,16921,16922,16921,6
2021-04-08,16:33:28.205000,16921,16922,16922,2
2021-04-08,16:33:28.205000,16921,16922,16922,1
2021-04-08,16:33:34.908000,16921,16922,16922,1
2021-04-08,16:33:38.571000,16921,16922,16922,1
2021-04-08,16:33:39.062000,16921,16922,16922,1
2021-04-08,16:34:08.597000,16922,16923,16922,1
2021-04-08,16:34:24.290000,16922,16923,16922,1
2021-04-08,16:34:33.702000,16922,16923,16922,1
2021-04-08,16:34:33.702000,16922,16923,16922,3
2021-04-08,16:34:42.018000,16921,16922,16921,10
2021-04-08,16:34:42.018000,16921,16922,16921,16
2021-04-08,16:34:43.948000,16920,16921,16920,24
2021-04-08,16:34:43.949000,16920,16921,16920,1
2021-04-08,16:34:43.949000,16920,16921,16920,1
2021-04-08,16:34:44.046000,16919,16921,16919,1
2021-04-08,16:34:44.058000,16919,16921,16919,1
2021-04-08,16:34:44.091000,16919,16921,16919,1
2021-04-08,16:34:44.116000,16919,16921,16919,1
2021-04-08,16:34:44.140000,16919,16921,16919,1
2021-04-08,16:34:44.172000,16919,16921,16919,1
2021-04-08,16:34:44.183000,16919,16921,16919,2
2021-04-08,16:34:44.218000,16919,16921,16919,1
2021-04-08,16:34:44.218000,16919,16921,16918,1
2021-04-08,16:34:44.225000,16919,16921,16918,3
2021-04-08,16:34:44.269000,16918,16920,16918,3
2021-04-08,16:34:44.310000,16918,16920,16918,2
2021-04-08,16:34:44.395000,16918,16920,16918,1
2021-04-08,16:34:44.448000,16918,16920,16918,1
2021-04-08,16:34:45.298000,16918,16920,16920,1
2021-04-08,16:34:52.882000,16919,16921,16921,1
2021-04-08,16:34:57.903000,16920,16921,16920,1
2021-04-08,16:34:58.827000,16919,16920,16919,5
2021-04-08,16:35:07.408000,16919,16920,16920,1
2021-04-08,16:35:09.560000,16920,16921,16920,1
2021-04-08,16:35:11.577000,16920,16921,16920,1
2021-04-08,16:35:15.615000,16920,16921,16920,1
2021-04-08,16:35:15.616000,16920,16921,16920,1
2021-04-08,16:35:15.616000,16920,16921,16920,1
2021-04-08,16:35:18.111000,16920,16921,16921,1
2021-04-08,16:35:25.231000,16920,16921,16920,3
2021-04-08,16:35:28.134000,16920,16921,16920,1
2021-04-08,16:35:28.136000,16920,16921,16920,1
2021-04-08,16:35:31.505000,16919,16920,16920,1
2021-04-08,16:35:38.443000,16919,16920,16920,3
2021-04-08,16:35:40.577000,16919,16920,16919,1
2021-04-08,16:35:46.666000,16919,16920,16919,1
2021-04-08,16:35:53.437000,16919,16920,16919,8
2021-04-08,16:36:06.233000,16919,16920,16920,3
2021-04-08,16:36:06.543000,16919,16920,16920,1
2021-04-08,16:36:06.601000,16919,16920,16920,1
2021-04-08,16:36:07.083000,16919,16920,16919,5
2021-04-08,16:36:13.915000,16919,16920,16919,7
2021-04-08,16:36:13.917000,16919,16920,16919,4
2021-04-08,16:36:15.008000,16919,16920,16919,1
2021-04-08,16:36:16.272000,16919,16920,16919,3
2021-04-08,16:36:19.945000,16919,16920,16919,3
2021-04-08,16:36:32.008000,16919,16920,16919,1
2021-04-08,16:36:37.550000,16919,16920,16919,2
2021-04-08,16:36:46.838000,16919,16920,16919,1
2021-04-08,16:36:47.770000,16918,16919,16919,1
2021-04-08,16:36:55.929000,16918,16919,16918,1
2021-04-08,16:36:56.685000,16918,16919,16918,1
2021-04-08,16:36:57.812000,16918,16919,16918,1
2021-04-08,16:36:58.379000,16918,16919,16918,1
2021-04-08,16:36:59.944000,16918,16919,16918,1
2021-04-08,16:36:59.945000,16918,16919,16918,1
2021-04-08,16:36:59.945000,16918,16919,16918,1
2021-04-08,16:36:59.945000,16918,16919,16918,3
2021-04-08,16:37:00.667000,16917,16918,16917,1
2021-04-08,16:37:01.028000,16917,16918,16917,3
2021-04-08,16:37:01.837000,16917,16918,16917,3
2021-04-08,16:37:06.707000,16917,16918,16917,1
2021-04-08,16:37:07.120000,16917,16918,16917,1
2021-04-08,16:37:11.031000,16916,16917,16916,5
2021-04-08,16:37:11.151000,16916,16917,16916,1
2021-04-08,16:37:11.738000,16916,16917,16916,1
2021-04-08,16:37:11.787000,16916,16917,16916,1
2021-04-08,16:37:14.729000,16916,16917,16916,1
2021-04-08,16:37:14.740000,16916,16917,16916,1
2021-04-08,16:37:14.793000,16916,16917,16916,7
2021-04-08,16:37:14.794000,16916,16917,16916,2
2021-04-08,16:37:16.658000,16915,16916,16915,3
2021-04-08,16:37:16.788000,16915,16916,16915,1
2021-04-08,16:37:17.156000,16915,16916,16916,1
2021-04-08,16:37:17.296000,16915,16916,16915,1
2021-04-08,16:37:19.111000,16915,16916,16915,1
2021-04-08,16:37:19.210000,16915,16916,16915,1
2021-04-08,16:37:19.427000,16915,16916,16916,2
2021-04-08,16:37:19.565000,16915,16916,16915,1
2021-04-08,16:37:20.751000,16915,16916,16915,5
2021-04-08,16:37:25.391000,16915,16916,16915,1
2021-04-08,16:37:25.649000,16915,16916,16916,1
2021-04-08,16:37:25.694000,16915,16916,16915,1
2021-04-08,16:37:28.247000,16915,16916,16915,1
2021-04-08,16:37:29.736000,16915,16916,16915,1
2021-04-08,16:37:30.265000,16915,16916,16915,1
2021-04-08,16:37:31.185000,16915,16916,16915,1
2021-04-08,16:37:31.345000,16915,16916,16915,1
2021-04-08,16:37:31.549000,16915,16916,16915,3
2021-04-08,16:37:32.415000,16915,16916,16915,1
2021-04-08,16:37:32.890000,16915,16916,16915,5
2021-04-08,16:37:36.704000,16915,16916,16915,3
2021-04-08,16:37:37.015000,16915,16916,16915,2
2021-04-08,16:37:37.016000,16915,16916,16915,1
2021-04-08,16:37:37.036000,16915,16916,16915,2
2021-04-08,16:37:37.941000,16914,16915,16915,1
2021-04-08,16:37:39.907000,16915,16916,16915,3
2021-04-08,16:37:45.470000,16915,16916,16916,9
2021-04-08,16:37:47.183000,16916,16917,16917,1
2021-04-08,16:37:47.183000,16916,16917,16917,4
2021-04-08,16:37:47.183000,16916,16917,16917,2
2021-04-08,16:37:52.831000,16917,16918,16918,1
2021-04-08,16:37:54.982000,16918,16919,16919,2
2021-04-08,16:37:57.592000,16918,16919,16918,1
2021-04-08,16:37:57.593000,16918,16919,16918,1
2021-04-08,16:37:58.056000,16917,16919,16917,1
2021-04-08,16:38:06.063000,16916,16917,16917,2
2021-04-08,16:38:19.455000,16917,16918,16917,2
2021-04-08,16:38:23.887000,16917,16918,16917,1
2021-04-08,16:38:25.453000,16917,16918,16918,1
2021-04-08,16:38:32.102000,16917,16918,16918,1
2021-04-08,16:38:32.550000,16917,16918,16918,1
2021-04-08,16:38:33.687000,16917,16918,16918,1
2021-04-08,16:38:34.803000,16917,16918,16918,1
2021-04-08,16:38:39.915000,16917,16918,16918,1
2021-04-08,16:38:40.265000,16917,16918,16917,7
2021-04-08,16:38:59.369000,16916,16917,16917,1
2021-04-08,16:38:59.388000,16916,16917,16916,4
2021-04-08,16:39:03.755000,16916,16917,16916,1
2021-04-08,16:39:03.987000,16916,16917,16916,1
2021-04-08,16:39:04.102000,16916,16917,16916,1
2021-04-08,16:39:04.243000,16916,16917,16916,1
2021-04-08,16:39:17.625000,16916,16917,16916,1
2021-04-08,16:39:20.339000,16916,16917,16916,1
2021-04-08,16:39:23.948000,16916,16917,16916,3
2021-04-08,16:39:34.239000,16915,16917,16915,3
2021-04-08,16:39:35.847000,16915,16916,16915,1
2021-04-08,16:39:38.957000,16915,16916,16915,1
2021-04-08,16:39:41.027000,16915,16916,16916,1
2021-04-08,16:39:41.128000,16915,16916,16916,1
2021-04-08,16:39:47.365000,16916,16917,16916,2
2021-04-08,16:39:51.335000,16916,16917,16916,1
2021-04-08,16:39:53.245000,16916,16917,16916,2
2021-04-08,16:39:55.484000,16915,16916,16916,1
2021-04-08,16:39:56.331000,16915,16916,16916,1
2021-04-08,16:39:58.438000,16915,16916,16916,1
2021-04-08,16:39:58.444000,16915,16916,16915,3
2021-04-08,16:40:05.508000,16914,16915,16915,2
2021-04-08,16:40:05.720000,16914,16916,16916,2
2021-04-08,16:40:05.720000,16914,16916,16916,3
2021-04-08,16:40:05.766000,16915,16916,16916,3
2021-04-08,16:40:05.965000,16915,16916,16916,2
2021-04-08,16:40:05.965000,16915,16916,16917,3
2021-04-08,16:40:05.982000,16915,16916,16915,1
2021-04-08,16:40:05.986000,16915,16916,16915,1
2021-04-08,16:40:13.116000,16915,16917,16917,1
2021-04-08,16:40:17.222000,16915,16916,16916,1
2021-04-08,16:40:31.889000,16916,16917,16916,1
2021-04-08,16:40:41.678000,16915,16916,16916,1
2021-04-08,16:40:50.051000,16916,16917,16916,1
2021-04-08,16:41:04.968000,16916,16917,16917,1
2021-04-08,16:41:05.179000,16916,16917,16917,1
2021-04-08,16:41:05.179000,16916,16917,16917,1
2021-04-08,16:41:05.179000,16916,16917,16917,4
2021-04-08,16:41:13.331000,16917,16918,16918,1
2021-04-08,16:41:13.331000,16917,16918,16918,2
2021-04-08,16:41:13.390000,16918,16919,16918,3
2021-04-08,16:41:13.394000,16918,16919,16918,1
2021-04-08,16:41:22.418000,16918,16919,16918,1
2021-04-08,16:41:22.665000,16918,16919,16919,1
2021-04-08,16:41:31.130000,16918,16919,16918,1
2021-04-08,16:41:36.174000,16918,16919,16919,1
2021-04-08,16:41:48.482000,16918,16919,16919,2
2021-04-08,16:43:02.494000,16917,16918,16917,1
2021-04-08,16:43:12.911000,16917,16918,16917,2
2021-04-08,16:43:23.352000,16917,16918,16918,1
2021-04-08,16:43:23.595000,16917,16919,16917,3
2021-04-08,16:43:45.272000,16917,16918,16917,2
2021-04-08,16:44:05.664000,16917,16918,16917,1
2021-04-08,16:44:05.999000,16917,16918,16918,1
2021-04-08,16:44:17.024000,16917,16918,16918,1
2021-04-08,16:44:25.913000,16917,16918,16918,1
2021-04-08,16:44:35.128000,16917,16918,16917,15
2021-04-08,16:44:35.128000,16917,16918,16917,1
2021-04-08,16:44:35.128000,16917,16918,16917,1
2021-04-08,16:44:35.128000,16917,16918,16917,4
2021-04-08,16:44:57.791000,16916,16917,16916,1
2021-04-08,16:45:03.140000,16916,16917,16916,4
2021-04-08,16:45:22.589000,16915,16916,16916,1
2021-04-08,16:45:22.850000,16915,16917,16915,3
2021-04-08,16:45:22.936000,16915,16917,16915,2
2021-04-08,16:45:26.954000,16915,16916,16915,1
2021-04-08,16:45:27.664000,16915,16916,16915,1
2021-04-08,16:45:29.318000,16915,16916,16915,5
2021-04-08,16:45:30.538000,16915,16916,16915,1
2021-04-08,16:45:34.719000,16915,16916,16915,2
2021-04-08,16:45:39.237000,16915,16916,16916,1
2021-04-08,16:46:00.792000,16915,16916,16916,1
2021-04-08,16:46:01.109000,16915,16916,16915,1
2021-04-08,16:46:03.199000,16915,16916,16915,1
2021-04-08,16:46:05.649000,16915,16916,16915,3
2021-04-08,16:46:06.709000,16914,16915,16914,1
2021-04-08,16:46:06.783000,16914,16915,16914,15
2021-04-08,16:46:06.785000,16914,16915,16914,2
2021-04-08,16:46:06.890000,16914,16915,16914,4
2021-04-08,16:46:08.586000,16913,16915,16913,3
2021-04-08,16:46:08.753000,16913,16915,16913,1
2021-04-08,16:46:08.857000,16913,16915,16913,2
2021-04-08,16:46:08.858000,16913,16915,16913,1
2021-04-08,16:46:08.886000,16913,16915,16913,1
2021-04-08,16:46:08.971000,16913,16914,16913,1
2021-04-08,16:46:08.996000,16913,16914,16913,1
2021-04-08,16:46:09.010000,16913,16914,16913,2
2021-04-08,16:46:09.015000,16913,16914,16913,8
2021-04-08,16:46:09.015000,16913,16914,16912,7
2021-04-08,16:46:09.103000,16913,16914,16912,1
2021-04-08,16:46:09.164000,16912,16913,16912,1
2021-04-08,16:46:09.165000,16912,16913,16912,2
2021-04-08,16:46:09.165000,16912,16913,16912,9
2021-04-08,16:46:09.253000,16912,16913,16911,1
2021-04-08,16:46:09.265000,16911,16913,16911,2
2021-04-08,16:46:09.265000,16911,16913,16911,40
2021-04-08,16:46:09.269000,16911,16913,16911,2
2021-04-08,16:46:09.363000,16911,16913,16910,1
2021-04-08,16:46:09.376000,16911,16913,16910,1
2021-04-08,16:46:09.440000,16910,16911,16910,1
2021-04-08,16:46:09.501000,16910,16911,16910,1
2021-04-08,16:46:09.518000,16910,16912,16910,3
2021-04-08,16:46:09.535000,16910,16912,16910,1
2021-04-08,16:46:09.559000,16910,16912,16910,2
2021-04-08,16:46:09.585000,16910,16912,16910,1
2021-04-08,16:46:09.670000,16910,16912,16910,1
2021-04-08,16:46:09.673000,16910,16912,16910,1
2021-04-08,16:46:10.603000,16912,16913,16912,2
2021-04-08,16:46:10.876000,16911,16913,16911,1
2021-04-08,16:46:15.273000,16912,16913,16912,2
2021-04-08,16:46:15.273000,16912,16913,16911,5
2021-04-08,16:46:17.039000,16911,16913,16912,1
2021-04-08,16:46:18.338000,16912,16913,16913,1
2021-04-08,16:46:19.155000,16912,16913,16913,1
2021-04-08,16:46:20.008000,16912,16914,16912,1
2021-04-08,16:46:23.512000,16912,16913,16912,1
2021-04-08,16:46:25.314000,16912,16913,16912,4
2021-04-08,16:46:25.314000,16912,16913,16911,1
2021-04-08,16:46:27.978000,16912,16913,16913,3
2021-04-08,16:46:29.460000,16913,16915,16913,1
2021-04-08,16:46:32.618000,16913,16915,16914,1
2021-04-08,16:46:32.873000,16913,16915,16915,1
2021-04-08,16:46:34.198000,16914,16915,16914,1
2021-04-08,16:46:39.971000,16914,16915,16914,1
2021-04-08,16:46:46.997000,16914,16915,16914,1
2021-04-08,16:46:47.461000,16914,16915,16914,1
2021-04-08,16:46:50.259000,16914,16915,16914,1
2021-04-08,16:46:56.475000,16914,16915,16915,1
2021-04-08,16:46:56.477000,16914,16915,16915,2
2021-04-08,16:46:59.410000,16915,16916,16915,1
2021-04-08,16:47:07.506000,16915,16916,16915,2
2021-04-08,16:47:07.506000,16915,16916,16914,1
2021-04-08,16:47:20.979000,16914,16915,16915,2
2021-04-08,16:47:35.535000,16914,16915,16915,1
2021-04-08,16:47:36.593000,16914,16915,16915,1
2021-04-08,16:47:38.283000,16914,16916,16915,1
2021-04-08,16:47:38.753000,16914,16916,16914,9
2021-04-08,16:47:38.754000,16914,16916,16914,41
2021-04-08,16:47:38.755000,16914,16916,16914,1
2021-04-08,16:47:38.914000,16914,16916,16914,1
2021-04-08,16:47:57.591000,16913,16914,16913,1
2021-04-08,16:48:05.671000,16913,16914,16914,1
2021-04-08,16:48:09.670000,16913,16914,16914,2
2021-04-08,16:48:23.126000,16913,16914,16913,4
2021-04-08,16:48:29.391000,16913,16914,16913,1
2021-04-08,16:48:30.670000,16912,16913,16913,1
2021-04-08,16:48:30.761000,16912,16913,16912,2
2021-04-08,16:48:30.858000,16912,16913,16912,3
2021-04-08,16:48:30.858000,16912,16913,16911,2
2021-04-08,16:48:30.925000,16911,16913,16913,1
2021-04-08,16:48:38.415000,16911,16912,16912,1
2021-04-08,16:48:42.364000,16911,16912,16911,1
2021-04-08,16:48:42.940000,16911,16912,16912,1
2021-04-08,16:48:44.348000,16911,16912,16912,1
2021-04-08,16:48:46.208000,16911,16912,16912,1
2021-04-08,16:48:49.841000,16911,16912,16912,1
2021-04-08,16:48:52.749000,16911,16913,16911,1
2021-04-08,16:48:54.736000,16912,16913,16912,1
2021-04-08,16:48:57.942000,16912,16913,16912,2
2021-04-08,16:48:59.979000,16911,16913,16913,1
2021-04-08,16:49:00.378000,16911,16913,16912,1
2021-04-08,16:49:00.640000,16911,16912,16912,1
2021-04-08,16:49:08.379000,16912,16913,16912,1
2021-04-08,16:49:11.058000,16912,16913,16912,2
2021-04-08,16:49:11.058000,16912,16913,16911,3
2021-04-08,16:49:13.268000,16911,16912,16912,1
2021-04-08,16:49:18.069000,16912,16913,16912,1
2021-04-08,16:49:20.270000,16912,16913,16912,1
2021-04-08,16:49:22.574000,16912,16913,16912,1
2021-04-08,16:49:37.983000,16912,16913,16913,7
2021-04-08,16:49:42.985000,16913,16914,16914,2
2021-04-08,16:49:52.508000,16914,16915,16915,1
2021-04-08,16:50:03.767000,16914,16915,16915,1
2021-04-08,16:50:03.987000,16914,16915,16914,1
2021-04-08,16:50:04.338000,16914,16915,16915,1
2021-04-08,16:50:27.959000,16914,16915,16914,3
2021-04-08,16:50:32.941000,16913,16915,16915,1
2021-04-08,16:50:33.747000,16913,16914,16914,1
2021-04-08,16:50:39.755000,16913,16914,16914,1
2021-04-08,16:50:50.775000,16913,16914,16914,1
2021-04-08,16:50:52.728000,16913,16915,16913,6
2021-04-08,16:50:52.728000,16913,16915,16912,4
2021-04-08,16:50:55.243000,16912,16913,16913,1
2021-04-08,16:50:56.860000,16912,16913,16913,7
2021-04-08,16:50:56.860000,16912,16913,16913,1
2021-04-08,16:50:56.860000,16912,16913,16913,1
2021-04-08,16:51:00.390000,16912,16914,16912,2
2021-04-08,16:51:14.340000,16913,16914,16913,1
2021-04-08,16:51:16.035000,16913,16914,16913,2
2021-04-08,16:51:26.515000,16912,16913,16913,9
2021-04-08,16:51:27.674000,16913,16914,16913,1
2021-04-08,16:51:33.705000,16912,16914,16912,1
2021-04-08,16:51:42.207000,16912,16914,16914,1
2021-04-08,16:51:57.934000,16913,16914,16914,1
2021-04-08,16:52:00.921000,16913,16914,16914,1
2021-04-08,16:52:03.625000,16913,16914,16913,2
2021-04-08,16:52:04.153000,16912,16913,16913,2
2021-04-08,16:52:04.153000,16912,16913,16913,1
2021-04-08,16:52:06.122000,16912,16914,16914,1
2021-04-08,16:52:06.122000,16912,16914,16914,1
2021-04-08,16:52:06.122000,16912,16914,16914,1
2021-04-08,16:52:13.417000,16913,16914,16914,1
2021-04-08,16:52:24.270000,16913,16914,16913,1
2021-04-08,16:52:24.693000,16913,16914,16914,1
2021-04-08,16:52:25.737000,16913,16914,16913,2
2021-04-08,16:52:39.989000,16913,16914,16913,4
2021-04-08,16:52:39.990000,16913,16914,16913,1
2021-04-08,16:52:39.990000,16913,16914,16913,2
2021-04-08,16:52:39.990000,16913,16914,16913,2
2021-04-08,16:52:39.991000,16913,16914,16913,1
2021-04-08,16:53:00.213000,16913,16914,16914,1
2021-04-08,16:53:00.562000,16913,16914,16914,1
2021-04-08,16:53:04.218000,16913,16914,16914,2
2021-04-08,16:53:05.106000,16913,16914,16914,1
2021-04-08,16:53:05.863000,16913,16914,16914,1
2021-04-08,16:53:10.840000,16913,16914,16914,1
2021-04-08,16:53:10.840000,16913,16914,16914,1
2021-04-08,16:53:28.514000,16914,16915,16914,1
2021-04-08,16:53:28.764000,16914,16915,16914,1
2021-04-08,16:53:54.106000,16914,16915,16914,2
2021-04-08,16:54:05.392000,16914,16915,16914,3
2021-04-08,16:54:10.487000,16914,16915,16914,1
2021-04-08,16:54:26.172000,16913,16914,16914,1
2021-04-08,16:54:48.554000,16914,16915,16914,1
2021-04-08,16:54:58.092000,16914,16915,16914,1
2021-04-08,16:55:01.716000,16914,16915,16915,1
2021-04-08,16:55:02.137000,16914,16915,16914,1
2021-04-08,16:55:05.113000,16913,16914,16914,1
2021-04-08,16:55:08.779000,16913,16914,16914,1
2021-04-08,16:55:11.541000,16914,16915,16914,1
2021-04-08,16:55:13.595000,16913,16914,16914,1
2021-04-08,16:55:22.486000,16913,16914,16914,1
2021-04-08,16:55:26.232000,16913,16915,16914,2
2021-04-08,16:55:33.836000,16913,16914,16914,1
2021-04-08,16:55:35.162000,16914,16915,16915,1
2021-04-08,16:55:54.425000,16914,16915,16915,1
2021-04-08,16:55:56.524000,16914,16915,16914,1
2021-04-08,16:56:10.834000,16914,16915,16914,1
2021-04-08,16:56:24.583000,16914,16915,16914,1
2021-04-08,16:56:25.055000,16914,16915,16915,4
2021-04-08,16:56:25.056000,16914,16915,16915,1
2021-04-08,16:56:25.056000,16914,16915,16915,9
2021-04-08,16:56:25.342000,16914,16916,16914,1
2021-04-08,16:56:33.996000,16914,16915,16914,1
2021-04-08,16:56:34.077000,16914,16915,16914,1
2021-04-08,16:56:34.680000,16914,16915,16915,2
2021-04-08,16:56:44.150000,16914,16915,16914,1
2021-04-08,16:56:54.188000,16914,16915,16914,1
2021-04-08,16:57:03.685000,16914,16915,16914,1
2021-04-08,16:57:13.179000,16914,16915,16914,1
2021-04-08,16:57:22.672000,16914,16915,16914,1
2021-04-08,16:57:24.917000,16914,16915,16915,1
2021-04-08,16:57:31.995000,16914,16915,16915,1
2021-04-08,16:57:32.166000,16914,16915,16914,1
2021-04-08,16:57:35.542000,16914,16915,16915,1
