2019-04-15 15:00:00.010,10866,10867,10866,80
2019-04-15 15:00:00.080,10865,10867,10865,2
2019-04-15 15:00:00.191,10865,10867,10865,4
2019-04-15 15:00:00.209,10865,10867,10866,1
2019-04-15 15:00:00.268,10865,10867,10865,2
2019-04-15 15:00:00.309,10865,10867,10865,1
2019-04-15 15:00:00.309,10865,10867,10864,1
2019-04-15 15:00:00.447,10864,10867,10864,1
2019-04-15 15:00:00.675,10864,10866,10864,1
2019-04-15 15:00:00.776,10864,10866,10866,4
2019-04-15 15:00:00.859,10864,10866,10866,1
2019-04-15 15:00:00.871,10864,10866,10864,1
2019-04-15 15:00:00.903,10864,10866,10864,1
2019-04-15 15:00:01.077,10864,10865,10864,1
2019-04-15 15:00:01.077,10864,10865,10863,1
2019-04-15 15:00:01.118,10864,10865,10864,2
2019-04-15 15:00:01.198,10863,10865,10863,3
2019-04-15 15:00:01.212,10863,10865,10864,2
2019-04-15 15:00:01.318,10863,10864,10864,1
2019-04-15 15:00:01.460,10863,10864,10863,3
2019-04-15 15:00:01.473,10863,10864,10863,1
2019-04-15 15:00:01.628,10863,10864,10862,1
2019-04-15 15:00:01.642,10863,10864,10862,1
2019-04-15 15:00:01.731,10862,10864,10862,1
2019-04-15 15:00:01.740,10862,10864,10862,1
2019-04-15 15:00:01.794,10862,10863,10863,3
2019-04-15 15:00:01.824,10862,10863,10862,3
2019-04-15 15:00:02.099,10862,10863,10862,2
2019-04-15 15:00:02.169,10862,10863,10863,2
2019-04-15 15:00:02.191,10862,10863,10862,1
2019-04-15 15:00:02.204,10862,10863,10862,1
2019-04-15 15:00:02.289,10862,10863,10862,3
2019-04-15 15:00:02.294,10862,10863,10863,1
2019-04-15 15:00:02.419,10862,10863,10863,1
2019-04-15 15:00:02.474,10862,10863,10862,1
2019-04-15 15:00:02.504,10862,10863,10862,2
2019-04-15 15:00:02.544,10862,10863,10863,1
2019-04-15 15:00:02.562,10862,10863,10864,2
2019-04-15 15:00:02.794,10863,10864,10864,3
2019-04-15 15:00:03.273,10863,10865,10863,1
2019-04-15 15:00:03.400,10863,10865,10863,1
2019-04-15 15:00:04.091,10863,10865,10865,1
2019-04-15 15:00:04.227,10863,10865,10863,1
2019-04-15 15:00:04.244,10863,10865,10863,1
2019-04-15 15:00:04.273,10863,10865,10863,1
2019-04-15 15:00:05.061,10864,10865,10864,1
2019-04-15 15:00:05.210,10864,10865,10864,1
2019-04-15 15:00:05.362,10864,10865,10864,1
2019-04-15 15:00:05.674,10864,10865,10864,2
2019-04-15 15:00:05.674,10864,10865,10863,1
2019-04-15 15:00:08.145,10864,10865,10864,1
2019-04-15 15:00:10.348,10864,10865,10864,2
2019-04-15 15:00:10.613,10864,10865,10864,2
2019-04-15 15:00:10.720,10864,10865,10864,1
2019-04-15 15:00:11.556,10863,10864,10864,1
2019-04-15 15:00:11.596,10863,10864,10864,1
2019-04-15 15:00:12.926,10863,10864,10864,1
2019-04-15 15:00:13.775,10863,10864,10864,1
2019-04-15 15:00:13.919,10863,10864,10864,9
2019-04-15 15:00:14.044,10863,10864,10864,2
2019-04-15 15:00:15.111,10864,10865,10864,1
2019-04-15 15:00:16.322,10864,10865,10864,5
2019-04-15 15:00:17.169,10864,10865,10865,2
2019-04-15 15:00:17.241,10864,10865,10865,2
2019-04-15 15:00:17.294,10864,10865,10865,2
2019-04-15 15:00:17.297,10864,10865,10865,2
2019-04-15 15:00:17.301,10864,10865,10865,2
2019-04-15 15:00:17.323,10864,10865,10865,2
2019-04-15 15:00:18.878,10865,10866,10865,4
2019-04-15 15:00:19.524,10865,10866,10865,1
2019-04-15 15:00:19.919,10865,10866,10866,1
2019-04-15 15:00:19.948,10865,10866,10866,9
2019-04-15 15:00:20.947,10866,10867,10866,1
2019-04-15 15:00:21.693,10866,10867,10867,1
2019-04-15 15:00:21.789,10866,10867,10866,1
2019-04-15 15:00:22.949,10866,10867,10867,1
2019-04-15 15:00:23.662,10866,10867,10866,10
2019-04-15 15:00:23.805,10866,10867,10867,1
2019-04-15 15:00:24.220,10866,10867,10866,4
2019-04-15 15:00:26.149,10865,10866,10866,9
2019-04-15 15:00:26.149,10865,10866,10866,1
2019-04-15 15:00:26.380,10866,10867,10866,10
2019-04-15 15:00:26.510,10865,10867,10867,1
2019-04-15 15:00:27.809,10865,10867,10865,1
2019-04-15 15:00:28.986,10866,10867,10866,2
2019-04-15 15:00:30.520,10866,10867,10866,2
2019-04-15 15:00:31.245,10866,10867,10866,1
2019-04-15 15:00:31.821,10866,10867,10866,4
2019-04-15 15:00:32.707,10865,10867,10867,4
2019-04-15 15:00:33.175,10865,10867,10866,1
2019-04-15 15:00:33.651,10865,10867,10866,1
2019-04-15 15:00:33.745,10865,10866,10866,3
2019-04-15 15:00:35.353,10866,10867,10866,1
2019-04-15 15:00:35.803,10866,10867,10867,1
2019-04-15 15:00:38.710,10866,10867,10867,2
2019-04-15 15:00:39.035,10866,10867,10866,4
2019-04-15 15:00:39.890,10866,10867,10866,1
2019-04-15 15:00:40.222,10866,10867,10867,1
2019-04-15 15:00:40.224,10866,10867,10867,1
2019-04-15 15:00:40.226,10866,10867,10867,1
2019-04-15 15:00:40.227,10866,10867,10867,1
2019-04-15 15:00:40.228,10866,10867,10867,1
2019-04-15 15:00:40.230,10866,10867,10867,1
2019-04-15 15:00:40.231,10866,10867,10867,1
2019-04-15 15:00:40.233,10866,10867,10867,1
2019-04-15 15:00:40.235,10866,10867,10867,1
2019-04-15 15:00:40.294,10866,10867,10867,1
2019-04-15 15:00:40.316,10866,10867,10867,1
2019-04-15 15:00:41.908,10867,10868,10867,1
2019-04-15 15:00:42.849,10866,10867,10866,3
2019-04-15 15:00:44.685,10866,10867,10867,1
2019-04-15 15:00:45.311,10866,10867,10867,1
2019-04-15 15:00:46.934,10866,10867,10866,1
2019-04-15 15:00:48.428,10866,10867,10866,1
2019-04-15 15:00:48.759,10866,10867,10866,1
2019-04-15 15:00:49.693,10866,10867,10866,4
2019-04-15 15:00:49.836,10865,10867,10866,1
2019-04-15 15:00:49.933,10865,10866,10866,1
2019-04-15 15:00:49.942,10865,10866,10866,2
2019-04-15 15:00:49.949,10865,10866,10866,1
2019-04-15 15:00:51.548,10865,10866,10866,2
2019-04-15 15:00:51.931,10865,10866,10865,1
2019-04-15 15:00:52.509,10865,10866,10866,2
2019-04-15 15:00:52.767,10865,10866,10866,2
2019-04-15 15:00:57.134,10865,10866,10865,1
2019-04-15 15:00:58.175,10865,10866,10866,1
2019-04-15 15:00:58.990,10865,10866,10866,1
2019-04-15 15:00:59.866,10865,10866,10866,1
2019-04-15 15:01:00.004,10865,10866,10865,1
2019-04-15 15:01:00.030,10865,10866,10865,1
2019-04-15 15:01:00.053,10865,10866,10865,1
2019-04-15 15:01:00.065,10865,10866,10865,1
2019-04-15 15:01:00.074,10865,10866,10865,1
2019-04-15 15:01:00.132,10865,10866,10865,3
2019-04-15 15:01:00.240,10865,10866,10865,7
2019-04-15 15:01:00.438,10865,10866,10865,1
2019-04-15 15:01:00.504,10865,10866,10865,4
2019-04-15 15:01:01.300,10865,10866,10866,1
2019-04-15 15:01:01.558,10865,10866,10866,1
2019-04-15 15:01:02.049,10865,10866,10865,1
2019-04-15 15:01:03.028,10865,10866,10865,1
2019-04-15 15:01:04.072,10865,10866,10865,1
2019-04-15 15:01:04.280,10865,10866,10865,1
2019-04-15 15:01:06.458,10865,10866,10866,7
2019-04-15 15:01:10.696,10866,10867,10866,1
2019-04-15 15:01:11.934,10865,10866,10866,2
2019-04-15 15:01:15.733,10865,10866,10866,1
2019-04-15 15:01:16.214,10865,10866,10866,1
2019-04-15 15:01:17.728,10866,10867,10866,10
2019-04-15 15:01:19.544,10866,10867,10866,5
2019-04-15 15:01:19.919,10866,10867,10866,1
2019-04-15 15:01:20.044,10866,10867,10866,1
2019-04-15 15:01:23.030,10865,10866,10866,1
2019-04-15 15:01:26.151,10866,10867,10866,1
2019-04-15 15:01:28.050,10866,10867,10866,1
2019-04-15 15:01:28.654,10865,10867,10866,1
2019-04-15 15:01:29.083,10865,10866,10866,1
2019-04-15 15:01:30.430,10866,10867,10866,2
2019-04-15 15:01:38.664,10866,10867,10866,1
2019-04-15 15:01:39.655,10866,10867,10866,2
2019-04-15 15:01:42.004,10866,10867,10867,1
2019-04-15 15:01:42.044,10866,10867,10867,8
2019-04-15 15:01:42.046,10866,10867,10867,2
2019-04-15 15:01:42.046,10866,10867,10867,1
2019-04-15 15:01:42.427,10866,10867,10867,1
2019-04-15 15:01:42.572,10866,10867,10867,12
2019-04-15 15:01:42.835,10867,10868,10867,1
2019-04-15 15:01:47.859,10867,10868,10868,1
2019-04-15 15:01:48.133,10867,10868,10867,1
2019-04-15 15:01:49.612,10867,10868,10868,1
2019-04-15 15:01:52.268,10867,10868,10867,5
2019-04-15 15:01:54.740,10867,10868,10868,1
2019-04-15 15:01:58.301,10867,10868,10867,7
2019-04-15 15:02:00.139,10867,10868,10867,1
2019-04-15 15:02:00.143,10867,10868,10867,1
2019-04-15 15:02:00.162,10867,10868,10867,1
2019-04-15 15:02:00.221,10867,10868,10867,1
2019-04-15 15:02:00.243,10867,10868,10867,1
2019-04-15 15:02:04.149,10867,10868,10867,1
2019-04-15 15:02:06.133,10867,10868,10867,2
2019-04-15 15:02:09.479,10867,10868,10867,5
2019-04-15 15:02:10.865,10867,10868,10868,1
2019-04-15 15:02:18.023,10867,10868,10868,5
2019-04-15 15:02:18.044,10867,10868,10868,4
2019-04-15 15:02:18.053,10867,10868,10868,1
2019-04-15 15:02:18.169,10867,10868,10868,6
2019-04-15 15:02:18.169,10867,10868,10868,2
2019-04-15 15:02:18.294,10867,10868,10868,7
2019-04-15 15:02:18.533,10868,10869,10868,2
2019-04-15 15:02:18.539,10868,10869,10868,1
2019-04-15 15:02:18.770,10868,10869,10868,2
2019-04-15 15:02:19.264,10868,10869,10868,1
2019-04-15 15:02:21.807,10868,10869,10869,3
2019-04-15 15:02:27.662,10868,10869,10868,1
2019-04-15 15:02:30.820,10868,10869,10869,3
2019-04-15 15:02:32.693,10868,10869,10868,1
2019-04-15 15:02:35.976,10868,10869,10869,1
2019-04-15 15:02:36.422,10868,10869,10869,2
2019-04-15 15:02:39.948,10868,10869,10869,2
2019-04-15 15:02:42.237,10868,10869,10869,2
2019-04-15 15:02:44.973,10868,10869,10869,1
2019-04-15 15:02:46.469,10868,10869,10869,1
2019-04-15 15:02:47.306,10868,10869,10869,2
2019-04-15 15:02:47.771,10868,10869,10869,1
2019-04-15 15:02:49.002,10868,10869,10869,1
2019-04-15 15:02:50.320,10868,10869,10869,1
2019-04-15 15:02:55.062,10868,10869,10869,2
2019-04-15 15:03:01.355,10868,10869,10869,1
2019-04-15 15:03:01.778,10868,10869,10869,2
2019-04-15 15:03:02.051,10868,10869,10869,1
2019-04-15 15:03:04.435,10868,10869,10869,1
2019-04-15 15:03:10.445,10868,10869,10869,2
2019-04-15 15:03:15.223,10868,10869,10869,1
2019-04-15 15:03:18.873,10868,10869,10869,3
2019-04-15 15:03:20.951,10868,10869,10869,1
2019-04-15 15:03:21.560,10868,10869,10869,2
2019-04-15 15:03:22.633,10868,10869,10869,3
2019-04-15 15:03:26.229,10868,10869,10869,1
2019-04-15 15:03:26.606,10868,10869,10869,1
2019-04-15 15:03:27.684,10868,10869,10869,1
2019-04-15 15:03:28.460,10868,10869,10869,1
2019-04-15 15:03:29.306,10868,10869,10869,1
2019-04-15 15:03:29.306,10868,10869,10870,1
2019-04-15 15:03:29.822,10868,10870,10870,1
2019-04-15 15:03:32.068,10868,10870,10868,1
2019-04-15 15:03:32.179,10868,10870,10869,1
2019-04-15 15:03:32.470,10868,10870,10868,1
2019-04-15 15:03:36.398,10868,10869,10869,2
2019-04-15 15:03:37.144,10868,10869,10870,1
2019-04-15 15:03:41.487,10869,10870,10870,1
2019-04-15 15:03:43.305,10869,10870,10870,2
2019-04-15 15:03:47.858,10869,10870,10870,1
2019-04-15 15:03:49.784,10869,10870,10870,2
2019-04-15 15:03:51.664,10869,10870,10870,5
2019-04-15 15:03:53.142,10869,10870,10869,5
2019-04-15 15:03:57.094,10868,10869,10869,1
2019-04-15 15:03:58.237,10868,10869,10868,20
2019-04-15 15:03:58.249,10868,10869,10869,2
2019-04-15 15:03:59.878,10867,10868,10868,1
2019-04-15 15:04:00.333,10867,10868,10868,1
2019-04-15 15:04:01.727,10867,10868,10868,1
2019-04-15 15:04:01.920,10867,10868,10868,1
2019-04-15 15:04:02.063,10867,10868,10868,2
2019-04-15 15:04:03.118,10867,10868,10868,1
2019-04-15 15:04:04.744,10867,10868,10868,1
2019-04-15 15:04:05.667,10867,10868,10868,2
2019-04-15 15:04:07.070,10867,10868,10868,1
2019-04-15 15:04:10.428,10867,10868,10867,1
2019-04-15 15:04:10.428,10867,10868,10867,6
2019-04-15 15:04:12.517,10866,10867,10867,2
2019-04-15 15:04:13.781,10866,10867,10867,1
2019-04-15 15:04:15.650,10866,10867,10867,1
2019-04-15 15:04:20.179,10866,10867,10867,2
2019-04-15 15:04:25.184,10866,10867,10867,1
2019-04-15 15:04:27.273,10866,10867,10867,6
2019-04-15 15:04:28.599,10866,10867,10867,2
2019-04-15 15:04:32.908,10866,10867,10866,1
2019-04-15 15:04:34.297,10866,10867,10867,2
2019-04-15 15:04:35.658,10866,10867,10867,2
2019-04-15 15:04:36.579,10866,10867,10867,1
2019-04-15 15:04:38.458,10866,10867,10867,1
2019-04-15 15:04:43.816,10866,10867,10867,2
2019-04-15 15:04:44.697,10866,10867,10867,4
2019-04-15 15:04:45.459,10866,10867,10866,5
2019-04-15 15:04:50.966,10866,10867,10867,1
2019-04-15 15:04:51.114,10866,10867,10867,2
2019-04-15 15:04:57.321,10866,10867,10867,2
2019-04-15 15:04:58.987,10866,10867,10867,4
2019-04-15 15:05:00.257,10866,10867,10866,2
2019-04-15 15:05:00.651,10866,10867,10866,1
2019-04-15 15:05:04.606,10866,10867,10867,5
2019-04-15 15:05:04.730,10866,10867,10867,1
2019-04-15 15:05:04.794,10866,10867,10867,1
2019-04-15 15:05:05.013,10866,10868,10867,1
2019-04-15 15:05:05.076,10867,10868,10867,2
2019-04-15 15:05:05.222,10866,10868,10866,1
2019-04-15 15:05:05.227,10866,10868,10866,1
2019-04-15 15:05:06.087,10866,10867,10867,1
2019-04-15 15:05:06.087,10866,10867,10868,1
2019-04-15 15:05:11.314,10867,10868,10868,1
2019-04-15 15:05:11.661,10867,10868,10867,1
2019-04-15 15:05:14.740,10867,10868,10868,2
2019-04-15 15:05:20.328,10867,10868,10868,11
2019-04-15 15:05:20.930,10868,10869,10868,1
2019-04-15 15:05:21.636,10868,10869,10868,8
2019-04-15 15:05:23.273,10867,10869,10869,2
2019-04-15 15:05:31.526,10868,10869,10869,2
2019-04-15 15:05:37.358,10868,10869,10868,1
2019-04-15 15:05:38.749,10868,10869,10869,1
2019-04-15 15:05:39.191,10868,10869,10869,2
2019-04-15 15:05:42.491,10868,10869,10869,1
2019-04-15 15:05:49.976,10868,10869,10869,2
2019-04-15 15:05:51.212,10868,10869,10868,4
2019-04-15 15:06:01.258,10867,10868,10868,2
2019-04-15 15:06:01.924,10867,10868,10868,2
2019-04-15 15:06:08.929,10867,10868,10868,2
2019-04-15 15:06:15.096,10867,10868,10868,2
2019-04-15 15:06:19.516,10867,10868,10868,3
2019-04-15 15:06:19.896,10867,10868,10868,1
2019-04-15 15:06:24.069,10867,10868,10868,2
2019-04-15 15:06:28.336,10867,10868,10868,1
2019-04-15 15:06:31.308,10867,10868,10868,2
2019-04-15 15:06:39.601,10867,10868,10868,1
2019-04-15 15:06:39.719,10867,10868,10868,1
2019-04-15 15:06:39.721,10867,10868,10868,3
2019-04-15 15:06:39.960,10868,10869,10868,2
2019-04-15 15:06:43.653,10868,10869,10869,1
2019-04-15 15:06:44.342,10868,10869,10869,2
2019-04-15 15:06:44.871,10868,10869,10868,2
2019-04-15 15:06:47.469,10867,10868,10868,1
2019-04-15 15:06:53.157,10867,10868,10868,1
2019-04-15 15:06:53.852,10867,10868,10868,1
2019-04-15 15:06:55.117,10867,10868,10868,1
2019-04-15 15:06:55.461,10867,10869,10869,2
2019-04-15 15:06:58.101,10867,10868,10867,1
2019-04-15 15:07:15.156,10868,10869,10868,1
2019-04-15 15:07:18.257,10868,10869,10868,3
2019-04-15 15:07:18.258,10868,10869,10868,1
2019-04-15 15:07:18.571,10867,10868,10868,1
2019-04-15 15:07:19.908,10867,10868,10868,1
2019-04-15 15:07:20.387,10867,10868,10867,1
2019-04-15 15:07:24.512,10867,10868,10868,1
2019-04-15 15:07:24.760,10867,10868,10867,1
2019-04-15 15:07:31.246,10867,10868,10867,1
2019-04-15 15:07:35.457,10867,10868,10868,1
2019-04-15 15:07:38.289,10867,10868,10868,1
2019-04-15 15:07:43.907,10867,10868,10868,1
2019-04-15 15:07:44.684,10867,10868,10867,1
2019-04-15 15:07:50.900,10867,10868,10867,1
2019-04-15 15:08:01.462,10867,10868,10868,2
2019-04-15 15:08:01.612,10867,10868,10868,1
2019-04-15 15:08:02.460,10867,10868,10867,1
2019-04-15 15:08:06.771,10867,10868,10868,1
2019-04-15 15:08:18.173,10867,10868,10868,2
2019-04-15 15:08:23.436,10867,10868,10867,3
2019-04-15 15:08:24.906,10867,10868,10868,1
2019-04-15 15:08:31.604,10867,10868,10868,1
2019-04-15 15:08:40.329,10867,10868,10868,1
2019-04-15 15:09:23.536,10867,10868,10868,1
2019-04-15 15:09:23.920,10867,10868,10867,1
2019-04-15 15:09:38.843,10867,10868,10868,2
2019-04-15 15:09:47.844,10867,10868,10868,1
2019-04-15 15:09:48.225,10867,10868,10868,3
2019-04-15 15:09:50.654,10867,10868,10868,1
2019-04-15 15:09:57.165,10867,10868,10868,1
2019-04-15 15:10:16.664,10867,10868,10867,1
2019-04-15 15:10:20.612,10867,10868,10867,11
2019-04-15 15:10:23.840,10866,10867,10867,1
2019-04-15 15:10:24.720,10866,10867,10867,1
2019-04-15 15:10:24.895,10866,10867,10867,1
2019-04-15 15:10:27.352,10866,10867,10867,1
2019-04-15 15:10:41.396,10866,10867,10866,45
2019-04-15 15:10:41.419,10866,10867,10866,1
2019-04-15 15:10:44.158,10865,10866,10866,1
2019-04-15 15:10:44.570,10865,10866,10865,13
2019-04-15 15:10:49.455,10865,10866,10865,1
2019-04-15 15:10:49.886,10865,10866,10865,6
2019-04-15 15:10:49.919,10865,10866,10865,1
2019-04-15 15:10:51.037,10864,10865,10865,1
2019-04-15 15:10:54.604,10864,10865,10865,1
2019-04-15 15:10:55.444,10864,10865,10865,1
2019-04-15 15:10:56.725,10864,10866,10864,5
2019-04-15 15:11:07.762,10864,10865,10864,1
2019-04-15 15:11:08.015,10864,10865,10864,1
2019-04-15 15:11:10.245,10864,10865,10864,1
2019-04-15 15:11:10.669,10864,10865,10864,10
2019-04-15 15:11:10.794,10864,10865,10864,8
2019-04-15 15:11:15.629,10863,10864,10863,1
2019-04-15 15:11:16.250,10863,10864,10864,5
2019-04-15 15:11:19.093,10863,10864,10863,1
2019-04-15 15:11:21.133,10863,10864,10864,1
2019-04-15 15:11:27.069,10863,10864,10864,1
2019-04-15 15:11:27.315,10863,10864,10864,1
2019-04-15 15:11:30.892,10863,10864,10863,1
2019-04-15 15:11:36.271,10863,10864,10863,1
2019-04-15 15:11:38.068,10863,10864,10863,1
2019-04-15 15:11:43.469,10863,10864,10863,25
2019-04-15 15:11:43.725,10862,10863,10862,3
2019-04-15 15:11:43.726,10862,10863,10862,2
2019-04-15 15:11:43.727,10862,10863,10862,1
2019-04-15 15:11:43.771,10862,10863,10862,3
2019-04-15 15:11:43.794,10862,10863,10862,2
2019-04-15 15:11:43.794,10862,10863,10862,2
2019-04-15 15:11:43.794,10862,10863,10862,2
2019-04-15 15:11:43.805,10862,10863,10862,1
2019-04-15 15:11:46.615,10861,10862,10861,1
2019-04-15 15:11:46.705,10861,10862,10861,1
2019-04-15 15:11:46.711,10861,10862,10861,1
2019-04-15 15:11:46.758,10861,10862,10861,2
2019-04-15 15:11:47.380,10861,10862,10861,7
2019-04-15 15:11:47.424,10861,10862,10861,3
2019-04-15 15:11:47.531,10861,10862,10861,1
2019-04-15 15:11:47.547,10861,10862,10861,1
2019-04-15 15:11:47.548,10861,10862,10861,6
2019-04-15 15:11:48.105,10860,10861,10860,4
2019-04-15 15:11:48.210,10860,10861,10860,1
2019-04-15 15:11:48.214,10860,10861,10860,1
2019-04-15 15:11:48.286,10860,10861,10860,5
2019-04-15 15:11:48.296,10860,10861,10860,2
2019-04-15 15:11:48.306,10860,10861,10860,2
2019-04-15 15:11:48.627,10860,10861,10860,2
2019-04-15 15:11:48.669,10860,10861,10860,1
2019-04-15 15:11:48.794,10860,10861,10860,2
2019-04-15 15:11:49.126,10859,10861,10859,1
2019-04-15 15:11:49.318,10859,10861,10859,1
2019-04-15 15:11:49.422,10859,10861,10859,1
2019-04-15 15:11:49.539,10859,10861,10859,2
2019-04-15 15:11:49.606,10859,10860,10859,1
2019-04-15 15:11:49.625,10859,10860,10859,1
2019-04-15 15:11:50.262,10859,10860,10860,3
2019-04-15 15:11:50.419,10859,10860,10860,1
2019-04-15 15:11:50.655,10860,10861,10860,2
2019-04-15 15:11:50.919,10859,10860,10860,2
2019-04-15 15:11:52.296,10859,10860,10860,1
2019-04-15 15:11:52.467,10859,10861,10859,2
2019-04-15 15:11:52.816,10859,10860,10860,1
2019-04-15 15:11:53.187,10859,10861,10860,1
2019-04-15 15:11:54.594,10859,10861,10859,2
2019-04-15 15:11:56.191,10860,10861,10860,3
2019-04-15 15:11:56.191,10860,10861,10859,2
2019-04-15 15:11:58.332,10859,10861,10859,1
2019-04-15 15:11:59.492,10859,10860,10860,1
2019-04-15 15:12:01.098,10860,10861,10860,3
2019-04-15 15:12:01.480,10860,10861,10860,5
2019-04-15 15:12:01.736,10859,10861,10859,12
2019-04-15 15:12:01.794,10860,10861,10860,1
2019-04-15 15:12:01.794,10860,10861,10860,2
2019-04-15 15:12:02.408,10859,10860,10860,1
2019-04-15 15:12:02.452,10859,10860,10859,9
2019-04-15 15:12:07.827,10859,10860,10860,1
2019-04-15 15:12:08.085,10859,10860,10860,1
2019-04-15 15:12:08.153,10859,10860,10860,2
2019-04-15 15:12:08.334,10859,10860,10860,6
2019-04-15 15:12:09.060,10860,10861,10860,3
2019-04-15 15:12:10.734,10860,10861,10860,2
2019-04-15 15:12:10.903,10860,10861,10860,3
2019-04-15 15:12:11.475,10860,10861,10860,8
2019-04-15 15:12:11.735,10859,10860,10859,3
2019-04-15 15:12:12.449,10859,10860,10859,10
2019-04-15 15:12:13.509,10859,10860,10860,2
2019-04-15 15:12:14.031,10859,10860,10859,1
2019-04-15 15:12:15.385,10859,10860,10860,1
2019-04-15 15:12:24.152,10859,10860,10860,5
2019-04-15 15:12:24.740,10859,10860,10860,3
2019-04-15 15:12:24.942,10859,10860,10859,5
2019-04-15 15:12:32.286,10859,10860,10859,1
2019-04-15 15:12:33.349,10859,10860,10860,1
2019-04-15 15:12:36.608,10859,10860,10860,1
2019-04-15 15:12:38.086,10859,10860,10859,5
2019-04-15 15:12:38.449,10859,10860,10859,1
2019-04-15 15:12:39.689,10859,10860,10859,1
2019-04-15 15:12:39.994,10859,10860,10859,7
2019-04-15 15:12:39.994,10859,10860,10858,3
2019-04-15 15:12:40.086,10858,10860,10858,5
2019-04-15 15:12:40.201,10859,10860,10859,1
2019-04-15 15:12:40.322,10859,10860,10859,2
2019-04-15 15:12:40.322,10859,10860,10858,2
2019-04-15 15:12:40.926,10859,10860,10859,1
2019-04-15 15:12:40.963,10859,10860,10859,1
2019-04-15 15:12:41.009,10859,10860,10859,2
2019-04-15 15:12:41.156,10859,10860,10859,2
2019-04-15 15:12:41.723,10859,10860,10859,2
2019-04-15 15:12:42.279,10859,10860,10859,2
2019-04-15 15:12:43.623,10859,10860,10859,3
2019-04-15 15:12:43.671,10858,10859,10859,18
2019-04-15 15:12:43.909,10858,10860,10859,11
2019-04-15 15:12:44.015,10858,10859,10858,4
2019-04-15 15:12:46.488,10858,10859,10859,1
2019-04-15 15:12:46.764,10858,10859,10858,1
2019-04-15 15:12:46.799,10858,10859,10858,10
2019-04-15 15:12:47.049,10858,10859,10859,1
2019-04-15 15:12:47.637,10858,10859,10859,1
2019-04-15 15:12:53.824,10858,10859,10858,2
2019-04-15 15:12:54.798,10858,10859,10858,5
2019-04-15 15:12:55.097,10858,10859,10859,5
2019-04-15 15:12:56.121,10858,10859,10859,6
2019-04-15 15:12:57.935,10859,10860,10860,2
2019-04-15 15:13:03.232,10859,10860,10859,2
2019-04-15 15:13:03.495,10859,10860,10859,1
2019-04-15 15:13:03.960,10859,10860,10859,1
2019-04-15 15:13:03.980,10859,10860,10859,1
2019-04-15 15:13:04.576,10859,10860,10859,1
2019-04-15 15:13:04.794,10859,10860,10859,4
2019-04-15 15:13:04.863,10859,10860,10859,1
2019-04-15 15:13:05.817,10858,10859,10859,1
2019-04-15 15:13:08.062,10858,10859,10859,3
2019-04-15 15:13:08.996,10858,10859,10859,1
2019-04-15 15:13:12.241,10859,10860,10859,2
2019-04-15 15:13:12.478,10859,10860,10859,2
2019-04-15 15:13:12.715,10859,10860,10859,2
2019-04-15 15:13:12.952,10859,10860,10859,2
2019-04-15 15:13:13.191,10859,10860,10859,2
2019-04-15 15:13:13.294,10859,10860,10859,1
2019-04-15 15:13:13.431,10858,10860,10859,1
2019-04-15 15:13:13.800,10858,10859,10859,1
2019-04-15 15:13:14.684,10858,10859,10859,1
2019-04-15 15:13:21.395,10858,10859,10859,1
2019-04-15 15:13:22.827,10858,10859,10859,1
2019-04-15 15:13:29.206,10858,10859,10859,1
2019-04-15 15:13:30.332,10858,10859,10858,1
2019-04-15 15:13:37.581,10858,10859,10858,20
2019-04-15 15:13:37.856,10858,10859,10858,1
2019-04-15 15:13:39.826,10858,10859,10859,1
2019-04-15 15:13:39.838,10858,10859,10859,1
2019-04-15 15:13:40.869,10858,10859,10859,1
2019-04-15 15:13:43.576,10858,10859,10858,1
2019-04-15 15:13:44.126,10858,10859,10859,2
2019-04-15 15:13:46.661,10858,10859,10859,1
2019-04-15 15:13:46.943,10858,10859,10858,4
2019-04-15 15:13:53.091,10858,10859,10859,1
2019-04-15 15:13:53.139,10858,10859,10858,12
2019-04-15 15:13:55.966,10858,10859,10859,1
2019-04-15 15:13:56.084,10858,10859,10858,1
2019-04-15 15:14:02.429,10858,10859,10858,1
2019-04-15 15:14:02.446,10858,10859,10859,1
2019-04-15 15:14:11.872,10858,10859,10859,4
2019-04-15 15:14:11.872,10858,10859,10859,14
2019-04-15 15:14:11.872,10858,10859,10859,3
2019-04-15 15:14:11.872,10858,10859,10860,18
2019-04-15 15:14:11.872,10858,10859,10860,20
2019-04-15 15:14:11.872,10858,10859,10860,41
2019-04-15 15:14:11.872,10858,10859,10860,21
2019-04-15 15:14:11.872,10858,10859,10860,41
2019-04-15 15:14:11.872,10858,10859,10860,4
2019-04-15 15:14:11.872,10858,10859,10860,4
2019-04-15 15:14:11.872,10858,10859,10860,14
2019-04-15 15:14:11.872,10858,10859,10860,14
2019-04-15 15:14:11.872,10858,10859,10860,20
2019-04-15 15:14:11.872,10858,10859,10860,20
2019-04-15 15:14:11.872,10858,10859,10860,21
2019-04-15 15:14:11.872,10858,10859,10860,10
2019-04-15 15:14:11.919,10860,10861,10860,4
2019-04-15 15:14:11.920,10860,10861,10861,1
2019-04-15 15:14:11.920,10860,10861,10861,4
2019-04-15 15:14:11.920,10860,10861,10860,2
2019-04-15 15:14:11.920,10860,10861,10861,2
2019-04-15 15:14:11.921,10860,10861,10861,4
2019-04-15 15:14:11.921,10860,10861,10861,1
2019-04-15 15:14:11.921,10860,10861,10861,9
2019-04-15 15:14:11.922,10860,10861,10861,3
2019-04-15 15:14:11.940,10860,10861,10862,1
2019-04-15 15:14:12.045,10861,10862,10861,2
2019-04-15 15:14:12.049,10861,10862,10862,5
2019-04-15 15:14:12.169,10861,10862,10862,2
2019-04-15 15:14:12.171,10861,10862,10862,3
2019-04-15 15:14:12.294,10861,10862,10862,2
2019-04-15 15:14:12.294,10861,10862,10862,1
2019-04-15 15:14:12.294,10861,10862,10862,1
2019-04-15 15:14:12.419,10861,10863,10863,3
2019-04-15 15:14:12.420,10861,10863,10863,5
2019-04-15 15:14:12.447,10861,10863,10862,1
2019-04-15 15:14:12.544,10861,10862,10862,1
2019-04-15 15:14:12.669,10862,10863,10863,5
2019-04-15 15:14:12.798,10862,10863,10863,1
2019-04-15 15:14:15.392,10862,10863,10863,4
2019-04-15 15:14:22.528,10862,10863,10862,1
2019-04-15 15:14:23.115,10862,10863,10862,8
2019-04-15 15:14:23.169,10861,10862,10862,1
2019-04-15 15:14:28.890,10861,10862,10862,1
2019-04-15 15:14:37.337,10861,10862,10861,1
2019-04-15 15:14:38.448,10861,10862,10861,1
2019-04-15 15:14:46.426,10861,10862,10861,10
2019-04-15 15:14:46.545,10861,10862,10861,2
2019-04-15 15:14:46.583,10861,10862,10861,2
2019-04-15 15:14:51.034,10860,10861,10860,1
2019-04-15 15:14:51.396,10860,10861,10861,1
2019-04-15 15:15:02.080,10860,10861,10860,2
2019-04-15 15:15:02.171,10860,10861,10860,8
2019-04-15 15:15:02.294,10860,10861,10860,1
2019-04-15 15:15:02.294,10860,10861,10860,2
2019-04-15 15:15:02.323,10860,10861,10860,1
2019-04-15 15:15:02.550,10859,10860,10859,1
2019-04-15 15:15:02.641,10859,10860,10859,8
2019-04-15 15:15:02.738,10859,10860,10859,1
2019-04-15 15:15:02.944,10859,10860,10859,1
2019-04-15 15:15:03.082,10859,10860,10859,2
2019-04-15 15:15:03.095,10859,10860,10859,1
2019-04-15 15:15:03.120,10859,10860,10859,1
2019-04-15 15:15:03.121,10859,10860,10859,1
2019-04-15 15:15:03.126,10859,10860,10859,1
2019-04-15 15:15:03.126,10859,10860,10858,1
2019-04-15 15:15:04.057,10858,10859,10858,1
2019-04-15 15:15:09.159,10858,10859,10859,1
2019-04-15 15:15:09.169,10858,10859,10859,1
2019-04-15 15:15:12.282,10859,10860,10859,10
2019-04-15 15:15:13.067,10858,10860,10860,1
2019-04-15 15:15:18.593,10859,10861,10861,1
2019-04-15 15:15:20.020,10859,10860,10860,1
2019-04-15 15:15:22.651,10859,10861,10859,40
2019-04-15 15:15:33.555,10858,10859,10859,1
2019-04-15 15:15:37.587,10859,10860,10859,10
2019-04-15 15:15:45.905,10859,10860,10859,15
2019-04-15 15:15:45.908,10859,10860,10859,2
2019-04-15 15:15:47.004,10858,10859,10859,1
2019-04-15 15:15:48.687,10858,10859,10859,2
2019-04-15 15:15:49.211,10859,10860,10859,1
2019-04-15 15:15:51.411,10859,10860,10860,1
2019-04-15 15:15:53.609,10859,10860,10860,1
2019-04-15 15:15:55.353,10859,10860,10859,7
2019-04-15 15:15:55.353,10859,10860,10858,80
2019-04-15 15:15:55.353,10859,10860,10857,13
2019-04-15 15:15:55.373,10859,10860,10859,1
2019-04-15 15:15:55.407,10859,10860,10859,2
2019-04-15 15:15:55.419,10858,10859,10858,1
2019-04-15 15:15:55.419,10858,10859,10858,2
2019-04-15 15:15:55.449,10858,10859,10857,3
2019-04-15 15:15:55.475,10858,10859,10857,3
2019-04-15 15:15:55.476,10858,10859,10857,3
2019-04-15 15:15:55.545,10857,10858,10857,5
2019-04-15 15:15:55.547,10857,10858,10857,5
2019-04-15 15:15:55.669,10857,10858,10857,2
2019-04-15 15:15:55.669,10857,10858,10857,1
2019-04-15 15:15:55.669,10857,10858,10857,3
2019-04-15 15:15:55.797,10856,10857,10857,1
2019-04-15 15:15:55.820,10856,10857,10856,4
2019-04-15 15:15:56.420,10856,10857,10856,1
2019-04-15 15:15:56.488,10856,10857,10856,1
2019-04-15 15:15:56.844,10856,10857,10856,1
2019-04-15 15:15:56.862,10856,10857,10857,3
2019-04-15 15:15:56.959,10856,10857,10856,3
2019-04-15 15:15:56.962,10856,10857,10856,1
2019-04-15 15:15:56.968,10856,10857,10856,5
2019-04-15 15:15:56.979,10856,10857,10856,1
2019-04-15 15:15:56.982,10856,10857,10856,5
2019-04-15 15:15:57.087,10856,10857,10856,6
2019-04-15 15:15:57.089,10856,10857,10856,2
2019-04-15 15:15:57.090,10856,10857,10856,2
2019-04-15 15:15:57.091,10856,10857,10856,1
2019-04-15 15:15:57.093,10856,10857,10856,2
2019-04-15 15:15:57.095,10856,10857,10856,5
2019-04-15 15:15:57.115,10856,10857,10856,1
2019-04-15 15:15:57.129,10856,10857,10856,1
2019-04-15 15:15:57.131,10856,10857,10856,2
2019-04-15 15:15:57.166,10856,10857,10856,1
2019-04-15 15:15:57.169,10856,10857,10856,3
2019-04-15 15:15:57.172,10856,10857,10855,2
2019-04-15 15:15:57.218,10856,10857,10855,2
2019-04-15 15:15:57.241,10856,10857,10855,1
2019-04-15 15:15:57.263,10856,10857,10855,2
2019-04-15 15:15:57.294,10855,10856,10855,1
2019-04-15 15:15:57.294,10855,10856,10855,2
2019-04-15 15:15:57.295,10855,10856,10855,5
2019-04-15 15:15:57.300,10855,10856,10855,1
2019-04-15 15:15:57.316,10855,10856,10855,1
2019-04-15 15:15:57.355,10855,10856,10855,18
2019-04-15 15:15:57.355,10855,10856,10854,5
2019-04-15 15:15:57.368,10855,10856,10854,2
2019-04-15 15:15:57.419,10855,10856,10855,3
2019-04-15 15:15:57.425,10855,10856,10854,2
2019-04-15 15:15:57.491,10855,10856,10854,4
2019-04-15 15:15:57.543,10855,10856,10855,1
2019-04-15 15:15:57.574,10854,10855,10854,4
2019-04-15 15:15:57.574,10854,10855,10853,6
2019-04-15 15:15:57.584,10854,10855,10853,1
2019-04-15 15:15:57.669,10853,10855,10854,1
2019-04-15 15:15:57.795,10854,10855,10854,2
2019-04-15 15:15:57.939,10854,10855,10854,1
2019-04-15 15:15:58.126,10854,10855,10854,1
2019-04-15 15:15:58.200,10854,10855,10854,2
2019-04-15 15:15:58.595,10854,10855,10854,1
2019-04-15 15:15:58.602,10854,10855,10854,1
2019-04-15 15:15:58.817,10854,10855,10854,1
2019-04-15 15:15:58.919,10854,10855,10854,1
2019-04-15 15:15:59.193,10854,10855,10854,1
2019-04-15 15:15:59.332,10854,10855,10854,1
2019-04-15 15:15:59.417,10854,10855,10854,1
2019-04-15 15:15:59.590,10854,10855,10854,1
2019-04-15 15:16:00.762,10854,10855,10854,1
2019-04-15 15:16:01.066,10854,10855,10855,36
2019-04-15 15:16:01.765,10855,10856,10855,1
2019-04-15 15:16:01.782,10855,10856,10855,3
2019-04-15 15:16:01.795,10855,10856,10855,1
2019-04-15 15:16:02.029,10855,10856,10856,2
2019-04-15 15:16:02.320,10855,10856,10856,1
2019-04-15 15:16:02.320,10855,10856,10855,9
2019-04-15 15:16:02.333,10855,10856,10856,1
2019-04-15 15:16:06.043,10856,10857,10856,1
2019-04-15 15:16:06.296,10855,10856,10856,1
2019-04-15 15:16:06.496,10855,10857,10855,1
2019-04-15 15:16:07.095,10855,10856,10856,2
2019-04-15 15:16:07.258,10855,10856,10856,1
2019-04-15 15:16:08.523,10855,10856,10855,1
2019-04-15 15:16:10.865,10855,10856,10855,3
2019-04-15 15:16:12.847,10855,10856,10855,1
2019-04-15 15:16:12.862,10855,10856,10855,1
2019-04-15 15:16:13.621,10855,10856,10855,3
2019-04-15 15:16:14.046,10855,10856,10856,10
2019-04-15 15:16:14.434,10855,10857,10855,1
2019-04-15 15:16:15.317,10856,10857,10856,2
2019-04-15 15:16:16.025,10856,10857,10856,1
2019-04-15 15:16:19.203,10856,10857,10857,3
2019-04-15 15:16:19.203,10856,10857,10857,38
2019-04-15 15:16:19.203,10856,10857,10857,31
2019-04-15 15:16:19.203,10856,10857,10857,16
2019-04-15 15:16:19.203,10856,10857,10858,6
2019-04-15 15:16:19.203,10856,10857,10858,6
2019-04-15 15:16:19.204,10856,10857,10858,4
2019-04-15 15:16:19.209,10856,10857,10858,1
2019-04-15 15:16:19.226,10856,10857,10858,2
2019-04-15 15:16:19.294,10857,10858,10858,11
2019-04-15 15:16:20.045,10858,10859,10859,5
2019-04-15 15:16:20.169,10858,10860,10859,1
2019-04-15 15:16:20.276,10858,10860,10859,1
2019-04-15 15:16:20.294,10859,10860,10859,1
2019-04-15 15:16:20.419,10858,10860,10859,1
2019-04-15 15:16:22.425,10858,10860,10858,1
2019-04-15 15:16:27.069,10858,10859,10858,4
2019-04-15 15:16:27.254,10858,10859,10858,1
2019-04-15 15:16:30.850,10858,10859,10858,5
2019-04-15 15:16:37.446,10857,10858,10858,1
2019-04-15 15:16:50.783,10857,10858,10858,5
2019-04-15 15:16:53.801,10857,10858,10857,5
2019-04-15 15:17:01.940,10857,10858,10858,5
2019-04-15 15:17:04.868,10857,10858,10858,5
2019-04-15 15:17:11.577,10857,10858,10858,5
2019-04-15 15:17:15.941,10857,10858,10858,1
2019-04-15 15:17:17.730,10857,10858,10858,1
2019-04-15 15:17:18.443,10857,10858,10858,1
2019-04-15 15:17:19.910,10857,10858,10858,1
2019-04-15 15:17:23.422,10858,10859,10858,5
2019-04-15 15:17:24.696,10858,10859,10858,1
2019-04-15 15:17:30.901,10858,10859,10858,1
2019-04-15 15:17:32.103,10858,10859,10859,2
2019-04-15 15:17:33.229,10858,10859,10859,2
2019-04-15 15:17:36.537,10858,10859,10859,1
2019-04-15 15:17:38.020,10858,10859,10858,10
2019-04-15 15:17:43.336,10858,10859,10858,2
2019-04-15 15:17:48.316,10858,10859,10858,10
2019-04-15 15:17:50.525,10858,10859,10858,5
2019-04-15 15:17:52.100,10858,10859,10859,1
2019-04-15 15:18:00.368,10858,10859,10858,2
2019-04-15 15:18:01.082,10858,10859,10859,2
2019-04-15 15:18:07.149,10858,10859,10859,6
2019-04-15 15:18:08.758,10859,10860,10859,1
2019-04-15 15:18:11.899,10859,10860,10860,7
2019-04-15 15:18:11.952,10859,10860,10859,1
2019-04-15 15:18:16.818,10859,10860,10860,1
2019-04-15 15:18:19.818,10859,10860,10860,1
2019-04-15 15:18:24.739,10859,10860,10859,10
2019-04-15 15:18:24.896,10859,10860,10860,1
2019-04-15 15:18:29.323,10859,10860,10860,2
2019-04-15 15:18:29.732,10859,10860,10860,2
2019-04-15 15:18:44.102,10859,10860,10859,1
2019-04-15 15:18:46.872,10859,10860,10860,7
2019-04-15 15:18:46.935,10859,10860,10860,1
2019-04-15 15:18:53.850,10859,10860,10860,1
2019-04-15 15:18:55.541,10859,10860,10860,3
2019-04-15 15:18:55.785,10859,10860,10860,1
2019-04-15 15:18:56.559,10859,10860,10860,1
2019-04-15 15:18:57.038,10859,10860,10860,3
2019-04-15 15:19:00.811,10860,10861,10860,10
2019-04-15 15:19:06.628,10860,10861,10860,4
2019-04-15 15:19:06.674,10859,10860,10860,1
2019-04-15 15:19:16.022,10860,10861,10860,4
2019-04-15 15:19:16.846,10859,10860,10860,1
2019-04-15 15:19:24.872,10860,10861,10860,2
2019-04-15 15:19:40.944,10860,10861,10860,1
2019-04-15 15:19:40.944,10860,10861,10860,1
2019-04-15 15:19:46.208,10860,10861,10860,7
2019-04-15 15:19:48.241,10859,10860,10860,3
2019-04-15 15:19:49.404,10859,10860,10860,1
2019-04-15 15:19:49.404,10859,10860,10861,12
2019-04-15 15:20:04.448,10860,10861,10861,1
2019-04-15 15:20:05.295,10860,10861,10860,1
2019-04-15 15:20:05.591,10860,10861,10860,1
2019-04-15 15:20:18.982,10860,10861,10861,6
2019-04-15 15:20:21.329,10860,10861,10861,1
2019-04-15 15:20:26.462,10860,10861,10861,2
2019-04-15 15:20:33.258,10860,10861,10861,1
2019-04-15 15:20:38.128,10860,10861,10861,5
2019-04-15 15:20:39.537,10860,10861,10861,1
2019-04-15 15:20:39.980,10860,10861,10861,4
2019-04-15 15:20:41.364,10860,10861,10861,1
2019-04-15 15:20:42.046,10860,10861,10861,3
2019-04-15 15:20:48.078,10861,10862,10862,2
2019-04-15 15:20:48.224,10861,10862,10862,2
2019-04-15 15:20:48.498,10861,10862,10862,1
2019-04-15 15:20:56.411,10861,10862,10861,1
2019-04-15 15:20:57.570,10861,10862,10862,1
2019-04-15 15:20:59.004,10861,10862,10862,1
2019-04-15 15:21:04.339,10861,10862,10862,1
2019-04-15 15:21:12.908,10861,10862,10862,2
2019-04-15 15:21:17.748,10861,10862,10862,1
2019-04-15 15:21:17.887,10861,10862,10862,11
2019-04-15 15:21:19.639,10861,10862,10862,4
2019-04-15 15:21:19.639,10861,10862,10863,1
2019-04-15 15:21:20.097,10861,10863,10862,2
2019-04-15 15:21:21.123,10862,10863,10863,1
2019-04-15 15:21:22.647,10862,10863,10862,1
2019-04-15 15:21:37.655,10861,10862,10861,41
2019-04-15 15:21:38.094,10860,10861,10861,1
2019-04-15 15:21:40.159,10860,10861,10861,1
2019-04-15 15:21:44.738,10860,10861,10861,2
2019-04-15 15:21:50.537,10860,10861,10861,1
2019-04-15 15:21:53.042,10860,10861,10860,1
2019-04-15 15:22:11.525,10860,10861,10861,1
2019-04-15 15:22:11.841,10860,10861,10860,1
2019-04-15 15:22:12.092,10860,10861,10861,4
2019-04-15 15:22:14.157,10860,10861,10861,1
2019-04-15 15:22:18.475,10860,10861,10861,1
2019-04-15 15:22:21.883,10860,10861,10861,5
2019-04-15 15:22:22.815,10860,10861,10861,2
2019-04-15 15:22:30.026,10860,10861,10861,1
2019-04-15 15:22:32.065,10860,10861,10861,1
2019-04-15 15:22:45.391,10860,10861,10860,2
2019-04-15 15:22:47.167,10860,10861,10860,14
2019-04-15 15:22:47.169,10860,10861,10860,8
2019-04-15 15:22:47.169,10860,10861,10860,3
2019-04-15 15:22:53.681,10859,10860,10860,2
2019-04-15 15:23:00.062,10859,10860,10860,1
2019-04-15 15:23:12.166,10859,10860,10859,1
2019-04-15 15:23:13.309,10859,10860,10860,1
2019-04-15 15:23:19.098,10859,10860,10860,1
2019-04-15 15:23:40.189,10859,10860,10860,1
2019-04-15 15:23:49.593,10859,10860,10860,1
2019-04-15 15:23:58.372,10859,10860,10860,2
2019-04-15 15:23:58.372,10859,10860,10860,2
2019-04-15 15:23:58.372,10859,10860,10860,4
2019-04-15 15:23:58.372,10859,10860,10860,1
2019-04-15 15:23:58.372,10859,10860,10860,6
2019-04-15 15:23:58.373,10859,10860,10860,1
2019-04-15 15:23:58.380,10859,10860,10860,6
2019-04-15 15:24:03.178,10860,10861,10861,5
2019-04-15 15:24:14.168,10860,10861,10861,1
2019-04-15 15:24:16.200,10860,10861,10860,5
2019-04-15 15:24:18.793,10859,10860,10860,9
2019-04-15 15:24:18.793,10859,10860,10860,1
2019-04-15 15:24:27.724,10860,10861,10860,1
2019-04-15 15:24:30.263,10860,10861,10860,1
2019-04-15 15:24:33.839,10860,10861,10860,1
2019-04-15 15:24:41.138,10860,10861,10860,2
2019-04-15 15:25:09.895,10860,10861,10860,1
2019-04-15 15:25:11.336,10860,10861,10860,2
2019-04-15 15:25:11.573,10860,10861,10860,2
2019-04-15 15:25:11.810,10860,10861,10860,2
2019-04-15 15:25:13.717,10860,10861,10860,1
2019-04-15 15:25:20.782,10859,10860,10860,1
2019-04-15 15:25:54.569,10859,10860,10860,2
2019-04-15 15:26:00.271,10859,10860,10860,2
2019-04-15 15:26:01.014,10859,10860,10860,1
2019-04-15 15:26:07.392,10859,10860,10860,1
2019-04-15 15:26:14.535,10859,10860,10860,3
2019-04-15 15:26:34.459,10859,10860,10860,1
2019-04-15 15:26:35.465,10859,10860,10860,1
2019-04-15 15:26:36.138,10859,10860,10860,1
2019-04-15 15:26:43.090,10859,10860,10860,2
2019-04-15 15:26:56.453,10859,10860,10860,2
2019-04-15 15:26:56.453,10859,10860,10860,1
2019-04-15 15:26:57.873,10860,10861,10860,1
2019-04-15 15:27:00.585,10860,10861,10860,1
2019-04-15 15:27:00.590,10860,10861,10860,2
2019-04-15 15:27:00.885,10860,10861,10860,1
2019-04-15 15:27:03.301,10859,10860,10860,1
2019-04-15 15:27:03.933,10859,10860,10859,1
2019-04-15 15:27:27.784,10859,10860,10860,1
2019-04-15 15:27:36.208,10859,10860,10860,3
2019-04-15 15:27:56.949,10859,10860,10860,1
2019-04-15 15:28:04.682,10859,10860,10859,10
2019-04-15 15:28:04.794,10859,10860,10859,9
2019-04-15 15:28:04.919,10859,10860,10859,1
2019-04-15 15:28:05.241,10859,10860,10859,1
2019-04-15 15:28:05.249,10859,10860,10859,1
2019-04-15 15:28:05.294,10859,10860,10859,2
2019-04-15 15:28:05.294,10859,10860,10859,1
2019-04-15 15:28:05.294,10859,10860,10859,2
2019-04-15 15:28:05.294,10859,10860,10859,4
2019-04-15 15:28:05.295,10859,10860,10859,92
2019-04-15 15:28:05.419,10858,10859,10858,4
2019-04-15 15:28:05.422,10858,10859,10858,4
2019-04-15 15:28:05.544,10858,10859,10858,8
2019-04-15 15:28:05.544,10858,10859,10858,11
2019-04-15 15:28:08.312,10857,10858,10858,1
2019-04-15 15:28:10.960,10857,10858,10857,1
2019-04-15 15:28:13.488,10857,10858,10857,1
2019-04-15 15:28:15.598,10857,10858,10857,4
2019-04-15 15:28:15.714,10857,10858,10858,1
2019-04-15 15:28:16.613,10857,10858,10858,1
2019-04-15 15:28:16.847,10857,10858,10857,2
2019-04-15 15:28:17.045,10857,10858,10857,2
2019-04-15 15:28:17.836,10857,10858,10857,11
2019-04-15 15:28:17.919,10857,10858,10857,5
2019-04-15 15:28:17.919,10857,10858,10857,1
2019-04-15 15:28:18.660,10857,10858,10857,2
2019-04-15 15:28:19.003,10856,10857,10857,1
2019-04-15 15:28:24.324,10856,10857,10856,1
2019-04-15 15:28:24.427,10856,10857,10857,2
2019-04-15 15:28:26.049,10856,10857,10856,1
2019-04-15 15:28:26.690,10856,10857,10857,1
2019-04-15 15:28:50.136,10857,10858,10857,1
2019-04-15 15:28:51.629,10857,10858,10857,1
2019-04-15 15:28:51.794,10857,10858,10857,1
2019-04-15 15:28:58.765,10857,10858,10858,1
2019-04-15 15:28:59.028,10857,10858,10857,1
2019-04-15 15:29:04.254,10857,10858,10858,1
2019-04-15 15:29:04.544,10857,10858,10857,1
2019-04-15 15:29:05.372,10857,10858,10857,1
2019-04-15 15:29:07.470,10857,10858,10857,15
2019-04-15 15:29:13.069,10856,10857,10857,5
2019-04-15 15:29:13.926,10856,10857,10857,1
2019-04-15 15:29:16.334,10856,10857,10857,1
2019-04-15 15:29:16.919,10856,10857,10856,1
2019-04-15 15:29:19.477,10856,10857,10857,1
2019-04-15 15:29:20.357,10856,10857,10857,1
2019-04-15 15:29:21.125,10856,10857,10857,1
2019-04-15 15:29:25.330,10856,10857,10857,1
2019-04-15 15:29:26.571,10856,10857,10857,1
2019-04-15 15:29:31.678,10856,10857,10856,6
2019-04-15 15:29:32.707,10856,10857,10856,1
2019-04-15 15:29:33.606,10856,10857,10857,1
2019-04-15 15:29:36.866,10856,10857,10856,1
2019-04-15 15:29:37.726,10856,10857,10856,1
2019-04-15 15:29:38.254,10856,10857,10856,1
2019-04-15 15:29:39.765,10856,10857,10856,1
2019-04-15 15:29:41.898,10856,10857,10856,1
2019-04-15 15:29:43.905,10856,10857,10856,3
2019-04-15 15:29:44.428,10856,10857,10857,1
2019-04-15 15:29:46.324,10856,10857,10856,1
2019-04-15 15:29:51.870,10856,10857,10856,5
2019-04-15 15:30:03.675,10856,10857,10857,1
2019-04-15 15:30:03.896,10856,10857,10856,2
2019-04-15 15:30:04.040,10856,10857,10856,2
2019-04-15 15:30:04.107,10856,10857,10856,1
2019-04-15 15:30:04.170,10856,10857,10856,12
2019-04-15 15:30:04.387,10856,10857,10857,1
2019-04-15 15:30:04.410,10856,10857,10856,1
2019-04-15 15:30:04.478,10856,10857,10856,5
2019-04-15 15:30:04.523,10856,10857,10856,1
2019-04-15 15:30:04.539,10856,10857,10856,2
2019-04-15 15:30:04.548,10856,10857,10856,1
2019-04-15 15:30:04.573,10856,10857,10856,1
2019-04-15 15:30:04.599,10856,10857,10856,1
2019-04-15 15:30:05.155,10856,10857,10857,3
2019-04-15 15:30:05.163,10856,10857,10856,1
2019-04-15 15:30:05.167,10856,10857,10857,1
2019-04-15 15:30:06.162,10856,10857,10856,3
2019-04-15 15:30:07.311,10856,10857,10856,1
2019-04-15 15:30:08.909,10856,10857,10856,10
2019-04-15 15:30:09.232,10856,10857,10856,1
2019-04-15 15:30:09.972,10856,10857,10856,2
2019-04-15 15:30:10.766,10856,10857,10856,3
2019-04-15 15:30:11.423,10856,10857,10856,16
2019-04-15 15:30:14.513,10855,10856,10856,2
2019-04-15 15:30:23.395,10855,10856,10856,2
2019-04-15 15:30:34.870,10855,10856,10856,1
2019-04-15 15:30:35.666,10855,10856,10855,1
2019-04-15 15:30:42.457,10855,10856,10855,1
2019-04-15 15:30:42.718,10855,10856,10855,4
2019-04-15 15:30:42.743,10855,10856,10855,1
2019-04-15 15:30:42.810,10855,10856,10855,1
2019-04-15 15:30:43.128,10855,10856,10855,3
2019-04-15 15:30:43.687,10855,10856,10855,4
2019-04-15 15:30:43.794,10855,10856,10855,5
2019-04-15 15:30:43.794,10855,10856,10855,3
2019-04-15 15:30:43.794,10855,10856,10855,4
2019-04-15 15:30:43.794,10855,10856,10855,9
2019-04-15 15:30:43.794,10855,10856,10855,1
2019-04-15 15:30:44.645,10854,10855,10854,2
2019-04-15 15:30:44.664,10854,10855,10854,2
2019-04-15 15:30:46.101,10854,10855,10855,1
2019-04-15 15:30:48.700,10854,10855,10854,2
2019-04-15 15:30:51.218,10854,10855,10854,2
2019-04-15 15:30:51.995,10854,10855,10854,2
2019-04-15 15:30:53.976,10854,10855,10855,8
2019-04-15 15:30:54.995,10854,10855,10855,6
2019-04-15 15:30:59.030,10854,10855,10855,1
2019-04-15 15:31:06.270,10854,10855,10855,2
2019-04-15 15:31:06.357,10854,10855,10855,1
2019-04-15 15:31:09.368,10854,10855,10855,1
2019-04-15 15:31:11.879,10854,10855,10855,3
2019-04-15 15:31:15.339,10854,10855,10854,1
2019-04-15 15:31:18.027,10854,10855,10855,1
2019-04-15 15:31:18.470,10854,10855,10855,1
2019-04-15 15:31:22.845,10854,10855,10855,1
2019-04-15 15:31:28.149,10854,10855,10855,1
2019-04-15 15:31:30.941,10854,10855,10855,2
2019-04-15 15:31:35.177,10854,10855,10855,1
2019-04-15 15:31:41.101,10854,10855,10855,25
2019-04-15 15:31:41.729,10855,10856,10856,4
2019-04-15 15:31:41.730,10855,10856,10856,1
2019-04-15 15:31:41.732,10855,10856,10856,1
2019-04-15 15:31:42.198,10855,10857,10855,1
2019-04-15 15:31:42.219,10855,10857,10855,1
2019-04-15 15:31:44.066,10855,10857,10855,10
2019-04-15 15:31:46.502,10855,10856,10856,1
2019-04-15 15:31:51.927,10855,10856,10856,1
2019-04-15 15:31:55.825,10855,10857,10857,2
2019-04-15 15:31:57.512,10856,10857,10857,2
2019-04-15 15:31:57.741,10856,10857,10856,1
2019-04-15 15:31:59.753,10855,10856,10856,1
2019-04-15 15:32:00.955,10855,10856,10855,1
2019-04-15 15:32:09.852,10855,10856,10856,1
2019-04-15 15:32:10.975,10855,10856,10855,1
2019-04-15 15:32:13.851,10855,10856,10856,1
2019-04-15 15:32:14.330,10855,10856,10856,1
2019-04-15 15:32:17.499,10855,10856,10856,5
2019-04-15 15:32:17.499,10855,10856,10857,5
2019-04-15 15:32:19.895,10856,10857,10856,2
2019-04-15 15:32:19.895,10856,10857,10855,3
2019-04-15 15:32:23.580,10855,10856,10856,4
2019-04-15 15:32:24.445,10855,10857,10855,2
2019-04-15 15:32:47.256,10855,10856,10856,1
2019-04-15 15:32:48.424,10855,10856,10856,1
2019-04-15 15:32:55.625,10855,10856,10856,1
2019-04-15 15:32:55.669,10855,10856,10856,1
2019-04-15 15:32:58.737,10856,10857,10856,1
2019-04-15 15:32:59.780,10856,10857,10856,1
2019-04-15 15:33:00.549,10856,10857,10856,1
2019-04-15 15:33:06.273,10855,10856,10856,1
2019-04-15 15:33:07.726,10855,10856,10856,1
2019-04-15 15:33:07.965,10856,10857,10856,1
2019-04-15 15:33:08.710,10855,10856,10856,1
2019-04-15 15:33:08.948,10856,10857,10856,1
2019-04-15 15:33:18.671,10856,10857,10857,2
2019-04-15 15:33:20.640,10856,10857,10857,1
2019-04-15 15:33:21.890,10856,10857,10857,1
2019-04-15 15:33:38.884,10856,10857,10857,1
2019-04-15 15:33:42.370,10856,10857,10857,8
2019-04-15 15:33:44.437,10857,10858,10858,1
2019-04-15 15:33:59.437,10858,10859,10858,2
2019-04-15 15:34:02.465,10858,10859,10858,1
2019-04-15 15:34:02.681,10858,10859,10859,2
2019-04-15 15:34:15.793,10858,10859,10859,1
2019-04-15 15:34:17.347,10858,10859,10859,1
2019-04-15 15:34:25.558,10858,10859,10859,1
2019-04-15 15:34:32.336,10858,10859,10859,1
2019-04-15 15:34:34.863,10858,10859,10859,1
2019-04-15 15:34:47.742,10858,10859,10858,1
2019-04-15 15:34:49.219,10858,10859,10859,1
2019-04-15 15:34:51.865,10858,10859,10858,1
2019-04-15 15:34:53.013,10858,10859,10858,1
2019-04-15 15:34:54.545,10858,10859,10858,1
2019-04-15 15:34:54.847,10858,10859,10858,1
2019-04-15 15:34:57.854,10858,10859,10858,1
2019-04-15 15:35:04.591,10858,10859,10858,2
2019-04-15 15:35:05.610,10858,10859,10858,1
2019-04-15 15:35:09.096,10858,10859,10858,1
2019-04-15 15:35:14.450,10858,10859,10858,4
2019-04-15 15:35:40.915,10857,10858,10858,1
2019-04-15 15:35:45.033,10857,10858,10858,1
2019-04-15 15:35:50.847,10857,10858,10858,3
2019-04-15 15:35:51.943,10857,10858,10858,1
2019-04-15 15:35:53.158,10858,10859,10858,1
2019-04-15 15:35:57.025,10858,10859,10858,1
2019-04-15 15:36:16.311,10857,10858,10858,1
2019-04-15 15:36:16.419,10857,10858,10858,6
2019-04-15 15:36:24.098,10857,10858,10858,1
2019-04-15 15:36:25.709,10857,10858,10858,1
2019-04-15 15:36:32.001,10858,10859,10858,1
2019-04-15 15:36:51.836,10857,10858,10858,2
2019-04-15 15:36:58.697,10858,10859,10858,1
2019-04-15 15:37:11.368,10858,10859,10858,1
2019-04-15 15:37:14.593,10857,10858,10858,2
2019-04-15 15:37:22.330,10857,10858,10858,3
2019-04-15 15:37:36.376,10857,10858,10858,1
2019-04-15 15:37:44.483,10857,10858,10858,2
2019-04-15 15:37:49.687,10857,10858,10858,2
2019-04-15 15:37:52.776,10857,10858,10858,1
2019-04-15 15:38:01.349,10857,10858,10858,1
2019-04-15 15:38:04.614,10857,10858,10858,1
2019-04-15 15:38:19.035,10857,10858,10858,1
2019-04-15 15:38:41.546,10857,10858,10858,2
2019-04-15 15:38:46.629,10857,10858,10858,1
2019-04-15 15:38:52.537,10857,10858,10858,1
2019-04-15 15:38:53.044,10857,10858,10858,2
2019-04-15 15:38:53.044,10857,10858,10858,2
2019-04-15 15:38:53.044,10857,10858,10858,5
2019-04-15 15:39:58.535,10858,10859,10858,1
2019-04-15 15:40:02.551,10858,10859,10858,2
2019-04-15 15:40:03.018,10858,10859,10858,3
2019-04-15 15:40:03.018,10858,10859,10857,5
2019-04-15 15:40:03.031,10858,10859,10857,1
2019-04-15 15:40:03.054,10857,10859,10857,4
2019-04-15 15:40:03.341,10857,10858,10857,1
2019-04-15 15:40:12.525,10857,10859,10857,9
2019-04-15 15:40:18.029,10858,10859,10858,3
2019-04-15 15:40:24.170,10858,10859,10858,1
2019-04-15 15:40:25.225,10858,10859,10858,1
2019-04-15 15:40:33.101,10858,10859,10858,1
2019-04-15 15:41:07.588,10858,10859,10859,4
2019-04-15 15:41:11.241,10858,10859,10858,2
2019-04-15 15:41:13.790,10858,10859,10858,2
2019-04-15 15:41:31.538,10858,10859,10859,1
2019-04-15 15:41:41.783,10858,10859,10859,1
2019-04-15 15:41:42.171,10858,10859,10859,1
2019-04-15 15:41:46.798,10858,10859,10859,1
2019-04-15 15:41:47.169,10858,10859,10859,2
2019-04-15 15:41:48.507,10858,10859,10859,1
2019-04-15 15:41:48.508,10858,10859,10859,1
2019-04-15 15:41:48.508,10858,10859,10859,1
2019-04-15 15:41:48.508,10858,10859,10859,1
2019-04-15 15:41:48.508,10858,10859,10859,1
2019-04-15 15:41:48.544,10858,10859,10859,12
2019-04-15 15:41:48.544,10858,10859,10859,1
2019-04-15 15:41:48.544,10858,10859,10859,1
2019-04-15 15:41:48.549,10858,10859,10859,1
2019-04-15 15:42:05.839,10859,10860,10860,2
2019-04-15 15:42:09.639,10859,10860,10860,1
2019-04-15 15:42:11.450,10859,10860,10860,1
2019-04-15 15:42:14.463,10859,10860,10860,3
2019-04-15 15:42:17.380,10859,10860,10860,1
2019-04-15 15:42:18.831,10859,10860,10860,1
2019-04-15 15:42:22.180,10859,10860,10859,2
2019-04-15 15:42:23.283,10859,10860,10859,1
2019-04-15 15:42:32.918,10859,10860,10860,5
2019-04-15 15:42:34.125,10859,10860,10860,1
2019-04-15 15:42:37.663,10859,10860,10860,2
2019-04-15 15:42:39.661,10859,10860,10860,1
2019-04-15 15:42:41.384,10859,10860,10860,2
2019-04-15 15:42:52.879,10859,10860,10860,1
2019-04-15 15:43:19.472,10859,10860,10859,1
2019-04-15 15:43:20.509,10859,10860,10860,1
2019-04-15 15:43:28.777,10859,10860,10860,4
2019-04-15 15:43:29.003,10859,10860,10860,1
2019-04-15 15:43:37.502,10859,10860,10860,1
2019-04-15 15:43:39.048,10859,10860,10860,2
2019-04-15 15:43:40.851,10859,10860,10859,1
2019-04-15 15:43:43.483,10859,10860,10860,5
2019-04-15 15:43:44.085,10859,10860,10860,1
2019-04-15 15:43:44.629,10859,10860,10860,1
2019-04-15 15:43:44.927,10859,10860,10860,1
2019-04-15 15:43:45.231,10859,10860,10860,1
2019-04-15 15:43:46.321,10859,10860,10860,2
2019-04-15 15:43:46.419,10859,10860,10860,2
2019-04-15 15:43:46.419,10859,10860,10860,2
2019-04-15 15:43:57.321,10860,10861,10861,1
2019-04-15 15:44:00.323,10860,10861,10861,1
2019-04-15 15:44:07.004,10860,10861,10861,1
2019-04-15 15:44:10.248,10860,10861,10861,1
2019-04-15 15:44:11.203,10860,10861,10861,1
2019-04-15 15:44:15.256,10860,10861,10861,2
2019-04-15 15:44:19.076,10860,10861,10861,1
2019-04-15 15:44:24.579,10861,10862,10861,1
2019-04-15 15:44:26.091,10860,10861,10861,2
2019-04-15 15:44:26.683,10860,10861,10861,1
2019-04-15 15:44:26.874,10860,10861,10861,1
2019-04-15 15:44:31.761,10860,10862,10861,2
2019-04-15 15:44:41.851,10860,10861,10861,4
2019-04-15 15:44:45.052,10860,10861,10861,1
2019-04-15 15:44:45.302,10860,10861,10861,1
2019-04-15 15:44:49.443,10860,10861,10861,1
2019-04-15 15:44:55.238,10860,10861,10861,3
2019-04-15 15:44:57.151,10860,10861,10861,1
2019-04-15 15:44:59.630,10860,10861,10860,1
2019-04-15 15:45:04.451,10860,10861,10861,2
2019-04-15 15:45:05.302,10860,10861,10861,2
2019-04-15 15:45:07.082,10860,10861,10861,4
2019-04-15 15:45:09.554,10860,10862,10861,1
2019-04-15 15:45:11.223,10860,10861,10861,1
2019-04-15 15:45:13.819,10860,10861,10861,2
2019-04-15 15:45:13.891,10860,10861,10861,1
2019-04-15 15:45:15.631,10860,10861,10861,2
2019-04-15 15:45:19.193,10860,10861,10861,1
2019-04-15 15:45:27.202,10860,10861,10861,2
2019-04-15 15:45:35.563,10860,10861,10861,5
2019-04-15 15:45:37.313,10860,10861,10861,1
2019-04-15 15:45:38.536,10860,10861,10861,1
2019-04-15 15:45:45.327,10860,10861,10861,1
2019-04-15 15:45:45.502,10860,10861,10861,1
2019-04-15 15:45:49.274,10860,10861,10861,1
2019-04-15 15:46:04.450,10860,10861,10861,1
2019-04-15 15:46:08.910,10860,10861,10861,10
2019-04-15 15:46:09.130,10860,10861,10861,2
2019-04-15 15:46:21.122,10860,10861,10861,1
2019-04-15 15:46:22.406,10860,10861,10861,1
2019-04-15 15:46:24.923,10860,10861,10861,1
2019-04-15 15:46:28.332,10860,10861,10861,2
2019-04-15 15:46:28.834,10860,10861,10861,1
2019-04-15 15:46:43.317,10860,10861,10861,3
2019-04-15 15:46:51.180,10860,10861,10861,2
2019-04-15 15:46:55.314,10860,10861,10861,1
2019-04-15 15:46:59.259,10861,10862,10861,5
2019-04-15 15:47:02.487,10861,10862,10861,1
2019-04-15 15:47:08.998,10860,10861,10861,2
2019-04-15 15:47:11.026,10860,10861,10861,1
2019-04-15 15:47:13.393,10860,10861,10861,1
2019-04-15 15:47:25.381,10860,10861,10861,1
2019-04-15 15:47:25.674,10860,10861,10861,1
2019-04-15 15:47:34.704,10860,10861,10861,1
2019-04-15 15:47:34.735,10860,10861,10860,20
2019-04-15 15:47:35.629,10860,10861,10860,1
2019-04-15 15:47:37.833,10860,10861,10860,1
2019-04-15 15:47:57.243,10860,10861,10860,1
2019-04-15 15:48:04.927,10859,10860,10860,1
2019-04-15 15:48:11.023,10859,10860,10860,1
2019-04-15 15:48:21.784,10859,10860,10860,1
2019-04-15 15:48:32.837,10859,10860,10860,1
2019-04-15 15:48:33.628,10859,10860,10860,1
2019-04-15 15:48:39.369,10859,10860,10860,1
2019-04-15 15:48:44.302,10859,10860,10860,1
2019-04-15 15:48:44.483,10859,10860,10859,1
2019-04-15 15:48:44.484,10859,10860,10859,1
2019-04-15 15:48:47.828,10859,10860,10860,1
2019-04-15 15:48:59.994,10859,10860,10860,1
2019-04-15 15:49:31.652,10859,10860,10859,6
2019-04-15 15:49:31.977,10859,10860,10860,1
2019-04-15 15:49:36.469,10859,10860,10859,1
2019-04-15 15:49:36.507,10859,10860,10859,3
2019-04-15 15:49:36.545,10858,10859,10859,1
2019-04-15 15:49:36.650,10858,10859,10859,1
2019-04-15 15:49:43.761,10858,10859,10859,1
2019-04-15 15:49:47.169,10858,10859,10859,1
2019-04-15 15:49:47.637,10858,10860,10860,1
2019-04-15 15:49:52.718,10858,10859,10859,1
2019-04-15 15:49:53.780,10858,10859,10859,1
2019-04-15 15:49:54.323,10858,10859,10859,1
2019-04-15 15:49:54.919,10858,10859,10859,1
2019-04-15 15:50:33.153,10858,10859,10858,1
2019-04-15 15:50:36.680,10858,10859,10858,1
2019-04-15 15:50:44.489,10858,10859,10859,2
2019-04-15 15:50:51.315,10858,10859,10858,2
2019-04-15 15:51:11.239,10858,10859,10859,5
2019-04-15 15:51:25.297,10858,10859,10858,1
2019-04-15 15:51:28.637,10858,10859,10859,1
2019-04-15 15:51:29.514,10858,10859,10859,5
2019-04-15 15:51:45.559,10858,10859,10859,1
2019-04-15 15:52:01.817,10858,10859,10859,1
2019-04-15 15:52:04.456,10858,10859,10859,1
2019-04-15 15:52:16.560,10858,10859,10859,1
2019-04-15 15:52:27.552,10858,10859,10858,3
2019-04-15 15:53:29.513,10858,10859,10859,1
2019-04-15 15:53:35.786,10858,10859,10859,1
2019-04-15 15:53:41.808,10858,10859,10859,1
2019-04-15 15:53:46.747,10858,10859,10859,1
2019-04-15 15:53:46.747,10858,10859,10859,7
2019-04-15 15:53:46.747,10858,10859,10859,8
2019-04-15 15:54:59.712,10859,10860,10860,1
2019-04-15 15:55:05.461,10859,10860,10860,4
2019-04-15 15:55:05.461,10859,10860,10860,2
2019-04-15 15:55:05.461,10859,10860,10860,1
2019-04-15 15:55:05.462,10859,10860,10860,3
2019-04-15 15:55:05.467,10859,10860,10860,4
2019-04-15 15:55:05.470,10859,10860,10860,1
2019-04-15 15:55:13.525,10860,10861,10861,1
2019-04-15 15:55:14.013,10860,10861,10861,3
2019-04-15 15:55:14.452,10860,10861,10861,1
2019-04-15 15:55:15.322,10860,10861,10861,1
2019-04-15 15:55:16.223,10860,10861,10861,1
2019-04-15 15:55:17.560,10860,10861,10861,1
2019-04-15 15:55:19.738,10860,10861,10860,20
2019-04-15 15:55:26.780,10860,10861,10860,8
2019-04-15 15:55:32.171,10859,10860,10860,2
2019-04-15 15:56:01.808,10860,10861,10860,1
2019-04-15 15:56:34.894,10860,10861,10860,2
2019-04-15 15:56:37.640,10860,10861,10860,2
2019-04-15 15:56:43.225,10860,10861,10860,2
2019-04-15 15:56:49.746,10860,10861,10860,3
2019-04-15 15:56:59.834,10859,10860,10860,1
2019-04-15 15:57:02.224,10859,10860,10860,1
2019-04-15 15:57:12.592,10859,10860,10860,1
2019-04-15 15:57:18.562,10860,10861,10860,4
2019-04-15 15:57:26.927,10859,10860,10860,1
2019-04-15 15:57:35.042,10860,10861,10860,1
2019-04-15 15:57:35.766,10860,10861,10860,2
2019-04-15 15:57:39.551,10859,10860,10860,1
2019-04-15 15:57:41.369,10859,10860,10860,1
2019-04-15 15:57:42.107,10859,10860,10860,2
2019-04-15 15:57:52.632,10859,10860,10860,1
2019-04-15 15:57:55.087,10859,10860,10860,2
2019-04-15 15:58:11.610,10860,10861,10860,2
2019-04-15 15:58:27.822,10860,10861,10860,1
2019-04-15 15:58:28.621,10860,10861,10860,2
2019-04-15 15:58:37.952,10860,10861,10860,2
2019-04-15 15:58:44.987,10860,10861,10860,5
2019-04-15 15:59:09.485,10860,10861,10861,2
2019-04-15 15:59:58.020,10860,10861,10860,2
2019-04-15 15:59:59.756,10860,10861,10860,4
2019-04-15 16:00:17.262,10860,10861,10860,1
2019-04-15 16:00:17.721,10860,10861,10860,1
2019-04-15 16:00:17.721,10860,10861,10859,11
2019-04-15 16:00:17.723,10860,10861,10859,2
2019-04-15 16:00:17.738,10860,10861,10859,1
2019-04-15 16:00:17.814,10859,10860,10859,2
2019-04-15 16:00:17.880,10859,10860,10859,1
2019-04-15 16:00:17.992,10859,10860,10859,1
2019-04-15 16:00:18.123,10859,10860,10859,1
2019-04-15 16:00:18.129,10859,10860,10859,1
2019-04-15 16:00:18.327,10859,10860,10859,2
2019-04-15 16:00:18.366,10859,10860,10859,2
2019-04-15 16:00:18.877,10859,10860,10859,3
2019-04-15 16:00:21.968,10859,10860,10859,1
2019-04-15 16:00:38.448,10859,10860,10859,1
2019-04-15 16:00:43.861,10859,10860,10859,2
2019-04-15 16:00:56.492,10858,10859,10859,2
2019-04-15 16:01:16.084,10858,10859,10859,6
2019-04-15 16:01:16.169,10858,10859,10859,2
2019-04-15 16:01:20.832,10859,10860,10860,1
2019-04-15 16:01:24.593,10859,10860,10860,1
2019-04-15 16:01:40.300,10859,10860,10860,13
2019-04-15 16:02:17.316,10860,10861,10861,1
2019-04-15 16:02:17.419,10860,10861,10861,1
2019-04-15 16:02:17.702,10860,10861,10861,1
2019-04-15 16:02:17.952,10860,10861,10861,1
2019-04-15 16:02:29.573,10860,10861,10860,60
2019-04-15 16:02:29.669,10860,10861,10860,1
2019-04-15 16:02:29.920,10860,10861,10861,2
2019-04-15 16:02:38.804,10859,10860,10860,1
2019-04-15 16:03:37.680,10860,10861,10860,1
2019-04-15 16:03:57.119,10860,10861,10860,1
2019-04-15 16:04:09.342,10860,10861,10860,1
2019-04-15 16:04:17.514,10860,10861,10860,3
2019-04-15 16:04:25.224,10860,10861,10860,1
2019-04-15 16:04:39.419,10859,10860,10860,1
2019-04-15 16:04:42.404,10859,10860,10860,2
2019-04-15 16:04:52.170,10860,10861,10860,3
2019-04-15 16:05:06.681,10860,10861,10860,3
2019-04-15 16:05:07.475,10860,10861,10861,2
2019-04-15 16:05:08.009,10860,10861,10860,4
2019-04-15 16:05:18.759,10860,10861,10860,3
2019-04-15 16:05:20.583,10860,10861,10860,16
2019-04-15 16:05:30.621,10859,10860,10860,1
2019-04-15 16:05:31.395,10859,10860,10860,1
2019-04-15 16:05:34.572,10859,10860,10860,1
2019-04-15 16:05:35.053,10859,10860,10860,1
2019-04-15 16:05:35.627,10859,10860,10860,1
2019-04-15 16:05:38.698,10859,10860,10860,1
2019-04-15 16:05:39.999,10859,10860,10860,1
2019-04-15 16:05:40.523,10859,10860,10860,1
2019-04-15 16:05:43.899,10859,10860,10860,1
2019-04-15 16:05:53.216,10859,10860,10860,1
2019-04-15 16:06:01.534,10859,10860,10860,1
2019-04-15 16:06:13.541,10859,10860,10859,1
2019-04-15 16:06:14.092,10859,10860,10859,1
2019-04-15 16:06:14.644,10859,10860,10859,1
2019-04-15 16:06:14.688,10859,10860,10859,2
2019-04-15 16:06:14.704,10859,10860,10858,5
2019-04-15 16:06:14.781,10859,10860,10859,1
2019-04-15 16:06:25.764,10858,10859,10859,1
2019-04-15 16:06:26.332,10858,10859,10858,1
2019-04-15 16:06:27.395,10858,10859,10859,1
2019-04-15 16:06:44.774,10858,10859,10858,1
2019-04-15 16:06:47.507,10858,10859,10859,1
2019-04-15 16:06:49.260,10858,10859,10858,2
2019-04-15 16:07:13.320,10858,10859,10858,1
2019-04-15 16:07:14.763,10858,10859,10858,1
2019-04-15 16:07:16.545,10858,10859,10858,1
2019-04-15 16:07:27.146,10858,10859,10858,1
2019-04-15 16:07:28.272,10858,10859,10858,1
2019-04-15 16:07:34.392,10858,10859,10858,3
2019-04-15 16:07:54.936,10858,10859,10859,1
2019-04-15 16:08:32.753,10858,10859,10859,1
2019-04-15 16:08:36.186,10858,10859,10859,2
2019-04-15 16:08:55.747,10858,10859,10859,2
2019-04-15 16:10:01.038,10858,10859,10859,1
2019-04-15 16:10:01.323,10859,10860,10859,1
2019-04-15 16:10:01.465,10859,10860,10859,1
2019-04-15 16:10:15.677,10859,10860,10859,1
2019-04-15 16:10:45.884,10858,10859,10858,1
2019-04-15 16:11:07.302,10858,10859,10858,1
2019-04-15 16:11:21.570,10858,10859,10858,3
2019-04-15 16:11:21.591,10858,10859,10858,2
2019-04-15 16:11:48.573,10858,10859,10858,3
2019-04-15 16:11:52.971,10858,10859,10858,2
2019-04-15 16:12:04.297,10858,10859,10858,1
2019-04-15 16:12:34.616,10858,10859,10858,3
2019-04-15 16:12:40.001,10858,10859,10858,1
2019-04-15 16:12:43.897,10858,10859,10858,5
2019-04-15 16:12:48.722,10858,10859,10859,8
2019-04-15 16:13:10.695,10859,10860,10859,1
2019-04-15 16:13:19.645,10859,10860,10860,12
2019-04-15 16:13:20.849,10860,10861,10860,1
2019-04-15 16:13:25.394,10860,10861,10860,4
2019-04-15 16:13:57.282,10859,10860,10860,1
2019-04-15 16:14:00.208,10859,10861,10859,1
2019-04-15 16:14:05.407,10859,10861,10859,4
2019-04-15 16:14:07.647,10859,10860,10860,1
2019-04-15 16:14:21.565,10859,10860,10860,1
2019-04-15 16:14:38.427,10860,10861,10861,2
2019-04-15 16:14:38.427,10860,10861,10861,4
2019-04-15 16:14:38.427,10860,10861,10861,2
2019-04-15 16:14:38.428,10860,10861,10861,1
2019-04-15 16:14:38.525,10860,10861,10861,2
2019-04-15 16:14:44.937,10861,10862,10861,1
2019-04-15 16:15:15.390,10861,10862,10862,1
2019-04-15 16:15:15.479,10861,10862,10862,1
2019-04-15 16:15:15.549,10861,10862,10861,2
2019-04-15 16:15:15.564,10861,10862,10861,2
2019-04-15 16:15:15.579,10861,10862,10861,1
2019-04-15 16:15:19.046,10861,10862,10861,2
2019-04-15 16:15:22.951,10860,10861,10860,4
2019-04-15 16:15:38.094,10860,10861,10860,3
2019-04-15 16:15:39.896,10860,10861,10861,3
2019-04-15 16:15:44.349,10860,10861,10861,3
2019-04-15 16:15:58.558,10860,10861,10861,4
2019-04-15 16:16:06.510,10861,10862,10862,1
2019-04-15 16:16:06.756,10861,10862,10861,2
2019-04-15 16:16:06.756,10861,10862,10860,1
2019-04-15 16:16:07.203,10860,10861,10861,1
2019-04-15 16:16:08.859,10860,10861,10861,3
2019-04-15 16:16:19.820,10860,10861,10861,1
2019-04-15 16:16:19.988,10860,10861,10861,3
2019-04-15 16:16:24.634,10860,10861,10861,1
2019-04-15 16:16:28.434,10860,10861,10861,1
2019-04-15 16:16:30.020,10860,10861,10861,4
2019-04-15 16:16:31.500,10860,10861,10861,4
2019-04-15 16:16:36.689,10860,10861,10861,1
2019-04-15 16:16:36.999,10860,10861,10861,2
2019-04-15 16:16:37.403,10860,10861,10861,2
2019-04-15 16:16:40.523,10861,10862,10861,5
2019-04-15 16:16:43.875,10861,10862,10861,6
2019-04-15 16:16:43.919,10861,10862,10861,1
2019-04-15 16:16:43.919,10861,10862,10861,18
2019-04-15 16:16:44.017,10861,10862,10861,6
2019-04-15 16:16:44.044,10861,10862,10861,4
2019-04-15 16:16:49.698,10860,10861,10860,1
2019-04-15 16:16:50.360,10860,10861,10860,1
2019-04-15 16:16:54.478,10860,10861,10860,1
2019-04-15 16:17:25.801,10860,10861,10860,6
2019-04-15 16:17:26.203,10859,10860,10859,5
2019-04-15 16:17:28.992,10859,10860,10860,1
2019-04-15 16:18:10.854,10859,10860,10859,1
2019-04-15 16:18:13.029,10859,10860,10860,10
2019-04-15 16:18:19.504,10859,10860,10860,1
2019-04-15 16:19:20.000,10860,10861,10861,1
2019-04-15 16:19:44.000,10860,10861,10860,2
2019-04-15 16:19:44.026,10860,10861,10860,2
2019-04-15 16:19:44.044,10860,10861,10860,2
2019-04-15 16:19:44.056,10860,10861,10860,3
2019-04-15 16:19:44.063,10860,10861,10860,2
2019-04-15 16:19:57.274,10860,10861,10860,1
2019-04-15 16:20:15.341,10860,10861,10860,1
2019-04-15 16:20:15.880,10860,10861,10860,6
2019-04-15 16:20:16.681,10860,10861,10860,1
2019-04-15 16:20:16.682,10860,10861,10860,1
2019-04-15 16:20:16.689,10860,10861,10860,1
2019-04-15 16:20:16.710,10860,10861,10860,1
2019-04-15 16:20:16.737,10860,10861,10860,1
2019-04-15 16:20:16.737,10860,10861,10860,1
2019-04-15 16:20:16.794,10860,10861,10860,2
2019-04-15 16:20:16.794,10860,10861,10860,1
2019-04-15 16:20:16.795,10860,10861,10860,4
2019-04-15 16:20:16.853,10860,10861,10860,5
2019-04-15 16:20:16.869,10860,10861,10860,2
2019-04-15 16:20:16.919,10860,10861,10860,1
2019-04-15 16:20:42.956,10859,10860,10859,6
2019-04-15 16:20:45.456,10859,10860,10859,4
2019-04-15 16:21:11.616,10858,10859,10859,1
2019-04-15 16:21:29.986,10858,10859,10859,1
2019-04-15 16:21:29.987,10858,10859,10859,1
2019-04-15 16:22:10.781,10859,10860,10859,10
2019-04-15 16:22:21.684,10859,10860,10859,1
2019-04-15 16:22:30.003,10859,10860,10859,1
2019-04-15 16:22:30.242,10859,10860,10859,1
2019-04-15 16:23:28.694,10859,10860,10860,3
2019-04-15 16:23:37.370,10859,10860,10860,1
2019-04-15 16:23:37.370,10859,10860,10860,1
2019-04-15 16:23:47.035,10860,10861,10860,8
2019-04-15 16:24:11.793,10859,10860,10860,1
2019-04-15 16:24:16.775,10859,10860,10860,1
2019-04-15 16:24:32.634,10859,10860,10860,1
2019-04-15 16:25:22.478,10860,10861,10860,3
2019-04-15 16:25:27.777,10859,10860,10860,1
2019-04-15 16:25:46.173,10859,10860,10860,1
2019-04-15 16:25:54.290,10859,10860,10860,1
2019-04-15 16:26:16.201,10859,10860,10860,1
2019-04-15 16:26:16.294,10859,10860,10860,4
2019-04-15 16:26:55.941,10860,10861,10861,1
2019-04-15 16:27:27.124,10860,10861,10860,1
2019-04-15 16:27:30.829,10860,10861,10861,1
2019-04-15 16:27:36.290,10860,10861,10860,1
2019-04-15 16:28:49.684,10860,10861,10861,3
2019-04-15 16:28:53.181,10860,10861,10861,2
2019-04-15 16:29:26.986,10860,10861,10861,1
2019-04-15 16:29:29.581,10860,10861,10861,11
2019-04-15 16:29:40.111,10860,10861,10861,1
2019-04-15 16:30:00.037,10860,10861,10860,1
2019-04-15 16:30:00.074,10860,10861,10861,4
2019-04-15 16:30:03.468,10860,10861,10861,1
2019-04-15 16:30:24.366,10861,10862,10862,1
2019-04-15 16:30:39.508,10861,10862,10861,1
2019-04-15 16:31:38.325,10861,10862,10862,2
2019-04-15 16:31:56.349,10861,10862,10862,1
2019-04-15 16:32:00.290,10861,10862,10862,7
2019-04-15 16:32:00.784,10861,10862,10862,8
2019-04-15 16:32:06.793,10862,10863,10862,11
2019-04-15 16:32:08.837,10861,10862,10862,1
2019-04-15 16:32:14.405,10861,10862,10862,1
2019-04-15 16:32:18.456,10861,10862,10862,9
2019-04-15 16:32:30.384,10862,10863,10862,10
2019-04-15 16:32:30.773,10861,10862,10862,1
2019-04-15 16:32:31.041,10861,10862,10862,1
2019-04-15 16:32:47.172,10861,10862,10862,1
2019-04-15 16:32:49.892,10861,10862,10862,1
2019-04-15 16:32:51.181,10861,10862,10862,1
2019-04-15 16:32:59.820,10861,10862,10862,2
2019-04-15 16:33:00.909,10861,10862,10862,1
2019-04-15 16:33:01.435,10861,10862,10862,1
2019-04-15 16:33:01.947,10861,10862,10862,1
2019-04-15 16:33:02.003,10861,10862,10862,1
2019-04-15 16:33:02.253,10861,10862,10862,1
2019-04-15 16:33:14.378,10861,10862,10862,4
2019-04-15 16:33:17.255,10861,10862,10862,1
2019-04-15 16:33:20.010,10861,10862,10862,7
2019-04-15 16:33:38.488,10861,10862,10862,3
2019-04-15 16:34:03.150,10862,10863,10863,1
2019-04-15 16:34:15.799,10862,10863,10863,1
2019-04-15 16:34:16.919,10862,10863,10863,2
2019-04-15 16:34:16.919,10862,10863,10863,4
2019-04-15 16:34:16.920,10862,10863,10863,1
2019-04-15 16:34:19.256,10862,10863,10863,1
2019-04-15 16:34:19.847,10862,10863,10863,1
2019-04-15 16:34:21.293,10862,10863,10863,3
2019-04-15 16:34:21.293,10862,10863,10863,2
2019-04-15 16:34:21.293,10862,10863,10863,1
2019-04-15 16:34:21.293,10862,10863,10863,6
2019-04-15 16:34:21.294,10862,10863,10863,1
2019-04-15 16:34:21.294,10862,10863,10863,2
2019-04-15 16:34:21.294,10862,10863,10863,1
2019-04-15 16:34:21.294,10862,10863,10863,1
2019-04-15 16:34:21.294,10862,10863,10863,4
2019-04-15 16:34:27.250,10863,10864,10863,30
2019-04-15 16:34:27.294,10862,10863,10863,15
2019-04-15 16:34:27.473,10862,10863,10863,1
2019-04-15 16:34:27.544,10862,10863,10863,4
2019-04-15 16:34:30.037,10862,10863,10863,1
2019-04-15 16:34:43.333,10863,10864,10863,12
2019-04-15 16:34:46.177,10862,10863,10863,1
2019-04-15 16:34:48.890,10862,10863,10863,1
2019-04-15 16:34:51.770,10862,10863,10863,1
2019-04-15 16:34:59.330,10862,10863,10863,1
2019-04-15 16:35:03.544,10862,10863,10863,1
2019-04-15 16:35:04.731,10862,10863,10863,1
2019-04-15 16:35:05.126,10862,10863,10863,2
2019-04-15 16:35:10.412,10862,10863,10863,1
2019-04-15 16:35:20.262,10862,10863,10863,9
2019-04-15 16:35:20.262,10862,10863,10863,3
2019-04-15 16:35:28.589,10863,10864,10863,1
2019-04-15 16:35:32.991,10863,10864,10863,4
2019-04-15 16:35:34.237,10862,10863,10863,1
2019-04-15 16:35:36.606,10862,10863,10863,1
2019-04-15 16:35:37.771,10862,10863,10863,1
2019-04-15 16:35:38.154,10862,10863,10863,1
2019-04-15 16:35:38.718,10862,10863,10863,1
2019-04-15 16:35:43.159,10862,10863,10863,1
2019-04-15 16:35:45.293,10863,10864,10863,1
2019-04-15 16:35:48.946,10862,10863,10863,1
2019-04-15 16:35:57.462,10862,10863,10863,2
2019-04-15 16:36:17.425,10862,10863,10863,1
2019-04-15 16:36:17.426,10862,10863,10863,4
2019-04-15 16:36:17.429,10862,10863,10863,2
2019-04-15 16:36:17.442,10862,10863,10863,1
2019-04-15 16:36:26.530,10863,10864,10863,8
2019-04-15 16:36:26.544,10862,10863,10863,2
2019-04-15 16:36:27.652,10862,10864,10864,1
2019-04-15 16:36:27.894,10862,10864,10864,1
2019-04-15 16:36:27.913,10862,10864,10864,1
2019-04-15 16:36:28.707,10863,10864,10864,1
2019-04-15 16:36:34.282,10863,10864,10863,2
2019-04-15 16:36:34.294,10862,10863,10863,1
2019-04-15 16:36:34.928,10862,10863,10863,1
2019-04-15 16:36:35.543,10862,10863,10863,1
2019-04-15 16:36:44.928,10862,10863,10863,1
2019-04-15 16:36:48.824,10862,10863,10863,1
2019-04-15 16:36:49.172,10862,10863,10862,1
2019-04-15 16:36:49.254,10862,10863,10863,1
2019-04-15 16:36:55.194,10862,10863,10863,1
2019-04-15 16:37:01.572,10862,10863,10863,1
2019-04-15 16:37:12.057,10862,10863,10863,1
2019-04-15 16:37:25.413,10862,10863,10862,30
2019-04-15 16:37:45.442,10861,10862,10862,3
2019-04-15 16:37:49.611,10861,10862,10861,1
2019-04-15 16:38:27.344,10861,10862,10861,1
2019-04-15 16:38:32.198,10861,10862,10861,1
2019-04-15 16:38:36.935,10861,10862,10862,1
2019-04-15 16:38:45.003,10861,10862,10862,1
2019-04-15 16:39:00.530,10861,10862,10862,6
2019-04-15 16:39:00.794,10861,10862,10862,1
2019-04-15 16:39:09.596,10861,10862,10862,1
2019-04-15 16:39:12.284,10861,10862,10862,2
2019-04-15 16:39:18.034,10861,10862,10862,1
2019-04-15 16:39:28.975,10861,10862,10862,3
2019-04-15 16:39:33.631,10861,10862,10862,3
2019-04-15 16:39:50.905,10862,10863,10863,1
2019-04-15 16:39:54.729,10862,10863,10863,3
2019-04-15 16:39:56.233,10862,10863,10863,1
2019-04-15 16:40:00.562,10862,10863,10863,1
2019-04-15 16:40:02.496,10862,10863,10863,1
2019-04-15 16:40:08.394,10862,10863,10863,1
2019-04-15 16:40:16.284,10862,10863,10863,2
2019-04-15 16:40:21.667,10862,10863,10863,1
2019-04-15 16:40:22.366,10862,10863,10863,1
2019-04-15 16:40:22.369,10862,10863,10863,1
2019-04-15 16:40:29.160,10862,10863,10863,1
2019-04-15 16:40:31.317,10863,10864,10863,1
2019-04-15 16:40:35.176,10863,10864,10863,1
2019-04-15 16:40:44.378,10863,10864,10863,1
2019-04-15 16:41:23.927,10863,10864,10864,1
2019-04-15 16:41:26.669,10863,10864,10864,1
2019-04-15 16:41:33.048,10863,10864,10864,1
2019-04-15 16:41:49.899,10863,10864,10864,1
2019-04-15 16:41:53.538,10863,10864,10864,1
2019-04-15 16:42:16.850,10863,10864,10864,2
2019-04-15 16:42:43.618,10863,10864,10864,1
2019-04-15 16:42:57.443,10863,10864,10863,5
2019-04-15 16:42:57.443,10863,10864,10863,20
2019-04-15 16:42:57.443,10863,10864,10862,1
2019-04-15 16:42:57.443,10863,10864,10862,6
2019-04-15 16:42:57.443,10863,10864,10862,7
2019-04-15 16:42:57.443,10863,10864,10862,23
2019-04-15 16:42:57.550,10862,10863,10863,1
2019-04-15 16:42:58.547,10862,10863,10863,1
2019-04-15 16:43:12.798,10862,10863,10863,1
2019-04-15 16:43:13.890,10862,10863,10863,1
2019-04-15 16:43:14.171,10862,10863,10863,2
2019-04-15 16:43:15.051,10862,10863,10863,2
2019-04-15 16:43:16.719,10862,10863,10863,1
2019-04-15 16:43:16.919,10862,10863,10863,1
2019-04-15 16:43:22.122,10862,10863,10863,2
2019-04-15 16:43:29.033,10862,10863,10863,4
2019-04-15 16:43:43.424,10863,10864,10863,1
2019-04-15 16:43:44.348,10863,10864,10863,1
2019-04-15 16:43:49.401,10863,10864,10863,1
2019-04-15 16:44:05.530,10863,10864,10864,3
2019-04-15 16:44:07.384,10863,10864,10863,1
2019-04-15 16:44:18.028,10863,10864,10864,1
2019-04-15 16:44:20.169,10863,10864,10864,1
2019-04-15 16:44:28.743,10863,10864,10864,1
2019-04-15 16:44:32.274,10863,10864,10864,2
2019-04-15 16:44:37.090,10863,10864,10864,2
2019-04-15 16:44:51.350,10863,10864,10864,2
2019-04-15 16:44:51.419,10863,10864,10864,4
2019-04-15 16:44:51.544,10863,10864,10864,14
2019-04-15 16:44:51.669,10863,10864,10864,2
2019-04-15 16:45:01.463,10864,10865,10865,4
2019-04-15 16:45:01.635,10864,10865,10865,1
2019-04-15 16:45:01.662,10864,10865,10865,3
2019-04-15 16:45:07.792,10864,10865,10864,2
2019-04-15 16:45:42.346,10864,10865,10865,1
2019-04-15 16:45:55.700,10864,10865,10865,1
2019-04-15 16:46:05.381,10864,10865,10864,2
2019-04-15 16:46:09.679,10864,10865,10864,1
2019-04-15 16:46:16.528,10864,10865,10864,2
2019-04-15 16:46:19.025,10864,10865,10864,1
2019-04-15 16:46:21.415,10864,10865,10864,3
2019-04-15 16:46:32.381,10864,10865,10864,1
2019-04-15 16:46:45.339,10864,10865,10864,2
2019-04-15 16:46:45.339,10864,10865,10864,10
2019-04-15 16:46:45.544,10863,10864,10864,1
2019-04-15 16:46:48.724,10863,10864,10864,2
2019-04-15 16:46:57.921,10863,10864,10864,2
2019-04-15 16:47:22.875,10863,10864,10863,2
2019-04-15 16:47:22.909,10863,10864,10863,1
2019-04-15 16:47:22.919,10863,10864,10863,1
2019-04-15 16:47:22.919,10863,10864,10863,11
2019-04-15 16:47:22.919,10863,10864,10863,3
2019-04-15 16:47:23.048,10862,10863,10863,2
2019-04-15 16:47:25.189,10862,10863,10863,1
2019-04-15 16:48:14.432,10862,10863,10863,10
2019-04-15 16:48:24.325,10862,10863,10862,5
2019-04-15 16:48:30.417,10862,10863,10862,1
2019-04-15 16:48:46.860,10862,10863,10862,2
2019-04-15 16:48:49.545,10862,10863,10863,1
2019-04-15 16:49:18.866,10862,10863,10862,1
2019-04-15 16:49:35.953,10862,10863,10862,1
2019-04-15 16:50:06.800,10862,10863,10862,2
2019-04-15 16:50:18.304,10862,10863,10863,1
2019-04-15 16:50:18.902,10862,10863,10862,1
2019-04-15 16:50:24.864,10862,10863,10862,3
2019-04-15 16:50:40.235,10862,10863,10862,2
2019-04-15 16:50:47.137,10862,10863,10862,5
2019-04-15 16:50:48.666,10862,10863,10862,5
2019-04-15 16:50:53.704,10862,10863,10862,1
2019-04-15 16:51:11.671,10862,10863,10863,1
2019-04-15 16:51:11.919,10862,10863,10863,1
2019-04-15 16:51:19.579,10862,10863,10862,25
2019-04-15 16:51:30.676,10862,10863,10863,1
2019-04-15 16:51:36.794,10862,10863,10863,1
2019-04-15 16:51:44.629,10862,10863,10863,1
2019-04-15 16:51:48.429,10862,10863,10863,1
2019-04-15 16:51:51.472,10862,10863,10863,1
2019-04-15 16:51:51.674,10862,10863,10863,1
2019-04-15 16:51:58.671,10863,10864,10864,2
2019-04-15 16:52:26.717,10863,10864,10864,2
2019-04-15 16:53:08.394,10863,10864,10864,1
2019-04-15 16:53:13.149,10863,10864,10864,1
2019-04-15 16:53:22.456,10863,10864,10863,1
2019-04-15 16:53:44.820,10863,10864,10863,1
2019-04-15 16:53:50.097,10863,10864,10864,10
2019-04-15 16:54:01.794,10863,10864,10863,1
2019-04-15 16:54:14.072,10863,10864,10864,1
2019-04-15 16:54:16.792,10863,10864,10864,1
2019-04-15 16:54:17.951,10863,10864,10863,1
2019-04-15 16:54:18.159,10863,10864,10863,1
2019-04-15 16:54:20.766,10863,10864,10864,1
2019-04-15 16:54:38.678,10863,10864,10864,1
2019-04-15 16:54:43.977,10863,10864,10864,2
2019-04-15 16:54:43.977,10863,10864,10864,3
2019-04-15 16:54:55.022,10864,10865,10864,1
2019-04-15 16:55:03.762,10864,10865,10864,2
2019-04-15 16:55:04.878,10864,10865,10864,1
2019-04-15 16:55:14.566,10864,10865,10864,3
2019-04-15 16:55:17.899,10864,10865,10864,1
2019-04-15 16:55:17.899,10864,10865,10863,2
2019-04-15 16:55:18.169,10863,10864,10864,1
2019-04-15 16:55:29.263,10864,10865,10864,3
2019-04-15 16:56:06.391,10864,10865,10864,1
2019-04-15 16:56:28.444,10864,10865,10864,1
2019-04-15 16:56:30.558,10864,10865,10864,11
2019-04-15 16:56:30.669,10863,10864,10864,2
2019-04-15 16:56:41.716,10863,10864,10864,1
2019-04-15 16:57:01.950,10863,10864,10863,2
2019-04-15 16:57:23.905,10863,10864,10863,1
2019-04-15 16:57:35.820,10863,10864,10863,1
2019-04-15 16:57:35.822,10863,10864,10863,1
2019-04-15 16:57:49.071,10863,10864,10863,1
2019-04-15 16:57:53.817,10863,10864,10864,1
2019-04-15 16:58:00.759,10863,10864,10864,21
2019-04-15 16:58:02.925,10863,10864,10863,1
2019-04-15 16:58:14.146,10863,10864,10863,1
2019-04-15 16:58:24.502,10863,10864,10863,1
2019-04-15 16:58:30.945,10863,10864,10864,2
2019-04-15 16:58:32.463,10863,10864,10863,6
2019-04-15 16:58:56.867,10863,10864,10863,1
2019-04-15 16:58:56.919,10863,10864,10863,1
2019-04-15 16:58:56.920,10863,10864,10863,1
2019-04-15 16:59:03.262,10863,10864,10863,1
2019-04-15 16:59:23.684,10863,10864,10864,1
2019-04-15 16:59:48.035,10863,10864,10864,1
2019-04-15 17:00:00.531,10863,10864,10863,1
2019-04-15 17:00:01.564,10863,10864,10863,1
2019-04-15 17:00:04.892,10863,10864,10864,1
2019-04-15 17:00:05.230,10863,10864,10863,2
2019-04-15 17:00:05.830,10863,10864,10864,1
2019-04-15 17:00:12.212,10863,10864,10863,1
2019-04-15 17:00:53.295,10863,10864,10863,1
2019-04-15 17:01:13.677,10863,10864,10863,1
2019-04-15 17:01:24.180,10863,10864,10863,1
2019-04-15 17:01:27.301,10863,10864,10863,1
2019-04-15 17:01:31.935,10863,10864,10863,8
2019-04-15 17:01:31.942,10863,10864,10863,2
2019-04-15 17:01:31.942,10863,10864,10863,2
2019-04-15 17:01:31.943,10863,10864,10863,2
2019-04-15 17:01:31.945,10863,10864,10863,1
2019-04-15 17:01:32.044,10863,10864,10863,1
2019-04-15 17:01:32.044,10863,10864,10863,3
2019-04-15 17:01:58.677,10862,10863,10862,5
2019-04-15 17:02:01.940,10862,10863,10862,1
2019-04-15 17:02:02.899,10862,10863,10862,1
2019-04-15 17:02:03.928,10862,10863,10862,2
2019-04-15 17:02:05.492,10862,10863,10862,1
2019-04-15 17:02:10.888,10862,10863,10862,1
2019-04-15 17:02:22.413,10862,10863,10862,1
2019-04-15 17:02:31.731,10862,10863,10862,3
2019-04-15 17:02:31.853,10862,10863,10862,2
2019-04-15 17:02:36.180,10861,10862,10862,1
2019-04-15 17:02:43.822,10862,10863,10862,2
2019-04-15 17:02:48.781,10861,10862,10862,4
2019-04-15 17:02:51.703,10862,10863,10862,6
2019-04-15 17:03:07.439,10862,10863,10862,1
2019-04-15 17:03:08.658,10862,10863,10862,4
2019-04-15 17:05:24.528,10861,10862,10862,2
2019-04-15 17:05:24.544,10861,10862,10862,2
2019-04-15 17:05:24.959,10861,10862,10862,1
2019-04-15 17:05:29.706,10861,10862,10862,1
2019-04-15 17:05:31.861,10861,10862,10862,2
2019-04-15 17:05:39.157,10861,10862,10862,3
2019-04-15 17:05:40.108,10861,10862,10862,2
2019-04-15 17:05:40.108,10861,10862,10862,1
2019-04-15 17:05:57.353,10861,10862,10862,1
2019-04-15 17:06:00.687,10861,10862,10862,1
2019-04-15 17:06:40.692,10861,10862,10862,1
2019-04-15 17:07:15.631,10861,10862,10862,1
2019-04-15 17:07:23.585,10861,10862,10862,1
2019-04-15 17:07:31.976,10861,10862,10862,1
2019-04-15 17:07:53.540,10861,10862,10862,2
2019-04-15 17:07:53.540,10861,10862,10862,1
2019-04-15 17:08:00.567,10861,10862,10862,1
2019-04-15 17:08:00.567,10861,10862,10862,1
2019-04-15 17:08:00.567,10861,10862,10862,2
2019-04-15 17:08:11.917,10861,10862,10862,5
2019-04-15 17:09:36.246,10861,10862,10862,1
2019-04-15 17:10:52.119,10861,10862,10862,2
2019-04-15 17:10:52.502,10861,10862,10862,1
2019-04-15 17:11:17.637,10861,10863,10861,1
2019-04-15 17:11:18.011,10861,10863,10861,1
2019-04-15 17:11:18.017,10861,10863,10861,1
2019-04-15 17:11:59.571,10861,10862,10862,2
2019-04-15 17:12:21.235,10861,10863,10863,1
2019-04-15 17:12:31.826,10862,10863,10863,1
2019-04-15 17:13:13.929,10862,10863,10863,1
2019-04-15 17:14:00.336,10862,10863,10863,2
2019-04-15 17:15:00.415,10862,10863,10862,2
2019-04-15 17:15:03.510,10862,10863,10862,2
2019-04-15 17:15:13.601,10862,10863,10862,1
2019-04-15 17:15:13.863,10862,10863,10862,3
2019-04-15 17:15:13.863,10862,10863,10861,3
2019-04-15 17:15:47.496,10862,10863,10862,5
2019-04-15 17:17:09.730,10862,10863,10862,2
2019-04-15 17:17:13.729,10862,10863,10862,1
2019-04-15 17:17:13.794,10862,10863,10862,1
2019-04-15 17:17:19.284,10861,10862,10862,1
2019-04-15 17:17:22.804,10861,10862,10862,3
2019-04-15 17:17:58.018,10861,10862,10862,1
2019-04-15 17:18:09.454,10861,10862,10862,1
2019-04-15 17:18:17.191,10861,10862,10862,4
2019-04-15 17:18:56.057,10862,10863,10863,16
2019-04-15 17:18:57.662,10862,10863,10863,1
2019-04-15 17:19:15.465,10863,10864,10864,2
2019-04-15 17:19:24.223,10863,10864,10863,1
2019-04-15 17:19:30.623,10862,10863,10863,1
2019-04-15 17:19:30.885,10862,10863,10863,1
2019-04-15 17:20:55.595,10862,10863,10862,1
2019-04-15 17:21:03.987,10862,10863,10862,1
2019-04-15 17:21:09.745,10862,10863,10862,1
2019-04-15 17:21:09.794,10862,10863,10862,1
2019-04-15 17:21:10.292,10862,10863,10862,1
2019-04-15 17:21:20.666,10862,10863,10862,1
2019-04-15 17:21:20.669,10862,10863,10862,1
2019-04-15 17:21:32.294,10861,10862,10862,2
2019-04-15 17:22:05.443,10861,10862,10862,5
2019-04-15 17:22:52.356,10861,10862,10862,1
2019-04-15 17:23:05.048,10861,10862,10862,2
2019-04-15 17:23:24.098,10861,10862,10862,10
2019-04-15 17:23:24.544,10861,10862,10862,1
2019-04-15 17:23:24.794,10861,10862,10862,1
2019-04-15 17:23:25.044,10861,10862,10862,1
2019-04-15 17:23:25.294,10861,10862,10862,1
2019-04-15 17:23:26.294,10861,10862,10862,1
2019-04-15 17:23:37.452,10862,10863,10863,16
2019-04-15 17:23:50.628,10862,10863,10862,1
2019-04-15 17:23:52.313,10862,10863,10862,3
2019-04-15 17:24:09.701,10862,10863,10863,1
2019-04-15 17:25:05.301,10862,10863,10863,8
2019-04-15 17:25:05.302,10862,10863,10863,5
2019-04-15 17:25:05.419,10862,10863,10863,8
2019-04-15 17:25:05.419,10862,10863,10863,7
2019-04-15 17:25:05.419,10862,10863,10863,4
2019-04-15 17:25:05.419,10862,10863,10863,1
2019-04-15 17:25:05.419,10862,10863,10863,8
2019-04-15 17:25:05.419,10862,10863,10863,2
2019-04-15 17:25:05.419,10862,10863,10863,2
2019-04-15 17:25:05.419,10862,10863,10863,4
2019-04-15 17:25:05.554,10863,10864,10863,2
2019-04-15 17:25:05.796,10863,10864,10864,2
2019-04-15 17:25:11.787,10863,10864,10864,1
2019-04-15 17:25:14.345,10863,10864,10864,7
2019-04-15 17:25:19.502,10863,10864,10864,1
2019-04-15 17:25:37.651,10863,10864,10864,1
2019-04-15 17:25:45.703,10863,10864,10864,1
2019-04-15 17:25:46.575,10863,10864,10864,1
2019-04-15 17:25:53.370,10863,10864,10864,6
2019-04-15 17:26:30.303,10863,10864,10864,1
2019-04-15 17:26:36.021,10863,10864,10864,1
2019-04-15 17:26:42.023,10863,10864,10864,1
2019-04-15 17:26:49.216,10863,10864,10864,1
2019-04-15 17:26:59.332,10863,10864,10864,1
2019-04-15 17:26:59.553,10863,10864,10864,1
2019-04-15 17:27:23.554,10863,10864,10864,1
2019-04-15 17:27:30.396,10863,10864,10864,1
2019-04-15 17:27:36.659,10863,10864,10864,1
2019-04-15 17:28:09.683,10863,10864,10863,10
2019-04-15 17:28:54.963,10864,10865,10864,10
2019-04-15 17:29:05.958,10864,10865,10864,2
2019-04-15 17:29:11.072,10864,10865,10864,10
2019-04-15 17:29:13.197,10864,10865,10865,1
2019-04-15 17:29:13.335,10864,10865,10865,1
2019-04-15 17:29:13.879,10864,10865,10865,2
2019-04-15 17:29:15.100,10864,10865,10865,1
2019-04-15 17:29:15.107,10864,10865,10865,1
2019-04-15 17:29:15.142,10864,10865,10865,1
2019-04-15 17:29:15.865,10864,10865,10865,10
2019-04-15 17:29:23.843,10864,10865,10865,1
2019-04-15 17:29:30.711,10864,10865,10865,1
2019-04-15 17:29:51.160,10864,10865,10865,1
2019-04-15 17:29:52.049,10864,10865,10865,4
2019-04-15 17:30:07.588,10864,10865,10865,1
2019-04-15 17:30:07.669,10864,10865,10865,2
2019-04-15 17:30:07.671,10864,10865,10865,28
2019-04-15 17:30:07.794,10864,10865,10865,4
2019-04-15 17:30:07.794,10864,10865,10865,4
2019-04-15 17:30:07.794,10864,10865,10865,2
2019-04-15 17:30:07.794,10864,10865,10865,3
2019-04-15 17:30:07.838,10864,10865,10865,4
2019-04-15 17:30:07.919,10864,10865,10865,8
2019-04-15 17:30:07.919,10864,10865,10865,4
2019-04-15 17:30:08.912,10865,10866,10866,1
2019-04-15 17:30:08.958,10865,10866,10866,1
2019-04-15 17:30:09.796,10865,10866,10866,2
2019-04-15 17:30:16.288,10865,10866,10866,1
2019-04-15 17:30:16.299,10865,10866,10866,1
2019-04-15 17:30:16.919,10865,10866,10866,3
2019-04-15 17:30:22.768,10865,10866,10866,3
2019-04-15 17:30:23.584,10865,10866,10866,1
2019-04-15 17:30:30.990,10865,10866,10866,1
2019-04-15 17:30:34.915,10865,10866,10866,1
2019-04-15 17:30:37.890,10865,10866,10866,1
2019-04-15 17:30:49.335,10865,10866,10866,1
2019-04-15 17:30:53.161,10865,10866,10866,1
2019-04-15 17:30:56.926,10865,10866,10866,1
2019-04-15 17:30:57.257,10865,10866,10866,1
2019-04-15 17:31:02.862,10865,10866,10866,2
2019-04-15 17:31:02.862,10865,10866,10866,3
2019-04-15 17:31:02.862,10865,10866,10866,1
2019-04-15 17:31:04.457,10866,10867,10867,5
2019-04-15 17:31:05.182,10866,10867,10867,5
2019-04-15 17:31:05.891,10866,10867,10867,1
2019-04-15 17:31:10.338,10866,10867,10867,5
2019-04-15 17:31:11.927,10866,10867,10867,3
2019-04-15 17:31:11.984,10866,10867,10867,16
2019-04-15 17:31:12.295,10867,10868,10867,1
2019-04-15 17:31:13.243,10867,10868,10867,1
2019-04-15 17:31:16.880,10867,10868,10868,3
2019-04-15 17:31:17.104,10867,10868,10868,1
2019-04-15 17:31:19.090,10867,10868,10868,4
2019-04-15 17:31:19.090,10867,10868,10868,5
2019-04-15 17:31:19.090,10867,10868,10868,4
2019-04-15 17:31:19.090,10867,10868,10868,1
2019-04-15 17:31:19.090,10867,10868,10868,9
2019-04-15 17:31:20.758,10867,10868,10868,2
2019-04-15 17:31:20.759,10867,10868,10868,1
2019-04-15 17:31:20.852,10868,10869,10868,2
2019-04-15 17:31:20.859,10868,10869,10868,1
2019-04-15 17:31:20.860,10868,10869,10868,1
2019-04-15 17:31:20.860,10868,10869,10868,1
2019-04-15 17:31:20.860,10868,10869,10868,1
2019-04-15 17:31:21.999,10867,10869,10869,2
2019-04-15 17:31:22.176,10867,10869,10869,6
2019-04-15 17:31:27.667,10867,10868,10868,3
2019-04-15 17:31:34.877,10867,10868,10868,1
2019-04-15 17:31:36.041,10867,10868,10867,1
2019-04-15 17:31:38.329,10867,10868,10868,2
2019-04-15 17:31:42.233,10867,10868,10868,2
2019-04-15 17:31:42.794,10867,10868,10867,5
2019-04-15 17:31:43.044,10867,10868,10867,1
2019-04-15 17:31:43.169,10867,10868,10867,1
2019-04-15 17:31:43.169,10867,10868,10867,1
2019-04-15 17:31:43.183,10867,10868,10867,1
2019-04-15 17:31:43.183,10867,10868,10867,2
2019-04-15 17:31:43.294,10867,10868,10867,5
2019-04-15 17:31:43.294,10867,10868,10867,2
2019-04-15 17:31:43.294,10867,10868,10867,3
2019-04-15 17:31:44.591,10866,10867,10867,1
2019-04-15 17:31:52.026,10866,10867,10867,1
2019-04-15 17:31:58.867,10866,10867,10867,1
2019-04-15 17:32:05.150,10866,10867,10867,3
2019-04-15 17:32:33.735,10867,10868,10867,7
2019-04-15 17:32:41.783,10867,10868,10868,1
2019-04-15 17:32:51.099,10867,10868,10868,1
2019-04-15 17:32:56.433,10867,10868,10868,2
2019-04-15 17:32:56.951,10867,10868,10868,1
2019-04-15 17:33:00.425,10867,10868,10868,2
2019-04-15 17:33:13.398,10867,10868,10868,2
2019-04-15 17:33:49.909,10867,10868,10868,3
2019-04-15 17:33:52.982,10867,10868,10868,1
2019-04-15 17:34:00.514,10867,10868,10867,1
2019-04-15 17:34:06.560,10867,10868,10867,1
2019-04-15 17:34:10.215,10867,10868,10868,1
2019-04-15 17:34:27.483,10867,10868,10867,9
2019-04-15 17:34:27.544,10867,10868,10867,4
2019-04-15 17:34:27.669,10867,10868,10867,1
2019-04-15 17:34:28.151,10867,10868,10868,1
2019-04-15 17:34:28.210,10867,10868,10868,1
2019-04-15 17:34:28.531,10867,10868,10867,3
2019-04-15 17:34:29.005,10866,10867,10867,1
2019-04-15 17:34:31.454,10866,10867,10867,1
2019-04-15 17:34:35.897,10866,10867,10867,1
2019-04-15 17:34:37.564,10866,10867,10867,1
2019-04-15 17:34:41.838,10866,10867,10867,1
2019-04-15 17:34:55.683,10867,10868,10868,1
2019-04-15 17:35:00.168,10867,10868,10868,1
2019-04-15 17:35:02.850,10867,10868,10868,1
2019-04-15 17:35:03.211,10867,10868,10868,5
2019-04-15 17:35:03.281,10867,10868,10868,3
2019-04-15 17:35:03.281,10867,10868,10869,47
2019-04-15 17:35:03.330,10868,10869,10869,1
2019-04-15 17:35:05.893,10868,10869,10869,3
2019-04-15 17:35:12.335,10868,10869,10869,5
2019-04-15 17:35:12.488,10868,10869,10869,1
2019-04-15 17:35:12.488,10868,10869,10870,1
2019-04-15 17:35:12.586,10868,10870,10870,10
2019-04-15 17:35:16.259,10869,10870,10870,3
2019-04-15 17:35:16.259,10869,10870,10870,2
2019-04-15 17:35:16.294,10869,10870,10870,1
2019-04-15 17:35:16.313,10869,10870,10870,28
2019-04-15 17:35:16.466,10870,10871,10870,1
2019-04-15 17:35:20.673,10870,10871,10870,1
2019-04-15 17:35:22.237,10870,10871,10870,1
2019-04-15 17:35:23.741,10870,10871,10871,20
2019-04-15 17:35:23.814,10870,10871,10871,7
2019-04-15 17:35:23.814,10870,10871,10872,3
2019-04-15 17:35:23.824,10870,10871,10872,1
2019-04-15 17:35:23.844,10870,10871,10870,1
2019-04-15 17:35:23.947,10870,10872,10871,2
2019-04-15 17:35:23.947,10870,10872,10872,1
2019-04-15 17:35:24.320,10871,10872,10872,2
2019-04-15 17:35:24.352,10871,10872,10872,2
2019-04-15 17:35:24.636,10871,10872,10871,1
2019-04-15 17:35:24.642,10871,10872,10872,3
2019-04-15 17:35:24.649,10871,10872,10872,6
2019-04-15 17:35:25.745,10871,10872,10872,1
2019-04-15 17:35:25.798,10871,10872,10872,1
2019-04-15 17:35:25.816,10871,10872,10872,1
2019-04-15 17:35:25.844,10871,10872,10872,1
2019-04-15 17:35:27.643,10871,10872,10871,1
2019-04-15 17:35:28.306,10871,10872,10871,1
2019-04-15 17:35:28.544,10871,10872,10871,1
2019-04-15 17:35:28.794,10871,10872,10871,2
2019-04-15 17:35:34.784,10870,10871,10871,3
2019-04-15 17:35:35.885,10870,10871,10871,1
2019-04-15 17:35:45.562,10870,10871,10871,1
2019-04-15 17:35:45.600,10870,10871,10871,1
2019-04-15 17:35:46.133,10870,10871,10871,1
2019-04-15 17:35:47.005,10870,10871,10871,3
2019-04-15 17:35:47.330,10870,10871,10871,2
2019-04-15 17:35:48.260,10870,10871,10870,3
2019-04-15 17:35:48.260,10870,10871,10869,2
2019-04-15 17:35:50.410,10869,10870,10870,2
2019-04-15 17:35:50.410,10869,10870,10871,8
2019-04-15 17:35:52.548,10869,10870,10869,1
2019-04-15 17:35:56.787,10869,10870,10870,5
2019-04-15 17:35:57.277,10869,10871,10871,2
2019-04-15 17:36:04.191,10870,10871,10871,5
2019-04-15 17:36:04.443,10870,10871,10871,5
2019-04-15 17:36:04.546,10870,10871,10871,1
2019-04-15 17:36:04.663,10870,10871,10871,9
2019-04-15 17:36:04.663,10870,10871,10872,3
2019-04-15 17:36:05.162,10871,10872,10871,1
2019-04-15 17:36:11.337,10871,10872,10871,1
2019-04-15 17:36:11.421,10871,10872,10871,2
2019-04-15 17:36:13.394,10870,10871,10871,1
2019-04-15 17:36:32.460,10870,10871,10870,1
2019-04-15 17:36:35.552,10870,10871,10870,1
2019-04-15 17:36:36.128,10870,10871,10870,1
2019-04-15 17:36:37.980,10870,10871,10870,1
2019-04-15 17:36:42.196,10870,10871,10871,1
2019-04-15 17:37:00.361,10870,10871,10870,1
2019-04-15 17:37:03.561,10870,10871,10870,1
2019-04-15 17:37:17.054,10870,10871,10870,1
2019-04-15 17:38:01.258,10870,10871,10871,1
2019-04-15 17:38:12.249,10870,10871,10871,1
2019-04-15 17:38:26.010,10870,10871,10871,1
2019-04-15 17:38:30.073,10870,10871,10870,1
2019-04-15 17:38:36.498,10870,10871,10871,1
2019-04-15 17:38:40.928,10870,10871,10871,1
2019-04-15 17:38:42.791,10870,10871,10871,2
2019-04-15 17:38:49.828,10870,10871,10871,2
2019-04-15 17:38:50.157,10870,10871,10871,1
2019-04-15 17:38:51.968,10870,10871,10870,1
2019-04-15 17:38:52.130,10870,10871,10871,1
2019-04-15 17:38:56.077,10870,10871,10871,1
2019-04-15 17:39:06.407,10870,10871,10871,1
2019-04-15 17:39:22.872,10870,10871,10871,1
2019-04-15 17:39:32.219,10870,10871,10871,1
2019-04-15 17:39:32.586,10870,10871,10871,1
2019-04-15 17:39:43.332,10870,10871,10871,23
2019-04-15 17:39:45.181,10871,10872,10871,3
2019-04-15 17:39:49.413,10871,10872,10871,1
2019-04-15 17:39:51.532,10871,10872,10871,2
2019-04-15 17:39:55.899,10870,10871,10871,1
2019-04-15 17:40:00.342,10870,10871,10871,2
2019-04-15 17:40:25.545,10871,10872,10871,1
2019-04-15 17:40:25.669,10871,10872,10871,1
2019-04-15 17:40:25.997,10870,10871,10871,1
2019-04-15 17:40:26.004,10870,10871,10871,1
2019-04-15 17:40:35.152,10870,10871,10870,1
2019-04-15 17:40:37.683,10870,10871,10871,10
2019-04-15 17:40:38.211,10871,10872,10871,1
2019-04-15 17:40:42.521,10871,10872,10871,1
2019-04-15 17:40:44.921,10871,10872,10872,1
2019-04-15 17:40:45.799,10871,10872,10872,1
2019-04-15 17:40:46.045,10871,10872,10871,1
2019-04-15 17:40:46.455,10871,10872,10872,1
2019-04-15 17:40:47.124,10871,10872,10872,2
2019-04-15 17:40:47.590,10871,10872,10872,1
2019-04-15 17:40:56.470,10871,10872,10872,1
2019-04-15 17:40:59.122,10871,10872,10872,1
2019-04-15 17:41:00.942,10871,10872,10872,1
2019-04-15 17:41:03.822,10871,10872,10872,1
2019-04-15 17:41:04.014,10871,10872,10872,1
2019-04-15 17:41:04.695,10871,10872,10872,1
2019-04-15 17:41:05.223,10871,10872,10872,1
2019-04-15 17:41:05.394,10871,10872,10872,1
2019-04-15 17:41:05.910,10871,10872,10872,1
2019-04-15 17:41:05.980,10871,10872,10872,1
2019-04-15 17:41:06.456,10871,10872,10872,1
2019-04-15 17:41:07.014,10871,10872,10872,1
2019-04-15 17:41:09.150,10871,10872,10872,1
2019-04-15 17:41:09.518,10871,10872,10872,1
2019-04-15 17:41:09.848,10871,10872,10872,1
2019-04-15 17:41:10.165,10871,10872,10872,1
2019-04-15 17:41:10.486,10871,10872,10872,1
2019-04-15 17:41:10.839,10871,10872,10872,1
2019-04-15 17:41:11.166,10871,10872,10872,1
2019-04-15 17:41:11.511,10871,10872,10872,1
2019-04-15 17:41:11.950,10871,10872,10872,1
2019-04-15 17:41:12.271,10871,10872,10872,1
2019-04-15 17:41:18.943,10871,10872,10872,1
2019-04-15 17:41:19.587,10871,10872,10872,1
2019-04-15 17:41:19.953,10871,10872,10872,1
2019-04-15 17:41:20.322,10871,10872,10872,1
2019-04-15 17:41:20.682,10871,10872,10872,1
2019-04-15 17:41:21.021,10871,10872,10872,1
2019-04-15 17:41:21.034,10871,10872,10872,1
2019-04-15 17:41:21.391,10871,10872,10872,1
2019-04-15 17:41:21.762,10871,10872,10872,1
2019-04-15 17:41:22.113,10871,10872,10872,1
2019-04-15 17:41:22.492,10871,10872,10872,1
2019-04-15 17:41:22.855,10871,10872,10872,1
2019-04-15 17:41:22.919,10871,10872,10872,1
2019-04-15 17:41:23.044,10871,10872,10872,2
2019-04-15 17:41:23.300,10872,10873,10872,2
2019-04-15 17:41:23.307,10872,10873,10872,1
2019-04-15 17:41:23.591,10871,10872,10872,1
2019-04-15 17:41:23.971,10871,10872,10872,1
2019-04-15 17:41:24.374,10871,10872,10872,1
2019-04-15 17:41:24.758,10871,10872,10872,1
2019-04-15 17:41:25.009,10871,10872,10872,1
2019-04-15 17:41:25.010,10871,10872,10872,1
2019-04-15 17:41:25.111,10871,10872,10872,1
2019-04-15 17:41:25.454,10871,10872,10872,1
2019-04-15 17:41:25.811,10871,10872,10872,1
2019-04-15 17:41:26.150,10871,10872,10872,1
2019-04-15 17:41:26.608,10871,10872,10872,1
2019-04-15 17:41:27.419,10872,10873,10872,3
2019-04-15 17:41:27.476,10872,10873,10872,5
2019-04-15 17:41:27.502,10872,10873,10872,2
2019-04-15 17:41:30.927,10872,10873,10872,2
2019-04-15 17:41:31.004,10872,10873,10872,1
2019-04-15 17:41:33.547,10872,10873,10872,1
2019-04-15 17:41:35.510,10872,10873,10873,1
2019-04-15 17:41:35.657,10872,10873,10873,6
2019-04-15 17:41:35.819,10872,10873,10873,2
2019-04-15 17:41:35.856,10872,10873,10873,2
2019-04-15 17:41:58.015,10872,10873,10872,3
2019-04-15 17:41:58.044,10872,10873,10872,2
2019-04-15 17:41:59.528,10871,10872,10872,1
2019-04-15 17:41:59.764,10872,10873,10872,1
2019-04-15 17:42:07.140,10872,10873,10873,1
2019-04-15 17:42:08.159,10872,10873,10873,1
2019-04-15 17:42:08.174,10872,10873,10873,1
2019-04-15 17:42:08.180,10872,10873,10873,1
2019-04-15 17:42:10.480,10872,10873,10872,1
2019-04-15 17:42:10.941,10872,10873,10872,1
2019-04-15 17:42:11.785,10872,10873,10872,2
2019-04-15 17:42:28.337,10871,10872,10872,1
2019-04-15 17:42:31.257,10871,10872,10871,1
2019-04-15 17:42:31.705,10871,10872,10872,1
2019-04-15 17:42:31.892,10871,10872,10872,1
2019-04-15 17:42:33.011,10871,10872,10872,1
2019-04-15 17:42:40.165,10871,10872,10871,18
2019-04-15 17:42:57.168,10871,10872,10872,2
2019-04-15 17:43:16.501,10872,10873,10872,2
2019-04-15 17:43:16.582,10872,10873,10873,1
2019-04-15 17:43:17.207,10872,10873,10873,1
2019-04-15 17:43:17.774,10872,10873,10873,1
2019-04-15 17:43:18.519,10872,10873,10873,1
2019-04-15 17:43:19.158,10872,10873,10873,1
2019-04-15 17:43:19.742,10872,10873,10873,1
2019-04-15 17:43:20.198,10872,10873,10873,1
2019-04-15 17:43:20.351,10872,10873,10873,1
2019-04-15 17:43:20.584,10872,10873,10873,1
2019-04-15 17:43:20.895,10872,10873,10873,1
2019-04-15 17:43:21.494,10872,10873,10873,1
2019-04-15 17:43:22.063,10872,10873,10873,1
2019-04-15 17:43:22.603,10872,10873,10873,1
2019-04-15 17:43:25.713,10872,10873,10873,10
2019-04-15 17:43:31.158,10872,10873,10872,1
2019-04-15 17:43:58.126,10872,10873,10872,1
2019-04-15 17:44:01.799,10872,10873,10873,1
2019-04-15 17:44:02.342,10872,10873,10873,1
2019-04-15 17:44:02.863,10872,10873,10873,1
2019-04-15 17:44:03.485,10872,10873,10873,1
2019-04-15 17:44:06.172,10872,10873,10872,2
2019-04-15 17:44:20.060,10872,10873,10873,2
2019-04-15 17:44:20.263,10872,10873,10872,3
2019-04-15 17:44:21.328,10872,10873,10872,2
2019-04-15 17:44:28.946,10871,10872,10872,1
2019-04-15 17:44:29.852,10871,10872,10872,1
2019-04-15 17:44:52.941,10871,10872,10872,9
2019-04-15 17:44:52.956,10871,10872,10872,9
2019-04-15 17:45:02.242,10871,10872,10872,9
2019-04-15 17:45:03.038,10871,10872,10872,1
2019-04-15 17:45:03.052,10871,10872,10872,1
2019-04-15 17:45:03.182,10871,10872,10872,2
2019-04-15 17:45:03.185,10871,10872,10872,1
2019-04-15 17:45:03.254,10871,10872,10872,2
2019-04-15 17:45:04.088,10871,10872,10871,2
2019-04-15 17:45:04.752,10871,10872,10871,2
2019-04-15 17:45:14.608,10871,10872,10871,2
2019-04-15 17:45:14.947,10871,10872,10871,2
2019-04-15 17:45:15.044,10871,10872,10871,24
2019-04-15 17:45:25.969,10870,10871,10871,2
2019-04-15 17:45:38.393,10870,10871,10871,1
2019-04-15 17:45:44.486,10870,10871,10870,1
2019-04-15 17:45:54.712,10870,10871,10870,1
2019-04-15 17:46:05.685,10870,10871,10870,5
2019-04-15 17:46:08.351,10870,10871,10870,1
2019-04-15 17:46:14.755,10870,10871,10870,3
2019-04-15 17:46:16.720,10870,10871,10870,1
2019-04-15 17:46:31.559,10870,10871,10870,2
2019-04-15 17:46:34.173,10870,10871,10871,2
2019-04-15 17:46:42.182,10870,10871,10871,1
2019-04-15 17:47:17.007,10870,10871,10871,4
2019-04-15 17:47:39.356,10870,10871,10870,1
2019-04-15 17:48:18.191,10870,10871,10870,1
2019-04-15 17:48:24.500,10870,10871,10871,2
2019-04-15 17:48:40.965,10870,10871,10871,2
2019-04-15 17:49:09.585,10870,10871,10871,3
2019-04-15 17:49:17.283,10870,10871,10871,2
2019-04-15 17:49:18.593,10870,10871,10871,1
2019-04-15 17:49:36.622,10870,10871,10871,5
2019-04-15 17:49:51.219,10870,10871,10871,3
2019-04-15 17:49:51.219,10870,10871,10871,10
2019-04-15 17:49:51.219,10870,10871,10871,2
2019-04-15 17:49:51.220,10870,10871,10871,1
2019-04-15 17:49:51.220,10870,10871,10871,4
2019-04-15 17:49:58.018,10871,10872,10871,1
2019-04-15 17:50:09.648,10871,10872,10871,1
2019-04-15 17:50:10.129,10871,10872,10872,1
2019-04-15 17:50:16.651,10871,10872,10872,25
2019-04-15 17:50:24.385,10871,10872,10872,2
2019-04-15 17:50:25.285,10871,10872,10872,1
2019-04-15 17:50:28.162,10871,10872,10871,1
2019-04-15 17:50:29.581,10871,10872,10872,1
2019-04-15 17:50:37.926,10871,10872,10872,5
2019-04-15 17:50:42.208,10871,10872,10872,1
2019-04-15 17:50:42.547,10871,10872,10872,1
2019-04-15 17:50:43.732,10871,10872,10872,1
2019-04-15 17:50:54.474,10871,10872,10872,3
2019-04-15 17:50:54.730,10872,10873,10872,3
2019-04-15 17:50:54.739,10872,10873,10872,2
2019-04-15 17:50:57.044,10872,10873,10872,1
2019-04-15 17:50:57.846,10872,10873,10872,5
2019-04-15 17:51:18.113,10871,10872,10871,1
2019-04-15 17:52:10.840,10871,10872,10872,10
2019-04-15 17:52:42.228,10871,10872,10872,10
2019-04-15 17:52:44.995,10871,10872,10871,1
2019-04-15 17:52:46.808,10871,10872,10872,1
2019-04-15 17:52:53.990,10872,10873,10872,2
2019-04-15 17:52:59.964,10872,10873,10872,1
2019-04-15 17:53:03.072,10871,10872,10872,2
2019-04-15 17:53:20.122,10871,10872,10871,2
2019-04-15 17:53:56.257,10871,10872,10872,1
2019-04-15 17:54:07.142,10871,10872,10871,1
2019-04-15 17:54:23.653,10871,10872,10872,1
2019-04-15 17:54:35.862,10871,10872,10872,1
2019-04-15 17:55:03.602,10871,10872,10872,3
2019-04-15 17:55:07.870,10871,10872,10872,8
2019-04-15 17:55:10.492,10871,10872,10872,1
2019-04-15 17:55:18.953,10871,10872,10872,2
2019-04-15 17:55:41.126,10871,10872,10872,1
2019-04-15 17:55:59.404,10871,10872,10872,2
2019-04-15 17:56:04.317,10871,10872,10872,1
2019-04-15 17:56:04.579,10871,10872,10872,1
2019-04-15 17:56:04.669,10871,10872,10872,1
2019-04-15 17:56:05.064,10872,10873,10872,2
2019-04-15 17:56:08.338,10871,10872,10872,2
2019-04-15 17:56:08.561,10872,10873,10872,1
2019-04-15 17:56:10.450,10871,10872,10872,2
2019-04-15 17:56:16.095,10871,10872,10872,1
2019-04-15 17:56:26.989,10871,10872,10872,5
2019-04-15 17:56:27.194,10872,10873,10872,2
2019-04-15 17:56:27.202,10872,10873,10872,1
2019-04-15 17:56:27.544,10872,10873,10872,2
2019-04-15 17:56:35.796,10872,10873,10872,1
2019-04-15 17:56:35.796,10872,10873,10872,3
2019-04-15 17:56:35.796,10872,10873,10872,2
2019-04-15 17:56:35.828,10872,10873,10872,5
2019-04-15 17:56:41.328,10872,10873,10872,5
2019-04-15 17:56:41.335,10872,10873,10872,2
2019-04-15 17:57:04.072,10871,10872,10872,2
2019-04-15 17:57:32.828,10871,10872,10872,1
2019-04-15 17:57:33.058,10871,10872,10872,1
2019-04-15 17:57:56.451,10871,10872,10872,1
2019-04-15 17:58:17.224,10871,10872,10872,1
2019-04-15 17:58:48.153,10871,10872,10872,5
2019-04-15 17:59:06.571,10871,10872,10872,5
2019-04-15 17:59:23.716,10872,10873,10872,1
2019-04-15 17:59:25.561,10872,10873,10872,1
2019-04-15 17:59:25.669,10872,10873,10872,1
2019-04-15 17:59:30.288,10872,10873,10872,1
