2024-11-15 15:00:00,22758,22760,22733,61,-61
2024-11-15 15:00:00,22736,22739,22734,1,-1
2024-11-15 15:00:00,22733,22743,22733,2,-2
2024-11-15 15:00:00,22733,22743,22731,1,-1
2024-11-15 15:00:00,22733,22743,22732,2,-2
2024-11-15 15:00:00,22733,22743,22733,1,-1
2024-11-15 15:00:00,22733,22743,22733,1,-1
2024-11-15 15:00:00,22733,22743,22731,1,-1
2024-11-15 15:00:00,22730,22737,22730,2,-2
2024-11-15 15:00:00,22730,22737,22730,1,-1
2024-11-15 15:00:00,22729,22737,22729,1,-1
2024-11-15 15:00:00,22729,22737,22729,1,-1
2024-11-15 15:00:00,22729,22737,22737,1,1
2024-11-15 15:00:00,22729,22737,22728,1,-1
2024-11-15 15:00:00,22729,22737,22729,1,-1
2024-11-15 15:00:00,22729,22737,22726,2,-2
2024-11-15 15:00:00,22729,22737,22728,1,-1
2024-11-15 15:00:00,22729,22737,22726,1,-1
2024-11-15 15:00:00,22725,22737,22725,3,-3
2024-11-15 15:00:00,22725,22737,22723,2,-2
2024-11-15 15:00:00,22736,22739,22743,1,1
2024-11-15 15:00:00,22736,22739,22734,1,-1
2024-11-15 15:00:00,22729,22737,22727,2,-2
2024-11-15 15:00:00,22736,22739,22736,2,-2
2024-11-15 15:00:00,22736,22739,22735,2,-2
2024-11-15 15:00:00,22732,22733,22731,1,-1
2024-11-15 15:00:00,22732,22733,22732,2,-2
2024-11-15 15:00:00,22730,22733,22730,1,-1
2024-11-15 15:00:00,22730,22733,22733,1,1
2024-11-15 15:00:00,22730,22734,22730,3,-3
2024-11-15 15:00:00,22730,22734,22730,2,-2
2024-11-15 15:00:00,22730,22734,22730,3,-3
2024-11-15 15:00:00,22730,22734,22730,1,-1
2024-11-15 15:00:00,22730,22734,22734,1,1
2024-11-15 15:00:00,22730,22734,22730,1,-1
2024-11-15 15:00:00,22730,22734,22728,1,-1
2024-11-15 15:00:00,22736,22739,22743,1,1
2024-11-15 15:00:00,22730,22734,22735,4,4
2024-11-15 15:00:00,22730,22734,22738,1,1
2024-11-15 15:00:00,22730,22734,22737,2,2
2024-11-15 15:00:00,22730,22734,22736,1,1
2024-11-15 15:00:00,22736,22739,22739,6,6
2024-11-15 15:00:00,22730,22734,22735,5,5
2024-11-15 15:00:00,22730,22734,22732,1,-1
2024-11-15 15:00:00,22730,22734,22735,1,1
2024-11-15 15:00:01,22713,22727,22712,1,-1
2024-11-15 15:00:01,22720,22729,22717,1,-1
2024-11-15 15:00:01,22713,22727,22713,1,-1
2024-11-15 15:00:01,22718,22728,22716,3,-3
2024-11-15 15:00:01,22718,22728,22718,1,-1
2024-11-15 15:00:01,22718,22728,22714,1,-1
2024-11-15 15:00:01,22718,22728,22723,1,-1
2024-11-15 15:00:01,22720,22729,22722,1,-1
2024-11-15 15:00:01,22720,22729,22717,1,-1
2024-11-15 15:00:01,22720,22729,22717,1,-1
2024-11-15 15:00:01,22720,22737,22720,1,-1
2024-11-15 15:00:01,22720,22729,22720,1,-1
2024-11-15 15:00:01,22720,22729,22720,1,-1
2024-11-15 15:00:01,22720,22737,22729,1,1
2024-11-15 15:00:01,22720,22737,22720,1,-1
2024-11-15 15:00:01,22723,22737,22722,1,-1
2024-11-15 15:00:01,22723,22737,22721,3,-3
2024-11-15 15:00:01,22723,22737,22723,3,-3
2024-11-15 15:00:01,22723,22737,22722,1,-1
2024-11-15 15:00:01,22723,22737,22723,1,-1
2024-11-15 15:00:01,22720,22729,22720,1,-1
2024-11-15 15:00:02,22724,22737,22727,1,-1
2024-11-15 15:00:02,22721,22728,22721,1,-1
2024-11-15 15:00:02,22721,22728,22721,1,-1
2024-11-15 15:00:02,22721,22728,22721,1,-1
2024-11-15 15:00:02,22721,22728,22721,1,-1
2024-11-15 15:00:02,22726,22730,22723,1,-1
2024-11-15 15:00:02,22723,22728,22728,1,1
2024-11-15 15:00:02,22723,22728,22729,1,1
2024-11-15 15:00:02,22726,22730,22726,1,-1
2024-11-15 15:00:02,22726,22730,22724,1,-1
2024-11-15 15:00:02,22724,22737,22726,1,-1
2024-11-15 15:00:02,22721,22728,22726,1,1
2024-11-15 15:00:02,22724,22737,22725,1,-1
2024-11-15 15:00:02,22713,22727,22730,1,1
2024-11-15 15:00:02,22724,22737,22723,1,-1
2024-11-15 15:00:02,22713,22727,22727,2,2
2024-11-15 15:00:02,22713,22727,22728,4,4
2024-11-15 15:00:02,22713,22727,22728,2,2
2024-11-15 15:00:02,22713,22727,22729,3,3
2024-11-15 15:00:02,22713,22727,22730,3,3
2024-11-15 15:00:02,22713,22727,22725,1,1
2024-11-15 15:00:02,22728,22737,22728,1,-1
2024-11-15 15:00:02,22728,22737,22726,1,-1
2024-11-15 15:00:02,22728,22737,22725,1,-1
2024-11-15 15:00:02,22724,22737,22724,1,-1
2024-11-15 15:00:02,22724,22737,22724,1,-1
2024-11-15 15:00:03,22724,22729,22723,1,-1
2024-11-15 15:00:03,22724,22729,22721,4,-4
2024-11-15 15:00:03,22724,22729,22722,1,-1
2024-11-15 15:00:03,22725,22730,22730,1,1
2024-11-15 15:00:03,22724,22729,22721,1,-1
2024-11-15 15:00:03,22724,22729,22724,1,-1
2024-11-15 15:00:03,22724,22729,22729,1,1
2024-11-15 15:00:03,22721,22727,22728,1,1
2024-11-15 15:00:03,22721,22727,22727,1,1
2024-11-15 15:00:03,22724,22729,22726,1,-1
2024-11-15 15:00:04,22721,22725,22724,1,1
2024-11-15 15:00:04,22721,22725,22723,1,1
2024-11-15 15:00:04,22721,22727,22727,2,2
2024-11-15 15:00:04,22721,22728,22728,1,1
2024-11-15 15:00:05,22722,22730,22730,1,1
2024-11-15 15:00:06,22722,22731,22732,1,1
2024-11-15 15:00:06,22722,22731,22730,1,1
2024-11-15 15:00:06,22722,22731,22731,1,1
2024-11-15 15:00:06,22725,22733,22729,1,1
2024-11-15 15:00:07,22729,22733,22734,2,2
2024-11-15 15:00:07,22729,22733,22733,1,1
2024-11-15 15:00:08,22729,22733,22729,1,-1
2024-11-15 15:00:08,22727,22732,22732,1,1
2024-11-15 15:00:09,22727,22733,22726,1,-1
2024-11-15 15:00:09,22727,22733,22727,1,-1
2024-11-15 15:00:09,22727,22732,22727,1,-1
2024-11-15 15:00:10,22728,22732,22733,1,1
2024-11-15 15:00:10,22728,22732,22735,2,2
2024-11-15 15:00:10,22731,22735,22736,1,1
2024-11-15 15:00:10,22731,22737,22733,1,-1
2024-11-15 15:00:10,22731,22737,22733,1,-1
2024-11-15 15:00:11,22728,22730,22732,1,1
2024-11-15 15:00:11,22728,22730,22733,1,1
2024-11-15 15:00:11,22728,22730,22731,2,2
2024-11-15 15:00:11,22728,22730,22730,1,1
2024-11-15 15:00:11,22729,22732,22726,2,-2
2024-11-15 15:00:11,22729,22732,22728,1,-1
2024-11-15 15:00:11,22729,22732,22729,2,-2
2024-11-15 15:00:13,22729,22731,22729,1,-1
2024-11-15 15:00:13,22728,22731,22729,1,-1
2024-11-15 15:00:14,22730,22731,22733,1,1
2024-11-15 15:00:14,22730,22731,22731,1,1
2024-11-15 15:00:14,22730,22731,22730,1,-1
2024-11-15 15:00:14,22729,22734,22729,1,-1
2024-11-15 15:00:16,22729,22734,22729,1,-1
2024-11-15 15:00:16,22729,22734,22728,1,-1
2024-11-15 15:00:16,22727,22732,22727,1,-1
2024-11-15 15:00:16,22727,22732,22726,1,-1
2024-11-15 15:00:16,22725,22730,22730,1,1
2024-11-15 15:00:17,22725,22728,22728,2,2
2024-11-15 15:00:18,22726,22730,22727,1,-1
2024-11-15 15:00:18,22726,22728,22726,1,-1
2024-11-15 15:00:18,22726,22730,22726,1,-1
2024-11-15 15:00:20,22724,22726,22724,3,-3
2024-11-15 15:00:20,22724,22726,22724,1,-1
2024-11-15 15:00:20,22725,22727,22725,2,-2
2024-11-15 15:00:22,22722,22723,22723,1,1
2024-11-15 15:00:23,22727,22729,22730,4,4
2024-11-15 15:00:23,22727,22729,22729,1,1
2024-11-15 15:00:23,22721,22727,22727,1,1
2024-11-15 15:00:23,22721,22727,22727,1,1
2024-11-15 15:00:23,22721,22727,22728,3,3
2024-11-15 15:00:23,22721,22727,22727,1,1
2024-11-15 15:00:23,22722,22726,22722,1,-1
2024-11-15 15:00:23,22722,22726,22721,2,-2
2024-11-15 15:00:23,22722,22726,22727,2,2
2024-11-15 15:00:23,22722,22726,22726,3,3
2024-11-15 15:00:23,22722,22726,22722,1,-1
2024-11-15 15:00:23,22722,22727,22722,1,-1
2024-11-15 15:00:24,22729,22731,22729,1,-1
2024-11-15 15:00:26,22728,22732,22727,4,-4
2024-11-15 15:00:26,22728,22732,22728,1,-1
2024-11-15 15:00:26,22728,22732,22732,1,1
2024-11-15 15:00:26,22728,22731,22731,1,1
2024-11-15 15:00:26,22728,22731,22728,1,-1
2024-11-15 15:00:27,22722,22726,22722,1,-1
2024-11-15 15:00:27,22724,22727,22724,1,-1
2024-11-15 15:00:27,22727,22729,22726,1,-1
2024-11-15 15:00:27,22723,22726,22723,1,-1
2024-11-15 15:00:27,22727,22729,22727,1,-1
2024-11-15 15:00:27,22727,22729,22727,3,-3
2024-11-15 15:00:27,22727,22729,22727,1,-1
2024-11-15 15:00:27,22727,22729,22727,3,-3
2024-11-15 15:00:28,22721,22724,22724,1,1
2024-11-15 15:00:28,22721,22725,22721,1,-1
2024-11-15 15:00:28,22721,22725,22721,1,-1
2024-11-15 15:00:29,22724,22725,22724,1,-1
2024-11-15 15:00:31,22722,22726,22728,1,1
2024-11-15 15:00:31,22722,22726,22726,1,1
2024-11-15 15:00:31,22722,22726,22727,3,3
2024-11-15 15:00:32,22727,22731,22731,2,2
2024-11-15 15:00:32,22724,22729,22729,1,1
2024-11-15 15:00:32,22726,22729,22729,1,1
2024-11-15 15:00:33,22728,22733,22727,1,-1
2024-11-15 15:00:33,22728,22733,22728,1,-1
2024-11-15 15:00:35,22738,22739,22738,1,-1
2024-11-15 15:00:35,22732,22738,22738,4,4
2024-11-15 15:00:35,22737,22738,22735,1,-1
2024-11-15 15:00:35,22737,22738,22737,2,-2
2024-11-15 15:00:35,22737,22738,22738,1,1
2024-11-15 15:00:35,22729,22734,22737,3,3
2024-11-15 15:00:35,22729,22734,22736,1,1
2024-11-15 15:00:35,22729,22734,22736,3,3
2024-11-15 15:00:35,22729,22734,22734,1,1
2024-11-15 15:00:35,22727,22732,22734,1,1
2024-11-15 15:00:35,22727,22732,22733,1,1
2024-11-15 15:00:35,22727,22732,22733,1,1
2024-11-15 15:00:35,22727,22732,22732,1,1
2024-11-15 15:00:35,22729,22734,22735,2,2
2024-11-15 15:00:38,22735,22738,22739,4,4
2024-11-15 15:00:38,22735,22738,22738,2,2
2024-11-15 15:00:38,22736,22739,22736,2,-2
2024-11-15 15:00:38,22736,22739,22735,1,-1
2024-11-15 15:00:38,22735,22738,22740,4,4
2024-11-15 15:00:39,22734,22739,22740,1,1
2024-11-15 15:00:39,22734,22739,22739,2,2
2024-11-15 15:00:39,22736,22740,22740,1,1
2024-11-15 15:00:41,22736,22739,22734,4,-4
2024-11-15 15:00:41,22736,22739,22736,1,-1
2024-11-15 15:00:41,22736,22739,22735,2,-2
2024-11-15 15:00:41,22733,22737,22737,2,2
2024-11-15 15:00:41,22736,22739,22739,1,1
2024-11-15 15:00:42,22736,22739,22739,1,1
2024-11-15 15:00:43,22739,22740,22740,1,1
2024-11-15 15:00:43,22739,22740,22739,1,-1
2024-11-15 15:00:44,22736,22740,22740,1,1
2024-11-15 15:00:44,22736,22740,22740,3,3
2024-11-15 15:00:44,22737,22740,22737,1,-1
2024-11-15 15:00:44,22737,22740,22735,2,-2
2024-11-15 15:00:44,22737,22740,22736,2,-2
2024-11-15 15:00:45,22740,22741,22740,3,-3
2024-11-15 15:00:45,22740,22741,22741,2,2
2024-11-15 15:00:46,22740,22742,22742,2,2
2024-11-15 15:00:46,22740,22742,22740,1,-1
2024-11-15 15:00:47,22740,22742,22740,2,-2
2024-11-15 15:00:48,22740,22742,22740,1,-1
2024-11-15 15:00:48,22740,22742,22742,1,1
2024-11-15 15:00:49,22740,22743,22743,1,1
2024-11-15 15:00:49,22740,22742,22742,1,1
2024-11-15 15:00:51,22740,22743,22740,1,-1
2024-11-15 15:00:51,22740,22743,22740,1,-1
2024-11-15 15:00:52,22740,22743,22743,1,1
2024-11-15 15:00:53,22741,22743,22741,2,-2
2024-11-15 15:00:54,22740,22742,22742,1,1
2024-11-15 15:00:54,22740,22742,22742,1,1
2024-11-15 15:00:54,22740,22743,22743,10,10
2024-11-15 15:00:54,22741,22743,22743,1,1
2024-11-15 15:00:55,22742,22744,22742,2,-2
2024-11-15 15:00:55,22742,22744,22744,1,1
2024-11-15 15:00:55,22742,22744,22744,2,2
2024-11-15 15:00:55,22742,22744,22742,3,-3
2024-11-15 15:00:56,22742,22744,22744,1,1
2024-11-15 15:00:58,22742,22743,22743,1,1
2024-11-15 15:00:59,22742,22744,22742,1,-1
2024-11-15 15:00:59,22742,22744,22742,1,-1
2024-11-15 15:01:00,22731,22734,22729,1,-1
2024-11-15 15:01:00,22731,22734,22728,1,-1
2024-11-15 15:01:00,22731,22734,22726,1,-1
2024-11-15 15:01:00,22731,22734,22728,1,-1
2024-11-15 15:01:00,22731,22734,22728,1,-1
2024-11-15 15:01:00,22731,22734,22727,1,-1
2024-11-15 15:01:00,22731,22734,22727,1,-1
2024-11-15 15:01:00,22731,22734,22727,1,-1
2024-11-15 15:01:00,22731,22734,22733,2,2
2024-11-15 15:01:00,22731,22734,22731,1,-1
2024-11-15 15:01:00,22728,22733,22728,1,-1
2024-11-15 15:01:00,22728,22733,22733,1,1
2024-11-15 15:01:00,22728,22733,22728,1,-1
2024-11-15 15:01:00,22728,22733,22730,2,-2
2024-11-15 15:01:00,22728,22733,22730,1,-1
2024-11-15 15:01:00,22731,22734,22729,1,-1
2024-11-15 15:01:00,22731,22734,22732,5,-5
2024-11-15 15:01:00,22731,22734,22730,1,-1
2024-11-15 15:01:00,22742,22744,22736,1,-1
2024-11-15 15:01:00,22731,22734,22730,1,-1
2024-11-15 15:01:00,22742,22744,22742,1,-1
2024-11-15 15:01:00,22742,22744,22742,2,-2
2024-11-15 15:01:00,22742,22744,22741,1,-1
2024-11-15 15:01:00,22742,22744,22740,8,-8
2024-11-15 15:01:00,22742,22744,22741,2,-2
2024-11-15 15:01:00,22742,22744,22739,1,-1
2024-11-15 15:01:00,22731,22734,22730,1,-1
2024-11-15 15:01:00,22742,22744,22736,1,-1
2024-11-15 15:01:00,22742,22744,22735,1,-1
2024-11-15 15:01:00,22742,22744,22735,3,-3
2024-11-15 15:01:00,22742,22744,22732,1,-1
2024-11-15 15:01:00,22742,22744,22734,3,-3
2024-11-15 15:01:00,22742,22744,22732,1,-1
2024-11-15 15:01:00,22742,22744,22732,1,-1
2024-11-15 15:01:00,22742,22744,22732,1,-1
2024-11-15 15:01:00,22742,22744,22731,1,-1
2024-11-15 15:01:00,22742,22744,22733,4,-4
2024-11-15 15:01:01,22731,22734,22726,1,-1
2024-11-15 15:01:01,22731,22734,22727,1,-1
2024-11-15 15:01:01,22731,22734,22726,1,-1
2024-11-15 15:01:01,22731,22734,22726,1,-1
2024-11-15 15:01:01,22731,22734,22727,1,-1
2024-11-15 15:01:01,22731,22734,22729,2,-2
2024-11-15 15:01:01,22731,22734,22726,1,-1
2024-11-15 15:01:01,22725,22729,22725,1,-1
2024-11-15 15:01:01,22725,22729,22729,2,2
2024-11-15 15:01:01,22731,22734,22726,1,-1
2024-11-15 15:01:01,22731,22734,22727,1,-1
2024-11-15 15:01:01,22731,22734,22729,1,-1
2024-11-15 15:01:01,22731,22734,22728,1,-1
2024-11-15 15:01:01,22731,22734,22728,1,-1
2024-11-15 15:01:01,22731,22734,22728,1,-1
2024-11-15 15:01:01,22731,22734,22730,1,-1
2024-11-15 15:01:01,22731,22734,22727,1,-1
2024-11-15 15:01:01,22731,22734,22729,1,-1
2024-11-15 15:01:01,22731,22734,22730,1,-1
2024-11-15 15:01:01,22731,22734,22730,1,-1
2024-11-15 15:01:01,22731,22734,22731,1,-1
2024-11-15 15:01:01,22731,22734,22731,1,-1
2024-11-15 15:01:02,22730,22733,22730,2,-2
2024-11-15 15:01:02,22730,22733,22730,1,-1
2024-11-15 15:01:02,22730,22733,22729,1,-1
2024-11-15 15:01:02,22730,22733,22733,1,1
2024-11-15 15:01:04,22726,22729,22729,1,1
2024-11-15 15:01:06,22726,22730,22730,1,1
2024-11-15 15:01:08,22729,22732,22725,1,-1
2024-11-15 15:01:08,22729,22732,22728,1,-1
2024-11-15 15:01:08,22729,22732,22728,1,-1
2024-11-15 15:01:08,22729,22732,22728,1,-1
2024-11-15 15:01:08,22729,22732,22728,1,-1
2024-11-15 15:01:08,22729,22732,22728,1,-1
2024-11-15 15:01:08,22729,22732,22728,1,-1
2024-11-15 15:01:08,22729,22732,22729,1,-1
2024-11-15 15:01:08,22729,22732,22728,1,-1
2024-11-15 15:01:08,22729,22732,22728,1,-1
2024-11-15 15:01:08,22729,22732,22728,1,-1
2024-11-15 15:01:08,22729,22732,22729,1,-1
2024-11-15 15:01:08,22729,22732,22729,1,-1
2024-11-15 15:01:08,22729,22732,22729,1,-1
2024-11-15 15:01:08,22729,22732,22728,1,-1
2024-11-15 15:01:10,22726,22728,22725,1,-1
2024-11-15 15:01:10,22726,22728,22726,1,-1
2024-11-15 15:01:11,22727,22730,22727,1,-1
2024-11-15 15:01:11,22726,22729,22729,1,1
2024-11-15 15:01:11,22724,22726,22726,6,6
2024-11-15 15:01:12,22726,22729,22726,1,-1
2024-11-15 15:01:13,22726,22729,22726,2,-2
2024-11-15 15:01:13,22726,22729,22725,3,-3
2024-11-15 15:01:13,22725,22727,22725,1,-1
2024-11-15 15:01:13,22725,22726,22725,1,-1
2024-11-15 15:01:15,22724,22727,22724,1,-1
2024-11-15 15:01:15,22725,22726,22726,1,1
2024-11-15 15:01:16,22726,22728,22730,1,1
2024-11-15 15:01:17,22729,22732,22729,5,-5
2024-11-15 15:01:17,22726,22729,22729,3,3
2024-11-15 15:01:17,22726,22729,22730,2,2
2024-11-15 15:01:18,22732,22734,22730,1,-1
2024-11-15 15:01:18,22727,22729,22729,1,1
2024-11-15 15:01:18,22732,22734,22729,1,-1
2024-11-15 15:01:18,22732,22734,22729,1,-1
2024-11-15 15:01:18,22732,22734,22730,1,-1
2024-11-15 15:01:18,22732,22734,22730,1,-1
2024-11-15 15:01:18,22732,22734,22730,1,-1
2024-11-15 15:01:18,22732,22734,22731,1,-1
2024-11-15 15:01:18,22732,22734,22732,1,-1
2024-11-15 15:01:18,22732,22734,22731,1,-1
2024-11-15 15:01:18,22732,22734,22731,1,-1
2024-11-15 15:01:18,22732,22734,22732,1,-1
2024-11-15 15:01:18,22732,22734,22732,1,-1
2024-11-15 15:01:18,22732,22734,22732,1,-1
2024-11-15 15:01:18,22729,22731,22732,1,1
2024-11-15 15:01:18,22732,22734,22731,1,-1
2024-11-15 15:01:20,22730,22731,22730,1,-1
2024-11-15 15:01:20,22730,22731,22731,3,3
2024-11-15 15:01:21,22728,22731,22731,1,1
2024-11-15 15:01:21,22730,22733,22729,1,-1
2024-11-15 15:01:21,22730,22733,22730,2,-2
2024-11-15 15:01:22,22727,22730,22730,1,1
2024-11-15 15:01:24,22726,22729,22726,1,-1
2024-11-15 15:01:25,22726,22728,22728,1,1
2024-11-15 15:01:26,22726,22729,22729,4,4
2024-11-15 15:01:27,22729,22730,22730,1,1
2024-11-15 15:01:27,22729,22730,22730,2,2
2024-11-15 15:01:27,22729,22730,22730,1,1
2024-11-15 15:01:27,22729,22730,22730,1,1
2024-11-15 15:01:27,22729,22730,22730,2,2
2024-11-15 15:01:28,22729,22732,22729,1,-1
2024-11-15 15:01:28,22729,22732,22729,1,-1
2024-11-15 15:01:28,22729,22732,22729,1,-1
2024-11-15 15:01:28,22729,22732,22729,1,-1
2024-11-15 15:01:28,22729,22732,22729,1,-1
2024-11-15 15:01:28,22729,22732,22729,1,-1
2024-11-15 15:01:28,22729,22732,22729,1,-1
2024-11-15 15:01:28,22729,22732,22728,1,-1
2024-11-15 15:01:29,22727,22730,22726,1,-1
2024-11-15 15:01:29,22727,22730,22727,4,-4
2024-11-15 15:01:30,22726,22730,22730,1,1
2024-11-15 15:01:31,22729,22731,22729,2,-2
2024-11-15 15:01:31,22728,22729,22729,1,1
2024-11-15 15:01:32,22728,22729,22728,1,-1
2024-11-15 15:01:32,22726,22728,22728,1,1
2024-11-15 15:01:34,22726,22728,22728,1,1
2024-11-15 15:01:35,22726,22729,22729,1,1
2024-11-15 15:01:39,22727,22729,22726,1,-1
2024-11-15 15:01:39,22727,22729,22726,2,-2
2024-11-15 15:01:39,22727,22729,22726,1,-1
2024-11-15 15:01:39,22727,22729,22726,1,-1
2024-11-15 15:01:39,22727,22728,22728,1,1
2024-11-15 15:01:39,22727,22729,22727,1,-1
2024-11-15 15:01:39,22727,22729,22727,1,-1
2024-11-15 15:01:39,22727,22728,22728,1,1
2024-11-15 15:01:39,22727,22729,22727,1,-1
2024-11-15 15:01:39,22727,22729,22726,1,-1
2024-11-15 15:01:40,22725,22727,22727,1,1
2024-11-15 15:01:41,22725,22727,22727,1,1
2024-11-15 15:01:41,22725,22727,22727,1,1
2024-11-15 15:01:44,22727,22728,22727,1,-1
2024-11-15 15:01:45,22726,22729,22726,1,-1
2024-11-15 15:01:45,22725,22729,22729,1,1
2024-11-15 15:01:48,22725,22728,22728,1,1
2024-11-15 15:01:52,22733,22735,22735,1,1
2024-11-15 15:01:52,22730,22733,22733,8,8
2024-11-15 15:01:52,22730,22733,22733,11,11
2024-11-15 15:01:52,22729,22733,22733,1,1
2024-11-15 15:01:52,22727,22729,22730,1,1
2024-11-15 15:01:52,22727,22729,22729,6,6
2024-11-15 15:01:56,22735,22737,22737,1,1
2024-11-15 15:01:56,22735,22738,22738,1,1
2024-11-15 15:01:58,22736,22739,22739,1,1
2024-11-15 15:02:00,22735,22737,22737,1,1
2024-11-15 15:02:00,22735,22737,22737,1,1
2024-11-15 15:02:00,22736,22738,22735,1,-1
2024-11-15 15:02:00,22736,22738,22736,1,-1
2024-11-15 15:02:00,22736,22738,22738,1,1
2024-11-15 15:02:00,22736,22738,22736,2,-2
2024-11-15 15:02:01,22735,22737,22737,3,3
2024-11-15 15:02:01,22737,22739,22737,1,-1
2024-11-15 15:02:01,22737,22739,22737,1,-1
2024-11-15 15:02:01,22737,22739,22737,1,-1
2024-11-15 15:02:01,22737,22739,22739,2,2
2024-11-15 15:02:02,22737,22739,22739,2,2
2024-11-15 15:02:03,22737,22739,22739,1,1
2024-11-15 15:02:04,22739,22741,22741,2,2
2024-11-15 15:02:04,22739,22741,22742,1,1
2024-11-15 15:02:08,22740,22742,22742,1,1
2024-11-15 15:02:08,22741,22743,22741,1,-1
2024-11-15 15:02:11,22740,22743,22743,1,1
2024-11-15 15:02:11,22742,22743,22740,1,-1
2024-11-15 15:02:11,22740,22743,22743,1,1
2024-11-15 15:02:11,22742,22743,22742,1,-1
2024-11-15 15:02:11,22742,22743,22742,1,-1
2024-11-15 15:02:11,22742,22743,22743,1,1
2024-11-15 15:02:13,22743,22744,22743,1,-1
2024-11-15 15:02:13,22741,22744,22741,1,-1
2024-11-15 15:02:14,22741,22744,22744,1,1
2024-11-15 15:02:14,22741,22744,22744,1,1
2024-11-15 15:02:16,22742,22744,22744,1,1
2024-11-15 15:02:18,22743,22744,22744,1,1
2024-11-15 15:02:18,22743,22744,22744,7,7
2024-11-15 15:02:18,22743,22744,22744,1,1
2024-11-15 15:02:18,22743,22744,22744,2,2
2024-11-15 15:02:18,22743,22745,22745,1,1
2024-11-15 15:02:22,22744,22745,22745,1,1
2024-11-15 15:02:22,22744,22745,22745,1,1
2024-11-15 15:02:23,22745,22746,22745,2,-2
2024-11-15 15:02:23,22745,22746,22744,1,-1
2024-11-15 15:02:24,22745,22746,22746,1,1
2024-11-15 15:02:25,22745,22746,22746,3,3
2024-11-15 15:02:26,22746,22747,22746,1,-1
2024-11-15 15:02:28,22746,22747,22747,1,1
2024-11-15 15:02:28,22747,22748,22747,1,-1
2024-11-15 15:02:30,22745,22748,22748,1,1
2024-11-15 15:02:30,22745,22748,22748,1,1
2024-11-15 15:02:30,22745,22748,22748,4,4
2024-11-15 15:02:30,22745,22748,22749,4,4
2024-11-15 15:02:31,22748,22751,22747,1,-1
2024-11-15 15:02:31,22749,22751,22749,1,-1
2024-11-15 15:02:31,22747,22750,22750,9,9
2024-11-15 15:02:32,22745,22747,22745,1,-1
2024-11-15 15:02:32,22745,22747,22747,1,1
2024-11-15 15:02:34,22745,22746,22745,2,-2
2024-11-15 15:02:34,22745,22746,22745,1,-1
2024-11-15 15:02:34,22744,22746,22746,1,1
2024-11-15 15:02:37,22746,22747,22746,1,-1
2024-11-15 15:02:37,22746,22747,22746,1,-1
2024-11-15 15:02:39,22745,22746,22745,1,-1
2024-11-15 15:02:40,22744,22746,22744,1,-1
2024-11-15 15:02:42,22744,22746,22746,3,3
2024-11-15 15:02:42,22744,22746,22746,1,1
2024-11-15 15:02:44,22744,22745,22744,1,-1
2024-11-15 15:02:44,22742,22745,22744,1,1
2024-11-15 15:02:44,22742,22745,22742,1,-1
2024-11-15 15:02:44,22742,22745,22741,7,-7
2024-11-15 15:02:44,22740,22742,22740,1,-1
2024-11-15 15:02:47,22739,22741,22741,3,3
2024-11-15 15:02:52,22742,22744,22742,1,-1
2024-11-15 15:02:56,22741,22743,22741,1,-1
2024-11-15 15:03:00,22741,22743,22741,1,-1
2024-11-15 15:03:00,22741,22743,22741,1,-1
2024-11-15 15:03:00,22740,22743,22740,1,-1
2024-11-15 15:03:00,22740,22742,22742,1,1
2024-11-15 15:03:00,22740,22743,22740,1,-1
2024-11-15 15:03:01,22739,22742,22740,1,-1
2024-11-15 15:03:02,22740,22742,22740,1,-1
2024-11-15 15:03:03,22739,22742,22738,3,-3
2024-11-15 15:03:03,22739,22742,22738,1,-1
2024-11-15 15:03:05,22737,22739,22737,1,-1
2024-11-15 15:03:06,22737,22739,22737,1,-1
2024-11-15 15:03:06,22737,22739,22737,2,-2
2024-11-15 15:03:06,22737,22739,22737,1,-1
2024-11-15 15:03:06,22736,22737,22736,1,-1
2024-11-15 15:03:07,22735,22737,22737,1,1
2024-11-15 15:03:08,22735,22736,22735,1,-1
2024-11-15 15:03:09,22735,22736,22735,9,-9
2024-11-15 15:03:09,22735,22736,22734,1,-1
2024-11-15 15:03:09,22735,22736,22734,1,-1
2024-11-15 15:03:12,22734,22736,22734,1,-1
2024-11-15 15:03:14,22734,22735,22735,1,1
2024-11-15 15:03:14,22734,22735,22735,1,1
2024-11-15 15:03:17,22735,22738,22738,1,1
2024-11-15 15:03:17,22734,22736,22737,3,3
2024-11-15 15:03:17,22734,22736,22736,2,2
2024-11-15 15:03:19,22737,22740,22737,1,-1
2024-11-15 15:03:25,22737,22738,22738,1,1
2024-11-15 15:03:26,22737,22738,22738,1,1
2024-11-15 15:03:32,22741,22742,22745,1,1
2024-11-15 15:03:32,22741,22742,22742,1,1
2024-11-15 15:03:32,22744,22745,22745,2,2
2024-11-15 15:03:32,22741,22742,22743,2,2
2024-11-15 15:03:32,22741,22742,22744,10,10
2024-11-15 15:03:33,22745,22746,22745,1,-1
2024-11-15 15:03:35,22744,22746,22744,1,-1
2024-11-15 15:03:42,22744,22745,22745,1,1
2024-11-15 15:03:42,22744,22746,22746,1,1
2024-11-15 15:03:43,22744,22746,22744,1,-1
2024-11-15 15:03:45,22745,22746,22746,1,1
2024-11-15 15:03:49,22746,22747,22747,1,1
2024-11-15 15:03:51,22746,22748,22748,1,1
2024-11-15 15:03:52,22747,22750,22750,1,1
2024-11-15 15:03:54,22747,22750,22750,1,1
2024-11-15 15:03:54,22747,22750,22747,1,-1
2024-11-15 15:03:54,22747,22750,22750,1,1
2024-11-15 15:03:54,22747,22750,22750,1,1
2024-11-15 15:03:55,22748,22751,22748,1,-1
2024-11-15 15:03:55,22748,22751,22748,1,-1
2024-11-15 15:03:56,22747,22750,22750,1,1
2024-11-15 15:03:57,22748,22751,22748,3,-3
2024-11-15 15:03:58,22747,22750,22750,1,1
2024-11-15 15:03:58,22748,22750,22748,2,-2
2024-11-15 15:04:00,22747,22750,22750,1,1
2024-11-15 15:04:00,22747,22750,22750,1,1
2024-11-15 15:04:02,22748,22751,22751,1,1
2024-11-15 15:04:03,22750,22752,22752,1,1
2024-11-15 15:04:03,22750,22752,22752,1,1
2024-11-15 15:04:03,22751,22753,22753,3,3
2024-11-15 15:04:03,22750,22752,22752,2,2
2024-11-15 15:04:04,22752,22755,22754,1,1
2024-11-15 15:04:04,22752,22754,22754,4,4
2024-11-15 15:04:04,22752,22754,22755,1,1
2024-11-15 15:04:05,22753,22755,22755,1,1
2024-11-15 15:04:06,22752,22755,22755,1,1
2024-11-15 15:04:09,22754,22755,22754,1,-1
2024-11-15 15:04:10,22753,22755,22755,2,2
2024-11-15 15:04:10,22755,22756,22756,2,2
2024-11-15 15:04:11,22756,22757,22757,1,1
2024-11-15 15:04:11,22756,22757,22758,3,3
2024-11-15 15:04:12,22756,22758,22758,1,1
2024-11-15 15:04:12,22757,22759,22756,3,-3
2024-11-15 15:04:12,22757,22759,22757,2,-2
2024-11-15 15:04:14,22755,22758,22755,6,-6
2024-11-15 15:04:14,22753,22755,22753,1,-1
2024-11-15 15:04:14,22755,22758,22755,2,-2
2024-11-15 15:04:14,22755,22758,22755,3,-3
2024-11-15 15:04:14,22755,22758,22755,1,-1
2024-11-15 15:04:14,22755,22758,22756,1,-1
2024-11-15 15:04:16,22753,22755,22755,1,1
2024-11-15 15:04:18,22753,22756,22754,1,-1
2024-11-15 15:04:19,22755,22757,22757,1,1
2024-11-15 15:04:21,22755,22757,22757,1,1
2024-11-15 15:04:21,22755,22757,22757,1,1
2024-11-15 15:04:22,22755,22758,22758,1,1
2024-11-15 15:04:22,22755,22758,22759,2,2
2024-11-15 15:04:23,22756,22759,22757,1,-1
2024-11-15 15:04:23,22756,22759,22757,1,-1
2024-11-15 15:04:24,22756,22759,22756,1,-1
2024-11-15 15:04:26,22755,22757,22756,1,-1
2024-11-15 15:04:28,22755,22757,22755,2,-2
2024-11-15 15:04:28,22755,22756,22756,1,1
2024-11-15 15:04:29,22755,22757,22756,1,-1
2024-11-15 15:04:30,22755,22756,22757,2,2
2024-11-15 15:04:30,22755,22756,22756,1,1
2024-11-15 15:04:31,22755,22757,22755,3,-3
2024-11-15 15:04:31,22756,22758,22755,2,-2
2024-11-15 15:04:31,22756,22758,22756,1,-1
2024-11-15 15:04:32,22755,22757,22755,1,-1
2024-11-15 15:04:33,22755,22757,22755,1,-1
2024-11-15 15:04:38,22755,22756,22755,1,-1
2024-11-15 15:04:39,22755,22756,22756,2,2
2024-11-15 15:04:42,22755,22756,22756,1,1
2024-11-15 15:04:42,22756,22758,22755,2,-2
2024-11-15 15:04:42,22756,22758,22756,1,-1
2024-11-15 15:04:43,22755,22757,22755,2,-2
2024-11-15 15:04:43,22755,22757,22756,1,-1
2024-11-15 15:04:43,22755,22757,22755,2,-2
2024-11-15 15:04:43,22755,22757,22754,1,-1
2024-11-15 15:04:43,22753,22754,22753,3,-3
2024-11-15 15:04:43,22751,22754,22751,2,-2
2024-11-15 15:04:43,22751,22754,22752,1,-1
2024-11-15 15:04:43,22751,22754,22751,1,-1
2024-11-15 15:04:44,22751,22754,22754,1,1
2024-11-15 15:04:47,22753,22754,22754,1,1
2024-11-15 15:04:48,22753,22754,22754,1,1
2024-11-15 15:04:49,22753,22755,22755,1,1
2024-11-15 15:04:49,22753,22755,22755,1,1
2024-11-15 15:04:52,22755,22757,22757,1,1
2024-11-15 15:04:53,22755,22757,22755,1,-1
2024-11-15 15:04:54,22753,22756,22756,1,1
2024-11-15 15:04:54,22753,22756,22756,1,1
2024-11-15 15:04:54,22754,22756,22756,2,2
2024-11-15 15:04:54,22754,22756,22757,1,1
2024-11-15 15:04:54,22754,22756,22757,1,1
2024-11-15 15:04:57,22753,22756,22756,1,1
2024-11-15 15:05:00,22750,22753,22750,2,-2
2024-11-15 15:05:00,22751,22754,22751,1,-1
2024-11-15 15:05:00,22751,22754,22750,1,-1
2024-11-15 15:05:00,22751,22754,22750,1,-1
2024-11-15 15:05:00,22751,22754,22750,1,-1
2024-11-15 15:05:00,22751,22754,22751,1,-1
2024-11-15 15:05:00,22751,22754,22751,1,-1
2024-11-15 15:05:00,22751,22754,22751,1,-1
2024-11-15 15:05:00,22753,22755,22753,1,-1
2024-11-15 15:05:01,22748,22752,22748,1,-1
2024-11-15 15:05:01,22750,22752,22750,1,-1
2024-11-15 15:05:01,22750,22752,22750,1,-1
2024-11-15 15:05:01,22750,22752,22747,1,-1
2024-11-15 15:05:01,22750,22752,22748,1,-1
2024-11-15 15:05:01,22748,22752,22749,1,-1
2024-11-15 15:05:01,22750,22752,22750,1,-1
2024-11-15 15:05:01,22750,22752,22750,1,-1
2024-11-15 15:05:01,22750,22752,22750,1,-1
2024-11-15 15:05:01,22750,22752,22750,1,-1
2024-11-15 15:05:01,22750,22752,22749,1,-1
2024-11-15 15:05:02,22750,22753,22753,2,2
2024-11-15 15:05:02,22751,22754,22751,1,-1
2024-11-15 15:05:04,22750,22753,22750,1,-1
2024-11-15 15:05:04,22752,22754,22751,1,-1
2024-11-15 15:05:04,22752,22754,22752,1,-1
2024-11-15 15:05:05,22751,22753,22751,1,-1
2024-11-15 15:05:07,22749,22753,22753,1,1
2024-11-15 15:05:08,22750,22753,22748,1,-1
2024-11-15 15:05:08,22750,22753,22747,1,-1
2024-11-15 15:05:08,22750,22753,22749,1,-1
2024-11-15 15:05:08,22750,22753,22748,1,-1
2024-11-15 15:05:08,22750,22753,22748,1,-1
2024-11-15 15:05:08,22750,22753,22749,1,-1
2024-11-15 15:05:08,22750,22753,22747,2,-2
2024-11-15 15:05:08,22750,22753,22750,1,-1
2024-11-15 15:05:08,22750,22753,22750,1,-1
2024-11-15 15:05:08,22750,22753,22750,1,-1
2024-11-15 15:05:08,22750,22753,22750,1,-1
2024-11-15 15:05:08,22750,22753,22753,1,1
2024-11-15 15:05:08,22750,22753,22749,1,-1
2024-11-15 15:05:09,22746,22749,22749,1,1
2024-11-15 15:05:10,22747,22748,22747,1,-1
2024-11-15 15:05:10,22746,22748,22748,1,1
2024-11-15 15:05:11,22746,22748,22746,1,-1
2024-11-15 15:05:11,22746,22748,22746,1,-1
2024-11-15 15:05:12,22746,22748,22746,1,-1
2024-11-15 15:05:14,22745,22748,22745,1,-1
2024-11-15 15:05:14,22745,22747,22747,1,1
2024-11-15 15:05:18,22745,22747,22745,1,-1
2024-11-15 15:05:21,22743,22746,22743,1,-1
2024-11-15 15:05:21,22745,22747,22743,1,-1
2024-11-15 15:05:21,22745,22747,22743,1,-1
2024-11-15 15:05:21,22745,22747,22744,1,-1
2024-11-15 15:05:21,22745,22747,22744,1,-1
2024-11-15 15:05:21,22745,22747,22743,1,-1
2024-11-15 15:05:21,22745,22747,22744,1,-1
2024-11-15 15:05:21,22745,22747,22744,1,-1
2024-11-15 15:05:21,22745,22747,22745,1,-1
2024-11-15 15:05:21,22745,22747,22745,1,-1
2024-11-15 15:05:21,22746,22747,22746,1,-1
2024-11-15 15:05:21,22745,22747,22744,1,-1
2024-11-15 15:05:25,22743,22746,22743,2,-2
2024-11-15 15:05:26,22743,22744,22743,1,-1
2024-11-15 15:05:26,22742,22744,22742,1,-1
2024-11-15 15:05:27,22741,22744,22744,1,1
2024-11-15 15:05:28,22742,22745,22741,1,-1
2024-11-15 15:05:28,22742,22745,22741,1,-1
2024-11-15 15:05:28,22742,22745,22741,1,-1
2024-11-15 15:05:28,22742,22745,22741,1,-1
2024-11-15 15:05:28,22742,22745,22742,1,-1
2024-11-15 15:05:28,22742,22745,22742,1,-1
2024-11-15 15:05:28,22742,22745,22742,1,-1
2024-11-15 15:05:28,22742,22745,22742,1,-1
2024-11-15 15:05:28,22742,22745,22741,1,-1
2024-11-15 15:05:28,22742,22745,22741,1,-1
2024-11-15 15:05:29,22739,22741,22739,1,-1
2024-11-15 15:05:29,22740,22741,22740,1,-1
2024-11-15 15:05:29,22740,22741,22740,1,-1
2024-11-15 15:05:31,22738,22740,22738,1,-1
2024-11-15 15:05:33,22736,22738,22738,1,1
2024-11-15 15:05:34,22738,22740,22738,1,-1
2024-11-15 15:05:35,22738,22740,22740,1,1
2024-11-15 15:05:38,22738,22741,22738,1,-1
2024-11-15 15:05:39,22739,22742,22739,1,-1
2024-11-15 15:05:39,22739,22743,22739,1,-1
2024-11-15 15:05:44,22739,22741,22741,1,1
2024-11-15 15:05:44,22739,22741,22741,1,1
2024-11-15 15:05:46,22740,22744,22739,1,-1
2024-11-15 15:06:00,22741,22742,22742,1,1
2024-11-15 15:06:00,22741,22742,22742,1,1
2024-11-15 15:06:03,22743,22746,22746,1,1
2024-11-15 15:06:03,22743,22746,22746,1,1
2024-11-15 15:06:03,22743,22746,22747,1,1
2024-11-15 15:06:04,22746,22749,22749,1,1
2024-11-15 15:06:04,22745,22748,22748,1,1
2024-11-15 15:06:04,22744,22747,22747,1,1
2024-11-15 15:06:04,22744,22747,22747,1,1
2024-11-15 15:06:04,22745,22748,22748,1,1
2024-11-15 15:06:05,22746,22749,22749,1,1
2024-11-15 15:06:05,22746,22750,22750,1,1
2024-11-15 15:06:05,22746,22750,22750,1,1
2024-11-15 15:06:07,22748,22752,22752,1,1
2024-11-15 15:06:09,22748,22752,22752,1,1
2024-11-15 15:06:10,22749,22751,22751,1,1
2024-11-15 15:06:10,22749,22752,22752,1,1
2024-11-15 15:06:11,22753,22756,22757,2,2
2024-11-15 15:06:11,22750,22753,22753,4,4
2024-11-15 15:06:11,22750,22753,22754,2,2
2024-11-15 15:06:11,22751,22755,22751,1,-1
2024-11-15 15:06:11,22751,22755,22754,3,3
2024-11-15 15:06:11,22751,22755,22755,1,1
2024-11-15 15:06:11,22753,22756,22756,3,3
2024-11-15 15:06:16,22753,22756,22753,1,-1
2024-11-15 15:06:21,22753,22755,22754,1,-1
2024-11-15 15:06:23,22754,22757,22756,1,1
2024-11-15 15:06:23,22754,22757,22756,1,1
2024-11-15 15:06:26,22754,22757,22754,1,-1
2024-11-15 15:06:26,22755,22757,22757,1,1
2024-11-15 15:06:27,22756,22757,22757,1,1
2024-11-15 15:06:28,22756,22758,22756,1,-1
2024-11-15 15:06:32,22757,22759,22757,2,-2
2024-11-15 15:06:33,22757,22759,22759,1,1
2024-11-15 15:06:33,22757,22759,22759,2,2
2024-11-15 15:06:33,22757,22759,22759,5,5
2024-11-15 15:06:34,22758,22760,22758,1,-1
2024-11-15 15:06:35,22758,22760,22758,1,-1
2024-11-15 15:06:35,22758,22760,22758,1,-1
2024-11-15 15:06:36,22757,22759,22759,1,1
2024-11-15 15:06:37,22757,22760,22760,1,1
2024-11-15 15:06:37,22757,22760,22760,1,1
2024-11-15 15:06:38,22757,22760,22760,1,1
2024-11-15 15:06:41,22759,22760,22760,1,1
2024-11-15 15:06:43,22759,22761,22759,1,-1
2024-11-15 15:06:44,22758,22760,22760,1,1
2024-11-15 15:06:44,22759,22761,22759,1,-1
2024-11-15 15:06:47,22758,22761,22761,1,1
2024-11-15 15:06:47,22760,22761,22760,2,-2
2024-11-15 15:06:47,22758,22761,22758,2,-2
2024-11-15 15:06:49,22758,22761,22758,1,-1
2024-11-15 15:06:52,22759,22761,22761,2,2
2024-11-15 15:06:52,22760,22762,22762,1,1
2024-11-15 15:06:52,22760,22762,22760,2,-2
2024-11-15 15:06:53,22759,22761,22759,1,-1
2024-11-15 15:06:53,22759,22761,22759,1,-1
2024-11-15 15:06:53,22759,22761,22759,1,-1
2024-11-15 15:06:53,22760,22762,22760,1,-1
2024-11-15 15:06:53,22760,22762,22763,5,5
2024-11-15 15:06:53,22760,22762,22763,1,1
2024-11-15 15:06:53,22759,22761,22759,1,-1
2024-11-15 15:06:53,22760,22762,22762,4,4
2024-11-15 15:06:53,22760,22762,22760,2,-2
2024-11-15 15:06:54,22759,22760,22760,1,1
2024-11-15 15:06:54,22759,22761,22760,5,-5
2024-11-15 15:06:54,22759,22761,22759,1,-1
2024-11-15 15:06:56,22759,22760,22760,1,1
2024-11-15 15:06:56,22759,22760,22759,1,-1
2024-11-15 15:06:57,22759,22760,22759,2,-2
2024-11-15 15:06:57,22759,22760,22759,1,-1
2024-11-15 15:06:57,22759,22760,22759,1,-1
2024-11-15 15:07:00,22758,22760,22760,1,1
2024-11-15 15:07:00,22758,22759,22759,2,2
2024-11-15 15:07:00,22758,22759,22760,2,2
2024-11-15 15:07:01,22758,22761,22761,1,1
2024-11-15 15:07:04,22760,22761,22760,1,-1
2024-11-15 15:07:05,22759,22762,22759,1,-1
2024-11-15 15:07:05,22758,22761,22761,1,1
2024-11-15 15:07:05,22758,22761,22761,1,1
2024-11-15 15:07:07,22758,22761,22759,1,-1
2024-11-15 15:07:07,22758,22761,22758,3,-3
2024-11-15 15:07:09,22758,22760,22758,1,-1
2024-11-15 15:07:16,22756,22758,22756,1,-1
2024-11-15 15:07:17,22756,22758,22756,1,-1
2024-11-15 15:07:18,22755,22757,22755,4,-4
2024-11-15 15:07:18,22754,22756,22757,1,1
2024-11-15 15:07:19,22753,22756,22756,1,1
2024-11-15 15:07:20,22753,22757,22757,1,1
2024-11-15 15:07:30,22753,22756,22752,2,-2
2024-11-15 15:07:30,22751,22754,22754,3,3
2024-11-15 15:07:30,22753,22756,22753,1,-1
2024-11-15 15:07:33,22752,22754,22754,1,1
2024-11-15 15:07:45,22752,22754,22752,2,-2
2024-11-15 15:07:46,22752,22754,22752,1,-1
2024-11-15 15:07:53,22751,22754,22751,1,-1
2024-11-15 15:07:53,22751,22754,22751,1,-1
2024-11-15 15:07:58,22747,22750,22747,2,-2
2024-11-15 15:07:58,22751,22754,22751,1,-1
2024-11-15 15:07:58,22750,22754,22750,4,-4
2024-11-15 15:08:01,22747,22750,22747,1,-1
2024-11-15 15:08:01,22746,22749,22749,1,1
2024-11-15 15:08:02,22746,22747,22746,1,-1
2024-11-15 15:08:02,22744,22747,22747,1,1
2024-11-15 15:08:02,22744,22747,22748,1,1
2024-11-15 15:08:03,22746,22749,22746,1,-1
2024-11-15 15:08:08,22746,22748,22746,1,-1
2024-11-15 15:08:10,22746,22748,22748,1,1
2024-11-15 15:08:10,22746,22749,22747,1,-1
2024-11-15 15:08:11,22747,22749,22747,1,-1
2024-11-15 15:08:16,22746,22749,22746,2,-2
2024-11-15 15:08:16,22746,22749,22749,1,1
2024-11-15 15:08:16,22746,22749,22749,1,1
2024-11-15 15:08:18,22747,22749,22747,1,-1
2024-11-15 15:08:18,22746,22750,22747,1,-1
2024-11-15 15:08:19,22746,22747,22747,1,1
2024-11-15 15:08:24,22743,22745,22745,1,1
2024-11-15 15:08:24,22743,22746,22746,1,1
2024-11-15 15:08:24,22743,22745,22745,1,1
2024-11-15 15:08:24,22744,22746,22744,1,-1
2024-11-15 15:08:24,22746,22749,22745,1,-1
2024-11-15 15:08:24,22746,22749,22746,6,-6
2024-11-15 15:08:26,22743,22746,22746,1,1
2024-11-15 15:08:27,22743,22746,22744,1,-1
2024-11-15 15:08:27,22743,22745,22743,2,-2
2024-11-15 15:08:28,22742,22745,22742,1,-1
2024-11-15 15:08:28,22741,22745,22744,1,1
2024-11-15 15:08:29,22741,22744,22741,1,-1
2024-11-15 15:08:30,22741,22744,22741,1,-1
2024-11-15 15:08:30,22741,22744,22740,1,-1
2024-11-15 15:08:33,22740,22743,22740,2,-2
2024-11-15 15:08:34,22740,22743,22740,2,-2
2024-11-15 15:08:39,22741,22743,22740,2,-2
2024-11-15 15:08:39,22741,22743,22741,1,-1
2024-11-15 15:08:41,22740,22742,22739,3,-3
2024-11-15 15:08:41,22740,22742,22740,2,-2
2024-11-15 15:08:41,22740,22742,22740,1,-1
2024-11-15 15:08:42,22738,22740,22738,1,-1
2024-11-15 15:08:42,22738,22740,22738,4,-4
2024-11-15 15:08:42,22738,22740,22738,1,-1
2024-11-15 15:08:45,22737,22739,22739,2,2
2024-11-15 15:08:51,22738,22740,22738,1,-1
2024-11-15 15:08:52,22739,22740,22739,1,-1
2024-11-15 15:08:55,22738,22740,22738,1,-1
2024-11-15 15:09:00,22738,22740,22740,1,1
2024-11-15 15:09:00,22738,22740,22738,1,-1
2024-11-15 15:09:00,22737,22740,22737,1,-1
2024-11-15 15:09:01,22737,22739,22737,1,-1
2024-11-15 15:09:01,22737,22739,22737,1,-1
2024-11-15 15:09:01,22736,22738,22736,1,-1
2024-11-15 15:09:01,22736,22738,22736,1,-1
2024-11-15 15:09:03,22733,22736,22733,4,-4
2024-11-15 15:09:03,22736,22738,22735,6,-6
2024-11-15 15:09:03,22736,22738,22736,10,-10
2024-11-15 15:09:04,22731,22734,22731,4,-4
2024-11-15 15:09:05,22730,22732,22730,1,-1
2024-11-15 15:09:05,22730,22732,22730,1,-1
2024-11-15 15:09:05,22730,22732,22730,1,-1
2024-11-15 15:09:05,22730,22732,22730,1,-1
2024-11-15 15:09:07,22729,22732,22729,1,-1
2024-11-15 15:09:08,22731,22734,22731,1,-1
2024-11-15 15:09:08,22731,22734,22731,1,-1
2024-11-15 15:09:08,22731,22732,22732,1,1
2024-11-15 15:09:10,22731,22734,22731,2,-2
2024-11-15 15:09:11,22730,22734,22730,1,-1
2024-11-15 15:09:11,22730,22734,22734,1,1
2024-11-15 15:09:16,22733,22735,22733,1,-1
2024-11-15 15:09:17,22732,22735,22732,1,-1
2024-11-15 15:09:17,22732,22735,22735,1,1
2024-11-15 15:09:17,22732,22735,22735,2,2
2024-11-15 15:09:19,22737,22740,22740,1,1
2024-11-15 15:09:19,22736,22738,22738,1,1
2024-11-15 15:09:19,22738,22741,22738,1,-1
2024-11-15 15:09:22,22736,22740,22740,1,1
2024-11-15 15:09:23,22737,22740,22737,1,-1
2024-11-15 15:09:23,22738,22740,22738,1,-1
2024-11-15 15:09:27,22735,22737,22734,2,-2
2024-11-15 15:09:27,22735,22737,22735,3,-3
2024-11-15 15:09:33,22735,22737,22737,1,1
2024-11-15 15:09:34,22736,22738,22736,1,-1
2024-11-15 15:09:38,22736,22739,22736,1,-1
2024-11-15 15:09:42,22734,22736,22736,1,1
2024-11-15 15:09:43,22735,22738,22735,1,-1
2024-11-15 15:09:47,22736,22738,22738,10,10
2024-11-15 15:09:50,22738,22740,22738,2,-2
2024-11-15 15:09:53,22738,22740,22740,3,3
2024-11-15 15:09:54,22739,22741,22741,1,1
2024-11-15 15:09:56,22740,22742,22740,5,-5
2024-11-15 15:09:58,22738,22740,22740,1,1
2024-11-15 15:09:59,22737,22740,22740,1,1
2024-11-15 15:10:00,22735,22738,22735,1,-1
2024-11-15 15:10:00,22736,22738,22736,1,-1
2024-11-15 15:10:00,22737,22740,22737,1,-1
2024-11-15 15:10:00,22737,22740,22737,1,-1
2024-11-15 15:10:00,22737,22740,22737,1,-1
2024-11-15 15:10:00,22737,22740,22740,1,1
2024-11-15 15:10:00,22737,22740,22737,1,-1
2024-11-15 15:10:02,22735,22737,22737,1,1
2024-11-15 15:10:02,22735,22737,22737,1,1
2024-11-15 15:10:02,22735,22737,22735,1,-1
2024-11-15 15:10:02,22735,22737,22734,1,-1
2024-11-15 15:10:03,22733,22735,22733,1,-1
2024-11-15 15:10:04,22732,22735,22735,1,1
2024-11-15 15:10:04,22732,22735,22734,1,1
2024-11-15 15:10:06,22732,22735,22735,1,1
2024-11-15 15:10:08,22729,22731,22725,1,-1
2024-11-15 15:10:08,22729,22731,22725,1,-1
2024-11-15 15:10:08,22729,22731,22727,1,-1
2024-11-15 15:10:08,22726,22729,22729,1,1
2024-11-15 15:10:08,22725,22728,22727,4,4
2024-11-15 15:10:08,22729,22731,22728,1,-1
2024-11-15 15:10:08,22732,22733,22731,4,-4
2024-11-15 15:10:08,22729,22731,22729,1,-1
2024-11-15 15:10:08,22729,22731,22729,1,-1
2024-11-15 15:10:08,22732,22733,22730,3,-3
2024-11-15 15:10:08,22732,22733,22732,1,-1
2024-11-15 15:10:08,22729,22731,22728,1,-1
2024-11-15 15:10:09,22726,22729,22729,1,1
2024-11-15 15:10:09,22727,22729,22729,1,1
2024-11-15 15:10:10,22727,22730,22730,1,1
2024-11-15 15:10:14,22728,22730,22728,5,-5
2024-11-15 15:10:14,22727,22730,22729,1,1
2024-11-15 15:10:14,22727,22730,22730,1,1
2024-11-15 15:10:14,22728,22731,22728,1,-1
2024-11-15 15:10:16,22727,22729,22723,1,-1
2024-11-15 15:10:16,22727,22729,22725,7,-7
2024-11-15 15:10:16,22727,22729,22727,2,-2
2024-11-15 15:10:16,22727,22729,22727,1,-1
2024-11-15 15:10:16,22727,22729,22726,3,-3
2024-11-15 15:10:20,22724,22727,22724,1,-1
2024-11-15 15:10:21,22724,22727,22722,1,-1
2024-11-15 15:10:21,22724,22727,22721,1,-1
2024-11-15 15:10:21,22724,22727,22722,2,-2
2024-11-15 15:10:21,22724,22727,22722,1,-1
2024-11-15 15:10:21,22724,22727,22722,1,-1
2024-11-15 15:10:21,22724,22727,22722,1,-1
2024-11-15 15:10:21,22724,22727,22722,1,-1
2024-11-15 15:10:21,22724,22727,22722,1,-1
2024-11-15 15:10:21,22724,22727,22722,1,-1
2024-11-15 15:10:21,22724,22727,22722,1,-1
2024-11-15 15:10:21,22724,22727,22722,1,-1
2024-11-15 15:10:21,22724,22727,22724,1,-1
2024-11-15 15:10:21,22724,22727,22724,1,-1
2024-11-15 15:10:21,22724,22727,22724,1,-1
2024-11-15 15:10:21,22724,22727,22722,1,-1
2024-11-15 15:10:21,22724,22727,22724,1,-1
2024-11-15 15:10:21,22724,22727,22723,1,-1
2024-11-15 15:10:21,22724,22727,22723,1,-1
2024-11-15 15:10:21,22724,22727,22723,1,-1
2024-11-15 15:10:21,22724,22727,22724,1,-1
2024-11-15 15:10:23,22723,22725,22723,2,-2
2024-11-15 15:10:23,22723,22725,22721,1,-1
2024-11-15 15:10:24,22720,22723,22720,1,-1
2024-11-15 15:10:24,22720,22723,22720,1,-1
2024-11-15 15:10:24,22720,22723,22720,1,-1
2024-11-15 15:10:25,22720,22723,22723,1,1
2024-11-15 15:10:26,22720,22723,22720,1,-1
2024-11-15 15:10:27,22720,22723,22721,1,-1
2024-11-15 15:10:29,22720,22721,22721,1,1
2024-11-15 15:10:29,22720,22721,22721,1,1
2024-11-15 15:10:30,22721,22722,22722,1,1
2024-11-15 15:10:31,22721,22723,22721,1,-1
2024-11-15 15:10:32,22722,22723,22723,2,2
2024-11-15 15:10:32,22722,22724,22724,1,1
2024-11-15 15:10:33,22724,22727,22723,1,-1
2024-11-15 15:10:33,22724,22727,22724,2,-2
2024-11-15 15:10:33,22724,22726,22724,1,-1
2024-11-15 15:10:35,22724,22727,22723,1,-1
2024-11-15 15:10:35,22724,22727,22724,1,-1
2024-11-15 15:10:36,22722,22725,22725,1,1
2024-11-15 15:10:47,22725,22727,22725,1,-1
2024-11-15 15:10:47,22725,22727,22727,3,3
2024-11-15 15:10:48,22725,22727,22725,1,-1
2024-11-15 15:10:53,22725,22727,22727,3,3
2024-11-15 15:10:53,22726,22728,22728,1,1
2024-11-15 15:10:55,22727,22730,22730,1,1
2024-11-15 15:10:55,22727,22730,22730,2,2
2024-11-15 15:10:55,22728,22731,22731,1,1
2024-11-15 15:11:02,22727,22730,22727,1,-1
2024-11-15 15:11:05,22727,22729,22729,1,1
2024-11-15 15:11:05,22727,22729,22730,2,2
2024-11-15 15:11:12,22729,22731,22731,1,1
2024-11-15 15:11:13,22729,22730,22730,1,1
2024-11-15 15:11:14,22729,22730,22729,2,-2
2024-11-15 15:11:20,22728,22730,22729,1,-1
2024-11-15 15:11:24,22728,22729,22729,1,1
2024-11-15 15:11:26,22728,22730,22730,3,3
2024-11-15 15:11:27,22729,22731,22729,3,-3
2024-11-15 15:11:27,22729,22731,22728,2,-2
2024-11-15 15:11:37,22729,22731,22732,2,2
2024-11-15 15:11:37,22729,22731,22731,3,3
2024-11-15 15:11:38,22730,22732,22732,1,1
2024-11-15 15:11:38,22730,22732,22732,6,6
2024-11-15 15:11:38,22730,22732,22733,2,2
2024-11-15 15:11:38,22730,22732,22733,1,1
2024-11-15 15:11:38,22730,22732,22733,1,1
2024-11-15 15:11:39,22734,22737,22734,1,-1
2024-11-15 15:11:39,22733,22735,22735,1,1
2024-11-15 15:11:40,22733,22736,22733,1,-1
2024-11-15 15:11:41,22733,22736,22731,3,-3
2024-11-15 15:11:41,22733,22736,22733,1,-1
2024-11-15 15:11:41,22733,22736,22732,6,-6
2024-11-15 15:11:42,22732,22735,22732,1,-1
2024-11-15 15:11:43,22732,22735,22736,3,3
2024-11-15 15:11:43,22732,22735,22735,2,2
2024-11-15 15:11:44,22735,22738,22738,3,3
2024-11-15 15:11:45,22735,22738,22738,1,1
2024-11-15 15:11:47,22737,22739,22739,1,1
2024-11-15 15:11:47,22737,22739,22739,1,1
2024-11-15 15:11:48,22738,22740,22740,2,2
2024-11-15 15:11:48,22738,22740,22741,2,2
2024-11-15 15:11:48,22738,22740,22742,1,1
2024-11-15 15:11:48,22739,22742,22739,1,-1
2024-11-15 15:11:48,22740,22742,22740,1,-1
2024-11-15 15:11:49,22739,22742,22742,1,1
2024-11-15 15:11:51,22740,22742,22740,1,-1
2024-11-15 15:11:54,22741,22742,22743,1,1
2024-11-15 15:11:54,22741,22742,22744,3,3
2024-11-15 15:11:54,22741,22742,22742,1,1
2024-11-15 15:11:56,22743,22744,22744,1,1
2024-11-15 15:11:56,22743,22745,22743,1,-1
2024-11-15 15:11:57,22742,22745,22745,1,1
2024-11-15 15:11:58,22743,22745,22743,1,-1
2024-11-15 15:11:58,22742,22745,22745,1,1
2024-11-15 15:11:59,22742,22745,22745,1,1
2024-11-15 15:12:00,22744,22747,22747,1,1
2024-11-15 15:12:00,22743,22746,22746,2,2
2024-11-15 15:12:02,22744,22745,22745,1,1
2024-11-15 15:12:02,22744,22747,22747,1,1
2024-11-15 15:12:04,22745,22746,22745,1,-1
2024-11-15 15:12:05,22742,22744,22744,1,1
2024-11-15 15:12:06,22742,22744,22740,1,-1
2024-11-15 15:12:06,22742,22744,22742,3,-3
2024-11-15 15:12:06,22742,22744,22741,1,-1
2024-11-15 15:12:06,22742,22744,22741,1,-1
2024-11-15 15:12:09,22739,22742,22739,3,-3
2024-11-15 15:12:10,22737,22739,22737,1,-1
2024-11-15 15:12:14,22737,22739,22739,1,1
2024-11-15 15:12:15,22737,22739,22739,1,1
2024-11-15 15:12:15,22737,22739,22738,1,1
2024-11-15 15:12:16,22737,22739,22739,1,1
2024-11-15 15:12:17,22737,22739,22737,1,-1
2024-11-15 15:12:18,22735,22736,22735,2,-2
2024-11-15 15:12:18,22735,22736,22735,1,-1
2024-11-15 15:12:18,22735,22736,22735,2,-2
2024-11-15 15:12:19,22732,22735,22735,1,1
2024-11-15 15:12:25,22733,22736,22736,1,1
2024-11-15 15:12:37,22733,22735,22736,1,1
2024-11-15 15:12:37,22733,22735,22735,1,1
2024-11-15 15:12:38,22733,22736,22733,1,-1
2024-11-15 15:12:39,22733,22736,22733,1,-1
2024-11-15 15:12:42,22734,22736,22736,1,1
2024-11-15 15:12:43,22733,22735,22736,1,1
2024-11-15 15:12:43,22734,22736,22734,1,-1
2024-11-15 15:12:45,22732,22735,22735,2,2
2024-11-15 15:12:51,22735,22736,22736,5,5
2024-11-15 15:12:51,22735,22736,22736,5,5
2024-11-15 15:12:52,22736,22739,22736,1,-1
2024-11-15 15:12:58,22737,22739,22739,2,2
2024-11-15 15:12:58,22737,22739,22739,2,2
2024-11-15 15:12:58,22737,22739,22739,1,1
2024-11-15 15:13:02,22739,22740,22739,1,-1
2024-11-15 15:13:02,22739,22740,22739,1,-1
2024-11-15 15:13:02,22739,22740,22742,1,1
2024-11-15 15:13:02,22739,22740,22740,1,1
2024-11-15 15:13:03,22739,22742,22742,1,1
2024-11-15 15:13:08,22739,22741,22739,1,-1
2024-11-15 15:13:08,22739,22741,22739,2,-2
2024-11-15 15:13:08,22739,22741,22738,4,-4
2024-11-15 15:13:08,22739,22741,22737,1,-1
2024-11-15 15:13:09,22734,22736,22736,1,1
2024-11-15 15:13:14,22734,22737,22737,2,2
2024-11-15 15:13:28,22739,22740,22739,1,-1
2024-11-15 15:13:28,22739,22740,22739,1,-1
2024-11-15 15:13:28,22738,22739,22738,1,-1
2024-11-15 15:13:28,22738,22739,22738,1,-1
2024-11-15 15:13:28,22736,22738,22738,1,1
2024-11-15 15:13:33,22736,22738,22736,1,-1
2024-11-15 15:13:35,22734,22736,22734,2,-2
2024-11-15 15:13:38,22732,22734,22734,1,1
2024-11-15 15:13:53,22733,22736,22733,1,-1
2024-11-15 15:13:54,22733,22736,22733,2,-2
2024-11-15 15:13:57,22735,22737,22735,1,-1
2024-11-15 15:14:00,22735,22737,22735,1,-1
2024-11-15 15:14:02,22734,22735,22734,1,-1
2024-11-15 15:14:04,22732,22735,22732,4,-4
2024-11-15 15:14:04,22730,22732,22730,1,-1
2024-11-15 15:14:04,22730,22732,22730,1,-1
2024-11-15 15:14:06,22729,22731,22731,1,1
2024-11-15 15:14:10,22731,22734,22731,1,-1
2024-11-15 15:14:12,22731,22734,22731,1,-1
2024-11-15 15:14:13,22731,22732,22732,1,1
2024-11-15 15:14:13,22731,22732,22732,1,1
2024-11-15 15:14:15,22733,22735,22735,1,1
2024-11-15 15:14:16,22736,22738,22738,5,5
2024-11-15 15:14:16,22736,22738,22738,17,17
2024-11-15 15:14:16,22736,22738,22739,1,1
2024-11-15 15:14:16,22738,22740,22740,2,2
2024-11-15 15:14:16,22738,22740,22740,3,3
2024-11-15 15:14:18,22739,22742,22739,1,-1
2024-11-15 15:14:32,22739,22740,22740,1,1
2024-11-15 15:14:33,22740,22742,22740,1,-1
2024-11-15 15:14:33,22740,22742,22741,1,-1
2024-11-15 15:14:45,22735,22738,22735,1,-1
2024-11-15 15:14:47,22735,22738,22740,1,1
2024-11-15 15:14:47,22735,22738,22738,2,2
2024-11-15 15:14:47,22735,22738,22739,2,2
2024-11-15 15:14:48,22737,22740,22740,1,1
2024-11-15 15:14:48,22737,22740,22741,1,1
2024-11-15 15:14:48,22738,22741,22738,1,-1
2024-11-15 15:15:01,22743,22745,22742,2,-2
2024-11-15 15:15:01,22738,22741,22738,1,-1
2024-11-15 15:15:01,22739,22741,22740,1,-1
2024-11-15 15:15:01,22739,22741,22739,1,-1
2024-11-15 15:15:01,22739,22741,22739,1,-1
2024-11-15 15:15:01,22740,22743,22739,1,-1
2024-11-15 15:15:01,22743,22745,22741,4,-4
2024-11-15 15:15:01,22743,22745,22742,2,-2
2024-11-15 15:15:01,22742,22744,22743,1,1
2024-11-15 15:15:01,22740,22743,22739,2,-2
2024-11-15 15:15:01,22742,22744,22746,5,5
2024-11-15 15:15:01,22738,22741,22741,2,2
2024-11-15 15:15:01,22738,22741,22741,5,5
2024-11-15 15:15:01,22738,22741,22742,5,5
2024-11-15 15:15:01,22742,22744,22745,4,4
2024-11-15 15:15:01,22738,22741,22741,1,1
2024-11-15 15:15:01,22742,22744,22742,2,-2
2024-11-15 15:15:01,22742,22744,22743,1,-1
2024-11-15 15:15:01,22742,22744,22744,3,3
2024-11-15 15:15:01,22738,22741,22742,1,1
2024-11-15 15:15:07,22739,22740,22740,1,1
2024-11-15 15:15:10,22742,22743,22742,1,-1
2024-11-15 15:15:13,22742,22743,22743,1,1
2024-11-15 15:15:13,22742,22744,22745,1,1
2024-11-15 15:15:13,22742,22744,22744,1,1
2024-11-15 15:15:14,22743,22745,22745,1,1
2024-11-15 15:15:14,22743,22745,22745,1,1
2024-11-15 15:15:16,22744,22746,22746,1,1
2024-11-15 15:15:17,22745,22747,22747,2,2
2024-11-15 15:15:20,22748,22749,22748,1,-1
2024-11-15 15:15:21,22748,22749,22748,1,-1
2024-11-15 15:15:21,22747,22749,22749,1,1
2024-11-15 15:15:24,22748,22749,22748,1,-1
2024-11-15 15:15:24,22748,22749,22749,1,1
2024-11-15 15:15:24,22747,22749,22749,1,1
2024-11-15 15:15:25,22747,22749,22749,1,1
2024-11-15 15:15:28,22747,22749,22749,1,1
2024-11-15 15:15:28,22748,22750,22750,1,1
2024-11-15 15:15:28,22749,22751,22751,2,2
2024-11-15 15:15:29,22751,22752,22753,1,1
2024-11-15 15:15:29,22751,22752,22752,3,3
2024-11-15 15:15:29,22749,22752,22752,1,1
2024-11-15 15:15:29,22749,22751,22751,1,1
2024-11-15 15:15:30,22753,22754,22753,2,-2
2024-11-15 15:15:31,22751,22753,22753,1,1
2024-11-15 15:15:32,22751,22754,22754,1,1
2024-11-15 15:15:32,22751,22754,22754,5,5
2024-11-15 15:15:33,22753,22754,22754,7,7
2024-11-15 15:15:33,22753,22754,22756,1,1
2024-11-15 15:15:33,22753,22756,22756,1,1
2024-11-15 15:15:34,22751,22753,22753,1,1
2024-11-15 15:15:34,22751,22753,22753,1,1
2024-11-15 15:15:35,22751,22754,22754,1,1
2024-11-15 15:15:38,22751,22754,22754,2,2
2024-11-15 15:15:39,22751,22754,22754,1,1
2024-11-15 15:15:41,22751,22754,22754,1,1
2024-11-15 15:15:45,22751,22754,22754,2,2
2024-11-15 15:15:47,22752,22753,22753,1,1
2024-11-15 15:15:51,22752,22754,22752,1,-1
2024-11-15 15:15:55,22751,22753,22751,1,-1
2024-11-15 15:15:55,22751,22753,22753,1,1
2024-11-15 15:15:55,22751,22753,22753,1,1
2024-11-15 15:15:58,22751,22754,22754,1,1
2024-11-15 15:16:00,22753,22757,22757,1,1
2024-11-15 15:16:00,22753,22756,22756,1,1
2024-11-15 15:16:00,22754,22757,22754,1,-1
2024-11-15 15:16:00,22753,22755,22756,1,1
2024-11-15 15:16:00,22753,22755,22754,1,1
2024-11-15 15:16:00,22753,22755,22756,1,1
2024-11-15 15:16:00,22753,22755,22755,1,1
2024-11-15 15:16:00,22751,22754,22754,2,2
2024-11-15 15:16:00,22753,22755,22756,1,1
2024-11-15 15:16:01,22753,22755,22755,1,1
2024-11-15 15:16:01,22753,22755,22755,1,1
2024-11-15 15:16:04,22752,22754,22754,1,1
2024-11-15 15:16:07,22753,22755,22755,3,3
2024-11-15 15:16:07,22754,22755,22754,1,-1
2024-11-15 15:16:09,22754,22757,22759,1,1
2024-11-15 15:16:09,22757,22760,22757,1,-1
2024-11-15 15:16:09,22754,22757,22761,2,2
2024-11-15 15:16:09,22754,22757,22760,4,4
2024-11-15 15:16:09,22754,22757,22759,10,10
2024-11-15 15:16:09,22754,22757,22759,1,1
2024-11-15 15:16:09,22754,22757,22759,1,1
2024-11-15 15:16:09,22754,22757,22760,1,1
2024-11-15 15:16:09,22754,22757,22758,1,1
2024-11-15 15:16:09,22754,22757,22758,1,1
2024-11-15 15:16:09,22754,22757,22758,1,1
2024-11-15 15:16:09,22754,22757,22758,1,1
2024-11-15 15:16:09,22754,22757,22757,1,1
2024-11-15 15:16:09,22754,22757,22759,1,1
2024-11-15 15:16:09,22753,22755,22755,6,6
2024-11-15 15:16:10,22757,22760,22757,1,-1
2024-11-15 15:16:11,22758,22761,22761,1,1
2024-11-15 15:16:13,22758,22761,22761,1,1
2024-11-15 15:16:14,22759,22762,22762,1,1
2024-11-15 15:16:15,22758,22761,22761,1,1
2024-11-15 15:16:15,22758,22761,22761,1,1
2024-11-15 15:16:15,22759,22762,22759,1,-1
2024-11-15 15:16:15,22759,22762,22759,2,-2
2024-11-15 15:16:17,22759,22761,22761,1,1
2024-11-15 15:16:18,22758,22762,22765,1,1
2024-11-15 15:16:18,22762,22765,22765,1,1
2024-11-15 15:16:18,22762,22765,22765,1,1
2024-11-15 15:16:18,22762,22765,22765,1,1
2024-11-15 15:16:18,22762,22765,22765,1,1
2024-11-15 15:16:18,22758,22762,22765,1,1
2024-11-15 15:16:18,22763,22766,22765,1,1
2024-11-15 15:16:18,22758,22762,22765,1,1
2024-11-15 15:16:18,22758,22762,22765,1,1
2024-11-15 15:16:18,22758,22762,22765,1,1
2024-11-15 15:16:18,22758,22762,22764,1,1
2024-11-15 15:16:18,22758,22762,22765,1,1
2024-11-15 15:16:18,22758,22762,22762,1,1
2024-11-15 15:16:18,22758,22762,22764,1,1
2024-11-15 15:16:18,22758,22762,22764,1,1
2024-11-15 15:16:18,22758,22762,22764,1,1
2024-11-15 15:16:18,22758,22762,22764,1,1
2024-11-15 15:16:18,22758,22762,22764,1,1
2024-11-15 15:16:18,22758,22762,22762,1,1
2024-11-15 15:16:18,22758,22762,22762,1,1
2024-11-15 15:16:18,22758,22762,22762,1,1
2024-11-15 15:16:18,22761,22762,22759,2,-2
2024-11-15 15:16:18,22761,22762,22761,1,-1
2024-11-15 15:16:18,22758,22762,22764,1,1
2024-11-15 15:16:19,22761,22764,22761,1,-1
2024-11-15 15:16:19,22761,22764,22760,10,-10
2024-11-15 15:16:19,22761,22764,22761,2,-2
2024-11-15 15:16:19,22762,22765,22762,2,-2
2024-11-15 15:16:19,22762,22765,22762,2,-2
2024-11-15 15:16:19,22762,22765,22762,1,-1
2024-11-15 15:16:20,22758,22760,22760,1,1
2024-11-15 15:16:21,22759,22761,22761,2,2
2024-11-15 15:16:22,22760,22763,22763,1,1
2024-11-15 15:16:25,22761,22764,22764,1,1
2024-11-15 15:16:26,22762,22763,22762,1,-1
2024-11-15 15:16:28,22762,22764,22762,1,-1
2024-11-15 15:16:28,22761,22764,22764,1,1
2024-11-15 15:16:29,22762,22764,22762,1,-1
2024-11-15 15:16:30,22761,22764,22764,2,2
2024-11-15 15:16:30,22761,22764,22761,2,-2
2024-11-15 15:16:31,22761,22764,22762,1,-1
2024-11-15 15:16:31,22760,22762,22760,1,-1
2024-11-15 15:16:31,22760,22762,22760,2,-2
2024-11-15 15:16:31,22760,22762,22760,2,-2
2024-11-15 15:16:32,22759,22760,22760,1,1
2024-11-15 15:16:33,22759,22760,22757,7,-7
2024-11-15 15:16:33,22759,22760,22758,1,-1
2024-11-15 15:16:33,22759,22760,22759,1,-1
2024-11-15 15:16:33,22759,22760,22756,1,-1
2024-11-15 15:16:33,22756,22759,22760,1,1
2024-11-15 15:16:33,22756,22758,22758,1,1
2024-11-15 15:16:36,22757,22758,22757,1,-1
2024-11-15 15:16:37,22757,22758,22756,4,-4
2024-11-15 15:16:37,22757,22758,22757,2,-2
2024-11-15 15:16:37,22757,22758,22755,4,-4
2024-11-15 15:16:39,22756,22758,22756,1,-1
2024-11-15 15:16:39,22756,22758,22755,1,-1
2024-11-15 15:16:39,22755,22757,22755,1,-1
2024-11-15 15:16:39,22755,22757,22757,1,1
2024-11-15 15:16:40,22755,22758,22755,2,-2
2024-11-15 15:16:47,22757,22758,22757,1,-1
2024-11-15 15:16:47,22757,22758,22757,1,-1
2024-11-15 15:16:47,22757,22758,22758,2,2
2024-11-15 15:16:50,22756,22757,22757,1,1
2024-11-15 15:16:51,22757,22759,22757,2,-2
2024-11-15 15:16:55,22758,22760,22760,2,2
2024-11-15 15:16:55,22758,22760,22761,2,2
2024-11-15 15:16:55,22758,22761,22758,6,-6
2024-11-15 15:16:55,22757,22759,22757,1,-1
2024-11-15 15:16:57,22757,22760,22760,3,3
2024-11-15 15:16:58,22759,22762,22759,3,-3
2024-11-15 15:16:58,22759,22762,22758,3,-3
2024-11-15 15:17:00,22758,22761,22758,1,-1
2024-11-15 15:17:00,22758,22761,22758,1,-1
2024-11-15 15:17:00,22758,22761,22759,1,-1
2024-11-15 15:17:00,22758,22761,22758,1,-1
2024-11-15 15:17:00,22760,22761,22760,1,-1
2024-11-15 15:17:00,22758,22761,22760,1,1
2024-11-15 15:17:00,22758,22761,22759,1,-1
2024-11-15 15:17:01,22758,22760,22758,1,-1
2024-11-15 15:17:01,22758,22761,22758,1,-1
2024-11-15 15:17:03,22759,22760,22759,1,-1
2024-11-15 15:17:04,22757,22759,22757,2,-2
2024-11-15 15:17:04,22756,22757,22756,2,-2
2024-11-15 15:17:05,22755,22757,22757,2,2
2024-11-15 15:17:07,22755,22757,22757,2,2
2024-11-15 15:17:08,22755,22757,22757,1,1
2024-11-15 15:17:10,22755,22757,22756,1,1
2024-11-15 15:17:11,22755,22757,22755,3,-3
2024-11-15 15:17:12,22755,22757,22755,1,-1
2024-11-15 15:17:14,22755,22757,22757,1,1
2024-11-15 15:17:24,22755,22757,22755,1,-1
2024-11-15 15:17:24,22755,22757,22755,1,-1
2024-11-15 15:17:24,22755,22757,22755,1,-1
2024-11-15 15:17:25,22754,22756,22754,1,-1
2024-11-15 15:17:25,22754,22756,22754,1,-1
2024-11-15 15:17:27,22754,22755,22754,2,-2
2024-11-15 15:17:30,22752,22753,22752,1,-1
2024-11-15 15:17:30,22754,22755,22754,1,-1
2024-11-15 15:17:30,22754,22755,22753,1,-1
2024-11-15 15:17:31,22751,22753,22753,1,1
2024-11-15 15:17:37,22752,22753,22752,2,-2
2024-11-15 15:17:39,22751,22753,22751,1,-1
2024-11-15 15:17:42,22751,22753,22751,1,-1
2024-11-15 15:17:49,22750,22752,22752,1,1
2024-11-15 15:17:49,22750,22752,22753,1,1
2024-11-15 15:17:50,22752,22755,22752,1,-1
2024-11-15 15:17:55,22752,22755,22754,1,1
2024-11-15 15:18:08,22752,22754,22754,1,1
2024-11-15 15:18:08,22752,22754,22753,1,1
2024-11-15 15:18:09,22751,22754,22751,1,-1
2024-11-15 15:18:09,22750,22752,22752,1,1
2024-11-15 15:18:11,22751,22752,22753,4,4
2024-11-15 15:18:11,22751,22752,22752,1,1
2024-11-15 15:18:16,22757,22759,22756,4,-4
2024-11-15 15:18:16,22753,22755,22757,6,6
2024-11-15 15:18:16,22753,22755,22755,7,7
2024-11-15 15:18:16,22753,22755,22757,1,1
2024-11-15 15:18:17,22757,22759,22757,1,-1
2024-11-15 15:18:19,22757,22759,22759,2,2
2024-11-15 15:18:24,22757,22759,22757,2,-2
2024-11-15 15:18:25,22757,22759,22760,1,1
2024-11-15 15:18:25,22757,22759,22759,2,2
2024-11-15 15:18:25,22757,22759,22760,1,1
2024-11-15 15:18:25,22757,22759,22760,4,4
2024-11-15 15:18:25,22759,22761,22761,1,1
2024-11-15 15:18:25,22760,22762,22760,1,-1
2024-11-15 15:18:26,22760,22762,22762,4,4
2024-11-15 15:18:26,22760,22762,22763,2,2
2024-11-15 15:18:26,22761,22763,22763,1,1
2024-11-15 15:18:26,22762,22764,22761,6,-6
2024-11-15 15:18:26,22762,22764,22762,4,-4
2024-11-15 15:18:27,22759,22762,22762,1,1
2024-11-15 15:18:32,22759,22762,22759,1,-1
2024-11-15 15:18:32,22759,22762,22760,1,-1
2024-11-15 15:18:33,22760,22762,22760,1,-1
2024-11-15 15:18:35,22760,22762,22760,1,-1
2024-11-15 15:18:37,22760,22762,22762,1,1
2024-11-15 15:18:38,22760,22762,22760,1,-1
2024-11-15 15:18:39,22760,22762,22762,2,2
2024-11-15 15:18:39,22761,22763,22763,1,1
2024-11-15 15:18:39,22762,22764,22764,1,1
2024-11-15 15:18:39,22762,22764,22764,2,2
2024-11-15 15:18:39,22762,22764,22764,2,2
2024-11-15 15:18:39,22763,22765,22765,3,3
2024-11-15 15:18:39,22763,22765,22766,1,1
2024-11-15 15:18:39,22763,22765,22766,1,1
2024-11-15 15:18:40,22767,22768,22765,3,-3
2024-11-15 15:18:40,22767,22768,22766,2,-2
2024-11-15 15:18:40,22767,22768,22766,3,-3
2024-11-15 15:18:40,22767,22768,22765,3,-3
2024-11-15 15:18:40,22765,22767,22767,2,2
2024-11-15 15:18:40,22765,22767,22767,2,2
2024-11-15 15:18:40,22767,22768,22767,1,-1
2024-11-15 15:18:41,22764,22767,22767,1,1
2024-11-15 15:18:41,22764,22767,22767,1,1
2024-11-15 15:18:42,22766,22768,22765,1,-1
2024-11-15 15:18:42,22766,22768,22766,1,-1
2024-11-15 15:18:43,22765,22768,22765,3,-3
2024-11-15 15:18:45,22764,22766,22766,1,1
2024-11-15 15:18:46,22766,22768,22766,1,-1
2024-11-15 15:18:47,22765,22767,22765,1,-1
2024-11-15 15:18:48,22765,22767,22767,1,1
2024-11-15 15:18:48,22765,22767,22768,1,1
2024-11-15 15:18:48,22765,22767,22767,5,5
2024-11-15 15:18:48,22765,22767,22768,1,1
2024-11-15 15:18:50,22765,22767,22767,1,1
2024-11-15 15:18:50,22766,22767,22766,1,-1
2024-11-15 15:18:51,22765,22767,22767,1,1
2024-11-15 15:18:51,22765,22767,22765,1,-1
2024-11-15 15:18:51,22765,22767,22767,1,1
2024-11-15 15:18:54,22765,22767,22767,1,1
2024-11-15 15:18:59,22765,22766,22766,1,1
2024-11-15 15:18:59,22765,22766,22766,3,3
2024-11-15 15:19:00,22765,22766,22766,1,1
2024-11-15 15:19:00,22765,22766,22765,4,-4
2024-11-15 15:19:01,22762,22763,22762,4,-4
2024-11-15 15:19:03,22761,22762,22762,1,1
2024-11-15 15:19:05,22761,22763,22763,1,1
2024-11-15 15:19:09,22763,22765,22763,1,-1
2024-11-15 15:19:09,22761,22763,22762,1,-1
2024-11-15 15:19:09,22761,22763,22763,3,3
2024-11-15 15:19:15,22760,22762,22758,1,-1
2024-11-15 15:19:15,22760,22762,22759,1,-1
2024-11-15 15:19:15,22760,22762,22760,3,-3
2024-11-15 15:19:15,22761,22764,22761,2,-2
2024-11-15 15:19:15,22761,22764,22761,1,-1
2024-11-15 15:19:18,22757,22759,22759,4,4
2024-11-15 15:19:19,22757,22760,22760,1,1
2024-11-15 15:19:23,22759,22761,22761,1,1
2024-11-15 15:19:23,22760,22761,22760,1,-1
2024-11-15 15:19:24,22759,22761,22759,1,-1
2024-11-15 15:19:28,22758,22759,22758,1,-1
2024-11-15 15:19:31,22758,22759,22760,1,1
2024-11-15 15:19:31,22758,22759,22759,1,1
2024-11-15 15:19:32,22760,22761,22761,1,1
2024-11-15 15:19:33,22760,22761,22761,1,1
2024-11-15 15:19:36,22764,22765,22763,1,-1
2024-11-15 15:19:36,22764,22765,22764,2,-2
2024-11-15 15:19:36,22764,22765,22762,2,-2
2024-11-15 15:19:36,22762,22764,22765,4,4
2024-11-15 15:19:36,22764,22765,22763,1,-1
2024-11-15 15:19:36,22762,22764,22764,1,1
2024-11-15 15:19:39,22762,22765,22762,2,-2
2024-11-15 15:19:48,22762,22765,22765,1,1
2024-11-15 15:19:50,22762,22765,22765,3,3
2024-11-15 15:19:50,22762,22765,22765,2,2
2024-11-15 15:19:54,22763,22766,22763,1,-1
2024-11-15 15:19:54,22763,22766,22762,2,-2
2024-11-15 15:19:55,22762,22765,22765,2,2
2024-11-15 15:19:55,22762,22765,22763,1,-1
2024-11-15 15:19:56,22763,22766,22763,3,-3
2024-11-15 15:20:01,22762,22764,22763,1,-1
2024-11-15 15:20:01,22763,22764,22763,1,-1
2024-11-15 15:20:01,22763,22764,22762,1,-1
2024-11-15 15:20:01,22763,22764,22762,1,-1
2024-11-15 15:20:01,22763,22764,22762,1,-1
2024-11-15 15:20:02,22760,22763,22763,1,1
2024-11-15 15:20:02,22760,22763,22763,1,1
2024-11-15 15:20:02,22760,22763,22760,1,-1
2024-11-15 15:20:02,22760,22763,22763,1,1
2024-11-15 15:20:02,22761,22763,22761,1,-1
2024-11-15 15:20:02,22760,22763,22763,1,1
2024-11-15 15:20:02,22760,22763,22760,1,-1
2024-11-15 15:20:02,22761,22763,22763,1,1
2024-11-15 15:20:02,22760,22763,22760,1,-1
2024-11-15 15:20:05,22761,22764,22764,1,1
2024-11-15 15:20:07,22761,22763,22761,1,-1
2024-11-15 15:20:10,22759,22762,22762,2,2
2024-11-15 15:20:11,22759,22762,22759,1,-1
2024-11-15 15:20:12,22757,22759,22757,1,-1
2024-11-15 15:20:12,22757,22759,22757,2,-2
2024-11-15 15:20:12,22757,22759,22757,1,-1
2024-11-15 15:20:12,22756,22758,22756,1,-1
2024-11-15 15:20:12,22758,22760,22759,1,1
2024-11-15 15:20:12,22759,22761,22761,1,1
2024-11-15 15:20:12,22759,22761,22759,1,-1
2024-11-15 15:20:12,22758,22760,22758,3,-3
2024-11-15 15:20:13,22753,22756,22754,1,-1
2024-11-15 15:20:13,22753,22756,22754,1,-1
2024-11-15 15:20:13,22754,22756,22754,1,-1
2024-11-15 15:20:16,22754,22756,22756,1,1
2024-11-15 15:20:24,22755,22756,22756,1,1
2024-11-15 15:20:26,22755,22756,22756,1,1
2024-11-15 15:20:27,22755,22757,22757,1,1
2024-11-15 15:20:27,22755,22757,22755,1,-1
2024-11-15 15:20:35,22758,22760,22760,1,1
2024-11-15 15:20:36,22760,22762,22762,1,1
2024-11-15 15:20:36,22760,22762,22760,1,-1
2024-11-15 15:20:36,22760,22762,22760,1,-1
2024-11-15 15:20:44,22759,22761,22759,2,-2
2024-11-15 15:20:45,22756,22759,22759,3,3
2024-11-15 15:20:49,22757,22759,22759,3,3
2024-11-15 15:20:49,22757,22759,22759,2,2
2024-11-15 15:20:54,22759,22762,22759,1,-1
2024-11-15 15:20:58,22757,22759,22759,1,1
2024-11-15 15:20:58,22757,22759,22760,7,7
2024-11-15 15:20:58,22757,22759,22759,2,2
2024-11-15 15:21:02,22758,22760,22760,3,3
2024-11-15 15:21:02,22760,22762,22760,3,-3
2024-11-15 15:21:04,22760,22762,22762,1,1
2024-11-15 15:21:05,22763,22765,22766,2,2
2024-11-15 15:21:05,22763,22765,22765,1,1
2024-11-15 15:21:06,22765,22767,22767,1,1
2024-11-15 15:21:06,22765,22767,22768,4,4
2024-11-15 15:21:07,22765,22768,22765,1,-1
2024-11-15 15:21:09,22764,22767,22764,2,-2
2024-11-15 15:21:10,22763,22766,22763,1,-1
2024-11-15 15:21:11,22763,22765,22765,1,1
2024-11-15 15:21:11,22763,22765,22766,6,6
2024-11-15 15:21:11,22763,22765,22767,3,3
2024-11-15 15:21:14,22764,22766,22766,1,1
2024-11-15 15:21:19,22765,22767,22767,3,3
2024-11-15 15:21:19,22765,22767,22768,1,1
2024-11-15 15:21:21,22766,22768,22766,1,-1
2024-11-15 15:21:26,22765,22768,22766,1,-1
2024-11-15 15:21:26,22766,22768,22768,2,2
2024-11-15 15:21:26,22766,22768,22768,6,6
2024-11-15 15:21:26,22766,22768,22768,2,2
2024-11-15 15:21:27,22768,22769,22769,1,1
2024-11-15 15:21:27,22768,22769,22769,1,1
2024-11-15 15:21:27,22768,22769,22769,2,2
2024-11-15 15:21:27,22768,22769,22769,1,1
2024-11-15 15:21:29,22768,22770,22770,1,1
2024-11-15 15:21:36,22767,22769,22767,2,-2
2024-11-15 15:21:39,22765,22767,22765,1,-1
2024-11-15 15:21:44,22763,22765,22763,1,-1
2024-11-15 15:21:44,22762,22764,22764,2,2
2024-11-15 15:21:44,22762,22764,22762,1,-1
2024-11-15 15:21:45,22761,22764,22763,1,1
2024-11-15 15:21:48,22760,22762,22760,4,-4
2024-11-15 15:21:49,22758,22760,22758,5,-5
2024-11-15 15:21:50,22757,22759,22757,1,-1
2024-11-15 15:21:50,22757,22759,22756,1,-1
2024-11-15 15:21:50,22757,22759,22757,1,-1
2024-11-15 15:21:50,22756,22759,22756,1,-1
2024-11-15 15:21:51,22756,22757,22756,1,-1
2024-11-15 15:21:51,22756,22757,22757,1,1
2024-11-15 15:21:51,22756,22757,22757,1,1
2024-11-15 15:21:52,22756,22757,22756,2,-2
2024-11-15 15:21:52,22756,22757,22756,1,-1
2024-11-15 15:21:53,22755,22757,22755,1,-1
2024-11-15 15:21:53,22755,22757,22755,1,-1
2024-11-15 15:21:54,22754,22757,22758,1,1
2024-11-15 15:21:54,22756,22759,22756,1,-1
2024-11-15 15:21:54,22756,22759,22756,1,-1
2024-11-15 15:21:54,22755,22758,22755,3,-3
2024-11-15 15:21:55,22754,22757,22754,1,-1
2024-11-15 15:21:57,22755,22757,22757,2,2
2024-11-15 15:21:57,22755,22757,22758,1,1
2024-11-15 15:21:58,22756,22759,22756,1,-1
2024-11-15 15:22:02,22755,22758,22756,2,-2
2024-11-15 15:22:02,22755,22758,22755,5,-5
2024-11-15 15:22:02,22753,22756,22753,1,-1
2024-11-15 15:22:02,22753,22756,22752,2,-2
2024-11-15 15:22:03,22752,22754,22750,1,-1
2024-11-15 15:22:03,22752,22754,22750,1,-1
2024-11-15 15:22:03,22752,22754,22750,1,-1
2024-11-15 15:22:03,22752,22754,22750,1,-1
2024-11-15 15:22:03,22752,22754,22750,2,-2
2024-11-15 15:22:03,22752,22754,22750,1,-1
2024-11-15 15:22:03,22751,22753,22753,1,1
2024-11-15 15:22:03,22752,22754,22751,2,-2
2024-11-15 15:22:03,22752,22754,22751,1,-1
2024-11-15 15:22:03,22752,22754,22751,1,-1
2024-11-15 15:22:03,22752,22754,22752,1,-1
2024-11-15 15:22:03,22752,22754,22751,13,-13
2024-11-15 15:22:04,22750,22752,22750,1,-1
2024-11-15 15:22:04,22750,22752,22752,2,2
2024-11-15 15:22:04,22750,22752,22753,1,1
2024-11-15 15:22:06,22750,22753,22750,1,-1
2024-11-15 15:22:09,22751,22755,22750,1,-1
2024-11-15 15:22:09,22751,22755,22750,1,-1
2024-11-15 15:22:09,22751,22755,22750,1,-1
2024-11-15 15:22:09,22751,22755,22750,1,-1
2024-11-15 15:22:09,22751,22755,22751,1,-1
2024-11-15 15:22:09,22751,22754,22754,3,3
2024-11-15 15:22:09,22751,22755,22751,1,-1
2024-11-15 15:22:10,22750,22752,22750,1,-1
2024-11-15 15:22:12,22751,22752,22752,1,1
2024-11-15 15:22:12,22751,22752,22752,1,1
2024-11-15 15:22:17,22751,22753,22751,1,-1
2024-11-15 15:22:23,22750,22751,22748,1,-1
2024-11-15 15:22:23,22746,22749,22745,3,-3
2024-11-15 15:22:23,22746,22749,22746,1,-1
2024-11-15 15:22:23,22750,22751,22746,1,-1
2024-11-15 15:22:23,22746,22749,22746,1,-1
2024-11-15 15:22:23,22750,22751,22748,1,-1
2024-11-15 15:22:23,22750,22751,22748,1,-1
2024-11-15 15:22:23,22750,22751,22748,1,-1
2024-11-15 15:22:23,22750,22751,22746,1,-1
2024-11-15 15:22:23,22750,22751,22749,1,-1
2024-11-15 15:22:23,22750,22751,22749,1,-1
2024-11-15 15:22:23,22750,22751,22749,1,-1
2024-11-15 15:22:23,22750,22751,22749,1,-1
2024-11-15 15:22:23,22750,22751,22749,1,-1
2024-11-15 15:22:23,22750,22751,22750,1,-1
2024-11-15 15:22:23,22751,22752,22751,2,-2
2024-11-15 15:22:23,22750,22751,22749,1,-1
2024-11-15 15:22:24,22745,22746,22745,1,-1
2024-11-15 15:22:25,22744,22746,22747,1,1
2024-11-15 15:22:25,22744,22746,22746,2,2
2024-11-15 15:22:26,22744,22746,22744,1,-1
2024-11-15 15:22:26,22743,22745,22743,1,-1
2024-11-15 15:22:26,22743,22745,22743,1,-1
2024-11-15 15:22:26,22741,22744,22744,1,1
2024-11-15 15:22:26,22741,22744,22741,1,-1
2024-11-15 15:22:26,22741,22744,22741,1,-1
2024-11-15 15:22:26,22741,22744,22741,1,-1
2024-11-15 15:22:27,22741,22744,22740,1,-1
2024-11-15 15:22:27,22741,22744,22741,2,-2
2024-11-15 15:22:27,22742,22745,22742,5,-5
2024-11-15 15:22:27,22742,22745,22742,1,-1
2024-11-15 15:22:27,22740,22744,22744,1,1
2024-11-15 15:22:28,22740,22743,22740,1,-1
2024-11-15 15:22:29,22740,22742,22742,1,1
2024-11-15 15:22:30,22741,22743,22743,1,1
2024-11-15 15:22:31,22741,22743,22741,2,-2
2024-11-15 15:22:32,22740,22743,22741,1,-1
2024-11-15 15:22:33,22741,22743,22743,1,1
2024-11-15 15:22:38,22742,22743,22742,5,-5
2024-11-15 15:22:38,22741,22742,22741,1,-1
2024-11-15 15:22:38,22741,22742,22741,2,-2
2024-11-15 15:22:39,22740,22741,22740,1,-1
2024-11-15 15:22:40,22739,22740,22739,1,-1
2024-11-15 15:22:40,22739,22740,22739,4,-4
2024-11-15 15:22:43,22734,22736,22736,1,1
2024-11-15 15:22:43,22734,22736,22734,1,-1
2024-11-15 15:22:43,22736,22737,22736,8,-8
2024-11-15 15:22:43,22736,22737,22735,3,-3
2024-11-15 15:22:43,22736,22737,22736,2,-2
2024-11-15 15:22:44,22734,22736,22736,1,1
2024-11-15 15:22:44,22734,22737,22734,1,-1
2024-11-15 15:22:44,22734,22737,22736,1,1
2024-11-15 15:22:45,22734,22736,22734,1,-1
2024-11-15 15:22:46,22733,22736,22737,4,4
2024-11-15 15:22:46,22733,22736,22736,6,6
2024-11-15 15:22:46,22734,22737,22734,1,-1
2024-11-15 15:22:46,22733,22736,22733,5,-5
2024-11-15 15:22:47,22733,22734,22733,1,-1
2024-11-15 15:22:47,22731,22734,22731,4,-4
2024-11-15 15:22:47,22731,22734,22734,1,1
2024-11-15 15:22:48,22732,22735,22735,4,4
2024-11-15 15:22:49,22732,22735,22732,1,-1
2024-11-15 15:22:49,22732,22735,22732,1,-1
2024-11-15 15:22:50,22733,22736,22734,2,-2
2024-11-15 15:22:50,22733,22736,22736,1,1
2024-11-15 15:22:53,22734,22736,22734,1,-1
2024-11-15 15:22:54,22734,22736,22734,1,-1
2024-11-15 15:22:59,22735,22737,22735,2,-2
2024-11-15 15:23:03,22736,22738,22736,1,-1
2024-11-15 15:23:03,22736,22738,22736,1,-1
2024-11-15 15:23:03,22736,22738,22736,1,-1
2024-11-15 15:23:03,22736,22738,22736,1,-1
2024-11-15 15:23:04,22735,22737,22735,1,-1
2024-11-15 15:23:04,22734,22737,22734,1,-1
2024-11-15 15:23:06,22735,22738,22735,2,-2
2024-11-15 15:23:06,22735,22737,22735,1,-1
2024-11-15 15:23:08,22735,22738,22738,1,1
2024-11-15 15:23:10,22736,22738,22738,5,5
2024-11-15 15:23:13,22741,22742,22741,1,-1
2024-11-15 15:23:13,22741,22742,22741,1,-1
2024-11-15 15:23:16,22739,22741,22739,1,-1
2024-11-15 15:23:19,22739,22742,22739,2,-2
2024-11-15 15:23:23,22739,22740,22740,1,1
2024-11-15 15:23:30,22741,22742,22740,1,-1
2024-11-15 15:23:30,22741,22742,22741,1,-1
2024-11-15 15:23:30,22740,22742,22742,1,1
2024-11-15 15:23:33,22742,22743,22743,1,1
2024-11-15 15:23:33,22742,22743,22744,1,1
2024-11-15 15:23:34,22743,22744,22744,1,1
2024-11-15 15:23:34,22743,22744,22747,1,1
2024-11-15 15:23:35,22745,22747,22747,1,1
2024-11-15 15:23:36,22746,22747,22747,1,1
2024-11-15 15:23:41,22746,22748,22747,1,1
2024-11-15 15:23:41,22746,22748,22746,1,-1
2024-11-15 15:23:42,22742,22745,22745,1,1
2024-11-15 15:23:45,22742,22744,22744,1,1
2024-11-15 15:23:45,22742,22745,22742,1,-1
2024-11-15 15:23:56,22743,22746,22746,1,1
2024-11-15 15:24:00,22745,22746,22746,1,1
2024-11-15 15:24:01,22745,22747,22745,1,-1
2024-11-15 15:24:01,22745,22747,22745,1,-1
2024-11-15 15:24:06,22743,22745,22743,1,-1
2024-11-15 15:24:08,22744,22745,22744,1,-1
2024-11-15 15:24:12,22743,22745,22743,1,-1
2024-11-15 15:24:14,22742,22744,22744,2,2
2024-11-15 15:24:17,22744,22745,22745,1,1
2024-11-15 15:24:17,22745,22746,22746,2,2
2024-11-15 15:24:17,22745,22746,22747,2,2
2024-11-15 15:24:18,22746,22748,22748,4,4
2024-11-15 15:24:20,22747,22749,22748,1,-1
2024-11-15 15:24:20,22747,22749,22747,1,-1
2024-11-15 15:24:30,22747,22749,22749,5,5
2024-11-15 15:24:30,22749,22750,22749,1,-1
2024-11-15 15:24:33,22749,22750,22749,1,-1
2024-11-15 15:24:34,22747,22749,22750,1,1
2024-11-15 15:24:34,22747,22749,22749,2,2
2024-11-15 15:24:37,22749,22751,22751,1,1
2024-11-15 15:24:38,22751,22752,22752,1,1
2024-11-15 15:24:39,22751,22752,22751,1,-1
2024-11-15 15:24:39,22751,22752,22751,1,-1
2024-11-15 15:24:41,22749,22751,22751,2,2
2024-11-15 15:24:44,22749,22751,22751,1,1
2024-11-15 15:24:46,22749,22751,22751,1,1
2024-11-15 15:24:47,22749,22751,22751,1,1
2024-11-15 15:24:47,22749,22751,22751,2,2
2024-11-15 15:24:50,22750,22752,22750,1,-1
2024-11-15 15:24:55,22751,22752,22751,1,-1
2024-11-15 15:24:57,22751,22752,22751,1,-1
2024-11-15 15:24:57,22751,22752,22752,1,1
2024-11-15 15:25:02,22752,22753,22753,2,2
2024-11-15 15:25:03,22753,22754,22753,1,-1
2024-11-15 15:25:05,22753,22754,22754,1,1
2024-11-15 15:25:05,22753,22754,22754,1,1
2024-11-15 15:25:06,22754,22755,22756,1,1
2024-11-15 15:25:06,22754,22755,22756,1,1
2024-11-15 15:25:06,22754,22755,22755,1,1
2024-11-15 15:25:12,22753,22755,22753,1,-1
2024-11-15 15:25:14,22753,22755,22755,1,1
2024-11-15 15:25:16,22756,22758,22756,1,-1
2024-11-15 15:25:17,22756,22758,22756,1,-1
2024-11-15 15:25:19,22755,22757,22757,1,1
2024-11-15 15:25:23,22756,22758,22758,1,1
2024-11-15 15:25:23,22756,22758,22756,1,-1
2024-11-15 15:25:24,22756,22758,22756,1,-1
2024-11-15 15:25:24,22756,22758,22756,1,-1
2024-11-15 15:25:25,22756,22758,22756,1,-1
2024-11-15 15:25:25,22756,22758,22755,6,-6
2024-11-15 15:25:27,22752,22755,22755,4,4
2024-11-15 15:25:32,22752,22753,22752,1,-1
2024-11-15 15:25:32,22752,22753,22752,2,-2
2024-11-15 15:25:32,22752,22753,22752,1,-1
2024-11-15 15:25:35,22749,22751,22751,1,1
2024-11-15 15:25:35,22749,22751,22749,1,-1
2024-11-15 15:25:35,22751,22753,22751,1,-1
2024-11-15 15:25:36,22748,22750,22750,1,1
2024-11-15 15:25:36,22748,22750,22751,1,1
2024-11-15 15:25:37,22749,22750,22749,1,-1
2024-11-15 15:25:37,22746,22749,22746,1,-1
2024-11-15 15:25:37,22746,22748,22748,1,1
2024-11-15 15:25:39,22746,22747,22746,1,-1
2024-11-15 15:25:40,22745,22747,22745,1,-1
2024-11-15 15:25:45,22746,22747,22746,1,-1
2024-11-15 15:25:45,22746,22747,22746,1,-1
2024-11-15 15:25:47,22745,22746,22745,3,-3
2024-11-15 15:25:47,22745,22746,22744,2,-2
2024-11-15 15:25:47,22745,22746,22744,12,-12
2024-11-15 15:25:47,22745,22746,22743,1,-1
2024-11-15 15:25:47,22742,22743,22742,1,-1
2024-11-15 15:25:47,22742,22743,22742,1,-1
2024-11-15 15:25:48,22741,22742,22741,1,-1
2024-11-15 15:25:48,22741,22742,22741,2,-2
2024-11-15 15:25:48,22741,22742,22741,1,-1
2024-11-15 15:25:49,22740,22741,22740,1,-1
2024-11-15 15:25:49,22740,22741,22740,1,-1
2024-11-15 15:25:49,22740,22741,22740,1,-1
2024-11-15 15:25:51,22737,22740,22737,2,-2
2024-11-15 15:25:52,22736,22738,22738,1,1
2024-11-15 15:25:58,22737,22738,22737,1,-1
2024-11-15 15:25:58,22736,22737,22736,7,-7
2024-11-15 15:25:58,22736,22737,22734,7,-7
2024-11-15 15:25:58,22736,22737,22735,3,-3
2024-11-15 15:25:58,22736,22737,22733,6,-6
2024-11-15 15:25:59,22732,22735,22735,1,1
2024-11-15 15:25:59,22733,22735,22733,1,-1
2024-11-15 15:26:00,22736,22737,22737,1,1
2024-11-15 15:26:00,22736,22737,22738,1,1
2024-11-15 15:26:02,22736,22739,22736,3,-3
2024-11-15 15:26:05,22733,22735,22734,1,-1
2024-11-15 15:26:05,22733,22735,22735,1,1
2024-11-15 15:26:05,22734,22735,22734,1,-1
2024-11-15 15:26:06,22733,22736,22735,1,1
2024-11-15 15:26:06,22733,22736,22736,3,3
2024-11-15 15:26:09,22733,22735,22731,1,-1
2024-11-15 15:26:09,22733,22735,22732,4,-4
2024-11-15 15:26:09,22733,22735,22733,1,-1
2024-11-15 15:26:10,22731,22733,22731,1,-1
2024-11-15 15:26:10,22731,22732,22732,2,2
2024-11-15 15:26:11,22731,22733,22733,1,1
2024-11-15 15:26:11,22731,22733,22732,1,1
2024-11-15 15:26:13,22732,22734,22732,1,-1
2024-11-15 15:26:13,22732,22733,22733,1,1
2024-11-15 15:26:14,22732,22734,22734,1,1
2024-11-15 15:26:14,22732,22734,22732,1,-1
2024-11-15 15:26:15,22731,22732,22731,2,-2
2024-11-15 15:26:15,22731,22732,22730,4,-4
2024-11-15 15:26:15,22728,22730,22730,1,1
2024-11-15 15:26:16,22729,22731,22729,1,-1
2024-11-15 15:26:16,22728,22730,22729,1,-1
2024-11-15 15:26:16,22729,22732,22729,1,-1
2024-11-15 15:26:17,22728,22730,22728,4,-4
2024-11-15 15:26:17,22728,22730,22728,21,-21
2024-11-15 15:26:17,22728,22730,22727,2,-2
2024-11-15 15:26:17,22725,22727,22728,1,1
2024-11-15 15:26:18,22727,22729,22727,1,-1
2024-11-15 15:26:18,22725,22728,22725,1,-1
2024-11-15 15:26:18,22725,22728,22725,2,-2
2024-11-15 15:26:19,22725,22727,22725,1,-1
2024-11-15 15:26:22,22727,22729,22728,1,-1
2024-11-15 15:26:22,22727,22729,22729,1,1
2024-11-15 15:26:23,22730,22733,22733,1,1
2024-11-15 15:26:23,22732,22734,22732,2,-2
2024-11-15 15:26:23,22732,22734,22731,2,-2
2024-11-15 15:26:26,22730,22732,22732,2,2
2024-11-15 15:26:31,22739,22741,22742,1,1
2024-11-15 15:26:31,22739,22741,22741,1,1
2024-11-15 15:26:31,22738,22741,22741,1,1
2024-11-15 15:26:31,22738,22740,22740,2,2
2024-11-15 15:26:31,22738,22740,22741,2,2
2024-11-15 15:26:32,22739,22741,22739,1,-1
2024-11-15 15:26:32,22739,22741,22739,1,-1
2024-11-15 15:26:32,22739,22741,22738,4,-4
2024-11-15 15:26:34,22738,22740,22738,1,-1
2024-11-15 15:26:35,22738,22741,22738,1,-1
2024-11-15 15:26:40,22739,22741,22741,1,1
2024-11-15 15:26:43,22740,22743,22740,1,-1
2024-11-15 15:26:43,22740,22742,22742,3,3
2024-11-15 15:26:43,22740,22742,22743,3,3
2024-11-15 15:26:44,22742,22744,22742,1,-1
2024-11-15 15:26:48,22742,22744,22743,1,-1
2024-11-15 15:26:48,22743,22744,22743,1,-1
2024-11-15 15:26:49,22743,22744,22744,2,2
2024-11-15 15:26:49,22743,22744,22744,1,1
2024-11-15 15:26:49,22744,22745,22744,2,-2
2024-11-15 15:26:50,22743,22745,22745,1,1
2024-11-15 15:26:56,22745,22746,22746,1,1
2024-11-15 15:26:56,22745,22746,22746,1,1
2024-11-15 15:27:00,22745,22747,22745,2,-2
2024-11-15 15:27:00,22745,22747,22745,1,-1
2024-11-15 15:27:00,22743,22745,22743,1,-1
2024-11-15 15:27:01,22741,22743,22741,1,-1
2024-11-15 15:27:02,22741,22744,22743,1,1
2024-11-15 15:27:02,22741,22744,22744,1,1
2024-11-15 15:27:03,22742,22744,22742,1,-1
2024-11-15 15:27:09,22742,22745,22742,2,-2
2024-11-15 15:27:09,22744,22746,22744,1,-1
2024-11-15 15:27:12,22741,22742,22742,1,1
2024-11-15 15:27:15,22743,22745,22743,2,-2
2024-11-15 15:27:17,22740,22741,22740,1,-1
2024-11-15 15:27:17,22740,22741,22740,1,-1
2024-11-15 15:27:17,22740,22741,22740,2,-2
2024-11-15 15:27:17,22738,22741,22738,1,-1
2024-11-15 15:27:22,22737,22739,22737,1,-1
2024-11-15 15:27:25,22737,22740,22740,1,1
2024-11-15 15:27:27,22738,22741,22742,1,1
2024-11-15 15:27:27,22738,22740,22740,2,2
2024-11-15 15:27:34,22741,22742,22742,1,1
2024-11-15 15:27:37,22742,22744,22742,1,-1
2024-11-15 15:27:41,22742,22744,22743,2,-2
2024-11-15 15:27:42,22742,22744,22746,1,1
2024-11-15 15:27:42,22742,22744,22745,1,1
2024-11-15 15:27:42,22742,22744,22746,1,1
2024-11-15 15:27:42,22742,22744,22744,10,10
2024-11-15 15:27:42,22742,22744,22745,1,1
2024-11-15 15:27:44,22747,22748,22748,2,2
2024-11-15 15:27:44,22748,22749,22749,2,2
2024-11-15 15:27:46,22749,22750,22750,1,1
2024-11-15 15:27:46,22749,22750,22750,1,1
2024-11-15 15:27:47,22749,22752,22752,1,1
2024-11-15 15:27:48,22749,22752,22752,1,1
2024-11-15 15:27:48,22750,22753,22753,1,1
2024-11-15 15:27:50,22748,22751,22751,1,1
2024-11-15 15:27:51,22748,22750,22750,1,1
2024-11-15 15:27:54,22749,22752,22752,1,1
2024-11-15 15:27:56,22748,22749,22749,1,1
2024-11-15 15:27:56,22749,22751,22752,1,1
2024-11-15 15:27:56,22749,22751,22751,1,1
2024-11-15 15:27:58,22750,22752,22750,1,-1
2024-11-15 15:28:00,22748,22750,22748,1,-1
2024-11-15 15:28:00,22748,22750,22745,1,-1
2024-11-15 15:28:03,22745,22747,22747,2,2
2024-11-15 15:28:03,22745,22747,22748,2,2
2024-11-15 15:28:04,22747,22749,22749,1,1
2024-11-15 15:28:06,22747,22748,22748,1,1
2024-11-15 15:28:15,22742,22744,22744,1,1
2024-11-15 15:28:19,22746,22748,22746,1,-1
2024-11-15 15:28:27,22745,22746,22746,1,1
2024-11-15 15:28:27,22745,22746,22746,2,2
2024-11-15 15:28:27,22745,22746,22747,1,1
2024-11-15 15:28:36,22746,22749,22749,4,4
2024-11-15 15:28:39,22747,22750,22747,1,-1
2024-11-15 15:28:54,22747,22749,22749,1,1
2024-11-15 15:29:00,22749,22750,22749,1,-1
2024-11-15 15:29:01,22747,22749,22747,1,-1
2024-11-15 15:29:01,22747,22749,22747,1,-1
2024-11-15 15:29:01,22747,22749,22747,1,-1
2024-11-15 15:29:11,22748,22749,22748,1,-1
2024-11-15 15:29:19,22746,22748,22746,2,-2
2024-11-15 15:29:19,22746,22748,22745,1,-1
2024-11-15 15:29:22,22742,22744,22742,1,-1
2024-11-15 15:29:22,22742,22744,22743,1,-1
2024-11-15 15:29:23,22740,22742,22742,1,1
2024-11-15 15:29:25,22742,22744,22745,2,2
2024-11-15 15:29:25,22742,22744,22744,1,1
2024-11-15 15:29:33,22745,22748,22745,1,-1
2024-11-15 15:29:35,22742,22745,22745,1,1
2024-11-15 15:29:42,22745,22746,22746,1,1
2024-11-15 15:29:57,22749,22750,22750,1,1
2024-11-15 15:29:58,22749,22750,22750,1,1
2024-11-15 15:30:00,22749,22751,22749,1,-1
2024-11-15 15:30:00,22748,22751,22748,1,-1
2024-11-15 15:30:00,22747,22750,22747,3,-3
2024-11-15 15:30:00,22747,22750,22746,2,-2
2024-11-15 15:30:00,22747,22750,22745,2,-2
2024-11-15 15:30:00,22747,22750,22746,3,-3
2024-11-15 15:30:01,22744,22747,22744,3,-3
2024-11-15 15:30:01,22745,22747,22745,1,-1
2024-11-15 15:30:05,22745,22747,22744,1,-1
2024-11-15 15:30:05,22745,22747,22745,1,-1
2024-11-15 15:30:05,22746,22748,22745,1,-1
2024-11-15 15:30:05,22746,22748,22746,1,-1
2024-11-15 15:30:07,22744,22746,22746,2,2
2024-11-15 15:30:22,22742,22744,22742,1,-1
2024-11-15 15:30:22,22743,22745,22742,1,-1
2024-11-15 15:30:22,22743,22745,22743,1,-1
2024-11-15 15:30:22,22742,22744,22741,1,-1
2024-11-15 15:30:24,22740,22742,22738,1,-1
2024-11-15 15:30:24,22740,22742,22739,1,-1
2024-11-15 15:30:24,22740,22742,22739,1,-1
2024-11-15 15:30:24,22740,22742,22740,1,-1
2024-11-15 15:30:24,22740,22742,22739,1,-1
2024-11-15 15:30:24,22740,22741,22741,1,1
2024-11-15 15:30:25,22738,22740,22740,1,1
2024-11-15 15:30:25,22738,22740,22740,1,1
2024-11-15 15:30:28,22737,22738,22737,1,-1
2024-11-15 15:30:28,22737,22738,22737,1,-1
2024-11-15 15:30:28,22737,22738,22737,1,-1
2024-11-15 15:30:28,22738,22739,22738,1,-1
2024-11-15 15:30:28,22738,22739,22738,1,-1
2024-11-15 15:30:30,22737,22738,22738,1,1
2024-11-15 15:30:30,22737,22738,22739,1,1
2024-11-15 15:30:30,22737,22739,22737,1,-1
2024-11-15 15:30:31,22737,22739,22739,2,2
2024-11-15 15:30:32,22737,22738,22738,2,2
2024-11-15 15:30:38,22737,22738,22738,1,1
2024-11-15 15:30:38,22737,22738,22738,1,1
2024-11-15 15:30:39,22740,22742,22742,1,1
2024-11-15 15:30:39,22741,22742,22741,1,-1
2024-11-15 15:30:39,22738,22739,22739,1,1
2024-11-15 15:30:39,22738,22739,22739,1,1
2024-11-15 15:30:45,22745,22747,22745,1,-1
2024-11-15 15:30:46,22744,22747,22747,1,1
2024-11-15 15:30:47,22744,22747,22746,1,1
2024-11-15 15:30:58,22745,22747,22747,2,2
2024-11-15 15:31:02,22748,22749,22749,1,1
2024-11-15 15:31:04,22750,22752,22750,1,-1
2024-11-15 15:31:04,22750,22752,22750,1,-1
2024-11-15 15:31:06,22750,22752,22752,4,4
2024-11-15 15:31:06,22750,22752,22752,2,2
2024-11-15 15:31:08,22750,22751,22750,1,-1
2024-11-15 15:31:08,22749,22751,22749,1,-1
2024-11-15 15:31:12,22749,22750,22750,1,1
2024-11-15 15:31:13,22749,22752,22748,3,-3
2024-11-15 15:31:15,22748,22751,22748,1,-1
2024-11-15 15:31:19,22748,22750,22750,1,1
2024-11-15 15:31:20,22750,22752,22750,1,-1
2024-11-15 15:31:20,22749,22752,22749,1,-1
2024-11-15 15:31:22,22748,22749,22749,1,1
2024-11-15 15:31:23,22750,22752,22750,2,-2
2024-11-15 15:31:24,22748,22751,22751,2,2
2024-11-15 15:32:00,22749,22751,22749,1,-1
2024-11-15 15:32:04,22746,22748,22746,1,-1
2024-11-15 15:32:04,22745,22746,22745,3,-3
2024-11-15 15:32:08,22744,22747,22744,2,-2
2024-11-15 15:32:09,22744,22746,22743,4,-4
2024-11-15 15:32:09,22744,22746,22744,1,-1
2024-11-15 15:32:12,22742,22743,22742,1,-1
2024-11-15 15:32:13,22741,22743,22741,1,-1
2024-11-15 15:32:14,22741,22743,22741,1,-1
2024-11-15 15:32:16,22740,22742,22742,1,1
2024-11-15 15:32:19,22740,22741,22740,2,-2
2024-11-15 15:32:22,22738,22740,22738,1,-1
2024-11-15 15:32:26,22738,22739,22738,1,-1
2024-11-15 15:32:26,22738,22739,22738,1,-1
2024-11-15 15:32:27,22738,22739,22738,2,-2
2024-11-15 15:32:31,22738,22739,22739,1,1
2024-11-15 15:32:35,22741,22744,22741,1,-1
2024-11-15 15:32:44,22739,22741,22739,1,-1
2024-11-15 15:32:46,22739,22741,22738,4,-4
2024-11-15 15:32:46,22739,22741,22737,2,-2
2024-11-15 15:32:46,22739,22741,22739,2,-2
2024-11-15 15:32:48,22737,22739,22737,1,-1
2024-11-15 15:32:48,22737,22739,22737,4,-4
2024-11-15 15:32:49,22736,22737,22736,2,-2
2024-11-15 15:32:49,22736,22737,22736,2,-2
2024-11-15 15:32:49,22735,22737,22737,3,3
2024-11-15 15:32:52,22737,22739,22735,1,-1
2024-11-15 15:32:52,22737,22739,22735,1,-1
2024-11-15 15:32:52,22737,22739,22735,1,-1
2024-11-15 15:32:52,22737,22739,22735,1,-1
2024-11-15 15:32:52,22737,22739,22737,7,-7
2024-11-15 15:32:53,22734,22735,22734,1,-1
2024-11-15 15:32:53,22733,22735,22733,8,-8
2024-11-15 15:32:54,22732,22733,22732,1,-1
2024-11-15 15:32:55,22731,22732,22731,1,-1
2024-11-15 15:32:55,22731,22732,22731,1,-1
2024-11-15 15:32:57,22730,22732,22732,1,1
2024-11-15 15:33:03,22733,22735,22735,1,1
2024-11-15 15:33:03,22732,22734,22734,1,1
2024-11-15 15:33:09,22734,22737,22734,1,-1
2024-11-15 15:33:20,22736,22739,22739,1,1
2024-11-15 15:33:21,22737,22740,22740,1,1
2024-11-15 15:33:26,22739,22742,22742,1,1
2024-11-15 15:33:27,22742,22744,22741,1,-1
2024-11-15 15:33:27,22742,22744,22742,1,-1
2024-11-15 15:33:33,22741,22742,22741,1,-1
2024-11-15 15:33:38,22741,22743,22741,2,-2
2024-11-15 15:33:49,22740,22741,22740,1,-1
2024-11-15 15:33:49,22740,22741,22740,1,-1
2024-11-15 15:34:06,22742,22744,22744,1,1
2024-11-15 15:34:08,22742,22743,22742,1,-1
2024-11-15 15:34:09,22739,22740,22739,1,-1
2024-11-15 15:34:13,22736,22738,22737,1,-1
2024-11-15 15:34:16,22737,22738,22737,1,-1
2024-11-15 15:34:16,22737,22738,22737,1,-1
2024-11-15 15:34:16,22737,22738,22737,1,-1
2024-11-15 15:34:16,22737,22738,22737,1,-1
2024-11-15 15:34:16,22737,22738,22737,1,-1
2024-11-15 15:34:18,22735,22737,22737,1,1
2024-11-15 15:34:21,22735,22736,22733,3,-3
2024-11-15 15:34:21,22735,22736,22735,2,-2
2024-11-15 15:34:21,22735,22736,22736,1,1
2024-11-15 15:34:24,22735,22737,22735,1,-1
2024-11-15 15:34:51,22738,22741,22738,2,-2
2024-11-15 15:34:53,22738,22740,22740,3,3
2024-11-15 15:34:58,22738,22741,22741,1,1
2024-11-15 15:35:16,22736,22737,22736,1,-1
2024-11-15 15:35:16,22735,22737,22735,1,-1
2024-11-15 15:35:16,22735,22737,22734,1,-1
2024-11-15 15:35:17,22734,22736,22736,1,1
2024-11-15 15:35:17,22734,22736,22737,1,1
2024-11-15 15:35:17,22734,22736,22738,2,2
2024-11-15 15:35:17,22734,22736,22738,2,2
2024-11-15 15:35:18,22738,22740,22740,1,1
2024-11-15 15:35:24,22741,22742,22741,2,-2
2024-11-15 15:35:32,22740,22741,22741,1,1
2024-11-15 15:35:32,22740,22741,22741,1,1
2024-11-15 15:35:34,22739,22741,22741,1,1
2024-11-15 15:35:37,22741,22742,22742,1,1
2024-11-15 15:35:37,22741,22742,22742,2,2
2024-11-15 15:35:39,22742,22744,22742,1,-1
2024-11-15 15:35:42,22743,22744,22744,1,1
2024-11-15 15:35:46,22741,22742,22741,1,-1
2024-11-15 15:36:01,22744,22745,22744,1,-1
2024-11-15 15:36:02,22742,22745,22744,1,1
2024-11-15 15:36:07,22742,22745,22744,1,1
2024-11-15 15:36:07,22744,22745,22745,1,1
2024-11-15 15:36:14,22742,22744,22744,1,1
2024-11-15 15:36:17,22741,22742,22741,1,-1
2024-11-15 15:36:19,22739,22741,22741,3,3
2024-11-15 15:36:22,22739,22741,22739,2,-2
2024-11-15 15:36:24,22738,22739,22738,2,-2
2024-11-15 15:36:31,22736,22739,22736,2,-2
2024-11-15 15:36:36,22735,22737,22735,1,-1
2024-11-15 15:36:37,22734,22736,22734,1,-1
2024-11-15 15:36:43,22733,22735,22735,4,4
2024-11-15 15:36:44,22735,22737,22735,1,-1
2024-11-15 15:36:55,22736,22738,22735,5,-5
2024-11-15 15:36:55,22736,22738,22736,1,-1
2024-11-15 15:36:56,22733,22735,22735,1,1
2024-11-15 15:37:00,22732,22734,22732,1,-1
2024-11-15 15:37:00,22733,22735,22733,1,-1
2024-11-15 15:37:00,22733,22735,22733,2,-2
2024-11-15 15:37:00,22733,22735,22733,1,-1
2024-11-15 15:37:00,22733,22735,22733,3,-3
2024-11-15 15:37:01,22732,22733,22732,1,-1
2024-11-15 15:37:03,22731,22733,22733,1,1
2024-11-15 15:37:04,22731,22734,22731,1,-1
2024-11-15 15:37:05,22731,22733,22731,1,-1
2024-11-15 15:37:05,22730,22733,22730,1,-1
2024-11-15 15:37:05,22730,22732,22730,1,-1
2024-11-15 15:37:06,22730,22732,22730,1,-1
2024-11-15 15:37:06,22730,22732,22732,2,2
2024-11-15 15:37:08,22735,22737,22737,1,1
2024-11-15 15:37:10,22737,22739,22737,2,-2
2024-11-15 15:37:12,22736,22739,22736,2,-2
2024-11-15 15:37:15,22735,22737,22735,1,-1
2024-11-15 15:37:17,22735,22737,22735,2,-2
2024-11-15 15:37:18,22735,22737,22735,1,-1
2024-11-15 15:37:18,22735,22737,22737,1,1
2024-11-15 15:37:21,22734,22737,22734,1,-1
2024-11-15 15:37:21,22734,22737,22737,2,2
2024-11-15 15:37:30,22737,22739,22737,1,-1
2024-11-15 15:37:40,22733,22734,22733,1,-1
2024-11-15 15:37:41,22732,22734,22732,1,-1
2024-11-15 15:37:43,22731,22734,22731,1,-1
2024-11-15 15:37:52,22733,22736,22733,1,-1
2024-11-15 15:38:04,22734,22736,22734,1,-1
2024-11-15 15:38:12,22734,22736,22734,1,-1
2024-11-15 15:38:12,22734,22736,22734,1,-1
2024-11-15 15:38:12,22734,22736,22733,1,-1
2024-11-15 15:38:15,22733,22734,22733,1,-1
2024-11-15 15:38:25,22735,22736,22736,1,1
2024-11-15 15:38:27,22736,22738,22736,1,-1
2024-11-15 15:38:31,22735,22736,22735,1,-1
2024-11-15 15:38:31,22737,22739,22737,1,-1
2024-11-15 15:38:31,22735,22736,22736,2,2
2024-11-15 15:38:35,22734,22735,22734,1,-1
2024-11-15 15:38:38,22735,22738,22735,1,-1
2024-11-15 15:38:50,22737,22739,22737,1,-1
2024-11-15 15:38:52,22737,22738,22737,1,-1
2024-11-15 15:38:52,22737,22738,22737,1,-1
2024-11-15 15:38:53,22736,22737,22736,1,-1
2024-11-15 15:39:02,22734,22737,22734,1,-1
2024-11-15 15:39:02,22734,22737,22734,1,-1
2024-11-15 15:39:03,22734,22736,22736,1,1
2024-11-15 15:39:05,22735,22737,22735,1,-1
2024-11-15 15:39:13,22734,22737,22734,1,-1
2024-11-15 15:39:16,22734,22736,22736,3,3
2024-11-15 15:39:16,22734,22736,22737,2,2
2024-11-15 15:39:25,22735,22738,22735,1,-1
2024-11-15 15:39:31,22732,22733,22732,1,-1
2024-11-15 15:39:31,22733,22736,22733,1,-1
2024-11-15 15:39:31,22733,22736,22733,1,-1
2024-11-15 15:39:31,22733,22736,22733,1,-1
2024-11-15 15:39:31,22733,22736,22733,2,-2
2024-11-15 15:39:31,22733,22736,22733,2,-2
2024-11-15 15:39:36,22732,22735,22732,1,-1
2024-11-15 15:39:36,22731,22734,22734,1,1
2024-11-15 15:39:46,22733,22734,22734,1,1
2024-11-15 15:39:47,22733,22736,22733,1,-1
2024-11-15 15:39:48,22733,22736,22733,1,-1
2024-11-15 15:40:00,22732,22734,22731,4,-4
2024-11-15 15:40:00,22732,22734,22732,2,-2
2024-11-15 15:40:00,22732,22734,22731,2,-2
2024-11-15 15:40:00,22733,22735,22733,1,-1
2024-11-15 15:40:02,22731,22732,22731,1,-1
2024-11-15 15:40:04,22730,22731,22731,1,1
2024-11-15 15:40:07,22731,22732,22732,1,1
2024-11-15 15:40:11,22732,22733,22732,2,-2
2024-11-15 15:40:15,22730,22732,22730,2,-2
2024-11-15 15:40:15,22728,22730,22729,1,-1
2024-11-15 15:40:15,22730,22732,22729,2,-2
2024-11-15 15:40:15,22730,22732,22729,1,-1
2024-11-15 15:40:15,22730,22732,22729,1,-1
2024-11-15 15:40:15,22730,22732,22730,11,-11
2024-11-15 15:40:15,22730,22732,22730,4,-4
2024-11-15 15:40:16,22728,22731,22731,1,1
2024-11-15 15:40:17,22728,22731,22728,1,-1
2024-11-15 15:40:19,22728,22731,22728,1,-1
2024-11-15 15:40:19,22727,22730,22727,1,-1
2024-11-15 15:40:19,22727,22730,22728,1,-1
2024-11-15 15:40:20,22724,22725,22724,1,-1
2024-11-15 15:40:20,22725,22726,22725,2,-2
2024-11-15 15:40:20,22725,22726,22725,2,-2
2024-11-15 15:40:20,22725,22726,22725,1,-1
2024-11-15 15:40:20,22725,22726,22725,1,-1
2024-11-15 15:40:20,22726,22728,22726,10,-10
2024-11-15 15:40:20,22726,22728,22726,3,-3
2024-11-15 15:40:23,22718,22721,22721,1,1
2024-11-15 15:40:23,22717,22720,22717,1,-1
2024-11-15 15:40:23,22718,22720,22717,1,-1
2024-11-15 15:40:23,22718,22720,22717,1,-1
2024-11-15 15:40:23,22718,22720,22718,1,-1
2024-11-15 15:40:23,22718,22720,22718,1,-1
2024-11-15 15:40:23,22718,22720,22718,2,-2
2024-11-15 15:40:23,22722,22723,22719,2,-2
2024-11-15 15:40:23,22722,22723,22722,8,-8
2024-11-15 15:40:23,22722,22723,22720,1,-1
2024-11-15 15:40:23,22722,22723,22720,3,-3
2024-11-15 15:40:23,22722,22723,22720,4,-4
2024-11-15 15:40:23,22722,22723,22721,1,-1
2024-11-15 15:40:23,22722,22723,22721,5,-5
2024-11-15 15:40:23,22724,22726,22723,3,-3
2024-11-15 15:40:23,22724,22726,22724,1,-1
2024-11-15 15:40:23,22722,22723,22720,7,-7
2024-11-15 15:40:24,22720,22722,22721,1,1
2024-11-15 15:40:24,22719,22721,22721,1,1
2024-11-15 15:40:24,22720,22722,22720,1,-1
2024-11-15 15:40:26,22720,22722,22722,1,1
2024-11-15 15:40:27,22721,22723,22723,1,1
2024-11-15 15:40:27,22721,22723,22723,1,1
2024-11-15 15:40:27,22722,22724,22722,1,-1
2024-11-15 15:40:28,22721,22723,22721,2,-2
2024-11-15 15:40:29,22722,22724,22722,1,-1
2024-11-15 15:40:29,22722,22724,22722,1,-1
2024-11-15 15:40:29,22721,22723,22723,2,2
2024-11-15 15:40:30,22723,22725,22723,3,-3
2024-11-15 15:40:30,22723,22725,22722,1,-1
2024-11-15 15:40:31,22722,22724,22722,3,-3
2024-11-15 15:40:39,22723,22725,22725,1,1
2024-11-15 15:40:40,22725,22726,22725,1,-1
2024-11-15 15:40:45,22726,22727,22726,2,-2
2024-11-15 15:40:48,22725,22726,22725,2,-2
2024-11-15 15:40:49,22725,22727,22727,1,1
2024-11-15 15:40:49,22725,22727,22727,1,1
2024-11-15 15:40:49,22725,22726,22726,1,1
2024-11-15 15:40:49,22725,22726,22726,1,1
2024-11-15 15:41:00,22727,22728,22728,1,1
2024-11-15 15:41:00,22727,22730,22730,2,2
2024-11-15 15:41:03,22727,22729,22727,2,-2
2024-11-15 15:41:04,22726,22728,22726,1,-1
2024-11-15 15:41:09,22724,22725,22722,14,-14
2024-11-15 15:41:09,22724,22725,22724,2,-2
2024-11-15 15:41:09,22724,22725,22723,1,-1
2024-11-15 15:41:10,22720,22722,22722,1,1
2024-11-15 15:41:11,22720,22722,22720,4,-4
2024-11-15 15:41:11,22719,22720,22719,1,-1
2024-11-15 15:41:13,22718,22720,22718,1,-1
2024-11-15 15:41:15,22717,22719,22719,1,1
2024-11-15 15:41:15,22718,22720,22718,1,-1
2024-11-15 15:41:16,22717,22718,22718,1,1
2024-11-15 15:41:16,22718,22720,22718,2,-2
2024-11-15 15:41:19,22718,22719,22719,1,1
2024-11-15 15:41:20,22718,22720,22720,3,3
2024-11-15 15:41:20,22718,22720,22721,1,1
2024-11-15 15:41:21,22718,22720,22720,1,1
2024-11-15 15:41:21,22718,22720,22718,3,-3
2024-11-15 15:41:22,22719,22721,22719,1,-1
2024-11-15 15:41:26,22719,22720,22720,2,2
2024-11-15 15:41:26,22719,22720,22719,1,-1
2024-11-15 15:41:27,22719,22720,22720,1,1
2024-11-15 15:41:27,22719,22720,22720,1,1
2024-11-15 15:41:31,22720,22721,22721,2,2
2024-11-15 15:41:31,22720,22721,22722,1,1
2024-11-15 15:41:31,22720,22722,22722,3,3
2024-11-15 15:41:32,22720,22722,22722,2,2
2024-11-15 15:41:32,22720,22721,22721,1,1
2024-11-15 15:41:32,22720,22721,22722,1,1
2024-11-15 15:41:33,22721,22723,22721,2,-2
2024-11-15 15:41:34,22721,22723,22721,1,-1
2024-11-15 15:41:36,22722,22723,22722,1,-1
2024-11-15 15:41:41,22720,22721,22720,1,-1
2024-11-15 15:41:42,22719,22720,22720,1,1
2024-11-15 15:41:45,22719,22720,22719,2,-2
2024-11-15 15:41:50,22717,22718,22717,1,-1
2024-11-15 15:41:50,22717,22718,22716,11,-11
2024-11-15 15:41:52,22715,22716,22715,3,-3
2024-11-15 15:41:52,22715,22716,22716,1,1
2024-11-15 15:41:53,22715,22716,22715,1,-1
2024-11-15 15:41:53,22715,22716,22715,1,-1
2024-11-15 15:41:53,22713,22715,22715,4,4
2024-11-15 15:41:53,22713,22715,22716,1,1
2024-11-15 15:41:54,22714,22716,22716,2,2
2024-11-15 15:41:54,22714,22716,22717,1,1
2024-11-15 15:41:54,22714,22717,22714,1,-1
2024-11-15 15:41:55,22713,22715,22714,1,-1
2024-11-15 15:41:56,22713,22715,22713,2,-2
2024-11-15 15:41:56,22713,22715,22713,1,-1
2024-11-15 15:41:57,22712,22715,22710,1,-1
2024-11-15 15:41:57,22710,22712,22710,1,-1
2024-11-15 15:41:57,22710,22712,22712,1,1
2024-11-15 15:41:57,22710,22712,22710,1,-1
2024-11-15 15:41:57,22710,22712,22710,1,-1
2024-11-15 15:41:57,22709,22711,22711,1,1
2024-11-15 15:41:57,22710,22711,22710,1,-1
2024-11-15 15:41:57,22709,22711,22710,1,-1
2024-11-15 15:41:57,22709,22711,22710,1,-1
2024-11-15 15:41:57,22709,22711,22711,3,3
2024-11-15 15:41:57,22710,22712,22710,1,-1
2024-11-15 15:41:57,22712,22715,22710,1,-1
2024-11-15 15:41:57,22713,22715,22712,1,-1
2024-11-15 15:41:57,22712,22715,22711,2,-2
2024-11-15 15:41:57,22712,22715,22713,1,-1
2024-11-15 15:41:57,22712,22715,22711,2,-2
2024-11-15 15:41:57,22712,22715,22712,1,-1
2024-11-15 15:41:57,22712,22715,22711,1,-1
2024-11-15 15:41:57,22712,22715,22712,1,-1
2024-11-15 15:41:57,22712,22715,22712,1,-1
2024-11-15 15:41:57,22713,22715,22714,1,-1
2024-11-15 15:41:57,22713,22715,22713,1,-1
2024-11-15 15:41:57,22713,22715,22713,1,-1
2024-11-15 15:41:57,22712,22715,22710,2,-2
2024-11-15 15:41:58,22712,22714,22713,1,1
2024-11-15 15:41:58,22712,22714,22714,1,1
2024-11-15 15:41:59,22713,22715,22712,2,-2
2024-11-15 15:41:59,22713,22715,22713,1,-1
2024-11-15 15:41:59,22713,22715,22712,1,-1
2024-11-15 15:42:00,22711,22713,22712,1,-1
2024-11-15 15:42:00,22712,22714,22712,2,-2
2024-11-15 15:42:00,22712,22714,22714,1,1
2024-11-15 15:42:00,22711,22714,22711,2,-2
2024-11-15 15:42:01,22712,22714,22709,3,-3
2024-11-15 15:42:01,22712,22714,22711,7,-7
2024-11-15 15:42:01,22712,22714,22710,9,-9
2024-11-15 15:42:01,22712,22714,22712,1,-1
2024-11-15 15:42:01,22710,22713,22710,1,-1
2024-11-15 15:42:01,22710,22713,22710,1,-1
2024-11-15 15:42:02,22710,22712,22710,1,-1
2024-11-15 15:42:02,22710,22712,22710,1,-1
2024-11-15 15:42:02,22710,22712,22710,1,-1
2024-11-15 15:42:05,22710,22713,22712,1,1
2024-11-15 15:42:06,22710,22712,22712,1,1
2024-11-15 15:42:07,22710,22713,22710,2,-2
2024-11-15 15:42:08,22711,22713,22713,1,1
2024-11-15 15:42:09,22714,22716,22714,1,-1
2024-11-15 15:42:09,22713,22716,22713,1,-1
2024-11-15 15:42:11,22713,22716,22716,1,1
2024-11-15 15:42:12,22714,22716,22717,1,1
2024-11-15 15:42:14,22715,22717,22717,1,1
2024-11-15 15:42:15,22716,22717,22716,1,-1
2024-11-15 15:42:19,22715,22717,22715,1,-1
2024-11-15 15:42:19,22715,22717,22715,1,-1
2024-11-15 15:42:20,22716,22717,22717,1,1
2024-11-15 15:42:22,22717,22720,22717,2,-2
2024-11-15 15:42:23,22717,22719,22717,1,-1
2024-11-15 15:42:24,22715,22717,22717,1,1
2024-11-15 15:42:30,22718,22720,22718,1,-1
2024-11-15 15:42:30,22718,22720,22720,3,3
2024-11-15 15:42:31,22719,22720,22720,5,5
2024-11-15 15:42:31,22720,22721,22721,1,1
2024-11-15 15:42:33,22720,22722,22722,1,1
2024-11-15 15:42:33,22719,22722,22720,1,-1
2024-11-15 15:42:33,22719,22722,22721,1,1
2024-11-15 15:42:35,22718,22720,22718,1,-1
2024-11-15 15:42:35,22718,22720,22717,1,-1
2024-11-15 15:42:35,22718,22720,22717,1,-1
2024-11-15 15:42:35,22718,22720,22717,1,-1
2024-11-15 15:42:35,22718,22720,22717,1,-1
2024-11-15 15:42:41,22718,22720,22718,1,-1
2024-11-15 15:42:43,22717,22720,22717,1,-1
2024-11-15 15:42:46,22717,22718,22717,2,-2
2024-11-15 15:42:48,22716,22717,22716,1,-1
2024-11-15 15:42:48,22717,22718,22717,2,-2
2024-11-15 15:42:48,22717,22718,22717,2,-2
2024-11-15 15:42:48,22717,22718,22717,1,-1
2024-11-15 15:42:48,22717,22718,22717,1,-1
2024-11-15 15:42:48,22717,22718,22717,2,-2
2024-11-15 15:42:49,22716,22717,22716,1,-1
2024-11-15 15:42:50,22715,22716,22715,1,-1
2024-11-15 15:42:53,22714,22717,22714,1,-1
2024-11-15 15:42:55,22715,22717,22715,1,-1
2024-11-15 15:42:55,22714,22717,22714,1,-1
2024-11-15 15:42:56,22714,22717,22714,2,-2
2024-11-15 15:43:02,22715,22717,22717,1,1
2024-11-15 15:43:06,22715,22716,22715,1,-1
2024-11-15 15:43:06,22715,22716,22716,1,1
2024-11-15 15:43:06,22715,22716,22715,2,-2
2024-11-15 15:43:08,22715,22718,22715,1,-1
2024-11-15 15:43:08,22716,22718,22716,1,-1
2024-11-15 15:43:08,22715,22716,22716,1,1
2024-11-15 15:43:08,22715,22716,22716,1,1
2024-11-15 15:43:17,22717,22719,22719,1,1
2024-11-15 15:43:18,22718,22720,22720,5,5
2024-11-15 15:43:18,22718,22720,22721,2,2
2024-11-15 15:43:19,22720,22722,22720,1,-1
2024-11-15 15:43:20,22721,22722,22721,1,-1
2024-11-15 15:43:21,22720,22722,22720,1,-1
2024-11-15 15:43:28,22721,22722,22721,1,-1
2024-11-15 15:43:30,22720,22722,22722,1,1
2024-11-15 15:43:31,22720,22722,22722,1,1
2024-11-15 15:43:31,22720,22722,22722,1,1
2024-11-15 15:43:31,22720,22722,22722,3,3
2024-11-15 15:43:31,22720,22722,22722,2,2
2024-11-15 15:43:31,22720,22722,22722,1,1
2024-11-15 15:43:36,22723,22725,22725,1,1
2024-11-15 15:43:36,22725,22727,22727,1,1
2024-11-15 15:43:39,22727,22729,22727,1,-1
2024-11-15 15:43:41,22726,22728,22728,3,3
2024-11-15 15:43:42,22729,22732,22732,1,1
2024-11-15 15:43:42,22730,22733,22730,1,-1
2024-11-15 15:43:42,22729,22732,22732,1,1
2024-11-15 15:43:42,22727,22729,22731,7,7
2024-11-15 15:43:42,22727,22729,22732,1,1
2024-11-15 15:43:42,22727,22729,22729,2,2
2024-11-15 15:43:42,22727,22729,22730,5,5
2024-11-15 15:43:48,22731,22732,22731,1,-1
2024-11-15 15:43:48,22731,22732,22731,1,-1
2024-11-15 15:43:49,22730,22732,22730,1,-1
2024-11-15 15:43:52,22730,22732,22732,1,1
2024-11-15 15:43:55,22732,22733,22732,1,-1
2024-11-15 15:43:56,22731,22732,22732,1,1
2024-11-15 15:43:58,22731,22732,22731,1,-1
2024-11-15 15:43:59,22730,22731,22731,2,2
2024-11-15 15:43:59,22730,22731,22730,1,-1
2024-11-15 15:43:59,22730,22731,22730,1,-1
2024-11-15 15:44:02,22727,22729,22727,1,-1
2024-11-15 15:44:02,22727,22728,22727,1,-1
2024-11-15 15:44:30,22727,22728,22729,2,2
2024-11-15 15:44:30,22727,22728,22728,2,2
2024-11-15 15:44:30,22727,22728,22727,1,-1
2024-11-15 15:44:36,22730,22732,22732,4,4
2024-11-15 15:44:36,22730,22732,22734,1,1
2024-11-15 15:44:41,22734,22735,22735,1,1
2024-11-15 15:44:50,22736,22737,22736,1,-1
2024-11-15 15:44:51,22735,22737,22737,1,1
2024-11-15 15:44:51,22735,22737,22738,1,1
2024-11-15 15:44:52,22735,22738,22735,1,-1
2024-11-15 15:44:54,22737,22739,22739,1,1
