2022-06-08 15:00:00.028,16652,16653,16653,73,73
2022-06-08 15:00:00.031,16652,16653,16653,1,1
2022-06-08 15:00:00.045,16652,16653,16652,1,-1
2022-06-08 15:00:00.113,16652,16654,16654,1,1
2022-06-08 15:00:00.146,16652,16654,16654,2,2
2022-06-08 15:00:00.159,16652,16654,16654,14,14
2022-06-08 15:00:00.159,16652,16654,16654,6,6
2022-06-08 15:00:00.184,16652,16654,16654,2,2
2022-06-08 15:00:00.192,16652,16654,16654,1,1
2022-06-08 15:00:00.222,16652,16654,16654,2,2
2022-06-08 15:00:00.343,16652,16655,16652,1,-1
2022-06-08 15:00:00.366,16652,16655,16652,4,-4
2022-06-08 15:00:00.375,16652,16655,16652,2,-2
2022-06-08 15:00:00.375,16652,16655,16651,2,-2
2022-06-08 15:00:00.417,16651,16655,16655,2,2
2022-06-08 15:00:00.419,16651,16655,16655,2,2
2022-06-08 15:00:00.431,16651,16655,16651,4,-4
2022-06-08 15:00:00.538,16652,16654,16654,1,1
2022-06-08 15:00:00.538,16652,16654,16655,2,2
2022-06-08 15:00:00.835,16652,16655,16652,1,-1
2022-06-08 15:00:00.835,16652,16655,16651,1,-1
2022-06-08 15:00:00.835,16652,16655,16650,2,-2
2022-06-08 15:00:00.885,16651,16655,16655,1,1
2022-06-08 15:00:01.059,16651,16655,16655,1,1
2022-06-08 15:00:01.059,16651,16655,16656,1,1
2022-06-08 15:00:01.177,16652,16655,16655,1,1
2022-06-08 15:00:01.421,16653,16654,16653,5,-5
2022-06-08 15:00:01.449,16653,16654,16654,1,1
2022-06-08 15:00:01.458,16653,16654,16654,1,1
2022-06-08 15:00:01.465,16653,16654,16653,1,-1
2022-06-08 15:00:01.478,16653,16654,16654,1,1
2022-06-08 15:00:01.608,16652,16654,16654,1,1
2022-06-08 15:00:01.617,16652,16654,16654,1,1
2022-06-08 15:00:01.889,16652,16653,16652,1,-1
2022-06-08 15:00:02.149,16651,16653,16651,2,-2
2022-06-08 15:00:02.390,16650,16653,16653,2,2
2022-06-08 15:00:02.606,16651,16653,16653,4,4
2022-06-08 15:00:02.768,16651,16653,16653,4,4
2022-06-08 15:00:02.932,16651,16652,16651,1,-1
2022-06-08 15:00:03.030,16650,16652,16652,1,1
2022-06-08 15:00:03.604,16651,16653,16653,1,1
2022-06-08 15:00:03.834,16651,16653,16652,1,1
2022-06-08 15:00:03.835,16651,16653,16652,3,3
2022-06-08 15:00:03.835,16651,16653,16652,1,1
2022-06-08 15:00:03.869,16651,16653,16652,1,1
2022-06-08 15:00:05.714,16651,16652,16652,1,1
2022-06-08 15:00:06.195,16650,16652,16650,1,-1
2022-06-08 15:00:06.250,16650,16652,16652,2,2
2022-06-08 15:00:06.998,16651,16653,16653,1,1
2022-06-08 15:00:07.201,16652,16653,16653,1,1
2022-06-08 15:00:07.694,16652,16653,16652,2,-2
2022-06-08 15:00:07.694,16652,16653,16651,4,-4
2022-06-08 15:00:07.695,16652,16653,16651,1,-1
2022-06-08 15:00:07.733,16652,16653,16653,4,4
2022-06-08 15:00:08.169,16651,16653,16651,1,-1
2022-06-08 15:00:08.243,16651,16653,16653,3,3
2022-06-08 15:00:08.533,16651,16653,16653,2,2
2022-06-08 15:00:09.158,16651,16654,16654,6,6
2022-06-08 15:00:09.159,16651,16654,16654,4,4
2022-06-08 15:00:09.241,16651,16654,16654,2,2
2022-06-08 15:00:10.111,16652,16654,16654,1,1
2022-06-08 15:00:10.569,16652,16654,16652,1,-1
2022-06-08 15:00:10.909,16652,16654,16654,1,1
2022-06-08 15:00:11.107,16652,16654,16654,2,2
2022-06-08 15:00:11.899,16652,16653,16653,1,1
2022-06-08 15:00:11.981,16652,16653,16654,1,1
2022-06-08 15:00:12.070,16652,16653,16653,1,1
2022-06-08 15:00:12.891,16652,16654,16654,1,1
2022-06-08 15:00:14.105,16652,16653,16652,1,-1
2022-06-08 15:00:14.161,16652,16653,16653,3,3
2022-06-08 15:00:14.490,16652,16653,16653,2,2
2022-06-08 15:00:14.723,16652,16654,16654,1,1
2022-06-08 15:00:15.152,16653,16654,16654,4,4
2022-06-08 15:00:15.215,16653,16654,16653,1,-1
2022-06-08 15:00:15.739,16653,16654,16653,2,-2
2022-06-08 15:00:17.154,16652,16653,16653,3,3
2022-06-08 15:00:17.278,16652,16653,16653,1,1
2022-06-08 15:00:18.154,16652,16653,16653,2,2
2022-06-08 15:00:18.570,16652,16653,16653,2,2
2022-06-08 15:00:19.155,16652,16653,16653,1,1
2022-06-08 15:00:19.202,16652,16653,16653,2,2
2022-06-08 15:00:19.989,16652,16653,16653,4,4
2022-06-08 15:00:20.204,16653,16654,16654,8,8
2022-06-08 15:00:20.912,16653,16654,16654,1,1
2022-06-08 15:00:21.204,16653,16655,16655,4,4
2022-06-08 15:00:21.204,16653,16655,16655,2,2
2022-06-08 15:00:21.921,16654,16656,16656,7,7
2022-06-08 15:00:22.203,16655,16657,16657,4,4
2022-06-08 15:00:22.203,16655,16657,16657,5,5
2022-06-08 15:00:23.094,16656,16657,16656,1,-1
2022-06-08 15:00:23.684,16656,16657,16656,2,-2
2022-06-08 15:00:23.684,16656,16657,16656,1,-1
2022-06-08 15:00:23.685,16656,16657,16656,1,-1
2022-06-08 15:00:23.704,16656,16657,16655,1,-1
2022-06-08 15:00:23.705,16656,16657,16655,1,-1
2022-06-08 15:00:24.907,16655,16656,16656,1,1
2022-06-08 15:00:25.546,16655,16656,16655,1,-1
2022-06-08 15:00:25.546,16655,16656,16655,1,-1
2022-06-08 15:00:25.546,16655,16656,16655,1,-1
2022-06-08 15:00:25.608,16655,16656,16655,2,-2
2022-06-08 15:00:25.608,16655,16656,16655,1,-1
2022-06-08 15:00:26.595,16654,16656,16656,2,2
2022-06-08 15:00:26.930,16655,16656,16655,1,-1
2022-06-08 15:00:27.546,16655,16656,16655,1,-1
2022-06-08 15:00:27.595,16655,16656,16656,2,2
2022-06-08 15:00:28.594,16654,16656,16656,4,4
2022-06-08 15:00:29.071,16655,16656,16656,1,1
2022-06-08 15:00:29.347,16655,16657,16655,3,-3
2022-06-08 15:00:29.595,16655,16656,16656,1,1
2022-06-08 15:00:30.597,16656,16657,16657,1,1
2022-06-08 15:00:30.853,16656,16657,16657,1,1
2022-06-08 15:00:31.007,16656,16657,16657,1,1
2022-06-08 15:00:31.957,16657,16658,16657,1,-1
2022-06-08 15:00:33.046,16657,16658,16657,1,-1
2022-06-08 15:00:33.448,16656,16658,16656,1,-1
2022-06-08 15:00:33.616,16656,16658,16656,1,-1
2022-06-08 15:00:33.752,16656,16658,16656,1,-1
2022-06-08 15:00:34.931,16656,16657,16657,1,1
2022-06-08 15:00:34.990,16656,16657,16658,3,3
2022-06-08 15:00:35.173,16656,16658,16658,2,2
2022-06-08 15:00:35.198,16656,16658,16658,1,1
2022-06-08 15:00:35.283,16656,16658,16658,3,3
2022-06-08 15:00:35.283,16656,16658,16658,1,1
2022-06-08 15:00:35.312,16656,16658,16659,8,8
2022-06-08 15:00:35.313,16656,16658,16659,3,3
2022-06-08 15:00:35.595,16658,16660,16658,1,-1
2022-06-08 15:00:36.184,16658,16660,16660,1,1
2022-06-08 15:00:36.382,16658,16659,16658,2,-2
2022-06-08 15:00:36.434,16658,16659,16659,2,2
2022-06-08 15:00:36.611,16657,16659,16659,1,1
2022-06-08 15:00:36.879,16658,16659,16658,1,-1
2022-06-08 15:00:37.092,16657,16659,16658,1,-1
2022-06-08 15:00:37.263,16657,16659,16659,2,2
2022-06-08 15:00:38.466,16657,16658,16658,1,1
2022-06-08 15:00:39.934,16657,16658,16657,3,-3
2022-06-08 15:00:39.992,16657,16658,16658,1,1
2022-06-08 15:00:39.993,16657,16658,16658,1,1
2022-06-08 15:00:40.982,16658,16659,16659,4,4
2022-06-08 15:00:40.983,16658,16659,16659,5,5
2022-06-08 15:00:41.024,16659,16660,16659,1,-1
2022-06-08 15:00:41.583,16658,16660,16660,1,1
2022-06-08 15:00:42.271,16658,16659,16659,1,1
2022-06-08 15:00:43.039,16658,16659,16659,2,2
2022-06-08 15:00:43.040,16658,16659,16659,3,3
2022-06-08 15:00:43.064,16658,16659,16660,1,1
2022-06-08 15:00:43.562,16658,16660,16659,1,1
2022-06-08 15:00:43.930,16658,16659,16658,1,-1
2022-06-08 15:00:44.009,16658,16659,16659,1,1
2022-06-08 15:00:44.507,16658,16659,16659,1,1
2022-06-08 15:00:44.586,16658,16659,16659,1,1
2022-06-08 15:00:45.254,16658,16659,16659,2,2
2022-06-08 15:00:45.566,16658,16659,16659,1,1
2022-06-08 15:00:45.851,16658,16659,16659,1,1
2022-06-08 15:00:45.925,16658,16660,16658,1,-1
2022-06-08 15:00:46.733,16658,16660,16658,1,-1
2022-06-08 15:00:47.410,16658,16659,16658,1,-1
2022-06-08 15:00:47.962,16658,16659,16658,3,-3
2022-06-08 15:00:47.962,16658,16659,16657,2,-2
2022-06-08 15:00:48.823,16658,16659,16658,1,-1
2022-06-08 15:00:50.045,16658,16659,16659,3,3
2022-06-08 15:00:50.781,16658,16659,16658,9,-9
2022-06-08 15:00:50.784,16658,16659,16657,1,-1
2022-06-08 15:00:50.785,16658,16659,16657,1,-1
2022-06-08 15:00:51.481,16656,16657,16657,1,1
2022-06-08 15:00:52.016,16656,16657,16657,2,2
2022-06-08 15:00:52.389,16656,16657,16657,1,1
2022-06-08 15:00:53.387,16656,16657,16657,1,1
2022-06-08 15:00:53.408,16656,16657,16657,1,1
2022-06-08 15:00:53.681,16656,16657,16656,1,-1
2022-06-08 15:00:53.681,16656,16657,16656,13,-13
2022-06-08 15:00:54.285,16655,16656,16655,1,-1
2022-06-08 15:00:54.286,16655,16656,16656,1,1
2022-06-08 15:00:55.170,16655,16656,16655,1,-1
2022-06-08 15:00:55.178,16655,16656,16655,1,-1
2022-06-08 15:00:55.181,16655,16656,16655,1,-1
2022-06-08 15:00:55.182,16655,16656,16655,1,-1
2022-06-08 15:00:55.196,16655,16656,16655,2,-2
2022-06-08 15:00:55.198,16655,16656,16655,1,-1
2022-06-08 15:00:56.177,16654,16655,16654,1,-1
2022-06-08 15:00:56.177,16654,16655,16654,1,-1
2022-06-08 15:00:56.178,16654,16655,16654,1,-1
2022-06-08 15:00:56.199,16654,16655,16654,2,-2
2022-06-08 15:00:56.293,16653,16654,16654,1,1
2022-06-08 15:00:56.821,16653,16654,16653,5,-5
2022-06-08 15:00:57.451,16652,16654,16654,1,1
2022-06-08 15:00:58.107,16652,16654,16653,1,1
2022-06-08 15:00:58.712,16653,16654,16653,1,-1
2022-06-08 15:00:59.047,16652,16654,16654,2,2
2022-06-08 15:00:59.212,16653,16655,16655,1,1
2022-06-08 15:01:00.209,16652,16654,16654,1,1
2022-06-08 15:01:01.388,16653,16654,16654,3,3
2022-06-08 15:01:01.395,16653,16654,16654,1,1
2022-06-08 15:01:02.314,16653,16654,16654,1,1
2022-06-08 15:01:03.205,16653,16654,16653,2,-2
2022-06-08 15:01:03.243,16653,16654,16653,1,-1
2022-06-08 15:01:03.366,16652,16654,16653,1,-1
2022-06-08 15:01:03.622,16652,16653,16652,3,-3
2022-06-08 15:01:03.623,16652,16653,16652,1,-1
2022-06-08 15:01:03.976,16651,16652,16652,2,2
2022-06-08 15:01:04.035,16651,16653,16653,1,1
2022-06-08 15:01:04.222,16651,16653,16652,1,1
2022-06-08 15:01:04.600,16651,16652,16651,2,-2
2022-06-08 15:01:04.790,16651,16652,16651,2,-2
2022-06-08 15:01:04.790,16651,16652,16651,1,-1
2022-06-08 15:01:05.793,16650,16651,16650,4,-4
2022-06-08 15:01:05.794,16650,16651,16649,1,-1
2022-06-08 15:01:06.409,16648,16650,16648,3,-3
2022-06-08 15:01:06.597,16648,16650,16648,1,-1
2022-06-08 15:01:08.091,16648,16650,16650,1,1
2022-06-08 15:01:08.935,16648,16650,16650,1,1
2022-06-08 15:01:09.421,16649,16650,16650,2,2
2022-06-08 15:01:09.425,16649,16650,16651,1,1
2022-06-08 15:01:09.578,16650,16652,16650,1,-1
2022-06-08 15:01:09.695,16650,16652,16650,2,-2
2022-06-08 15:01:10.321,16650,16651,16650,3,-3
2022-06-08 15:01:10.836,16649,16650,16649,2,-2
2022-06-08 15:01:10.837,16649,16650,16650,1,1
2022-06-08 15:01:11.125,16650,16651,16651,2,2
2022-06-08 15:01:11.248,16651,16652,16652,1,1
2022-06-08 15:01:11.326,16652,16653,16653,1,1
2022-06-08 15:01:11.572,16651,16653,16651,1,-1
2022-06-08 15:01:12.395,16651,16652,16651,1,-1
2022-06-08 15:01:12.877,16650,16652,16651,1,-1
2022-06-08 15:01:12.903,16650,16651,16651,1,1
2022-06-08 15:01:15.130,16651,16653,16652,1,1
2022-06-08 15:01:17.601,16651,16653,16651,1,-1
2022-06-08 15:01:19.637,16652,16653,16653,2,2
2022-06-08 15:01:19.637,16652,16653,16653,1,1
2022-06-08 15:01:19.637,16652,16653,16653,2,2
2022-06-08 15:01:20.191,16653,16654,16654,2,2
2022-06-08 15:01:21.157,16653,16655,16653,1,-1
2022-06-08 15:01:21.233,16653,16655,16653,3,-3
2022-06-08 15:01:22.208,16653,16655,16653,1,-1
2022-06-08 15:01:22.530,16653,16655,16653,1,-1
2022-06-08 15:01:23.308,16653,16655,16655,1,1
2022-06-08 15:01:25.547,16653,16654,16654,1,1
2022-06-08 15:01:25.547,16653,16654,16655,1,1
2022-06-08 15:01:28.369,16653,16655,16654,1,1
2022-06-08 15:01:28.964,16652,16654,16654,1,1
2022-06-08 15:01:29.267,16652,16654,16652,1,-1
2022-06-08 15:01:29.289,16652,16654,16652,1,-1
2022-06-08 15:01:32.297,16652,16654,16652,6,-6
2022-06-08 15:01:32.298,16652,16654,16651,9,-9
2022-06-08 15:01:32.951,16650,16651,16651,1,1
2022-06-08 15:01:33.042,16650,16651,16650,1,-1
2022-06-08 15:01:33.654,16650,16651,16650,4,-4
2022-06-08 15:01:35.003,16649,16650,16650,1,1
2022-06-08 15:01:36.332,16649,16650,16649,1,-1
2022-06-08 15:01:37.553,16648,16649,16649,1,1
2022-06-08 15:01:38.396,16648,16649,16648,1,-1
2022-06-08 15:01:38.396,16648,16649,16648,2,-2
2022-06-08 15:01:38.731,16647,16648,16647,1,-1
2022-06-08 15:01:39.004,16647,16648,16648,3,3
2022-06-08 15:01:39.004,16647,16648,16647,2,-2
2022-06-08 15:01:39.358,16648,16650,16650,1,1
2022-06-08 15:01:39.556,16649,16651,16649,4,-4
2022-06-08 15:01:40.656,16648,16650,16648,4,-4
2022-06-08 15:01:40.656,16648,16650,16647,1,-1
2022-06-08 15:01:41.412,16648,16650,16648,1,-1
2022-06-08 15:01:41.798,16648,16650,16650,1,1
2022-06-08 15:01:42.204,16648,16650,16650,1,1
2022-06-08 15:01:42.897,16648,16650,16648,1,-1
2022-06-08 15:01:44.551,16647,16650,16647,2,-2
2022-06-08 15:01:45.351,16647,16649,16649,1,1
2022-06-08 15:01:47.377,16649,16650,16649,2,-2
2022-06-08 15:01:49.221,16649,16650,16649,1,-1
2022-06-08 15:01:50.164,16648,16649,16649,1,1
2022-06-08 15:01:51.733,16648,16649,16649,1,1
2022-06-08 15:01:51.819,16648,16650,16650,1,1
2022-06-08 15:01:52.752,16648,16650,16650,8,8
2022-06-08 15:01:53.027,16649,16651,16649,1,-1
2022-06-08 15:01:54.468,16649,16651,16650,1,-1
2022-06-08 15:01:54.896,16650,16651,16650,3,-3
2022-06-08 15:01:58.472,16650,16651,16650,1,-1
2022-06-08 15:02:00.197,16649,16650,16650,1,1
2022-06-08 15:02:00.285,16649,16650,16649,1,-1
2022-06-08 15:02:01.114,16649,16650,16649,1,-1
2022-06-08 15:02:10.780,16648,16650,16650,1,1
2022-06-08 15:02:13.205,16649,16651,16651,1,1
2022-06-08 15:02:13.206,16649,16651,16651,2,2
2022-06-08 15:02:13.206,16649,16651,16651,1,1
2022-06-08 15:02:13.311,16650,16652,16650,1,-1
2022-06-08 15:02:13.939,16650,16652,16650,1,-1
2022-06-08 15:02:18.837,16651,16652,16652,1,1
2022-06-08 15:02:18.840,16651,16652,16652,6,6
2022-06-08 15:02:20.189,16652,16653,16653,2,2
2022-06-08 15:02:20.258,16652,16654,16653,1,1
2022-06-08 15:02:20.258,16652,16654,16654,1,1
2022-06-08 15:02:20.259,16652,16654,16654,1,1
2022-06-08 15:02:21.020,16653,16654,16654,2,2
2022-06-08 15:02:21.020,16653,16654,16654,1,1
2022-06-08 15:02:23.336,16653,16655,16655,1,1
2022-06-08 15:02:23.400,16653,16655,16653,1,-1
2022-06-08 15:02:23.401,16653,16655,16653,1,-1
2022-06-08 15:02:31.842,16652,16653,16653,2,2
2022-06-08 15:02:33.160,16652,16653,16652,1,-1
2022-06-08 15:02:33.160,16652,16653,16652,1,-1
2022-06-08 15:02:33.258,16651,16652,16652,1,1
2022-06-08 15:02:33.258,16651,16652,16652,1,1
2022-06-08 15:02:33.258,16651,16652,16652,1,1
2022-06-08 15:02:33.260,16651,16652,16653,1,1
2022-06-08 15:02:40.689,16651,16652,16652,1,1
2022-06-08 15:02:42.356,16651,16652,16651,3,-3
2022-06-08 15:02:42.384,16650,16651,16651,1,1
2022-06-08 15:02:42.568,16650,16651,16650,5,-5
2022-06-08 15:02:42.569,16650,16651,16649,1,-1
2022-06-08 15:02:46.236,16648,16649,16648,1,-1
2022-06-08 15:02:46.237,16648,16649,16648,1,-1
2022-06-08 15:02:46.237,16648,16649,16648,1,-1
2022-06-08 15:02:46.639,16647,16648,16647,1,-1
2022-06-08 15:02:46.640,16647,16648,16647,4,-4
2022-06-08 15:02:46.679,16647,16648,16646,5,-5
2022-06-08 15:02:46.687,16647,16648,16645,2,-2
2022-06-08 15:02:46.694,16647,16648,16645,2,-2
2022-06-08 15:02:46.944,16645,16647,16645,1,-1
2022-06-08 15:02:46.983,16645,16647,16645,2,-2
2022-06-08 15:02:47.122,16645,16647,16645,1,-1
2022-06-08 15:02:47.188,16645,16647,16647,1,1
2022-06-08 15:02:47.285,16645,16647,16645,2,-2
2022-06-08 15:02:47.326,16645,16647,16645,2,-2
2022-06-08 15:02:47.347,16645,16647,16645,5,-5
2022-06-08 15:02:47.347,16645,16647,16644,1,-1
2022-06-08 15:02:47.358,16645,16647,16645,2,-2
2022-06-08 15:02:47.430,16644,16646,16646,1,1
2022-06-08 15:02:47.444,16644,16646,16645,2,2
2022-06-08 15:02:47.475,16644,16646,16645,1,1
2022-06-08 15:02:47.486,16644,16646,16645,1,1
2022-06-08 15:02:47.496,16644,16646,16645,1,1
2022-06-08 15:02:47.597,16645,16647,16645,2,-2
2022-06-08 15:02:47.597,16645,16647,16645,2,-2
2022-06-08 15:02:47.597,16645,16647,16644,2,-2
2022-06-08 15:02:47.600,16645,16647,16645,4,-4
2022-06-08 15:02:47.600,16645,16647,16644,4,-4
2022-06-08 15:02:47.600,16645,16647,16643,2,-2
2022-06-08 15:02:47.663,16645,16647,16645,1,-1
2022-06-08 15:02:47.696,16645,16647,16645,1,-1
2022-06-08 15:02:47.748,16645,16647,16645,1,-1
2022-06-08 15:02:47.748,16645,16647,16644,4,-4
2022-06-08 15:02:47.809,16644,16646,16644,2,-2
2022-06-08 15:02:47.819,16644,16646,16644,1,-1
2022-06-08 15:02:47.830,16644,16646,16643,1,-1
2022-06-08 15:02:47.859,16644,16646,16645,2,-2
2022-06-08 15:02:47.897,16645,16646,16644,2,-2
2022-06-08 15:02:47.907,16645,16646,16644,3,-3
2022-06-08 15:02:47.969,16645,16646,16643,1,-1
2022-06-08 15:02:47.979,16645,16646,16643,1,-1
2022-06-08 15:02:48.038,16644,16646,16644,1,-1
2022-06-08 15:02:48.086,16644,16646,16646,1,1
2022-06-08 15:02:48.385,16644,16646,16646,2,2
2022-06-08 15:02:48.597,16645,16647,16645,1,-1
2022-06-08 15:02:48.697,16645,16647,16645,1,-1
2022-06-08 15:02:48.697,16645,16647,16645,2,-2
2022-06-08 15:02:51.468,16646,16647,16646,1,-1
2022-06-08 15:02:52.272,16645,16647,16647,1,1
2022-06-08 15:02:53.759,16645,16646,16646,2,2
2022-06-08 15:02:54.748,16645,16646,16645,2,-2
2022-06-08 15:02:56.259,16644,16645,16645,2,2
2022-06-08 15:03:00.125,16645,16646,16646,1,1
2022-06-08 15:03:00.793,16645,16646,16645,1,-1
2022-06-08 15:03:02.716,16644,16645,16644,1,-1
2022-06-08 15:03:03.650,16642,16643,16643,3,3
2022-06-08 15:03:03.651,16642,16643,16643,2,2
2022-06-08 15:03:07.597,16643,16644,16643,1,-1
2022-06-08 15:03:07.719,16643,16644,16643,1,-1
2022-06-08 15:03:08.015,16643,16644,16643,1,-1
2022-06-08 15:03:08.475,16643,16644,16643,1,-1
2022-06-08 15:03:09.927,16643,16644,16644,1,1
2022-06-08 15:03:09.928,16643,16644,16644,1,1
2022-06-08 15:03:09.935,16643,16644,16644,4,4
2022-06-08 15:03:14.342,16644,16645,16644,1,-1
2022-06-08 15:03:15.382,16644,16645,16645,1,1
2022-06-08 15:03:16.749,16644,16645,16644,1,-1
2022-06-08 15:03:16.967,16644,16645,16644,1,-1
2022-06-08 15:03:19.453,16644,16645,16645,6,6
2022-06-08 15:03:19.833,16645,16646,16645,1,-1
2022-06-08 15:03:19.888,16645,16646,16645,2,-2
2022-06-08 15:03:19.888,16645,16646,16644,1,-1
2022-06-08 15:03:20.321,16644,16646,16646,1,1
2022-06-08 15:03:28.893,16644,16645,16644,3,-3
2022-06-08 15:03:28.894,16644,16645,16644,1,-1
2022-06-08 15:03:28.894,16644,16645,16644,1,-1
2022-06-08 15:03:28.894,16644,16645,16644,7,-7
2022-06-08 15:03:28.968,16644,16645,16643,2,-2
2022-06-08 15:03:28.968,16644,16645,16643,1,-1
2022-06-08 15:03:28.968,16644,16645,16643,2,-2
2022-06-08 15:03:28.969,16644,16645,16643,1,-1
2022-06-08 15:03:28.969,16644,16645,16643,2,-2
2022-06-08 15:03:28.973,16644,16645,16642,5,-5
2022-06-08 15:03:28.974,16644,16645,16642,6,-6
2022-06-08 15:03:28.974,16644,16645,16642,1,-1
2022-06-08 15:03:28.974,16644,16645,16642,1,-1
2022-06-08 15:03:28.974,16644,16645,16642,4,-4
2022-06-08 15:03:28.998,16644,16645,16641,1,-1
2022-06-08 15:03:28.999,16644,16645,16641,1,-1
2022-06-08 15:03:28.999,16644,16645,16641,4,-4
2022-06-08 15:03:28.999,16644,16645,16641,2,-2
2022-06-08 15:03:28.999,16644,16645,16641,7,-7
2022-06-08 15:03:28.999,16644,16645,16641,3,-3
2022-06-08 15:03:28.999,16644,16645,16640,1,-1
2022-06-08 15:03:29.205,16640,16641,16640,5,-5
2022-06-08 15:03:29.206,16640,16641,16640,1,-1
2022-06-08 15:03:29.206,16640,16641,16640,1,-1
2022-06-08 15:03:29.307,16639,16640,16639,3,-3
2022-06-08 15:03:29.411,16638,16639,16638,1,-1
2022-06-08 15:03:29.437,16638,16639,16639,1,1
2022-06-08 15:03:29.535,16637,16639,16637,1,-1
2022-06-08 15:03:30.560,16638,16639,16638,1,-1
2022-06-08 15:03:30.666,16638,16639,16639,1,1
2022-06-08 15:03:30.666,16638,16639,16639,1,1
2022-06-08 15:03:30.666,16638,16639,16639,3,3
2022-06-08 15:03:30.827,16639,16641,16639,1,-1
2022-06-08 15:03:30.936,16640,16642,16641,1,-1
2022-06-08 15:03:33.057,16639,16641,16641,1,1
2022-06-08 15:03:33.194,16639,16641,16641,1,1
2022-06-08 15:03:34.524,16641,16642,16642,1,1
2022-06-08 15:03:36.801,16643,16644,16643,1,-1
2022-06-08 15:03:37.284,16642,16643,16642,3,-3
2022-06-08 15:03:43.821,16641,16642,16642,2,2
2022-06-08 15:03:43.989,16641,16643,16643,2,2
2022-06-08 15:03:48.197,16641,16642,16642,1,1
2022-06-08 15:03:50.989,16642,16643,16642,1,-1
2022-06-08 15:03:53.253,16642,16643,16643,1,1
2022-06-08 15:03:53.469,16642,16643,16643,1,1
2022-06-08 15:03:53.469,16642,16643,16643,2,2
2022-06-08 15:03:53.469,16642,16643,16643,3,3
2022-06-08 15:03:54.793,16643,16644,16643,2,-2
2022-06-08 15:03:56.323,16643,16644,16643,4,-4
2022-06-08 15:03:56.323,16643,16644,16642,12,-12
2022-06-08 15:03:56.323,16643,16644,16641,4,-4
2022-06-08 15:03:56.474,16642,16644,16644,1,1
2022-06-08 15:03:57.884,16642,16644,16644,1,1
2022-06-08 15:04:02.374,16642,16644,16644,1,1
2022-06-08 15:04:02.962,16642,16644,16643,2,2
2022-06-08 15:04:03.871,16642,16643,16642,1,-1
2022-06-08 15:04:03.876,16642,16643,16641,1,-1
2022-06-08 15:04:04.482,16641,16642,16641,1,-1
2022-06-08 15:04:05.844,16641,16643,16641,1,-1
2022-06-08 15:04:06.550,16641,16642,16641,1,-1
2022-06-08 15:04:08.478,16641,16643,16641,1,-1
2022-06-08 15:04:10.076,16641,16643,16641,1,-1
2022-06-08 15:04:11.855,16641,16643,16642,1,-1
2022-06-08 15:04:17.636,16642,16643,16642,1,-1
2022-06-08 15:04:19.431,16642,16643,16642,2,-2
2022-06-08 15:04:20.208,16642,16643,16642,2,-2
2022-06-08 15:04:20.258,16642,16643,16642,1,-1
2022-06-08 15:04:20.258,16642,16643,16642,1,-1
2022-06-08 15:04:24.075,16642,16643,16642,2,-2
2022-06-08 15:04:25.103,16642,16643,16643,2,2
2022-06-08 15:04:25.754,16642,16644,16642,1,-1
2022-06-08 15:04:29.362,16643,16645,16644,1,-1
2022-06-08 15:04:31.106,16644,16645,16644,1,-1
2022-06-08 15:04:31.346,16644,16645,16645,1,1
2022-06-08 15:04:31.529,16644,16645,16644,1,-1
2022-06-08 15:04:31.960,16643,16645,16644,1,-1
2022-06-08 15:04:33.784,16643,16645,16643,1,-1
2022-06-08 15:04:35.735,16642,16644,16644,2,2
2022-06-08 15:04:35.764,16642,16644,16642,1,-1
2022-06-08 15:04:38.315,16642,16643,16643,1,1
2022-06-08 15:04:45.211,16643,16644,16643,1,-1
2022-06-08 15:04:45.518,16643,16644,16644,1,1
2022-06-08 15:04:48.230,16643,16644,16644,1,1
2022-06-08 15:04:52.089,16643,16645,16644,1,1
2022-06-08 15:04:54.314,16643,16644,16643,1,-1
2022-06-08 15:04:54.355,16643,16644,16643,2,-2
2022-06-08 15:04:56.991,16643,16644,16643,1,-1
2022-06-08 15:05:00.101,16642,16644,16644,1,1
2022-06-08 15:05:01.754,16643,16644,16643,2,-2
2022-06-08 15:05:03.009,16642,16643,16642,2,-2
2022-06-08 15:05:03.010,16642,16643,16642,2,-2
2022-06-08 15:05:03.010,16642,16643,16642,1,-1
2022-06-08 15:05:03.010,16642,16643,16642,1,-1
2022-06-08 15:05:03.110,16642,16643,16643,1,1
2022-06-08 15:05:04.534,16641,16643,16643,1,1
2022-06-08 15:05:06.522,16641,16643,16641,1,-1
2022-06-08 15:05:10.429,16642,16644,16642,1,-1
2022-06-08 15:05:10.513,16642,16644,16642,1,-1
2022-06-08 15:05:10.701,16642,16644,16642,1,-1
2022-06-08 15:05:14.711,16642,16644,16642,2,-2
2022-06-08 15:05:16.185,16642,16643,16643,1,1
2022-06-08 15:05:17.364,16642,16643,16643,4,4
2022-06-08 15:05:17.402,16643,16644,16644,1,1
2022-06-08 15:05:18.561,16643,16644,16643,1,-1
2022-06-08 15:05:24.132,16642,16643,16643,1,1
2022-06-08 15:05:25.868,16643,16644,16643,1,-1
2022-06-08 15:05:26.649,16642,16644,16642,5,-5
2022-06-08 15:05:26.650,16642,16644,16642,15,-15
2022-06-08 15:05:35.811,16642,16643,16642,1,-1
2022-06-08 15:05:39.566,16641,16642,16642,2,2
2022-06-08 15:05:39.688,16642,16643,16643,1,1
2022-06-08 15:05:40.442,16642,16643,16643,1,1
2022-06-08 15:05:54.070,16642,16644,16643,1,1
2022-06-08 15:05:55.473,16642,16644,16644,1,1
2022-06-08 15:05:57.929,16642,16644,16643,1,1
2022-06-08 15:06:04.748,16642,16643,16642,7,-7
2022-06-08 15:06:04.855,16641,16643,16641,1,-1
2022-06-08 15:06:04.855,16641,16643,16641,1,-1
2022-06-08 15:06:04.855,16641,16643,16641,1,-1
2022-06-08 15:06:04.855,16641,16643,16641,2,-2
2022-06-08 15:06:04.855,16641,16643,16641,5,-5
2022-06-08 15:06:04.855,16641,16643,16641,1,-1
2022-06-08 15:06:04.855,16641,16643,16641,3,-3
2022-06-08 15:06:04.856,16641,16643,16641,3,-3
2022-06-08 15:06:05.661,16640,16642,16642,5,5
2022-06-08 15:06:05.855,16640,16642,16642,1,1
2022-06-08 15:06:07.300,16640,16642,16642,2,2
2022-06-08 15:06:07.300,16640,16642,16642,1,1
2022-06-08 15:06:08.043,16640,16642,16642,1,1
2022-06-08 15:06:10.813,16641,16643,16643,1,1
2022-06-08 15:06:14.540,16641,16642,16642,1,1
2022-06-08 15:06:14.630,16641,16642,16642,5,5
2022-06-08 15:06:20.436,16641,16642,16641,1,-1
2022-06-08 15:06:21.877,16640,16641,16641,1,1
2022-06-08 15:06:22.367,16640,16641,16640,1,-1
2022-06-08 15:06:22.368,16640,16641,16640,4,-4
2022-06-08 15:06:23.046,16639,16641,16641,5,5
2022-06-08 15:06:23.368,16639,16641,16641,1,1
2022-06-08 15:06:23.688,16639,16641,16639,3,-3
2022-06-08 15:06:23.971,16639,16641,16641,4,4
2022-06-08 15:06:23.971,16639,16641,16642,1,1
2022-06-08 15:06:24.086,16639,16642,16639,2,-2
2022-06-08 15:06:25.957,16639,16641,16641,1,1
2022-06-08 15:06:27.024,16640,16641,16641,1,1
2022-06-08 15:06:29.045,16640,16641,16640,1,-1
2022-06-08 15:06:31.244,16640,16641,16641,1,1
2022-06-08 15:06:31.332,16640,16641,16640,1,-1
2022-06-08 15:06:31.806,16640,16641,16641,2,2
2022-06-08 15:06:36.955,16640,16641,16641,1,1
2022-06-08 15:06:37.031,16640,16641,16640,1,-1
2022-06-08 15:06:38.215,16639,16640,16640,1,1
2022-06-08 15:06:38.215,16639,16640,16641,4,4
2022-06-08 15:06:41.860,16639,16640,16639,2,-2
2022-06-08 15:06:41.860,16639,16640,16639,2,-2
2022-06-08 15:06:41.916,16638,16639,16638,1,-1
2022-06-08 15:06:41.916,16638,16639,16638,5,-5
2022-06-08 15:06:41.916,16638,16639,16638,1,-1
2022-06-08 15:06:41.916,16638,16639,16638,2,-2
2022-06-08 15:06:41.916,16638,16639,16638,1,-1
2022-06-08 15:06:41.916,16638,16639,16638,8,-8
2022-06-08 15:06:42.057,16637,16638,16637,10,-10
2022-06-08 15:06:44.354,16636,16638,16638,1,1
2022-06-08 15:06:44.548,16636,16638,16638,1,1
2022-06-08 15:06:45.376,16637,16639,16637,4,-4
2022-06-08 15:06:45.376,16637,16639,16637,2,-2
2022-06-08 15:06:46.457,16636,16638,16637,1,-1
2022-06-08 15:06:46.457,16636,16638,16636,2,-2
2022-06-08 15:06:46.696,16636,16638,16636,2,-2
2022-06-08 15:06:47.582,16637,16639,16637,1,-1
2022-06-08 15:06:49.091,16636,16637,16637,1,1
2022-06-08 15:06:50.361,16637,16638,16637,2,-2
2022-06-08 15:06:52.279,16636,16637,16636,4,-4
2022-06-08 15:06:54.742,16635,16636,16636,2,2
2022-06-08 15:06:54.845,16635,16636,16635,1,-1
2022-06-08 15:06:55.607,16635,16637,16635,1,-1
2022-06-08 15:06:56.297,16635,16636,16635,1,-1
2022-06-08 15:06:57.936,16635,16636,16635,2,-2
2022-06-08 15:06:58.452,16635,16636,16635,1,-1
2022-06-08 15:06:58.453,16635,16636,16635,1,-1
2022-06-08 15:06:58.932,16634,16636,16634,1,-1
2022-06-08 15:07:00.017,16634,16635,16634,1,-1
2022-06-08 15:07:00.565,16634,16635,16635,1,1
2022-06-08 15:07:01.588,16634,16635,16634,1,-1
2022-06-08 15:07:01.815,16634,16635,16634,1,-1
2022-06-08 15:07:04.267,16634,16635,16635,1,1
2022-06-08 15:07:04.658,16634,16636,16634,11,-11
2022-06-08 15:07:04.658,16634,16636,16633,14,-14
2022-06-08 15:07:04.658,16634,16636,16632,16,-16
2022-06-08 15:07:04.658,16634,16636,16631,2,-2
2022-06-08 15:07:04.661,16634,16636,16633,1,-1
2022-06-08 15:07:04.796,16632,16634,16632,1,-1
2022-06-08 15:07:04.902,16632,16634,16634,1,1
2022-06-08 15:07:05.386,16633,16635,16633,3,-3
2022-06-08 15:07:07.852,16632,16633,16632,1,-1
2022-06-08 15:07:08.447,16632,16633,16632,1,-1
2022-06-08 15:07:08.731,16632,16633,16632,1,-1
2022-06-08 15:07:11.844,16631,16633,16633,1,1
2022-06-08 15:07:12.549,16632,16633,16633,1,1
2022-06-08 15:07:14.047,16632,16633,16632,3,-3
2022-06-08 15:07:14.062,16632,16633,16632,1,-1
2022-06-08 15:07:16.264,16631,16632,16631,2,-2
2022-06-08 15:07:16.265,16631,16632,16631,1,-1
2022-06-08 15:07:16.265,16631,16632,16631,1,-1
2022-06-08 15:07:16.265,16631,16632,16631,2,-2
2022-06-08 15:07:16.265,16631,16632,16631,4,-4
2022-06-08 15:07:16.305,16631,16632,16630,1,-1
2022-06-08 15:07:16.315,16631,16632,16630,6,-6
2022-06-08 15:07:16.315,16631,16632,16630,5,-5
2022-06-08 15:07:16.566,16629,16630,16629,1,-1
2022-06-08 15:07:16.626,16629,16630,16630,1,1
2022-06-08 15:07:18.404,16629,16630,16629,7,-7
2022-06-08 15:07:18.404,16629,16630,16628,1,-1
2022-06-08 15:07:18.587,16629,16630,16629,1,-1
2022-06-08 15:07:18.983,16629,16630,16629,1,-1
2022-06-08 15:07:20.217,16628,16630,16630,3,3
2022-06-08 15:07:20.217,16628,16630,16631,2,2
2022-06-08 15:07:20.388,16629,16631,16629,6,-6
2022-06-08 15:07:20.388,16629,16631,16628,4,-4
2022-06-08 15:07:20.946,16628,16630,16628,1,-1
2022-06-08 15:07:21.383,16628,16629,16628,3,-3
2022-06-08 15:07:21.384,16628,16629,16628,1,-1
2022-06-08 15:07:21.384,16628,16629,16628,9,-9
2022-06-08 15:07:21.523,16627,16628,16628,1,1
2022-06-08 15:07:22.326,16627,16629,16629,1,1
2022-06-08 15:07:22.341,16627,16629,16629,1,1
2022-06-08 15:07:23.184,16629,16630,16629,1,-1
2022-06-08 15:07:23.389,16629,16630,16629,1,-1
2022-06-08 15:07:23.389,16629,16630,16628,1,-1
2022-06-08 15:07:23.618,16628,16630,16629,2,-2
2022-06-08 15:07:24.168,16629,16630,16629,1,-1
2022-06-08 15:07:24.595,16629,16630,16629,1,-1
2022-06-08 15:07:24.658,16629,16630,16630,1,1
2022-06-08 15:07:26.762,16629,16630,16629,5,-5
2022-06-08 15:07:26.832,16629,16630,16630,2,2
2022-06-08 15:07:26.862,16629,16630,16629,2,-2
2022-06-08 15:07:27.758,16629,16631,16629,1,-1
2022-06-08 15:07:32.104,16630,16631,16630,1,-1
2022-06-08 15:07:33.210,16628,16630,16630,1,1
2022-06-08 15:07:33.744,16628,16630,16630,1,1
2022-06-08 15:07:33.981,16628,16630,16630,1,1
2022-06-08 15:07:35.633,16629,16630,16630,5,5
2022-06-08 15:07:35.657,16629,16630,16630,1,1
2022-06-08 15:07:35.864,16630,16631,16629,3,-3
2022-06-08 15:07:36.433,16629,16631,16630,1,-1
2022-06-08 15:07:36.972,16629,16631,16630,1,-1
2022-06-08 15:07:37.625,16630,16631,16631,11,11
2022-06-08 15:07:42.531,16631,16632,16631,1,-1
2022-06-08 15:07:44.174,16631,16632,16632,1,1
2022-06-08 15:07:44.671,16631,16632,16632,5,5
2022-06-08 15:07:45.742,16631,16632,16632,5,5
2022-06-08 15:07:45.988,16631,16632,16632,2,2
2022-06-08 15:07:47.838,16632,16633,16632,2,-2
2022-06-08 15:07:48.548,16632,16633,16633,1,1
2022-06-08 15:07:50.070,16631,16632,16632,1,1
2022-06-08 15:07:50.125,16631,16632,16631,1,-1
2022-06-08 15:07:50.129,16631,16632,16632,2,2
2022-06-08 15:07:51.749,16630,16631,16630,1,-1
2022-06-08 15:07:51.749,16630,16631,16630,4,-4
2022-06-08 15:07:52.135,16629,16630,16629,1,-1
2022-06-08 15:07:52.968,16628,16629,16629,1,1
2022-06-08 15:07:52.987,16628,16629,16628,4,-4
2022-06-08 15:07:53.333,16627,16629,16629,1,1
2022-06-08 15:07:53.937,16627,16628,16628,1,1
2022-06-08 15:07:53.937,16627,16628,16628,1,1
2022-06-08 15:07:54.526,16627,16629,16629,1,1
2022-06-08 15:07:55.647,16627,16628,16628,1,1
2022-06-08 15:07:55.931,16628,16629,16628,1,-1
2022-06-08 15:07:55.931,16628,16629,16628,2,-2
2022-06-08 15:07:56.704,16628,16629,16628,1,-1
2022-06-08 15:07:57.457,16627,16629,16627,4,-4
2022-06-08 15:07:57.573,16627,16629,16627,1,-1
2022-06-08 15:07:57.609,16627,16629,16627,1,-1
2022-06-08 15:07:57.658,16627,16629,16627,1,-1
2022-06-08 15:07:57.808,16627,16628,16627,1,-1
2022-06-08 15:07:57.810,16627,16628,16626,1,-1
2022-06-08 15:07:57.852,16627,16628,16626,1,-1
2022-06-08 15:07:58.018,16626,16627,16626,4,-4
2022-06-08 15:07:58.018,16626,16627,16625,2,-2
2022-06-08 15:07:58.072,16626,16627,16625,1,-1
2022-06-08 15:07:58.259,16625,16626,16625,1,-1
2022-06-08 15:07:58.373,16625,16626,16625,1,-1
2022-06-08 15:07:58.482,16625,16626,16625,1,-1
2022-06-08 15:07:58.683,16625,16626,16625,1,-1
2022-06-08 15:07:58.857,16625,16626,16625,1,-1
2022-06-08 15:07:58.857,16625,16626,16625,5,-5
2022-06-08 15:07:58.857,16625,16626,16625,1,-1
2022-06-08 15:08:00.265,16624,16626,16624,1,-1
2022-06-08 15:08:00.777,16623,16624,16624,1,1
2022-06-08 15:08:01.430,16623,16624,16624,3,3
2022-06-08 15:08:01.430,16623,16624,16624,2,2
2022-06-08 15:08:01.721,16623,16625,16623,1,-1
2022-06-08 15:08:01.967,16623,16625,16625,1,1
2022-06-08 15:08:02.020,16623,16625,16625,1,1
2022-06-08 15:08:02.742,16624,16625,16624,2,-2
2022-06-08 15:08:02.997,16624,16625,16624,1,-1
2022-06-08 15:08:03.129,16623,16625,16623,1,-1
2022-06-08 15:08:05.281,16623,16624,16624,1,1
2022-06-08 15:08:07.034,16623,16624,16623,1,-1
2022-06-08 15:08:07.653,16623,16624,16623,7,-7
2022-06-08 15:08:08.174,16622,16623,16622,10,-10
2022-06-08 15:08:08.175,16622,16623,16622,3,-3
2022-06-08 15:08:08.432,16621,16623,16621,1,-1
2022-06-08 15:08:08.596,16622,16623,16622,2,-2
2022-06-08 15:08:08.695,16621,16623,16622,1,-1
2022-06-08 15:08:09.533,16623,16624,16623,1,-1
2022-06-08 15:08:11.297,16623,16624,16623,1,-1
2022-06-08 15:08:11.388,16623,16624,16624,7,7
2022-06-08 15:08:12.705,16623,16625,16623,1,-1
2022-06-08 15:08:13.740,16624,16625,16624,1,-1
2022-06-08 15:08:16.165,16623,16625,16623,2,-2
2022-06-08 15:08:18.060,16623,16625,16623,4,-4
2022-06-08 15:08:18.060,16623,16625,16623,1,-1
2022-06-08 15:08:19.129,16623,16625,16624,1,-1
2022-06-08 15:08:19.423,16624,16625,16625,1,1
2022-06-08 15:08:19.423,16624,16625,16625,2,2
2022-06-08 15:08:21.687,16625,16626,16626,2,2
2022-06-08 15:08:22.474,16626,16628,16626,1,-1
2022-06-08 15:08:22.839,16626,16628,16626,1,-1
2022-06-08 15:08:24.109,16627,16628,16627,1,-1
2022-06-08 15:08:25.945,16626,16628,16626,1,-1
2022-06-08 15:08:36.847,16626,16627,16626,1,-1
2022-06-08 15:08:37.371,16626,16627,16626,1,-1
2022-06-08 15:08:39.289,16626,16627,16626,2,-2
2022-06-08 15:08:40.195,16625,16626,16625,3,-3
2022-06-08 15:08:40.939,16625,16626,16625,1,-1
2022-06-08 15:08:42.191,16625,16626,16626,3,3
2022-06-08 15:08:43.352,16626,16627,16626,1,-1
2022-06-08 15:08:43.826,16626,16627,16626,1,-1
2022-06-08 15:08:44.955,16626,16627,16626,1,-1
2022-06-08 15:08:44.955,16626,16627,16627,4,4
2022-06-08 15:08:46.809,16627,16628,16628,2,2
2022-06-08 15:08:46.809,16627,16628,16628,1,1
2022-06-08 15:08:46.809,16627,16628,16628,2,2
2022-06-08 15:08:46.809,16627,16628,16628,1,1
2022-06-08 15:08:47.267,16628,16629,16628,3,-3
2022-06-08 15:08:50.212,16628,16629,16629,1,1
2022-06-08 15:08:50.272,16628,16629,16628,1,-1
2022-06-08 15:08:50.273,16628,16629,16629,2,2
2022-06-08 15:08:51.312,16628,16630,16628,1,-1
2022-06-08 15:08:54.328,16628,16629,16629,2,2
2022-06-08 15:08:54.806,16628,16629,16628,1,-1
2022-06-08 15:08:55.286,16628,16629,16629,1,1
2022-06-08 15:08:55.476,16628,16630,16628,1,-1
2022-06-08 15:08:55.801,16628,16630,16628,1,-1
2022-06-08 15:08:58.347,16628,16629,16629,1,1
2022-06-08 15:08:59.662,16628,16629,16629,1,1
2022-06-08 15:09:00.267,16628,16629,16629,2,2
2022-06-08 15:09:00.384,16628,16630,16628,1,-1
2022-06-08 15:09:00.848,16628,16630,16628,3,-3
2022-06-08 15:09:01.420,16628,16629,16628,1,-1
2022-06-08 15:09:02.964,16627,16628,16627,1,-1
2022-06-08 15:09:03.890,16627,16628,16628,1,1
2022-06-08 15:09:12.498,16627,16628,16628,1,1
2022-06-08 15:09:21.425,16627,16628,16628,3,3
2022-06-08 15:09:21.510,16628,16629,16627,1,-1
2022-06-08 15:09:21.510,16628,16629,16627,1,-1
2022-06-08 15:09:22.240,16628,16629,16628,1,-1
2022-06-08 15:09:22.258,16628,16629,16628,1,-1
2022-06-08 15:09:22.258,16628,16629,16627,1,-1
2022-06-08 15:09:22.258,16628,16629,16627,1,-1
2022-06-08 15:09:22.259,16628,16629,16627,1,-1
2022-06-08 15:09:24.267,16627,16628,16628,1,1
2022-06-08 15:09:24.795,16628,16629,16629,1,1
2022-06-08 15:09:25.609,16628,16629,16628,3,-3
2022-06-08 15:09:28.322,16628,16630,16628,3,-3
2022-06-08 15:09:29.116,16627,16629,16629,3,3
2022-06-08 15:09:29.133,16627,16630,16627,1,-1
2022-06-08 15:09:29.133,16627,16630,16627,1,-1
2022-06-08 15:09:34.382,16628,16629,16628,1,-1
2022-06-08 15:09:35.205,16628,16629,16628,1,-1
2022-06-08 15:09:37.971,16627,16628,16628,1,1
2022-06-08 15:09:38.857,16627,16628,16628,1,1
2022-06-08 15:09:38.979,16627,16628,16628,1,1
2022-06-08 15:09:38.979,16627,16628,16628,1,1
2022-06-08 15:09:40.469,16627,16628,16627,2,-2
2022-06-08 15:09:41.506,16626,16628,16626,1,-1
2022-06-08 15:09:41.507,16626,16628,16628,1,1
2022-06-08 15:09:41.567,16626,16628,16627,1,1
2022-06-08 15:09:42.813,16626,16627,16627,1,1
2022-06-08 15:09:51.724,16627,16628,16627,1,-1
2022-06-08 15:09:52.251,16627,16628,16628,1,1
2022-06-08 15:09:53.678,16627,16628,16627,1,-1
2022-06-08 15:09:56.553,16626,16628,16626,1,-1
2022-06-08 15:09:57.490,16627,16628,16628,2,2
2022-06-08 15:10:00.192,16627,16628,16627,1,-1
2022-06-08 15:10:00.321,16626,16628,16626,1,-1
2022-06-08 15:10:00.782,16626,16628,16626,2,-2
2022-06-08 15:10:00.877,16626,16628,16626,1,-1
2022-06-08 15:10:01.083,16625,16627,16626,1,-1
2022-06-08 15:10:01.356,16626,16628,16626,4,-4
2022-06-08 15:10:01.356,16626,16628,16625,1,-1
2022-06-08 15:10:01.523,16626,16628,16626,1,-1
2022-06-08 15:10:01.671,16626,16628,16628,1,1
2022-06-08 15:10:01.721,16626,16628,16626,1,-1
2022-06-08 15:10:06.590,16625,16626,16625,5,-5
2022-06-08 15:10:07.101,16625,16626,16625,5,-5
2022-06-08 15:10:11.720,16624,16626,16626,1,1
2022-06-08 15:10:13.280,16625,16627,16625,1,-1
2022-06-08 15:10:17.682,16625,16627,16625,1,-1
2022-06-08 15:10:17.989,16625,16627,16625,3,-3
2022-06-08 15:10:18.943,16625,16627,16625,2,-2
2022-06-08 15:10:18.943,16625,16627,16625,1,-1
2022-06-08 15:10:21.255,16624,16626,16625,1,-1
2022-06-08 15:10:21.747,16624,16625,16625,2,2
2022-06-08 15:10:23.146,16624,16625,16624,3,-3
2022-06-08 15:10:25.763,16624,16625,16624,2,-2
2022-06-08 15:10:25.797,16624,16625,16624,1,-1
2022-06-08 15:10:25.797,16624,16625,16623,4,-4
2022-06-08 15:10:26.008,16623,16625,16625,2,2
2022-06-08 15:10:28.872,16624,16625,16624,2,-2
2022-06-08 15:10:31.328,16624,16625,16624,1,-1
2022-06-08 15:10:34.153,16624,16625,16624,1,-1
2022-06-08 15:10:36.990,16623,16624,16624,1,1
2022-06-08 15:10:37.240,16624,16625,16624,1,-1
2022-06-08 15:10:38.023,16624,16625,16625,1,1
2022-06-08 15:10:38.204,16624,16625,16624,2,-2
2022-06-08 15:10:38.204,16624,16625,16625,1,1
2022-06-08 15:10:38.273,16624,16625,16624,5,-5
2022-06-08 15:10:38.273,16624,16625,16623,7,-7
2022-06-08 15:10:38.579,16624,16625,16624,1,-1
2022-06-08 15:10:38.679,16624,16625,16625,1,1
2022-06-08 15:10:40.207,16624,16625,16624,2,-2
2022-06-08 15:10:42.398,16624,16625,16624,2,-2
2022-06-08 15:10:42.398,16624,16625,16624,1,-1
2022-06-08 15:10:50.132,16624,16625,16624,2,-2
2022-06-08 15:10:51.692,16623,16625,16625,1,1
2022-06-08 15:11:00.190,16623,16624,16623,2,-2
2022-06-08 15:11:01.201,16623,16624,16624,1,1
2022-06-08 15:11:01.484,16623,16625,16623,5,-5
2022-06-08 15:11:03.040,16623,16624,16623,1,-1
2022-06-08 15:11:03.040,16623,16624,16622,1,-1
2022-06-08 15:11:03.980,16622,16624,16622,1,-1
2022-06-08 15:11:04.361,16622,16624,16622,1,-1
2022-06-08 15:11:05.756,16622,16624,16622,1,-1
2022-06-08 15:11:06.350,16623,16624,16623,1,-1
2022-06-08 15:11:08.319,16622,16624,16624,1,1
2022-06-08 15:11:11.126,16622,16623,16623,5,5
2022-06-08 15:11:15.835,16622,16624,16622,2,-2
2022-06-08 15:11:17.764,16622,16624,16624,1,1
2022-06-08 15:11:17.858,16622,16624,16624,1,1
2022-06-08 15:11:19.657,16623,16624,16624,3,3
2022-06-08 15:11:21.129,16623,16624,16623,8,-8
2022-06-08 15:11:23.476,16622,16624,16623,1,-1
2022-06-08 15:11:25.025,16623,16624,16623,1,-1
2022-06-08 15:11:25.025,16623,16624,16624,10,10
2022-06-08 15:11:25.389,16624,16625,16625,1,1
2022-06-08 15:11:25.397,16624,16625,16625,10,10
2022-06-08 15:11:25.675,16624,16626,16624,1,-1
2022-06-08 15:11:25.827,16624,16626,16624,1,-1
2022-06-08 15:11:26.802,16625,16626,16626,1,1
2022-06-08 15:11:28.183,16625,16627,16627,1,1
2022-06-08 15:11:28.632,16625,16627,16625,1,-1
2022-06-08 15:11:30.437,16626,16627,16627,1,1
2022-06-08 15:11:35.220,16627,16628,16627,1,-1
2022-06-08 15:11:36.041,16627,16628,16628,1,1
2022-06-08 15:11:38.310,16627,16628,16627,1,-1
2022-06-08 15:11:45.201,16626,16627,16627,1,1
2022-06-08 15:11:49.415,16626,16627,16626,1,-1
2022-06-08 15:11:51.859,16626,16627,16626,2,-2
2022-06-08 15:11:52.439,16625,16626,16626,1,1
2022-06-08 15:11:52.618,16625,16626,16625,2,-2
2022-06-08 15:11:52.695,16624,16626,16626,3,3
2022-06-08 15:11:53.540,16625,16626,16626,1,1
2022-06-08 15:11:57.899,16624,16626,16626,2,2
2022-06-08 15:12:02.475,16625,16626,16626,2,2
2022-06-08 15:12:02.908,16625,16627,16625,1,-1
2022-06-08 15:12:03.476,16625,16627,16627,1,1
2022-06-08 15:12:07.948,16626,16627,16627,4,4
2022-06-08 15:12:09.987,16627,16628,16628,1,1
2022-06-08 15:12:10.364,16627,16628,16628,1,1
2022-06-08 15:12:10.365,16627,16628,16628,1,1
2022-06-08 15:12:14.426,16627,16628,16628,1,1
2022-06-08 15:12:16.152,16628,16629,16629,1,1
2022-06-08 15:12:19.169,16628,16629,16629,1,1
2022-06-08 15:12:21.460,16628,16629,16628,1,-1
2022-06-08 15:12:22.538,16628,16629,16628,2,-2
2022-06-08 15:12:22.785,16627,16628,16627,5,-5
2022-06-08 15:12:24.335,16626,16627,16627,1,1
2022-06-08 15:12:25.633,16626,16627,16627,1,1
2022-06-08 15:12:27.964,16626,16627,16626,1,-1
2022-06-08 15:12:36.058,16626,16627,16626,11,-11
2022-06-08 15:12:36.059,16626,16627,16626,1,-1
2022-06-08 15:12:38.569,16625,16627,16627,1,1
2022-06-08 15:12:39.510,16625,16627,16627,1,1
2022-06-08 15:12:40.401,16626,16627,16626,1,-1
2022-06-08 15:12:47.831,16625,16626,16625,1,-1
2022-06-08 15:12:48.474,16625,16626,16625,1,-1
2022-06-08 15:12:49.507,16625,16626,16625,2,-2
2022-06-08 15:12:50.985,16624,16625,16625,1,1
2022-06-08 15:12:54.023,16624,16625,16624,2,-2
2022-06-08 15:12:55.028,16623,16625,16625,1,1
2022-06-08 15:12:55.665,16623,16626,16625,2,2
2022-06-08 15:13:00.690,16625,16626,16626,1,1
2022-06-08 15:13:03.437,16625,16626,16626,1,1
2022-06-08 15:13:03.490,16625,16626,16626,1,1
2022-06-08 15:13:03.685,16626,16627,16627,1,1
2022-06-08 15:13:03.685,16626,16627,16627,1,1
2022-06-08 15:13:03.900,16626,16628,16626,3,-3
2022-06-08 15:13:07.744,16625,16626,16626,1,1
2022-06-08 15:13:10.531,16625,16626,16626,1,1
2022-06-08 15:13:11.047,16625,16626,16626,1,1
2022-06-08 15:13:15.600,16627,16628,16628,2,2
2022-06-08 15:13:18.426,16627,16628,16627,3,-3
2022-06-08 15:13:21.405,16626,16628,16628,8,8
2022-06-08 15:13:21.406,16626,16628,16628,1,1
2022-06-08 15:13:21.407,16626,16628,16628,3,3
2022-06-08 15:13:23.057,16627,16629,16629,1,1
2022-06-08 15:13:24.218,16627,16629,16629,1,1
2022-06-08 15:13:25.187,16627,16629,16628,1,1
2022-06-08 15:13:25.242,16627,16629,16628,1,1
2022-06-08 15:13:27.398,16628,16629,16629,13,13
2022-06-08 15:13:27.398,16628,16629,16629,1,1
2022-06-08 15:13:28.294,16629,16630,16630,1,1
2022-06-08 15:13:28.295,16629,16630,16630,3,3
2022-06-08 15:13:29.494,16630,16631,16631,1,1
2022-06-08 15:13:29.542,16630,16631,16631,1,1
2022-06-08 15:13:30.458,16630,16631,16631,1,1
2022-06-08 15:13:30.816,16630,16631,16630,1,-1
2022-06-08 15:13:31.744,16630,16631,16631,2,2
2022-06-08 15:13:31.744,16630,16631,16632,5,5
2022-06-08 15:13:31.816,16630,16632,16632,1,1
2022-06-08 15:13:32.312,16630,16632,16632,1,1
2022-06-08 15:13:32.545,16630,16632,16632,1,1
2022-06-08 15:13:33.036,16631,16632,16631,1,-1
2022-06-08 15:13:33.554,16631,16632,16632,1,1
2022-06-08 15:13:34.377,16631,16632,16632,1,1
2022-06-08 15:13:34.377,16631,16632,16632,4,4
2022-06-08 15:13:34.377,16631,16632,16632,2,2
2022-06-08 15:13:34.415,16632,16633,16633,1,1
2022-06-08 15:13:34.959,16632,16634,16632,9,-9
2022-06-08 15:13:35.623,16631,16632,16632,1,1
2022-06-08 15:13:35.653,16631,16633,16632,1,1
2022-06-08 15:13:37.479,16632,16633,16632,1,-1
2022-06-08 15:13:38.095,16630,16632,16632,1,1
2022-06-08 15:13:38.770,16630,16632,16632,1,1
2022-06-08 15:13:41.036,16631,16632,16632,1,1
2022-06-08 15:13:41.036,16631,16632,16633,9,9
2022-06-08 15:13:43.247,16631,16633,16633,1,1
2022-06-08 15:13:47.417,16631,16633,16632,1,1
2022-06-08 15:13:54.861,16632,16633,16632,4,-4
2022-06-08 15:13:57.048,16631,16632,16632,1,1
2022-06-08 15:13:57.049,16631,16632,16632,1,1
2022-06-08 15:13:58.114,16631,16632,16632,1,1
2022-06-08 15:13:58.429,16631,16632,16632,1,1
2022-06-08 15:13:58.977,16631,16632,16632,1,1
2022-06-08 15:14:02.707,16632,16633,16632,3,-3
2022-06-08 15:14:14.147,16632,16633,16633,4,4
2022-06-08 15:14:14.147,16632,16633,16633,1,1
2022-06-08 15:14:24.433,16633,16634,16633,2,-2
2022-06-08 15:14:24.434,16633,16634,16633,2,-2
2022-06-08 15:14:32.792,16633,16634,16633,1,-1
2022-06-08 15:14:34.053,16633,16634,16633,2,-2
2022-06-08 15:14:36.802,16633,16634,16633,5,-5
2022-06-08 15:14:46.765,16632,16633,16633,1,1
2022-06-08 15:14:46.766,16632,16633,16633,1,1
2022-06-08 15:14:50.574,16632,16633,16633,1,1
2022-06-08 15:14:53.761,16632,16633,16632,5,-5
2022-06-08 15:14:59.496,16631,16633,16632,1,-1
2022-06-08 15:15:00.263,16632,16633,16632,1,-1
2022-06-08 15:15:00.698,16631,16632,16632,3,3
2022-06-08 15:15:00.846,16631,16632,16631,11,-11
2022-06-08 15:15:01.309,16630,16631,16630,1,-1
2022-06-08 15:15:09.406,16630,16631,16630,1,-1
2022-06-08 15:15:12.937,16629,16630,16629,1,-1
2022-06-08 15:15:12.938,16629,16630,16629,1,-1
2022-06-08 15:15:13.158,16628,16629,16628,1,-1
2022-06-08 15:15:17.756,16628,16629,16629,1,1
2022-06-08 15:15:17.887,16629,16631,16629,1,-1
2022-06-08 15:15:19.362,16629,16631,16629,1,-1
2022-06-08 15:15:22.396,16629,16631,16629,1,-1
2022-06-08 15:15:28.253,16630,16632,16630,2,-2
2022-06-08 15:15:33.522,16630,16631,16630,1,-1
2022-06-08 15:15:41.501,16630,16631,16631,3,3
2022-06-08 15:15:41.501,16630,16631,16631,3,3
2022-06-08 15:15:50.070,16632,16633,16632,2,-2
2022-06-08 15:15:55.035,16632,16633,16632,2,-2
2022-06-08 15:15:56.201,16631,16632,16632,1,1
2022-06-08 15:15:58.750,16632,16633,16632,1,-1
2022-06-08 15:16:00.565,16631,16632,16632,1,1
2022-06-08 15:16:07.043,16631,16632,16632,1,1
2022-06-08 15:16:07.399,16632,16633,16632,1,-1
2022-06-08 15:16:07.447,16632,16633,16632,1,-1
2022-06-08 15:16:10.668,16632,16633,16633,5,5
2022-06-08 15:16:13.960,16633,16634,16633,1,-1
2022-06-08 15:16:14.473,16633,16634,16633,1,-1
2022-06-08 15:16:17.582,16632,16633,16633,1,1
2022-06-08 15:16:22.782,16633,16634,16633,1,-1
2022-06-08 15:16:24.635,16633,16634,16633,1,-1
2022-06-08 15:16:26.960,16633,16634,16634,1,1
2022-06-08 15:16:27.036,16633,16634,16634,1,1
2022-06-08 15:16:27.446,16633,16634,16633,1,-1
2022-06-08 15:16:28.537,16633,16634,16634,1,1
2022-06-08 15:16:28.834,16633,16634,16634,1,1
2022-06-08 15:16:29.196,16633,16634,16634,1,1
2022-06-08 15:16:32.503,16633,16634,16634,4,4
2022-06-08 15:16:32.503,16633,16634,16634,1,1
2022-06-08 15:16:32.503,16633,16634,16634,4,4
2022-06-08 15:16:32.554,16634,16635,16635,2,2
2022-06-08 15:16:35.248,16633,16635,16635,1,1
2022-06-08 15:16:37.038,16633,16635,16635,1,1
2022-06-08 15:16:37.224,16633,16635,16635,1,1
2022-06-08 15:16:41.339,16634,16635,16634,1,-1
2022-06-08 15:16:43.705,16633,16635,16635,1,1
2022-06-08 15:16:44.993,16634,16635,16635,5,5
2022-06-08 15:16:45.106,16635,16636,16636,1,1
2022-06-08 15:16:45.111,16635,16636,16636,1,1
2022-06-08 15:16:45.384,16636,16637,16637,1,1
2022-06-08 15:16:46.377,16636,16637,16637,1,1
2022-06-08 15:16:47.316,16636,16637,16637,2,2
2022-06-08 15:16:52.216,16636,16637,16637,1,1
2022-06-08 15:16:52.835,16636,16637,16636,2,-2
2022-06-08 15:16:52.835,16636,16637,16636,1,-1
2022-06-08 15:16:58.497,16636,16637,16636,3,-3
2022-06-08 15:16:58.737,16634,16636,16636,2,2
2022-06-08 15:16:59.681,16634,16636,16636,1,1
2022-06-08 15:17:14.285,16634,16635,16634,4,-4
2022-06-08 15:17:14.644,16633,16635,16635,1,1
2022-06-08 15:17:15.811,16633,16634,16634,1,1
2022-06-08 15:17:16.680,16633,16634,16634,1,1
2022-06-08 15:17:16.966,16633,16634,16633,2,-2
2022-06-08 15:17:16.967,16633,16634,16633,1,-1
2022-06-08 15:17:16.967,16633,16634,16633,1,-1
2022-06-08 15:17:16.967,16633,16634,16633,2,-2
2022-06-08 15:17:16.967,16633,16634,16633,3,-3
2022-06-08 15:17:18.547,16632,16634,16634,1,1
2022-06-08 15:17:21.469,16633,16634,16633,1,-1
2022-06-08 15:17:23.958,16633,16634,16633,1,-1
2022-06-08 15:17:29.599,16632,16633,16632,3,-3
2022-06-08 15:17:29.971,16632,16633,16632,1,-1
2022-06-08 15:17:35.650,16632,16633,16632,2,-2
2022-06-08 15:17:38.001,16632,16633,16632,4,-4
2022-06-08 15:17:42.761,16631,16632,16632,1,1
2022-06-08 15:17:42.761,16631,16632,16632,5,5
2022-06-08 15:17:55.395,16632,16633,16633,7,7
2022-06-08 15:17:56.080,16633,16635,16633,1,-1
2022-06-08 15:18:05.658,16633,16635,16633,5,-5
2022-06-08 15:18:10.508,16633,16635,16633,1,-1
2022-06-08 15:18:10.519,16633,16635,16634,1,-1
2022-06-08 15:18:10.524,16633,16635,16635,1,1
2022-06-08 15:18:13.254,16633,16634,16633,2,-2
2022-06-08 15:18:13.255,16633,16634,16633,1,-1
2022-06-08 15:18:26.573,16633,16634,16634,1,1
2022-06-08 15:18:27.373,16633,16635,16633,4,-4
2022-06-08 15:18:34.650,16632,16633,16633,1,1
2022-06-08 15:18:35.533,16633,16634,16633,1,-1
2022-06-08 15:18:35.888,16632,16634,16632,1,-1
2022-06-08 15:18:36.927,16632,16634,16632,2,-2
2022-06-08 15:18:36.928,16632,16634,16632,1,-1
2022-06-08 15:18:39.481,16631,16632,16632,2,2
2022-06-08 15:18:43.115,16633,16634,16633,1,-1
2022-06-08 15:18:43.951,16632,16634,16632,1,-1
2022-06-08 15:19:00.403,16632,16633,16632,4,-4
2022-06-08 15:19:02.167,16631,16633,16632,1,-1
2022-06-08 15:19:04.198,16631,16632,16632,1,1
2022-06-08 15:19:05.730,16631,16632,16631,1,-1
2022-06-08 15:19:05.730,16631,16632,16631,1,-1
2022-06-08 15:19:06.310,16630,16631,16630,5,-5
2022-06-08 15:19:06.975,16628,16630,16630,1,1
2022-06-08 15:19:17.263,16629,16630,16629,1,-1
2022-06-08 15:19:17.292,16629,16630,16629,2,-2
2022-06-08 15:19:19.892,16629,16630,16630,2,2
2022-06-08 15:19:19.892,16629,16630,16630,1,1
2022-06-08 15:19:21.819,16630,16631,16631,1,1
2022-06-08 15:19:21.819,16630,16631,16631,1,1
2022-06-08 15:19:23.078,16630,16632,16630,1,-1
2022-06-08 15:19:30.398,16630,16631,16630,2,-2
2022-06-08 15:19:31.094,16629,16630,16631,1,1
2022-06-08 15:19:41.938,16630,16632,16630,1,-1
2022-06-08 15:19:52.402,16629,16631,16631,2,2
2022-06-08 15:19:53.326,16629,16630,16629,2,-2
2022-06-08 15:19:53.327,16629,16630,16629,1,-1
2022-06-08 15:19:53.328,16629,16630,16629,1,-1
2022-06-08 15:19:59.021,16629,16631,16629,2,-2
2022-06-08 15:20:00.862,16629,16630,16629,1,-1
2022-06-08 15:20:09.671,16628,16629,16628,6,-6
2022-06-08 15:20:09.672,16628,16629,16628,1,-1
2022-06-08 15:20:10.130,16627,16628,16628,1,1
2022-06-08 15:20:10.266,16627,16628,16627,2,-2
2022-06-08 15:20:10.267,16627,16628,16627,2,-2
2022-06-08 15:20:12.783,16626,16628,16627,1,-1
2022-06-08 15:20:13.863,16626,16627,16626,2,-2
2022-06-08 15:20:13.863,16626,16627,16626,2,-2
2022-06-08 15:20:13.863,16626,16627,16626,2,-2
2022-06-08 15:20:13.863,16626,16627,16626,1,-1
2022-06-08 15:20:15.173,16626,16627,16626,1,-1
2022-06-08 15:20:15.173,16626,16627,16626,1,-1
2022-06-08 15:20:15.261,16626,16627,16626,1,-1
2022-06-08 15:20:15.892,16626,16627,16626,1,-1
2022-06-08 15:20:20.079,16626,16627,16627,1,1
2022-06-08 15:20:20.277,16627,16628,16627,1,-1
2022-06-08 15:20:22.865,16626,16627,16626,1,-1
2022-06-08 15:20:24.317,16626,16627,16627,3,3
2022-06-08 15:20:24.317,16626,16627,16627,6,6
2022-06-08 15:20:24.317,16626,16627,16627,4,4
2022-06-08 15:20:24.407,16627,16628,16628,1,1
2022-06-08 15:20:25.353,16627,16628,16628,1,1
2022-06-08 15:20:25.354,16627,16628,16628,1,1
2022-06-08 15:20:25.619,16628,16630,16630,2,2
2022-06-08 15:20:25.805,16628,16630,16628,3,-3
2022-06-08 15:20:26.028,16627,16629,16627,1,-1
2022-06-08 15:20:36.883,16628,16630,16630,1,1
2022-06-08 15:20:41.840,16629,16630,16630,1,1
2022-06-08 15:20:42.191,16629,16630,16630,1,1
2022-06-08 15:20:45.947,16629,16630,16630,2,2
2022-06-08 15:20:51.019,16630,16631,16630,2,-2
2022-06-08 15:20:55.062,16629,16630,16629,1,-1
2022-06-08 15:20:55.396,16628,16629,16628,3,-3
2022-06-08 15:20:55.590,16627,16628,16628,1,1
2022-06-08 15:21:00.125,16627,16628,16627,1,-1
2022-06-08 15:21:00.200,16626,16627,16627,1,1
2022-06-08 15:21:01.295,16626,16627,16626,1,-1
2022-06-08 15:21:03.110,16625,16626,16625,1,-1
2022-06-08 15:21:03.110,16625,16626,16625,7,-7
2022-06-08 15:21:03.110,16625,16626,16625,1,-1
2022-06-08 15:21:10.741,16624,16625,16624,5,-5
2022-06-08 15:21:11.605,16624,16625,16624,1,-1
2022-06-08 15:21:11.605,16624,16625,16624,3,-3
2022-06-08 15:21:14.101,16624,16625,16624,3,-3
2022-06-08 15:21:15.013,16624,16625,16624,1,-1
2022-06-08 15:21:15.013,16624,16625,16624,1,-1
2022-06-08 15:21:15.014,16624,16625,16624,1,-1
2022-06-08 15:21:15.533,16623,16624,16623,1,-1
2022-06-08 15:21:16.304,16623,16624,16624,1,1
2022-06-08 15:21:19.671,16623,16624,16624,2,2
2022-06-08 15:21:19.671,16623,16624,16624,1,1
2022-06-08 15:21:19.672,16623,16624,16624,1,1
2022-06-08 15:21:20.097,16624,16625,16624,1,-1
2022-06-08 15:21:21.135,16624,16625,16625,6,6
2022-06-08 15:21:22.525,16625,16626,16626,1,1
2022-06-08 15:21:27.835,16625,16626,16626,1,1
2022-06-08 15:21:27.835,16625,16626,16627,3,3
2022-06-08 15:21:31.167,16626,16628,16626,5,-5
2022-06-08 15:21:31.167,16626,16628,16626,1,-1
2022-06-08 15:21:32.856,16625,16626,16626,1,1
2022-06-08 15:21:33.364,16625,16626,16626,1,1
2022-06-08 15:21:34.027,16625,16626,16626,1,1
2022-06-08 15:21:35.113,16626,16627,16626,2,-2
2022-06-08 15:21:37.359,16624,16626,16626,1,1
2022-06-08 15:21:38.293,16625,16626,16626,1,1
2022-06-08 15:21:42.276,16625,16626,16625,3,-3
2022-06-08 15:21:47.933,16624,16625,16625,1,1
2022-06-08 15:21:47.933,16624,16625,16625,1,1
2022-06-08 15:21:49.488,16625,16626,16626,1,1
2022-06-08 15:21:49.488,16625,16626,16626,2,2
2022-06-08 15:21:49.782,16626,16627,16627,1,1
2022-06-08 15:21:54.614,16627,16628,16627,2,-2
2022-06-08 15:21:58.519,16626,16627,16626,2,-2
2022-06-08 15:21:59.054,16626,16627,16626,4,-4
2022-06-08 15:21:59.054,16626,16627,16626,1,-1
2022-06-08 15:21:59.732,16625,16626,16626,1,1
2022-06-08 15:22:02.627,16625,16626,16626,1,1
2022-06-08 15:22:05.384,16625,16626,16626,1,1
2022-06-08 15:22:09.306,16625,16626,16625,1,-1
2022-06-08 15:22:10.056,16624,16625,16625,1,1
2022-06-08 15:22:10.345,16624,16625,16624,4,-4
2022-06-08 15:22:10.345,16624,16625,16624,2,-2
2022-06-08 15:22:10.345,16624,16625,16624,4,-4
2022-06-08 15:22:11.156,16623,16625,16623,11,-11
2022-06-08 15:22:14.208,16622,16624,16624,1,1
2022-06-08 15:22:15.482,16623,16625,16625,1,1
2022-06-08 15:22:15.786,16623,16625,16623,1,-1
2022-06-08 15:22:17.264,16624,16625,16625,11,11
2022-06-08 15:22:22.764,16624,16625,16624,1,-1
2022-06-08 15:22:22.949,16624,16625,16625,1,1
2022-06-08 15:22:24.879,16623,16625,16625,1,1
2022-06-08 15:22:27.686,16623,16624,16624,1,1
2022-06-08 15:22:27.803,16623,16625,16623,4,-4
2022-06-08 15:22:27.803,16623,16625,16623,1,-1
2022-06-08 15:22:27.804,16623,16625,16623,3,-3
2022-06-08 15:22:27.804,16623,16625,16623,1,-1
2022-06-08 15:22:27.804,16623,16625,16623,3,-3
2022-06-08 15:22:27.809,16623,16625,16622,1,-1
2022-06-08 15:22:29.349,16623,16625,16624,2,-2
2022-06-08 15:22:29.349,16623,16625,16625,1,1
2022-06-08 15:22:31.522,16623,16624,16623,1,-1
2022-06-08 15:22:34.576,16622,16623,16622,2,-2
2022-06-08 15:22:35.523,16622,16623,16622,1,-1
2022-06-08 15:22:35.698,16622,16623,16622,2,-2
2022-06-08 15:22:35.770,16622,16623,16623,2,2
2022-06-08 15:22:35.770,16622,16623,16624,1,1
2022-06-08 15:22:36.074,16622,16624,16622,2,-2
2022-06-08 15:22:37.865,16623,16624,16623,1,-1
2022-06-08 15:22:37.867,16623,16624,16623,1,-1
2022-06-08 15:22:40.330,16622,16624,16623,2,-2
2022-06-08 15:22:40.750,16622,16624,16623,1,-1
2022-06-08 15:22:41.027,16622,16623,16623,1,1
2022-06-08 15:22:41.240,16623,16624,16623,1,-1
2022-06-08 15:22:41.924,16622,16624,16623,1,-1
2022-06-08 15:22:41.925,16622,16624,16623,1,-1
2022-06-08 15:22:42.190,16623,16624,16623,1,-1
2022-06-08 15:22:42.778,16623,16624,16623,1,-1
2022-06-08 15:22:42.802,16623,16624,16623,2,-2
2022-06-08 15:22:47.628,16622,16623,16622,1,-1
2022-06-08 15:22:51.720,16622,16623,16622,1,-1
2022-06-08 15:22:51.721,16622,16623,16622,5,-5
2022-06-08 15:22:52.656,16622,16623,16622,2,-2
2022-06-08 15:22:54.492,16622,16623,16622,2,-2
2022-06-08 15:22:54.497,16622,16623,16623,1,1
2022-06-08 15:22:54.930,16622,16623,16622,2,-2
2022-06-08 15:22:55.633,16622,16623,16622,1,-1
2022-06-08 15:22:56.203,16622,16623,16622,2,-2
2022-06-08 15:22:56.628,16622,16623,16622,2,-2
2022-06-08 15:22:58.153,16622,16623,16622,2,-2
2022-06-08 15:22:59.164,16621,16622,16621,5,-5
2022-06-08 15:22:59.296,16621,16622,16621,1,-1
2022-06-08 15:22:59.838,16621,16622,16622,1,1
2022-06-08 15:23:00.772,16621,16622,16622,1,1
2022-06-08 15:23:00.772,16621,16622,16622,1,1
2022-06-08 15:23:00.883,16621,16623,16621,1,-1
2022-06-08 15:23:00.884,16621,16623,16621,1,-1
2022-06-08 15:23:00.884,16621,16623,16621,2,-2
2022-06-08 15:23:00.884,16621,16623,16621,1,-1
2022-06-08 15:23:00.885,16621,16623,16621,1,-1
2022-06-08 15:23:02.775,16621,16622,16621,10,-10
2022-06-08 15:23:02.836,16621,16622,16621,1,-1
2022-06-08 15:23:03.585,16621,16622,16622,1,1
2022-06-08 15:23:04.230,16622,16623,16622,1,-1
2022-06-08 15:23:04.813,16622,16623,16622,1,-1
2022-06-08 15:23:04.890,16622,16623,16623,3,3
2022-06-08 15:23:05.612,16622,16624,16622,1,-1
2022-06-08 15:23:09.010,16623,16624,16623,1,-1
2022-06-08 15:23:09.171,16623,16624,16623,3,-3
2022-06-08 15:23:09.978,16622,16624,16622,2,-2
2022-06-08 15:23:11.037,16622,16623,16623,2,2
2022-06-08 15:23:11.134,16623,16624,16623,1,-1
2022-06-08 15:23:11.134,16623,16624,16622,1,-1
2022-06-08 15:23:12.606,16623,16624,16623,1,-1
2022-06-08 15:23:12.608,16623,16624,16623,1,-1
2022-06-08 15:23:16.215,16622,16623,16623,1,1
2022-06-08 15:23:17.085,16622,16623,16622,5,-5
2022-06-08 15:23:17.157,16621,16622,16622,1,1
2022-06-08 15:23:17.322,16621,16622,16622,1,1
2022-06-08 15:23:17.551,16621,16622,16622,2,2
2022-06-08 15:23:18.765,16621,16622,16621,2,-2
2022-06-08 15:23:18.769,16621,16622,16621,1,-1
2022-06-08 15:23:18.883,16620,16621,16620,1,-1
2022-06-08 15:23:19.073,16620,16621,16620,1,-1
2022-06-08 15:23:19.119,16620,16621,16620,2,-2
2022-06-08 15:23:19.148,16620,16621,16620,1,-1
2022-06-08 15:23:19.197,16620,16621,16620,1,-1
2022-06-08 15:23:19.203,16620,16621,16620,1,-1
2022-06-08 15:23:19.215,16620,16621,16620,1,-1
2022-06-08 15:23:19.237,16620,16621,16620,1,-1
2022-06-08 15:23:19.259,16620,16621,16620,1,-1
2022-06-08 15:23:19.332,16620,16621,16620,2,-2
2022-06-08 15:23:19.335,16620,16621,16620,9,-9
2022-06-08 15:23:19.335,16620,16621,16620,4,-4
2022-06-08 15:23:19.335,16620,16621,16620,1,-1
2022-06-08 15:23:19.364,16620,16621,16619,1,-1
2022-06-08 15:23:19.494,16619,16620,16619,2,-2
2022-06-08 15:23:19.502,16619,16620,16619,1,-1
2022-06-08 15:23:19.534,16619,16620,16619,1,-1
2022-06-08 15:23:19.546,16619,16620,16619,2,-2
2022-06-08 15:23:19.546,16619,16620,16619,2,-2
2022-06-08 15:23:19.547,16619,16620,16619,4,-4
2022-06-08 15:23:19.610,16619,16620,16620,3,3
2022-06-08 15:23:20.649,16619,16621,16621,3,3
2022-06-08 15:23:22.386,16619,16621,16621,1,1
2022-06-08 15:23:23.241,16619,16621,16619,1,-1
2022-06-08 15:23:24.230,16619,16621,16619,1,-1
2022-06-08 15:23:24.400,16619,16620,16619,1,-1
2022-06-08 15:23:26.059,16619,16620,16619,2,-2
2022-06-08 15:23:26.440,16618,16620,16619,1,-1
2022-06-08 15:23:29.586,16618,16619,16618,2,-2
2022-06-08 15:23:29.634,16618,16619,16618,1,-1
2022-06-08 15:23:29.634,16618,16619,16618,1,-1
2022-06-08 15:23:29.687,16618,16619,16618,3,-3
2022-06-08 15:23:29.688,16618,16619,16618,2,-2
2022-06-08 15:23:29.688,16618,16619,16618,11,-11
2022-06-08 15:23:29.690,16618,16619,16617,5,-5
2022-06-08 15:23:29.700,16618,16619,16617,2,-2
2022-06-08 15:23:29.704,16618,16619,16617,1,-1
2022-06-08 15:23:29.709,16618,16619,16617,1,-1
2022-06-08 15:23:29.722,16618,16619,16616,1,-1
2022-06-08 15:23:29.722,16618,16619,16616,1,-1
2022-06-08 15:23:29.729,16618,16619,16616,1,-1
2022-06-08 15:23:29.731,16618,16619,16616,1,-1
2022-06-08 15:23:29.732,16618,16619,16616,1,-1
2022-06-08 15:23:29.745,16618,16619,16616,1,-1
2022-06-08 15:23:29.747,16618,16619,16616,1,-1
2022-06-08 15:23:29.770,16616,16617,16616,1,-1
2022-06-08 15:23:29.777,16616,16617,16616,3,-3
2022-06-08 15:23:29.797,16616,16617,16615,2,-2
2022-06-08 15:23:29.895,16615,16617,16615,2,-2
2022-06-08 15:23:29.898,16615,16617,16615,2,-2
2022-06-08 15:23:29.898,16615,16617,16615,1,-1
2022-06-08 15:23:29.908,16615,16617,16615,1,-1
2022-06-08 15:23:29.911,16615,16617,16615,1,-1
2022-06-08 15:23:29.917,16615,16617,16615,1,-1
2022-06-08 15:23:29.932,16615,16617,16615,2,-2
2022-06-08 15:23:29.952,16615,16617,16615,2,-2
2022-06-08 15:23:29.952,16615,16617,16614,1,-1
2022-06-08 15:23:29.970,16615,16617,16614,1,-1
2022-06-08 15:23:29.972,16615,16617,16614,3,-3
2022-06-08 15:23:29.974,16615,16617,16614,1,-1
2022-06-08 15:23:30.016,16614,16616,16614,1,-1
2022-06-08 15:23:30.053,16614,16616,16614,1,-1
2022-06-08 15:23:30.078,16614,16616,16614,1,-1
2022-06-08 15:23:30.099,16614,16616,16614,1,-1
2022-06-08 15:23:30.110,16614,16616,16614,1,-1
2022-06-08 15:23:30.245,16614,16615,16614,1,-1
2022-06-08 15:23:30.253,16614,16615,16614,1,-1
2022-06-08 15:23:30.260,16614,16615,16614,2,-2
2022-06-08 15:23:30.261,16614,16615,16615,2,2
2022-06-08 15:23:30.261,16614,16615,16615,2,2
2022-06-08 15:23:30.304,16614,16615,16615,1,1
2022-06-08 15:23:30.304,16614,16615,16614,2,-2
2022-06-08 15:23:30.313,16614,16615,16614,2,-2
2022-06-08 15:23:30.314,16614,16615,16614,1,-1
2022-06-08 15:23:30.391,16615,16617,16615,1,-1
2022-06-08 15:23:30.410,16615,16617,16615,1,-1
2022-06-08 15:23:30.414,16615,16617,16616,1,-1
2022-06-08 15:23:30.490,16615,16617,16615,1,-1
2022-06-08 15:23:30.507,16615,16616,16615,1,-1
2022-06-08 15:23:30.532,16615,16616,16614,1,-1
2022-06-08 15:23:30.541,16615,16616,16614,1,-1
2022-06-08 15:23:30.731,16614,16615,16615,1,1
2022-06-08 15:23:30.778,16615,16616,16615,2,-2
2022-06-08 15:23:31.391,16615,16616,16615,1,-1
2022-06-08 15:23:31.535,16614,16616,16614,1,-1
2022-06-08 15:23:31.839,16614,16616,16614,1,-1
2022-06-08 15:23:32.001,16614,16616,16616,1,1
2022-06-08 15:23:32.751,16614,16616,16615,1,1
2022-06-08 15:23:32.994,16615,16616,16615,2,-2
2022-06-08 15:23:33.839,16614,16616,16617,1,1
2022-06-08 15:23:33.862,16614,16616,16615,1,1
2022-06-08 15:23:34.854,16615,16616,16615,1,-1
2022-06-08 15:23:35.522,16615,16616,16615,1,-1
2022-06-08 15:23:35.571,16615,16616,16615,1,-1
2022-06-08 15:23:35.728,16615,16616,16615,6,-6
2022-06-08 15:23:35.728,16615,16616,16614,4,-4
2022-06-08 15:23:35.818,16614,16616,16614,1,-1
2022-06-08 15:23:36.321,16614,16615,16615,1,1
2022-06-08 15:23:36.383,16614,16616,16614,1,-1
2022-06-08 15:23:36.384,16614,16616,16614,1,-1
2022-06-08 15:23:36.384,16614,16616,16614,1,-1
2022-06-08 15:23:36.413,16614,16616,16613,1,-1
2022-06-08 15:23:36.532,16613,16615,16614,1,-1
2022-06-08 15:23:36.556,16613,16615,16614,1,-1
2022-06-08 15:23:36.596,16613,16615,16614,1,-1
2022-06-08 15:23:36.611,16613,16615,16614,2,-2
2022-06-08 15:23:36.611,16613,16615,16613,11,-11
2022-06-08 15:23:36.699,16613,16615,16613,1,-1
2022-06-08 15:23:36.878,16613,16615,16612,1,-1
2022-06-08 15:23:36.891,16612,16614,16614,3,3
2022-06-08 15:23:36.902,16612,16614,16614,2,2
2022-06-08 15:23:37.006,16614,16616,16614,1,-1
2022-06-08 15:23:37.006,16614,16616,16613,1,-1
2022-06-08 15:23:37.016,16614,16616,16613,1,-1
2022-06-08 15:23:37.038,16614,16616,16613,3,-3
2022-06-08 15:23:37.069,16614,16616,16613,1,-1
2022-06-08 15:23:37.121,16614,16616,16614,1,-1
2022-06-08 15:23:37.145,16614,16616,16614,1,-1
2022-06-08 15:23:37.148,16614,16616,16614,1,-1
2022-06-08 15:23:37.164,16614,16616,16614,1,-1
2022-06-08 15:23:37.256,16613,16615,16613,5,-5
2022-06-08 15:23:37.261,16613,16615,16613,1,-1
2022-06-08 15:23:37.265,16613,16615,16613,1,-1
2022-06-08 15:23:37.307,16613,16615,16613,1,-1
2022-06-08 15:23:37.307,16613,16615,16612,1,-1
2022-06-08 15:23:37.358,16613,16615,16612,2,-2
2022-06-08 15:23:37.360,16613,16615,16612,1,-1
2022-06-08 15:23:37.486,16612,16614,16614,1,1
2022-06-08 15:23:37.493,16612,16614,16613,1,1
2022-06-08 15:23:37.559,16613,16615,16613,1,-1
2022-06-08 15:23:37.815,16613,16615,16613,1,-1
2022-06-08 15:23:37.844,16613,16615,16613,5,-5
2022-06-08 15:23:37.916,16613,16615,16613,1,-1
2022-06-08 15:23:38.373,16613,16615,16613,1,-1
2022-06-08 15:23:38.566,16613,16615,16613,1,-1
2022-06-08 15:23:38.592,16613,16615,16613,1,-1
2022-06-08 15:23:38.635,16612,16614,16614,3,3
2022-06-08 15:23:38.641,16612,16614,16613,1,1
2022-06-08 15:23:39.167,16613,16614,16613,1,-1
2022-06-08 15:23:39.799,16613,16614,16615,1,1
2022-06-08 15:23:39.825,16613,16614,16613,2,-2
2022-06-08 15:23:40.144,16613,16615,16613,2,-2
2022-06-08 15:23:40.446,16612,16614,16614,1,1
2022-06-08 15:23:40.978,16612,16614,16612,1,-1
2022-06-08 15:23:41.285,16613,16615,16613,1,-1
2022-06-08 15:23:41.372,16613,16615,16613,2,-2
2022-06-08 15:23:41.820,16613,16615,16613,1,-1
2022-06-08 15:23:41.914,16612,16615,16614,2,2
2022-06-08 15:23:42.269,16613,16615,16614,2,2
2022-06-08 15:23:42.613,16613,16615,16613,2,-2
2022-06-08 15:23:42.616,16613,16615,16614,1,-1
2022-06-08 15:23:42.665,16613,16615,16613,1,-1
2022-06-08 15:23:42.777,16613,16615,16613,1,-1
2022-06-08 15:23:42.793,16613,16615,16613,1,-1
2022-06-08 15:23:44.467,16613,16615,16615,1,1
2022-06-08 15:23:44.492,16613,16615,16614,2,2
2022-06-08 15:23:46.442,16614,16616,16615,2,2
2022-06-08 15:23:47.097,16614,16616,16614,2,-2
2022-06-08 15:23:47.683,16614,16616,16615,2,-2
2022-06-08 15:23:48.030,16614,16616,16615,2,-2
2022-06-08 15:23:48.767,16614,16616,16614,1,-1
2022-06-08 15:23:48.921,16613,16616,16614,1,-1
2022-06-08 15:23:49.009,16613,16616,16614,1,-1
2022-06-08 15:23:49.227,16614,16616,16615,2,-2
2022-06-08 15:23:49.408,16614,16616,16614,1,-1
2022-06-08 15:23:50.423,16613,16615,16613,2,-2
2022-06-08 15:23:50.844,16613,16615,16613,2,-2
2022-06-08 15:23:52.356,16614,16615,16614,5,-5
2022-06-08 15:23:53.327,16614,16615,16615,6,6
2022-06-08 15:23:54.050,16614,16616,16615,2,2
2022-06-08 15:23:54.200,16614,16616,16614,2,-2
2022-06-08 15:23:57.356,16614,16615,16615,1,1
2022-06-08 15:23:57.356,16614,16615,16615,3,3
2022-06-08 15:23:58.117,16615,16616,16615,2,-2
2022-06-08 15:23:58.134,16614,16616,16614,1,-1
2022-06-08 15:23:58.471,16614,16616,16616,1,1
2022-06-08 15:23:58.749,16614,16615,16615,2,2
2022-06-08 15:24:02.153,16614,16615,16615,1,1
2022-06-08 15:24:02.259,16614,16615,16614,1,-1
2022-06-08 15:24:02.260,16614,16615,16614,1,-1
2022-06-08 15:24:02.260,16614,16615,16614,2,-2
2022-06-08 15:24:02.260,16614,16615,16614,1,-1
2022-06-08 15:24:02.260,16614,16615,16614,1,-1
2022-06-08 15:24:02.273,16614,16615,16614,1,-1
2022-06-08 15:24:02.356,16614,16615,16615,1,1
2022-06-08 15:24:02.400,16613,16615,16613,2,-2
2022-06-08 15:24:02.414,16613,16615,16613,2,-2
2022-06-08 15:24:02.488,16613,16615,16613,2,-2
2022-06-08 15:24:02.577,16613,16614,16613,1,-1
2022-06-08 15:24:02.836,16613,16614,16614,1,1
2022-06-08 15:24:03.160,16613,16615,16613,2,-2
2022-06-08 15:24:03.258,16613,16615,16613,1,-1
2022-06-08 15:24:03.553,16614,16615,16614,2,-2
2022-06-08 15:24:04.605,16614,16615,16614,2,-2
2022-06-08 15:24:06.830,16613,16614,16613,1,-1
2022-06-08 15:24:07.051,16613,16614,16614,1,1
2022-06-08 15:24:07.133,16613,16614,16613,1,-1
2022-06-08 15:24:07.133,16613,16614,16613,1,-1
2022-06-08 15:24:07.134,16613,16614,16613,1,-1
2022-06-08 15:24:07.135,16613,16614,16613,2,-2
2022-06-08 15:24:07.289,16613,16614,16613,1,-1
2022-06-08 15:24:07.383,16613,16614,16614,2,2
2022-06-08 15:24:07.383,16613,16614,16613,2,-2
2022-06-08 15:24:07.723,16613,16614,16613,1,-1
2022-06-08 15:24:07.963,16613,16614,16613,3,-3
2022-06-08 15:24:07.963,16613,16614,16612,1,-1
2022-06-08 15:24:08.848,16612,16613,16612,2,-2
2022-06-08 15:24:10.989,16612,16613,16613,1,1
2022-06-08 15:24:11.055,16612,16613,16613,1,1
2022-06-08 15:24:11.241,16612,16614,16614,2,2
2022-06-08 15:24:11.423,16613,16615,16615,3,3
2022-06-08 15:24:12.026,16613,16615,16614,2,2
2022-06-08 15:24:12.979,16613,16615,16614,3,3
2022-06-08 15:24:13.081,16613,16615,16614,2,2
2022-06-08 15:24:13.580,16614,16615,16615,2,2
2022-06-08 15:24:14.242,16615,16616,16615,2,-2
2022-06-08 15:24:15.143,16614,16615,16615,2,2
2022-06-08 15:24:15.796,16615,16616,16616,7,7
2022-06-08 15:24:15.797,16615,16616,16616,1,1
2022-06-08 15:24:16.097,16616,16617,16616,2,-2
2022-06-08 15:24:16.439,16616,16617,16617,1,1
2022-06-08 15:24:16.439,16616,16617,16617,2,2
2022-06-08 15:24:16.865,16617,16619,16619,1,1
2022-06-08 15:24:17.055,16617,16619,16619,1,1
2022-06-08 15:24:17.573,16617,16619,16617,1,-1
2022-06-08 15:24:18.428,16617,16619,16619,1,1
2022-06-08 15:24:18.508,16617,16619,16617,1,-1
2022-06-08 15:24:18.508,16617,16619,16617,1,-1
2022-06-08 15:24:18.865,16617,16618,16618,1,1
2022-06-08 15:24:20.211,16617,16618,16618,1,1
2022-06-08 15:24:20.419,16617,16618,16617,1,-1
2022-06-08 15:24:23.035,16616,16617,16617,1,1
2022-06-08 15:24:24.448,16616,16617,16617,1,1
2022-06-08 15:24:26.617,16616,16617,16617,1,1
2022-06-08 15:24:28.152,16617,16618,16617,1,-1
2022-06-08 15:24:28.258,16616,16617,16616,1,-1
2022-06-08 15:24:28.258,16616,16617,16616,1,-1
2022-06-08 15:24:28.258,16616,16617,16615,1,-1
2022-06-08 15:24:28.258,16616,16617,16615,1,-1
2022-06-08 15:24:28.259,16616,16617,16615,1,-1
2022-06-08 15:24:28.290,16616,16617,16617,1,1
2022-06-08 15:24:33.308,16616,16617,16617,3,3
2022-06-08 15:24:35.519,16617,16618,16618,1,1
2022-06-08 15:24:35.519,16617,16618,16618,4,4
2022-06-08 15:24:35.520,16617,16618,16618,9,9
2022-06-08 15:24:35.601,16617,16618,16617,2,-2
2022-06-08 15:24:39.265,16617,16619,16617,1,-1
2022-06-08 15:24:39.384,16617,16619,16617,1,-1
2022-06-08 15:24:43.543,16617,16619,16619,1,1
2022-06-08 15:24:44.923,16617,16618,16618,2,2
2022-06-08 15:24:47.606,16617,16618,16618,1,1
2022-06-08 15:24:47.633,16617,16618,16617,1,-1
2022-06-08 15:24:49.481,16617,16618,16617,2,-2
2022-06-08 15:24:53.019,16617,16618,16617,2,-2
2022-06-08 15:24:53.720,16617,16618,16617,2,-2
2022-06-08 15:24:54.191,16617,16618,16617,2,-2
2022-06-08 15:24:54.321,16617,16618,16617,1,-1
2022-06-08 15:24:54.650,16617,16618,16617,2,-2
2022-06-08 15:24:55.060,16617,16618,16617,2,-2
2022-06-08 15:24:55.529,16617,16618,16617,2,-2
2022-06-08 15:24:55.891,16617,16618,16617,2,-2
2022-06-08 15:24:56.449,16617,16618,16618,3,3
2022-06-08 15:24:56.881,16617,16619,16617,1,-1
2022-06-08 15:24:57.560,16617,16619,16617,1,-1
2022-06-08 15:24:59.082,16617,16618,16618,1,1
2022-06-08 15:25:01.210,16618,16619,16618,2,-2
2022-06-08 15:25:01.261,16617,16619,16617,1,-1
2022-06-08 15:25:01.261,16617,16619,16617,1,-1
2022-06-08 15:25:01.261,16617,16619,16617,1,-1
2022-06-08 15:25:01.261,16617,16619,16617,1,-1
2022-06-08 15:25:02.312,16617,16618,16617,2,-2
2022-06-08 15:25:02.384,16617,16618,16617,1,-1
2022-06-08 15:25:02.902,16616,16617,16617,1,1
2022-06-08 15:25:03.295,16616,16617,16617,1,1
2022-06-08 15:25:03.295,16616,16617,16618,2,2
2022-06-08 15:25:04.276,16617,16618,16617,1,-1
2022-06-08 15:25:04.424,16617,16618,16617,1,-1
2022-06-08 15:25:04.424,16617,16618,16617,1,-1
2022-06-08 15:25:05.601,16616,16618,16617,2,-2
2022-06-08 15:25:06.975,16617,16618,16617,2,-2
2022-06-08 15:25:07.920,16617,16618,16617,2,-2
2022-06-08 15:25:10.197,16617,16618,16617,2,-2
2022-06-08 15:25:10.831,16617,16618,16618,4,4
2022-06-08 15:25:10.831,16617,16618,16618,1,1
2022-06-08 15:25:11.029,16617,16619,16617,1,-1
2022-06-08 15:25:12.296,16617,16618,16618,2,2
2022-06-08 15:25:12.297,16617,16618,16618,2,2
2022-06-08 15:25:12.465,16618,16619,16618,1,-1
2022-06-08 15:25:12.465,16618,16619,16617,1,-1
2022-06-08 15:25:13.315,16617,16619,16618,2,-2
2022-06-08 15:25:14.269,16617,16618,16618,3,3
2022-06-08 15:25:15.601,16617,16619,16618,2,2
2022-06-08 15:25:16.785,16618,16619,16618,2,-2
2022-06-08 15:25:18.885,16618,16619,16618,2,-2
2022-06-08 15:25:19.560,16618,16619,16618,2,-2
2022-06-08 15:25:19.561,16618,16619,16618,3,-3
2022-06-08 15:25:19.633,16617,16619,16617,1,-1
2022-06-08 15:25:21.836,16617,16618,16618,2,2
2022-06-08 15:25:22.065,16617,16619,16619,2,2
2022-06-08 15:25:28.637,16617,16618,16618,1,1
2022-06-08 15:25:32.256,16617,16618,16617,2,-2
2022-06-08 15:25:33.555,16617,16618,16617,2,-2
2022-06-08 15:25:36.633,16617,16618,16617,1,-1
2022-06-08 15:25:36.633,16617,16618,16617,1,-1
2022-06-08 15:25:38.640,16617,16618,16618,1,1
2022-06-08 15:25:38.758,16617,16618,16617,1,-1
2022-06-08 15:25:41.105,16616,16617,16616,2,-2
2022-06-08 15:25:44.932,16616,16617,16616,1,-1
2022-06-08 15:25:44.932,16616,16617,16616,5,-5
2022-06-08 15:25:44.933,16616,16617,16616,1,-1
2022-06-08 15:25:45.734,16615,16616,16615,3,-3
2022-06-08 15:25:47.426,16615,16616,16616,1,1
2022-06-08 15:25:50.364,16616,16617,16616,1,-1
2022-06-08 15:25:52.544,16616,16617,16616,2,-2
2022-06-08 15:25:55.411,16615,16616,16616,2,2
2022-06-08 15:25:57.464,16616,16617,16616,2,-2
2022-06-08 15:26:00.053,16615,16616,16616,2,2
2022-06-08 15:26:00.134,16615,16617,16615,1,-1
2022-06-08 15:26:00.307,16615,16617,16615,1,-1
2022-06-08 15:26:00.328,16615,16617,16615,1,-1
2022-06-08 15:26:00.351,16615,16617,16615,1,-1
2022-06-08 15:26:01.130,16615,16617,16617,2,2
2022-06-08 15:26:01.542,16615,16617,16615,1,-1
2022-06-08 15:26:02.233,16615,16617,16615,5,-5
2022-06-08 15:26:03.337,16615,16616,16615,2,-2
2022-06-08 15:26:03.338,16615,16616,16615,21,-21
2022-06-08 15:26:03.338,16615,16616,16615,1,-1
2022-06-08 15:26:03.338,16615,16616,16615,1,-1
2022-06-08 15:26:03.338,16615,16616,16615,3,-3
2022-06-08 15:26:03.338,16615,16616,16615,4,-4
2022-06-08 15:26:03.338,16615,16616,16615,4,-4
2022-06-08 15:26:03.338,16615,16616,16615,1,-1
2022-06-08 15:26:03.338,16615,16616,16615,3,-3
2022-06-08 15:26:03.338,16615,16616,16615,5,-5
2022-06-08 15:26:03.338,16615,16616,16615,1,-1
2022-06-08 15:26:04.450,16614,16615,16614,10,-10
2022-06-08 15:26:05.013,16613,16614,16614,1,1
2022-06-08 15:26:05.013,16613,16614,16615,1,1
2022-06-08 15:26:05.777,16613,16614,16614,1,1
2022-06-08 15:26:05.777,16613,16614,16615,1,1
2022-06-08 15:26:08.336,16614,16615,16614,2,-2
2022-06-08 15:26:09.212,16614,16615,16614,2,-2
2022-06-08 15:26:09.876,16614,16615,16614,2,-2
2022-06-08 15:26:11.015,16614,16615,16614,2,-2
2022-06-08 15:26:11.472,16614,16615,16614,2,-2
2022-06-08 15:26:11.537,16613,16615,16615,1,1
2022-06-08 15:26:12.358,16613,16614,16613,1,-1
2022-06-08 15:26:17.820,16613,16614,16613,3,-3
2022-06-08 15:26:19.966,16613,16614,16613,1,-1
2022-06-08 15:26:19.966,16613,16614,16613,2,-2
2022-06-08 15:26:19.967,16613,16614,16613,1,-1
2022-06-08 15:26:19.967,16613,16614,16613,12,-12
2022-06-08 15:26:19.967,16613,16614,16613,1,-1
2022-06-08 15:26:20.009,16612,16613,16612,1,-1
2022-06-08 15:26:20.440,16612,16614,16612,2,-2
2022-06-08 15:26:20.512,16612,16613,16612,1,-1
2022-06-08 15:26:20.572,16612,16613,16612,1,-1
2022-06-08 15:26:20.642,16612,16613,16612,1,-1
2022-06-08 15:26:20.970,16612,16613,16612,1,-1
2022-06-08 15:26:21.094,16612,16613,16612,1,-1
2022-06-08 15:26:21.102,16612,16613,16612,1,-1
2022-06-08 15:26:21.119,16612,16613,16612,1,-1
2022-06-08 15:26:21.120,16612,16613,16612,7,-7
2022-06-08 15:26:21.120,16612,16613,16612,2,-2
2022-06-08 15:26:21.120,16612,16613,16612,1,-1
2022-06-08 15:26:21.120,16612,16613,16612,1,-1
2022-06-08 15:26:21.120,16612,16613,16612,1,-1
2022-06-08 15:26:21.120,16612,16613,16612,4,-4
2022-06-08 15:26:21.120,16612,16613,16612,1,-1
2022-06-08 15:26:21.120,16612,16613,16612,1,-1
2022-06-08 15:26:21.120,16612,16613,16612,2,-2
2022-06-08 15:26:23.832,16611,16613,16611,3,-3
2022-06-08 15:26:23.974,16611,16613,16611,1,-1
2022-06-08 15:26:24.039,16611,16613,16611,13,-13
2022-06-08 15:26:24.072,16611,16613,16612,1,-1
2022-06-08 15:26:24.134,16611,16612,16611,8,-8
2022-06-08 15:26:24.137,16611,16612,16610,9,-9
2022-06-08 15:26:24.170,16611,16612,16610,1,-1
2022-06-08 15:26:24.218,16611,16612,16610,1,-1
2022-06-08 15:26:24.243,16611,16612,16610,1,-1
2022-06-08 15:26:24.259,16610,16611,16610,15,-15
2022-06-08 15:26:24.259,16610,16611,16610,1,-1
2022-06-08 15:26:24.259,16610,16611,16610,4,-4
2022-06-08 15:26:24.259,16610,16611,16610,6,-6
2022-06-08 15:26:24.260,16610,16611,16610,2,-2
2022-06-08 15:26:24.260,16610,16611,16610,1,-1
2022-06-08 15:26:24.260,16610,16611,16610,1,-1
2022-06-08 15:26:24.260,16610,16611,16610,1,-1
2022-06-08 15:26:24.260,16610,16611,16610,1,-1
2022-06-08 15:26:24.260,16610,16611,16610,9,-9
2022-06-08 15:26:24.260,16610,16611,16610,4,-4
2022-06-08 15:26:24.260,16610,16611,16610,10,-10
2022-06-08 15:26:24.260,16610,16611,16610,1,-1
2022-06-08 15:26:24.314,16610,16611,16610,3,-3
2022-06-08 15:26:24.314,16610,16611,16611,7,7
2022-06-08 15:26:24.314,16610,16611,16612,2,2
2022-06-08 15:26:24.368,16610,16611,16610,1,-1
2022-06-08 15:26:24.370,16610,16611,16610,1,-1
2022-06-08 15:26:24.370,16610,16611,16610,1,-1
2022-06-08 15:26:24.370,16610,16611,16610,1,-1
2022-06-08 15:26:24.371,16610,16611,16610,1,-1
2022-06-08 15:26:24.371,16610,16611,16610,1,-1
2022-06-08 15:26:24.371,16610,16611,16610,1,-1
2022-06-08 15:26:24.491,16610,16611,16610,2,-2
2022-06-08 15:26:24.514,16610,16611,16610,2,-2
2022-06-08 15:26:24.696,16610,16612,16610,2,-2
2022-06-08 15:26:24.802,16610,16612,16610,1,-1
2022-06-08 15:26:26.705,16611,16613,16613,1,1
2022-06-08 15:26:26.911,16612,16614,16612,1,-1
2022-06-08 15:26:27.006,16611,16613,16612,1,-1
2022-06-08 15:26:27.068,16611,16613,16614,4,4
2022-06-08 15:26:27.391,16612,16614,16612,4,-4
2022-06-08 15:26:29.089,16612,16614,16613,1,-1
2022-06-08 15:26:32.072,16613,16614,16613,2,-2
2022-06-08 15:26:33.039,16613,16614,16613,2,-2
2022-06-08 15:26:33.623,16612,16614,16614,2,2
2022-06-08 15:26:34.991,16613,16614,16613,1,-1
2022-06-08 15:26:35.372,16613,16614,16613,4,-4
2022-06-08 15:26:35.372,16613,16614,16612,1,-1
2022-06-08 15:26:35.604,16613,16614,16613,2,-2
2022-06-08 15:26:37.010,16613,16614,16614,2,2
2022-06-08 15:26:37.133,16613,16615,16615,1,1
2022-06-08 15:26:38.059,16614,16615,16614,1,-1
2022-06-08 15:26:38.424,16614,16615,16615,5,5
2022-06-08 15:26:38.831,16615,16616,16615,1,-1
2022-06-08 15:26:38.831,16615,16616,16614,1,-1
2022-06-08 15:26:40.108,16614,16615,16614,1,-1
2022-06-08 15:26:40.357,16614,16615,16615,1,1
2022-06-08 15:26:40.570,16614,16615,16614,2,-2
2022-06-08 15:26:40.728,16614,16615,16615,1,1
2022-06-08 15:26:50.124,16614,16615,16615,1,1
2022-06-08 15:26:50.725,16614,16615,16615,1,1
2022-06-08 15:26:50.725,16614,16615,16615,4,4
2022-06-08 15:26:50.749,16614,16615,16616,1,1
2022-06-08 15:26:50.749,16614,16615,16616,3,3
2022-06-08 15:26:52.418,16616,16617,16616,2,-2
2022-06-08 15:26:52.930,16616,16617,16616,2,-2
2022-06-08 15:26:52.991,16616,16617,16616,1,-1
2022-06-08 15:26:52.991,16616,16617,16615,1,-1
2022-06-08 15:26:53.607,16615,16617,16616,2,-2
2022-06-08 15:26:56.129,16615,16616,16615,2,-2
2022-06-08 15:26:57.257,16615,16616,16615,2,-2
2022-06-08 15:26:58.791,16615,16616,16615,1,-1
2022-06-08 15:27:00.672,16614,16615,16615,1,1
2022-06-08 15:27:01.840,16614,16615,16614,11,-11
2022-06-08 15:27:03.615,16613,16614,16614,1,1
2022-06-08 15:27:03.945,16613,16615,16613,2,-2
2022-06-08 15:27:04.896,16614,16615,16614,2,-2
2022-06-08 15:27:05.265,16614,16615,16614,2,-2
2022-06-08 15:27:05.586,16614,16615,16614,1,-1
2022-06-08 15:27:07.527,16614,16615,16614,2,-2
2022-06-08 15:27:08.438,16614,16615,16615,1,1
2022-06-08 15:27:08.438,16614,16615,16615,2,2
2022-06-08 15:27:09.783,16615,16616,16615,2,-2
2022-06-08 15:27:11.254,16614,16615,16615,1,1
2022-06-08 15:27:11.254,16614,16615,16615,1,1
2022-06-08 15:27:13.032,16614,16616,16616,1,1
2022-06-08 15:27:15.152,16615,16616,16616,2,2
2022-06-08 15:27:15.153,16615,16616,16616,3,3
2022-06-08 15:27:18.534,16616,16617,16616,1,-1
2022-06-08 15:27:19.201,16616,16617,16617,1,1
2022-06-08 15:27:22.408,16616,16617,16617,2,2
2022-06-08 15:27:23.874,16617,16618,16617,2,-2
2022-06-08 15:27:24.346,16617,16618,16617,2,-2
2022-06-08 15:27:24.711,16617,16618,16618,3,3
2022-06-08 15:27:25.646,16617,16618,16617,2,-2
2022-06-08 15:27:26.918,16617,16618,16617,2,-2
2022-06-08 15:27:27.943,16617,16618,16617,2,-2
2022-06-08 15:27:28.351,16617,16618,16617,2,-2
2022-06-08 15:27:32.137,16617,16618,16618,2,2
2022-06-08 15:27:32.169,16617,16618,16618,1,1
2022-06-08 15:27:32.232,16617,16618,16617,2,-2
2022-06-08 15:27:32.333,16616,16618,16618,1,1
2022-06-08 15:27:32.625,16617,16619,16617,2,-2
2022-06-08 15:27:33.415,16616,16618,16617,2,-2
2022-06-08 15:27:33.415,16616,16618,16618,1,1
2022-06-08 15:27:36.052,16616,16618,16618,1,1
2022-06-08 15:27:37.017,16616,16617,16617,1,1
2022-06-08 15:27:37.017,16616,16617,16617,1,1
2022-06-08 15:27:37.107,16616,16617,16618,1,1
2022-06-08 15:27:37.220,16617,16618,16618,4,4
2022-06-08 15:27:45.147,16617,16618,16618,2,2
2022-06-08 15:27:45.163,16617,16618,16618,2,2
2022-06-08 15:27:45.486,16617,16618,16617,1,-1
2022-06-08 15:27:47.011,16617,16618,16617,2,-2
2022-06-08 15:27:49.076,16617,16618,16618,3,3
2022-06-08 15:27:51.254,16618,16619,16618,2,-2
2022-06-08 15:27:51.629,16618,16619,16618,2,-2
2022-06-08 15:27:52.297,16618,16619,16618,2,-2
2022-06-08 15:27:53.413,16618,16619,16618,2,-2
2022-06-08 15:27:53.664,16618,16619,16619,4,4
2022-06-08 15:27:53.665,16618,16619,16619,5,5
2022-06-08 15:27:55.418,16618,16620,16620,1,1
2022-06-08 15:27:55.529,16618,16620,16620,2,2
2022-06-08 15:27:55.651,16619,16620,16620,4,4
2022-06-08 15:27:55.651,16619,16620,16621,1,1
2022-06-08 15:27:55.779,16619,16621,16621,1,1
2022-06-08 15:27:58.464,16619,16620,16620,1,1
2022-06-08 15:28:00.376,16619,16620,16620,1,1
2022-06-08 15:28:01.181,16620,16621,16621,1,1
2022-06-08 15:28:02.257,16620,16621,16621,6,6
2022-06-08 15:28:02.516,16621,16622,16621,2,-2
2022-06-08 15:28:03.756,16621,16622,16621,1,-1
2022-06-08 15:28:03.879,16621,16622,16622,2,2
2022-06-08 15:28:04.185,16621,16622,16621,1,-1
2022-06-08 15:28:04.486,16621,16622,16622,2,2
2022-06-08 15:28:06.687,16621,16622,16622,1,1
2022-06-08 15:28:12.696,16621,16622,16622,1,1
2022-06-08 15:28:13.755,16621,16622,16622,3,3
2022-06-08 15:28:13.756,16621,16622,16622,1,1
2022-06-08 15:28:14.079,16622,16623,16622,1,-1
2022-06-08 15:28:14.185,16622,16623,16622,1,-1
2022-06-08 15:28:15.340,16622,16623,16622,1,-1
2022-06-08 15:28:16.142,16621,16622,16622,1,1
2022-06-08 15:28:18.517,16621,16622,16622,2,2
2022-06-08 15:28:21.057,16621,16622,16622,1,1
2022-06-08 15:28:21.350,16621,16622,16622,1,1
2022-06-08 15:28:22.150,16621,16622,16621,1,-1
2022-06-08 15:28:22.150,16621,16622,16621,4,-4
2022-06-08 15:28:22.150,16621,16622,16621,14,-14
2022-06-08 15:28:22.213,16621,16622,16620,1,-1
2022-06-08 15:28:22.213,16621,16622,16620,4,-4
2022-06-08 15:28:22.213,16621,16622,16620,1,-1
2022-06-08 15:28:22.213,16621,16622,16620,4,-4
2022-06-08 15:28:22.321,16620,16621,16621,1,1
2022-06-08 15:28:25.586,16620,16621,16621,1,1
2022-06-08 15:28:26.404,16620,16621,16621,1,1
2022-06-08 15:28:27.839,16620,16621,16620,3,-3
2022-06-08 15:28:27.839,16620,16621,16619,5,-5
2022-06-08 15:28:29.394,16618,16620,16620,1,1
2022-06-08 15:28:30.424,16619,16620,16620,1,1
2022-06-08 15:28:30.736,16619,16620,16620,1,1
2022-06-08 15:28:34.934,16620,16622,16620,1,-1
2022-06-08 15:28:43.393,16619,16620,16620,2,2
2022-06-08 15:28:43.567,16619,16621,16619,1,-1
2022-06-08 15:28:45.647,16619,16621,16619,1,-1
2022-06-08 15:28:47.769,16619,16620,16620,2,2
2022-06-08 15:28:48.020,16620,16621,16621,2,2
2022-06-08 15:28:54.756,16621,16622,16622,6,6
2022-06-08 15:28:55.016,16622,16623,16622,1,-1
2022-06-08 15:28:56.025,16621,16623,16623,1,1
2022-06-08 15:28:56.225,16621,16623,16623,1,1
2022-06-08 15:28:56.238,16621,16623,16622,1,1
2022-06-08 15:29:04.202,16622,16623,16622,1,-1
2022-06-08 15:29:05.447,16622,16623,16622,1,-1
2022-06-08 15:29:12.598,16622,16623,16622,1,-1
2022-06-08 15:29:12.599,16622,16623,16622,1,-1
2022-06-08 15:29:15.894,16622,16623,16622,1,-1
2022-06-08 15:29:26.259,16621,16622,16622,7,7
2022-06-08 15:29:30.553,16622,16623,16623,4,4
2022-06-08 15:29:30.553,16622,16623,16623,1,1
2022-06-08 15:29:30.553,16622,16623,16623,2,2
2022-06-08 15:29:30.553,16622,16623,16623,4,4
2022-06-08 15:29:30.553,16622,16623,16623,3,3
2022-06-08 15:29:33.954,16623,16624,16623,1,-1
2022-06-08 15:29:36.149,16622,16623,16622,1,-1
2022-06-08 15:29:36.190,16622,16623,16622,2,-2
2022-06-08 15:29:36.191,16622,16623,16622,1,-1
2022-06-08 15:29:36.191,16622,16623,16622,1,-1
2022-06-08 15:29:42.865,16622,16623,16622,2,-2
2022-06-08 15:29:46.733,16621,16622,16622,1,1
2022-06-08 15:29:48.034,16621,16622,16621,4,-4
2022-06-08 15:29:48.034,16621,16622,16621,1,-1
2022-06-08 15:29:48.034,16621,16622,16621,1,-1
2022-06-08 15:29:50.968,16620,16621,16621,1,1
2022-06-08 15:29:51.231,16620,16621,16620,12,-12
2022-06-08 15:29:51.232,16620,16621,16620,1,-1
2022-06-08 15:29:53.009,16619,16620,16619,1,-1
2022-06-08 15:29:53.728,16618,16619,16619,1,1
2022-06-08 15:29:54.220,16618,16619,16619,2,2
2022-06-08 15:29:56.914,16618,16620,16620,4,4
2022-06-08 15:29:56.914,16618,16620,16621,1,1
2022-06-08 15:29:59.897,16619,16620,16620,2,2
2022-06-08 15:29:59.897,16619,16620,16621,8,8
2022-06-08 15:30:01.037,16619,16621,16621,1,1
2022-06-08 15:30:01.466,16619,16621,16621,1,1
2022-06-08 15:30:01.538,16619,16621,16621,5,5
2022-06-08 15:30:01.620,16619,16621,16620,3,3
2022-06-08 15:30:01.758,16619,16621,16619,5,-5
2022-06-08 15:30:01.758,16619,16621,16619,5,-5
2022-06-08 15:30:01.932,16619,16621,16619,1,-1
2022-06-08 15:30:02.296,16619,16621,16621,1,1
2022-06-08 15:30:36.053,16620,16621,16621,1,1
2022-06-08 15:30:37.777,16620,16621,16621,4,4
2022-06-08 15:30:39.099,16621,16622,16621,5,-5
2022-06-08 15:30:39.337,16620,16621,16621,4,4
2022-06-08 15:30:39.337,16620,16621,16621,1,1
2022-06-08 15:30:41.637,16621,16622,16622,4,4
2022-06-08 15:30:41.638,16621,16622,16622,1,1
2022-06-08 15:30:41.638,16621,16622,16622,1,1
2022-06-08 15:30:43.021,16622,16623,16622,1,-1
2022-06-08 15:30:43.558,16622,16623,16622,4,-4
2022-06-08 15:30:44.444,16621,16623,16623,1,1
2022-06-08 15:30:45.623,16621,16623,16623,1,1
2022-06-08 15:30:48.228,16621,16623,16623,1,1
2022-06-08 15:30:49.508,16622,16623,16622,1,-1
2022-06-08 15:30:54.115,16622,16623,16623,1,1
2022-06-08 15:30:59.976,16622,16623,16622,1,-1
2022-06-08 15:31:01.210,16621,16623,16623,1,1
2022-06-08 15:31:02.996,16622,16623,16622,2,-2
2022-06-08 15:31:03.008,16621,16623,16623,1,1
2022-06-08 15:31:05.215,16621,16623,16621,1,-1
2022-06-08 15:31:05.215,16621,16623,16621,3,-3
2022-06-08 15:31:05.721,16620,16621,16621,1,1
2022-06-08 15:31:23.766,16621,16622,16622,2,2
2022-06-08 15:31:38.758,16621,16622,16621,1,-1
2022-06-08 15:31:39.775,16620,16621,16620,1,-1
2022-06-08 15:31:39.775,16620,16621,16620,5,-5
2022-06-08 15:31:39.775,16620,16621,16620,1,-1
2022-06-08 15:31:39.775,16620,16621,16620,2,-2
2022-06-08 15:31:40.318,16618,16620,16620,4,4
2022-06-08 15:31:40.318,16618,16620,16621,1,1
2022-06-08 15:31:48.557,16620,16621,16620,1,-1
2022-06-08 15:31:55.770,16619,16620,16619,1,-1
2022-06-08 15:31:55.770,16619,16620,16619,3,-3
2022-06-08 15:31:57.640,16618,16619,16618,10,-10
2022-06-08 15:31:58.398,16618,16619,16619,2,2
2022-06-08 15:32:02.197,16619,16620,16620,3,3
2022-06-08 15:32:02.198,16619,16620,16620,3,3
2022-06-08 15:32:02.530,16620,16621,16620,1,-1
2022-06-08 15:32:02.544,16620,16621,16620,1,-1
2022-06-08 15:32:02.554,16620,16621,16620,1,-1
2022-06-08 15:32:02.569,16620,16621,16620,1,-1
2022-06-08 15:32:03.140,16618,16620,16618,1,-1
2022-06-08 15:32:05.652,16619,16620,16619,1,-1
2022-06-08 15:32:07.861,16619,16620,16619,1,-1
2022-06-08 15:32:08.411,16619,16620,16619,2,-2
2022-06-08 15:32:09.868,16619,16620,16619,1,-1
2022-06-08 15:32:16.720,16619,16620,16620,1,1
2022-06-08 15:32:16.720,16619,16620,16620,1,1
2022-06-08 15:32:16.721,16619,16620,16620,5,5
2022-06-08 15:32:16.721,16619,16620,16620,2,2
2022-06-08 15:32:16.721,16619,16620,16620,3,3
2022-06-08 15:32:16.721,16619,16620,16620,1,1
2022-06-08 15:32:16.721,16619,16620,16620,1,1
2022-06-08 15:32:16.721,16619,16620,16620,3,3
2022-06-08 15:32:17.681,16620,16621,16620,1,-1
2022-06-08 15:32:25.495,16619,16620,16620,1,1
2022-06-08 15:32:26.664,16619,16620,16619,1,-1
2022-06-08 15:32:28.940,16618,16620,16620,1,1
2022-06-08 15:32:35.021,16619,16620,16619,1,-1
2022-06-08 15:32:37.789,16619,16620,16619,1,-1
2022-06-08 15:32:44.397,16618,16620,16618,1,-1
2022-06-08 15:32:48.092,16619,16620,16620,1,1
2022-06-08 15:32:48.092,16619,16620,16620,2,2
2022-06-08 15:32:50.141,16619,16620,16620,1,1
2022-06-08 15:33:08.657,16620,16621,16621,1,1
2022-06-08 15:33:08.776,16620,16621,16621,1,1
2022-06-08 15:33:20.535,16621,16622,16621,1,-1
2022-06-08 15:33:27.423,16621,16622,16621,1,-1
2022-06-08 15:33:42.787,16621,16622,16621,2,-2
2022-06-08 15:33:51.156,16621,16622,16621,1,-1
2022-06-08 15:33:51.215,16621,16622,16621,2,-2
2022-06-08 15:34:09.433,16621,16622,16621,1,-1
2022-06-08 15:34:20.017,16621,16622,16622,3,3
2022-06-08 15:34:20.018,16621,16622,16622,1,1
2022-06-08 15:34:20.018,16621,16622,16622,1,1
2022-06-08 15:34:20.018,16621,16622,16622,1,1
2022-06-08 15:34:20.187,16621,16623,16621,2,-2
2022-06-08 15:34:39.968,16621,16622,16621,1,-1
2022-06-08 15:34:44.381,16621,16622,16621,1,-1
2022-06-08 15:34:47.709,16621,16622,16621,1,-1
2022-06-08 15:34:59.377,16621,16622,16621,5,-5
2022-06-08 15:34:59.379,16621,16622,16621,1,-1
2022-06-08 15:35:06.131,16620,16621,16621,5,5
2022-06-08 15:35:07.276,16621,16622,16622,1,1
2022-06-08 15:35:10.438,16621,16622,16622,1,1
2022-06-08 15:35:13.400,16621,16622,16621,1,-1
2022-06-08 15:35:31.957,16621,16622,16621,1,-1
2022-06-08 15:35:31.957,16621,16622,16621,4,-4
2022-06-08 15:35:31.957,16621,16622,16621,1,-1
2022-06-08 15:35:31.958,16621,16622,16621,1,-1
2022-06-08 15:35:31.958,16621,16622,16621,1,-1
2022-06-08 15:35:36.997,16620,16622,16622,1,1
2022-06-08 15:35:38.233,16620,16622,16621,1,1
2022-06-08 15:35:38.255,16620,16621,16621,1,1
2022-06-08 15:35:38.396,16620,16621,16620,2,-2
2022-06-08 15:35:38.700,16620,16621,16620,7,-7
2022-06-08 15:35:38.701,16620,16621,16620,2,-2
2022-06-08 15:35:40.710,16619,16621,16621,1,1
2022-06-08 15:35:43.591,16619,16621,16619,1,-1
2022-06-08 15:35:44.540,16619,16621,16619,1,-1
2022-06-08 15:35:49.685,16619,16620,16619,2,-2
2022-06-08 15:35:49.788,16619,16620,16619,1,-1
2022-06-08 15:35:52.469,16619,16620,16619,1,-1
2022-06-08 15:35:57.516,16619,16620,16620,2,2
2022-06-08 15:36:05.483,16619,16621,16619,4,-4
2022-06-08 15:36:05.485,16619,16621,16619,1,-1
2022-06-08 15:36:05.602,16618,16619,16618,3,-3
2022-06-08 15:36:05.602,16618,16619,16618,5,-5
2022-06-08 15:36:05.602,16618,16619,16618,1,-1
2022-06-08 15:36:05.602,16618,16619,16618,6,-6
2022-06-08 15:36:06.211,16617,16618,16618,4,4
2022-06-08 15:36:06.289,16617,16619,16617,1,-1
2022-06-08 15:36:07.226,16617,16619,16619,2,2
2022-06-08 15:36:17.483,16617,16618,16618,1,1
2022-06-08 15:36:19.454,16617,16618,16617,2,-2
2022-06-08 15:36:19.454,16617,16618,16617,25,-25
2022-06-08 15:36:19.456,16617,16618,16616,1,-1
2022-06-08 15:36:19.456,16617,16618,16616,1,-1
2022-06-08 15:36:19.456,16617,16618,16616,14,-14
2022-06-08 15:36:19.457,16617,16618,16616,1,-1
2022-06-08 15:36:19.730,16615,16616,16615,1,-1
2022-06-08 15:36:21.094,16615,16616,16615,2,-2
2022-06-08 15:36:21.094,16615,16616,16615,3,-3
2022-06-08 15:36:21.094,16615,16616,16615,1,-1
2022-06-08 15:36:21.095,16615,16616,16615,6,-6
2022-06-08 15:36:21.097,16615,16616,16615,1,-1
2022-06-08 15:36:21.118,16615,16616,16614,1,-1
2022-06-08 15:36:21.234,16614,16615,16614,2,-2
2022-06-08 15:36:22.130,16614,16615,16614,1,-1
2022-06-08 15:36:23.051,16614,16615,16614,1,-1
2022-06-08 15:36:24.459,16614,16615,16614,1,-1
2022-06-08 15:36:25.626,16614,16615,16614,1,-1
2022-06-08 15:36:25.644,16614,16615,16614,1,-1
2022-06-08 15:36:27.822,16614,16615,16615,1,1
2022-06-08 15:36:28.494,16614,16615,16615,1,1
2022-06-08 15:36:28.616,16614,16615,16614,1,-1
2022-06-08 15:36:29.712,16614,16615,16614,1,-1
2022-06-08 15:36:29.712,16614,16615,16614,3,-3
2022-06-08 15:36:29.712,16614,16615,16614,1,-1
2022-06-08 15:36:34.964,16614,16615,16614,1,-1
2022-06-08 15:36:35.475,16614,16615,16614,1,-1
2022-06-08 15:36:37.943,16613,16614,16614,1,1
2022-06-08 15:36:41.031,16614,16615,16615,2,2
2022-06-08 15:36:45.303,16616,16617,16616,1,-1
2022-06-08 15:36:47.229,16616,16617,16617,1,1
2022-06-08 15:36:57.388,16618,16619,16618,1,-1
2022-06-08 15:36:58.267,16618,16619,16618,1,-1
2022-06-08 15:36:59.877,16618,16619,16619,1,1
2022-06-08 15:36:59.877,16618,16619,16619,1,1
2022-06-08 15:36:59.877,16618,16619,16619,1,1
2022-06-08 15:37:15.976,16619,16620,16620,4,4
2022-06-08 15:37:16.285,16619,16621,16619,3,-3
2022-06-08 15:37:18.261,16619,16621,16619,1,-1
2022-06-08 15:37:19.200,16619,16620,16620,1,1
2022-06-08 15:37:23.462,16619,16620,16619,1,-1
2022-06-08 15:37:25.581,16618,16619,16618,1,-1
2022-06-08 15:37:29.855,16618,16619,16618,1,-1
2022-06-08 15:37:35.098,16618,16619,16619,1,1
2022-06-08 15:37:35.824,16618,16620,16618,1,-1
2022-06-08 15:37:48.499,16618,16619,16618,1,-1
2022-06-08 15:37:48.872,16617,16618,16618,1,1
2022-06-08 15:37:55.811,16617,16618,16618,1,1
2022-06-08 15:37:55.811,16617,16618,16618,1,1
2022-06-08 15:38:01.766,16618,16619,16618,1,-1
2022-06-08 15:38:02.391,16618,16619,16618,1,-1
2022-06-08 15:38:12.310,16617,16618,16618,3,3
2022-06-08 15:38:13.789,16618,16619,16618,1,-1
2022-06-08 15:38:17.453,16618,16619,16619,1,1
2022-06-08 15:38:18.918,16619,16620,16620,3,3
2022-06-08 15:38:18.918,16619,16620,16620,2,2
2022-06-08 15:38:18.918,16619,16620,16620,4,4
2022-06-08 15:38:19.501,16619,16621,16619,1,-1
2022-06-08 15:38:31.790,16620,16621,16620,1,-1
2022-06-08 15:38:41.195,16619,16620,16620,1,1
2022-06-08 15:38:54.128,16620,16621,16621,5,5
2022-06-08 15:38:56.392,16620,16621,16621,1,1
2022-06-08 15:39:00.188,16621,16622,16622,1,1
2022-06-08 15:39:00.278,16621,16622,16622,1,1
2022-06-08 15:39:00.615,16621,16622,16622,1,1
2022-06-08 15:39:01.016,16621,16622,16622,1,1
2022-06-08 15:39:01.016,16621,16622,16622,1,1
2022-06-08 15:39:01.016,16621,16622,16622,1,1
2022-06-08 15:39:01.266,16622,16623,16622,1,-1
2022-06-08 15:39:01.412,16621,16623,16622,1,-1
2022-06-08 15:39:02.079,16621,16623,16623,3,3
2022-06-08 15:39:02.749,16621,16623,16623,1,1
2022-06-08 15:39:04.346,16621,16623,16623,1,1
2022-06-08 15:39:07.150,16620,16622,16622,1,1
2022-06-08 15:39:09.368,16621,16623,16623,2,2
2022-06-08 15:39:12.714,16620,16622,16622,1,1
2022-06-08 15:39:17.474,16620,16622,16622,1,1
2022-06-08 15:39:19.698,16621,16622,16622,3,3
2022-06-08 15:39:29.451,16622,16623,16622,1,-1
2022-06-08 15:39:35.309,16622,16623,16623,4,4
2022-06-08 15:39:35.309,16622,16623,16623,1,1
2022-06-08 15:39:35.309,16622,16623,16623,1,1
2022-06-08 15:39:35.309,16622,16623,16623,5,5
2022-06-08 15:39:35.309,16622,16623,16623,1,1
2022-06-08 15:39:37.066,16623,16624,16623,1,-1
2022-06-08 15:39:40.188,16622,16623,16623,1,1
2022-06-08 15:39:41.617,16622,16624,16622,6,-6
2022-06-08 15:39:41.618,16622,16624,16622,1,-1
2022-06-08 15:39:41.618,16622,16624,16623,1,-1
2022-06-08 15:39:41.720,16622,16623,16622,1,-1
2022-06-08 15:39:41.721,16622,16623,16622,1,-1
2022-06-08 15:39:41.889,16621,16623,16623,2,2
2022-06-08 15:39:43.994,16622,16623,16623,1,1
2022-06-08 15:39:50.608,16622,16623,16623,4,4
2022-06-08 15:39:53.920,16622,16623,16623,2,2
2022-06-08 15:39:55.749,16623,16624,16624,10,10
2022-06-08 15:39:55.863,16624,16625,16625,5,5
2022-06-08 15:39:55.863,16624,16625,16625,1,1
2022-06-08 15:39:57.480,16625,16626,16626,1,1
2022-06-08 15:39:57.533,16625,16626,16626,1,1
2022-06-08 15:39:57.599,16625,16626,16626,1,1
2022-06-08 15:39:59.260,16625,16626,16626,1,1
2022-06-08 15:39:59.493,16625,16626,16626,1,1
2022-06-08 15:40:00.199,16625,16626,16626,2,2
2022-06-08 15:40:00.376,16625,16627,16627,1,1
2022-06-08 15:40:00.428,16625,16627,16627,1,1
2022-06-08 15:40:03.342,16625,16627,16627,1,1
2022-06-08 15:40:05.314,16626,16627,16626,1,-1
2022-06-08 15:40:05.778,16626,16627,16627,1,1
2022-06-08 15:40:08.185,16626,16627,16627,1,1
2022-06-08 15:40:08.569,16626,16627,16626,1,-1
2022-06-08 15:40:09.422,16626,16627,16627,1,1
2022-06-08 15:40:09.948,16626,16627,16627,1,1
2022-06-08 15:40:11.283,16626,16627,16626,1,-1
2022-06-08 15:40:14.288,16626,16627,16627,10,10
2022-06-08 15:40:14.589,16627,16628,16627,1,-1
2022-06-08 15:40:14.710,16627,16628,16628,4,4
2022-06-08 15:40:14.710,16627,16628,16628,1,1
2022-06-08 15:40:17.485,16628,16629,16629,1,1
2022-06-08 15:40:17.568,16627,16629,16629,2,2
2022-06-08 15:40:19.464,16628,16629,16629,1,1
2022-06-08 15:40:20.191,16628,16629,16629,2,2
2022-06-08 15:40:20.476,16628,16629,16629,3,3
2022-06-08 15:40:21.832,16629,16630,16629,1,-1
2022-06-08 15:40:24.797,16629,16630,16630,1,1
2022-06-08 15:40:24.943,16629,16630,16630,1,1
2022-06-08 15:40:24.948,16629,16630,16630,5,5
2022-06-08 15:40:26.544,16629,16630,16629,2,-2
2022-06-08 15:40:27.593,16629,16630,16629,2,-2
2022-06-08 15:40:27.942,16629,16630,16630,1,1
2022-06-08 15:40:28.886,16629,16630,16629,1,-1
2022-06-08 15:40:32.024,16628,16629,16629,2,2
2022-06-08 15:40:37.650,16629,16630,16629,1,-1
2022-06-08 15:40:37.825,16629,16630,16629,1,-1
2022-06-08 15:40:38.000,16629,16630,16630,1,1
2022-06-08 15:40:39.854,16629,16630,16629,1,-1
2022-06-08 15:40:40.195,16629,16630,16630,1,1
2022-06-08 15:40:43.054,16629,16630,16630,1,1
2022-06-08 15:40:46.137,16629,16630,16629,2,-2
2022-06-08 15:40:46.148,16629,16630,16629,1,-1
2022-06-08 15:40:46.148,16629,16630,16629,1,-1
2022-06-08 15:40:46.148,16629,16630,16629,1,-1
2022-06-08 15:40:46.272,16628,16629,16629,5,5
2022-06-08 15:40:52.664,16628,16629,16628,1,-1
2022-06-08 15:40:58.851,16628,16629,16629,1,1
2022-06-08 15:41:00.188,16628,16629,16629,1,1
2022-06-08 15:41:02.941,16628,16629,16629,2,2
2022-06-08 15:41:06.181,16628,16629,16628,1,-1
2022-06-08 15:41:06.991,16628,16629,16628,1,-1
2022-06-08 15:41:09.251,16628,16629,16629,4,4
2022-06-08 15:41:13.665,16629,16630,16630,1,1
2022-06-08 15:41:18.939,16629,16630,16629,1,-1
2022-06-08 15:41:20.188,16629,16630,16630,1,1
2022-06-08 15:41:20.720,16629,16630,16630,1,1
2022-06-08 15:41:22.610,16629,16630,16630,1,1
2022-06-08 15:41:24.045,16629,16630,16630,10,10
2022-06-08 15:41:24.046,16629,16630,16630,10,10
2022-06-08 15:41:33.974,16630,16631,16630,1,-1
2022-06-08 15:41:34.431,16630,16631,16631,1,1
2022-06-08 15:41:38.713,16630,16631,16631,2,2
2022-06-08 15:41:38.713,16630,16631,16631,5,5
2022-06-08 15:41:39.623,16630,16632,16630,4,-4
2022-06-08 15:41:39.783,16630,16631,16631,1,1
2022-06-08 15:41:40.399,16630,16631,16631,1,1
2022-06-08 15:41:41.653,16630,16631,16631,1,1
2022-06-08 15:41:41.673,16630,16631,16631,1,1
2022-06-08 15:41:46.125,16630,16632,16632,1,1
2022-06-08 15:41:49.673,16630,16631,16631,1,1
2022-06-08 15:41:50.896,16630,16631,16631,1,1
2022-06-08 15:41:55.365,16631,16632,16631,1,-1
2022-06-08 15:42:00.045,16630,16631,16631,1,1
2022-06-08 15:42:00.537,16631,16632,16632,1,1
2022-06-08 15:42:02.751,16631,16632,16632,1,1
2022-06-08 15:42:06.070,16631,16632,16632,4,4
2022-06-08 15:42:13.223,16631,16632,16632,5,5
2022-06-08 15:42:13.385,16631,16632,16632,1,1
2022-06-08 15:42:14.638,16631,16632,16632,1,1
2022-06-08 15:42:19.734,16631,16632,16632,1,1
2022-06-08 15:42:23.977,16631,16632,16632,2,2
2022-06-08 15:42:23.977,16631,16632,16632,5,5
2022-06-08 15:42:24.521,16632,16633,16632,1,-1
2022-06-08 15:42:25.146,16632,16633,16633,1,1
2022-06-08 15:42:28.878,16631,16632,16632,2,2
2022-06-08 15:42:30.952,16632,16633,16632,1,-1
2022-06-08 15:42:38.806,16632,16633,16633,3,3
2022-06-08 15:42:43.505,16632,16633,16632,3,-3
2022-06-08 15:42:43.505,16632,16633,16632,5,-5
2022-06-08 15:42:43.505,16632,16633,16632,1,-1
2022-06-08 15:42:43.505,16632,16633,16632,1,-1
2022-06-08 15:42:43.505,16632,16633,16632,2,-2
2022-06-08 15:42:43.520,16632,16633,16631,1,-1
2022-06-08 15:42:43.521,16632,16633,16631,8,-8
2022-06-08 15:42:43.521,16632,16633,16631,1,-1
2022-06-08 15:42:43.521,16632,16633,16631,4,-4
2022-06-08 15:42:49.613,16630,16631,16631,1,1
2022-06-08 15:42:54.415,16630,16631,16631,1,1
2022-06-08 15:43:02.413,16630,16631,16630,4,-4
2022-06-08 15:43:02.414,16630,16631,16630,1,-1
2022-06-08 15:43:02.414,16630,16631,16630,2,-2
2022-06-08 15:43:02.414,16630,16631,16630,1,-1
2022-06-08 15:43:02.414,16630,16631,16630,1,-1
2022-06-08 15:43:02.414,16630,16631,16630,6,-6
2022-06-08 15:43:02.414,16630,16631,16630,1,-1
2022-06-08 15:43:02.414,16630,16631,16630,1,-1
2022-06-08 15:43:02.414,16630,16631,16630,4,-4
2022-06-08 15:43:02.414,16630,16631,16630,3,-3
2022-06-08 15:43:03.466,16629,16630,16629,4,-4
2022-06-08 15:43:11.458,16628,16630,16628,1,-1
2022-06-08 15:43:14.442,16628,16630,16628,1,-1
2022-06-08 15:43:15.062,16628,16630,16629,1,-1
2022-06-08 15:43:16.970,16628,16629,16628,1,-1
2022-06-08 15:43:17.869,16628,16629,16628,6,-6
2022-06-08 15:43:19.672,16628,16629,16628,1,-1
2022-06-08 15:43:20.310,16628,16629,16629,1,1
2022-06-08 15:43:22.984,16628,16629,16629,1,1
2022-06-08 15:43:28.687,16628,16629,16628,1,-1
2022-06-08 15:43:31.057,16628,16629,16628,1,-1
2022-06-08 15:43:31.956,16627,16629,16629,1,1
2022-06-08 15:43:33.908,16628,16629,16629,1,1
2022-06-08 15:43:37.349,16628,16629,16628,1,-1
2022-06-08 15:43:37.350,16628,16629,16628,1,-1
2022-06-08 15:43:37.350,16628,16629,16628,1,-1
2022-06-08 15:43:38.453,16628,16629,16628,1,-1
2022-06-08 15:43:39.482,16627,16629,16628,1,-1
2022-06-08 15:43:44.980,16627,16628,16628,1,1
2022-06-08 15:43:46.329,16628,16629,16628,1,-1
2022-06-08 15:43:47.289,16628,16629,16629,8,8
2022-06-08 15:43:47.289,16628,16629,16629,2,2
2022-06-08 15:43:49.129,16628,16630,16628,1,-1
2022-06-08 15:43:58.074,16628,16629,16629,1,1
2022-06-08 15:43:59.287,16629,16630,16629,5,-5
2022-06-08 15:44:00.470,16628,16630,16628,1,-1
2022-06-08 15:44:05.717,16628,16630,16630,1,1
2022-06-08 15:44:09.566,16628,16630,16628,1,-1
2022-06-08 15:44:10.246,16628,16630,16630,3,3
