2023-03-07 15:00:00,15862,15862,15862,182,0
2023-03-07 15:00:00,15862,15862,15862,2,0
2023-03-07 15:00:00,15862,15862,15862,2,0
2023-03-07 15:00:00,15863,15863,15863,4,4
2023-03-07 15:00:00,15863,15863,15863,2,0
2023-03-07 15:00:00,15863,15863,15863,2,0
2023-03-07 15:00:00,15863,15863,15863,12,0
2023-03-07 15:00:00,15864,15864,15864,2,2
2023-03-07 15:00:00,15862,15862,15862,2,-2
2023-03-07 15:00:00,15862,15862,15862,2,0
2023-03-07 15:00:00,15862,15862,15862,2,0
2023-03-07 15:00:00,15861,15861,15861,2,-2
2023-03-07 15:00:00,15861,15861,15861,2,0
2023-03-07 15:00:00,15861,15861,15861,20,0
2023-03-07 15:00:00,15861,15861,15861,2,0
2023-03-07 15:00:00,15861,15861,15861,4,0
2023-03-07 15:00:00,15861,15861,15861,2,0
2023-03-07 15:00:00,15861,15861,15861,2,0
2023-03-07 15:00:00,15861,15861,15861,2,0
2023-03-07 15:00:00,15861,15861,15861,2,0
2023-03-07 15:00:00,15861,15861,15861,2,0
2023-03-07 15:00:00,15861,15861,15861,2,0
2023-03-07 15:00:00,15861,15861,15861,2,0
2023-03-07 15:00:00,15861,15861,15861,2,0
2023-03-07 15:00:00,15861,15861,15861,2,0
2023-03-07 15:00:00,15864,15864,15864,4,4
2023-03-07 15:00:00,15862,15862,15862,2,-2
2023-03-07 15:00:00,15861,15861,15861,2,-2
2023-03-07 15:00:00,15862,15862,15862,2,2
2023-03-07 15:00:00,15863,15863,15863,6,6
2023-03-07 15:00:00,15864,15864,15864,14,14
2023-03-07 15:00:00,15862,15862,15862,2,-2
2023-03-07 15:00:00,15864,15864,15864,2,2
2023-03-07 15:00:00,15865,15865,15865,2,2
2023-03-07 15:00:00,15865,15865,15865,8,0
2023-03-07 15:00:01,15865,15865,15865,2,0
2023-03-07 15:00:01,15865,15865,15865,4,0
2023-03-07 15:00:01,15866,15866,15866,8,8
2023-03-07 15:00:01,15866,15866,15866,4,0
2023-03-07 15:00:01,15867,15867,15867,4,4
2023-03-07 15:00:01,15865,15865,15865,2,-2
2023-03-07 15:00:01,15865,15865,15865,2,0
2023-03-07 15:00:01,15865,15865,15865,2,0
2023-03-07 15:00:01,15864,15864,15864,8,-8
2023-03-07 15:00:01,15864,15864,15864,2,0
2023-03-07 15:00:01,15864,15864,15864,2,0
2023-03-07 15:00:01,15864,15864,15864,2,0
2023-03-07 15:00:01,15864,15864,15864,2,0
2023-03-07 15:00:01,15863,15863,15863,2,-2
2023-03-07 15:00:01,15863,15863,15863,2,0
2023-03-07 15:00:01,15863,15863,15863,4,0
2023-03-07 15:00:01,15863,15863,15863,2,0
2023-03-07 15:00:01,15862,15862,15862,4,-4
2023-03-07 15:00:01,15862,15862,15862,4,0
2023-03-07 15:00:01,15861,15861,15861,2,-2
2023-03-07 15:00:01,15863,15863,15863,2,2
2023-03-07 15:00:01,15862,15862,15862,2,-2
2023-03-07 15:00:01,15862,15862,15862,2,0
2023-03-07 15:00:01,15864,15864,15864,2,2
2023-03-07 15:00:01,15861,15861,15861,2,-2
2023-03-07 15:00:01,15861,15861,15861,2,0
2023-03-07 15:00:01,15861,15861,15861,2,0
2023-03-07 15:00:01,15861,15861,15861,2,0
2023-03-07 15:00:01,15861,15861,15861,2,0
2023-03-07 15:00:01,15861,15861,15861,2,0
2023-03-07 15:00:01,15862,15862,15862,4,4
2023-03-07 15:00:01,15863,15863,15863,2,2
2023-03-07 15:00:01,15860,15860,15860,2,-2
2023-03-07 15:00:01,15860,15860,15860,2,0
2023-03-07 15:00:01,15860,15860,15860,2,0
2023-03-07 15:00:02,15860,15860,15860,2,0
2023-03-07 15:00:02,15860,15860,15860,2,0
2023-03-07 15:00:02,15860,15860,15860,2,0
2023-03-07 15:00:02,15860,15860,15860,4,0
2023-03-07 15:00:02,15860,15860,15860,2,0
2023-03-07 15:00:02,15860,15860,15860,2,0
2023-03-07 15:00:02,15862,15862,15862,2,2
2023-03-07 15:00:02,15860,15860,15860,2,-2
2023-03-07 15:00:02,15861,15861,15861,2,2
2023-03-07 15:00:02,15863,15863,15863,6,6
2023-03-07 15:00:03,15862,15862,15862,2,-2
2023-03-07 15:00:03,15863,15863,15863,2,2
2023-03-07 15:00:03,15864,15864,15864,2,2
2023-03-07 15:00:03,15861,15861,15861,2,-2
2023-03-07 15:00:03,15861,15861,15861,2,0
2023-03-07 15:00:03,15861,15861,15861,2,0
2023-03-07 15:00:03,15861,15861,15861,2,0
2023-03-07 15:00:03,15861,15861,15861,2,0
2023-03-07 15:00:03,15861,15861,15861,10,0
2023-03-07 15:00:03,15861,15861,15861,2,0
2023-03-07 15:00:03,15862,15862,15862,2,2
2023-03-07 15:00:04,15864,15864,15864,2,2
2023-03-07 15:00:04,15864,15864,15864,6,0
2023-03-07 15:00:04,15865,15865,15865,2,2
2023-03-07 15:00:04,15863,15863,15863,2,-2
2023-03-07 15:00:04,15863,15863,15863,2,0
2023-03-07 15:00:04,15863,15863,15863,2,0
2023-03-07 15:00:04,15865,15865,15865,2,2
2023-03-07 15:00:05,15866,15866,15866,2,2
2023-03-07 15:00:05,15864,15864,15864,2,-2
2023-03-07 15:00:05,15865,15865,15865,2,2
2023-03-07 15:00:06,15864,15864,15864,2,-2
2023-03-07 15:00:06,15863,15863,15863,2,-2
2023-03-07 15:00:06,15863,15863,15863,2,0
2023-03-07 15:00:06,15863,15863,15863,2,0
2023-03-07 15:00:09,15863,15863,15863,4,0
2023-03-07 15:00:09,15863,15863,15863,2,0
2023-03-07 15:00:09,15863,15863,15863,2,0
2023-03-07 15:00:09,15863,15863,15863,2,0
2023-03-07 15:00:09,15863,15863,15863,10,0
2023-03-07 15:00:10,15864,15864,15864,2,2
2023-03-07 15:00:12,15864,15864,15864,2,0
2023-03-07 15:00:12,15864,15864,15864,8,0
2023-03-07 15:00:12,15865,15865,15865,6,6
2023-03-07 15:00:12,15865,15865,15865,22,0
2023-03-07 15:00:13,15865,15865,15865,2,0
2023-03-07 15:00:14,15865,15865,15865,2,0
2023-03-07 15:00:15,15864,15864,15864,4,-4
2023-03-07 15:00:15,15864,15864,15864,2,0
2023-03-07 15:00:15,15864,15864,15864,10,0
2023-03-07 15:00:15,15864,15864,15864,2,0
2023-03-07 15:00:15,15864,15864,15864,2,0
2023-03-07 15:00:15,15863,15863,15863,2,-2
2023-03-07 15:00:15,15863,15863,15863,2,0
2023-03-07 15:00:21,15863,15863,15863,2,0
2023-03-07 15:00:22,15864,15864,15864,2,2
2023-03-07 15:00:22,15864,15864,15864,6,0
2023-03-07 15:00:23,15863,15863,15863,2,-2
2023-03-07 15:00:23,15863,15863,15863,2,0
2023-03-07 15:00:23,15865,15865,15865,2,2
2023-03-07 15:00:23,15864,15864,15864,2,-2
2023-03-07 15:00:23,15864,15864,15864,2,0
2023-03-07 15:00:24,15865,15865,15865,2,2
2023-03-07 15:00:24,15864,15864,15864,2,-2
2023-03-07 15:00:24,15865,15865,15865,2,2
2023-03-07 15:00:25,15865,15865,15865,2,0
2023-03-07 15:00:25,15864,15864,15864,2,-2
2023-03-07 15:00:25,15864,15864,15864,2,0
2023-03-07 15:00:25,15864,15864,15864,2,0
2023-03-07 15:00:25,15864,15864,15864,2,0
2023-03-07 15:00:27,15864,15864,15864,2,0
2023-03-07 15:00:29,15864,15864,15864,2,0
2023-03-07 15:00:30,15864,15864,15864,6,0
2023-03-07 15:00:31,15864,15864,15864,2,0
2023-03-07 15:00:31,15863,15863,15863,2,-2
2023-03-07 15:00:31,15863,15863,15863,2,0
2023-03-07 15:00:31,15863,15863,15863,2,0
2023-03-07 15:00:31,15863,15863,15863,2,0
2023-03-07 15:00:33,15864,15864,15864,4,4
2023-03-07 15:00:33,15864,15864,15864,2,0
2023-03-07 15:00:33,15863,15863,15863,2,-2
2023-03-07 15:00:33,15863,15863,15863,2,0
2023-03-07 15:00:36,15865,15865,15865,2,2
2023-03-07 15:00:37,15864,15864,15864,2,-2
2023-03-07 15:00:39,15864,15864,15864,2,0
2023-03-07 15:00:39,15863,15863,15863,2,-2
2023-03-07 15:00:39,15863,15863,15863,2,0
2023-03-07 15:00:41,15863,15863,15863,2,0
2023-03-07 15:00:41,15863,15863,15863,2,0
2023-03-07 15:00:41,15863,15863,15863,2,0
2023-03-07 15:00:42,15864,15864,15864,2,2
2023-03-07 15:00:43,15864,15864,15864,2,0
2023-03-07 15:00:44,15864,15864,15864,2,0
2023-03-07 15:00:44,15864,15864,15864,2,0
2023-03-07 15:00:44,15864,15864,15864,4,0
2023-03-07 15:00:44,15864,15864,15864,10,0
2023-03-07 15:00:50,15865,15865,15865,2,2
2023-03-07 15:00:50,15864,15864,15864,2,-2
2023-03-07 15:00:50,15864,15864,15864,4,0
2023-03-07 15:00:50,15864,15864,15864,2,0
2023-03-07 15:00:50,15863,15863,15863,2,-2
2023-03-07 15:00:50,15863,15863,15863,2,0
2023-03-07 15:00:50,15863,15863,15863,6,0
2023-03-07 15:00:50,15863,15863,15863,2,0
2023-03-07 15:00:50,15863,15863,15863,4,0
2023-03-07 15:00:50,15863,15863,15863,2,0
2023-03-07 15:00:50,15863,15863,15863,2,0
2023-03-07 15:00:50,15863,15863,15863,4,0
2023-03-07 15:00:50,15863,15863,15863,4,0
2023-03-07 15:00:50,15863,15863,15863,4,0
2023-03-07 15:00:50,15863,15863,15863,4,0
2023-03-07 15:00:50,15863,15863,15863,2,0
2023-03-07 15:00:50,15862,15862,15862,2,-2
2023-03-07 15:00:50,15862,15862,15862,4,0
2023-03-07 15:00:50,15862,15862,15862,4,0
2023-03-07 15:00:50,15862,15862,15862,2,0
2023-03-07 15:00:50,15862,15862,15862,6,0
2023-03-07 15:00:50,15862,15862,15862,2,0
2023-03-07 15:00:50,15862,15862,15862,2,0
2023-03-07 15:00:50,15862,15862,15862,2,0
2023-03-07 15:00:50,15862,15862,15862,2,0
2023-03-07 15:00:51,15862,15862,15862,2,0
2023-03-07 15:00:51,15862,15862,15862,2,0
2023-03-07 15:00:51,15862,15862,15862,2,0
2023-03-07 15:00:52,15862,15862,15862,4,0
2023-03-07 15:00:52,15862,15862,15862,2,0
2023-03-07 15:00:53,15862,15862,15862,2,0
2023-03-07 15:00:53,15862,15862,15862,2,0
2023-03-07 15:00:53,15862,15862,15862,2,0
2023-03-07 15:00:53,15862,15862,15862,2,0
2023-03-07 15:00:54,15863,15863,15863,2,2
2023-03-07 15:00:57,15864,15864,15864,2,2
2023-03-07 15:00:58,15865,15865,15865,4,4
2023-03-07 15:00:59,15864,15864,15864,2,-2
2023-03-07 15:00:59,15864,15864,15864,2,0
2023-03-07 15:01:00,15865,15865,15865,14,14
2023-03-07 15:01:00,15866,15866,15866,42,42
2023-03-07 15:01:00,15867,15867,15867,2,2
2023-03-07 15:01:00,15867,15867,15867,8,0
2023-03-07 15:01:00,15866,15866,15866,2,-2
2023-03-07 15:01:00,15866,15866,15866,2,0
2023-03-07 15:01:00,15866,15866,15866,2,0
2023-03-07 15:01:00,15865,15865,15865,2,-2
2023-03-07 15:01:00,15865,15865,15865,2,0
2023-03-07 15:01:00,15865,15865,15865,4,0
2023-03-07 15:01:00,15865,15865,15865,2,0
2023-03-07 15:01:00,15865,15865,15865,2,0
2023-03-07 15:01:00,15864,15864,15864,2,-2
2023-03-07 15:01:00,15864,15864,15864,2,0
2023-03-07 15:01:00,15864,15864,15864,4,0
2023-03-07 15:01:00,15864,15864,15864,2,0
2023-03-07 15:01:00,15864,15864,15864,2,0
2023-03-07 15:01:02,15864,15864,15864,2,0
2023-03-07 15:01:03,15864,15864,15864,2,0
2023-03-07 15:01:03,15863,15863,15863,2,-2
2023-03-07 15:01:03,15863,15863,15863,2,0
2023-03-07 15:01:03,15863,15863,15863,2,0
2023-03-07 15:01:03,15863,15863,15863,2,0
2023-03-07 15:01:03,15863,15863,15863,4,0
2023-03-07 15:01:03,15863,15863,15863,2,0
2023-03-07 15:01:03,15863,15863,15863,2,0
2023-03-07 15:01:06,15865,15865,15865,6,6
2023-03-07 15:01:06,15864,15864,15864,2,-2
2023-03-07 15:01:06,15863,15863,15863,2,-2
2023-03-07 15:01:06,15863,15863,15863,2,0
2023-03-07 15:01:06,15864,15864,15864,2,2
2023-03-07 15:01:07,15864,15864,15864,4,0
2023-03-07 15:01:09,15864,15864,15864,2,0
2023-03-07 15:01:12,15865,15865,15865,2,2
2023-03-07 15:01:12,15864,15864,15864,2,-2
2023-03-07 15:01:14,15865,15865,15865,2,2
2023-03-07 15:01:18,15865,15865,15865,4,0
2023-03-07 15:01:20,15864,15864,15864,6,-6
2023-03-07 15:01:20,15864,15864,15864,2,0
2023-03-07 15:01:20,15863,15863,15863,2,-2
2023-03-07 15:01:20,15863,15863,15863,2,0
2023-03-07 15:01:20,15863,15863,15863,2,0
2023-03-07 15:01:22,15864,15864,15864,2,2
2023-03-07 15:01:24,15863,15863,15863,2,-2
2023-03-07 15:01:26,15863,15863,15863,2,0
2023-03-07 15:01:27,15863,15863,15863,4,0
2023-03-07 15:01:27,15863,15863,15863,2,0
2023-03-07 15:01:27,15863,15863,15863,2,0
2023-03-07 15:01:34,15864,15864,15864,4,4
2023-03-07 15:01:34,15863,15863,15863,2,-2
2023-03-07 15:01:34,15863,15863,15863,2,0
2023-03-07 15:01:36,15864,15864,15864,2,2
2023-03-07 15:01:36,15864,15864,15864,2,0
2023-03-07 15:01:39,15864,15864,15864,12,0
2023-03-07 15:01:39,15865,15865,15865,10,10
2023-03-07 15:01:39,15863,15863,15863,2,-2
2023-03-07 15:01:39,15863,15863,15863,2,0
2023-03-07 15:01:44,15863,15863,15863,2,0
2023-03-07 15:01:48,15863,15863,15863,2,0
2023-03-07 15:01:49,15863,15863,15863,2,0
2023-03-07 15:01:55,15864,15864,15864,6,6
2023-03-07 15:01:55,15863,15863,15863,2,-2
2023-03-07 15:01:59,15865,15865,15865,4,4
2023-03-07 15:01:59,15865,15865,15865,2,0
2023-03-07 15:01:59,15865,15865,15865,16,0
2023-03-07 15:01:59,15865,15865,15865,4,0
2023-03-07 15:02:00,15866,15866,15866,2,2
2023-03-07 15:02:00,15864,15864,15864,2,-2
2023-03-07 15:02:00,15864,15864,15864,2,0
2023-03-07 15:02:01,15864,15864,15864,2,0
2023-03-07 15:02:01,15863,15863,15863,2,-2
2023-03-07 15:02:01,15863,15863,15863,2,0
2023-03-07 15:02:06,15864,15864,15864,2,2
2023-03-07 15:02:16,15864,15864,15864,2,0
2023-03-07 15:02:16,15864,15864,15864,2,0
2023-03-07 15:02:17,15865,15865,15865,8,8
2023-03-07 15:02:17,15865,15865,15865,6,0
2023-03-07 15:02:17,15865,15865,15865,4,0
2023-03-07 15:02:17,15865,15865,15865,2,0
2023-03-07 15:02:17,15865,15865,15865,4,0
2023-03-07 15:02:17,15865,15865,15865,2,0
2023-03-07 15:02:20,15865,15865,15865,2,0
2023-03-07 15:02:28,15864,15864,15864,6,-6
2023-03-07 15:02:35,15864,15864,15864,2,0
2023-03-07 15:02:35,15864,15864,15864,2,0
2023-03-07 15:02:35,15864,15864,15864,2,0
2023-03-07 15:02:35,15864,15864,15864,2,0
2023-03-07 15:02:41,15864,15864,15864,2,0
2023-03-07 15:02:41,15864,15864,15864,2,0
2023-03-07 15:02:43,15864,15864,15864,2,0
2023-03-07 15:02:45,15865,15865,15865,2,2
2023-03-07 15:02:45,15864,15864,15864,2,-2
2023-03-07 15:02:48,15863,15863,15863,2,-2
2023-03-07 15:02:49,15864,15864,15864,2,2
2023-03-07 15:02:51,15864,15864,15864,2,0
2023-03-07 15:02:51,15865,15865,15865,2,2
2023-03-07 15:02:57,15864,15864,15864,2,-2
2023-03-07 15:03:00,15864,15864,15864,2,0
2023-03-07 15:03:00,15864,15864,15864,2,0
2023-03-07 15:03:00,15864,15864,15864,4,0
2023-03-07 15:03:00,15865,15865,15865,10,10
2023-03-07 15:03:01,15864,15864,15864,2,-2
2023-03-07 15:03:03,15864,15864,15864,2,0
2023-03-07 15:03:03,15864,15864,15864,6,0
2023-03-07 15:03:03,15864,15864,15864,4,0
2023-03-07 15:03:03,15864,15864,15864,2,0
2023-03-07 15:03:03,15864,15864,15864,2,0
2023-03-07 15:03:03,15863,15863,15863,2,-2
2023-03-07 15:03:03,15863,15863,15863,4,0
2023-03-07 15:03:06,15864,15864,15864,2,2
2023-03-07 15:03:06,15865,15865,15865,4,4
2023-03-07 15:03:09,15864,15864,15864,2,-2
2023-03-07 15:03:10,15864,15864,15864,2,0
2023-03-07 15:03:16,15864,15864,15864,10,0
2023-03-07 15:03:20,15864,15864,15864,2,0
2023-03-07 15:03:21,15864,15864,15864,4,0
2023-03-07 15:03:21,15864,15864,15864,2,0
2023-03-07 15:03:21,15864,15864,15864,2,0
2023-03-07 15:03:21,15863,15863,15863,2,-2
2023-03-07 15:03:23,15864,15864,15864,2,2
2023-03-07 15:03:27,15864,15864,15864,2,0
2023-03-07 15:03:31,15865,15865,15865,20,20
2023-03-07 15:03:32,15864,15864,15864,6,-6
2023-03-07 15:03:33,15865,15865,15865,2,2
2023-03-07 15:03:44,15864,15864,15864,2,-2
2023-03-07 15:03:51,15865,15865,15865,2,2
2023-03-07 15:03:51,15865,15865,15865,2,0
2023-03-07 15:03:51,15864,15864,15864,2,-2
2023-03-07 15:03:51,15865,15865,15865,2,2
2023-03-07 15:03:51,15865,15865,15865,2,0
2023-03-07 15:03:51,15864,15864,15864,2,-2
2023-03-07 15:03:51,15865,15865,15865,2,2
2023-03-07 15:03:51,15865,15865,15865,2,0
2023-03-07 15:03:52,15865,15865,15865,2,0
2023-03-07 15:03:56,15865,15865,15865,2,0
2023-03-07 15:03:58,15865,15865,15865,2,0
2023-03-07 15:04:00,15866,15866,15866,2,2
2023-03-07 15:04:04,15866,15866,15866,2,0
2023-03-07 15:04:04,15866,15866,15866,4,0
2023-03-07 15:04:04,15866,15866,15866,2,0
2023-03-07 15:04:04,15866,15866,15866,12,0
2023-03-07 15:04:08,15867,15867,15867,2,2
2023-03-07 15:04:08,15867,15867,15867,4,0
2023-03-07 15:04:10,15867,15867,15867,4,0
2023-03-07 15:04:10,15867,15867,15867,4,0
2023-03-07 15:04:10,15868,15868,15868,2,2
2023-03-07 15:04:10,15868,15868,15868,4,0
2023-03-07 15:04:11,15867,15867,15867,2,-2
2023-03-07 15:04:11,15867,15867,15867,4,0
2023-03-07 15:04:11,15867,15867,15867,2,0
2023-03-07 15:04:11,15867,15867,15867,2,0
2023-03-07 15:04:12,15867,15867,15867,2,0
2023-03-07 15:04:12,15867,15867,15867,2,0
2023-03-07 15:04:18,15867,15867,15867,2,0
2023-03-07 15:04:19,15867,15867,15867,2,0
2023-03-07 15:04:20,15867,15867,15867,2,0
2023-03-07 15:04:21,15867,15867,15867,2,0
2023-03-07 15:04:23,15867,15867,15867,2,0
2023-03-07 15:04:23,15867,15867,15867,2,0
2023-03-07 15:04:28,15866,15866,15866,2,-2
2023-03-07 15:04:28,15866,15866,15866,2,0
2023-03-07 15:04:28,15866,15866,15866,2,0
2023-03-07 15:04:29,15866,15866,15866,2,0
2023-03-07 15:04:29,15867,15867,15867,2,2
2023-03-07 15:04:33,15866,15866,15866,2,-2
2023-03-07 15:04:33,15866,15866,15866,2,0
2023-03-07 15:04:33,15866,15866,15866,2,0
2023-03-07 15:04:36,15865,15865,15865,2,-2
2023-03-07 15:04:42,15866,15866,15866,2,2
2023-03-07 15:04:45,15867,15867,15867,4,4
2023-03-07 15:04:51,15867,15867,15867,2,0
2023-03-07 15:04:56,15866,15866,15866,2,-2
2023-03-07 15:05:00,15866,15866,15866,2,0
2023-03-07 15:05:00,15865,15865,15865,2,-2
2023-03-07 15:05:00,15865,15865,15865,10,0
2023-03-07 15:05:00,15865,15865,15865,2,0
2023-03-07 15:05:00,15865,15865,15865,2,0
2023-03-07 15:05:00,15865,15865,15865,2,0
2023-03-07 15:05:00,15865,15865,15865,2,0
2023-03-07 15:05:03,15866,15866,15866,2,2
2023-03-07 15:05:03,15866,15866,15866,2,0
2023-03-07 15:05:04,15864,15864,15864,2,-2
2023-03-07 15:05:04,15864,15864,15864,2,0
2023-03-07 15:05:04,15864,15864,15864,2,0
2023-03-07 15:05:04,15866,15866,15866,2,2
2023-03-07 15:05:06,15864,15864,15864,4,-4
2023-03-07 15:05:08,15866,15866,15866,2,2
2023-03-07 15:05:08,15864,15864,15864,10,-10
2023-03-07 15:05:09,15866,15866,15866,2,2
2023-03-07 15:05:09,15864,15864,15864,4,-4
2023-03-07 15:05:10,15866,15866,15866,2,2
2023-03-07 15:05:10,15865,15865,15865,2,-2
2023-03-07 15:05:10,15865,15865,15865,2,0
2023-03-07 15:05:11,15865,15865,15865,2,0
2023-03-07 15:05:11,15865,15865,15865,2,0
2023-03-07 15:05:11,15865,15865,15865,2,0
2023-03-07 15:05:11,15865,15865,15865,2,0
2023-03-07 15:05:11,15865,15865,15865,2,0
2023-03-07 15:05:11,15865,15865,15865,2,0
2023-03-07 15:05:13,15866,15866,15866,2,2
2023-03-07 15:05:13,15866,15866,15866,2,0
2023-03-07 15:05:14,15866,15866,15866,2,0
2023-03-07 15:05:30,15866,15866,15866,2,0
2023-03-07 15:05:36,15865,15865,15865,2,-2
2023-03-07 15:05:36,15865,15865,15865,2,0
2023-03-07 15:05:43,15866,15866,15866,2,2
2023-03-07 15:05:51,15865,15865,15865,2,-2
2023-03-07 15:05:51,15865,15865,15865,2,0
2023-03-07 15:05:51,15865,15865,15865,6,0
2023-03-07 15:05:51,15865,15865,15865,2,0
2023-03-07 15:05:51,15864,15864,15864,2,-2
2023-03-07 15:05:51,15864,15864,15864,18,0
2023-03-07 15:05:51,15864,15864,15864,2,0
2023-03-07 15:05:51,15864,15864,15864,2,0
2023-03-07 15:05:51,15864,15864,15864,2,0
2023-03-07 15:05:51,15864,15864,15864,2,0
2023-03-07 15:05:51,15864,15864,15864,2,0
2023-03-07 15:05:51,15864,15864,15864,6,0
2023-03-07 15:05:51,15864,15864,15864,2,0
2023-03-07 15:05:51,15864,15864,15864,4,0
2023-03-07 15:05:58,15863,15863,15863,2,-2
2023-03-07 15:05:58,15863,15863,15863,2,0
2023-03-07 15:05:58,15863,15863,15863,2,0
2023-03-07 15:05:58,15863,15863,15863,2,0
2023-03-07 15:05:58,15863,15863,15863,4,0
2023-03-07 15:05:58,15863,15863,15863,2,0
2023-03-07 15:05:58,15863,15863,15863,2,0
2023-03-07 15:05:59,15864,15864,15864,2,2
2023-03-07 15:06:00,15863,15863,15863,8,-8
2023-03-07 15:06:00,15863,15863,15863,4,0
2023-03-07 15:06:00,15863,15863,15863,4,0
2023-03-07 15:06:00,15864,15864,15864,2,2
2023-03-07 15:06:00,15864,15864,15864,2,0
2023-03-07 15:06:02,15863,15863,15863,4,-4
2023-03-07 15:06:05,15863,15863,15863,4,0
2023-03-07 15:06:07,15863,15863,15863,4,0
2023-03-07 15:06:08,15864,15864,15864,2,2
2023-03-07 15:06:13,15865,15865,15865,6,6
2023-03-07 15:06:23,15865,15865,15865,8,0
2023-03-07 15:06:23,15865,15865,15865,2,0
2023-03-07 15:06:23,15865,15865,15865,2,0
2023-03-07 15:06:23,15865,15865,15865,2,0
2023-03-07 15:06:23,15865,15865,15865,4,0
2023-03-07 15:06:23,15865,15865,15865,2,0
2023-03-07 15:06:23,15865,15865,15865,2,0
2023-03-07 15:06:23,15865,15865,15865,2,0
2023-03-07 15:06:29,15865,15865,15865,2,0
2023-03-07 15:06:29,15865,15865,15865,2,0
2023-03-07 15:06:29,15865,15865,15865,2,0
2023-03-07 15:06:29,15865,15865,15865,2,0
2023-03-07 15:06:37,15866,15866,15866,2,2
2023-03-07 15:06:39,15867,15867,15867,2,2
2023-03-07 15:06:43,15866,15866,15866,2,-2
2023-03-07 15:06:48,15866,15866,15866,2,0
2023-03-07 15:06:49,15866,15866,15866,2,0
2023-03-07 15:06:55,15867,15867,15867,2,2
2023-03-07 15:06:58,15865,15865,15865,2,-2
2023-03-07 15:07:04,15867,15867,15867,6,6
2023-03-07 15:07:13,15867,15867,15867,4,0
2023-03-07 15:07:24,15867,15867,15867,6,0
2023-03-07 15:07:30,15866,15866,15866,2,-2
2023-03-07 15:07:38,15866,15866,15866,2,0
2023-03-07 15:07:38,15866,15866,15866,4,0
2023-03-07 15:07:40,15865,15865,15865,2,-2
2023-03-07 15:07:41,15866,15866,15866,2,2
2023-03-07 15:07:47,15865,15865,15865,2,-2
2023-03-07 15:07:47,15865,15865,15865,2,0
2023-03-07 15:07:47,15865,15865,15865,2,0
2023-03-07 15:07:47,15865,15865,15865,2,0
2023-03-07 15:07:47,15865,15865,15865,2,0
2023-03-07 15:07:51,15865,15865,15865,2,0
2023-03-07 15:07:55,15865,15865,15865,4,0
2023-03-07 15:07:57,15864,15864,15864,2,-2
2023-03-07 15:08:08,15865,15865,15865,2,2
2023-03-07 15:08:08,15865,15865,15865,2,0
2023-03-07 15:08:08,15865,15865,15865,2,0
2023-03-07 15:08:09,15866,15866,15866,4,4
2023-03-07 15:08:11,15866,15866,15866,2,0
2023-03-07 15:08:46,15866,15866,15866,2,0
2023-03-07 15:08:47,15867,15867,15867,2,2
2023-03-07 15:08:48,15866,15866,15866,2,-2
2023-03-07 15:09:03,15866,15866,15866,2,0
2023-03-07 15:09:04,15866,15866,15866,2,0
2023-03-07 15:09:08,15866,15866,15866,2,0
2023-03-07 15:09:09,15866,15866,15866,4,0
2023-03-07 15:09:11,15864,15864,15864,2,-2
2023-03-07 15:09:21,15865,15865,15865,2,2
2023-03-07 15:09:34,15864,15864,15864,2,-2
2023-03-07 15:09:34,15864,15864,15864,2,0
2023-03-07 15:09:34,15864,15864,15864,2,0
2023-03-07 15:09:34,15864,15864,15864,4,0
2023-03-07 15:09:34,15864,15864,15864,2,0
2023-03-07 15:09:34,15864,15864,15864,2,0
2023-03-07 15:09:34,15864,15864,15864,2,0
2023-03-07 15:09:34,15864,15864,15864,2,0
2023-03-07 15:09:34,15864,15864,15864,2,0
2023-03-07 15:09:34,15864,15864,15864,2,0
2023-03-07 15:09:34,15864,15864,15864,2,0
2023-03-07 15:09:36,15864,15864,15864,2,0
2023-03-07 15:09:44,15864,15864,15864,2,0
2023-03-07 15:09:45,15864,15864,15864,2,0
2023-03-07 15:09:46,15864,15864,15864,2,0
2023-03-07 15:09:46,15864,15864,15864,2,0
2023-03-07 15:09:46,15864,15864,15864,2,0
2023-03-07 15:09:56,15864,15864,15864,2,0
2023-03-07 15:09:59,15864,15864,15864,2,0
2023-03-07 15:09:59,15864,15864,15864,2,0
2023-03-07 15:09:59,15864,15864,15864,2,0
2023-03-07 15:10:00,15863,15863,15863,2,-2
2023-03-07 15:10:00,15863,15863,15863,4,0
2023-03-07 15:10:00,15863,15863,15863,2,0
2023-03-07 15:10:00,15863,15863,15863,2,0
2023-03-07 15:10:00,15863,15863,15863,2,0
2023-03-07 15:10:00,15863,15863,15863,2,0
2023-03-07 15:10:00,15863,15863,15863,2,0
2023-03-07 15:10:00,15863,15863,15863,2,0
2023-03-07 15:10:00,15863,15863,15863,2,0
2023-03-07 15:10:00,15863,15863,15863,2,0
2023-03-07 15:10:00,15863,15863,15863,2,0
2023-03-07 15:10:00,15863,15863,15863,2,0
2023-03-07 15:10:00,15862,15862,15862,2,-2
2023-03-07 15:10:03,15862,15862,15862,2,0
2023-03-07 15:10:03,15862,15862,15862,2,0
2023-03-07 15:10:03,15862,15862,15862,2,0
2023-03-07 15:10:03,15862,15862,15862,2,0
2023-03-07 15:10:03,15862,15862,15862,6,0
2023-03-07 15:10:04,15862,15862,15862,2,0
2023-03-07 15:10:04,15862,15862,15862,2,0
2023-03-07 15:10:04,15862,15862,15862,2,0
2023-03-07 15:10:05,15862,15862,15862,2,0
2023-03-07 15:10:05,15862,15862,15862,2,0
2023-03-07 15:10:09,15862,15862,15862,2,0
2023-03-07 15:10:10,15862,15862,15862,2,0
2023-03-07 15:10:15,15862,15862,15862,2,0
2023-03-07 15:10:16,15863,15863,15863,2,2
2023-03-07 15:10:17,15863,15863,15863,2,0
2023-03-07 15:10:17,15862,15862,15862,10,-10
2023-03-07 15:10:20,15862,15862,15862,2,0
2023-03-07 15:10:26,15863,15863,15863,2,2
2023-03-07 15:10:31,15863,15863,15863,2,0
2023-03-07 15:10:32,15863,15863,15863,2,0
2023-03-07 15:10:33,15862,15862,15862,2,-2
2023-03-07 15:10:35,15864,15864,15864,2,2
2023-03-07 15:10:43,15862,15862,15862,2,-2
2023-03-07 15:10:43,15862,15862,15862,2,0
2023-03-07 15:10:43,15862,15862,15862,20,0
2023-03-07 15:10:43,15862,15862,15862,2,0
2023-03-07 15:10:43,15862,15862,15862,4,0
2023-03-07 15:10:43,15862,15862,15862,2,0
2023-03-07 15:10:43,15862,15862,15862,6,0
2023-03-07 15:10:43,15861,15861,15861,2,-2
2023-03-07 15:10:43,15861,15861,15861,2,0
2023-03-07 15:10:43,15861,15861,15861,2,0
2023-03-07 15:10:43,15861,15861,15861,2,0
2023-03-07 15:10:43,15861,15861,15861,6,0
2023-03-07 15:10:43,15861,15861,15861,2,0
2023-03-07 15:10:43,15861,15861,15861,8,0
2023-03-07 15:10:43,15861,15861,15861,2,0
2023-03-07 15:10:43,15861,15861,15861,4,0
2023-03-07 15:10:43,15861,15861,15861,2,0
2023-03-07 15:10:43,15861,15861,15861,2,0
2023-03-07 15:10:43,15861,15861,15861,2,0
2023-03-07 15:10:43,15860,15860,15860,2,-2
2023-03-07 15:10:43,15860,15860,15860,2,0
2023-03-07 15:10:43,15860,15860,15860,2,0
2023-03-07 15:10:43,15860,15860,15860,2,0
2023-03-07 15:10:43,15860,15860,15860,6,0
2023-03-07 15:10:43,15860,15860,15860,20,0
2023-03-07 15:10:43,15860,15860,15860,2,0
2023-03-07 15:10:43,15860,15860,15860,2,0
2023-03-07 15:10:43,15860,15860,15860,2,0
2023-03-07 15:10:43,15860,15860,15860,2,0
2023-03-07 15:10:43,15860,15860,15860,2,0
2023-03-07 15:10:43,15860,15860,15860,2,0
2023-03-07 15:10:43,15860,15860,15860,2,0
2023-03-07 15:10:43,15860,15860,15860,2,0
2023-03-07 15:10:43,15860,15860,15860,4,0
2023-03-07 15:10:43,15860,15860,15860,2,0
2023-03-07 15:10:43,15860,15860,15860,2,0
2023-03-07 15:10:43,15860,15860,15860,2,0
2023-03-07 15:10:43,15860,15860,15860,6,0
2023-03-07 15:10:43,15860,15860,15860,2,0
2023-03-07 15:10:43,15860,15860,15860,2,0
2023-03-07 15:10:43,15859,15859,15859,2,-2
2023-03-07 15:10:43,15859,15859,15859,2,0
2023-03-07 15:10:43,15859,15859,15859,4,0
2023-03-07 15:10:43,15861,15861,15861,2,2
2023-03-07 15:10:43,15859,15859,15859,2,-2
2023-03-07 15:10:43,15859,15859,15859,4,0
2023-03-07 15:10:43,15859,15859,15859,4,0
2023-03-07 15:10:43,15859,15859,15859,2,0
2023-03-07 15:10:43,15859,15859,15859,2,0
2023-03-07 15:10:43,15859,15859,15859,2,0
2023-03-07 15:10:46,15859,15859,15859,6,0
2023-03-07 15:10:46,15859,15859,15859,2,0
2023-03-07 15:10:46,15859,15859,15859,2,0
2023-03-07 15:10:46,15859,15859,15859,2,0
2023-03-07 15:10:46,15859,15859,15859,2,0
2023-03-07 15:10:46,15858,15858,15858,2,-2
2023-03-07 15:10:46,15858,15858,15858,2,0
2023-03-07 15:10:46,15858,15858,15858,2,0
2023-03-07 15:10:47,15860,15860,15860,2,2
2023-03-07 15:10:47,15860,15860,15860,2,0
2023-03-07 15:10:48,15859,15859,15859,2,-2
2023-03-07 15:10:50,15858,15858,15858,2,-2
2023-03-07 15:10:50,15859,15859,15859,2,2
2023-03-07 15:10:50,15860,15860,15860,2,2
2023-03-07 15:10:58,15859,15859,15859,2,-2
2023-03-07 15:10:58,15859,15859,15859,2,0
2023-03-07 15:10:59,15859,15859,15859,2,0
2023-03-07 15:11:00,15859,15859,15859,2,0
2023-03-07 15:11:00,15859,15859,15859,2,0
2023-03-07 15:11:00,15859,15859,15859,2,0
2023-03-07 15:11:04,15860,15860,15860,2,2
2023-03-07 15:11:07,15859,15859,15859,2,-2
2023-03-07 15:11:07,15859,15859,15859,2,0
2023-03-07 15:11:07,15859,15859,15859,2,0
2023-03-07 15:11:07,15859,15859,15859,2,0
2023-03-07 15:11:08,15859,15859,15859,2,0
2023-03-07 15:11:09,15859,15859,15859,4,0
2023-03-07 15:11:09,15859,15859,15859,2,0
2023-03-07 15:11:09,15858,15858,15858,2,-2
2023-03-07 15:11:12,15859,15859,15859,2,2
2023-03-07 15:11:16,15859,15859,15859,2,0
2023-03-07 15:11:17,15859,15859,15859,2,0
2023-03-07 15:11:20,15859,15859,15859,2,0
2023-03-07 15:11:21,15859,15859,15859,2,0
2023-03-07 15:11:23,15859,15859,15859,2,0
2023-03-07 15:11:24,15860,15860,15860,2,2
2023-03-07 15:11:25,15860,15860,15860,2,0
2023-03-07 15:11:25,15860,15860,15860,2,0
2023-03-07 15:11:28,15861,15861,15861,2,2
2023-03-07 15:11:29,15860,15860,15860,2,-2
2023-03-07 15:11:29,15860,15860,15860,2,0
2023-03-07 15:11:37,15860,15860,15860,4,0
2023-03-07 15:11:39,15859,15859,15859,2,-2
2023-03-07 15:11:39,15859,15859,15859,2,0
2023-03-07 15:11:47,15860,15860,15860,2,2
2023-03-07 15:11:50,15859,15859,15859,2,-2
2023-03-07 15:11:50,15859,15859,15859,2,0
2023-03-07 15:11:50,15859,15859,15859,2,0
2023-03-07 15:11:50,15859,15859,15859,2,0
2023-03-07 15:11:50,15859,15859,15859,4,0
2023-03-07 15:11:50,15859,15859,15859,2,0
2023-03-07 15:11:50,15859,15859,15859,2,0
2023-03-07 15:11:50,15859,15859,15859,2,0
2023-03-07 15:11:50,15859,15859,15859,2,0
2023-03-07 15:11:50,15859,15859,15859,2,0
2023-03-07 15:11:50,15859,15859,15859,2,0
2023-03-07 15:11:50,15859,15859,15859,8,0
2023-03-07 15:11:50,15858,15858,15858,2,-2
2023-03-07 15:11:50,15859,15859,15859,2,2
2023-03-07 15:11:50,15859,15859,15859,2,0
2023-03-07 15:11:50,15859,15859,15859,2,0
2023-03-07 15:11:52,15860,15860,15860,2,2
2023-03-07 15:11:54,15858,15858,15858,6,-6
2023-03-07 15:12:00,15859,15859,15859,2,2
2023-03-07 15:12:01,15859,15859,15859,2,0
2023-03-07 15:12:01,15859,15859,15859,2,0
2023-03-07 15:12:01,15859,15859,15859,2,0
2023-03-07 15:12:02,15859,15859,15859,2,0
2023-03-07 15:12:03,15859,15859,15859,2,0
2023-03-07 15:12:03,15859,15859,15859,4,0
2023-03-07 15:12:03,15859,15859,15859,2,0
2023-03-07 15:12:03,15859,15859,15859,2,0
2023-03-07 15:12:03,15859,15859,15859,6,0
2023-03-07 15:12:03,15859,15859,15859,2,0
2023-03-07 15:12:03,15859,15859,15859,2,0
2023-03-07 15:12:03,15858,15858,15858,6,-6
2023-03-07 15:12:03,15858,15858,15858,2,0
2023-03-07 15:12:03,15858,15858,15858,2,0
2023-03-07 15:12:03,15858,15858,15858,2,0
2023-03-07 15:12:03,15858,15858,15858,2,0
2023-03-07 15:12:03,15858,15858,15858,2,0
2023-03-07 15:12:03,15858,15858,15858,4,0
2023-03-07 15:12:03,15858,15858,15858,2,0
2023-03-07 15:12:03,15858,15858,15858,4,0
2023-03-07 15:12:03,15858,15858,15858,4,0
2023-03-07 15:12:03,15858,15858,15858,4,0
2023-03-07 15:12:03,15858,15858,15858,2,0
2023-03-07 15:12:03,15858,15858,15858,2,0
2023-03-07 15:12:03,15858,15858,15858,2,0
2023-03-07 15:12:03,15858,15858,15858,2,0
2023-03-07 15:12:03,15858,15858,15858,2,0
2023-03-07 15:12:03,15858,15858,15858,6,0
2023-03-07 15:12:03,15858,15858,15858,2,0
2023-03-07 15:12:03,15858,15858,15858,2,0
2023-03-07 15:12:03,15858,15858,15858,4,0
2023-03-07 15:12:03,15858,15858,15858,2,0
2023-03-07 15:12:03,15858,15858,15858,2,0
2023-03-07 15:12:03,15858,15858,15858,2,0
2023-03-07 15:12:03,15858,15858,15858,6,0
2023-03-07 15:12:03,15858,15858,15858,2,0
2023-03-07 15:12:03,15858,15858,15858,2,0
2023-03-07 15:12:04,15857,15857,15857,2,-2
2023-03-07 15:12:04,15857,15857,15857,2,0
2023-03-07 15:12:04,15857,15857,15857,2,0
2023-03-07 15:12:05,15857,15857,15857,2,0
2023-03-07 15:12:05,15857,15857,15857,2,0
2023-03-07 15:12:07,15858,15858,15858,2,2
2023-03-07 15:12:07,15858,15858,15858,2,0
2023-03-07 15:12:08,15858,15858,15858,2,0
2023-03-07 15:12:08,15859,15859,15859,2,2
2023-03-07 15:12:09,15859,15859,15859,2,0
2023-03-07 15:12:10,15859,15859,15859,2,0
2023-03-07 15:12:12,15860,15860,15860,2,2
2023-03-07 15:12:12,15860,15860,15860,2,0
2023-03-07 15:12:12,15860,15860,15860,2,0
2023-03-07 15:12:13,15860,15860,15860,2,0
2023-03-07 15:12:13,15859,15859,15859,2,-2
2023-03-07 15:12:15,15859,15859,15859,2,0
2023-03-07 15:12:20,15859,15859,15859,2,0
2023-03-07 15:12:20,15859,15859,15859,2,0
2023-03-07 15:12:20,15859,15859,15859,2,0
2023-03-07 15:12:20,15859,15859,15859,2,0
2023-03-07 15:12:20,15859,15859,15859,2,0
2023-03-07 15:12:20,15859,15859,15859,2,0
2023-03-07 15:12:20,15859,15859,15859,2,0
2023-03-07 15:12:20,15859,15859,15859,2,0
2023-03-07 15:12:24,15860,15860,15860,2,2
2023-03-07 15:12:29,15860,15860,15860,4,0
2023-03-07 15:12:34,15860,15860,15860,4,0
2023-03-07 15:12:36,15859,15859,15859,2,-2
2023-03-07 15:12:42,15861,15861,15861,4,4
2023-03-07 15:12:43,15861,15861,15861,2,0
2023-03-07 15:12:43,15861,15861,15861,4,0
2023-03-07 15:12:43,15861,15861,15861,4,0
2023-03-07 15:12:43,15861,15861,15861,2,0
2023-03-07 15:12:43,15861,15861,15861,2,0
2023-03-07 15:12:43,15861,15861,15861,2,0
2023-03-07 15:12:43,15861,15861,15861,2,0
2023-03-07 15:12:46,15861,15861,15861,2,0
2023-03-07 15:12:49,15861,15861,15861,2,0
2023-03-07 15:12:50,15861,15861,15861,2,0
2023-03-07 15:12:53,15862,15862,15862,2,2
2023-03-07 15:12:55,15862,15862,15862,2,0
2023-03-07 15:12:55,15862,15862,15862,2,0
2023-03-07 15:13:00,15862,15862,15862,2,0
2023-03-07 15:13:03,15863,15863,15863,2,2
2023-03-07 15:13:05,15863,15863,15863,10,0
2023-03-07 15:13:08,15863,15863,15863,2,0
2023-03-07 15:13:15,15864,15864,15864,16,16
2023-03-07 15:13:15,15864,15864,15864,2,0
2023-03-07 15:13:18,15863,15863,15863,2,-2
2023-03-07 15:13:27,15864,15864,15864,8,8
2023-03-07 15:13:31,15864,15864,15864,6,0
2023-03-07 15:13:33,15864,15864,15864,2,0
2023-03-07 15:13:33,15864,15864,15864,2,0
2023-03-07 15:13:34,15864,15864,15864,2,0
2023-03-07 15:13:45,15864,15864,15864,2,0
2023-03-07 15:13:46,15865,15865,15865,20,20
2023-03-07 15:13:46,15865,15865,15865,2,0
2023-03-07 15:13:48,15864,15864,15864,2,-2
2023-03-07 15:13:52,15865,15865,15865,2,2
2023-03-07 15:13:57,15865,15865,15865,2,0
2023-03-07 15:14:03,15866,15866,15866,8,8
2023-03-07 15:14:06,15866,15866,15866,2,0
2023-03-07 15:14:11,15866,15866,15866,2,0
2023-03-07 15:14:21,15867,15867,15867,6,6
2023-03-07 15:14:21,15867,15867,15867,2,0
2023-03-07 15:14:22,15867,15867,15867,2,0
2023-03-07 15:14:22,15867,15867,15867,6,0
2023-03-07 15:14:28,15867,15867,15867,2,0
2023-03-07 15:14:30,15866,15866,15866,2,-2
2023-03-07 15:14:30,15866,15866,15866,2,0
2023-03-07 15:14:30,15866,15866,15866,2,0
2023-03-07 15:14:30,15866,15866,15866,2,0
2023-03-07 15:14:30,15866,15866,15866,4,0
2023-03-07 15:14:36,15865,15865,15865,2,-2
2023-03-07 15:14:38,15866,15866,15866,2,2
2023-03-07 15:14:41,15866,15866,15866,4,0
2023-03-07 15:14:44,15865,15865,15865,2,-2
2023-03-07 15:14:44,15865,15865,15865,2,0
2023-03-07 15:14:44,15865,15865,15865,2,0
2023-03-07 15:14:49,15865,15865,15865,6,0
2023-03-07 15:14:50,15865,15865,15865,4,0
2023-03-07 15:14:50,15866,15866,15866,2,2
2023-03-07 15:14:58,15865,15865,15865,2,-2
2023-03-07 15:15:04,15864,15864,15864,2,-2
2023-03-07 15:15:04,15864,15864,15864,4,0
2023-03-07 15:15:04,15864,15864,15864,2,0
2023-03-07 15:15:04,15864,15864,15864,2,0
2023-03-07 15:15:05,15863,15863,15863,2,-2
2023-03-07 15:15:05,15863,15863,15863,2,0
2023-03-07 15:15:05,15863,15863,15863,2,0
2023-03-07 15:15:10,15863,15863,15863,2,0
2023-03-07 15:15:18,15864,15864,15864,2,2
2023-03-07 15:15:19,15863,15863,15863,2,-2
2023-03-07 15:15:19,15863,15863,15863,2,0
2023-03-07 15:15:19,15863,15863,15863,2,0
2023-03-07 15:15:27,15863,15863,15863,2,0
2023-03-07 15:15:33,15864,15864,15864,2,2
2023-03-07 15:15:35,15864,15864,15864,4,0
2023-03-07 15:15:35,15865,15865,15865,32,32
2023-03-07 15:15:35,15865,15865,15865,4,0
2023-03-07 15:15:45,15866,15866,15866,2,2
2023-03-07 15:15:54,15866,15866,15866,2,0
2023-03-07 15:16:01,15866,15866,15866,2,0
2023-03-07 15:16:01,15866,15866,15866,4,0
2023-03-07 15:16:01,15867,15867,15867,2,2
2023-03-07 15:16:01,15867,15867,15867,2,0
2023-03-07 15:16:07,15868,15868,15868,2,2
2023-03-07 15:16:07,15868,15868,15868,2,0
2023-03-07 15:16:07,15868,15868,15868,2,0
2023-03-07 15:16:07,15868,15868,15868,2,0
2023-03-07 15:16:07,15868,15868,15868,2,0
2023-03-07 15:16:07,15868,15868,15868,2,0
2023-03-07 15:16:07,15868,15868,15868,2,0
2023-03-07 15:16:09,15867,15867,15867,2,-2
2023-03-07 15:16:09,15868,15868,15868,2,2
2023-03-07 15:16:09,15868,15868,15868,2,0
2023-03-07 15:16:09,15869,15869,15869,2,2
2023-03-07 15:16:09,15869,15869,15869,2,0
2023-03-07 15:16:09,15869,15869,15869,2,0
2023-03-07 15:16:10,15867,15867,15867,4,-4
2023-03-07 15:16:10,15869,15869,15869,2,2
2023-03-07 15:16:10,15869,15869,15869,2,0
2023-03-07 15:16:13,15869,15869,15869,2,0
2023-03-07 15:16:14,15869,15869,15869,2,0
2023-03-07 15:16:14,15869,15869,15869,2,0
2023-03-07 15:16:14,15869,15869,15869,2,0
2023-03-07 15:16:15,15868,15868,15868,2,-2
2023-03-07 15:16:15,15868,15868,15868,2,0
2023-03-07 15:16:15,15868,15868,15868,2,0
2023-03-07 15:16:15,15868,15868,15868,2,0
2023-03-07 15:16:15,15868,15868,15868,4,0
2023-03-07 15:16:15,15868,15868,15868,2,0
2023-03-07 15:16:15,15868,15868,15868,2,0
2023-03-07 15:16:17,15869,15869,15869,2,2
2023-03-07 15:16:17,15869,15869,15869,2,0
2023-03-07 15:16:17,15869,15869,15869,2,0
2023-03-07 15:16:27,15868,15868,15868,2,-2
2023-03-07 15:16:27,15868,15868,15868,2,0
2023-03-07 15:16:29,15869,15869,15869,2,2
2023-03-07 15:16:29,15869,15869,15869,2,0
2023-03-07 15:16:30,15869,15869,15869,2,0
2023-03-07 15:16:32,15869,15869,15869,2,0
2023-03-07 15:16:35,15869,15869,15869,2,0
2023-03-07 15:16:35,15869,15869,15869,2,0
2023-03-07 15:16:38,15869,15869,15869,2,0
2023-03-07 15:16:38,15869,15869,15869,2,0
2023-03-07 15:16:43,15869,15869,15869,22,0
2023-03-07 15:16:43,15869,15869,15869,2,0
2023-03-07 15:16:45,15869,15869,15869,4,0
2023-03-07 15:16:48,15869,15869,15869,2,0
2023-03-07 15:16:48,15869,15869,15869,2,0
2023-03-07 15:16:51,15870,15870,15870,2,2
2023-03-07 15:16:51,15870,15870,15870,6,0
2023-03-07 15:16:51,15870,15870,15870,2,0
2023-03-07 15:16:52,15869,15869,15869,2,-2
2023-03-07 15:16:52,15869,15869,15869,2,0
2023-03-07 15:16:56,15869,15869,15869,2,0
2023-03-07 15:16:56,15869,15869,15869,4,0
2023-03-07 15:16:56,15869,15869,15869,4,0
2023-03-07 15:16:56,15869,15869,15869,2,0
2023-03-07 15:16:56,15868,15868,15868,2,-2
2023-03-07 15:16:56,15868,15868,15868,2,0
2023-03-07 15:16:56,15868,15868,15868,2,0
2023-03-07 15:16:56,15868,15868,15868,2,0
2023-03-07 15:16:56,15868,15868,15868,2,0
2023-03-07 15:16:56,15868,15868,15868,2,0
2023-03-07 15:16:56,15868,15868,15868,4,0
2023-03-07 15:16:56,15868,15868,15868,4,0
2023-03-07 15:16:56,15868,15868,15868,2,0
2023-03-07 15:16:56,15868,15868,15868,4,0
2023-03-07 15:16:56,15868,15868,15868,2,0
2023-03-07 15:16:56,15868,15868,15868,4,0
2023-03-07 15:16:56,15868,15868,15868,2,0
2023-03-07 15:16:57,15867,15867,15867,2,-2
2023-03-07 15:17:03,15867,15867,15867,4,0
2023-03-07 15:17:03,15867,15867,15867,4,0
2023-03-07 15:17:06,15867,15867,15867,2,0
2023-03-07 15:17:08,15867,15867,15867,2,0
2023-03-07 15:17:09,15867,15867,15867,2,0
2023-03-07 15:17:09,15867,15867,15867,2,0
2023-03-07 15:17:11,15867,15867,15867,2,0
2023-03-07 15:17:11,15867,15867,15867,2,0
2023-03-07 15:17:29,15867,15867,15867,2,0
2023-03-07 15:17:33,15867,15867,15867,2,0
2023-03-07 15:17:33,15866,15866,15866,2,-2
2023-03-07 15:17:33,15866,15866,15866,2,0
2023-03-07 15:17:33,15866,15866,15866,2,0
2023-03-07 15:17:33,15866,15866,15866,2,0
2023-03-07 15:17:33,15866,15866,15866,2,0
2023-03-07 15:17:33,15866,15866,15866,2,0
2023-03-07 15:17:34,15866,15866,15866,2,0
2023-03-07 15:17:43,15866,15866,15866,2,0
2023-03-07 15:17:50,15865,15865,15865,2,-2
2023-03-07 15:17:55,15866,15866,15866,2,2
2023-03-07 15:17:55,15866,15866,15866,10,0
2023-03-07 15:17:55,15866,15866,15866,2,0
2023-03-07 15:17:57,15867,15867,15867,2,2
2023-03-07 15:17:58,15866,15866,15866,2,-2
2023-03-07 15:18:08,15867,15867,15867,2,2
2023-03-07 15:18:19,15869,15869,15869,6,6
2023-03-07 15:18:20,15869,15869,15869,2,0
2023-03-07 15:18:24,15868,15868,15868,2,-2
2023-03-07 15:18:24,15868,15868,15868,2,0
2023-03-07 15:18:24,15868,15868,15868,2,0
2023-03-07 15:18:25,15868,15868,15868,2,0
2023-03-07 15:18:25,15868,15868,15868,2,0
2023-03-07 15:18:33,15868,15868,15868,2,0
2023-03-07 15:18:33,15868,15868,15868,2,0
2023-03-07 15:18:34,15869,15869,15869,4,4
2023-03-07 15:18:36,15869,15869,15869,2,0
2023-03-07 15:18:41,15869,15869,15869,2,0
2023-03-07 15:18:49,15868,15868,15868,2,-2
2023-03-07 15:18:57,15869,15869,15869,6,6
2023-03-07 15:18:59,15869,15869,15869,2,0
2023-03-07 15:19:00,15868,15868,15868,2,-2
2023-03-07 15:19:00,15868,15868,15868,2,0
2023-03-07 15:19:00,15868,15868,15868,2,0
2023-03-07 15:19:00,15868,15868,15868,2,0
2023-03-07 15:19:00,15868,15868,15868,2,0
2023-03-07 15:19:14,15868,15868,15868,2,0
2023-03-07 15:19:33,15868,15868,15868,2,0
2023-03-07 15:19:59,15869,15869,15869,4,4
2023-03-07 15:20:07,15869,15869,15869,2,0
2023-03-07 15:20:15,15869,15869,15869,4,0
2023-03-07 15:20:19,15869,15869,15869,2,0
2023-03-07 15:20:24,15868,15868,15868,2,-2
2023-03-07 15:20:27,15870,15870,15870,4,4
2023-03-07 15:20:27,15870,15870,15870,2,0
2023-03-07 15:20:27,15870,15870,15870,2,0
2023-03-07 15:20:30,15869,15869,15869,2,-2
2023-03-07 15:20:30,15869,15869,15869,2,0
2023-03-07 15:20:32,15869,15869,15869,2,0
2023-03-07 15:20:32,15869,15869,15869,2,0
2023-03-07 15:20:32,15869,15869,15869,2,0
2023-03-07 15:20:33,15868,15868,15868,16,-16
2023-03-07 15:20:33,15868,15868,15868,2,0
2023-03-07 15:20:33,15868,15868,15868,4,0
2023-03-07 15:20:33,15868,15868,15868,2,0
2023-03-07 15:20:33,15868,15868,15868,2,0
2023-03-07 15:20:33,15868,15868,15868,2,0
2023-03-07 15:20:33,15868,15868,15868,2,0
2023-03-07 15:20:33,15868,15868,15868,2,0
2023-03-07 15:20:33,15868,15868,15868,2,0
2023-03-07 15:20:33,15868,15868,15868,4,0
2023-03-07 15:20:33,15868,15868,15868,2,0
2023-03-07 15:20:34,15867,15867,15867,2,-2
2023-03-07 15:20:34,15867,15867,15867,2,0
2023-03-07 15:20:34,15867,15867,15867,2,0
2023-03-07 15:20:34,15867,15867,15867,2,0
2023-03-07 15:20:34,15867,15867,15867,4,0
2023-03-07 15:20:34,15867,15867,15867,2,0
2023-03-07 15:20:34,15867,15867,15867,4,0
2023-03-07 15:20:34,15867,15867,15867,4,0
2023-03-07 15:20:34,15867,15867,15867,6,0
2023-03-07 15:20:37,15867,15867,15867,2,0
2023-03-07 15:20:38,15866,15866,15866,2,-2
2023-03-07 15:21:00,15867,15867,15867,2,2
2023-03-07 15:21:00,15867,15867,15867,8,0
2023-03-07 15:21:00,15868,15868,15868,4,4
2023-03-07 15:21:19,15868,15868,15868,4,0
2023-03-07 15:21:24,15868,15868,15868,2,0
2023-03-07 15:21:33,15868,15868,15868,4,0
2023-03-07 15:21:47,15868,15868,15868,2,0
2023-03-07 15:21:51,15867,15867,15867,2,-2
2023-03-07 15:21:52,15868,15868,15868,2,2
2023-03-07 15:22:03,15867,15867,15867,2,-2
2023-03-07 15:22:24,15868,15868,15868,2,2
2023-03-07 15:22:27,15868,15868,15868,2,0
2023-03-07 15:22:38,15868,15868,15868,2,0
2023-03-07 15:22:38,15868,15868,15868,2,0
2023-03-07 15:22:50,15867,15867,15867,2,-2
2023-03-07 15:22:50,15867,15867,15867,2,0
2023-03-07 15:22:55,15867,15867,15867,2,0
2023-03-07 15:23:00,15866,15866,15866,2,-2
2023-03-07 15:23:00,15866,15866,15866,2,0
2023-03-07 15:23:00,15866,15866,15866,2,0
2023-03-07 15:23:00,15866,15866,15866,2,0
2023-03-07 15:23:00,15866,15866,15866,4,0
2023-03-07 15:23:00,15866,15866,15866,2,0
2023-03-07 15:23:00,15866,15866,15866,10,0
2023-03-07 15:23:00,15866,15866,15866,2,0
2023-03-07 15:23:00,15866,15866,15866,2,0
2023-03-07 15:23:02,15865,15865,15865,2,-2
2023-03-07 15:23:02,15865,15865,15865,2,0
2023-03-07 15:23:02,15865,15865,15865,2,0
2023-03-07 15:23:02,15865,15865,15865,2,0
2023-03-07 15:23:02,15865,15865,15865,2,0
2023-03-07 15:23:02,15865,15865,15865,4,0
2023-03-07 15:23:02,15865,15865,15865,4,0
2023-03-07 15:23:07,15864,15864,15864,4,-4
2023-03-07 15:23:07,15864,15864,15864,2,0
2023-03-07 15:23:07,15864,15864,15864,2,0
2023-03-07 15:23:07,15864,15864,15864,2,0
2023-03-07 15:23:13,15865,15865,15865,4,4
2023-03-07 15:23:22,15865,15865,15865,2,0
2023-03-07 15:23:23,15865,15865,15865,2,0
2023-03-07 15:23:25,15865,15865,15865,2,0
2023-03-07 15:23:29,15865,15865,15865,2,0
2023-03-07 15:23:32,15865,15865,15865,2,0
2023-03-07 15:23:55,15866,15866,15866,2,2
2023-03-07 15:23:59,15867,15867,15867,4,4
2023-03-07 15:24:01,15868,15868,15868,2,2
2023-03-07 15:24:01,15867,15867,15867,4,-4
2023-03-07 15:24:01,15869,15869,15869,2,2
2023-03-07 15:24:22,15869,15869,15869,2,0
2023-03-07 15:24:26,15869,15869,15869,4,0
2023-03-07 15:24:26,15869,15869,15869,6,0
2023-03-07 15:24:29,15870,15870,15870,16,16
2023-03-07 15:24:31,15870,15870,15870,4,0
2023-03-07 15:24:31,15870,15870,15870,2,0
2023-03-07 15:24:31,15869,15869,15869,4,-4
2023-03-07 15:24:31,15869,15869,15869,4,0
2023-03-07 15:24:31,15869,15869,15869,4,0
2023-03-07 15:24:31,15869,15869,15869,2,0
2023-03-07 15:24:43,15870,15870,15870,2,2
2023-03-07 15:24:43,15870,15870,15870,2,0
2023-03-07 15:24:47,15870,15870,15870,2,0
2023-03-07 15:24:57,15870,15870,15870,2,0
2023-03-07 15:25:03,15870,15870,15870,2,0
2023-03-07 15:25:04,15870,15870,15870,2,0
2023-03-07 15:25:13,15870,15870,15870,2,0
2023-03-07 15:25:19,15870,15870,15870,2,0
2023-03-07 15:25:19,15870,15870,15870,2,0
2023-03-07 15:25:19,15870,15870,15870,6,0
2023-03-07 15:25:30,15871,15871,15871,2,2
2023-03-07 15:25:31,15871,15871,15871,2,0
2023-03-07 15:25:32,15871,15871,15871,10,0
2023-03-07 15:25:35,15871,15871,15871,8,0
2023-03-07 15:25:53,15872,15872,15872,10,10
2023-03-07 15:25:53,15872,15872,15872,2,0
2023-03-07 15:25:55,15872,15872,15872,10,0
2023-03-07 15:25:56,15872,15872,15872,6,0
2023-03-07 15:25:57,15873,15873,15873,10,10
2023-03-07 15:25:57,15873,15873,15873,2,0
2023-03-07 15:25:57,15873,15873,15873,4,0
2023-03-07 15:25:57,15873,15873,15873,8,0
2023-03-07 15:25:58,15873,15873,15873,2,0
2023-03-07 15:25:58,15873,15873,15873,2,0
2023-03-07 15:25:58,15873,15873,15873,2,0
2023-03-07 15:25:58,15873,15873,15873,2,0
2023-03-07 15:26:01,15873,15873,15873,2,0
2023-03-07 15:26:01,15873,15873,15873,2,0
2023-03-07 15:26:01,15874,15874,15874,2,2
2023-03-07 15:26:01,15874,15874,15874,2,0
2023-03-07 15:26:01,15874,15874,15874,2,0
2023-03-07 15:26:01,15874,15874,15874,2,0
2023-03-07 15:26:01,15874,15874,15874,2,0
2023-03-07 15:26:01,15873,15873,15873,2,-2
2023-03-07 15:26:01,15874,15874,15874,2,2
2023-03-07 15:26:01,15874,15874,15874,2,0
2023-03-07 15:26:01,15874,15874,15874,2,0
2023-03-07 15:26:01,15874,15874,15874,2,0
2023-03-07 15:26:01,15874,15874,15874,2,0
2023-03-07 15:26:01,15874,15874,15874,2,0
2023-03-07 15:26:03,15873,15873,15873,6,-6
2023-03-07 15:26:09,15873,15873,15873,4,0
2023-03-07 15:26:10,15873,15873,15873,2,0
2023-03-07 15:26:14,15873,15873,15873,2,0
2023-03-07 15:26:30,15874,15874,15874,2,2
2023-03-07 15:26:30,15873,15873,15873,2,-2
2023-03-07 15:26:30,15873,15873,15873,6,0
2023-03-07 15:26:30,15873,15873,15873,2,0
2023-03-07 15:26:30,15873,15873,15873,2,0
2023-03-07 15:26:30,15873,15873,15873,4,0
2023-03-07 15:26:30,15873,15873,15873,2,0
2023-03-07 15:26:30,15873,15873,15873,2,0
2023-03-07 15:26:43,15874,15874,15874,2,2
2023-03-07 15:26:49,15873,15873,15873,2,-2
2023-03-07 15:26:49,15874,15874,15874,8,8
2023-03-07 15:26:59,15874,15874,15874,2,0
2023-03-07 15:26:59,15874,15874,15874,10,0
2023-03-07 15:27:01,15874,15874,15874,2,0
2023-03-07 15:27:03,15874,15874,15874,22,0
2023-03-07 15:27:05,15873,15873,15873,2,-2
2023-03-07 15:27:08,15873,15873,15873,2,0
2023-03-07 15:27:20,15873,15873,15873,2,0
2023-03-07 15:27:20,15873,15873,15873,4,0
2023-03-07 15:27:27,15873,15873,15873,2,0
2023-03-07 15:27:29,15873,15873,15873,2,0
2023-03-07 15:27:29,15873,15873,15873,2,0
2023-03-07 15:27:33,15873,15873,15873,6,0
2023-03-07 15:27:33,15873,15873,15873,2,0
2023-03-07 15:27:35,15873,15873,15873,2,0
2023-03-07 15:27:36,15873,15873,15873,2,0
2023-03-07 15:27:48,15873,15873,15873,2,0
2023-03-07 15:27:56,15873,15873,15873,2,0
2023-03-07 15:27:59,15873,15873,15873,2,0
2023-03-07 15:28:09,15874,15874,15874,4,4
2023-03-07 15:28:09,15874,15874,15874,14,0
2023-03-07 15:28:13,15875,15875,15875,2,2
2023-03-07 15:28:13,15875,15875,15875,2,0
2023-03-07 15:28:13,15875,15875,15875,2,0
2023-03-07 15:28:13,15875,15875,15875,2,0
2023-03-07 15:28:17,15874,15874,15874,2,-2
2023-03-07 15:28:47,15873,15873,15873,2,-2
2023-03-07 15:28:47,15874,15874,15874,2,2
2023-03-07 15:28:57,15873,15873,15873,2,-2
2023-03-07 15:28:57,15873,15873,15873,2,0
2023-03-07 15:29:00,15874,15874,15874,6,6
2023-03-07 15:29:00,15874,15874,15874,4,0
2023-03-07 15:29:00,15873,15873,15873,2,-2
2023-03-07 15:29:00,15873,15873,15873,2,0
2023-03-07 15:29:00,15873,15873,15873,2,0
2023-03-07 15:29:00,15873,15873,15873,2,0
2023-03-07 15:29:00,15873,15873,15873,2,0
2023-03-07 15:29:22,15873,15873,15873,4,0
2023-03-07 15:29:41,15874,15874,15874,2,2
2023-03-07 15:29:45,15873,15873,15873,2,-2
2023-03-07 15:29:45,15873,15873,15873,2,0
2023-03-07 15:30:00,15873,15873,15873,4,0
2023-03-07 15:30:00,15874,15874,15874,2,2
2023-03-07 15:30:08,15874,15874,15874,10,0
2023-03-07 15:30:08,15874,15874,15874,2,0
2023-03-07 15:30:08,15874,15874,15874,2,0
2023-03-07 15:30:13,15874,15874,15874,64,0
2023-03-07 15:30:13,15875,15875,15875,2,2
2023-03-07 15:30:13,15875,15875,15875,2,0
2023-03-07 15:30:13,15875,15875,15875,14,0
2023-03-07 15:30:13,15875,15875,15875,2,0
2023-03-07 15:30:13,15875,15875,15875,22,0
2023-03-07 15:30:13,15875,15875,15875,2,0
2023-03-07 15:30:13,15875,15875,15875,2,0
2023-03-07 15:30:13,15875,15875,15875,4,0
2023-03-07 15:30:16,15875,15875,15875,2,0
2023-03-07 15:30:19,15876,15876,15876,8,8
2023-03-07 15:30:19,15876,15876,15876,2,0
2023-03-07 15:30:19,15877,15877,15877,8,8
2023-03-07 15:30:20,15876,15876,15876,2,-2
2023-03-07 15:30:20,15877,15877,15877,4,4
2023-03-07 15:30:22,15876,15876,15876,2,-2
2023-03-07 15:30:26,15877,15877,15877,2,2
2023-03-07 15:30:27,15876,15876,15876,2,-2
2023-03-07 15:30:27,15876,15876,15876,2,0
2023-03-07 15:30:31,15875,15875,15875,2,-2
2023-03-07 15:30:31,15875,15875,15875,2,0
2023-03-07 15:30:31,15875,15875,15875,2,0
2023-03-07 15:30:39,15875,15875,15875,2,0
2023-03-07 15:30:39,15874,15874,15874,6,-6
2023-03-07 15:30:41,15874,15874,15874,2,0
2023-03-07 15:30:41,15874,15874,15874,2,0
2023-03-07 15:30:41,15874,15874,15874,4,0
2023-03-07 15:30:41,15874,15874,15874,2,0
2023-03-07 15:30:41,15874,15874,15874,2,0
2023-03-07 15:30:41,15874,15874,15874,2,0
2023-03-07 15:30:41,15874,15874,15874,2,0
2023-03-07 15:30:41,15874,15874,15874,10,0
2023-03-07 15:30:41,15874,15874,15874,2,0
2023-03-07 15:30:41,15874,15874,15874,2,0
2023-03-07 15:30:41,15874,15874,15874,6,0
2023-03-07 15:30:41,15874,15874,15874,2,0
2023-03-07 15:30:41,15873,15873,15873,2,-2
2023-03-07 15:30:41,15873,15873,15873,2,0
2023-03-07 15:30:41,15873,15873,15873,2,0
2023-03-07 15:30:41,15873,15873,15873,2,0
2023-03-07 15:30:47,15874,15874,15874,2,2
2023-03-07 15:30:59,15875,15875,15875,8,8
2023-03-07 15:31:00,15875,15875,15875,2,0
2023-03-07 15:31:11,15875,15875,15875,8,0
2023-03-07 15:31:13,15875,15875,15875,2,0
2023-03-07 15:31:15,15875,15875,15875,2,0
2023-03-07 15:31:15,15874,15874,15874,2,-2
2023-03-07 15:31:15,15875,15875,15875,2,2
2023-03-07 15:31:20,15874,15874,15874,2,-2
2023-03-07 15:31:22,15875,15875,15875,2,2
2023-03-07 15:31:33,15874,15874,15874,2,-2
2023-03-07 15:31:34,15874,15874,15874,2,0
2023-03-07 15:31:34,15873,15873,15873,2,-2
2023-03-07 15:31:38,15873,15873,15873,2,0
2023-03-07 15:31:38,15873,15873,15873,4,0
2023-03-07 15:31:38,15873,15873,15873,2,0
2023-03-07 15:31:44,15873,15873,15873,2,0
2023-03-07 15:31:45,15873,15873,15873,2,0
2023-03-07 15:31:45,15873,15873,15873,2,0
2023-03-07 15:31:45,15873,15873,15873,2,0
2023-03-07 15:32:02,15872,15872,15872,2,-2
2023-03-07 15:32:02,15872,15872,15872,2,0
2023-03-07 15:32:02,15872,15872,15872,2,0
2023-03-07 15:32:02,15872,15872,15872,2,0
2023-03-07 15:32:02,15872,15872,15872,4,0
2023-03-07 15:32:02,15872,15872,15872,8,0
2023-03-07 15:32:05,15872,15872,15872,2,0
2023-03-07 15:32:12,15872,15872,15872,2,0
2023-03-07 15:32:16,15871,15871,15871,2,-2
2023-03-07 15:32:18,15871,15871,15871,2,0
2023-03-07 15:32:22,15871,15871,15871,2,0
2023-03-07 15:32:28,15871,15871,15871,2,0
2023-03-07 15:32:28,15871,15871,15871,2,0
2023-03-07 15:32:28,15871,15871,15871,2,0
2023-03-07 15:32:28,15871,15871,15871,2,0
2023-03-07 15:32:28,15871,15871,15871,2,0
2023-03-07 15:32:31,15870,15870,15870,2,-2
2023-03-07 15:32:31,15870,15870,15870,2,0
2023-03-07 15:32:31,15870,15870,15870,2,0
2023-03-07 15:32:32,15870,15870,15870,2,0
2023-03-07 15:32:33,15871,15871,15871,2,2
2023-03-07 15:32:33,15871,15871,15871,2,0
2023-03-07 15:32:33,15871,15871,15871,2,0
2023-03-07 15:32:34,15870,15870,15870,6,-6
2023-03-07 15:32:37,15870,15870,15870,6,0
2023-03-07 15:32:38,15870,15870,15870,6,0
2023-03-07 15:32:43,15871,15871,15871,2,2
2023-03-07 15:32:43,15870,15870,15870,2,-2
2023-03-07 15:32:46,15871,15871,15871,2,2
2023-03-07 15:32:46,15871,15871,15871,2,0
2023-03-07 15:32:49,15872,15872,15872,2,2
2023-03-07 15:32:49,15872,15872,15872,2,0
2023-03-07 15:32:53,15872,15872,15872,2,0
2023-03-07 15:32:53,15872,15872,15872,4,0
2023-03-07 15:32:53,15872,15872,15872,4,0
2023-03-07 15:32:54,15873,15873,15873,2,2
2023-03-07 15:32:54,15873,15873,15873,2,0
2023-03-07 15:32:54,15873,15873,15873,4,0
2023-03-07 15:32:54,15873,15873,15873,2,0
2023-03-07 15:32:54,15873,15873,15873,2,0
2023-03-07 15:32:54,15873,15873,15873,2,0
2023-03-07 15:32:54,15873,15873,15873,2,0
2023-03-07 15:33:00,15873,15873,15873,2,0
2023-03-07 15:33:00,15873,15873,15873,2,0
2023-03-07 15:33:03,15875,15875,15875,2,2
2023-03-07 15:33:09,15875,15875,15875,2,0
2023-03-07 15:33:29,15875,15875,15875,2,0
2023-03-07 15:33:39,15875,15875,15875,2,0
2023-03-07 15:33:45,15875,15875,15875,2,0
2023-03-07 15:33:52,15875,15875,15875,2,0
2023-03-07 15:33:52,15875,15875,15875,14,0
2023-03-07 15:33:57,15875,15875,15875,2,0
2023-03-07 15:34:00,15875,15875,15875,4,0
2023-03-07 15:34:00,15875,15875,15875,2,0
2023-03-07 15:34:02,15876,15876,15876,2,2
2023-03-07 15:34:02,15875,15875,15875,4,-4
2023-03-07 15:34:02,15875,15875,15875,2,0
2023-03-07 15:34:09,15875,15875,15875,2,0
2023-03-07 15:34:11,15875,15875,15875,2,0
2023-03-07 15:34:12,15876,15876,15876,2,2
2023-03-07 15:34:13,15876,15876,15876,2,0
2023-03-07 15:34:14,15874,15874,15874,2,-2
2023-03-07 15:34:20,15875,15875,15875,2,2
2023-03-07 15:34:25,15875,15875,15875,2,0
2023-03-07 15:34:40,15875,15875,15875,2,0
2023-03-07 15:34:42,15875,15875,15875,2,0
2023-03-07 15:34:42,15876,15876,15876,2,2
2023-03-07 15:34:43,15876,15876,15876,4,0
2023-03-07 15:34:44,15877,15877,15877,2,2
2023-03-07 15:34:48,15876,15876,15876,2,-2
2023-03-07 15:34:49,15876,15876,15876,2,0
2023-03-07 15:34:52,15876,15876,15876,2,0
2023-03-07 15:34:53,15876,15876,15876,2,0
2023-03-07 15:34:54,15876,15876,15876,2,0
2023-03-07 15:34:57,15876,15876,15876,2,0
2023-03-07 15:35:03,15876,15876,15876,2,0
2023-03-07 15:35:03,15876,15876,15876,2,0
2023-03-07 15:35:08,15876,15876,15876,2,0
2023-03-07 15:35:08,15876,15876,15876,2,0
2023-03-07 15:35:09,15876,15876,15876,2,0
2023-03-07 15:35:09,15876,15876,15876,2,0
2023-03-07 15:35:13,15876,15876,15876,2,0
2023-03-07 15:35:15,15876,15876,15876,2,0
2023-03-07 15:35:15,15876,15876,15876,2,0
2023-03-07 15:35:17,15876,15876,15876,2,0
2023-03-07 15:35:26,15876,15876,15876,12,0
2023-03-07 15:35:31,15876,15876,15876,2,0
2023-03-07 15:35:38,15876,15876,15876,2,0
2023-03-07 15:35:38,15876,15876,15876,2,0
2023-03-07 15:35:39,15876,15876,15876,2,0
2023-03-07 15:35:41,15876,15876,15876,2,0
2023-03-07 15:35:42,15876,15876,15876,2,0
2023-03-07 15:35:42,15876,15876,15876,2,0
2023-03-07 15:35:44,15876,15876,15876,2,0
2023-03-07 15:35:45,15876,15876,15876,2,0
2023-03-07 15:35:49,15876,15876,15876,2,0
2023-03-07 15:35:50,15876,15876,15876,2,0
2023-03-07 15:35:51,15876,15876,15876,2,0
2023-03-07 15:35:53,15876,15876,15876,2,0
2023-03-07 15:35:56,15876,15876,15876,2,0
2023-03-07 15:36:11,15876,15876,15876,2,0
2023-03-07 15:36:11,15876,15876,15876,8,0
2023-03-07 15:36:16,15875,15875,15875,2,-2
2023-03-07 15:36:18,15876,15876,15876,2,2
2023-03-07 15:36:26,15876,15876,15876,2,0
2023-03-07 15:36:27,15876,15876,15876,2,0
2023-03-07 15:36:27,15876,15876,15876,4,0
2023-03-07 15:36:27,15876,15876,15876,2,0
2023-03-07 15:36:27,15877,15877,15877,4,4
2023-03-07 15:36:27,15877,15877,15877,2,0
2023-03-07 15:36:27,15877,15877,15877,2,0
2023-03-07 15:36:27,15877,15877,15877,4,0
2023-03-07 15:36:27,15876,15876,15876,4,-4
2023-03-07 15:36:41,15875,15875,15875,2,-2
2023-03-07 15:36:41,15875,15875,15875,2,0
2023-03-07 15:36:41,15875,15875,15875,2,0
2023-03-07 15:36:41,15875,15875,15875,2,0
2023-03-07 15:36:41,15875,15875,15875,2,0
2023-03-07 15:36:41,15875,15875,15875,2,0
2023-03-07 15:36:41,15875,15875,15875,2,0
2023-03-07 15:36:41,15875,15875,15875,2,0
2023-03-07 15:36:41,15875,15875,15875,2,0
2023-03-07 15:36:41,15875,15875,15875,2,0
2023-03-07 15:36:41,15875,15875,15875,2,0
2023-03-07 15:36:42,15874,15874,15874,2,-2
2023-03-07 15:36:44,15873,15873,15873,2,-2
2023-03-07 15:36:50,15874,15874,15874,2,2
2023-03-07 15:37:02,15874,15874,15874,2,0
2023-03-07 15:37:08,15874,15874,15874,2,0
2023-03-07 15:37:08,15874,15874,15874,4,0
2023-03-07 15:37:10,15875,15875,15875,2,2
2023-03-07 15:37:31,15874,15874,15874,2,-2
2023-03-07 15:37:51,15874,15874,15874,2,0
2023-03-07 15:37:58,15875,15875,15875,2,2
2023-03-07 15:37:59,15875,15875,15875,2,0
2023-03-07 15:38:10,15875,15875,15875,2,0
2023-03-07 15:38:17,15876,15876,15876,2,2
2023-03-07 15:38:31,15875,15875,15875,2,-2
2023-03-07 15:38:32,15875,15875,15875,2,0
2023-03-07 15:38:32,15875,15875,15875,2,0
2023-03-07 15:38:38,15876,15876,15876,2,2
2023-03-07 15:38:51,15875,15875,15875,4,-4
2023-03-07 15:38:51,15875,15875,15875,2,0
2023-03-07 15:38:52,15875,15875,15875,2,0
2023-03-07 15:38:52,15876,15876,15876,4,4
2023-03-07 15:38:52,15876,15876,15876,4,0
2023-03-07 15:39:08,15876,15876,15876,2,0
2023-03-07 15:39:17,15876,15876,15876,2,0
2023-03-07 15:39:17,15876,15876,15876,2,0
2023-03-07 15:39:17,15876,15876,15876,2,0
2023-03-07 15:39:17,15876,15876,15876,2,0
2023-03-07 15:39:17,15876,15876,15876,2,0
2023-03-07 15:39:40,15876,15876,15876,2,0
2023-03-07 15:39:54,15876,15876,15876,2,0
2023-03-07 15:39:54,15876,15876,15876,2,0
2023-03-07 15:40:00,15876,15876,15876,2,0
2023-03-07 15:40:10,15876,15876,15876,2,0
2023-03-07 15:40:12,15876,15876,15876,2,0
2023-03-07 15:40:12,15876,15876,15876,2,0
2023-03-07 15:40:13,15876,15876,15876,2,0
2023-03-07 15:40:22,15876,15876,15876,2,0
2023-03-07 15:40:26,15876,15876,15876,2,0
2023-03-07 15:40:40,15876,15876,15876,2,0
2023-03-07 15:40:40,15876,15876,15876,2,0
2023-03-07 15:40:49,15876,15876,15876,2,0
2023-03-07 15:40:50,15876,15876,15876,2,0
2023-03-07 15:40:50,15876,15876,15876,2,0
2023-03-07 15:41:06,15876,15876,15876,2,0
2023-03-07 15:41:13,15875,15875,15875,2,-2
2023-03-07 15:41:17,15876,15876,15876,4,4
2023-03-07 15:41:48,15875,15875,15875,4,-4
2023-03-07 15:41:49,15875,15875,15875,2,0
2023-03-07 15:42:04,15875,15875,15875,6,0
2023-03-07 15:42:04,15875,15875,15875,4,0
2023-03-07 15:42:14,15875,15875,15875,2,0
2023-03-07 15:42:14,15875,15875,15875,2,0
2023-03-07 15:42:14,15875,15875,15875,2,0
2023-03-07 15:42:14,15875,15875,15875,2,0
2023-03-07 15:42:14,15875,15875,15875,2,0
2023-03-07 15:42:14,15875,15875,15875,2,0
2023-03-07 15:42:14,15875,15875,15875,2,0
2023-03-07 15:42:14,15875,15875,15875,2,0
2023-03-07 15:42:14,15875,15875,15875,2,0
2023-03-07 15:42:17,15875,15875,15875,2,0
2023-03-07 15:42:17,15875,15875,15875,2,0
2023-03-07 15:42:20,15874,15874,15874,2,-2
2023-03-07 15:42:22,15875,15875,15875,2,2
2023-03-07 15:42:30,15875,15875,15875,2,0
2023-03-07 15:42:57,15875,15875,15875,2,0
2023-03-07 15:42:57,15874,15874,15874,2,-2
2023-03-07 15:42:59,15874,15874,15874,2,0
2023-03-07 15:43:00,15874,15874,15874,2,0
2023-03-07 15:43:00,15874,15874,15874,4,0
2023-03-07 15:43:00,15874,15874,15874,2,0
2023-03-07 15:43:00,15874,15874,15874,2,0
2023-03-07 15:43:01,15873,15873,15873,2,-2
2023-03-07 15:43:06,15873,15873,15873,2,0
2023-03-07 15:43:22,15873,15873,15873,2,0
2023-03-07 15:43:24,15873,15873,15873,2,0
2023-03-07 15:43:24,15873,15873,15873,2,0
2023-03-07 15:43:29,15873,15873,15873,2,0
2023-03-07 15:43:34,15873,15873,15873,2,0
2023-03-07 15:43:38,15874,15874,15874,10,10
2023-03-07 15:43:38,15874,15874,15874,8,0
2023-03-07 15:43:38,15874,15874,15874,8,0
2023-03-07 15:43:38,15874,15874,15874,2,0
2023-03-07 15:43:44,15875,15875,15875,6,6
2023-03-07 15:44:22,15875,15875,15875,2,0
2023-03-07 15:44:26,15875,15875,15875,8,0
2023-03-07 15:44:53,15875,15875,15875,2,0
2023-03-07 15:44:54,15875,15875,15875,2,0
2023-03-07 15:44:56,15875,15875,15875,2,0
2023-03-07 15:45:27,15874,15874,15874,2,-2
2023-03-07 15:45:27,15874,15874,15874,4,0
2023-03-07 15:45:45,15873,15873,15873,2,-2
2023-03-07 15:45:45,15873,15873,15873,2,0
2023-03-07 15:45:45,15873,15873,15873,2,0
2023-03-07 15:45:45,15873,15873,15873,4,0
2023-03-07 15:45:45,15873,15873,15873,2,0
2023-03-07 15:45:45,15873,15873,15873,2,0
2023-03-07 15:45:45,15873,15873,15873,14,0
2023-03-07 15:45:45,15873,15873,15873,2,0
2023-03-07 15:45:45,15873,15873,15873,2,0
2023-03-07 15:45:45,15873,15873,15873,2,0
2023-03-07 15:45:47,15872,15872,15872,2,-2
2023-03-07 15:45:47,15872,15872,15872,2,0
2023-03-07 15:45:47,15872,15872,15872,2,0
2023-03-07 15:46:00,15872,15872,15872,2,0
2023-03-07 15:46:00,15871,15871,15871,2,-2
2023-03-07 15:46:00,15871,15871,15871,2,0
2023-03-07 15:46:00,15871,15871,15871,4,0
2023-03-07 15:46:04,15871,15871,15871,2,0
2023-03-07 15:46:04,15872,15872,15872,2,2
2023-03-07 15:46:04,15872,15872,15872,4,0
2023-03-07 15:46:10,15872,15872,15872,2,0
2023-03-07 15:46:16,15872,15872,15872,2,0
2023-03-07 15:46:51,15873,15873,15873,2,2
2023-03-07 15:46:55,15874,15874,15874,4,4
2023-03-07 15:47:08,15873,15873,15873,2,-2
2023-03-07 15:47:18,15873,15873,15873,2,0
2023-03-07 15:47:18,15873,15873,15873,2,0
2023-03-07 15:47:28,15873,15873,15873,2,0
2023-03-07 15:47:41,15873,15873,15873,2,0
2023-03-07 15:47:54,15872,15872,15872,2,-2
2023-03-07 15:48:09,15872,15872,15872,2,0
2023-03-07 15:48:16,15873,15873,15873,2,2
2023-03-07 15:49:33,15873,15873,15873,2,0
2023-03-07 15:50:00,15872,15872,15872,2,-2
2023-03-07 15:50:02,15872,15872,15872,2,0
2023-03-07 15:50:07,15873,15873,15873,4,4
2023-03-07 15:50:07,15873,15873,15873,4,0
2023-03-07 15:50:21,15873,15873,15873,2,0
2023-03-07 15:50:22,15872,15872,15872,2,-2
2023-03-07 15:50:39,15873,15873,15873,2,2
2023-03-07 15:51:09,15872,15872,15872,2,-2
2023-03-07 15:51:09,15872,15872,15872,2,0
2023-03-07 15:51:24,15872,15872,15872,2,0
2023-03-07 15:51:24,15872,15872,15872,4,0
2023-03-07 15:51:36,15872,15872,15872,6,0
2023-03-07 15:51:37,15871,15871,15871,2,-2
2023-03-07 15:52:20,15872,15872,15872,2,2
2023-03-07 15:52:20,15871,15871,15871,4,-4
2023-03-07 15:52:20,15871,15871,15871,2,0
2023-03-07 15:52:20,15871,15871,15871,2,0
2023-03-07 15:52:24,15871,15871,15871,2,0
2023-03-07 15:52:24,15871,15871,15871,2,0
2023-03-07 15:52:25,15871,15871,15871,2,0
2023-03-07 15:52:30,15871,15871,15871,2,0
2023-03-07 15:52:35,15872,15872,15872,2,2
2023-03-07 15:52:35,15872,15872,15872,2,0
2023-03-07 15:52:35,15872,15872,15872,2,0
2023-03-07 15:52:42,15872,15872,15872,2,0
2023-03-07 15:52:47,15873,15873,15873,2,2
2023-03-07 15:53:26,15872,15872,15872,2,-2
2023-03-07 15:54:10,15873,15873,15873,2,2
2023-03-07 15:54:46,15872,15872,15872,2,-2
2023-03-07 15:54:46,15872,15872,15872,2,0
2023-03-07 15:54:46,15872,15872,15872,2,0
2023-03-07 15:54:46,15872,15872,15872,2,0
2023-03-07 15:54:46,15872,15872,15872,2,0
2023-03-07 15:55:20,15871,15871,15871,2,-2
2023-03-07 15:55:20,15871,15871,15871,2,0
2023-03-07 15:55:23,15872,15872,15872,2,2
2023-03-07 15:55:23,15871,15871,15871,2,-2
2023-03-07 15:55:36,15872,15872,15872,2,2
2023-03-07 15:55:37,15873,15873,15873,38,38
2023-03-07 15:55:37,15873,15873,15873,6,0
2023-03-07 15:55:37,15873,15873,15873,4,0
2023-03-07 15:55:37,15873,15873,15873,2,0
2023-03-07 15:55:37,15873,15873,15873,2,0
2023-03-07 15:56:06,15872,15872,15872,2,-2
2023-03-07 15:56:08,15873,15873,15873,2,2
2023-03-07 15:56:08,15873,15873,15873,2,0
2023-03-07 15:56:58,15873,15873,15873,2,0
2023-03-07 15:58:02,15872,15872,15872,2,-2
2023-03-07 15:58:09,15871,15871,15871,2,-2
2023-03-07 15:58:12,15871,15871,15871,2,0
2023-03-07 15:58:29,15871,15871,15871,2,0
2023-03-07 15:58:29,15871,15871,15871,2,0
2023-03-07 15:58:29,15871,15871,15871,2,0
2023-03-07 15:58:52,15871,15871,15871,2,0
2023-03-07 15:58:57,15870,15870,15870,2,-2
2023-03-07 15:58:57,15870,15870,15870,4,0
2023-03-07 15:59:01,15870,15870,15870,2,0
2023-03-07 15:59:05,15870,15870,15870,2,0
2023-03-07 15:59:05,15870,15870,15870,2,0
2023-03-07 15:59:21,15870,15870,15870,2,0
2023-03-07 15:59:21,15870,15870,15870,2,0
2023-03-07 15:59:29,15870,15870,15870,2,0
2023-03-07 15:59:29,15870,15870,15870,2,0
2023-03-07 15:59:29,15870,15870,15870,2,0
2023-03-07 15:59:40,15870,15870,15870,2,0
2023-03-07 15:59:42,15870,15870,15870,2,0
2023-03-07 15:59:46,15869,15869,15869,2,-2
2023-03-07 15:59:46,15869,15869,15869,2,0
2023-03-07 15:59:59,15869,15869,15869,2,0
2023-03-07 15:59:59,15869,15869,15869,2,0
2023-03-07 15:59:59,15869,15869,15869,2,0
2023-03-07 15:59:59,15869,15869,15869,2,0
2023-03-07 15:59:59,15869,15869,15869,2,0
2023-03-07 16:00:00,15869,15869,15869,2,0
2023-03-07 16:00:00,15869,15869,15869,2,0
2023-03-07 16:00:00,15869,15869,15869,2,0
2023-03-07 16:00:00,15869,15869,15869,2,0
2023-03-07 16:00:00,15870,15870,15870,6,6
2023-03-07 16:00:02,15869,15869,15869,2,-2
2023-03-07 16:00:02,15869,15869,15869,2,0
2023-03-07 16:00:02,15869,15869,15869,2,0
2023-03-07 16:00:02,15869,15869,15869,4,0
2023-03-07 16:00:03,15872,15872,15872,2,2
2023-03-07 16:00:06,15873,15873,15873,4,4
2023-03-07 16:00:06,15873,15873,15873,4,0
2023-03-07 16:00:06,15873,15873,15873,2,0
2023-03-07 16:00:15,15873,15873,15873,2,0
2023-03-07 16:00:21,15872,15872,15872,6,-6
2023-03-07 16:00:21,15872,15872,15872,4,0
2023-03-07 16:00:24,15872,15872,15872,2,0
2023-03-07 16:00:25,15873,15873,15873,2,2
2023-03-07 16:00:28,15871,15871,15871,2,-2
2023-03-07 16:00:28,15871,15871,15871,2,0
2023-03-07 16:00:35,15870,15870,15870,2,-2
2023-03-07 16:00:40,15871,15871,15871,4,4
2023-03-07 16:00:41,15870,15870,15870,2,-2
2023-03-07 16:00:51,15871,15871,15871,4,4
2023-03-07 16:00:52,15871,15871,15871,2,0
2023-03-07 16:00:52,15871,15871,15871,2,0
2023-03-07 16:01:26,15871,15871,15871,2,0
2023-03-07 16:01:47,15873,15873,15873,4,4
2023-03-07 16:02:00,15872,15872,15872,2,-2
2023-03-07 16:02:00,15872,15872,15872,2,0
2023-03-07 16:02:01,15873,15873,15873,4,4
2023-03-07 16:02:17,15872,15872,15872,2,-2
2023-03-07 16:02:20,15871,15871,15871,2,-2
2023-03-07 16:02:20,15871,15871,15871,2,0
2023-03-07 16:02:21,15872,15872,15872,2,2
2023-03-07 16:02:23,15872,15872,15872,2,0
2023-03-07 16:02:24,15872,15872,15872,2,0
2023-03-07 16:02:24,15872,15872,15872,2,0
2023-03-07 16:02:24,15872,15872,15872,2,0
2023-03-07 16:02:24,15872,15872,15872,2,0
2023-03-07 16:02:38,15873,15873,15873,2,2
2023-03-07 16:02:38,15873,15873,15873,2,0
2023-03-07 16:02:50,15873,15873,15873,2,0
2023-03-07 16:02:56,15873,15873,15873,2,0
2023-03-07 16:02:56,15873,15873,15873,2,0
2023-03-07 16:03:07,15873,15873,15873,4,0
2023-03-07 16:03:09,15874,15874,15874,2,2
2023-03-07 16:03:12,15874,15874,15874,4,0
2023-03-07 16:03:12,15874,15874,15874,2,0
2023-03-07 16:03:12,15874,15874,15874,2,0
2023-03-07 16:03:12,15874,15874,15874,2,0
2023-03-07 16:03:16,15874,15874,15874,2,0
2023-03-07 16:03:19,15874,15874,15874,2,0
2023-03-07 16:03:30,15874,15874,15874,2,0
2023-03-07 16:03:44,15874,15874,15874,2,0
2023-03-07 16:04:25,15874,15874,15874,2,0
2023-03-07 16:04:31,15874,15874,15874,2,0
2023-03-07 16:04:38,15873,15873,15873,2,-2
2023-03-07 16:04:42,15873,15873,15873,2,0
2023-03-07 16:04:44,15873,15873,15873,2,0
2023-03-07 16:04:52,15873,15873,15873,2,0
2023-03-07 16:04:57,15874,15874,15874,2,2
2023-03-07 16:05:05,15872,15872,15872,2,-2
2023-03-07 16:05:14,15873,15873,15873,2,2
2023-03-07 16:05:15,15873,15873,15873,2,0
2023-03-07 16:05:25,15873,15873,15873,2,0
2023-03-07 16:05:30,15872,15872,15872,2,-2
2023-03-07 16:05:40,15871,15871,15871,2,-2
2023-03-07 16:05:43,15871,15871,15871,2,0
2023-03-07 16:05:47,15871,15871,15871,2,0
2023-03-07 16:05:47,15870,15870,15870,2,-2
2023-03-07 16:05:48,15871,15871,15871,2,2
2023-03-07 16:06:01,15872,15872,15872,2,2
2023-03-07 16:06:12,15874,15874,15874,2,2
2023-03-07 16:06:12,15874,15874,15874,2,0
2023-03-07 16:06:21,15875,15875,15875,4,4
2023-03-07 16:06:22,15875,15875,15875,2,0
2023-03-07 16:06:42,15875,15875,15875,2,0
2023-03-07 16:06:43,15875,15875,15875,4,0
2023-03-07 16:06:43,15875,15875,15875,2,0
2023-03-07 16:06:43,15875,15875,15875,2,0
2023-03-07 16:06:52,15875,15875,15875,2,0
2023-03-07 16:07:06,15875,15875,15875,2,0
2023-03-07 16:07:10,15875,15875,15875,2,0
2023-03-07 16:07:20,15874,15874,15874,2,-2
2023-03-07 16:07:20,15874,15874,15874,2,0
2023-03-07 16:07:27,15874,15874,15874,2,0
2023-03-07 16:07:27,15874,15874,15874,2,0
2023-03-07 16:07:29,15874,15874,15874,2,0
2023-03-07 16:07:43,15873,15873,15873,2,-2
2023-03-07 16:07:43,15873,15873,15873,2,0
2023-03-07 16:07:53,15872,15872,15872,2,-2
2023-03-07 16:07:59,15871,15871,15871,2,-2
2023-03-07 16:08:01,15872,15872,15872,2,2
2023-03-07 16:08:08,15873,15873,15873,2,2
2023-03-07 16:08:10,15873,15873,15873,2,0
2023-03-07 16:08:10,15873,15873,15873,2,0
2023-03-07 16:08:13,15874,15874,15874,2,2
2023-03-07 16:08:13,15874,15874,15874,2,0
2023-03-07 16:08:13,15874,15874,15874,2,0
2023-03-07 16:08:31,15875,15875,15875,2,2
2023-03-07 16:08:31,15876,15876,15876,2,2
2023-03-07 16:08:40,15874,15874,15874,2,-2
2023-03-07 16:08:59,15873,15873,15873,2,-2
2023-03-07 16:09:18,15873,15873,15873,2,0
2023-03-07 16:09:20,15872,15872,15872,2,-2
2023-03-07 16:09:20,15872,15872,15872,2,0
2023-03-07 16:09:32,15872,15872,15872,2,0
2023-03-07 16:09:32,15872,15872,15872,2,0
2023-03-07 16:09:33,15871,15871,15871,2,-2
2023-03-07 16:09:50,15871,15871,15871,2,0
2023-03-07 16:10:05,15872,15872,15872,2,2
2023-03-07 16:10:10,15871,15871,15871,2,-2
2023-03-07 16:10:10,15871,15871,15871,4,0
2023-03-07 16:10:10,15871,15871,15871,2,0
2023-03-07 16:10:30,15871,15871,15871,2,0
2023-03-07 16:10:39,15872,15872,15872,2,2
2023-03-07 16:10:40,15871,15871,15871,2,-2
2023-03-07 16:10:40,15871,15871,15871,2,0
2023-03-07 16:10:40,15871,15871,15871,2,0
2023-03-07 16:10:40,15871,15871,15871,2,0
2023-03-07 16:10:40,15871,15871,15871,2,0
2023-03-07 16:10:48,15871,15871,15871,2,0
2023-03-07 16:11:02,15871,15871,15871,2,0
2023-03-07 16:11:02,15871,15871,15871,2,0
2023-03-07 16:11:02,15871,15871,15871,2,0
2023-03-07 16:11:05,15871,15871,15871,2,0
2023-03-07 16:11:15,15872,15872,15872,2,2
2023-03-07 16:11:31,15871,15871,15871,2,-2
2023-03-07 16:11:40,15870,15870,15870,2,-2
2023-03-07 16:11:40,15870,15870,15870,2,0
2023-03-07 16:11:40,15870,15870,15870,2,0
2023-03-07 16:11:40,15870,15870,15870,2,0
2023-03-07 16:11:40,15870,15870,15870,2,0
2023-03-07 16:11:40,15870,15870,15870,6,0
2023-03-07 16:11:40,15870,15870,15870,6,0
2023-03-07 16:11:40,15870,15870,15870,2,0
2023-03-07 16:11:40,15870,15870,15870,2,0
2023-03-07 16:11:44,15869,15869,15869,2,-2
2023-03-07 16:11:44,15869,15869,15869,2,0
2023-03-07 16:11:44,15869,15869,15869,2,0
2023-03-07 16:11:44,15869,15869,15869,4,0
2023-03-07 16:11:54,15869,15869,15869,2,0
2023-03-07 16:12:01,15868,15868,15868,2,-2
2023-03-07 16:12:01,15868,15868,15868,2,0
2023-03-07 16:12:06,15868,15868,15868,2,0
2023-03-07 16:12:06,15868,15868,15868,2,0
2023-03-07 16:12:06,15868,15868,15868,2,0
2023-03-07 16:12:06,15868,15868,15868,2,0
2023-03-07 16:12:06,15868,15868,15868,2,0
2023-03-07 16:12:06,15868,15868,15868,2,0
2023-03-07 16:12:06,15868,15868,15868,2,0
2023-03-07 16:12:08,15867,15867,15867,2,-2
2023-03-07 16:12:17,15867,15867,15867,2,0
2023-03-07 16:12:17,15867,15867,15867,2,0
2023-03-07 16:12:20,15867,15867,15867,6,0
2023-03-07 16:12:20,15868,15868,15868,4,4
2023-03-07 16:12:22,15867,15867,15867,6,-6
2023-03-07 16:12:22,15867,15867,15867,2,0
2023-03-07 16:12:22,15867,15867,15867,2,0
2023-03-07 16:12:22,15867,15867,15867,2,0
2023-03-07 16:12:22,15867,15867,15867,2,0
2023-03-07 16:12:22,15867,15867,15867,2,0
2023-03-07 16:12:22,15867,15867,15867,2,0
2023-03-07 16:12:22,15867,15867,15867,2,0
2023-03-07 16:12:22,15867,15867,15867,2,0
2023-03-07 16:12:22,15866,15866,15866,2,-2
2023-03-07 16:12:22,15866,15866,15866,2,0
2023-03-07 16:12:22,15866,15866,15866,2,0
2023-03-07 16:12:22,15866,15866,15866,2,0
2023-03-07 16:12:22,15866,15866,15866,2,0
2023-03-07 16:12:22,15866,15866,15866,2,0
2023-03-07 16:12:22,15866,15866,15866,4,0
2023-03-07 16:12:22,15866,15866,15866,2,0
2023-03-07 16:12:22,15866,15866,15866,2,0
2023-03-07 16:12:22,15866,15866,15866,2,0
2023-03-07 16:12:22,15865,15865,15865,2,-2
2023-03-07 16:12:22,15865,15865,15865,4,0
2023-03-07 16:12:22,15865,15865,15865,2,0
2023-03-07 16:12:23,15865,15865,15865,2,0
2023-03-07 16:12:26,15866,15866,15866,2,2
2023-03-07 16:12:27,15865,15865,15865,2,-2
2023-03-07 16:12:27,15865,15865,15865,8,0
2023-03-07 16:12:28,15865,15865,15865,4,0
2023-03-07 16:12:33,15866,15866,15866,2,2
2023-03-07 16:12:36,15865,15865,15865,2,-2
2023-03-07 16:12:38,15866,15866,15866,4,4
2023-03-07 16:12:38,15866,15866,15866,2,0
2023-03-07 16:12:40,15866,15866,15866,2,0
2023-03-07 16:12:40,15865,15865,15865,2,-2
2023-03-07 16:12:46,15866,15866,15866,2,2
2023-03-07 16:12:48,15866,15866,15866,2,0
2023-03-07 16:12:48,15866,15866,15866,2,0
2023-03-07 16:12:48,15866,15866,15866,2,0
2023-03-07 16:12:49,15866,15866,15866,2,0
2023-03-07 16:12:49,15866,15866,15866,2,0
2023-03-07 16:12:49,15866,15866,15866,2,0
2023-03-07 16:12:49,15866,15866,15866,2,0
2023-03-07 16:12:50,15867,15867,15867,2,2
2023-03-07 16:12:50,15867,15867,15867,2,0
2023-03-07 16:12:53,15867,15867,15867,10,0
2023-03-07 16:12:55,15866,15866,15866,2,-2
2023-03-07 16:12:57,15867,15867,15867,2,2
2023-03-07 16:13:00,15866,15866,15866,2,-2
2023-03-07 16:13:04,15867,15867,15867,2,2
2023-03-07 16:13:05,15867,15867,15867,4,0
2023-03-07 16:13:05,15867,15867,15867,4,0
2023-03-07 16:13:13,15866,15866,15866,4,-4
2023-03-07 16:13:14,15866,15866,15866,2,0
2023-03-07 16:13:17,15866,15866,15866,2,0
2023-03-07 16:13:19,15866,15866,15866,2,0
2023-03-07 16:13:30,15866,15866,15866,2,0
2023-03-07 16:13:31,15866,15866,15866,2,0
2023-03-07 16:13:31,15866,15866,15866,4,0
2023-03-07 16:13:31,15866,15866,15866,2,0
2023-03-07 16:13:31,15866,15866,15866,2,0
2023-03-07 16:13:40,15865,15865,15865,4,-4
2023-03-07 16:13:40,15865,15865,15865,4,0
2023-03-07 16:13:45,15865,15865,15865,2,0
2023-03-07 16:13:55,15865,15865,15865,2,0
2023-03-07 16:13:56,15865,15865,15865,2,0
2023-03-07 16:13:56,15865,15865,15865,2,0
2023-03-07 16:13:56,15865,15865,15865,2,0
2023-03-07 16:13:57,15865,15865,15865,2,0
2023-03-07 16:13:57,15866,15866,15866,2,2
2023-03-07 16:13:58,15865,15865,15865,2,-2
2023-03-07 16:13:58,15866,15866,15866,4,4
2023-03-07 16:13:58,15866,15866,15866,4,0
2023-03-07 16:13:58,15866,15866,15866,2,0
2023-03-07 16:13:58,15866,15866,15866,2,0
2023-03-07 16:14:03,15867,15867,15867,2,2
2023-03-07 16:14:03,15867,15867,15867,2,0
2023-03-07 16:14:10,15868,15868,15868,2,2
2023-03-07 16:14:12,15867,15867,15867,2,-2
2023-03-07 16:14:12,15867,15867,15867,2,0
2023-03-07 16:14:31,15866,15866,15866,2,-2
2023-03-07 16:14:33,15865,15865,15865,2,-2
2023-03-07 16:14:33,15865,15865,15865,2,0
2023-03-07 16:14:33,15865,15865,15865,2,0
2023-03-07 16:14:33,15865,15865,15865,2,0
2023-03-07 16:14:33,15865,15865,15865,2,0
2023-03-07 16:14:40,15865,15865,15865,2,0
2023-03-07 16:14:42,15864,15864,15864,2,-2
2023-03-07 16:14:42,15864,15864,15864,2,0
2023-03-07 16:14:46,15865,15865,15865,2,2
2023-03-07 16:14:46,15865,15865,15865,2,0
2023-03-07 16:14:46,15865,15865,15865,2,0
2023-03-07 16:14:48,15865,15865,15865,2,0
2023-03-07 16:14:48,15865,15865,15865,2,0
2023-03-07 16:14:48,15865,15865,15865,2,0
2023-03-07 16:14:48,15864,15864,15864,2,-2
2023-03-07 16:14:48,15864,15864,15864,2,0
2023-03-07 16:14:48,15864,15864,15864,8,0
2023-03-07 16:14:48,15864,15864,15864,2,0
2023-03-07 16:14:48,15864,15864,15864,2,0
2023-03-07 16:14:48,15864,15864,15864,2,0
2023-03-07 16:14:48,15864,15864,15864,2,0
2023-03-07 16:14:48,15864,15864,15864,4,0
2023-03-07 16:14:48,15864,15864,15864,2,0
2023-03-07 16:14:48,15864,15864,15864,2,0
2023-03-07 16:14:48,15864,15864,15864,2,0
2023-03-07 16:14:48,15864,15864,15864,4,0
2023-03-07 16:14:48,15864,15864,15864,4,0
2023-03-07 16:14:48,15864,15864,15864,2,0
2023-03-07 16:14:48,15863,15863,15863,2,-2
2023-03-07 16:14:48,15863,15863,15863,2,0
2023-03-07 16:14:48,15864,15864,15864,2,2
2023-03-07 16:14:57,15864,15864,15864,2,0
2023-03-07 16:14:57,15864,15864,15864,10,0
2023-03-07 16:14:57,15864,15864,15864,2,0
2023-03-07 16:14:57,15864,15864,15864,2,0
2023-03-07 16:14:57,15864,15864,15864,2,0
2023-03-07 16:14:57,15864,15864,15864,2,0
2023-03-07 16:14:57,15863,15863,15863,4,-4
2023-03-07 16:14:57,15863,15863,15863,2,0
2023-03-07 16:14:57,15863,15863,15863,4,0
2023-03-07 16:14:57,15863,15863,15863,2,0
2023-03-07 16:14:57,15863,15863,15863,2,0
2023-03-07 16:14:57,15863,15863,15863,4,0
2023-03-07 16:14:57,15863,15863,15863,2,0
2023-03-07 16:14:57,15863,15863,15863,2,0
2023-03-07 16:14:57,15863,15863,15863,4,0
2023-03-07 16:14:57,15863,15863,15863,4,0
2023-03-07 16:14:58,15863,15863,15863,2,0
2023-03-07 16:15:00,15863,15863,15863,2,0
2023-03-07 16:15:00,15864,15864,15864,2,2
2023-03-07 16:15:00,15863,15863,15863,2,-2
2023-03-07 16:15:10,15864,15864,15864,2,2
2023-03-07 16:15:11,15864,15864,15864,2,0
2023-03-07 16:15:11,15863,15863,15863,2,-2
2023-03-07 16:15:11,15864,15864,15864,2,2
2023-03-07 16:15:11,15863,15863,15863,2,-2
2023-03-07 16:15:18,15863,15863,15863,2,0
2023-03-07 16:15:21,15863,15863,15863,2,0
2023-03-07 16:15:23,15863,15863,15863,2,0
2023-03-07 16:15:23,15864,15864,15864,2,2
2023-03-07 16:15:23,15864,15864,15864,2,0
2023-03-07 16:15:28,15865,15865,15865,2,2
2023-03-07 16:15:28,15865,15865,15865,2,0
2023-03-07 16:15:39,15865,15865,15865,2,0
2023-03-07 16:15:39,15864,15864,15864,2,-2
2023-03-07 16:15:40,15865,15865,15865,6,6
2023-03-07 16:15:49,15866,15866,15866,2,2
2023-03-07 16:15:49,15866,15866,15866,4,0
2023-03-07 16:15:50,15867,15867,15867,2,2
2023-03-07 16:15:50,15867,15867,15867,2,0
2023-03-07 16:15:50,15867,15867,15867,2,0
2023-03-07 16:15:50,15867,15867,15867,2,0
2023-03-07 16:15:50,15867,15867,15867,2,0
2023-03-07 16:16:14,15867,15867,15867,8,0
2023-03-07 16:16:16,15867,15867,15867,2,0
2023-03-07 16:16:16,15867,15867,15867,2,0
2023-03-07 16:16:18,15866,15866,15866,2,-2
2023-03-07 16:16:50,15868,15868,15868,4,4
2023-03-07 16:16:52,15867,15867,15867,2,-2
2023-03-07 16:16:53,15868,15868,15868,2,2
2023-03-07 16:16:53,15868,15868,15868,2,0
2023-03-07 16:16:57,15868,15868,15868,2,0
2023-03-07 16:17:00,15868,15868,15868,2,0
2023-03-07 16:17:16,15869,15869,15869,2,2
2023-03-07 16:17:16,15869,15869,15869,6,0
2023-03-07 16:17:16,15869,15869,15869,2,0
2023-03-07 16:17:16,15869,15869,15869,2,0
2023-03-07 16:17:22,15870,15870,15870,2,2
2023-03-07 16:17:24,15870,15870,15870,4,0
2023-03-07 16:17:30,15870,15870,15870,2,0
2023-03-07 16:17:31,15870,15870,15870,2,0
2023-03-07 16:17:35,15870,15870,15870,2,0
2023-03-07 16:17:39,15870,15870,15870,2,0
2023-03-07 16:17:47,15871,15871,15871,8,8
2023-03-07 16:17:50,15871,15871,15871,4,0
2023-03-07 16:17:50,15872,15872,15872,4,4
2023-03-07 16:17:53,15872,15872,15872,2,0
2023-03-07 16:18:00,15872,15872,15872,2,0
2023-03-07 16:18:00,15872,15872,15872,6,0
2023-03-07 16:18:03,15872,15872,15872,4,0
2023-03-07 16:18:05,15872,15872,15872,2,0
2023-03-07 16:18:06,15872,15872,15872,4,0
2023-03-07 16:18:09,15872,15872,15872,2,0
2023-03-07 16:18:20,15872,15872,15872,2,0
2023-03-07 16:18:23,15872,15872,15872,8,0
2023-03-07 16:18:24,15871,15871,15871,2,-2
2023-03-07 16:18:24,15871,15871,15871,4,0
2023-03-07 16:19:09,15873,15873,15873,2,2
2023-03-07 16:19:09,15873,15873,15873,12,0
2023-03-07 16:19:15,15872,15872,15872,4,-4
2023-03-07 16:19:15,15872,15872,15872,4,0
2023-03-07 16:19:16,15872,15872,15872,2,0
2023-03-07 16:19:16,15873,15873,15873,2,2
2023-03-07 16:19:21,15873,15873,15873,50,0
2023-03-07 16:19:25,15874,15874,15874,2,2
2023-03-07 16:19:31,15873,15873,15873,2,-2
2023-03-07 16:19:59,15872,15872,15872,2,-2
2023-03-07 16:19:59,15872,15872,15872,2,0
2023-03-07 16:19:59,15871,15871,15871,2,-2
2023-03-07 16:20:00,15871,15871,15871,2,0
2023-03-07 16:20:08,15871,15871,15871,2,0
2023-03-07 16:20:08,15871,15871,15871,2,0
2023-03-07 16:20:15,15872,15872,15872,2,2
2023-03-07 16:20:15,15872,15872,15872,2,0
2023-03-07 16:20:15,15872,15872,15872,6,0
2023-03-07 16:20:15,15871,15871,15871,2,-2
2023-03-07 16:20:15,15871,15871,15871,2,0
2023-03-07 16:20:15,15871,15871,15871,2,0
2023-03-07 16:20:15,15871,15871,15871,2,0
2023-03-07 16:20:21,15873,15873,15873,2,2
2023-03-07 16:20:25,15871,15871,15871,2,-2
2023-03-07 16:20:42,15872,15872,15872,2,2
2023-03-07 16:21:00,15871,15871,15871,2,-2
2023-03-07 16:21:22,15872,15872,15872,6,6
2023-03-07 16:21:27,15872,15872,15872,2,0
2023-03-07 16:21:28,15872,15872,15872,2,0
2023-03-07 16:21:29,15872,15872,15872,2,0
2023-03-07 16:21:49,15872,15872,15872,2,0
2023-03-07 16:21:49,15872,15872,15872,2,0
2023-03-07 16:21:49,15872,15872,15872,2,0
2023-03-07 16:21:49,15872,15872,15872,2,0
2023-03-07 16:21:58,15872,15872,15872,2,0
2023-03-07 16:22:01,15872,15872,15872,2,0
2023-03-07 16:22:03,15872,15872,15872,2,0
2023-03-07 16:22:04,15872,15872,15872,2,0
2023-03-07 16:22:16,15872,15872,15872,2,0
2023-03-07 16:22:21,15872,15872,15872,2,0
2023-03-07 16:22:58,15872,15872,15872,2,0
2023-03-07 16:23:00,15872,15872,15872,2,0
2023-03-07 16:23:08,15872,15872,15872,4,0
2023-03-07 16:23:08,15872,15872,15872,2,0
2023-03-07 16:23:08,15872,15872,15872,2,0
2023-03-07 16:23:08,15872,15872,15872,2,0
2023-03-07 16:23:08,15872,15872,15872,2,0
2023-03-07 16:23:08,15872,15872,15872,2,0
2023-03-07 16:23:08,15872,15872,15872,2,0
2023-03-07 16:23:08,15872,15872,15872,2,0
2023-03-07 16:23:30,15872,15872,15872,2,0
2023-03-07 16:23:30,15872,15872,15872,6,0
2023-03-07 16:23:30,15872,15872,15872,2,0
2023-03-07 16:23:39,15873,15873,15873,6,6
2023-03-07 16:23:39,15873,15873,15873,2,0
2023-03-07 16:23:39,15873,15873,15873,2,0
2023-03-07 16:23:39,15873,15873,15873,2,0
2023-03-07 16:23:39,15874,15874,15874,2,2
2023-03-07 16:24:02,15874,15874,15874,2,0
2023-03-07 16:24:05,15874,15874,15874,2,0
2023-03-07 16:24:09,15874,15874,15874,10,0
2023-03-07 16:24:11,15874,15874,15874,2,0
2023-03-07 16:24:20,15875,15875,15875,2,2
2023-03-07 16:24:29,15874,15874,15874,2,-2
2023-03-07 16:24:29,15875,15875,15875,4,4
2023-03-07 16:24:46,15875,15875,15875,18,0
2023-03-07 16:24:47,15875,15875,15875,2,0
2023-03-07 16:24:58,15876,15876,15876,2,2
2023-03-07 16:24:59,15876,15876,15876,2,0
2023-03-07 16:25:02,15876,15876,15876,4,0
2023-03-07 16:25:05,15876,15876,15876,2,0
2023-03-07 16:25:05,15875,15875,15875,2,-2
2023-03-07 16:25:07,15875,15875,15875,2,0
2023-03-07 16:25:20,15876,15876,15876,6,6
2023-03-07 16:25:25,15875,15875,15875,2,-2
2023-03-07 16:25:25,15875,15875,15875,2,0
2023-03-07 16:25:25,15875,15875,15875,2,0
2023-03-07 16:25:25,15875,15875,15875,2,0
2023-03-07 16:25:25,15875,15875,15875,2,0
2023-03-07 16:25:25,15875,15875,15875,2,0
2023-03-07 16:25:25,15875,15875,15875,4,0
2023-03-07 16:25:25,15875,15875,15875,2,0
2023-03-07 16:25:25,15875,15875,15875,2,0
2023-03-07 16:25:41,15875,15875,15875,2,0
2023-03-07 16:25:41,15875,15875,15875,2,0
2023-03-07 16:25:42,15875,15875,15875,2,0
2023-03-07 16:25:43,15874,15874,15874,2,-2
2023-03-07 16:25:53,15875,15875,15875,4,4
2023-03-07 16:26:35,15875,15875,15875,2,0
2023-03-07 16:26:39,15876,15876,15876,2,2
2023-03-07 16:26:46,15876,15876,15876,4,0
2023-03-07 16:26:48,15876,15876,15876,2,0
2023-03-07 16:26:50,15876,15876,15876,2,0
2023-03-07 16:26:53,15876,15876,15876,20,0
2023-03-07 16:26:56,15876,15876,15876,6,0
2023-03-07 16:27:01,15876,15876,15876,2,0
2023-03-07 16:27:03,15875,15875,15875,2,-2
2023-03-07 16:27:03,15875,15875,15875,2,0
2023-03-07 16:27:03,15875,15875,15875,8,0
2023-03-07 16:27:03,15875,15875,15875,2,0
2023-03-07 16:27:03,15875,15875,15875,2,0
2023-03-07 16:27:03,15875,15875,15875,2,0
2023-03-07 16:27:03,15875,15875,15875,2,0
2023-03-07 16:27:07,15875,15875,15875,2,0
2023-03-07 16:27:07,15874,15874,15874,2,-2
2023-03-07 16:27:09,15874,15874,15874,2,0
2023-03-07 16:27:10,15874,15874,15874,2,0
2023-03-07 16:27:12,15874,15874,15874,2,0
2023-03-07 16:27:15,15874,15874,15874,2,0
2023-03-07 16:27:15,15874,15874,15874,2,0
2023-03-07 16:27:15,15874,15874,15874,2,0
2023-03-07 16:27:15,15874,15874,15874,2,0
2023-03-07 16:27:22,15874,15874,15874,2,0
2023-03-07 16:27:23,15874,15874,15874,2,0
2023-03-07 16:27:26,15874,15874,15874,2,0
2023-03-07 16:28:06,15873,15873,15873,2,-2
2023-03-07 16:28:19,15874,15874,15874,2,2
2023-03-07 16:28:19,15874,15874,15874,2,0
2023-03-07 16:28:19,15874,15874,15874,2,0
2023-03-07 16:28:39,15874,15874,15874,2,0
2023-03-07 16:28:44,15875,15875,15875,4,4
2023-03-07 16:28:44,15875,15875,15875,6,0
2023-03-07 16:28:45,15875,15875,15875,2,0
2023-03-07 16:29:06,15875,15875,15875,2,0
2023-03-07 16:29:21,15876,15876,15876,2,2
2023-03-07 16:29:53,15876,15876,15876,4,0
2023-03-07 16:29:55,15876,15876,15876,2,0
2023-03-07 16:30:00,15876,15876,15876,2,0
2023-03-07 16:30:00,15876,15876,15876,2,0
2023-03-07 16:30:00,15876,15876,15876,2,0
2023-03-07 16:30:00,15876,15876,15876,2,0
2023-03-07 16:30:04,15875,15875,15875,2,-2
2023-03-07 16:30:20,15876,15876,15876,2,2
2023-03-07 16:30:20,15876,15876,15876,2,0
2023-03-07 16:30:20,15876,15876,15876,2,0
2023-03-07 16:30:20,15876,15876,15876,2,0
2023-03-07 16:30:20,15876,15876,15876,2,0
2023-03-07 16:30:20,15876,15876,15876,4,0
2023-03-07 16:30:20,15876,15876,15876,2,0
2023-03-07 16:30:23,15876,15876,15876,4,0
2023-03-07 16:30:33,15876,15876,15876,2,0
2023-03-07 16:30:41,15876,15876,15876,2,0
2023-03-07 16:30:44,15876,15876,15876,2,0
2023-03-07 16:30:47,15876,15876,15876,2,0
2023-03-07 16:30:51,15876,15876,15876,2,0
2023-03-07 16:30:58,15876,15876,15876,2,0
2023-03-07 16:30:59,15876,15876,15876,2,0
2023-03-07 16:31:01,15875,15875,15875,2,-2
2023-03-07 16:31:10,15876,15876,15876,2,2
2023-03-07 16:31:10,15876,15876,15876,2,0
2023-03-07 16:31:11,15876,15876,15876,4,0
2023-03-07 16:31:11,15876,15876,15876,4,0
2023-03-07 16:31:15,15877,15877,15877,2,2
2023-03-07 16:31:15,15877,15877,15877,10,0
2023-03-07 16:31:15,15877,15877,15877,2,0
2023-03-07 16:31:15,15877,15877,15877,2,0
2023-03-07 16:31:15,15877,15877,15877,2,0
2023-03-07 16:31:15,15878,15878,15878,2,2
2023-03-07 16:31:15,15878,15878,15878,2,0
2023-03-07 16:31:15,15878,15878,15878,2,0
2023-03-07 16:31:15,15878,15878,15878,2,0
2023-03-07 16:31:15,15878,15878,15878,2,0
2023-03-07 16:31:16,15878,15878,15878,2,0
2023-03-07 16:31:16,15878,15878,15878,2,0
2023-03-07 16:31:16,15878,15878,15878,2,0
2023-03-07 16:31:16,15878,15878,15878,2,0
2023-03-07 16:31:24,15878,15878,15878,2,0
2023-03-07 16:31:28,15878,15878,15878,2,0
2023-03-07 16:31:30,15878,15878,15878,2,0
2023-03-07 16:31:30,15878,15878,15878,6,0
2023-03-07 16:31:41,15878,15878,15878,4,0
2023-03-07 16:31:42,15878,15878,15878,2,0
2023-03-07 16:31:43,15878,15878,15878,2,0
2023-03-07 16:31:47,15878,15878,15878,2,0
2023-03-07 16:31:50,15878,15878,15878,4,0
2023-03-07 16:31:57,15878,15878,15878,14,0
2023-03-07 16:32:00,15878,15878,15878,2,0
2023-03-07 16:32:02,15879,15879,15879,10,10
2023-03-07 16:32:02,15879,15879,15879,2,0
2023-03-07 16:32:06,15879,15879,15879,4,0
2023-03-07 16:32:07,15879,15879,15879,2,0
2023-03-07 16:32:07,15878,15878,15878,2,-2
2023-03-07 16:32:07,15879,15879,15879,2,2
2023-03-07 16:32:15,15879,15879,15879,2,0
2023-03-07 16:32:16,15878,15878,15878,2,-2
2023-03-07 16:32:18,15879,15879,15879,2,2
2023-03-07 16:32:20,15879,15879,15879,2,0
2023-03-07 16:32:21,15879,15879,15879,2,0
2023-03-07 16:32:25,15878,15878,15878,2,-2
2023-03-07 16:32:25,15879,15879,15879,2,2
2023-03-07 16:32:25,15880,15880,15880,8,8
2023-03-07 16:32:25,15880,15880,15880,2,0
2023-03-07 16:32:25,15880,15880,15880,2,0
2023-03-07 16:32:25,15880,15880,15880,2,0
2023-03-07 16:32:25,15880,15880,15880,2,0
2023-03-07 16:32:27,15878,15878,15878,12,-12
2023-03-07 16:32:27,15878,15878,15878,2,0
2023-03-07 16:32:27,15878,15878,15878,2,0
2023-03-07 16:32:27,15878,15878,15878,8,0
2023-03-07 16:32:27,15878,15878,15878,2,0
2023-03-07 16:32:27,15878,15878,15878,2,0
2023-03-07 16:32:29,15879,15879,15879,20,20
2023-03-07 16:32:30,15879,15879,15879,2,0
2023-03-07 16:32:30,15879,15879,15879,2,0
2023-03-07 16:32:49,15879,15879,15879,20,0
2023-03-07 16:32:56,15879,15879,15879,4,0
2023-03-07 16:33:06,15879,15879,15879,4,0
2023-03-07 16:33:14,15880,15880,15880,2,2
2023-03-07 16:33:15,15880,15880,15880,2,0
2023-03-07 16:33:15,15880,15880,15880,4,0
2023-03-07 16:33:15,15880,15880,15880,2,0
2023-03-07 16:33:15,15880,15880,15880,2,0
2023-03-07 16:33:15,15880,15880,15880,18,0
2023-03-07 16:33:15,15880,15880,15880,18,0
2023-03-07 16:33:15,15880,15880,15880,2,0
2023-03-07 16:33:15,15880,15880,15880,10,0
2023-03-07 16:33:15,15880,15880,15880,6,0
2023-03-07 16:33:15,15880,15880,15880,4,0
2023-03-07 16:33:15,15880,15880,15880,6,0
2023-03-07 16:33:15,15880,15880,15880,2,0
2023-03-07 16:33:15,15880,15880,15880,2,0
2023-03-07 16:33:15,15880,15880,15880,2,0
2023-03-07 16:33:19,15879,15879,15879,2,-2
2023-03-07 16:33:20,15880,15880,15880,2,2
2023-03-07 16:33:30,15881,15881,15881,2,2
2023-03-07 16:33:31,15880,15880,15880,2,-2
2023-03-07 16:33:34,15881,15881,15881,2,2
2023-03-07 16:33:34,15881,15881,15881,2,0
2023-03-07 16:33:40,15881,15881,15881,2,0
2023-03-07 16:33:45,15881,15881,15881,2,0
2023-03-07 16:33:53,15880,15880,15880,2,-2
2023-03-07 16:33:53,15880,15880,15880,2,0
2023-03-07 16:33:53,15880,15880,15880,2,0
2023-03-07 16:33:53,15880,15880,15880,2,0
2023-03-07 16:33:53,15880,15880,15880,2,0
2023-03-07 16:34:00,15879,15879,15879,2,-2
2023-03-07 16:34:03,15879,15879,15879,2,0
2023-03-07 16:34:13,15881,15881,15881,2,2
2023-03-07 16:34:14,15879,15879,15879,2,-2
2023-03-07 16:34:18,15880,15880,15880,2,2
2023-03-07 16:34:20,15880,15880,15880,4,0
2023-03-07 16:34:20,15880,15880,15880,2,0
2023-03-07 16:34:23,15880,15880,15880,2,0
2023-03-07 16:34:25,15881,15881,15881,4,4
2023-03-07 16:34:25,15881,15881,15881,2,0
2023-03-07 16:34:25,15881,15881,15881,2,0
2023-03-07 16:34:25,15881,15881,15881,4,0
2023-03-07 16:34:25,15881,15881,15881,8,0
2023-03-07 16:34:25,15881,15881,15881,8,0
2023-03-07 16:34:26,15881,15881,15881,2,0
2023-03-07 16:34:29,15882,15882,15882,6,6
2023-03-07 16:34:31,15881,15881,15881,2,-2
2023-03-07 16:34:42,15882,15882,15882,2,2
2023-03-07 16:34:43,15882,15882,15882,2,0
2023-03-07 16:34:47,15882,15882,15882,2,0
2023-03-07 16:34:48,15882,15882,15882,2,0
2023-03-07 16:34:55,15882,15882,15882,2,0
2023-03-07 16:34:58,15882,15882,15882,2,0
2023-03-07 16:35:02,15881,15881,15881,2,-2
2023-03-07 16:35:02,15881,15881,15881,2,0
2023-03-07 16:35:02,15881,15881,15881,6,0
2023-03-07 16:35:02,15880,15880,15880,2,-2
2023-03-07 16:35:02,15881,15881,15881,2,2
2023-03-07 16:35:02,15881,15881,15881,2,0
2023-03-07 16:35:08,15881,15881,15881,2,0
2023-03-07 16:35:13,15881,15881,15881,2,0
2023-03-07 16:35:13,15881,15881,15881,2,0
2023-03-07 16:35:13,15881,15881,15881,2,0
2023-03-07 16:35:16,15881,15881,15881,2,0
2023-03-07 16:35:18,15882,15882,15882,2,2
2023-03-07 16:35:19,15881,15881,15881,2,-2
2023-03-07 16:35:21,15880,15880,15880,2,-2
2023-03-07 16:35:31,15880,15880,15880,2,0
2023-03-07 16:35:35,15880,15880,15880,2,0
2023-03-07 16:35:44,15881,15881,15881,6,6
2023-03-07 16:35:56,15881,15881,15881,2,0
2023-03-07 16:36:06,15880,15880,15880,4,-4
2023-03-07 16:36:06,15880,15880,15880,2,0
2023-03-07 16:36:06,15880,15880,15880,4,0
2023-03-07 16:36:06,15880,15880,15880,2,0
2023-03-07 16:36:06,15880,15880,15880,2,0
2023-03-07 16:36:06,15880,15880,15880,2,0
2023-03-07 16:36:06,15880,15880,15880,2,0
2023-03-07 16:36:06,15880,15880,15880,2,0
2023-03-07 16:36:06,15880,15880,15880,2,0
2023-03-07 16:36:06,15880,15880,15880,2,0
2023-03-07 16:36:06,15880,15880,15880,2,0
2023-03-07 16:36:06,15880,15880,15880,2,0
2023-03-07 16:36:26,15879,15879,15879,2,-2
2023-03-07 16:36:26,15879,15879,15879,10,0
2023-03-07 16:36:26,15879,15879,15879,2,0
2023-03-07 16:36:26,15878,15878,15878,2,-2
2023-03-07 16:36:28,15879,15879,15879,2,2
2023-03-07 16:36:32,15879,15879,15879,4,0
2023-03-07 16:36:34,15878,15878,15878,2,-2
2023-03-07 16:36:38,15879,15879,15879,2,2
2023-03-07 16:36:38,15879,15879,15879,2,0
2023-03-07 16:36:39,15879,15879,15879,2,0
2023-03-07 16:36:42,15878,15878,15878,2,-2
2023-03-07 16:36:45,15878,15878,15878,2,0
2023-03-07 16:36:55,15878,15878,15878,2,0
2023-03-07 16:37:01,15878,15878,15878,2,0
2023-03-07 16:37:01,15878,15878,15878,2,0
2023-03-07 16:37:05,15879,15879,15879,2,2
2023-03-07 16:37:09,15879,15879,15879,10,0
2023-03-07 16:37:11,15878,15878,15878,2,-2
2023-03-07 16:37:11,15878,15878,15878,2,0
2023-03-07 16:37:11,15878,15878,15878,10,0
2023-03-07 16:37:11,15878,15878,15878,6,0
2023-03-07 16:37:11,15878,15878,15878,6,0
2023-03-07 16:37:11,15878,15878,15878,2,0
2023-03-07 16:37:11,15878,15878,15878,2,0
2023-03-07 16:37:11,15878,15878,15878,8,0
2023-03-07 16:37:11,15878,15878,15878,2,0
2023-03-07 16:37:11,15878,15878,15878,2,0
2023-03-07 16:37:11,15878,15878,15878,2,0
2023-03-07 16:37:11,15878,15878,15878,6,0
2023-03-07 16:37:11,15878,15878,15878,2,0
2023-03-07 16:37:13,15877,15877,15877,2,-2
2023-03-07 16:37:13,15877,15877,15877,2,0
2023-03-07 16:37:13,15877,15877,15877,2,0
2023-03-07 16:37:13,15877,15877,15877,2,0
2023-03-07 16:37:13,15877,15877,15877,2,0
2023-03-07 16:37:13,15876,15876,15876,2,-2
2023-03-07 16:37:14,15876,15876,15876,2,0
2023-03-07 16:37:15,15876,15876,15876,2,0
2023-03-07 16:37:15,15876,15876,15876,2,0
2023-03-07 16:37:15,15876,15876,15876,2,0
2023-03-07 16:37:15,15876,15876,15876,2,0
2023-03-07 16:37:18,15875,15875,15875,2,-2
2023-03-07 16:37:22,15876,15876,15876,2,2
2023-03-07 16:37:22,15877,15877,15877,10,10
2023-03-07 16:37:25,15877,15877,15877,2,0
2023-03-07 16:37:32,15877,15877,15877,2,0
2023-03-07 16:37:43,15878,15878,15878,2,2
2023-03-07 16:37:43,15878,15878,15878,2,0
2023-03-07 16:37:43,15878,15878,15878,2,0
2023-03-07 16:37:43,15878,15878,15878,2,0
2023-03-07 16:37:43,15878,15878,15878,2,0
2023-03-07 16:38:03,15880,15880,15880,8,8
2023-03-07 16:38:03,15880,15880,15880,2,0
2023-03-07 16:38:03,15880,15880,15880,4,0
2023-03-07 16:38:03,15880,15880,15880,6,0
2023-03-07 16:38:04,15881,15881,15881,2,2
2023-03-07 16:38:10,15881,15881,15881,2,0
2023-03-07 16:38:27,15881,15881,15881,2,0
2023-03-07 16:38:34,15881,15881,15881,2,0
2023-03-07 16:38:35,15881,15881,15881,2,0
2023-03-07 16:38:38,15881,15881,15881,2,0
2023-03-07 16:38:39,15881,15881,15881,2,0
2023-03-07 16:38:44,15881,15881,15881,12,0
2023-03-07 16:38:46,15881,15881,15881,2,0
2023-03-07 16:38:48,15880,15880,15880,2,-2
2023-03-07 16:38:59,15880,15880,15880,2,0
2023-03-07 16:38:59,15880,15880,15880,2,0
2023-03-07 16:38:59,15880,15880,15880,2,0
2023-03-07 16:38:59,15880,15880,15880,2,0
2023-03-07 16:39:10,15880,15880,15880,2,0
2023-03-07 16:39:17,15880,15880,15880,4,0
2023-03-07 16:39:17,15880,15880,15880,2,0
2023-03-07 16:39:17,15880,15880,15880,2,0
2023-03-07 16:39:17,15880,15880,15880,2,0
2023-03-07 16:39:22,15880,15880,15880,2,0
2023-03-07 16:39:36,15881,15881,15881,4,4
2023-03-07 16:39:37,15880,15880,15880,2,-2
2023-03-07 16:39:42,15880,15880,15880,2,0
2023-03-07 16:39:45,15880,15880,15880,2,0
2023-03-07 16:39:51,15879,15879,15879,2,-2
2023-03-07 16:39:55,15880,15880,15880,12,12
2023-03-07 16:40:03,15880,15880,15880,4,0
2023-03-07 16:40:17,15880,15880,15880,10,0
2023-03-07 16:40:26,15879,15879,15879,2,-2
2023-03-07 16:40:26,15879,15879,15879,2,0
2023-03-07 16:40:26,15879,15879,15879,2,0
2023-03-07 16:40:26,15879,15879,15879,2,0
2023-03-07 16:40:26,15879,15879,15879,2,0
2023-03-07 16:40:26,15879,15879,15879,2,0
2023-03-07 16:40:26,15879,15879,15879,2,0
2023-03-07 16:40:42,15879,15879,15879,2,0
2023-03-07 16:40:42,15879,15879,15879,6,0
2023-03-07 16:40:42,15879,15879,15879,2,0
2023-03-07 16:40:51,15879,15879,15879,2,0
2023-03-07 16:40:52,15880,15880,15880,4,4
2023-03-07 16:41:00,15879,15879,15879,2,-2
2023-03-07 16:41:23,15880,15880,15880,8,8
2023-03-07 16:41:23,15880,15880,15880,6,0
2023-03-07 16:41:36,15881,15881,15881,4,4
2023-03-07 16:41:36,15881,15881,15881,2,0
2023-03-07 16:41:36,15881,15881,15881,6,0
2023-03-07 16:41:36,15881,15881,15881,2,0
2023-03-07 16:41:38,15882,15882,15882,4,4
2023-03-07 16:41:38,15882,15882,15882,2,0
2023-03-07 16:41:51,15882,15882,15882,2,0
2023-03-07 16:42:14,15882,15882,15882,2,0
2023-03-07 16:42:20,15881,15881,15881,16,-16
2023-03-07 16:42:23,15881,15881,15881,4,0
2023-03-07 16:42:27,15882,15882,15882,8,8
2023-03-07 16:42:28,15882,15882,15882,8,0
2023-03-07 16:42:35,15881,15881,15881,2,-2
2023-03-07 16:42:40,15881,15881,15881,2,0
2023-03-07 16:42:46,15881,15881,15881,4,0
2023-03-07 16:42:46,15882,15882,15882,4,4
2023-03-07 16:43:07,15882,15882,15882,4,0
2023-03-07 16:43:14,15881,15881,15881,2,-2
2023-03-07 16:43:18,15881,15881,15881,4,0
2023-03-07 16:43:18,15881,15881,15881,2,0
2023-03-07 16:43:18,15881,15881,15881,2,0
2023-03-07 16:43:27,15881,15881,15881,2,0
2023-03-07 16:43:30,15881,15881,15881,4,0
2023-03-07 16:43:30,15881,15881,15881,2,0
2023-03-07 16:43:30,15880,15880,15880,2,-2
2023-03-07 16:43:30,15880,15880,15880,2,0
2023-03-07 16:43:30,15880,15880,15880,2,0
2023-03-07 16:43:34,15880,15880,15880,2,0
2023-03-07 16:43:41,15880,15880,15880,4,0
2023-03-07 16:43:41,15880,15880,15880,6,0
2023-03-07 16:44:08,15879,15879,15879,2,-2
2023-03-07 16:44:24,15880,15880,15880,4,4
2023-03-07 16:44:28,15879,15879,15879,2,-2
2023-03-07 16:44:28,15879,15879,15879,2,0
2023-03-07 16:44:28,15879,15879,15879,2,0
2023-03-07 16:44:28,15879,15879,15879,2,0
2023-03-07 16:44:28,15879,15879,15879,2,0
2023-03-07 16:44:29,15880,15880,15880,2,2
2023-03-07 16:44:30,15879,15879,15879,2,-2
2023-03-07 16:44:36,15880,15880,15880,2,2
2023-03-07 16:44:52,15879,15879,15879,2,-2
2023-03-07 16:45:15,15879,15879,15879,2,0
2023-03-07 16:45:50,15878,15878,15878,2,-2
2023-03-07 16:45:50,15878,15878,15878,2,0
2023-03-07 16:45:50,15878,15878,15878,2,0
2023-03-07 16:45:50,15878,15878,15878,2,0
2023-03-07 16:45:53,15878,15878,15878,2,0
2023-03-07 16:46:02,15877,15877,15877,2,-2
2023-03-07 16:46:16,15877,15877,15877,2,0
2023-03-07 16:46:18,15877,15877,15877,2,0
2023-03-07 16:46:30,15877,15877,15877,2,0
2023-03-07 16:46:30,15877,15877,15877,2,0
2023-03-07 16:46:34,15876,15876,15876,2,-2
2023-03-07 16:46:34,15876,15876,15876,2,0
2023-03-07 16:46:40,15876,15876,15876,2,0
2023-03-07 16:46:40,15876,15876,15876,2,0
2023-03-07 16:46:52,15876,15876,15876,2,0
2023-03-07 16:46:52,15876,15876,15876,2,0
2023-03-07 16:46:53,15876,15876,15876,2,0
2023-03-07 16:46:56,15876,15876,15876,2,0
2023-03-07 16:46:58,15876,15876,15876,2,0
2023-03-07 16:47:00,15876,15876,15876,2,0
2023-03-07 16:47:02,15877,15877,15877,2,2
2023-03-07 16:47:05,15876,15876,15876,2,-2
2023-03-07 16:47:15,15876,15876,15876,2,0
2023-03-07 16:47:15,15875,15875,15875,2,-2
2023-03-07 16:47:23,15876,15876,15876,2,2
2023-03-07 16:47:23,15876,15876,15876,10,0
2023-03-07 16:47:33,15876,15876,15876,8,0
2023-03-07 16:47:37,15876,15876,15876,8,0
2023-03-07 16:47:38,15875,15875,15875,8,-8
2023-03-07 16:47:38,15875,15875,15875,2,0
2023-03-07 16:47:38,15875,15875,15875,2,0
2023-03-07 16:47:54,15875,15875,15875,2,0
2023-03-07 16:47:54,15875,15875,15875,2,0
2023-03-07 16:47:54,15875,15875,15875,2,0
2023-03-07 16:47:54,15875,15875,15875,2,0
2023-03-07 16:47:54,15875,15875,15875,4,0
2023-03-07 16:47:54,15875,15875,15875,2,0
2023-03-07 16:47:54,15875,15875,15875,2,0
2023-03-07 16:47:54,15875,15875,15875,2,0
2023-03-07 16:47:59,15875,15875,15875,2,0
2023-03-07 16:48:11,15876,15876,15876,2,2
2023-03-07 16:48:12,15875,15875,15875,2,-2
2023-03-07 16:48:22,15875,15875,15875,2,0
2023-03-07 16:48:24,15876,15876,15876,2,2
2023-03-07 16:48:34,15876,15876,15876,2,0
2023-03-07 16:48:37,15876,15876,15876,2,0
2023-03-07 16:48:37,15876,15876,15876,2,0
2023-03-07 16:48:37,15876,15876,15876,2,0
2023-03-07 16:48:37,15876,15876,15876,2,0
2023-03-07 16:48:37,15876,15876,15876,2,0
2023-03-07 16:49:04,15876,15876,15876,2,0
2023-03-07 16:49:21,15875,15875,15875,4,-4
2023-03-07 16:49:53,15877,15877,15877,2,2
2023-03-07 16:49:53,15877,15877,15877,8,0
2023-03-07 16:49:53,15877,15877,15877,2,0
2023-03-07 16:50:46,15877,15877,15877,4,0
2023-03-07 16:50:49,15877,15877,15877,2,0
2023-03-07 16:51:00,15876,15876,15876,2,-2
2023-03-07 16:51:11,15877,15877,15877,2,2
2023-03-07 16:51:11,15877,15877,15877,2,0
2023-03-07 16:51:11,15877,15877,15877,10,0
2023-03-07 16:51:20,15878,15878,15878,2,2
2023-03-07 16:51:26,15878,15878,15878,2,0
2023-03-07 16:51:53,15877,15877,15877,2,-2
2023-03-07 16:52:06,15877,15877,15877,2,0
2023-03-07 16:52:06,15877,15877,15877,2,0
2023-03-07 16:52:27,15877,15877,15877,2,0
2023-03-07 16:52:28,15877,15877,15877,2,0
2023-03-07 16:52:28,15877,15877,15877,2,0
2023-03-07 16:53:08,15877,15877,15877,2,0
2023-03-07 16:53:09,15878,15878,15878,18,18
2023-03-07 16:53:09,15879,15879,15879,2,2
2023-03-07 16:53:15,15878,15878,15878,2,-2
2023-03-07 16:53:36,15878,15878,15878,4,0
2023-03-07 16:53:39,15877,15877,15877,2,-2
2023-03-07 16:53:40,15877,15877,15877,2,0
2023-03-07 16:53:40,15877,15877,15877,2,0
2023-03-07 16:53:43,15876,15876,15876,2,-2
2023-03-07 16:53:43,15876,15876,15876,2,0
2023-03-07 16:53:43,15876,15876,15876,2,0
2023-03-07 16:53:43,15876,15876,15876,2,0
2023-03-07 16:53:43,15876,15876,15876,2,0
2023-03-07 16:53:43,15876,15876,15876,2,0
2023-03-07 16:53:43,15876,15876,15876,2,0
2023-03-07 16:53:43,15876,15876,15876,2,0
2023-03-07 16:53:43,15876,15876,15876,2,0
2023-03-07 16:53:43,15876,15876,15876,2,0
2023-03-07 16:53:43,15875,15875,15875,2,-2
2023-03-07 16:53:43,15875,15875,15875,2,0
2023-03-07 16:54:00,15875,15875,15875,2,0
2023-03-07 16:54:41,15875,15875,15875,2,0
2023-03-07 16:54:41,15875,15875,15875,2,0
2023-03-07 16:54:41,15875,15875,15875,6,0
2023-03-07 16:54:41,15875,15875,15875,8,0
2023-03-07 16:54:41,15875,15875,15875,2,0
2023-03-07 16:54:41,15875,15875,15875,2,0
2023-03-07 16:54:41,15875,15875,15875,2,0
2023-03-07 16:55:17,15876,15876,15876,2,2
2023-03-07 16:55:19,15876,15876,15876,2,0
2023-03-07 16:55:19,15876,15876,15876,2,0
2023-03-07 16:55:25,15875,15875,15875,2,-2
2023-03-07 16:55:53,15876,15876,15876,2,2
2023-03-07 16:56:10,15876,15876,15876,2,0
2023-03-07 16:56:27,15875,15875,15875,2,-2
2023-03-07 16:56:27,15876,15876,15876,2,2
