2021-06-01 15:00:00.095,17157,17158,17157,182
2021-06-01 15:00:00.096,17156,17157,17156,1
2021-06-01 15:00:00.098,17156,17157,17156,1
2021-06-01 15:00:00.126,17155,17157,17157,2
2021-06-01 15:00:00.203,17155,17157,17157,2
2021-06-01 15:00:00.215,17155,17157,17157,1
2021-06-01 15:00:00.255,17155,17157,17155,3
2021-06-01 15:00:00.316,17154,17158,17154,1
2021-06-01 15:00:00.321,17154,17158,17158,2
2021-06-01 15:00:00.340,17154,17158,17158,1
2021-06-01 15:00:00.359,17154,17158,17158,2
2021-06-01 15:00:00.393,17154,17158,17158,8
2021-06-01 15:00:00.415,17154,17158,17158,2
2021-06-01 15:00:00.415,17154,17158,17159,4
2021-06-01 15:00:00.425,17154,17158,17159,2
2021-06-01 15:00:00.425,17154,17158,17160,8
2021-06-01 15:00:00.445,17154,17158,17160,3
2021-06-01 15:00:00.447,17154,17158,17160,2
2021-06-01 15:00:00.449,17154,17158,17160,2
2021-06-01 15:00:00.465,17154,17158,17160,1
2021-06-01 15:00:00.469,17154,17158,17157,1
2021-06-01 15:00:00.469,17154,17158,17156,1
2021-06-01 15:00:00.470,17154,17158,17159,1
2021-06-01 15:00:00.483,17154,17158,17160,1
2021-06-01 15:00:00.488,17154,17158,17160,2
2021-06-01 15:00:00.488,17154,17158,17161,1
2021-06-01 15:00:00.494,17154,17158,17161,1
2021-06-01 15:00:00.497,17154,17158,17157,2
2021-06-01 15:00:00.499,17154,17158,17160,1
2021-06-01 15:00:00.499,17154,17158,17161,1
2021-06-01 15:00:00.501,17154,17158,17161,1
2021-06-01 15:00:00.518,17157,17161,17161,1
2021-06-01 15:00:00.519,17157,17161,17161,3
2021-06-01 15:00:00.525,17157,17161,17161,1
2021-06-01 15:00:00.534,17157,17161,17158,1
2021-06-01 15:00:00.547,17157,17161,17156,1
2021-06-01 15:00:00.547,17157,17161,17155,2
2021-06-01 15:00:00.550,17157,17161,17158,1
2021-06-01 15:00:00.559,17157,17161,17154,4
2021-06-01 15:00:00.559,17157,17161,17153,3
2021-06-01 15:00:00.559,17157,17161,17151,1
2021-06-01 15:00:00.560,17157,17161,17158,1
2021-06-01 15:00:00.560,17157,17161,17159,1
2021-06-01 15:00:00.563,17157,17161,17160,1
2021-06-01 15:00:00.563,17157,17161,17161,2
2021-06-01 15:00:00.563,17157,17161,17161,1
2021-06-01 15:00:00.566,17157,17161,17161,1
2021-06-01 15:00:00.568,17157,17161,17161,3
2021-06-01 15:00:00.574,17157,17161,17151,1
2021-06-01 15:00:00.583,17157,17161,17150,2
2021-06-01 15:00:00.583,17157,17161,17150,1
2021-06-01 15:00:00.584,17157,17161,17160,1
2021-06-01 15:00:00.584,17157,17161,17161,1
2021-06-01 15:00:00.587,17157,17161,17161,1
2021-06-01 15:00:00.595,17157,17161,17161,2
2021-06-01 15:00:00.595,17157,17161,17162,5
2021-06-01 15:00:00.596,17157,17161,17162,2
2021-06-01 15:00:00.600,17157,17161,17151,1
2021-06-01 15:00:00.600,17157,17161,17150,4
2021-06-01 15:00:00.625,17157,17161,17150,1
2021-06-01 15:00:00.629,17157,17161,17161,1
2021-06-01 15:00:00.629,17157,17161,17162,5
2021-06-01 15:00:00.629,17157,17161,17163,1
2021-06-01 15:00:00.646,17151,17163,17163,3
2021-06-01 15:00:00.653,17151,17163,17151,1
2021-06-01 15:00:00.660,17151,17163,17162,1
2021-06-01 15:00:00.660,17151,17163,17163,3
2021-06-01 15:00:00.664,17151,17163,17151,1
2021-06-01 15:00:00.664,17151,17163,17163,2
2021-06-01 15:00:00.680,17151,17163,17161,1
2021-06-01 15:00:00.724,17151,17163,17163,1
2021-06-01 15:00:00.734,17151,17163,17163,1
2021-06-01 15:00:00.738,17151,17163,17163,1
2021-06-01 15:00:00.739,17151,17163,17163,1
2021-06-01 15:00:00.741,17151,17163,17152,1
2021-06-01 15:00:00.741,17151,17163,17151,1
2021-06-01 15:00:00.741,17151,17163,17150,4
2021-06-01 15:00:00.754,17151,17163,17162,1
2021-06-01 15:00:00.754,17151,17163,17163,1
2021-06-01 15:00:00.759,17151,17163,17155,6
2021-06-01 15:00:00.779,17151,17164,17164,1
2021-06-01 15:00:00.808,17151,17164,17164,1
2021-06-01 15:00:00.817,17151,17164,17151,1
2021-06-01 15:00:00.819,17151,17164,17164,2
2021-06-01 15:00:00.856,17151,17164,17164,2
2021-06-01 15:00:00.864,17151,17164,17164,1
2021-06-01 15:00:00.903,17153,17160,17160,1
2021-06-01 15:00:00.919,17153,17160,17160,2
2021-06-01 15:00:00.947,17153,17160,17160,1
2021-06-01 15:00:00.968,17153,17160,17154,1
2021-06-01 15:00:00.968,17153,17160,17153,1
2021-06-01 15:00:00.969,17153,17160,17159,1
2021-06-01 15:00:00.969,17153,17160,17160,1
2021-06-01 15:00:00.976,17153,17160,17154,1
2021-06-01 15:00:00.976,17153,17160,17153,1
2021-06-01 15:00:01.004,17153,17160,17159,1
2021-06-01 15:00:01.007,17153,17160,17160,1
2021-06-01 15:00:01.010,17153,17160,17152,1
2021-06-01 15:00:01.024,17152,17160,17160,1
2021-06-01 15:00:01.028,17152,17160,17160,1
2021-06-01 15:00:01.034,17152,17160,17160,1
2021-06-01 15:00:01.057,17152,17160,17160,1
2021-06-01 15:00:01.058,17152,17160,17161,1
2021-06-01 15:00:01.070,17152,17160,17164,1
2021-06-01 15:00:01.075,17152,17160,17152,3
2021-06-01 15:00:01.075,17152,17160,17151,1
2021-06-01 15:00:01.075,17152,17160,17159,1
2021-06-01 15:00:01.104,17152,17160,17154,1
2021-06-01 15:00:01.108,17152,17160,17165,1
2021-06-01 15:00:01.126,17152,17160,17165,2
2021-06-01 15:00:01.134,17152,17160,17165,1
2021-06-01 15:00:01.134,17152,17160,17165,1
2021-06-01 15:00:01.134,17152,17160,17165,1
2021-06-01 15:00:01.150,17151,17165,17165,1
2021-06-01 15:00:01.153,17151,17165,17165,1
2021-06-01 15:00:01.153,17151,17165,17165,1
2021-06-01 15:00:01.161,17151,17165,17165,1
2021-06-01 15:00:01.210,17151,17165,17162,1
2021-06-01 15:00:01.227,17151,17165,17153,1
2021-06-01 15:00:01.255,17151,17165,17161,1
2021-06-01 15:00:01.285,17156,17161,17161,1
2021-06-01 15:00:01.349,17156,17161,17162,1
2021-06-01 15:00:01.355,17156,17161,17156,1
2021-06-01 15:00:01.400,17156,17163,17163,3
2021-06-01 15:00:01.420,17156,17163,17163,1
2021-06-01 15:00:01.422,17156,17163,17158,1
2021-06-01 15:00:01.452,17156,17163,17163,1
2021-06-01 15:00:01.462,17156,17163,17163,1
2021-06-01 15:00:01.465,17156,17163,17156,2
2021-06-01 15:00:01.465,17156,17163,17155,2
2021-06-01 15:00:01.500,17156,17163,17159,1
2021-06-01 15:00:01.500,17156,17163,17159,1
2021-06-01 15:00:01.500,17156,17163,17160,1
2021-06-01 15:00:01.500,17156,17163,17160,1
2021-06-01 15:00:01.500,17156,17163,17162,1
2021-06-01 15:00:01.514,17156,17163,17163,1
2021-06-01 15:00:01.515,17156,17163,17163,2
2021-06-01 15:00:01.518,17158,17163,17163,1
2021-06-01 15:00:01.571,17158,17163,17158,2
2021-06-01 15:00:01.571,17158,17163,17157,1
2021-06-01 15:00:01.634,17158,17163,17162,2
2021-06-01 15:00:01.646,17157,17162,17157,1
2021-06-01 15:00:01.653,17157,17162,17156,1
2021-06-01 15:00:01.681,17157,17162,17156,1
2021-06-01 15:00:01.681,17157,17162,17155,1
2021-06-01 15:00:01.684,17157,17162,17159,1
2021-06-01 15:00:01.684,17157,17162,17162,9
2021-06-01 15:00:01.684,17157,17162,17163,4
2021-06-01 15:00:01.694,17157,17162,17158,1
2021-06-01 15:00:01.697,17157,17162,17159,1
2021-06-01 15:00:01.734,17157,17162,17160,1
2021-06-01 15:00:01.743,17157,17162,17158,1
2021-06-01 15:00:01.744,17157,17162,17157,2
2021-06-01 15:00:01.755,17157,17162,17161,1
2021-06-01 15:00:01.755,17157,17162,17157,1
2021-06-01 15:00:01.761,17157,17162,17157,1
2021-06-01 15:00:01.786,17157,17161,17161,1
2021-06-01 15:00:01.786,17157,17161,17163,1
2021-06-01 15:00:01.877,17157,17161,17163,1
2021-06-01 15:00:01.902,17158,17163,17163,1
2021-06-01 15:00:01.914,17158,17163,17158,1
2021-06-01 15:00:01.938,17158,17163,17163,1
2021-06-01 15:00:01.947,17158,17163,17163,1
2021-06-01 15:00:01.973,17158,17163,17162,1
2021-06-01 15:00:01.983,17158,17163,17163,2
2021-06-01 15:00:02.057,17159,17163,17162,1
2021-06-01 15:00:02.057,17159,17163,17163,13
2021-06-01 15:00:02.096,17159,17163,17162,1
2021-06-01 15:00:02.096,17159,17163,17163,1
2021-06-01 15:00:02.117,17159,17163,17162,1
2021-06-01 15:00:02.120,17159,17163,17160,1
2021-06-01 15:00:02.120,17159,17163,17160,1
2021-06-01 15:00:02.126,17159,17163,17162,2
2021-06-01 15:00:02.148,17159,17162,17159,1
2021-06-01 15:00:02.153,17159,17162,17162,1
2021-06-01 15:00:02.195,17159,17162,17162,1
2021-06-01 15:00:02.200,17159,17162,17162,1
2021-06-01 15:00:02.212,17159,17162,17159,1
2021-06-01 15:00:02.228,17159,17162,17162,1
2021-06-01 15:00:02.228,17159,17162,17162,1
2021-06-01 15:00:02.253,17159,17162,17162,1
2021-06-01 15:00:02.278,17161,17162,17162,1
2021-06-01 15:00:02.289,17161,17162,17161,1
2021-06-01 15:00:02.289,17161,17162,17160,3
2021-06-01 15:00:02.309,17161,17162,17163,1
2021-06-01 15:00:02.350,17161,17162,17164,2
2021-06-01 15:00:02.393,17159,17161,17159,2
2021-06-01 15:00:02.484,17159,17161,17161,1
2021-06-01 15:00:02.562,17159,17162,17162,2
2021-06-01 15:00:02.594,17159,17162,17159,2
2021-06-01 15:00:02.651,17159,17162,17162,1
2021-06-01 15:00:02.691,17159,17162,17161,1
2021-06-01 15:00:02.790,17159,17162,17162,1
2021-06-01 15:00:02.796,17159,17162,17162,11
2021-06-01 15:00:02.831,17159,17162,17162,1
2021-06-01 15:00:02.856,17159,17162,17162,1
2021-06-01 15:00:02.874,17159,17162,17162,1
2021-06-01 15:00:02.881,17159,17162,17162,1
2021-06-01 15:00:02.906,17159,17162,17162,1
2021-06-01 15:00:03.017,17159,17162,17162,1
2021-06-01 15:00:03.137,17160,17163,17160,1
2021-06-01 15:00:03.265,17160,17162,17160,1
2021-06-01 15:00:03.265,17160,17162,17159,1
2021-06-01 15:00:03.265,17160,17162,17160,1
2021-06-01 15:00:03.282,17159,17163,17162,1
2021-06-01 15:00:03.316,17159,17163,17163,1
2021-06-01 15:00:03.432,17160,17163,17161,1
2021-06-01 15:00:03.471,17160,17163,17160,2
2021-06-01 15:00:03.473,17160,17163,17159,1
2021-06-01 15:00:03.646,17160,17162,17162,1
2021-06-01 15:00:03.757,17160,17162,17162,1
2021-06-01 15:00:03.768,17161,17162,17161,1
2021-06-01 15:00:03.860,17161,17162,17162,9
2021-06-01 15:00:03.893,17160,17162,17160,2
2021-06-01 15:00:03.913,17160,17162,17162,1
2021-06-01 15:00:03.913,17160,17162,17163,3
2021-06-01 15:00:03.914,17160,17162,17161,2
2021-06-01 15:00:03.991,17160,17162,17162,1
2021-06-01 15:00:04.141,17161,17163,17163,1
2021-06-01 15:00:04.169,17161,17163,17161,1
2021-06-01 15:00:04.172,17161,17163,17160,1
2021-06-01 15:00:04.185,17161,17163,17160,3
2021-06-01 15:00:04.186,17161,17163,17160,1
2021-06-01 15:00:04.202,17161,17163,17162,1
2021-06-01 15:00:04.252,17161,17163,17163,1
2021-06-01 15:00:04.253,17161,17163,17163,1
2021-06-01 15:00:04.325,17159,17163,17163,1
2021-06-01 15:00:04.460,17160,17163,17163,1
2021-06-01 15:00:04.470,17160,17163,17160,1
2021-06-01 15:00:04.521,17159,17163,17163,3
2021-06-01 15:00:04.584,17159,17163,17163,2
2021-06-01 15:00:04.616,17159,17163,17163,1
2021-06-01 15:00:04.648,17161,17163,17163,1
2021-06-01 15:00:04.679,17161,17163,17163,1
2021-06-01 15:00:04.775,17161,17163,17162,1
2021-06-01 15:00:04.935,17162,17163,17162,1
2021-06-01 15:00:05.004,17162,17163,17163,1
2021-06-01 15:00:05.055,17161,17163,17161,1
2021-06-01 15:00:05.064,17161,17163,17163,3
2021-06-01 15:00:05.102,17161,17163,17164,1
2021-06-01 15:00:05.125,17161,17163,17165,1
2021-06-01 15:00:05.248,17163,17165,17165,1
2021-06-01 15:00:05.272,17164,17165,17165,1
2021-06-01 15:00:05.291,17164,17165,17164,1
2021-06-01 15:00:05.291,17164,17165,17163,1
2021-06-01 15:00:05.381,17164,17165,17165,1
2021-06-01 15:00:05.489,17162,17165,17165,3
2021-06-01 15:00:05.547,17163,17165,17165,1
2021-06-01 15:00:05.570,17163,17165,17165,2
2021-06-01 15:00:05.570,17163,17165,17165,6
2021-06-01 15:00:05.576,17163,17165,17165,7
2021-06-01 15:00:05.616,17163,17165,17164,1
2021-06-01 15:00:05.617,17163,17165,17166,1
2021-06-01 15:00:05.617,17163,17165,17164,5
2021-06-01 15:00:05.736,17164,17166,17166,1
2021-06-01 15:00:05.884,17165,17166,17166,1
2021-06-01 15:00:05.953,17165,17166,17166,1
2021-06-01 15:00:06.012,17165,17166,17165,1
2021-06-01 15:00:06.012,17165,17166,17164,1
2021-06-01 15:00:06.044,17163,17166,17163,1
2021-06-01 15:00:06.299,17164,17166,17164,6
2021-06-01 15:00:06.299,17164,17166,17163,1
2021-06-01 15:00:06.347,17164,17166,17166,2
2021-06-01 15:00:06.349,17164,17166,17166,3
2021-06-01 15:00:06.386,17164,17166,17166,1
2021-06-01 15:00:06.386,17164,17166,17167,1
2021-06-01 15:00:06.463,17163,17167,17166,1
2021-06-01 15:00:06.518,17163,17166,17163,2
2021-06-01 15:00:06.642,17162,17165,17162,1
2021-06-01 15:00:07.112,17162,17165,17161,1
2021-06-01 15:00:07.378,17163,17166,17163,1
2021-06-01 15:00:07.439,17163,17165,17163,1
2021-06-01 15:00:07.609,17163,17165,17165,1
2021-06-01 15:00:07.751,17163,17166,17165,1
2021-06-01 15:00:07.752,17163,17166,17163,1
2021-06-01 15:00:07.926,17163,17166,17163,3
2021-06-01 15:00:08.268,17164,17166,17164,1
2021-06-01 15:00:08.766,17163,17165,17163,2
2021-06-01 15:00:08.767,17163,17165,17163,3
2021-06-01 15:00:09.569,17161,17162,17162,1
2021-06-01 15:00:09.900,17161,17162,17161,1
2021-06-01 15:00:09.900,17161,17162,17161,1
2021-06-01 15:00:10.114,17160,17162,17160,3
2021-06-01 15:00:10.240,17159,17161,17159,1
2021-06-01 15:00:10.241,17159,17161,17159,1
2021-06-01 15:00:10.241,17159,17161,17159,2
2021-06-01 15:00:10.778,17158,17159,17158,3
2021-06-01 15:00:10.852,17158,17159,17157,1
2021-06-01 15:00:10.987,17157,17158,17158,1
2021-06-01 15:00:10.987,17157,17158,17159,3
2021-06-01 15:00:11.093,17157,17160,17157,1
2021-06-01 15:00:11.122,17157,17160,17156,1
2021-06-01 15:00:12.177,17155,17157,17157,3
2021-06-01 15:00:12.413,17155,17157,17157,1
2021-06-01 15:00:12.693,17156,17157,17156,1
2021-06-01 15:00:12.693,17156,17157,17156,2
2021-06-01 15:00:13.098,17155,17158,17159,2
2021-06-01 15:00:13.135,17155,17158,17156,1
2021-06-01 15:00:14.869,17155,17157,17157,6
2021-06-01 15:00:15.038,17157,17160,17157,1
2021-06-01 15:00:15.429,17156,17159,17159,1
2021-06-01 15:00:16.627,17157,17159,17157,1
2021-06-01 15:00:16.627,17157,17159,17156,1
2021-06-01 15:00:17.207,17156,17157,17156,3
2021-06-01 15:00:17.479,17155,17157,17156,1
2021-06-01 15:00:17.704,17155,17156,17156,1
2021-06-01 15:00:17.816,17155,17156,17156,1
2021-06-01 15:00:17.819,17155,17156,17156,1
2021-06-01 15:00:17.893,17155,17157,17155,4
2021-06-01 15:00:18.134,17154,17157,17155,1
2021-06-01 15:00:18.216,17154,17157,17157,4
2021-06-01 15:00:18.216,17154,17157,17158,1
2021-06-01 15:00:18.343,17155,17158,17157,1
2021-06-01 15:00:18.555,17155,17157,17157,1
2021-06-01 15:00:18.642,17157,17158,17157,1
2021-06-01 15:00:18.713,17157,17158,17158,1
2021-06-01 15:00:18.724,17157,17158,17158,1
2021-06-01 15:00:18.756,17157,17158,17158,1
2021-06-01 15:00:18.980,17155,17158,17157,1
2021-06-01 15:00:20.194,17156,17157,17157,1
2021-06-01 15:00:20.194,17156,17157,17156,2
2021-06-01 15:00:20.559,17155,17157,17157,1
2021-06-01 15:00:20.693,17156,17158,17158,2
2021-06-01 15:00:20.906,17155,17158,17155,1
2021-06-01 15:00:20.909,17155,17158,17158,1
2021-06-01 15:00:21.224,17155,17158,17156,4
2021-06-01 15:00:21.224,17155,17158,17158,1
2021-06-01 15:00:21.709,17155,17158,17158,5
2021-06-01 15:00:21.713,17155,17158,17158,5
2021-06-01 15:00:21.926,17156,17158,17158,4
2021-06-01 15:00:21.949,17156,17158,17158,1
2021-06-01 15:00:21.967,17156,17158,17156,1
2021-06-01 15:00:21.967,17156,17158,17155,1
2021-06-01 15:00:21.988,17156,17158,17159,1
2021-06-01 15:00:21.995,17156,17158,17159,1
2021-06-01 15:00:22.019,17155,17159,17159,1
2021-06-01 15:00:22.019,17155,17159,17160,1
2021-06-01 15:00:22.107,17155,17159,17160,1
2021-06-01 15:00:22.223,17156,17160,17156,2
2021-06-01 15:00:22.615,17156,17157,17156,2
2021-06-01 15:00:22.671,17155,17157,17157,1
2021-06-01 15:00:22.671,17155,17157,17158,1
2021-06-01 15:00:22.817,17156,17158,17156,1
2021-06-01 15:00:22.907,17155,17157,17155,2
2021-06-01 15:00:22.975,17155,17157,17157,1
2021-06-01 15:00:23.144,17154,17158,17158,1
2021-06-01 15:00:24.247,17157,17159,17159,2
2021-06-01 15:00:24.840,17157,17159,17157,1
2021-06-01 15:00:24.857,17157,17159,17157,1
2021-06-01 15:00:25.737,17157,17159,17157,2
2021-06-01 15:00:26.027,17156,17159,17159,4
2021-06-01 15:00:26.061,17156,17159,17156,2
2021-06-01 15:00:27.060,17156,17159,17157,1
2021-06-01 15:00:28.393,17156,17158,17157,1
2021-06-01 15:00:29.031,17156,17158,17156,1
2021-06-01 15:00:29.814,17156,17158,17157,1
2021-06-01 15:00:30.307,17157,17158,17157,1
2021-06-01 15:00:31.175,17157,17158,17157,2
2021-06-01 15:00:31.331,17156,17158,17156,1
2021-06-01 15:00:31.405,17156,17158,17158,1
2021-06-01 15:00:32.251,17157,17158,17158,1
2021-06-01 15:00:32.932,17157,17158,17157,1
2021-06-01 15:00:33.089,17157,17158,17158,1
2021-06-01 15:00:33.318,17157,17158,17157,1
2021-06-01 15:00:33.869,17157,17158,17157,1
2021-06-01 15:00:33.960,17157,17158,17158,2
2021-06-01 15:00:33.960,17157,17158,17159,3
2021-06-01 15:00:34.243,17157,17159,17157,1
2021-06-01 15:00:34.243,17157,17159,17156,1
2021-06-01 15:00:34.847,17156,17159,17159,1
2021-06-01 15:00:35.280,17157,17159,17157,1
2021-06-01 15:00:35.294,17157,17159,17157,3
2021-06-01 15:00:36.684,17157,17158,17158,1
2021-06-01 15:00:36.970,17157,17159,17157,2
2021-06-01 15:00:38.552,17157,17159,17159,18
2021-06-01 15:00:38.570,17157,17159,17159,2
2021-06-01 15:00:38.854,17159,17160,17160,9
2021-06-01 15:00:38.893,17159,17160,17160,18
2021-06-01 15:00:38.893,17159,17160,17160,3
2021-06-01 15:00:39.608,17159,17161,17159,1
2021-06-01 15:00:40.391,17160,17161,17161,12
2021-06-01 15:00:40.552,17160,17162,17160,1
2021-06-01 15:00:40.628,17160,17162,17160,1
2021-06-01 15:00:41.233,17159,17162,17159,1
2021-06-01 15:00:41.643,17159,17161,17159,2
2021-06-01 15:00:42.191,17158,17161,17158,1
2021-06-01 15:00:43.529,17158,17161,17159,3
2021-06-01 15:00:44.084,17159,17160,17160,1
2021-06-01 15:00:44.084,17159,17160,17160,1
2021-06-01 15:00:44.084,17159,17160,17160,1
2021-06-01 15:00:45.433,17159,17161,17160,1
2021-06-01 15:00:45.433,17159,17161,17160,1
2021-06-01 15:00:45.435,17159,17161,17161,2
2021-06-01 15:00:47.534,17160,17161,17160,3
2021-06-01 15:00:47.599,17160,17161,17160,1
2021-06-01 15:00:48.052,17159,17160,17160,2
2021-06-01 15:00:48.052,17159,17160,17161,2
2021-06-01 15:00:48.052,17159,17160,17161,1
2021-06-01 15:00:48.303,17160,17162,17160,1
2021-06-01 15:00:48.309,17160,17162,17159,1
2021-06-01 15:00:49.218,17160,17161,17161,1
2021-06-01 15:00:50.032,17160,17161,17160,1
2021-06-01 15:00:50.371,17159,17161,17161,1
2021-06-01 15:00:51.604,17160,17162,17160,1
2021-06-01 15:00:51.702,17160,17162,17161,1
2021-06-01 15:00:51.735,17160,17162,17161,1
2021-06-01 15:00:51.911,17160,17162,17160,1
2021-06-01 15:00:52.805,17160,17161,17161,1
2021-06-01 15:00:52.893,17160,17161,17160,1
2021-06-01 15:00:53.013,17160,17161,17161,1
2021-06-01 15:00:53.013,17160,17161,17162,1
2021-06-01 15:00:53.030,17159,17162,17162,2
2021-06-01 15:00:53.056,17159,17162,17159,1
2021-06-01 15:00:54.082,17160,17162,17162,11
2021-06-01 15:00:54.083,17160,17162,17163,3
2021-06-01 15:00:54.178,17162,17163,17163,2
2021-06-01 15:00:54.766,17161,17162,17162,1
2021-06-01 15:00:54.817,17161,17163,17163,2
2021-06-01 15:00:55.312,17161,17163,17163,1
2021-06-01 15:00:55.321,17161,17163,17161,1
2021-06-01 15:00:55.942,17162,17163,17162,1
2021-06-01 15:00:56.244,17162,17163,17162,1
2021-06-01 15:00:56.263,17162,17163,17163,1
2021-06-01 15:00:57.183,17161,17163,17163,3
2021-06-01 15:00:57.514,17161,17163,17163,3
2021-06-01 15:00:58.750,17161,17163,17163,2
2021-06-01 15:01:00.027,17162,17164,17164,2
2021-06-01 15:01:00.028,17162,17164,17164,9
2021-06-01 15:01:00.036,17162,17164,17165,2
2021-06-01 15:01:00.043,17162,17164,17165,1
2021-06-01 15:01:00.056,17162,17164,17165,1
2021-06-01 15:01:00.058,17162,17164,17165,1
2021-06-01 15:01:00.066,17162,17164,17165,2
2021-06-01 15:01:00.072,17162,17164,17165,1
2021-06-01 15:01:00.072,17162,17164,17165,1
2021-06-01 15:01:00.073,17162,17164,17165,28
2021-06-01 15:01:00.073,17162,17164,17165,2
2021-06-01 15:01:00.073,17162,17164,17165,1
2021-06-01 15:01:00.075,17162,17164,17165,8
2021-06-01 15:01:00.075,17162,17164,17166,3
2021-06-01 15:01:00.075,17162,17164,17166,1
2021-06-01 15:01:00.075,17162,17164,17166,1
2021-06-01 15:01:00.079,17162,17164,17166,2
2021-06-01 15:01:00.080,17162,17164,17167,2
2021-06-01 15:01:00.081,17162,17164,17167,1
2021-06-01 15:01:00.083,17162,17164,17167,1
2021-06-01 15:01:00.087,17162,17164,17167,1
2021-06-01 15:01:00.092,17162,17164,17167,1
2021-06-01 15:01:00.094,17162,17164,17167,1
2021-06-01 15:01:00.095,17162,17164,17167,1
2021-06-01 15:01:00.108,17162,17164,17167,1
2021-06-01 15:01:00.111,17162,17164,17167,2
2021-06-01 15:01:00.139,17162,17164,17167,1
2021-06-01 15:01:00.146,17164,17167,17167,1
2021-06-01 15:01:00.150,17164,17167,17167,1
2021-06-01 15:01:00.150,17164,17167,17167,1
2021-06-01 15:01:00.150,17164,17167,17167,1
2021-06-01 15:01:00.152,17164,17167,17167,1
2021-06-01 15:01:00.274,17164,17167,17167,1
2021-06-01 15:01:00.285,17164,17167,17167,1
2021-06-01 15:01:00.312,17164,17167,17167,1
2021-06-01 15:01:00.409,17164,17167,17167,1
2021-06-01 15:01:00.454,17164,17167,17167,1
2021-06-01 15:01:00.737,17165,17167,17167,5
2021-06-01 15:01:00.844,17165,17168,17168,5
2021-06-01 15:01:00.983,17165,17168,17168,2
2021-06-01 15:01:00.995,17165,17168,17168,2
2021-06-01 15:01:00.995,17165,17168,17168,1
2021-06-01 15:01:00.995,17165,17168,17168,1
2021-06-01 15:01:00.995,17165,17168,17168,1
2021-06-01 15:01:00.995,17165,17168,17168,2
2021-06-01 15:01:01.057,17165,17168,17168,1
2021-06-01 15:01:01.144,17165,17168,17168,1
2021-06-01 15:01:01.144,17165,17168,17168,1
2021-06-01 15:01:01.145,17165,17168,17168,1
2021-06-01 15:01:01.146,17165,17168,17168,1
2021-06-01 15:01:01.162,17165,17168,17165,1
2021-06-01 15:01:01.184,17165,17168,17165,1
2021-06-01 15:01:01.344,17164,17168,17165,1
2021-06-01 15:01:01.401,17164,17168,17168,1
2021-06-01 15:01:01.600,17164,17167,17166,1
2021-06-01 15:01:01.621,17164,17167,17167,1
2021-06-01 15:01:01.921,17164,17167,17167,1
2021-06-01 15:01:01.951,17164,17167,17168,1
2021-06-01 15:01:02.761,17164,17167,17167,1
2021-06-01 15:01:03.220,17165,17168,17168,1
2021-06-01 15:01:03.493,17165,17168,17166,1
2021-06-01 15:01:06.147,17165,17167,17165,1
2021-06-01 15:01:07.252,17164,17167,17167,1
2021-06-01 15:01:07.269,17164,17167,17167,1
2021-06-01 15:01:07.270,17164,17167,17167,1
2021-06-01 15:01:07.270,17164,17167,17167,1
2021-06-01 15:01:07.270,17164,17167,17167,1
2021-06-01 15:01:07.270,17164,17167,17167,1
2021-06-01 15:01:07.270,17164,17167,17167,1
2021-06-01 15:01:08.077,17164,17166,17166,1
2021-06-01 15:01:08.077,17164,17166,17167,8
2021-06-01 15:01:08.077,17164,17166,17168,11
2021-06-01 15:01:09.613,17166,17168,17166,1
2021-06-01 15:01:09.613,17166,17168,17165,1
2021-06-01 15:01:09.967,17165,17168,17166,1
2021-06-01 15:01:10.828,17166,17168,17166,1
2021-06-01 15:01:10.957,17165,17168,17165,1
2021-06-01 15:01:11.515,17164,17167,17165,1
2021-06-01 15:01:12.502,17164,17167,17167,1
2021-06-01 15:01:13.812,17165,17167,17165,1
2021-06-01 15:01:13.818,17165,17167,17166,1
2021-06-01 15:01:15.187,17165,17166,17166,1
2021-06-01 15:01:15.416,17165,17166,17166,1
2021-06-01 15:01:15.721,17165,17166,17166,1
2021-06-01 15:01:16.184,17165,17167,17165,1
2021-06-01 15:01:17.555,17165,17166,17165,1
2021-06-01 15:01:17.555,17165,17166,17165,1
2021-06-01 15:01:17.644,17164,17166,17166,1
2021-06-01 15:01:17.645,17164,17166,17167,1
2021-06-01 15:01:17.645,17164,17166,17167,1
2021-06-01 15:01:17.647,17164,17166,17167,1
2021-06-01 15:01:17.647,17164,17166,17167,1
2021-06-01 15:01:17.655,17164,17166,17167,1
2021-06-01 15:01:17.655,17164,17166,17168,1
2021-06-01 15:01:18.412,17165,17168,17165,1
2021-06-01 15:01:18.823,17165,17166,17166,1
2021-06-01 15:01:18.876,17165,17166,17167,1
2021-06-01 15:01:20.345,17165,17166,17165,4
2021-06-01 15:01:20.348,17165,17166,17165,2
2021-06-01 15:01:20.348,17165,17166,17165,1
2021-06-01 15:01:20.846,17164,17165,17165,1
2021-06-01 15:01:20.847,17164,17165,17165,1
2021-06-01 15:01:23.976,17164,17165,17165,1
2021-06-01 15:01:24.292,17164,17165,17165,1
2021-06-01 15:01:24.422,17164,17165,17165,2
2021-06-01 15:01:24.537,17164,17166,17166,1
2021-06-01 15:01:25.018,17165,17166,17166,3
2021-06-01 15:01:25.925,17165,17167,17167,1
2021-06-01 15:01:26.132,17165,17167,17165,1
2021-06-01 15:01:26.826,17165,17167,17165,1
2021-06-01 15:01:27.955,17165,17166,17165,1
2021-06-01 15:01:27.955,17165,17166,17164,2
2021-06-01 15:01:27.955,17165,17166,17164,1
2021-06-01 15:01:28.020,17163,17166,17166,1
2021-06-01 15:01:28.020,17163,17166,17166,1
2021-06-01 15:01:28.023,17163,17166,17166,1
2021-06-01 15:01:28.493,17164,17167,17164,1
2021-06-01 15:01:29.879,17163,17166,17163,1
2021-06-01 15:01:30.031,17163,17165,17163,1
2021-06-01 15:01:30.213,17162,17164,17162,1
2021-06-01 15:01:31.002,17162,17164,17164,1
2021-06-01 15:01:31.002,17162,17164,17164,1
2021-06-01 15:01:31.061,17162,17165,17164,1
2021-06-01 15:01:31.550,17162,17163,17163,1
2021-06-01 15:01:33.123,17162,17164,17162,2
2021-06-01 15:01:33.124,17162,17164,17162,1
2021-06-01 15:01:38.269,17162,17163,17162,1
2021-06-01 15:01:39.694,17162,17163,17162,1
2021-06-01 15:01:39.769,17161,17163,17163,1
2021-06-01 15:01:39.770,17161,17163,17163,1
2021-06-01 15:01:41.148,17162,17163,17162,1
2021-06-01 15:01:41.148,17162,17163,17162,1
2021-06-01 15:01:41.148,17162,17163,17162,1
2021-06-01 15:01:41.825,17161,17163,17162,1
2021-06-01 15:01:41.998,17161,17163,17161,1
2021-06-01 15:01:42.161,17161,17163,17163,1
2021-06-01 15:01:42.271,17161,17163,17161,1
2021-06-01 15:01:42.305,17161,17163,17161,6
2021-06-01 15:01:43.393,17160,17162,17162,3
2021-06-01 15:01:43.393,17160,17162,17163,2
2021-06-01 15:01:45.565,17160,17162,17160,1
2021-06-01 15:01:45.566,17160,17162,17160,6
2021-06-01 15:01:48.393,17159,17160,17159,5
2021-06-01 15:01:48.518,17158,17160,17158,13
2021-06-01 15:01:48.520,17158,17160,17157,22
2021-06-01 15:01:48.520,17158,17160,17157,1
2021-06-01 15:01:48.520,17158,17160,17157,1
2021-06-01 15:01:48.522,17158,17160,17157,1
2021-06-01 15:01:48.522,17158,17160,17157,1
2021-06-01 15:01:48.583,17158,17160,17157,1
2021-06-01 15:01:51.735,17156,17157,17156,1
2021-06-01 15:01:54.183,17155,17156,17156,1
2021-06-01 15:01:54.401,17155,17156,17156,1
2021-06-01 15:01:55.097,17155,17156,17156,3
2021-06-01 15:01:55.260,17155,17157,17157,5
2021-06-01 15:01:55.283,17157,17159,17159,1
2021-06-01 15:01:56.641,17156,17158,17158,1
2021-06-01 15:01:57.014,17156,17159,17156,1
2021-06-01 15:01:59.912,17158,17159,17159,1
2021-06-01 15:01:59.941,17158,17159,17159,2
2021-06-01 15:01:59.995,17158,17159,17160,1
2021-06-01 15:01:59.997,17158,17159,17160,2
2021-06-01 15:02:00.071,17160,17161,17160,1
2021-06-01 15:02:00.084,17160,17161,17161,2
2021-06-01 15:02:00.084,17160,17161,17161,1
2021-06-01 15:02:00.123,17160,17161,17162,1
2021-06-01 15:02:00.124,17160,17161,17162,1
2021-06-01 15:02:00.133,17160,17161,17162,2
2021-06-01 15:02:00.168,17161,17162,17161,1
2021-06-01 15:02:00.171,17161,17162,17162,1
2021-06-01 15:02:00.290,17161,17163,17162,1
2021-06-01 15:02:00.318,17161,17163,17163,1
2021-06-01 15:02:00.413,17161,17163,17163,1
2021-06-01 15:02:00.497,17161,17163,17161,2
2021-06-01 15:02:00.757,17160,17163,17163,1
2021-06-01 15:02:00.769,17161,17163,17163,1
2021-06-01 15:02:01.003,17161,17163,17163,1
2021-06-01 15:02:01.653,17161,17162,17161,4
2021-06-01 15:02:01.653,17161,17162,17160,2
2021-06-01 15:02:01.654,17161,17162,17160,4
2021-06-01 15:02:01.654,17161,17162,17159,3
2021-06-01 15:02:01.654,17161,17162,17158,6
2021-06-01 15:02:01.654,17161,17162,17157,5
2021-06-01 15:02:01.654,17161,17162,17156,12
2021-06-01 15:02:01.654,17161,17162,17155,13
2021-06-01 15:02:01.654,17161,17162,17154,4
2021-06-01 15:02:01.654,17161,17162,17153,3
2021-06-01 15:02:01.656,17161,17162,17158,1
2021-06-01 15:02:01.658,17161,17162,17156,1
2021-06-01 15:02:02.211,17155,17157,17155,1
2021-06-01 15:02:02.267,17153,17156,17153,1
2021-06-01 15:02:02.279,17153,17156,17153,1
2021-06-01 15:02:02.809,17152,17154,17154,1
2021-06-01 15:02:03.242,17152,17154,17153,1
2021-06-01 15:02:03.339,17152,17154,17152,1
2021-06-01 15:02:03.339,17152,17154,17152,1
2021-06-01 15:02:04.174,17152,17153,17153,1
2021-06-01 15:02:04.233,17152,17153,17152,1
2021-06-01 15:02:04.463,17152,17153,17153,4
2021-06-01 15:02:04.579,17152,17154,17154,1
2021-06-01 15:02:04.689,17153,17154,17154,1
2021-06-01 15:02:04.925,17153,17155,17155,1
2021-06-01 15:02:06.358,17153,17155,17155,1
2021-06-01 15:02:07.005,17153,17155,17155,1
2021-06-01 15:02:11.135,17156,17158,17156,1
2021-06-01 15:02:17.435,17156,17158,17157,1
2021-06-01 15:02:17.439,17156,17158,17158,1
2021-06-01 15:02:18.065,17157,17159,17157,1
2021-06-01 15:02:19.982,17158,17159,17159,1
2021-06-01 15:02:19.982,17158,17159,17159,1
2021-06-01 15:02:19.982,17158,17159,17159,1
2021-06-01 15:02:20.424,17158,17160,17158,1
2021-06-01 15:02:21.935,17158,17160,17159,1
2021-06-01 15:02:23.793,17158,17159,17158,1
2021-06-01 15:02:24.035,17158,17159,17159,1
2021-06-01 15:02:24.355,17158,17159,17159,1
2021-06-01 15:02:25.207,17158,17159,17158,2
2021-06-01 15:02:25.685,17158,17159,17158,1
2021-06-01 15:02:25.836,17158,17159,17158,1
2021-06-01 15:02:25.837,17158,17159,17158,1
2021-06-01 15:02:25.837,17158,17159,17158,1
2021-06-01 15:02:25.837,17158,17159,17158,1
2021-06-01 15:02:25.837,17158,17159,17158,1
2021-06-01 15:02:25.837,17158,17159,17158,1
2021-06-01 15:02:26.952,17158,17159,17158,1
2021-06-01 15:02:27.057,17157,17158,17157,3
2021-06-01 15:02:27.058,17157,17158,17157,1
2021-06-01 15:02:27.058,17157,17158,17157,1
2021-06-01 15:02:27.445,17156,17158,17158,1
2021-06-01 15:02:29.681,17156,17158,17158,1
2021-06-01 15:02:30.938,17157,17158,17158,1
2021-06-01 15:02:31.629,17157,17158,17158,1
2021-06-01 15:02:33.306,17157,17159,17157,1
2021-06-01 15:02:33.676,17157,17159,17158,1
2021-06-01 15:02:34.311,17158,17159,17158,1
2021-06-01 15:02:34.927,17158,17159,17158,1
2021-06-01 15:02:36.807,17158,17159,17158,1
2021-06-01 15:02:37.518,17158,17159,17158,1
2021-06-01 15:02:39.690,17157,17159,17157,1
2021-06-01 15:02:39.940,17158,17159,17158,1
2021-06-01 15:02:41.142,17157,17158,17158,1
2021-06-01 15:02:41.172,17157,17158,17158,1
2021-06-01 15:02:41.790,17157,17159,17157,1
2021-06-01 15:02:44.130,17158,17159,17159,1
2021-06-01 15:02:44.131,17158,17159,17159,2
2021-06-01 15:02:45.275,17158,17160,17160,2
2021-06-01 15:02:45.275,17158,17160,17160,2
2021-06-01 15:02:45.275,17158,17160,17160,1
2021-06-01 15:02:45.275,17158,17160,17160,1
2021-06-01 15:02:45.275,17158,17160,17160,2
2021-06-01 15:02:45.275,17158,17160,17160,1
2021-06-01 15:02:45.275,17158,17160,17160,1
2021-06-01 15:02:45.630,17159,17161,17158,1
2021-06-01 15:02:47.409,17158,17160,17160,1
2021-06-01 15:02:47.824,17158,17161,17158,1
2021-06-01 15:02:48.859,17158,17161,17160,1
2021-06-01 15:02:49.900,17158,17160,17158,1
2021-06-01 15:02:51.534,17158,17159,17158,1
2021-06-01 15:02:51.899,17157,17159,17158,1
2021-06-01 15:02:52.238,17157,17159,17157,1
2021-06-01 15:02:52.924,17157,17159,17158,1
2021-06-01 15:02:56.693,17158,17159,17158,5
2021-06-01 15:02:56.694,17158,17159,17157,4
2021-06-01 15:02:56.694,17158,17159,17157,4
2021-06-01 15:02:57.139,17156,17158,17158,1
2021-06-01 15:02:57.757,17156,17158,17156,1
2021-06-01 15:02:58.157,17157,17158,17158,1
2021-06-01 15:02:58.201,17157,17158,17159,1
2021-06-01 15:02:58.944,17159,17160,17160,1
2021-06-01 15:02:58.945,17159,17160,17160,3
2021-06-01 15:02:58.945,17159,17160,17160,3
2021-06-01 15:02:59.892,17160,17162,17162,2
2021-06-01 15:03:00.041,17160,17162,17162,1
2021-06-01 15:03:00.063,17160,17162,17162,1
2021-06-01 15:03:00.065,17160,17162,17163,1
2021-06-01 15:03:00.091,17160,17162,17163,1
2021-06-01 15:03:00.143,17162,17163,17163,12
2021-06-01 15:03:00.150,17162,17163,17164,1
2021-06-01 15:03:00.154,17162,17163,17164,1
2021-06-01 15:03:00.164,17162,17163,17164,1
2021-06-01 15:03:00.240,17162,17163,17165,2
2021-06-01 15:03:00.992,17163,17165,17162,1
2021-06-01 15:03:00.992,17163,17165,17161,4
2021-06-01 15:03:00.995,17163,17165,17161,1
2021-06-01 15:03:00.995,17163,17165,17160,4
2021-06-01 15:03:01.018,17160,17162,17162,1
2021-06-01 15:03:01.143,17160,17162,17162,1
2021-06-01 15:03:02.692,17159,17161,17159,1
2021-06-01 15:03:02.721,17159,17161,17159,1
2021-06-01 15:03:02.750,17159,17161,17158,1
2021-06-01 15:03:02.803,17157,17160,17157,1
2021-06-01 15:03:03.703,17157,17160,17160,1
2021-06-01 15:03:05.905,17158,17161,17160,1
2021-06-01 15:03:10.567,17160,17161,17161,5
2021-06-01 15:03:12.043,17160,17163,17160,1
2021-06-01 15:03:12.273,17160,17163,17163,1
2021-06-01 15:03:13.265,17160,17163,17160,1
2021-06-01 15:03:16.535,17160,17162,17161,1
2021-06-01 15:03:18.433,17160,17161,17160,2
2021-06-01 15:03:18.433,17160,17161,17160,3
2021-06-01 15:03:19.457,17159,17160,17159,1
2021-06-01 15:03:20.134,17158,17161,17160,1
2021-06-01 15:03:21.120,17158,17161,17158,1
2021-06-01 15:03:22.139,17159,17161,17159,1
2021-06-01 15:03:25.915,17159,17161,17159,1
2021-06-01 15:03:26.181,17159,17161,17160,1
2021-06-01 15:03:29.605,17159,17161,17161,3
2021-06-01 15:03:29.605,17159,17161,17161,2
2021-06-01 15:03:29.605,17159,17161,17161,1
2021-06-01 15:03:30.225,17160,17162,17161,1
2021-06-01 15:03:30.988,17160,17162,17160,1
2021-06-01 15:03:34.878,17160,17162,17160,1
2021-06-01 15:03:35.056,17160,17162,17160,1
2021-06-01 15:03:35.326,17160,17162,17160,3
2021-06-01 15:03:35.326,17160,17162,17159,1
2021-06-01 15:03:36.987,17159,17161,17160,1
2021-06-01 15:03:46.782,17159,17160,17159,1
2021-06-01 15:03:51.486,17159,17160,17159,1
2021-06-01 15:03:52.981,17158,17160,17160,1
2021-06-01 15:03:53.766,17158,17160,17158,1
2021-06-01 15:04:00.062,17158,17160,17160,5
2021-06-01 15:04:00.554,17158,17160,17160,1
2021-06-01 15:04:00.554,17158,17160,17161,1
2021-06-01 15:04:01.335,17158,17161,17161,2
2021-06-01 15:04:02.402,17159,17162,17162,1
2021-06-01 15:04:02.454,17159,17162,17162,1
2021-06-01 15:04:02.466,17159,17162,17162,1
2021-06-01 15:04:06.479,17160,17162,17162,1
2021-06-01 15:04:15.613,17160,17162,17162,3
2021-06-01 15:04:15.757,17161,17163,17163,2
2021-06-01 15:04:15.768,17161,17163,17163,4
2021-06-01 15:04:15.768,17161,17163,17163,3
2021-06-01 15:04:16.811,17161,17163,17161,4
2021-06-01 15:04:16.811,17161,17163,17161,1
2021-06-01 15:04:17.085,17160,17163,17163,1
2021-06-01 15:04:19.603,17160,17163,17161,1
2021-06-01 15:04:21.054,17160,17162,17162,1
2021-06-01 15:04:29.445,17161,17162,17161,1
2021-06-01 15:04:35.025,17161,17162,17162,1
2021-06-01 15:04:40.358,17161,17162,17161,1
2021-06-01 15:04:43.137,17161,17162,17162,1
2021-06-01 15:04:43.139,17161,17162,17162,1
2021-06-01 15:04:43.238,17161,17163,17161,1
2021-06-01 15:04:51.956,17162,17163,17162,1
2021-06-01 15:04:55.146,17161,17162,17162,1
2021-06-01 15:04:56.122,17161,17163,17162,1
2021-06-01 15:05:00.140,17161,17162,17162,1
2021-06-01 15:05:00.491,17161,17162,17161,6
2021-06-01 15:05:00.630,17160,17161,17161,1
2021-06-01 15:05:00.763,17160,17162,17160,1
2021-06-01 15:05:01.217,17160,17161,17160,4
2021-06-01 15:05:01.218,17160,17161,17160,1
2021-06-01 15:05:01.218,17160,17161,17160,1
2021-06-01 15:05:02.179,17159,17161,17159,1
2021-06-01 15:05:02.181,17159,17161,17159,1
2021-06-01 15:05:02.879,17159,17160,17160,3
2021-06-01 15:05:02.880,17159,17160,17159,3
2021-06-01 15:05:04.764,17158,17160,17159,1
2021-06-01 15:05:05.772,17158,17159,17159,1
2021-06-01 15:05:07.762,17158,17160,17159,1
2021-06-01 15:05:08.294,17159,17160,17160,1
2021-06-01 15:05:09.787,17158,17160,17160,1
2021-06-01 15:05:11.335,17159,17161,17160,1
2021-06-01 15:05:12.937,17159,17161,17161,1
2021-06-01 15:05:13.951,17159,17160,17159,1
2021-06-01 15:05:16.356,17158,17160,17158,1
2021-06-01 15:05:17.267,17158,17160,17158,1
2021-06-01 15:05:17.465,17158,17160,17158,5
2021-06-01 15:05:17.524,17158,17159,17158,1
2021-06-01 15:05:17.524,17158,17159,17158,1
2021-06-01 15:05:20.074,17157,17159,17159,1
2021-06-01 15:05:20.315,17157,17158,17157,5
2021-06-01 15:05:22.848,17157,17159,17157,1
2021-06-01 15:05:23.031,17157,17159,17157,2
2021-06-01 15:05:23.031,17157,17159,17156,3
2021-06-01 15:05:26.523,17157,17159,17157,1
2021-06-01 15:05:30.399,17157,17159,17157,1
2021-06-01 15:05:30.898,17157,17159,17159,1
2021-06-01 15:05:31.443,17157,17159,17157,1
2021-06-01 15:05:31.637,17157,17159,17157,1
2021-06-01 15:05:31.700,17156,17157,17157,1
2021-06-01 15:05:36.307,17157,17158,17157,3
2021-06-01 15:05:36.308,17157,17158,17157,1
2021-06-01 15:05:40.215,17157,17158,17157,3
2021-06-01 15:05:49.134,17157,17158,17158,1
2021-06-01 15:05:49.134,17157,17158,17158,2
2021-06-01 15:05:49.623,17158,17159,17158,1
2021-06-01 15:05:49.623,17158,17159,17157,1
2021-06-01 15:05:51.089,17157,17158,17157,1
2021-06-01 15:05:51.896,17156,17157,17157,1
2021-06-01 15:05:53.581,17157,17159,17158,1
2021-06-01 15:05:54.515,17157,17158,17158,1
2021-06-01 15:05:58.949,17158,17159,17159,2
2021-06-01 15:05:59.590,17158,17160,17160,1
2021-06-01 15:06:00.060,17158,17160,17160,1
2021-06-01 15:06:00.070,17158,17160,17160,1
2021-06-01 15:06:00.081,17158,17160,17161,1
2021-06-01 15:06:00.092,17158,17160,17161,1
2021-06-01 15:06:00.095,17158,17160,17161,1
2021-06-01 15:06:00.109,17158,17160,17161,1
2021-06-01 15:06:00.123,17158,17160,17161,1
2021-06-01 15:06:00.129,17158,17160,17161,1
2021-06-01 15:06:00.261,17160,17161,17161,1
2021-06-01 15:06:00.448,17160,17161,17161,1
2021-06-01 15:06:00.448,17160,17161,17162,1
2021-06-01 15:06:00.590,17160,17162,17162,1
2021-06-01 15:06:02.096,17159,17161,17159,1
2021-06-01 15:06:04.133,17159,17160,17160,1
2021-06-01 15:06:05.934,17159,17160,17159,5
2021-06-01 15:06:07.271,17158,17159,17159,1
2021-06-01 15:06:09.131,17158,17160,17160,1
2021-06-01 15:06:09.514,17158,17160,17159,1
2021-06-01 15:06:14.360,17158,17160,17159,1
2021-06-01 15:06:15.602,17158,17159,17158,1
2021-06-01 15:06:15.602,17158,17159,17158,2
2021-06-01 15:06:15.603,17158,17159,17158,4
2021-06-01 15:06:15.951,17157,17158,17158,1
2021-06-01 15:06:16.076,17157,17158,17157,1
2021-06-01 15:06:16.143,17157,17158,17157,4
2021-06-01 15:06:16.143,17157,17158,17157,2
2021-06-01 15:06:16.144,17157,17158,17157,1
2021-06-01 15:06:16.144,17157,17158,17157,5
2021-06-01 15:06:16.393,17156,17157,17156,9
2021-06-01 15:06:18.309,17155,17157,17157,1
2021-06-01 15:06:18.609,17155,17157,17157,1
2021-06-01 15:06:23.499,17156,17157,17157,1
2021-06-01 15:06:27.444,17156,17157,17157,1
2021-06-01 15:06:34.172,17156,17157,17156,1
2021-06-01 15:06:34.537,17156,17157,17157,2
2021-06-01 15:06:44.369,17156,17157,17157,1
2021-06-01 15:06:44.814,17156,17158,17157,1
2021-06-01 15:06:51.964,17157,17158,17158,1
2021-06-01 15:06:51.964,17157,17158,17158,2
2021-06-01 15:06:51.964,17157,17158,17158,2
2021-06-01 15:06:54.774,17158,17159,17158,1
2021-06-01 15:06:58.768,17158,17159,17158,2
2021-06-01 15:07:01.091,17158,17159,17158,3
2021-06-01 15:07:01.359,17158,17159,17159,1
2021-06-01 15:07:01.794,17158,17159,17159,1
2021-06-01 15:07:01.798,17158,17159,17159,1
2021-06-01 15:07:01.798,17158,17159,17159,2
2021-06-01 15:07:05.230,17159,17160,17159,1
2021-06-01 15:07:09.043,17158,17159,17159,3
2021-06-01 15:07:09.130,17158,17159,17159,1
2021-06-01 15:07:12.262,17159,17160,17160,1
2021-06-01 15:07:12.262,17159,17160,17160,3
2021-06-01 15:07:12.262,17159,17160,17160,1
2021-06-01 15:07:12.262,17159,17160,17160,1
2021-06-01 15:07:12.262,17159,17160,17160,2
2021-06-01 15:07:12.262,17159,17160,17160,1
2021-06-01 15:07:12.262,17159,17160,17160,1
2021-06-01 15:07:12.262,17159,17160,17160,13
2021-06-01 15:07:12.533,17160,17161,17160,1
2021-06-01 15:07:13.893,17159,17160,17160,1
2021-06-01 15:07:14.518,17160,17161,17160,1
2021-06-01 15:07:15.644,17160,17161,17161,5
2021-06-01 15:07:22.343,17160,17161,17160,1
2021-06-01 15:07:23.615,17160,17161,17161,1
2021-06-01 15:07:26.250,17161,17162,17161,1
2021-06-01 15:07:26.334,17160,17161,17160,2
2021-06-01 15:07:26.744,17159,17160,17159,1
2021-06-01 15:07:28.491,17159,17160,17160,1
2021-06-01 15:07:29.268,17159,17160,17159,1
2021-06-01 15:07:32.565,17159,17160,17160,2
2021-06-01 15:07:37.030,17159,17160,17159,1
2021-06-01 15:07:40.670,17158,17160,17160,1
2021-06-01 15:07:42.695,17158,17160,17159,1
2021-06-01 15:07:44.901,17158,17160,17158,1
2021-06-01 15:07:54.930,17158,17160,17158,1
2021-06-01 15:07:55.581,17158,17160,17158,1
2021-06-01 15:08:01.661,17159,17160,17160,9
2021-06-01 15:08:02.518,17160,17161,17161,6
2021-06-01 15:08:07.643,17160,17161,17161,1
2021-06-01 15:08:08.286,17160,17162,17161,1
2021-06-01 15:08:09.768,17160,17161,17161,1
2021-06-01 15:08:12.205,17160,17161,17161,3
2021-06-01 15:08:12.280,17161,17162,17162,16
2021-06-01 15:08:12.280,17161,17162,17162,11
2021-06-01 15:08:12.413,17161,17163,17163,1
2021-06-01 15:08:12.414,17161,17163,17163,2
2021-06-01 15:08:12.613,17161,17163,17163,1
2021-06-01 15:08:13.111,17162,17163,17161,1
2021-06-01 15:08:13.518,17162,17163,17162,2
2021-06-01 15:08:15.181,17161,17163,17161,1
2021-06-01 15:08:15.321,17161,17163,17161,1
2021-06-01 15:08:15.410,17161,17163,17163,4
2021-06-01 15:08:15.410,17161,17163,17163,1
2021-06-01 15:08:21.600,17163,17164,17163,1
2021-06-01 15:08:22.875,17163,17164,17163,3
2021-06-01 15:08:23.081,17162,17163,17163,2
2021-06-01 15:08:23.081,17162,17163,17164,3
2021-06-01 15:08:23.300,17163,17164,17163,1
2021-06-01 15:08:23.472,17162,17163,17163,1
2021-06-01 15:08:23.479,17162,17163,17164,1
2021-06-01 15:08:23.515,17162,17163,17164,1
2021-06-01 15:08:24.160,17162,17163,17162,1
2021-06-01 15:08:24.208,17162,17163,17162,1
2021-06-01 15:08:24.599,17161,17163,17163,1
2021-06-01 15:08:29.789,17161,17163,17162,1
2021-06-01 15:08:32.242,17161,17163,17163,2
2021-06-01 15:08:39.099,17161,17163,17163,1
2021-06-01 15:08:40.552,17162,17163,17163,1
2021-06-01 15:08:40.630,17162,17163,17164,4
2021-06-01 15:08:42.633,17162,17163,17163,1
2021-06-01 15:08:43.513,17162,17163,17163,1
2021-06-01 15:08:43.632,17162,17163,17163,1
2021-06-01 15:08:44.070,17162,17164,17164,3
2021-06-01 15:08:48.633,17162,17163,17163,2
2021-06-01 15:08:53.126,17162,17163,17163,1
2021-06-01 15:08:53.561,17162,17163,17163,5
2021-06-01 15:08:56.711,17162,17163,17163,5
2021-06-01 15:08:56.717,17162,17163,17162,1
2021-06-01 15:08:57.369,17162,17164,17163,1
2021-06-01 15:08:57.369,17162,17164,17164,9
2021-06-01 15:08:59.631,17163,17164,17163,1
2021-06-01 15:09:01.401,17163,17164,17163,1
2021-06-01 15:09:05.667,17163,17164,17164,1
2021-06-01 15:09:05.758,17163,17164,17164,1
2021-06-01 15:09:05.869,17163,17164,17164,1
2021-06-01 15:09:09.070,17163,17164,17164,1
2021-06-01 15:09:10.858,17163,17164,17163,1
2021-06-01 15:09:12.030,17163,17164,17164,1
2021-06-01 15:09:14.562,17163,17164,17163,1
2021-06-01 15:09:15.272,17163,17164,17163,3
2021-06-01 15:09:15.336,17163,17164,17163,1
2021-06-01 15:09:19.308,17162,17163,17162,1
2021-06-01 15:09:19.308,17162,17163,17162,5
2021-06-01 15:09:19.308,17162,17163,17162,1
2021-06-01 15:09:19.308,17162,17163,17162,8
2021-06-01 15:09:19.504,17161,17162,17161,4
2021-06-01 15:09:23.582,17161,17163,17163,1
2021-06-01 15:09:26.572,17162,17163,17162,2
2021-06-01 15:09:32.683,17162,17163,17163,3
2021-06-01 15:09:33.054,17162,17163,17162,1
2021-06-01 15:09:36.018,17162,17163,17162,3
2021-06-01 15:09:36.378,17160,17162,17160,1
2021-06-01 15:09:36.508,17160,17162,17160,1
2021-06-01 15:09:37.366,17160,17162,17162,1
2021-06-01 15:09:38.468,17161,17162,17162,1
2021-06-01 15:09:39.547,17161,17162,17162,1
2021-06-01 15:09:39.861,17161,17163,17163,2
2021-06-01 15:09:42.499,17161,17163,17161,6
2021-06-01 15:09:42.597,17161,17163,17161,1
2021-06-01 15:09:56.222,17162,17163,17163,1
2021-06-01 15:10:01.093,17161,17163,17161,1
2021-06-01 15:10:03.499,17160,17163,17160,1
2021-06-01 15:10:09.358,17160,17162,17160,1
2021-06-01 15:10:11.653,17160,17161,17161,1
2021-06-01 15:10:15.777,17162,17163,17162,1
2021-06-01 15:10:16.033,17160,17162,17162,1
2021-06-01 15:10:17.859,17160,17163,17160,2
2021-06-01 15:10:22.178,17160,17161,17160,2
2021-06-01 15:10:23.380,17159,17160,17160,1
2021-06-01 15:10:31.038,17159,17160,17159,1
2021-06-01 15:10:31.143,17158,17160,17159,2
2021-06-01 15:10:34.164,17158,17159,17159,1
2021-06-01 15:10:37.167,17158,17159,17159,1
2021-06-01 15:10:37.217,17158,17159,17158,1
2021-06-01 15:10:39.759,17158,17159,17158,5
2021-06-01 15:10:39.760,17158,17159,17158,8
2021-06-01 15:10:39.760,17158,17159,17158,5
2021-06-01 15:10:39.760,17158,17159,17158,5
2021-06-01 15:10:39.831,17157,17158,17158,1
2021-06-01 15:10:41.823,17157,17158,17157,1
2021-06-01 15:10:45.872,17157,17158,17157,1
2021-06-01 15:10:47.521,17157,17158,17157,1
2021-06-01 15:10:47.521,17157,17158,17157,1
2021-06-01 15:10:47.521,17157,17158,17157,1
2021-06-01 15:10:47.521,17157,17158,17157,1
2021-06-01 15:10:47.640,17157,17158,17157,2
2021-06-01 15:10:48.890,17156,17158,17157,3
2021-06-01 15:10:49.959,17156,17157,17156,1
2021-06-01 15:10:51.338,17156,17157,17156,1
2021-06-01 15:10:54.309,17156,17157,17157,1
2021-06-01 15:10:55.415,17156,17157,17156,1
2021-06-01 15:10:55.819,17156,17157,17157,1
2021-06-01 15:10:58.198,17156,17157,17157,1
2021-06-01 15:11:00.271,17156,17157,17156,1
2021-06-01 15:11:01.726,17156,17157,17156,1
2021-06-01 15:11:02.685,17156,17157,17156,1
2021-06-01 15:11:06.598,17156,17157,17157,1
2021-06-01 15:11:06.598,17156,17157,17157,6
2021-06-01 15:11:08.315,17157,17158,17157,1
2021-06-01 15:11:08.643,17157,17158,17157,1
2021-06-01 15:11:11.798,17157,17158,17157,1
2021-06-01 15:11:12.639,17156,17158,17157,1
2021-06-01 15:11:16.626,17157,17158,17157,1
2021-06-01 15:11:17.027,17156,17157,17157,1
2021-06-01 15:11:21.699,17157,17158,17158,1
2021-06-01 15:11:21.846,17157,17158,17157,1
2021-06-01 15:11:25.457,17157,17158,17158,2
2021-06-01 15:11:31.095,17157,17158,17157,6
2021-06-01 15:11:31.143,17156,17157,17156,18
2021-06-01 15:11:31.143,17156,17157,17156,1
2021-06-01 15:11:31.144,17156,17157,17156,10
2021-06-01 15:11:31.147,17156,17157,17155,1
2021-06-01 15:11:31.147,17156,17157,17155,1
2021-06-01 15:11:31.148,17156,17157,17155,1
2021-06-01 15:11:31.148,17156,17157,17155,1
2021-06-01 15:11:31.173,17156,17157,17156,1
2021-06-01 15:11:31.535,17155,17156,17155,1
2021-06-01 15:11:31.542,17155,17156,17155,1
2021-06-01 15:11:31.577,17155,17156,17155,2
2021-06-01 15:11:35.877,17156,17158,17156,1
2021-06-01 15:11:36.469,17156,17158,17156,1
2021-06-01 15:11:38.182,17155,17156,17156,1
2021-06-01 15:11:47.284,17155,17157,17157,1
2021-06-01 15:11:54.940,17156,17157,17157,1
2021-06-01 15:11:55.257,17157,17158,17157,1
2021-06-01 15:11:57.643,17156,17157,17156,3
2021-06-01 15:11:57.901,17155,17157,17157,1
2021-06-01 15:12:01.253,17156,17157,17156,1
2021-06-01 15:12:01.442,17156,17157,17157,2
2021-06-01 15:12:01.443,17156,17157,17157,1
2021-06-01 15:12:01.443,17156,17157,17158,2
2021-06-01 15:12:01.478,17156,17157,17158,2
2021-06-01 15:12:01.478,17156,17157,17159,1
2021-06-01 15:12:02.553,17157,17159,17157,1
2021-06-01 15:12:03.079,17157,17159,17157,2
2021-06-01 15:12:12.938,17158,17159,17158,1
2021-06-01 15:12:26.774,17158,17159,17159,2
2021-06-01 15:12:30.382,17158,17160,17158,1
2021-06-01 15:12:34.339,17158,17160,17158,1
2021-06-01 15:12:45.385,17158,17159,17158,1
2021-06-01 15:12:45.385,17158,17159,17158,2
2021-06-01 15:12:46.030,17157,17158,17157,1
2021-06-01 15:12:46.125,17157,17158,17158,1
2021-06-01 15:12:56.045,17159,17160,17159,1
2021-06-01 15:12:56.045,17159,17160,17158,4
2021-06-01 15:13:04.836,17158,17159,17159,1
2021-06-01 15:13:05.197,17158,17160,17160,2
2021-06-01 15:13:05.351,17159,17160,17160,1
2021-06-01 15:13:26.902,17158,17159,17159,1
2021-06-01 15:13:31.289,17158,17160,17160,2
2021-06-01 15:13:41.118,17158,17159,17158,2
2021-06-01 15:13:42.418,17158,17159,17159,1
2021-06-01 15:13:47.651,17158,17159,17158,2
2021-06-01 15:13:54.583,17157,17158,17158,1
2021-06-01 15:14:04.226,17157,17158,17158,1
2021-06-01 15:14:10.340,17157,17158,17157,1
2021-06-01 15:14:10.604,17157,17158,17157,1
2021-06-01 15:14:11.457,17157,17158,17158,1
2021-06-01 15:14:22.955,17157,17158,17158,1
2021-06-01 15:14:26.536,17157,17158,17157,1
2021-06-01 15:14:34.368,17157,17158,17157,8
2021-06-01 15:14:49.473,17157,17158,17157,1
2021-06-01 15:14:53.157,17157,17158,17157,1
2021-06-01 15:14:53.907,17156,17157,17157,2
2021-06-01 15:14:56.427,17157,17158,17157,1
2021-06-01 15:15:13.020,17157,17158,17157,1
2021-06-01 15:15:13.243,17156,17157,17156,1
2021-06-01 15:15:13.301,17156,17157,17157,1
2021-06-01 15:15:13.658,17157,17158,17157,1
2021-06-01 15:15:13.790,17156,17157,17157,3
2021-06-01 15:15:13.790,17156,17157,17158,2
2021-06-01 15:15:13.790,17156,17157,17158,5
2021-06-01 15:15:13.988,17157,17159,17159,2
2021-06-01 15:15:34.043,17157,17158,17158,1
2021-06-01 15:15:40.518,17157,17158,17157,4
2021-06-01 15:16:05.083,17157,17159,17159,1
2021-06-01 15:16:10.210,17157,17159,17157,2
2021-06-01 15:16:10.272,17157,17159,17157,1
2021-06-01 15:16:10.279,17157,17159,17156,1
2021-06-01 15:16:10.279,17157,17159,17156,1
2021-06-01 15:16:11.846,17157,17159,17157,1
2021-06-01 15:16:11.846,17157,17159,17157,1
2021-06-01 15:16:11.894,17157,17159,17157,1
2021-06-01 15:16:11.895,17157,17159,17156,1
2021-06-01 15:16:11.895,17157,17159,17156,1
2021-06-01 15:16:11.895,17157,17159,17156,1
2021-06-01 15:16:11.897,17157,17159,17156,1
2021-06-01 15:16:11.897,17157,17159,17156,1
2021-06-01 15:16:11.898,17157,17159,17156,1
2021-06-01 15:16:11.899,17157,17159,17155,1
2021-06-01 15:16:16.622,17155,17157,17157,1
2021-06-01 15:16:19.538,17156,17158,17158,1
2021-06-01 15:16:19.644,17156,17158,17156,1
2021-06-01 15:16:19.644,17156,17158,17156,1
2021-06-01 15:16:19.644,17156,17158,17156,1
2021-06-01 15:16:19.644,17156,17158,17156,1
2021-06-01 15:16:19.645,17156,17158,17156,1
2021-06-01 15:16:19.645,17156,17158,17156,1
2021-06-01 15:16:19.645,17156,17158,17155,1
2021-06-01 15:16:19.890,17155,17158,17158,1
2021-06-01 15:16:23.446,17155,17157,17157,2
2021-06-01 15:16:23.446,17155,17157,17157,1
2021-06-01 15:16:27.086,17156,17157,17156,1
2021-06-01 15:16:31.310,17156,17157,17156,1
2021-06-01 15:16:31.394,17156,17157,17156,1
2021-06-01 15:16:31.394,17156,17157,17155,1
2021-06-01 15:16:31.395,17156,17157,17155,1
2021-06-01 15:16:31.395,17156,17157,17155,1
2021-06-01 15:16:31.395,17156,17157,17155,1
2021-06-01 15:16:31.396,17156,17157,17155,1
2021-06-01 15:16:31.396,17156,17157,17155,1
2021-06-01 15:16:31.396,17156,17157,17155,1
2021-06-01 15:16:31.758,17155,17157,17156,1
2021-06-01 15:16:39.294,17155,17157,17155,10
2021-06-01 15:16:49.440,17155,17156,17156,1
2021-06-01 15:16:49.519,17155,17157,17155,1
2021-06-01 15:16:49.519,17155,17157,17155,1
2021-06-01 15:16:49.520,17155,17157,17155,1
2021-06-01 15:16:49.520,17155,17157,17155,1
2021-06-01 15:16:49.520,17155,17157,17155,1
2021-06-01 15:17:00.491,17155,17156,17155,1
2021-06-01 15:17:00.491,17155,17156,17155,1
2021-06-01 15:17:00.521,17154,17155,17154,1
2021-06-01 15:17:03.115,17155,17156,17155,1
2021-06-01 15:17:05.336,17154,17156,17156,1
2021-06-01 15:17:10.884,17155,17156,17156,1
2021-06-01 15:17:14.083,17155,17156,17156,1
2021-06-01 15:17:19.858,17156,17157,17156,2
2021-06-01 15:17:32.141,17155,17156,17155,3
2021-06-01 15:17:33.825,17154,17155,17154,1
2021-06-01 15:17:35.595,17154,17155,17155,2
2021-06-01 15:17:39.798,17154,17155,17155,1
2021-06-01 15:17:41.943,17154,17155,17155,1
2021-06-01 15:17:42.317,17154,17155,17154,3
2021-06-01 15:17:54.909,17154,17155,17154,4
2021-06-01 15:17:54.973,17154,17155,17154,1
2021-06-01 15:17:58.267,17153,17154,17153,1
2021-06-01 15:17:58.396,17153,17154,17153,1
2021-06-01 15:18:13.784,17153,17154,17154,1
2021-06-01 15:18:15.520,17153,17154,17153,5
2021-06-01 15:18:15.768,17153,17154,17153,12
2021-06-01 15:18:15.887,17153,17154,17153,1
2021-06-01 15:18:17.477,17152,17153,17153,1
2021-06-01 15:18:19.072,17152,17154,17152,1
2021-06-01 15:18:25.296,17152,17153,17152,1
2021-06-01 15:18:27.291,17152,17153,17152,2
2021-06-01 15:18:27.330,17152,17153,17152,1
2021-06-01 15:18:28.300,17152,17153,17152,2
2021-06-01 15:18:30.928,17152,17153,17152,1
2021-06-01 15:18:31.954,17152,17153,17152,1
2021-06-01 15:18:33.088,17152,17153,17152,1
2021-06-01 15:18:33.092,17152,17153,17152,1
2021-06-01 15:18:33.903,17152,17153,17152,4
2021-06-01 15:18:34.475,17151,17152,17152,2
2021-06-01 15:18:35.071,17151,17152,17152,2
2021-06-01 15:18:36.759,17152,17153,17152,1
2021-06-01 15:18:39.884,17152,17153,17152,1
2021-06-01 15:18:40.428,17152,17153,17153,1
2021-06-01 15:18:48.486,17152,17153,17152,4
2021-06-01 15:18:51.461,17151,17152,17152,1
2021-06-01 15:18:51.461,17151,17152,17152,5
2021-06-01 15:18:56.193,17152,17153,17152,5
2021-06-01 15:18:56.193,17152,17153,17152,5
2021-06-01 15:19:02.187,17152,17153,17153,3
2021-06-01 15:19:02.187,17152,17153,17153,2
2021-06-01 15:19:02.188,17152,17153,17153,1
2021-06-01 15:19:02.188,17152,17153,17153,1
2021-06-01 15:19:02.188,17152,17153,17153,1
2021-06-01 15:19:05.277,17152,17154,17153,1
2021-06-01 15:19:07.638,17153,17154,17154,9
2021-06-01 15:19:10.502,17153,17154,17154,1
2021-06-01 15:19:15.204,17153,17155,17154,1
2021-06-01 15:19:19.672,17154,17155,17154,1
2021-06-01 15:19:23.777,17154,17155,17154,1
2021-06-01 15:19:27.165,17154,17155,17155,3
2021-06-01 15:19:27.165,17154,17155,17155,7
2021-06-01 15:19:37.735,17155,17156,17156,2
2021-06-01 15:19:37.768,17155,17156,17156,4
2021-06-01 15:19:38.273,17155,17157,17157,1
2021-06-01 15:19:38.340,17155,17157,17157,1
2021-06-01 15:19:39.029,17155,17157,17157,1
2021-06-01 15:19:39.703,17155,17157,17157,2
2021-06-01 15:19:40.988,17156,17157,17157,2
2021-06-01 15:19:41.241,17156,17157,17156,6
2021-06-01 15:19:41.331,17155,17156,17156,1
2021-06-01 15:19:42.584,17155,17156,17156,2
2021-06-01 15:19:43.330,17155,17156,17156,1
2021-06-01 15:19:44.094,17155,17157,17157,2
2021-06-01 15:19:50.204,17156,17157,17157,1
2021-06-01 15:19:50.204,17156,17157,17158,1
2021-06-01 15:19:50.413,17156,17157,17157,1
2021-06-01 15:19:55.824,17156,17157,17157,1
2021-06-01 15:19:56.173,17156,17157,17157,1
2021-06-01 15:19:57.078,17156,17157,17157,1
2021-06-01 15:20:00.088,17157,17158,17157,1
2021-06-01 15:20:00.432,17156,17157,17157,1
2021-06-01 15:20:06.457,17157,17158,17158,7
2021-06-01 15:20:06.643,17158,17159,17159,6
2021-06-01 15:20:06.768,17158,17159,17159,1
2021-06-01 15:20:07.101,17158,17160,17160,6
2021-06-01 15:20:07.143,17159,17160,17160,7
2021-06-01 15:20:07.143,17159,17160,17160,1
2021-06-01 15:20:07.173,17159,17160,17161,2
2021-06-01 15:20:07.623,17157,17159,17159,1
2021-06-01 15:20:08.117,17157,17160,17158,1
2021-06-01 15:20:19.398,17158,17159,17158,1
2021-06-01 15:20:24.379,17158,17159,17159,3
2021-06-01 15:20:24.525,17158,17160,17158,1
2021-06-01 15:20:28.321,17159,17160,17160,2
2021-06-01 15:20:29.666,17159,17160,17159,1
2021-06-01 15:20:35.146,17159,17160,17160,1
2021-06-01 15:20:35.658,17159,17160,17159,1
2021-06-01 15:20:39.925,17159,17160,17160,1
2021-06-01 15:20:50.062,17159,17160,17159,5
2021-06-01 15:20:51.490,17158,17159,17158,4
2021-06-01 15:20:52.748,17157,17158,17157,1
2021-06-01 15:20:59.751,17157,17158,17157,2
2021-06-01 15:21:01.091,17156,17158,17156,1
2021-06-01 15:21:09.617,17157,17158,17157,1
2021-06-01 15:21:18.739,17156,17158,17157,1
2021-06-01 15:21:29.145,17157,17158,17158,1
2021-06-01 15:21:34.225,17157,17158,17158,1
2021-06-01 15:21:37.382,17157,17158,17158,1
2021-06-01 15:21:40.567,17157,17158,17158,1
2021-06-01 15:21:42.421,17157,17158,17158,1
2021-06-01 15:21:43.820,17158,17159,17159,2
2021-06-01 15:21:52.007,17158,17159,17158,2
2021-06-01 15:21:53.109,17157,17158,17158,2
2021-06-01 15:21:54.109,17157,17158,17158,1
2021-06-01 15:21:55.112,17157,17158,17158,1
2021-06-01 15:21:57.625,17158,17159,17158,1
2021-06-01 15:22:05.022,17158,17159,17159,1
2021-06-01 15:22:17.778,17158,17159,17159,1
2021-06-01 15:22:17.778,17158,17159,17159,1
2021-06-01 15:22:17.884,17158,17159,17160,4
2021-06-01 15:22:17.886,17158,17159,17160,2
2021-06-01 15:22:18.013,17159,17160,17160,1
2021-06-01 15:22:22.503,17159,17160,17160,1
2021-06-01 15:22:28.513,17159,17160,17160,1
2021-06-01 15:22:38.407,17159,17160,17160,1
2021-06-01 15:22:40.657,17159,17160,17159,2
2021-06-01 15:22:46.514,17159,17160,17159,1
2021-06-01 15:22:46.624,17159,17160,17159,1
2021-06-01 15:22:47.159,17159,17160,17159,1
2021-06-01 15:22:52.001,17158,17159,17159,1
2021-06-01 15:23:03.258,17158,17160,17159,1
2021-06-01 15:23:09.336,17158,17159,17158,11
2021-06-01 15:23:12.315,17157,17158,17157,1
2021-06-01 15:23:16.741,17157,17158,17158,1
2021-06-01 15:23:28.494,17157,17158,17157,1
2021-06-01 15:23:28.494,17157,17158,17157,1
2021-06-01 15:23:28.494,17157,17158,17157,1
2021-06-01 15:23:28.494,17157,17158,17157,1
2021-06-01 15:23:28.494,17157,17158,17157,1
2021-06-01 15:23:28.494,17157,17158,17157,2
2021-06-01 15:23:28.494,17157,17158,17157,2
2021-06-01 15:23:28.494,17157,17158,17157,1
2021-06-01 15:23:28.495,17157,17158,17157,1
2021-06-01 15:23:28.581,17156,17157,17157,1
2021-06-01 15:23:29.455,17156,17158,17158,2
2021-06-01 15:23:29.967,17156,17158,17157,1
2021-06-01 15:23:33.742,17157,17158,17157,1
2021-06-01 15:23:36.079,17156,17157,17157,1
2021-06-01 15:23:51.379,17156,17157,17157,1
2021-06-01 15:23:51.990,17157,17158,17157,1
2021-06-01 15:24:32.444,17157,17158,17157,1
2021-06-01 15:24:32.446,17157,17158,17157,2
2021-06-01 15:24:33.952,17156,17157,17157,1
2021-06-01 15:24:34.373,17156,17157,17156,3
2021-06-01 15:24:34.374,17156,17157,17156,1
2021-06-01 15:24:41.606,17156,17157,17156,1
2021-06-01 15:24:41.611,17156,17157,17156,16
2021-06-01 15:24:45.643,17155,17156,17155,5
2021-06-01 15:24:48.794,17154,17156,17154,2
2021-06-01 15:24:52.527,17154,17156,17154,1
2021-06-01 15:24:55.662,17154,17155,17155,1
2021-06-01 15:24:56.908,17155,17156,17155,1
2021-06-01 15:25:04.584,17155,17158,17156,1
2021-06-01 15:25:04.833,17156,17158,17158,1
2021-06-01 15:25:04.836,17156,17158,17158,3
2021-06-01 15:25:05.464,17156,17158,17158,1
2021-06-01 15:25:05.484,17156,17158,17158,2
2021-06-01 15:25:05.490,17156,17158,17158,1
2021-06-01 15:25:05.494,17156,17158,17158,1
2021-06-01 15:25:05.524,17157,17158,17158,1
2021-06-01 15:25:05.528,17157,17158,17158,2
2021-06-01 15:25:08.533,17157,17159,17158,1
2021-06-01 15:25:12.856,17157,17159,17158,1
2021-06-01 15:25:21.832,17157,17158,17158,1
2021-06-01 15:25:35.234,17156,17158,17156,4
2021-06-01 15:25:35.234,17156,17158,17155,1
2021-06-01 15:25:37.393,17156,17157,17156,1
2021-06-01 15:25:38.147,17155,17157,17157,1
2021-06-01 15:25:39.542,17155,17157,17157,1
2021-06-01 15:25:45.011,17155,17156,17156,1
2021-06-01 15:25:46.673,17155,17156,17156,2
2021-06-01 15:25:46.987,17155,17157,17156,1
2021-06-01 15:25:49.774,17155,17157,17156,1
2021-06-01 15:25:52.433,17155,17156,17156,1
2021-06-01 15:25:56.893,17155,17156,17155,13
2021-06-01 15:25:56.893,17155,17156,17155,3
2021-06-01 15:25:58.054,17154,17155,17155,1
2021-06-01 15:26:01.604,17154,17155,17155,2
2021-06-01 15:26:01.686,17154,17155,17154,6
2021-06-01 15:26:02.111,17153,17155,17155,1
2021-06-01 15:26:08.145,17154,17155,17155,1
2021-06-01 15:26:16.330,17154,17155,17154,1
2021-06-01 15:26:19.082,17154,17155,17154,1
2021-06-01 15:26:21.390,17154,17155,17155,2
2021-06-01 15:26:21.780,17155,17156,17155,1
2021-06-01 15:26:29.526,17155,17156,17156,3
2021-06-01 15:26:47.804,17156,17157,17157,3
2021-06-01 15:26:49.252,17157,17158,17158,1
2021-06-01 15:26:53.801,17158,17159,17159,3
2021-06-01 15:26:53.893,17159,17160,17160,18
2021-06-01 15:26:53.893,17159,17160,17160,1
2021-06-01 15:26:53.893,17159,17160,17160,1
2021-06-01 15:26:53.893,17159,17160,17160,1
2021-06-01 15:26:53.893,17159,17160,17160,1
2021-06-01 15:26:53.893,17159,17160,17160,1
2021-06-01 15:26:54.401,17158,17160,17160,1
2021-06-01 15:26:54.427,17158,17160,17161,1
2021-06-01 15:26:54.460,17158,17160,17161,1
2021-06-01 15:26:54.882,17159,17161,17159,1
2021-06-01 15:26:59.274,17158,17160,17160,1
2021-06-01 15:26:59.528,17158,17159,17158,3
2021-06-01 15:26:59.528,17158,17159,17158,2
2021-06-01 15:26:59.528,17158,17159,17158,1
2021-06-01 15:26:59.528,17158,17159,17158,1
2021-06-01 15:26:59.528,17158,17159,17158,1
2021-06-01 15:26:59.528,17158,17159,17158,2
2021-06-01 15:27:13.914,17159,17160,17160,2
2021-06-01 15:27:14.160,17159,17160,17160,1
2021-06-01 15:27:14.647,17160,17161,17161,1
2021-06-01 15:27:16.538,17160,17161,17160,1
2021-06-01 15:27:19.829,17159,17161,17161,2
2021-06-01 15:27:20.003,17159,17160,17159,2
2021-06-01 15:27:35.612,17159,17160,17159,3
2021-06-01 15:27:46.030,17158,17159,17159,1
2021-06-01 15:27:47.975,17158,17160,17160,2
2021-06-01 15:27:53.459,17158,17159,17159,1
2021-06-01 15:28:02.695,17159,17160,17160,1
2021-06-01 15:28:10.794,17159,17160,17159,1
2021-06-01 15:28:10.794,17159,17160,17159,1
2021-06-01 15:28:10.794,17159,17160,17159,1
2021-06-01 15:28:10.794,17159,17160,17159,2
2021-06-01 15:28:10.795,17159,17160,17159,6
2021-06-01 15:28:10.972,17158,17159,17159,1
2021-06-01 15:28:17.035,17159,17160,17160,1
2021-06-01 15:28:32.870,17158,17160,17160,1
2021-06-01 15:28:36.677,17159,17160,17159,1
2021-06-01 15:28:50.095,17158,17159,17158,3
2021-06-01 15:28:50.096,17158,17159,17158,1
2021-06-01 15:28:50.096,17158,17159,17158,2
2021-06-01 15:28:50.096,17158,17159,17158,1
2021-06-01 15:28:50.096,17158,17159,17158,6
2021-06-01 15:29:03.298,17157,17159,17158,2
2021-06-01 15:29:16.952,17157,17158,17158,1
2021-06-01 15:29:30.482,17158,17159,17159,1
2021-06-01 15:29:30.482,17158,17159,17159,1
2021-06-01 15:29:30.691,17158,17160,17160,3
2021-06-01 15:29:33.045,17159,17160,17160,1
2021-06-01 15:29:34.175,17159,17160,17160,1
2021-06-01 15:29:42.475,17159,17160,17159,1
2021-06-01 15:29:51.538,17159,17160,17159,1
2021-06-01 15:29:52.132,17159,17160,17160,1
2021-06-01 15:29:52.182,17159,17160,17159,2
2021-06-01 15:30:00.904,17158,17159,17159,1
2021-06-01 15:30:01.259,17159,17160,17159,1
2021-06-01 15:30:01.292,17159,17160,17160,1
2021-06-01 15:30:01.466,17159,17160,17160,1
2021-06-01 15:30:01.467,17159,17160,17160,1
2021-06-01 15:30:01.534,17159,17160,17160,1
2021-06-01 15:30:01.590,17159,17160,17159,2
2021-06-01 15:30:01.610,17159,17160,17160,1
2021-06-01 15:30:01.623,17159,17160,17159,1
2021-06-01 15:30:01.896,17159,17160,17160,1
2021-06-01 15:30:01.969,17159,17160,17160,1
2021-06-01 15:30:01.975,17159,17160,17160,1
2021-06-01 15:30:02.057,17159,17160,17159,1
2021-06-01 15:30:02.320,17159,17160,17160,1
2021-06-01 15:30:02.514,17159,17161,17161,2
2021-06-01 15:30:02.596,17159,17161,17159,1
2021-06-01 15:30:03.491,17159,17161,17161,1
2021-06-01 15:30:04.954,17160,17161,17161,1
2021-06-01 15:30:05.198,17160,17161,17161,1
2021-06-01 15:30:05.213,17160,17161,17161,2
2021-06-01 15:30:05.213,17160,17161,17161,19
2021-06-01 15:30:05.213,17160,17161,17161,1
2021-06-01 15:30:05.234,17160,17161,17161,1
2021-06-01 15:30:05.381,17160,17162,17162,3
2021-06-01 15:30:05.402,17160,17162,17162,1
2021-06-01 15:30:06.063,17160,17162,17162,1
2021-06-01 15:30:06.063,17160,17162,17162,1
2021-06-01 15:30:06.063,17160,17162,17162,1
2021-06-01 15:30:06.063,17160,17162,17162,1
2021-06-01 15:30:06.163,17161,17162,17162,11
2021-06-01 15:30:07.996,17162,17163,17163,1
2021-06-01 15:30:07.996,17162,17163,17163,1
2021-06-01 15:30:07.996,17162,17163,17163,6
2021-06-01 15:30:07.996,17162,17163,17163,2
2021-06-01 15:30:07.996,17162,17163,17163,1
2021-06-01 15:30:07.996,17162,17163,17163,1
2021-06-01 15:30:08.583,17163,17164,17164,1
2021-06-01 15:30:08.873,17163,17164,17164,1
2021-06-01 15:30:08.969,17163,17164,17164,6
2021-06-01 15:30:09.284,17163,17165,17165,1
2021-06-01 15:30:09.421,17163,17165,17165,1
2021-06-01 15:30:10.157,17164,17165,17164,1
2021-06-01 15:30:10.588,17163,17165,17163,9
2021-06-01 15:30:11.014,17163,17164,17163,1
2021-06-01 15:30:15.197,17163,17164,17163,1
2021-06-01 15:30:15.197,17163,17164,17163,2
2021-06-01 15:30:15.357,17163,17164,17163,1
2021-06-01 15:30:15.357,17163,17164,17163,1
2021-06-01 15:30:15.463,17161,17163,17163,1
2021-06-01 15:30:17.341,17161,17163,17161,5
2021-06-01 15:30:20.783,17161,17163,17163,1
2021-06-01 15:30:24.668,17160,17162,17162,1
2021-06-01 15:30:31.945,17161,17163,17161,5
2021-06-01 15:30:34.983,17161,17163,17163,1
2021-06-01 15:30:43.458,17161,17162,17161,1
2021-06-01 15:30:43.459,17161,17162,17161,2
2021-06-01 15:30:43.533,17160,17161,17161,1
2021-06-01 15:30:46.314,17160,17161,17161,2
2021-06-01 15:30:46.316,17160,17161,17161,1
2021-06-01 15:30:47.901,17160,17161,17160,1
2021-06-01 15:30:47.901,17160,17161,17160,2
2021-06-01 15:30:47.901,17160,17161,17160,1
2021-06-01 15:30:47.901,17160,17161,17160,1
2021-06-01 15:30:49.354,17159,17160,17160,1
2021-06-01 15:30:51.570,17159,17160,17160,1
2021-06-01 15:30:53.021,17159,17160,17160,2
2021-06-01 15:31:01.145,17161,17162,17161,1
2021-06-01 15:31:07.091,17160,17161,17160,4
2021-06-01 15:31:07.958,17159,17161,17161,1
2021-06-01 15:31:14.837,17159,17160,17160,1
2021-06-01 15:31:20.846,17159,17161,17159,1
2021-06-01 15:31:32.593,17160,17161,17161,4
2021-06-01 15:31:32.594,17160,17161,17161,5
2021-06-01 15:31:32.594,17160,17161,17161,4
2021-06-01 15:31:32.731,17160,17162,17162,2
2021-06-01 15:31:33.309,17161,17163,17161,1
2021-06-01 15:31:33.309,17161,17163,17160,8
2021-06-01 15:31:37.202,17160,17162,17160,1
2021-06-01 15:31:56.746,17160,17162,17160,1
2021-06-01 15:32:04.367,17160,17161,17160,1
2021-06-01 15:32:04.368,17160,17161,17160,6
2021-06-01 15:32:04.368,17160,17161,17160,4
2021-06-01 15:32:36.214,17159,17160,17159,4
2021-06-01 15:32:40.553,17159,17160,17159,4
2021-06-01 15:32:41.183,17159,17160,17160,5
2021-06-01 15:32:41.477,17160,17161,17160,1
2021-06-01 15:32:46.611,17159,17161,17161,1
2021-06-01 15:32:54.483,17159,17161,17160,1
2021-06-01 15:33:03.750,17160,17161,17160,1
2021-06-01 15:33:04.595,17159,17160,17160,4
2021-06-01 15:33:06.640,17160,17161,17160,1
2021-06-01 15:33:10.985,17159,17161,17159,1
2021-06-01 15:33:12.098,17159,17161,17161,4
2021-06-01 15:33:12.099,17159,17161,17161,1
2021-06-01 15:33:12.159,17161,17162,17161,2
2021-06-01 15:33:12.159,17161,17162,17161,2
2021-06-01 15:33:14.370,17160,17161,17161,2
2021-06-01 15:33:17.602,17160,17162,17161,1
2021-06-01 15:33:23.152,17161,17162,17162,1
2021-06-01 15:33:24.766,17161,17162,17161,3
2021-06-01 15:33:24.766,17161,17162,17161,7
2021-06-01 15:33:28.752,17160,17162,17162,12
2021-06-01 15:33:28.769,17162,17163,17163,3
2021-06-01 15:33:32.291,17162,17163,17162,1
2021-06-01 15:33:43.059,17161,17163,17163,1
2021-06-01 15:33:43.631,17161,17163,17163,1
2021-06-01 15:33:43.780,17161,17163,17161,3
2021-06-01 15:33:43.780,17161,17163,17160,2
2021-06-01 15:33:43.991,17161,17163,17163,1
2021-06-01 15:34:05.296,17162,17163,17163,1
2021-06-01 15:34:05.296,17162,17163,17163,6
2021-06-01 15:34:05.674,17163,17164,17164,16
2021-06-01 15:34:11.756,17163,17165,17165,1
2021-06-01 15:34:12.947,17163,17165,17165,1
2021-06-01 15:34:12.957,17163,17165,17165,1
2021-06-01 15:34:15.025,17162,17164,17164,1
2021-06-01 15:34:22.224,17164,17165,17164,1
2021-06-01 15:34:27.519,17163,17164,17164,1
2021-06-01 15:34:35.527,17164,17165,17165,5
2021-06-01 15:34:43.565,17164,17165,17165,2
2021-06-01 15:34:45.840,17164,17165,17164,1
2021-06-01 15:34:47.430,17164,17165,17164,2
2021-06-01 15:34:47.430,17164,17165,17164,1
2021-06-01 15:34:47.430,17164,17165,17164,1
2021-06-01 15:34:51.449,17164,17165,17165,2
2021-06-01 15:34:56.791,17164,17165,17165,1
2021-06-01 15:35:00.297,17164,17165,17165,1
2021-06-01 15:35:00.297,17164,17165,17165,2
2021-06-01 15:35:00.297,17164,17165,17165,1
2021-06-01 15:35:00.297,17164,17165,17165,9
2021-06-01 15:35:00.298,17164,17165,17165,11
2021-06-01 15:35:00.298,17164,17165,17165,2
2021-06-01 15:35:00.298,17164,17165,17165,9
2021-06-01 15:35:00.362,17164,17165,17166,1
2021-06-01 15:35:00.397,17165,17166,17166,1
2021-06-01 15:35:00.443,17165,17166,17166,1
2021-06-01 15:35:00.695,17164,17166,17166,1
2021-06-01 15:35:00.704,17164,17166,17166,1
2021-06-01 15:35:00.792,17164,17166,17166,3
2021-06-01 15:35:00.845,17164,17166,17166,1
2021-06-01 15:35:00.910,17164,17165,17165,1
2021-06-01 15:35:00.991,17164,17165,17166,1
2021-06-01 15:35:01.019,17164,17166,17166,1
2021-06-01 15:35:01.495,17164,17166,17164,1
2021-06-01 15:35:01.791,17164,17166,17166,1
2021-06-01 15:35:05.103,17164,17165,17164,1
2021-06-01 15:35:05.103,17164,17165,17164,1
2021-06-01 15:35:05.103,17164,17165,17164,1
2021-06-01 15:35:05.104,17164,17165,17164,1
2021-06-01 15:35:05.104,17164,17165,17164,1
2021-06-01 15:35:05.104,17164,17165,17164,2
2021-06-01 15:35:05.104,17164,17165,17164,3
2021-06-01 15:35:05.104,17164,17165,17164,2
2021-06-01 15:35:06.715,17163,17165,17165,2
2021-06-01 15:35:09.312,17165,17166,17165,5
2021-06-01 15:35:10.354,17165,17166,17165,1
2021-06-01 15:35:12.474,17165,17166,17166,1
2021-06-01 15:35:14.311,17165,17166,17165,2
2021-06-01 15:35:15.067,17163,17165,17165,1
2021-06-01 15:35:18.811,17165,17166,17165,1
2021-06-01 15:35:23.026,17165,17166,17165,1
2021-06-01 15:35:25.115,17165,17166,17166,1
2021-06-01 15:35:27.524,17165,17166,17165,1
2021-06-01 15:35:28.411,17165,17166,17166,1
2021-06-01 15:35:33.159,17165,17166,17166,1
2021-06-01 15:35:45.495,17165,17166,17166,1
2021-06-01 15:35:45.566,17165,17166,17166,2
2021-06-01 15:35:45.578,17165,17166,17166,2
2021-06-01 15:35:45.936,17165,17166,17166,1
2021-06-01 15:35:47.611,17165,17166,17166,1
2021-06-01 15:35:47.860,17165,17166,17166,1
2021-06-01 15:35:47.934,17165,17166,17166,1
2021-06-01 15:35:47.938,17165,17166,17166,2
2021-06-01 15:35:48.000,17165,17166,17166,1
2021-06-01 15:35:48.872,17166,17167,17166,1
2021-06-01 15:35:50.727,17166,17167,17166,4
2021-06-01 15:35:50.727,17166,17167,17165,1
2021-06-01 15:35:51.270,17165,17166,17166,1
2021-06-01 15:35:51.286,17165,17166,17166,1
2021-06-01 15:35:53.491,17166,17167,17166,3
2021-06-01 15:35:56.615,17166,17167,17167,1
2021-06-01 15:35:56.783,17166,17167,17167,8
2021-06-01 15:35:56.791,17166,17167,17167,10
2021-06-01 15:35:56.797,17166,17167,17167,6
2021-06-01 15:35:56.797,17166,17167,17167,2
2021-06-01 15:35:56.798,17166,17167,17167,7
2021-06-01 15:35:56.798,17166,17167,17167,1
2021-06-01 15:35:56.799,17166,17167,17167,1
2021-06-01 15:35:56.799,17166,17167,17167,8
2021-06-01 15:35:56.799,17166,17167,17167,1
2021-06-01 15:35:57.281,17166,17167,17167,1
2021-06-01 15:35:58.043,17166,17167,17167,3
2021-06-01 15:36:01.665,17167,17168,17168,5
2021-06-01 15:36:01.706,17167,17168,17167,1
2021-06-01 15:36:01.780,17166,17168,17168,2
2021-06-01 15:36:01.785,17166,17168,17168,2
2021-06-01 15:36:01.790,17166,17168,17168,1
2021-06-01 15:36:01.801,17166,17168,17168,10
2021-06-01 15:36:01.802,17166,17168,17169,2
2021-06-01 15:36:01.805,17166,17168,17169,5
2021-06-01 15:36:01.820,17166,17168,17169,1
2021-06-01 15:36:01.835,17166,17168,17168,1
2021-06-01 15:36:01.856,17166,17168,17169,1
2021-06-01 15:36:01.872,17166,17168,17169,1
2021-06-01 15:36:01.881,17166,17168,17169,1
2021-06-01 15:36:01.888,17166,17168,17169,1
2021-06-01 15:36:01.895,17168,17169,17169,1
2021-06-01 15:36:01.945,17168,17169,17169,7
2021-06-01 15:36:01.945,17168,17169,17170,1
2021-06-01 15:36:01.947,17168,17169,17170,10
2021-06-01 15:36:01.958,17168,17169,17170,6
2021-06-01 15:36:01.959,17168,17169,17170,1
2021-06-01 15:36:01.959,17168,17169,17170,1
2021-06-01 15:36:01.990,17168,17169,17170,3
2021-06-01 15:36:01.991,17168,17169,17170,1
2021-06-01 15:36:01.991,17168,17169,17170,1
2021-06-01 15:36:02.005,17168,17169,17170,1
2021-06-01 15:36:02.019,17169,17170,17170,2
2021-06-01 15:36:02.040,17169,17170,17171,1
2021-06-01 15:36:02.040,17169,17170,17171,2
2021-06-01 15:36:02.044,17169,17170,17171,1
2021-06-01 15:36:02.050,17169,17170,17171,1
2021-06-01 15:36:02.062,17169,17170,17171,1
2021-06-01 15:36:02.062,17169,17170,17171,1
2021-06-01 15:36:02.062,17169,17170,17171,2
2021-06-01 15:36:02.063,17169,17170,17171,1
2021-06-01 15:36:02.064,17169,17170,17171,1
2021-06-01 15:36:02.070,17169,17170,17171,1
2021-06-01 15:36:02.092,17169,17170,17171,1
2021-06-01 15:36:02.101,17169,17170,17171,1
2021-06-01 15:36:02.108,17169,17170,17171,1
2021-06-01 15:36:02.108,17169,17170,17171,1
2021-06-01 15:36:02.108,17169,17170,17171,1
2021-06-01 15:36:02.109,17169,17170,17171,1
2021-06-01 15:36:02.109,17169,17170,17171,4
2021-06-01 15:36:02.109,17169,17170,17171,4
2021-06-01 15:36:02.109,17169,17170,17171,6
2021-06-01 15:36:02.111,17169,17170,17171,2
2021-06-01 15:36:02.111,17169,17170,17171,1
2021-06-01 15:36:02.123,17169,17170,17171,1
2021-06-01 15:36:02.123,17169,17170,17171,3
2021-06-01 15:36:02.151,17170,17172,17172,1
2021-06-01 15:36:02.155,17170,17172,17172,2
2021-06-01 15:36:02.159,17170,17172,17172,1
2021-06-01 15:36:02.161,17170,17172,17172,1
2021-06-01 15:36:02.166,17170,17172,17172,1
2021-06-01 15:36:02.168,17170,17172,17172,2
2021-06-01 15:36:02.168,17170,17172,17172,2
2021-06-01 15:36:02.171,17170,17172,17172,1
2021-06-01 15:36:02.171,17170,17172,17172,8
2021-06-01 15:36:02.171,17170,17172,17172,1
2021-06-01 15:36:02.172,17170,17172,17172,1
2021-06-01 15:36:02.172,17170,17172,17172,1
2021-06-01 15:36:02.172,17170,17172,17172,1
2021-06-01 15:36:02.175,17170,17172,17172,1
2021-06-01 15:36:02.175,17170,17172,17172,1
2021-06-01 15:36:02.176,17170,17172,17172,2
2021-06-01 15:36:02.178,17170,17172,17173,2
2021-06-01 15:36:02.178,17170,17172,17172,1
2021-06-01 15:36:02.185,17170,17172,17171,1
2021-06-01 15:36:02.188,17170,17172,17172,1
2021-06-01 15:36:02.190,17170,17172,17173,3
2021-06-01 15:36:02.191,17170,17172,17172,3
2021-06-01 15:36:02.204,17170,17172,17173,1
2021-06-01 15:36:02.204,17170,17172,17173,1
2021-06-01 15:36:02.204,17170,17172,17173,1
2021-06-01 15:36:02.205,17170,17172,17173,4
2021-06-01 15:36:02.206,17170,17172,17173,2
2021-06-01 15:36:02.206,17170,17172,17173,2
2021-06-01 15:36:02.206,17170,17172,17173,8
2021-06-01 15:36:02.208,17170,17172,17173,2
2021-06-01 15:36:02.213,17170,17172,17173,1
2021-06-01 15:36:02.214,17170,17172,17173,1
2021-06-01 15:36:02.216,17170,17172,17173,1
2021-06-01 15:36:02.238,17170,17172,17174,1
2021-06-01 15:36:02.254,17170,17172,17174,2
2021-06-01 15:36:02.279,17172,17173,17173,1
2021-06-01 15:36:02.280,17172,17173,17173,1
2021-06-01 15:36:02.293,17172,17173,17173,1
2021-06-01 15:36:02.297,17172,17173,17171,1
2021-06-01 15:36:02.303,17172,17173,17173,1
2021-06-01 15:36:02.368,17172,17173,17173,1
2021-06-01 15:36:02.382,17172,17173,17173,1
2021-06-01 15:36:02.383,17172,17173,17170,1
2021-06-01 15:36:02.384,17172,17173,17170,1
2021-06-01 15:36:02.415,17170,17173,17173,1
2021-06-01 15:36:02.419,17170,17173,17173,1
2021-06-01 15:36:02.424,17170,17173,17173,1
2021-06-01 15:36:02.437,17170,17173,17173,1
2021-06-01 15:36:02.462,17170,17173,17173,1
2021-06-01 15:36:02.484,17170,17173,17171,2
2021-06-01 15:36:02.484,17170,17173,17170,2
2021-06-01 15:36:02.529,17169,17172,17169,1
2021-06-01 15:36:02.560,17169,17172,17172,1
2021-06-01 15:36:02.573,17169,17172,17172,1
2021-06-01 15:36:02.579,17169,17172,17172,2
2021-06-01 15:36:02.585,17169,17172,17173,1
2021-06-01 15:36:02.601,17169,17172,17173,1
2021-06-01 15:36:02.728,17170,17173,17173,3
2021-06-01 15:36:02.730,17170,17173,17172,1
2021-06-01 15:36:02.803,17171,17173,17173,1
2021-06-01 15:36:02.803,17171,17173,17173,1
2021-06-01 15:36:02.835,17171,17173,17173,2
2021-06-01 15:36:02.846,17171,17173,17173,1
2021-06-01 15:36:02.885,17171,17173,17174,1
2021-06-01 15:36:02.926,17171,17174,17172,1
2021-06-01 15:36:03.012,17171,17174,17173,3
2021-06-01 15:36:03.012,17171,17174,17173,1
2021-06-01 15:36:03.012,17171,17174,17173,1
2021-06-01 15:36:03.012,17171,17174,17174,1
2021-06-01 15:36:03.012,17171,17174,17174,1
2021-06-01 15:36:03.012,17171,17174,17174,1
2021-06-01 15:36:03.012,17171,17174,17174,1
2021-06-01 15:36:03.012,17171,17174,17174,3
2021-06-01 15:36:03.039,17172,17174,17173,1
2021-06-01 15:36:03.075,17172,17174,17174,1
2021-06-01 15:36:03.103,17172,17174,17174,1
2021-06-01 15:36:03.104,17172,17174,17174,1
2021-06-01 15:36:03.104,17172,17174,17171,1
2021-06-01 15:36:03.104,17172,17174,17174,1
2021-06-01 15:36:03.130,17172,17174,17174,2
2021-06-01 15:36:03.190,17172,17174,17172,1
2021-06-01 15:36:03.190,17172,17174,17171,1
2021-06-01 15:36:03.265,17172,17174,17173,1
2021-06-01 15:36:03.285,17171,17173,17173,2
2021-06-01 15:36:03.288,17171,17173,17173,1
2021-06-01 15:36:03.288,17171,17173,17174,3
2021-06-01 15:36:03.293,17171,17173,17173,1
2021-06-01 15:36:03.297,17171,17173,17171,1
2021-06-01 15:36:03.300,17171,17173,17173,1
2021-06-01 15:36:03.313,17171,17173,17174,1
2021-06-01 15:36:03.325,17171,17173,17174,3
2021-06-01 15:36:03.335,17171,17173,17174,1
2021-06-01 15:36:03.359,17171,17173,17173,1
2021-06-01 15:36:03.378,17171,17173,17172,1
2021-06-01 15:36:03.378,17171,17173,17171,3
2021-06-01 15:36:03.502,17171,17173,17173,1
2021-06-01 15:36:03.522,17171,17173,17173,1
2021-06-01 15:36:03.522,17171,17173,17174,2
2021-06-01 15:36:03.547,17171,17173,17174,1
2021-06-01 15:36:03.610,17171,17173,17174,1
2021-06-01 15:36:03.658,17172,17174,17174,1
2021-06-01 15:36:03.688,17172,17174,17174,1
2021-06-01 15:36:03.713,17172,17174,17174,1
2021-06-01 15:36:03.728,17172,17174,17174,1
2021-06-01 15:36:03.772,17172,17175,17175,1
2021-06-01 15:36:03.777,17172,17175,17175,1
2021-06-01 15:36:03.799,17172,17175,17175,1
2021-06-01 15:36:03.820,17172,17175,17175,1
2021-06-01 15:36:03.900,17172,17175,17175,1
2021-06-01 15:36:03.989,17172,17175,17172,2
2021-06-01 15:36:04.065,17172,17174,17174,1
2021-06-01 15:36:04.209,17171,17173,17173,1
2021-06-01 15:36:04.243,17171,17173,17173,1
2021-06-01 15:36:04.358,17171,17173,17172,1
2021-06-01 15:36:04.398,17171,17174,17174,1
2021-06-01 15:36:04.402,17171,17174,17174,1
2021-06-01 15:36:04.438,17171,17174,17174,1
2021-06-01 15:36:04.640,17172,17174,17174,1
2021-06-01 15:36:04.670,17172,17174,17174,1
2021-06-01 15:36:04.685,17172,17174,17174,1
2021-06-01 15:36:04.711,17172,17174,17174,1
2021-06-01 15:36:04.776,17172,17175,17175,1
2021-06-01 15:36:05.010,17172,17175,17175,1
2021-06-01 15:36:05.013,17172,17175,17172,1
2021-06-01 15:36:05.255,17172,17174,17174,1
2021-06-01 15:36:05.270,17172,17174,17174,1
2021-06-01 15:36:05.310,17172,17174,17174,1
2021-06-01 15:36:05.332,17172,17174,17174,1
2021-06-01 15:36:05.333,17172,17174,17174,1
2021-06-01 15:36:05.340,17172,17174,17174,1
2021-06-01 15:36:05.346,17172,17174,17174,1
2021-06-01 15:36:05.391,17172,17174,17174,1
2021-06-01 15:36:05.760,17172,17174,17172,1
2021-06-01 15:36:05.844,17172,17173,17173,1
2021-06-01 15:36:06.243,17172,17174,17174,1
2021-06-01 15:36:06.300,17172,17174,17174,1
2021-06-01 15:36:06.310,17172,17174,17174,1
2021-06-01 15:36:06.888,17172,17174,17174,1
2021-06-01 15:36:07.107,17172,17174,17174,1
2021-06-01 15:36:07.703,17172,17173,17173,1
2021-06-01 15:36:07.896,17172,17173,17173,1
2021-06-01 15:36:08.326,17172,17173,17172,1
2021-06-01 15:36:09.079,17170,17173,17173,1
2021-06-01 15:36:09.126,17170,17173,17173,1
2021-06-01 15:36:11.784,17170,17172,17171,6
2021-06-01 15:36:17.132,17171,17172,17172,2
2021-06-01 15:36:17.903,17172,17173,17173,3
2021-06-01 15:36:17.903,17172,17173,17174,2
2021-06-01 15:36:18.813,17173,17174,17173,1
2021-06-01 15:36:18.813,17173,17174,17172,9
2021-06-01 15:36:19.140,17173,17174,17173,1
2021-06-01 15:36:19.965,17172,17174,17174,1
2021-06-01 15:36:24.054,17173,17174,17174,1
2021-06-01 15:36:24.097,17173,17174,17174,1
2021-06-01 15:36:24.498,17173,17174,17173,1
2021-06-01 15:36:24.563,17172,17173,17173,1
2021-06-01 15:36:24.869,17172,17174,17174,3
2021-06-01 15:36:28.259,17172,17174,17173,1
2021-06-01 15:36:28.382,17172,17174,17174,1
2021-06-01 15:36:33.274,17173,17174,17174,1
2021-06-01 15:36:34.332,17173,17174,17174,2
2021-06-01 15:36:34.649,17173,17174,17174,2
2021-06-01 15:36:36.800,17173,17174,17174,1
2021-06-01 15:36:40.988,17173,17174,17174,1
2021-06-01 15:36:41.992,17173,17174,17173,1
2021-06-01 15:36:42.284,17173,17174,17173,1
2021-06-01 15:36:43.046,17173,17174,17173,1
2021-06-01 15:36:44.041,17172,17174,17174,1
2021-06-01 15:36:48.147,17173,17174,17174,1
2021-06-01 15:36:48.799,17173,17174,17173,1
2021-06-01 15:36:50.230,17172,17173,17173,1
2021-06-01 15:36:55.450,17172,17173,17173,1
2021-06-01 15:36:55.800,17172,17173,17173,1
2021-06-01 15:36:56.146,17172,17173,17172,3
2021-06-01 15:36:57.762,17172,17173,17172,2
2021-06-01 15:36:59.682,17172,17173,17172,1
2021-06-01 15:37:00.871,17172,17173,17172,1
2021-06-01 15:37:01.147,17172,17173,17173,1
2021-06-01 15:37:01.161,17172,17173,17173,1
2021-06-01 15:37:01.244,17172,17173,17173,1
2021-06-01 15:37:01.378,17172,17173,17172,4
2021-06-01 15:37:03.665,17172,17173,17172,1
2021-06-01 15:37:04.592,17172,17173,17172,1
2021-06-01 15:37:06.075,17172,17173,17172,1
2021-06-01 15:37:06.446,17172,17173,17172,1
2021-06-01 15:37:06.703,17172,17173,17172,1
2021-06-01 15:37:06.861,17172,17173,17172,1
2021-06-01 15:37:06.962,17172,17173,17172,1
2021-06-01 15:37:07.081,17172,17173,17172,1
2021-06-01 15:37:07.097,17172,17173,17172,1
2021-06-01 15:37:08.924,17171,17172,17172,1
2021-06-01 15:37:13.491,17171,17172,17171,2
2021-06-01 15:37:13.491,17171,17172,17171,1
2021-06-01 15:37:13.492,17171,17172,17171,1
2021-06-01 15:37:13.492,17171,17172,17171,1
2021-06-01 15:37:17.277,17170,17171,17171,1
2021-06-01 15:37:17.667,17170,17171,17171,2
2021-06-01 15:37:17.732,17170,17171,17171,1
2021-06-01 15:37:19.493,17170,17171,17170,5
2021-06-01 15:37:19.775,17170,17171,17170,1
2021-06-01 15:37:20.914,17170,17171,17170,7
2021-06-01 15:37:23.315,17169,17170,17169,1
2021-06-01 15:37:24.466,17169,17170,17170,1
2021-06-01 15:37:24.541,17169,17170,17170,1
2021-06-01 15:37:24.594,17169,17170,17169,1
2021-06-01 15:37:25.464,17169,17170,17169,2
2021-06-01 15:37:25.814,17169,17170,17170,1
2021-06-01 15:37:25.818,17169,17170,17169,2
2021-06-01 15:37:26.289,17169,17170,17169,1
2021-06-01 15:37:29.053,17169,17170,17170,2
2021-06-01 15:37:29.167,17170,17171,17171,1
2021-06-01 15:37:29.237,17170,17171,17170,1
2021-06-01 15:37:29.454,17170,17171,17170,1
2021-06-01 15:37:29.918,17170,17171,17170,1
2021-06-01 15:37:30.488,17169,17170,17170,1
2021-06-01 15:37:34.254,17169,17170,17170,1
2021-06-01 15:37:34.289,17169,17170,17169,1
2021-06-01 15:37:34.302,17169,17170,17169,1
2021-06-01 15:37:34.565,17169,17170,17169,1
2021-06-01 15:37:38.370,17169,17170,17169,1
2021-06-01 15:37:41.212,17169,17170,17170,2
2021-06-01 15:37:43.168,17170,17171,17170,1
2021-06-01 15:37:43.553,17170,17171,17170,1
2021-06-01 15:37:44.715,17169,17171,17171,3
2021-06-01 15:37:45.797,17170,17171,17170,1
2021-06-01 15:37:48.802,17169,17171,17170,1
2021-06-01 15:37:48.803,17169,17171,17170,1
2021-06-01 15:37:51.795,17169,17170,17169,2
2021-06-01 15:37:58.692,17169,17170,17169,1
2021-06-01 15:38:00.919,17169,17170,17170,1
2021-06-01 15:38:07.690,17169,17170,17169,1
2021-06-01 15:38:09.470,17169,17170,17170,1
2021-06-01 15:38:09.470,17169,17170,17170,1
2021-06-01 15:38:09.471,17169,17170,17170,1
2021-06-01 15:38:09.471,17169,17170,17170,1
2021-06-01 15:38:09.471,17169,17170,17170,1
2021-06-01 15:38:14.018,17170,17171,17170,1
2021-06-01 15:38:37.271,17170,17171,17171,1
2021-06-01 15:38:40.129,17170,17172,17172,2
2021-06-01 15:38:40.494,17170,17172,17171,1
2021-06-01 15:38:46.234,17170,17171,17171,3
2021-06-01 15:38:49.017,17170,17172,17172,1
2021-06-01 15:38:49.023,17170,17172,17172,1
2021-06-01 15:38:49.037,17170,17172,17172,2
2021-06-01 15:38:49.053,17170,17172,17172,2
2021-06-01 15:38:49.090,17170,17172,17172,3
2021-06-01 15:38:49.091,17170,17172,17173,2
2021-06-01 15:38:49.111,17170,17172,17173,2
2021-06-01 15:38:49.124,17170,17172,17173,1
2021-06-01 15:38:49.125,17170,17172,17173,1
2021-06-01 15:38:49.155,17171,17173,17173,1
2021-06-01 15:38:50.078,17171,17172,17172,1
2021-06-01 15:38:53.587,17171,17172,17172,2
2021-06-01 15:38:58.305,17171,17172,17172,1
2021-06-01 15:38:58.305,17171,17172,17173,1
2021-06-01 15:38:58.601,17171,17173,17173,1
2021-06-01 15:39:00.297,17171,17173,17173,1
2021-06-01 15:39:00.593,17171,17173,17173,1
2021-06-01 15:39:00.709,17172,17174,17174,1
2021-06-01 15:39:00.828,17173,17174,17174,1
2021-06-01 15:39:01.316,17173,17174,17174,1
2021-06-01 15:39:01.796,17173,17174,17174,4
2021-06-01 15:39:02.001,17173,17174,17174,2
2021-06-01 15:39:02.118,17173,17174,17173,1
2021-06-01 15:39:22.833,17173,17174,17174,1
2021-06-01 15:39:22.909,17173,17174,17174,2
2021-06-01 15:39:22.917,17173,17174,17174,2
2021-06-01 15:39:23.652,17173,17175,17173,1
2021-06-01 15:39:29.213,17173,17174,17174,2
2021-06-01 15:39:29.636,17173,17175,17173,1
2021-06-01 15:39:32.252,17173,17174,17174,1
2021-06-01 15:39:32.386,17173,17174,17174,1
2021-06-01 15:39:32.461,17173,17174,17174,1
2021-06-01 15:39:34.025,17174,17175,17174,1
2021-06-01 15:39:34.959,17174,17175,17174,1
2021-06-01 15:39:34.998,17174,17175,17174,3
2021-06-01 15:39:35.425,17173,17174,17174,1
2021-06-01 15:39:37.324,17173,17174,17174,1
2021-06-01 15:39:37.357,17173,17174,17174,1
2021-06-01 15:39:37.375,17173,17174,17174,2
2021-06-01 15:39:37.426,17173,17174,17174,2
2021-06-01 15:39:37.531,17173,17175,17175,2
2021-06-01 15:39:37.858,17173,17175,17175,1
2021-06-01 15:39:37.858,17173,17175,17175,1
2021-06-01 15:39:37.863,17173,17175,17175,1
2021-06-01 15:39:37.864,17173,17175,17175,1
2021-06-01 15:39:37.877,17173,17175,17175,1
2021-06-01 15:39:37.945,17173,17175,17175,1
2021-06-01 15:39:38.044,17173,17175,17175,1
2021-06-01 15:39:38.049,17173,17175,17175,1
2021-06-01 15:39:38.889,17174,17175,17175,1
2021-06-01 15:39:38.889,17174,17175,17175,1
2021-06-01 15:39:38.889,17174,17175,17175,1
2021-06-01 15:39:38.889,17174,17175,17175,1
2021-06-01 15:39:38.996,17174,17175,17175,6
2021-06-01 15:39:38.996,17174,17175,17175,1
2021-06-01 15:39:38.996,17174,17175,17175,2
2021-06-01 15:39:38.996,17174,17175,17175,5
2021-06-01 15:39:38.996,17174,17175,17175,7
2021-06-01 15:39:38.996,17174,17175,17175,1
2021-06-01 15:39:38.996,17174,17175,17175,2
2021-06-01 15:39:38.997,17174,17175,17175,1
2021-06-01 15:39:39.003,17174,17175,17175,1
2021-06-01 15:39:39.148,17175,17176,17176,1
2021-06-01 15:39:39.378,17174,17176,17175,1
2021-06-01 15:39:39.803,17174,17175,17175,1
2021-06-01 15:39:40.106,17174,17175,17175,1
2021-06-01 15:39:40.111,17174,17175,17175,1
2021-06-01 15:39:40.118,17174,17175,17176,1
2021-06-01 15:39:40.166,17174,17176,17176,1
2021-06-01 15:39:40.198,17174,17176,17176,1
2021-06-01 15:39:41.616,17174,17176,17176,1
2021-06-01 15:39:44.016,17175,17176,17176,1
2021-06-01 15:39:45.087,17175,17176,17176,1
2021-06-01 15:39:47.639,17175,17176,17175,1
2021-06-01 15:39:49.918,17175,17176,17176,1
2021-06-01 15:39:49.953,17175,17176,17176,1
2021-06-01 15:39:51.053,17175,17176,17176,1
2021-06-01 15:39:51.397,17175,17176,17175,1
2021-06-01 15:39:51.515,17175,17176,17175,10
2021-06-01 15:39:52.609,17173,17175,17175,1
2021-06-01 15:39:53.377,17174,17175,17175,2
2021-06-01 15:39:54.866,17174,17175,17175,5
2021-06-01 15:39:57.032,17174,17175,17175,1
2021-06-01 15:39:58.309,17174,17175,17174,1
2021-06-01 15:40:00.491,17173,17174,17173,1
2021-06-01 15:40:00.804,17173,17174,17174,1
2021-06-01 15:40:00.805,17173,17174,17174,1
2021-06-01 15:40:01.083,17174,17175,17175,1
2021-06-01 15:40:01.083,17174,17175,17175,2
2021-06-01 15:40:01.696,17174,17176,17174,1
2021-06-01 15:40:02.119,17174,17176,17176,1
2021-06-01 15:40:02.410,17175,17176,17176,1
2021-06-01 15:40:02.902,17175,17176,17176,1
2021-06-01 15:40:03.478,17174,17176,17175,1
2021-06-01 15:40:03.639,17174,17175,17174,1
2021-06-01 15:40:04.723,17174,17175,17174,1
2021-06-01 15:40:05.506,17174,17175,17174,2
2021-06-01 15:40:05.575,17173,17175,17175,1
2021-06-01 15:40:06.588,17173,17175,17174,1
2021-06-01 15:40:08.901,17173,17174,17174,2
2021-06-01 15:40:10.859,17173,17175,17175,1
2021-06-01 15:40:13.668,17173,17174,17173,1
2021-06-01 15:40:14.802,17173,17174,17174,2
2021-06-01 15:40:14.803,17173,17174,17174,4
2021-06-01 15:40:14.837,17173,17174,17174,1
2021-06-01 15:40:16.530,17174,17175,17174,2
2021-06-01 15:40:19.833,17174,17175,17174,1
2021-06-01 15:40:19.881,17174,17175,17175,3
2021-06-01 15:40:27.723,17173,17174,17174,2
2021-06-01 15:40:29.296,17173,17175,17175,1
2021-06-01 15:40:29.872,17173,17175,17174,1
2021-06-01 15:40:34.453,17173,17175,17174,1
2021-06-01 15:40:35.365,17173,17175,17173,1
2021-06-01 15:40:35.430,17173,17174,17174,1
2021-06-01 15:40:39.459,17174,17175,17174,1
2021-06-01 15:40:40.368,17173,17175,17175,2
2021-06-01 15:40:42.354,17174,17175,17174,1
2021-06-01 15:40:44.646,17173,17175,17173,1
2021-06-01 15:40:45.537,17173,17174,17174,1
2021-06-01 15:40:47.502,17173,17175,17174,1
2021-06-01 15:40:51.351,17173,17175,17174,1
2021-06-01 15:40:52.978,17173,17175,17173,1
2021-06-01 15:40:54.673,17173,17174,17174,1
2021-06-01 15:40:56.053,17173,17175,17173,1
2021-06-01 15:40:57.954,17173,17175,17173,1
2021-06-01 15:41:07.226,17173,17174,17173,1
2021-06-01 15:41:09.218,17173,17174,17173,3
2021-06-01 15:41:09.435,17173,17174,17174,2
2021-06-01 15:41:09.982,17173,17174,17173,1
2021-06-01 15:41:10.399,17173,17174,17173,2
2021-06-01 15:41:10.399,17173,17174,17173,1
2021-06-01 15:41:10.400,17173,17174,17173,2
2021-06-01 15:41:11.694,17172,17174,17172,2
2021-06-01 15:41:12.006,17172,17174,17172,2
2021-06-01 15:41:12.320,17172,17173,17172,2
2021-06-01 15:41:14.781,17172,17173,17173,3
2021-06-01 15:41:14.782,17172,17173,17173,2
2021-06-01 15:41:16.962,17172,17174,17174,5
2021-06-01 15:41:21.658,17172,17174,17173,1
2021-06-01 15:41:31.421,17173,17174,17174,2
2021-06-01 15:41:47.225,17174,17175,17174,1
2021-06-01 15:41:47.410,17174,17175,17174,1
2021-06-01 15:41:52.752,17174,17175,17175,4
2021-06-01 15:41:52.752,17174,17175,17175,1
2021-06-01 15:41:52.752,17174,17175,17175,1
2021-06-01 15:41:52.753,17174,17175,17175,2
2021-06-01 15:41:52.753,17174,17175,17175,1
2021-06-01 15:41:52.757,17174,17175,17175,2
2021-06-01 15:41:52.757,17174,17175,17175,2
2021-06-01 15:41:55.174,17175,17176,17175,1
2021-06-01 15:41:55.174,17175,17176,17175,2
2021-06-01 15:41:57.409,17174,17175,17175,2
2021-06-01 15:41:59.086,17175,17176,17175,1
2021-06-01 15:41:59.086,17175,17176,17175,1
2021-06-01 15:42:00.459,17175,17176,17175,1
2021-06-01 15:42:00.459,17175,17176,17175,3
2021-06-01 15:42:00.459,17175,17176,17175,1
2021-06-01 15:42:00.790,17174,17175,17175,1
2021-06-01 15:42:00.790,17174,17175,17176,2
2021-06-01 15:42:00.837,17174,17175,17176,1
2021-06-01 15:42:02.447,17174,17176,17174,1
2021-06-01 15:42:03.333,17175,17176,17176,1
2021-06-01 15:42:07.568,17175,17176,17176,5
2021-06-01 15:42:08.352,17175,17176,17175,1
2021-06-01 15:42:08.929,17175,17176,17176,9
2021-06-01 15:42:10.714,17175,17176,17176,7
2021-06-01 15:42:14.222,17176,17177,17176,1
2021-06-01 15:42:14.356,17176,17177,17176,13
2021-06-01 15:42:15.286,17175,17176,17176,1
2021-06-01 15:42:15.622,17175,17176,17176,1
2021-06-01 15:42:18.966,17175,17176,17176,5
2021-06-01 15:42:19.072,17175,17176,17176,1
2021-06-01 15:42:20.297,17175,17176,17175,22
2021-06-01 15:42:20.609,17174,17175,17174,2
2021-06-01 15:42:22.379,17174,17175,17175,1
2021-06-01 15:42:26.701,17174,17175,17175,1
2021-06-01 15:42:30.344,17174,17175,17174,2
2021-06-01 15:42:31.412,17174,17175,17174,1
2021-06-01 15:42:31.642,17174,17175,17175,4
2021-06-01 15:42:31.643,17175,17176,17175,1
2021-06-01 15:42:31.643,17175,17176,17175,16
2021-06-01 15:42:31.888,17174,17175,17174,1
2021-06-01 15:42:31.920,17174,17175,17174,1
2021-06-01 15:42:37.245,17174,17175,17174,1
2021-06-01 15:42:39.954,17174,17175,17174,2
2021-06-01 15:42:41.097,17174,17175,17174,1
2021-06-01 15:42:41.097,17174,17175,17174,1
2021-06-01 15:42:41.097,17174,17175,17174,1
2021-06-01 15:42:41.097,17174,17175,17174,1
2021-06-01 15:42:41.688,17173,17174,17173,1
2021-06-01 15:42:42.430,17173,17174,17174,1
2021-06-01 15:42:43.051,17173,17174,17173,1
2021-06-01 15:42:58.364,17173,17174,17174,2
2021-06-01 15:43:00.768,17173,17174,17174,1
2021-06-01 15:43:01.924,17173,17175,17175,1
2021-06-01 15:43:02.900,17174,17175,17175,1
2021-06-01 15:43:02.900,17174,17175,17175,1
2021-06-01 15:43:02.900,17174,17175,17175,1
2021-06-01 15:43:35.918,17173,17174,17174,2
2021-06-01 15:43:36.662,17173,17174,17173,7
2021-06-01 15:43:40.679,17173,17174,17173,1
2021-06-01 15:43:42.399,17173,17174,17173,1
2021-06-01 15:43:43.107,17173,17174,17174,1
2021-06-01 15:43:48.746,17173,17175,17173,1
2021-06-01 15:43:56.887,17173,17174,17173,2
2021-06-01 15:43:56.887,17173,17174,17172,1
2021-06-01 15:43:58.856,17173,17174,17173,1
2021-06-01 15:43:59.042,17173,17174,17173,2
2021-06-01 15:43:59.042,17173,17174,17172,1
2021-06-01 15:44:02.379,17174,17175,17175,4
2021-06-01 15:44:02.616,17174,17176,17176,1
2021-06-01 15:44:02.633,17174,17176,17176,2
2021-06-01 15:44:02.638,17174,17176,17176,2
2021-06-01 15:44:02.639,17174,17176,17176,2
2021-06-01 15:44:02.645,17174,17177,17177,2
2021-06-01 15:44:02.764,17174,17177,17174,1
2021-06-01 15:44:02.783,17175,17177,17177,1
2021-06-01 15:44:02.917,17175,17177,17175,4
2021-06-01 15:44:03.108,17174,17176,17174,2
2021-06-01 15:44:13.714,17174,17175,17174,1
2021-06-01 15:44:13.714,17174,17175,17173,1
2021-06-01 15:44:19.598,17174,17175,17175,2
2021-06-01 15:44:22.038,17174,17175,17175,1
2021-06-01 15:44:22.038,17174,17175,17176,1
2021-06-01 15:44:23.360,17174,17176,17176,1
2021-06-01 15:44:26.569,17174,17175,17175,1
2021-06-01 15:44:30.214,17174,17175,17175,2
2021-06-01 15:44:34.406,17175,17176,17175,1
2021-06-01 15:44:35.189,17175,17176,17175,2
2021-06-01 15:44:37.183,17174,17175,17174,1
2021-06-01 15:44:46.706,17173,17174,17173,1
2021-06-01 15:44:47.258,17173,17174,17174,1
2021-06-01 15:44:47.258,17173,17174,17175,3
2021-06-01 15:44:48.917,17173,17174,17174,1
2021-06-01 15:44:51.209,17173,17174,17174,2
2021-06-01 15:45:00.887,17173,17174,17174,2
2021-06-01 15:45:03.920,17174,17175,17175,2
2021-06-01 15:45:03.921,17174,17175,17175,3
2021-06-01 15:45:19.532,17174,17176,17176,1
2021-06-01 15:45:25.957,17174,17175,17175,1
2021-06-01 15:45:26.019,17174,17176,17174,1
2021-06-01 15:45:26.020,17174,17176,17174,1
2021-06-01 15:45:26.020,17174,17176,17174,1
2021-06-01 15:45:26.023,17174,17176,17174,1
2021-06-01 15:45:26.023,17174,17176,17173,1
2021-06-01 15:45:26.023,17174,17176,17173,1
2021-06-01 15:45:26.023,17174,17176,17173,1
2021-06-01 15:45:26.025,17174,17176,17173,1
2021-06-01 15:45:26.027,17174,17176,17173,1
2021-06-01 15:45:26.029,17174,17176,17173,1
2021-06-01 15:45:32.286,17172,17173,17173,1
2021-06-01 15:45:32.286,17172,17173,17174,1
2021-06-01 15:45:32.394,17172,17174,17172,1
2021-06-01 15:45:32.394,17172,17174,17172,1
2021-06-01 15:45:36.040,17172,17174,17173,2
2021-06-01 15:45:37.570,17172,17173,17173,1
2021-06-01 15:45:46.496,17172,17174,17174,2
2021-06-01 15:45:52.530,17172,17173,17172,1
2021-06-01 15:45:52.888,17172,17173,17172,1
2021-06-01 15:45:52.888,17172,17173,17172,6
2021-06-01 15:45:52.888,17172,17173,17172,1
2021-06-01 15:45:52.888,17172,17173,17172,2
2021-06-01 15:45:52.888,17172,17173,17172,2
2021-06-01 15:45:55.424,17171,17172,17172,1
2021-06-01 15:45:55.435,17171,17172,17171,1
2021-06-01 15:45:57.908,17171,17172,17171,1
2021-06-01 15:45:59.639,17171,17172,17171,2
2021-06-01 15:46:00.917,17171,17172,17171,1
2021-06-01 15:46:00.917,17171,17172,17171,1
2021-06-01 15:46:00.917,17171,17172,17171,1
2021-06-01 15:46:00.917,17171,17172,17171,1
2021-06-01 15:46:01.954,17170,17172,17172,1
2021-06-01 15:46:04.412,17170,17172,17172,1
2021-06-01 15:46:10.349,17171,17172,17172,1
2021-06-01 15:46:11.595,17171,17173,17171,1
2021-06-01 15:46:15.319,17171,17173,17171,1
2021-06-01 15:46:17.897,17171,17173,17173,1
2021-06-01 15:46:22.406,17171,17172,17172,1
2021-06-01 15:46:25.416,17171,17172,17172,1
2021-06-01 15:46:26.085,17171,17172,17172,1
2021-06-01 15:46:27.061,17171,17172,17171,7
2021-06-01 15:46:27.061,17171,17172,17170,14
2021-06-01 15:46:27.846,17169,17170,17170,2
2021-06-01 15:46:33.104,17169,17170,17170,1
2021-06-01 15:46:35.181,17169,17170,17170,2
2021-06-01 15:46:35.247,17169,17170,17170,1
2021-06-01 15:46:39.921,17170,17171,17170,1
2021-06-01 15:46:40.047,17169,17170,17170,1
2021-06-01 15:46:41.022,17170,17171,17170,1
2021-06-01 15:46:41.423,17169,17171,17169,1
2021-06-01 15:46:41.655,17169,17171,17169,1
2021-06-01 15:46:44.476,17170,17171,17170,1
2021-06-01 15:46:45.737,17169,17171,17169,1
2021-06-01 15:46:46.792,17170,17171,17170,1
2021-06-01 15:46:50.063,17170,17172,17170,1
2021-06-01 15:46:53.507,17170,17172,17170,1
2021-06-01 15:46:55.954,17170,17172,17170,1
2021-06-01 15:46:56.235,17170,17172,17170,1
2021-06-01 15:46:57.234,17170,17172,17170,1
2021-06-01 15:47:02.049,17171,17172,17172,2
2021-06-01 15:47:02.049,17171,17172,17172,2
2021-06-01 15:47:02.050,17171,17172,17172,1
2021-06-01 15:47:02.830,17172,17174,17174,5
2021-06-01 15:47:07.851,17171,17174,17171,1
2021-06-01 15:47:08.762,17171,17173,17173,2
2021-06-01 15:47:12.841,17171,17173,17173,5
2021-06-01 15:47:15.444,17171,17173,17173,1
2021-06-01 15:47:18.285,17172,17173,17172,1
2021-06-01 15:47:18.497,17171,17173,17173,2
2021-06-01 15:47:22.598,17171,17173,17171,1
2021-06-01 15:47:33.716,17171,17172,17171,1
2021-06-01 15:47:36.552,17171,17172,17171,1
2021-06-01 15:47:38.140,17171,17172,17172,1
2021-06-01 15:48:00.130,17171,17172,17171,2
2021-06-01 15:48:02.610,17170,17171,17170,1
2021-06-01 15:48:03.338,17170,17171,17171,1
2021-06-01 15:48:03.747,17170,17171,17170,1
2021-06-01 15:48:03.747,17170,17171,17170,3
2021-06-01 15:48:03.747,17170,17171,17169,2
2021-06-01 15:48:12.753,17169,17171,17169,1
2021-06-01 15:48:13.908,17169,17171,17171,2
2021-06-01 15:48:26.956,17170,17171,17170,1
2021-06-01 15:48:28.965,17170,17171,17171,2
2021-06-01 15:48:44.444,17170,17171,17170,3
2021-06-01 15:48:44.478,17170,17171,17171,3
2021-06-01 15:48:46.611,17169,17170,17170,1
2021-06-01 15:48:49.893,17169,17170,17170,1
2021-06-01 15:48:51.589,17169,17170,17169,1
2021-06-01 15:48:54.170,17169,17170,17169,2
2021-06-01 15:49:00.369,17169,17170,17169,2
2021-06-01 15:49:01.223,17169,17170,17169,7
2021-06-01 15:49:18.486,17168,17169,17169,1
2021-06-01 15:49:18.486,17168,17169,17169,1
2021-06-01 15:49:21.779,17169,17170,17170,1
2021-06-01 15:49:26.588,17169,17170,17170,2
2021-06-01 15:49:26.588,17169,17170,17170,2
2021-06-01 15:49:53.020,17169,17170,17170,1
2021-06-01 15:49:53.021,17169,17170,17170,1
2021-06-01 15:50:00.193,17169,17170,17170,2
2021-06-01 15:50:08.451,17170,17171,17171,1
2021-06-01 15:50:09.025,17170,17171,17171,2
2021-06-01 15:50:19.829,17171,17172,17172,1
2021-06-01 15:50:20.212,17171,17172,17172,4
2021-06-01 15:50:25.129,17171,17173,17173,1
2021-06-01 15:50:27.717,17171,17172,17172,1
2021-06-01 15:50:33.061,17172,17173,17172,7
2021-06-01 15:50:41.572,17171,17172,17172,1
2021-06-01 15:50:43.956,17171,17172,17172,1
2021-06-01 15:50:51.172,17172,17173,17173,1
2021-06-01 15:50:51.172,17172,17173,17173,1
2021-06-01 15:50:51.295,17172,17173,17173,8
2021-06-01 15:50:51.296,17172,17173,17173,1
2021-06-01 15:50:55.255,17172,17173,17172,1
2021-06-01 15:50:55.255,17172,17173,17172,1
2021-06-01 15:50:55.255,17172,17173,17172,1
2021-06-01 15:50:58.361,17171,17173,17172,1
2021-06-01 15:51:07.444,17171,17173,17172,1
2021-06-01 15:51:09.141,17171,17172,17172,1
2021-06-01 15:51:24.737,17172,17173,17172,2
2021-06-01 15:51:26.131,17171,17172,17172,1
2021-06-01 15:51:28.560,17171,17172,17171,1
2021-06-01 15:51:42.401,17171,17172,17171,1
2021-06-01 15:51:42.401,17171,17172,17171,7
2021-06-01 15:51:42.401,17171,17172,17171,2
2021-06-01 15:51:42.401,17171,17172,17171,6
2021-06-01 15:51:50.958,17170,17171,17170,1
2021-06-01 15:51:57.180,17170,17171,17170,2
2021-06-01 15:52:00.853,17170,17171,17171,3
2021-06-01 15:52:01.311,17170,17172,17172,1
2021-06-01 15:52:06.414,17171,17173,17171,1
2021-06-01 15:52:14.238,17170,17171,17171,1
2021-06-01 15:52:15.630,17171,17172,17171,2
2021-06-01 15:52:17.710,17170,17171,17170,2
2021-06-01 15:52:21.066,17170,17171,17170,1
2021-06-01 15:52:41.869,17170,17171,17170,1
2021-06-01 15:52:45.739,17170,17171,17170,1
2021-06-01 15:52:47.224,17169,17170,17170,1
2021-06-01 15:53:12.800,17169,17170,17169,1
2021-06-01 15:53:30.122,17169,17170,17170,1
2021-06-01 15:53:31.443,17169,17170,17170,1
2021-06-01 15:53:34.874,17169,17170,17169,1
2021-06-01 15:53:36.675,17169,17170,17170,4
2021-06-01 15:53:37.007,17170,17171,17170,1
2021-06-01 15:53:42.131,17170,17171,17170,1
2021-06-01 15:53:42.969,17169,17171,17170,1
2021-06-01 15:53:51.101,17170,17171,17170,1
2021-06-01 15:53:59.857,17170,17171,17170,2
2021-06-01 15:54:11.820,17170,17171,17171,1
2021-06-01 15:54:20.750,17170,17171,17171,1
2021-06-01 15:54:26.021,17170,17171,17171,1
2021-06-01 15:54:33.038,17170,17171,17171,1
2021-06-01 15:54:41.546,17170,17171,17171,1
2021-06-01 15:54:46.217,17170,17172,17172,10
2021-06-01 15:54:46.218,17170,17172,17172,2
2021-06-01 15:54:46.218,17170,17172,17172,1
2021-06-01 15:54:47.627,17171,17172,17172,1
2021-06-01 15:54:47.627,17171,17172,17173,1
2021-06-01 15:54:54.626,17171,17172,17171,1
2021-06-01 15:55:04.596,17171,17172,17172,1
2021-06-01 15:55:24.015,17171,17172,17172,1
2021-06-01 15:55:41.012,17171,17172,17171,1
2021-06-01 15:55:41.017,17171,17172,17171,3
2021-06-01 15:55:49.525,17171,17172,17171,1
2021-06-01 15:56:24.448,17171,17172,17171,1
2021-06-01 15:56:24.795,17170,17172,17172,1
2021-06-01 15:56:24.864,17170,17172,17172,2
2021-06-01 15:56:24.950,17171,17172,17173,1
2021-06-01 15:56:24.967,17171,17172,17173,1
2021-06-01 15:56:24.967,17171,17172,17173,1
2021-06-01 15:56:24.975,17171,17172,17173,1
2021-06-01 15:56:25.105,17171,17173,17173,1
2021-06-01 15:56:25.292,17172,17173,17173,1
