2024-07-03 15:00:00.089,23203,23205,23202,116,-116
2024-07-03 15:00:00.090,23202,23203,23202,2,-2
2024-07-03 15:00:00.092,23202,23203,23201,1,-1
2024-07-03 15:00:00.092,23202,23203,23200,2,-2
2024-07-03 15:00:00.100,23202,23203,23200,2,-2
2024-07-03 15:00:00.101,23202,23203,23199,2,-2
2024-07-03 15:00:00.101,23202,23203,23203,1,1
2024-07-03 15:00:00.102,23202,23203,23203,1,1
2024-07-03 15:00:00.102,23202,23203,23203,1,1
2024-07-03 15:00:00.102,23202,23203,23203,1,1
2024-07-03 15:00:00.141,23196,23203,23203,1,1
2024-07-03 15:00:00.144,23196,23203,23203,5,5
2024-07-03 15:00:00.161,23196,23204,23202,1,1
2024-07-03 15:00:00.293,23199,23202,23203,1,1
2024-07-03 15:00:00.299,23199,23202,23204,1,1
2024-07-03 15:00:00.305,23199,23202,23204,2,2
2024-07-03 15:00:00.310,23199,23202,23201,1,1
2024-07-03 15:00:00.348,23199,23202,23204,1,1
2024-07-03 15:00:00.352,23199,23202,23204,1,1
2024-07-03 15:00:00.359,23199,23202,23204,1,1
2024-07-03 15:00:00.364,23199,23202,23201,2,2
2024-07-03 15:00:00.369,23199,23202,23204,2,2
2024-07-03 15:00:00.370,23199,23202,23204,5,5
2024-07-03 15:00:00.370,23199,23202,23205,2,2
2024-07-03 15:00:00.373,23199,23202,23205,3,3
2024-07-03 15:00:00.393,23200,23205,23205,1,1
2024-07-03 15:00:00.394,23200,23205,23200,1,-1
2024-07-03 15:00:00.395,23200,23205,23205,3,3
2024-07-03 15:00:00.418,23200,23205,23205,6,6
2024-07-03 15:00:00.420,23200,23205,23205,4,4
2024-07-03 15:00:00.449,23200,23205,23200,1,-1
2024-07-03 15:00:00.465,23200,23205,23205,2,2
2024-07-03 15:00:00.465,23200,23205,23206,2,2
2024-07-03 15:00:00.467,23200,23205,23205,1,1
2024-07-03 15:00:00.502,23200,23205,23205,1,1
2024-07-03 15:00:00.527,23202,23204,23204,1,1
2024-07-03 15:00:00.603,23202,23204,23203,1,1
2024-07-03 15:00:00.632,23202,23204,23202,2,-2
2024-07-03 15:00:00.650,23202,23204,23204,1,1
2024-07-03 15:00:00.656,23202,23204,23204,1,1
2024-07-03 15:00:00.656,23202,23204,23205,2,2
2024-07-03 15:00:00.656,23202,23204,23206,1,1
2024-07-03 15:00:00.660,23202,23204,23201,1,-1
2024-07-03 15:00:00.715,23202,23204,23205,2,2
2024-07-03 15:00:00.720,23202,23204,23206,2,2
2024-07-03 15:00:00.778,23200,23206,23200,1,-1
2024-07-03 15:00:00.798,23200,23206,23204,1,1
2024-07-03 15:00:00.824,23200,23206,23204,2,2
2024-07-03 15:00:00.899,23200,23205,23205,1,1
2024-07-03 15:00:00.901,23200,23205,23205,1,1
2024-07-03 15:00:00.902,23200,23205,23206,2,2
2024-07-03 15:00:00.910,23200,23205,23207,1,1
2024-07-03 15:00:00.911,23200,23205,23207,1,1
2024-07-03 15:00:00.913,23200,23205,23207,1,1
2024-07-03 15:00:00.941,23200,23205,23207,4,4
2024-07-03 15:00:00.991,23200,23205,23207,1,1
2024-07-03 15:00:00.995,23200,23205,23207,1,1
2024-07-03 15:00:00.995,23200,23205,23207,1,1
2024-07-03 15:00:01.002,23200,23205,23207,1,1
2024-07-03 15:00:01.009,23200,23207,23200,1,-1
2024-07-03 15:00:01.010,23200,23207,23200,1,-1
2024-07-03 15:00:01.022,23200,23207,23207,3,3
2024-07-03 15:00:01.040,23200,23207,23206,1,1
2024-07-03 15:00:01.044,23200,23207,23207,1,1
2024-07-03 15:00:01.060,23200,23207,23205,1,1
2024-07-03 15:00:01.095,23200,23207,23206,1,1
2024-07-03 15:00:01.136,23200,23207,23207,1,1
2024-07-03 15:00:01.160,23200,23207,23200,1,-1
2024-07-03 15:00:01.184,23200,23207,23206,1,1
2024-07-03 15:00:01.206,23200,23207,23205,1,1
2024-07-03 15:00:01.206,23200,23207,23206,1,1
2024-07-03 15:00:01.281,23200,23205,23208,3,3
2024-07-03 15:00:01.281,23200,23205,23207,3,3
2024-07-03 15:00:01.281,23200,23205,23207,2,2
2024-07-03 15:00:01.281,23200,23205,23207,5,5
2024-07-03 15:00:01.281,23200,23205,23206,1,1
2024-07-03 15:00:01.281,23200,23205,23206,1,1
2024-07-03 15:00:01.281,23200,23205,23205,4,4
2024-07-03 15:00:01.282,23200,23205,23205,1,1
2024-07-03 15:00:01.306,23200,23205,23205,2,2
2024-07-03 15:00:01.306,23200,23205,23207,1,1
2024-07-03 15:00:01.306,23200,23205,23208,2,2
2024-07-03 15:00:01.331,23200,23205,23208,1,1
2024-07-03 15:00:01.331,23200,23205,23208,2,2
2024-07-03 15:00:01.331,23200,23205,23208,2,2
2024-07-03 15:00:01.331,23200,23205,23205,3,3
2024-07-03 15:00:01.666,23202,23205,23205,1,1
2024-07-03 15:00:01.666,23202,23205,23205,1,1
2024-07-03 15:00:01.667,23202,23205,23205,1,1
2024-07-03 15:00:01.800,23203,23206,23203,1,-1
2024-07-03 15:00:01.805,23203,23206,23205,1,1
2024-07-03 15:00:02.015,23202,23204,23202,1,-1
2024-07-03 15:00:02.529,23201,23204,23201,4,-4
2024-07-03 15:00:02.811,23199,23202,23202,1,1
2024-07-03 15:00:02.833,23199,23202,23203,3,3
2024-07-03 15:00:03.319,23200,23203,23200,1,-1
2024-07-03 15:00:03.319,23200,23203,23200,1,-1
2024-07-03 15:00:03.533,23198,23201,23198,2,-2
2024-07-03 15:00:03.537,23198,23201,23198,1,-1
2024-07-03 15:00:03.544,23198,23201,23197,4,-4
2024-07-03 15:00:03.545,23198,23201,23197,2,-2
2024-07-03 15:00:03.550,23198,23201,23196,1,-1
2024-07-03 15:00:03.586,23198,23201,23194,1,-1
2024-07-03 15:00:03.586,23198,23201,23195,1,-1
2024-07-03 15:00:03.589,23198,23201,23193,3,-3
2024-07-03 15:00:03.590,23198,23201,23193,1,-1
2024-07-03 15:00:03.615,23198,23201,23194,2,-2
2024-07-03 15:00:03.627,23198,23201,23197,1,-1
2024-07-03 15:00:03.667,23193,23197,23197,1,1
2024-07-03 15:00:03.731,23193,23197,23194,1,-1
2024-07-03 15:00:03.855,23194,23196,23194,1,-1
2024-07-03 15:00:04.972,23194,23197,23197,3,3
2024-07-03 15:00:05.364,23196,23199,23196,1,-1
2024-07-03 15:00:05.438,23195,23197,23197,1,1
2024-07-03 15:00:05.475,23195,23197,23197,1,1
2024-07-03 15:00:05.578,23196,23199,23197,1,-1
2024-07-03 15:00:05.599,23196,23199,23196,1,-1
2024-07-03 15:00:05.818,23196,23199,23199,1,1
2024-07-03 15:00:06.109,23196,23200,23196,2,-2
2024-07-03 15:00:06.244,23196,23199,23199,1,1
2024-07-03 15:00:06.677,23196,23199,23196,1,-1
2024-07-03 15:00:06.687,23196,23199,23196,1,-1
2024-07-03 15:00:07.621,23197,23201,23197,1,-1
2024-07-03 15:00:07.632,23197,23201,23197,1,-1
2024-07-03 15:00:07.760,23197,23201,23197,1,-1
2024-07-03 15:00:08.165,23197,23201,23201,4,4
2024-07-03 15:00:09.754,23197,23200,23200,1,1
2024-07-03 15:00:09.755,23197,23200,23200,2,2
2024-07-03 15:00:10.605,23198,23201,23198,1,-1
2024-07-03 15:00:11.407,23198,23201,23198,7,-7
2024-07-03 15:00:11.849,23197,23199,23197,1,-1
2024-07-03 15:00:11.898,23197,23199,23199,1,1
2024-07-03 15:00:11.994,23197,23199,23199,1,1
2024-07-03 15:00:13.223,23198,23201,23200,1,1
2024-07-03 15:00:13.660,23198,23200,23198,12,-12
2024-07-03 15:00:14.048,23197,23199,23197,1,-1
2024-07-03 15:00:14.184,23197,23199,23198,3,-3
2024-07-03 15:00:15.102,23198,23200,23200,1,1
2024-07-03 15:00:15.355,23198,23201,23201,1,1
2024-07-03 15:00:15.453,23198,23201,23200,1,1
2024-07-03 15:00:15.876,23198,23201,23198,1,-1
2024-07-03 15:00:16.438,23198,23200,23198,3,-3
2024-07-03 15:00:16.438,23198,23200,23198,1,-1
2024-07-03 15:00:16.558,23197,23199,23199,1,1
2024-07-03 15:00:16.861,23197,23199,23197,1,-1
2024-07-03 15:00:16.966,23197,23199,23199,1,1
2024-07-03 15:00:16.975,23197,23199,23199,1,1
2024-07-03 15:00:17.638,23198,23200,23198,1,-1
2024-07-03 15:00:17.906,23198,23200,23198,5,-5
2024-07-03 15:00:18.031,23197,23198,23197,6,-6
2024-07-03 15:00:18.035,23197,23198,23198,1,1
2024-07-03 15:00:18.132,23196,23197,23196,1,-1
2024-07-03 15:00:18.132,23196,23197,23196,1,-1
2024-07-03 15:00:18.133,23196,23197,23196,2,-2
2024-07-03 15:00:18.182,23196,23197,23197,2,2
2024-07-03 15:00:18.182,23196,23197,23198,1,1
2024-07-03 15:00:18.414,23195,23198,23198,1,1
2024-07-03 15:00:18.575,23195,23198,23195,2,-2
2024-07-03 15:00:18.830,23195,23197,23195,1,-1
2024-07-03 15:00:18.933,23195,23197,23198,3,3
2024-07-03 15:00:18.933,23195,23197,23197,2,2
2024-07-03 15:00:21.532,23197,23198,23197,5,-5
2024-07-03 15:00:22.066,23197,23198,23197,1,-1
2024-07-03 15:00:22.163,23195,23198,23198,1,1
2024-07-03 15:00:23.425,23195,23198,23195,4,-4
2024-07-03 15:00:24.007,23195,23197,23197,1,1
2024-07-03 15:00:24.132,23195,23197,23197,1,1
2024-07-03 15:00:24.756,23196,23198,23197,1,1
2024-07-03 15:00:25.664,23196,23198,23198,5,5
2024-07-03 15:00:25.664,23196,23198,23199,1,1
2024-07-03 15:00:25.665,23196,23198,23199,3,3
2024-07-03 15:00:26.521,23197,23198,23198,1,1
2024-07-03 15:00:26.820,23197,23199,23197,1,-1
2024-07-03 15:00:28.000,23197,23199,23199,2,2
2024-07-03 15:00:28.013,23197,23199,23197,1,-1
2024-07-03 15:00:28.916,23197,23199,23199,1,1
2024-07-03 15:00:29.068,23198,23200,23200,3,3
2024-07-03 15:00:29.693,23198,23200,23198,1,-1
2024-07-03 15:00:31.572,23198,23200,23198,2,-2
2024-07-03 15:00:31.929,23198,23200,23198,1,-1
2024-07-03 15:00:32.264,23198,23200,23200,1,1
2024-07-03 15:00:32.264,23198,23200,23201,3,3
2024-07-03 15:00:32.336,23198,23200,23201,1,1
2024-07-03 15:00:32.847,23200,23202,23202,1,1
2024-07-03 15:00:33.181,23200,23202,23200,2,-2
2024-07-03 15:00:33.770,23200,23202,23200,1,-1
2024-07-03 15:00:35.050,23200,23202,23202,1,1
2024-07-03 15:00:35.221,23201,23203,23201,1,-1
2024-07-03 15:00:36.057,23201,23203,23201,2,-2
2024-07-03 15:00:37.659,23200,23202,23200,3,-3
2024-07-03 15:00:37.846,23198,23201,23201,1,1
2024-07-03 15:00:38.284,23198,23201,23201,1,1
2024-07-03 15:00:38.581,23199,23202,23202,1,1
2024-07-03 15:00:38.845,23199,23202,23199,1,-1
2024-07-03 15:00:39.409,23199,23202,23202,1,1
2024-07-03 15:00:39.831,23199,23202,23199,1,-1
2024-07-03 15:00:40.177,23200,23202,23200,1,-1
2024-07-03 15:00:40.803,23199,23201,23199,1,-1
2024-07-03 15:00:41.782,23201,23202,23201,9,-9
2024-07-03 15:00:42.491,23200,23202,23202,1,1
2024-07-03 15:00:42.604,23200,23202,23200,1,-1
2024-07-03 15:00:44.457,23199,23202,23202,1,1
2024-07-03 15:00:46.105,23201,23202,23201,1,-1
2024-07-03 15:00:46.499,23199,23201,23199,1,-1
2024-07-03 15:00:46.500,23199,23201,23199,1,-1
2024-07-03 15:00:47.185,23198,23200,23199,1,-1
2024-07-03 15:00:47.429,23198,23200,23198,1,-1
2024-07-03 15:00:47.554,23198,23200,23200,1,1
2024-07-03 15:00:47.569,23198,23200,23198,1,-1
2024-07-03 15:00:47.570,23198,23200,23198,1,-1
2024-07-03 15:00:47.570,23198,23200,23198,5,-5
2024-07-03 15:00:47.854,23197,23199,23197,3,-3
2024-07-03 15:00:48.083,23196,23198,23196,1,-1
2024-07-03 15:00:48.083,23196,23198,23195,14,-14
2024-07-03 15:00:48.083,23196,23198,23194,7,-7
2024-07-03 15:00:48.156,23193,23195,23195,1,1
2024-07-03 15:00:48.274,23193,23195,23193,9,-9
2024-07-03 15:00:48.337,23193,23195,23192,1,-1
2024-07-03 15:00:48.338,23193,23195,23192,4,-4
2024-07-03 15:00:48.552,23191,23193,23191,2,-2
2024-07-03 15:00:48.763,23191,23193,23191,2,-2
2024-07-03 15:00:48.763,23191,23193,23191,1,-1
2024-07-03 15:00:48.763,23191,23193,23191,1,-1
2024-07-03 15:00:48.763,23191,23193,23191,9,-9
2024-07-03 15:00:48.909,23190,23191,23190,9,-9
2024-07-03 15:00:48.916,23190,23191,23190,1,-1
2024-07-03 15:00:49.047,23188,23190,23189,1,-1
2024-07-03 15:00:49.405,23189,23191,23189,1,-1
2024-07-03 15:00:49.779,23188,23190,23190,1,1
2024-07-03 15:00:50.808,23189,23190,23190,1,1
2024-07-03 15:00:50.808,23189,23190,23191,6,6
2024-07-03 15:00:50.808,23189,23190,23192,2,2
2024-07-03 15:00:51.101,23190,23192,23192,1,1
2024-07-03 15:00:51.453,23190,23193,23193,1,1
2024-07-03 15:00:51.455,23190,23193,23193,1,1
2024-07-03 15:00:51.461,23190,23193,23193,1,1
2024-07-03 15:00:51.520,23190,23193,23193,1,1
2024-07-03 15:00:51.551,23190,23193,23193,5,5
2024-07-03 15:00:51.551,23190,23193,23193,5,5
2024-07-03 15:00:51.735,23194,23195,23194,1,-1
2024-07-03 15:00:51.910,23193,23195,23193,1,-1
2024-07-03 15:00:52.368,23193,23194,23194,1,1
2024-07-03 15:00:52.638,23193,23195,23195,2,2
2024-07-03 15:00:52.638,23193,23195,23196,1,1
2024-07-03 15:00:52.903,23193,23196,23196,3,3
2024-07-03 15:00:53.342,23196,23197,23196,1,-1
2024-07-03 15:00:53.878,23195,23196,23195,1,-1
2024-07-03 15:00:54.593,23194,23196,23194,1,-1
2024-07-03 15:00:55.117,23194,23196,23194,5,-5
2024-07-03 15:00:55.529,23193,23194,23193,1,-1
2024-07-03 15:00:56.299,23193,23195,23195,1,1
2024-07-03 15:00:56.584,23193,23195,23193,1,-1
2024-07-03 15:00:56.688,23192,23193,23192,1,-1
2024-07-03 15:00:58.498,23192,23193,23192,1,-1
2024-07-03 15:00:58.558,23191,23193,23191,3,-3
2024-07-03 15:00:58.703,23190,23193,23192,1,1
2024-07-03 15:01:00.019,23191,23192,23194,1,1
2024-07-03 15:01:00.019,23191,23192,23194,2,2
2024-07-03 15:01:00.019,23191,23192,23192,2,2
2024-07-03 15:01:00.019,23191,23192,23193,6,6
2024-07-03 15:01:00.023,23191,23192,23194,1,1
2024-07-03 15:01:00.037,23191,23192,23194,1,1
2024-07-03 15:01:00.061,23191,23192,23194,1,1
2024-07-03 15:01:00.103,23191,23192,23195,1,1
2024-07-03 15:01:00.193,23194,23196,23196,1,1
2024-07-03 15:01:00.193,23194,23196,23196,1,1
2024-07-03 15:01:00.193,23194,23196,23196,1,1
2024-07-03 15:01:00.193,23194,23196,23196,1,1
2024-07-03 15:01:00.194,23194,23196,23196,1,1
2024-07-03 15:01:00.194,23194,23196,23196,1,1
2024-07-03 15:01:00.195,23194,23196,23198,1,1
2024-07-03 15:01:00.195,23194,23196,23198,1,1
2024-07-03 15:01:00.196,23194,23196,23198,1,1
2024-07-03 15:01:00.342,23198,23199,23199,1,1
2024-07-03 15:01:00.420,23198,23200,23199,1,1
2024-07-03 15:01:00.421,23198,23200,23198,2,-2
2024-07-03 15:01:00.422,23198,23200,23197,3,-3
2024-07-03 15:01:00.507,23195,23198,23198,3,3
2024-07-03 15:01:00.507,23195,23198,23199,3,3
2024-07-03 15:01:00.801,23195,23198,23198,1,1
2024-07-03 15:01:00.851,23195,23198,23196,2,-2
2024-07-03 15:01:00.913,23196,23199,23199,2,2
2024-07-03 15:01:02.162,23196,23198,23196,2,-2
2024-07-03 15:01:02.163,23196,23198,23195,1,-1
2024-07-03 15:01:02.257,23194,23196,23196,1,1
2024-07-03 15:01:02.257,23194,23196,23196,1,1
2024-07-03 15:01:02.257,23194,23196,23196,1,1
2024-07-03 15:01:02.258,23194,23196,23197,2,2
2024-07-03 15:01:02.258,23194,23196,23198,2,2
2024-07-03 15:01:02.258,23194,23196,23198,3,3
2024-07-03 15:01:02.258,23194,23196,23199,1,1
2024-07-03 15:01:02.260,23194,23196,23199,1,1
2024-07-03 15:01:02.260,23194,23196,23200,1,1
2024-07-03 15:01:02.260,23194,23196,23200,1,1
2024-07-03 15:01:02.263,23194,23196,23198,1,1
2024-07-03 15:01:02.264,23194,23196,23199,1,1
2024-07-03 15:01:02.280,23194,23196,23197,1,1
2024-07-03 15:01:02.998,23196,23198,23196,1,-1
2024-07-03 15:01:03.714,23195,23198,23195,1,-1
2024-07-03 15:01:07.480,23193,23195,23195,1,1
2024-07-03 15:01:07.534,23193,23195,23195,2,2
2024-07-03 15:01:08.307,23193,23195,23195,3,3
2024-07-03 15:01:08.382,23193,23195,23195,1,1
2024-07-03 15:01:08.382,23193,23195,23195,1,1
2024-07-03 15:01:08.382,23193,23195,23195,1,1
2024-07-03 15:01:08.382,23193,23195,23195,1,1
2024-07-03 15:01:08.382,23193,23195,23195,1,1
2024-07-03 15:01:08.382,23193,23195,23195,1,1
2024-07-03 15:01:08.382,23193,23195,23195,1,1
2024-07-03 15:01:08.383,23193,23195,23196,1,1
2024-07-03 15:01:08.383,23193,23195,23196,1,1
2024-07-03 15:01:08.383,23193,23195,23196,1,1
2024-07-03 15:01:08.383,23193,23195,23196,1,1
2024-07-03 15:01:08.489,23193,23195,23194,1,1
2024-07-03 15:01:08.532,23194,23195,23194,2,-2
2024-07-03 15:01:08.636,23193,23195,23193,1,-1
2024-07-03 15:01:09.860,23192,23193,23193,1,1
2024-07-03 15:01:10.291,23192,23193,23193,1,1
2024-07-03 15:01:10.342,23192,23193,23193,5,5
2024-07-03 15:01:11.240,23192,23194,23192,4,-4
2024-07-03 15:01:11.320,23191,23192,23191,1,-1
2024-07-03 15:01:11.345,23191,23192,23192,1,1
2024-07-03 15:01:11.469,23191,23192,23192,1,1
2024-07-03 15:01:11.892,23191,23192,23192,4,4
2024-07-03 15:01:11.892,23191,23192,23193,1,1
2024-07-03 15:01:11.892,23191,23192,23194,10,10
2024-07-03 15:01:12.489,23192,23195,23192,1,-1
2024-07-03 15:01:13.548,23193,23195,23193,1,-1
2024-07-03 15:01:17.174,23192,23194,23192,1,-1
2024-07-03 15:01:18.001,23192,23194,23192,6,-6
2024-07-03 15:01:18.007,23191,23193,23194,1,1
2024-07-03 15:01:18.007,23191,23193,23194,1,1
2024-07-03 15:01:18.007,23191,23193,23194,1,1
2024-07-03 15:01:18.007,23191,23193,23193,1,1
2024-07-03 15:01:18.007,23191,23193,23193,1,1
2024-07-03 15:01:18.007,23191,23193,23193,1,1
2024-07-03 15:01:18.007,23191,23193,23194,1,1
2024-07-03 15:01:18.008,23191,23193,23195,1,1
2024-07-03 15:01:18.008,23191,23193,23195,1,1
2024-07-03 15:01:18.008,23191,23193,23195,1,1
2024-07-03 15:01:18.008,23191,23193,23195,1,1
2024-07-03 15:01:18.008,23191,23193,23195,1,1
2024-07-03 15:01:18.008,23191,23193,23194,1,1
2024-07-03 15:01:18.008,23191,23193,23194,1,1
2024-07-03 15:01:18.009,23191,23193,23195,1,1
2024-07-03 15:01:18.009,23191,23193,23195,1,1
2024-07-03 15:01:18.009,23191,23193,23195,1,1
2024-07-03 15:01:18.009,23191,23193,23195,1,1
2024-07-03 15:01:18.010,23191,23193,23195,1,1
2024-07-03 15:01:18.010,23191,23193,23195,1,1
2024-07-03 15:01:18.016,23191,23193,23195,1,1
2024-07-03 15:01:18.883,23193,23195,23195,1,1
2024-07-03 15:01:19.739,23193,23194,23193,4,-4
2024-07-03 15:01:21.108,23192,23193,23192,1,-1
2024-07-03 15:01:21.942,23192,23193,23192,1,-1
2024-07-03 15:01:22.018,23192,23193,23193,1,1
2024-07-03 15:01:22.618,23192,23194,23192,1,-1
2024-07-03 15:01:22.619,23192,23194,23191,1,-1
2024-07-03 15:01:22.620,23192,23194,23191,1,-1
2024-07-03 15:01:22.620,23192,23194,23191,1,-1
2024-07-03 15:01:22.650,23190,23192,23190,1,-1
2024-07-03 15:01:25.216,23190,23192,23190,8,-8
2024-07-03 15:01:25.217,23190,23192,23190,5,-5
2024-07-03 15:01:25.217,23190,23192,23190,8,-8
2024-07-03 15:01:25.281,23189,23190,23189,12,-12
2024-07-03 15:01:25.545,23188,23189,23189,2,2
2024-07-03 15:01:25.545,23188,23189,23190,3,3
2024-07-03 15:01:25.566,23188,23189,23188,1,-1
2024-07-03 15:01:26.585,23188,23189,23188,1,-1
2024-07-03 15:01:27.382,23188,23189,23189,1,1
2024-07-03 15:01:27.507,23188,23190,23191,1,1
2024-07-03 15:01:27.507,23188,23190,23191,1,1
2024-07-03 15:01:27.507,23188,23190,23190,1,1
2024-07-03 15:01:27.507,23188,23190,23190,1,1
2024-07-03 15:01:27.507,23188,23190,23191,1,1
2024-07-03 15:01:27.509,23188,23190,23192,1,1
2024-07-03 15:01:27.848,23190,23192,23190,3,-3
2024-07-03 15:01:28.709,23188,23190,23190,5,5
2024-07-03 15:01:28.757,23190,23192,23192,2,2
2024-07-03 15:01:28.757,23190,23192,23192,2,2
2024-07-03 15:01:28.757,23190,23192,23192,2,2
2024-07-03 15:01:28.757,23190,23192,23192,2,2
2024-07-03 15:01:28.757,23190,23192,23192,1,1
2024-07-03 15:01:29.141,23192,23193,23192,1,-1
2024-07-03 15:01:31.121,23191,23193,23191,1,-1
2024-07-03 15:01:32.348,23191,23193,23193,1,1
2024-07-03 15:01:32.674,23191,23194,23194,1,1
2024-07-03 15:01:32.674,23191,23194,23194,2,2
2024-07-03 15:01:33.012,23193,23195,23191,4,-4
2024-07-03 15:01:33.012,23193,23195,23192,7,-7
2024-07-03 15:01:33.012,23193,23195,23193,4,-4
2024-07-03 15:01:34.345,23192,23194,23192,1,-1
2024-07-03 15:01:36.199,23191,23193,23191,2,-2
2024-07-03 15:01:36.199,23191,23193,23190,3,-3
2024-07-03 15:01:36.419,23190,23193,23190,3,-3
2024-07-03 15:01:37.097,23190,23192,23191,1,-1
2024-07-03 15:01:37.097,23190,23192,23190,4,-4
2024-07-03 15:01:37.131,23190,23192,23193,1,1
2024-07-03 15:01:37.131,23190,23192,23193,1,1
2024-07-03 15:01:37.131,23190,23192,23192,1,1
2024-07-03 15:01:37.131,23190,23192,23193,1,1
2024-07-03 15:01:37.132,23190,23192,23194,1,1
2024-07-03 15:01:37.302,23191,23194,23191,1,-1
2024-07-03 15:01:38.808,23191,23194,23191,2,-2
2024-07-03 15:01:40.170,23191,23194,23192,1,-1
2024-07-03 15:01:41.239,23192,23194,23194,3,3
2024-07-03 15:01:41.239,23192,23194,23194,2,2
2024-07-03 15:01:42.333,23193,23195,23195,4,4
2024-07-03 15:01:42.333,23193,23195,23195,1,1
2024-07-03 15:01:42.333,23193,23195,23195,2,2
2024-07-03 15:01:42.333,23193,23195,23195,8,8
2024-07-03 15:01:42.603,23194,23196,23196,1,1
2024-07-03 15:01:42.961,23195,23196,23194,3,-3
2024-07-03 15:01:42.961,23195,23196,23195,1,-1
2024-07-03 15:01:42.961,23195,23196,23193,5,-5
2024-07-03 15:01:43.092,23192,23195,23193,1,-1
2024-07-03 15:01:45.698,23192,23195,23195,1,1
2024-07-03 15:01:48.638,23193,23195,23193,1,-1
2024-07-03 15:01:50.450,23192,23193,23193,1,1
2024-07-03 15:01:53.158,23192,23193,23192,1,-1
2024-07-03 15:01:53.408,23191,23192,23191,2,-2
2024-07-03 15:01:53.409,23191,23192,23191,1,-1
2024-07-03 15:01:53.409,23191,23192,23191,1,-1
2024-07-03 15:01:54.493,23190,23192,23190,1,-1
2024-07-03 15:01:54.494,23190,23192,23190,1,-1
2024-07-03 15:01:54.494,23190,23192,23190,2,-2
2024-07-03 15:01:55.292,23190,23191,23189,1,-1
2024-07-03 15:01:55.292,23190,23191,23190,1,-1
2024-07-03 15:01:56.376,23189,23191,23191,1,1
2024-07-03 15:01:58.606,23189,23191,23189,1,-1
2024-07-03 15:01:58.781,23190,23191,23190,2,-2
2024-07-03 15:02:00.057,23189,23191,23191,1,1
2024-07-03 15:02:00.280,23190,23192,23190,1,-1
2024-07-03 15:02:00.303,23190,23192,23190,1,-1
2024-07-03 15:02:00.391,23189,23190,23188,1,-1
2024-07-03 15:02:00.391,23189,23190,23189,1,-1
2024-07-03 15:02:00.399,23189,23190,23188,1,-1
2024-07-03 15:02:00.707,23188,23190,23188,2,-2
2024-07-03 15:02:00.777,23188,23190,23190,1,1
2024-07-03 15:02:00.788,23188,23190,23188,2,-2
2024-07-03 15:02:00.796,23188,23190,23188,6,-6
2024-07-03 15:02:01.433,23188,23190,23188,3,-3
2024-07-03 15:02:01.433,23188,23190,23188,1,-1
2024-07-03 15:02:01.696,23187,23189,23189,1,1
2024-07-03 15:02:02.254,23187,23189,23187,1,-1
2024-07-03 15:02:02.271,23187,23189,23187,1,-1
2024-07-03 15:02:02.271,23187,23189,23187,3,-3
2024-07-03 15:02:02.272,23187,23189,23187,1,-1
2024-07-03 15:02:05.305,23186,23188,23186,1,-1
2024-07-03 15:02:07.179,23186,23188,23186,1,-1
2024-07-03 15:02:07.449,23186,23188,23186,1,-1
2024-07-03 15:02:08.999,23186,23187,23185,5,-5
2024-07-03 15:02:08.999,23186,23187,23186,2,-2
2024-07-03 15:02:09.161,23185,23187,23185,3,-3
2024-07-03 15:02:09.172,23185,23187,23184,2,-2
2024-07-03 15:02:09.172,23185,23187,23185,5,-5
2024-07-03 15:02:09.662,23184,23186,23184,1,-1
2024-07-03 15:02:09.665,23184,23186,23183,1,-1
2024-07-03 15:02:09.678,23184,23186,23183,1,-1
2024-07-03 15:02:09.824,23183,23186,23186,1,1
2024-07-03 15:02:10.689,23184,23186,23186,1,1
2024-07-03 15:02:11.111,23186,23187,23187,7,7
2024-07-03 15:02:11.390,23187,23188,23188,1,1
2024-07-03 15:02:11.397,23187,23188,23187,2,-2
2024-07-03 15:02:12.269,23187,23188,23188,2,2
2024-07-03 15:02:13.060,23188,23189,23189,2,2
2024-07-03 15:02:13.060,23188,23189,23189,1,1
2024-07-03 15:02:13.060,23188,23189,23189,1,1
2024-07-03 15:02:13.061,23188,23189,23189,1,1
2024-07-03 15:02:14.320,23188,23189,23189,1,1
2024-07-03 15:02:15.518,23187,23189,23187,2,-2
2024-07-03 15:02:16.761,23187,23189,23187,1,-1
2024-07-03 15:02:16.874,23187,23189,23186,3,-3
2024-07-03 15:02:17.639,23186,23188,23186,2,-2
2024-07-03 15:02:17.656,23186,23188,23187,1,-1
2024-07-03 15:02:18.199,23185,23187,23187,1,1
2024-07-03 15:02:19.612,23185,23187,23185,2,-2
2024-07-03 15:02:20.197,23184,23187,23186,4,4
2024-07-03 15:02:20.319,23184,23187,23186,1,1
2024-07-03 15:02:22.162,23184,23185,23184,2,-2
2024-07-03 15:02:24.051,23183,23185,23183,1,-1
2024-07-03 15:02:25.863,23183,23185,23183,3,-3
2024-07-03 15:02:25.865,23183,23185,23183,1,-1
2024-07-03 15:02:25.866,23183,23185,23183,1,-1
2024-07-03 15:02:29.000,23184,23185,23184,1,-1
2024-07-03 15:02:33.161,23183,23184,23184,1,1
2024-07-03 15:02:35.012,23184,23185,23185,1,1
2024-07-03 15:02:35.012,23184,23185,23185,2,2
2024-07-03 15:02:35.012,23184,23185,23185,6,6
2024-07-03 15:02:35.013,23184,23185,23185,2,2
2024-07-03 15:02:35.013,23184,23185,23185,1,1
2024-07-03 15:02:36.382,23185,23187,23185,3,-3
2024-07-03 15:02:36.383,23185,23187,23185,2,-2
2024-07-03 15:02:36.683,23185,23187,23185,2,-2
2024-07-03 15:02:36.685,23185,23187,23185,3,-3
2024-07-03 15:02:36.885,23185,23187,23185,1,-1
2024-07-03 15:02:38.647,23184,23185,23185,5,5
2024-07-03 15:02:40.009,23186,23188,23186,1,-1
2024-07-03 15:02:40.009,23186,23188,23185,4,-4
2024-07-03 15:02:40.740,23187,23189,23187,1,-1
2024-07-03 15:02:43.055,23187,23188,23187,1,-1
2024-07-03 15:02:44.308,23188,23189,23189,3,3
2024-07-03 15:02:44.536,23188,23190,23186,1,-1
2024-07-03 15:02:44.536,23188,23190,23187,6,-6
2024-07-03 15:02:44.536,23188,23190,23188,3,-3
2024-07-03 15:02:46.578,23186,23188,23186,1,-1
2024-07-03 15:02:46.578,23186,23188,23186,4,-4
2024-07-03 15:02:46.617,23186,23188,23188,1,1
2024-07-03 15:02:47.075,23186,23189,23186,4,-4
2024-07-03 15:02:47.179,23185,23186,23186,1,1
2024-07-03 15:02:49.673,23185,23186,23185,10,-10
2024-07-03 15:02:49.674,23185,23186,23185,1,-1
2024-07-03 15:02:50.059,23184,23186,23184,1,-1
2024-07-03 15:02:50.503,23184,23186,23186,3,3
2024-07-03 15:02:51.694,23186,23188,23186,1,-1
2024-07-03 15:02:52.120,23186,23188,23188,4,4
2024-07-03 15:02:57.028,23186,23187,23187,3,3
2024-07-03 15:02:58.378,23187,23188,23187,1,-1
2024-07-03 15:02:59.774,23186,23188,23188,3,3
2024-07-03 15:03:00.040,23186,23188,23186,1,-1
2024-07-03 15:03:00.040,23186,23188,23185,1,-1
2024-07-03 15:03:00.048,23186,23188,23185,2,-2
2024-07-03 15:03:00.051,23186,23188,23185,1,-1
2024-07-03 15:03:00.056,23186,23188,23185,2,-2
2024-07-03 15:03:00.112,23186,23188,23185,1,-1
2024-07-03 15:03:00.116,23186,23188,23184,1,-1
2024-07-03 15:03:00.116,23186,23188,23183,1,-1
2024-07-03 15:03:00.173,23183,23185,23183,1,-1
2024-07-03 15:03:00.190,23183,23185,23185,5,5
2024-07-03 15:03:00.190,23183,23185,23186,2,2
2024-07-03 15:03:00.315,23184,23186,23184,1,-1
2024-07-03 15:03:01.281,23184,23186,23186,1,1
2024-07-03 15:03:01.891,23185,23186,23186,1,1
2024-07-03 15:03:02.433,23186,23188,23186,1,-1
2024-07-03 15:03:05.043,23186,23187,23187,1,1
2024-07-03 15:03:06.178,23186,23188,23188,3,3
2024-07-03 15:03:06.178,23186,23188,23188,1,1
2024-07-03 15:03:06.178,23186,23188,23188,2,2
2024-07-03 15:03:06.178,23186,23188,23188,2,2
2024-07-03 15:03:06.178,23186,23188,23188,2,2
2024-07-03 15:03:06.178,23186,23188,23188,4,4
2024-07-03 15:03:06.178,23186,23188,23188,1,1
2024-07-03 15:03:06.178,23186,23188,23188,1,1
2024-07-03 15:03:07.294,23188,23190,23190,1,1
2024-07-03 15:03:07.911,23188,23190,23190,1,1
2024-07-03 15:03:09.345,23189,23190,23190,1,1
2024-07-03 15:03:10.207,23189,23190,23189,2,-2
2024-07-03 15:03:12.633,23187,23188,23187,1,-1
2024-07-03 15:03:13.276,23187,23188,23188,1,1
2024-07-03 15:03:15.460,23187,23188,23186,1,-1
2024-07-03 15:03:15.460,23187,23188,23187,1,-1
2024-07-03 15:03:17.223,23185,23186,23185,2,-2
2024-07-03 15:03:17.223,23185,23186,23185,1,-1
2024-07-03 15:03:19.667,23184,23185,23184,2,-2
2024-07-03 15:03:19.853,23183,23185,23185,1,1
2024-07-03 15:03:19.953,23183,23185,23185,1,1
2024-07-03 15:03:22.531,23184,23185,23184,1,-1
2024-07-03 15:03:22.733,23184,23185,23184,3,-3
2024-07-03 15:03:23.569,23183,23184,23183,9,-9
2024-07-03 15:03:23.570,23183,23184,23182,1,-1
2024-07-03 15:03:23.570,23183,23184,23182,1,-1
2024-07-03 15:03:23.570,23183,23184,23182,2,-2
2024-07-03 15:03:23.571,23183,23184,23181,3,-3
2024-07-03 15:03:23.571,23183,23184,23181,9,-9
2024-07-03 15:03:23.572,23183,23184,23180,1,-1
2024-07-03 15:03:23.618,23183,23184,23182,1,-1
2024-07-03 15:03:24.616,23181,23183,23180,10,-10
2024-07-03 15:03:24.616,23181,23183,23179,10,-10
2024-07-03 15:03:24.616,23181,23183,23181,5,-5
2024-07-03 15:03:24.617,23181,23183,23179,1,-1
2024-07-03 15:03:25.276,23179,23181,23179,3,-3
2024-07-03 15:03:25.276,23179,23181,23178,1,-1
2024-07-03 15:03:25.419,23178,23181,23178,1,-1
2024-07-03 15:03:25.421,23178,23181,23180,2,2
2024-07-03 15:03:25.501,23178,23181,23178,1,-1
2024-07-03 15:03:25.605,23178,23181,23178,3,-3
2024-07-03 15:03:25.847,23178,23180,23178,1,-1
2024-07-03 15:03:25.861,23178,23180,23180,1,1
2024-07-03 15:03:25.915,23178,23180,23178,4,-4
2024-07-03 15:03:25.916,23178,23180,23178,1,-1
2024-07-03 15:03:26.134,23178,23180,23178,1,-1
2024-07-03 15:03:26.287,23177,23180,23180,2,2
2024-07-03 15:03:26.317,23177,23180,23178,2,-2
2024-07-03 15:03:26.318,23177,23180,23178,3,-3
2024-07-03 15:03:26.327,23177,23180,23177,1,-1
2024-07-03 15:03:28.012,23177,23178,23178,6,6
2024-07-03 15:03:28.014,23177,23178,23180,2,2
2024-07-03 15:03:28.344,23179,23181,23179,1,-1
2024-07-03 15:03:28.355,23179,23181,23179,1,-1
2024-07-03 15:03:28.375,23179,23181,23178,1,-1
2024-07-03 15:03:28.979,23179,23181,23181,2,2
2024-07-03 15:03:28.979,23179,23181,23182,3,3
2024-07-03 15:03:29.097,23180,23182,23182,3,3
2024-07-03 15:03:30.198,23181,23183,23181,1,-1
2024-07-03 15:03:31.582,23181,23182,23181,2,-2
2024-07-03 15:03:34.418,23180,23181,23180,2,-2
2024-07-03 15:03:34.419,23180,23181,23180,1,-1
2024-07-03 15:03:36.244,23179,23181,23181,1,1
2024-07-03 15:03:36.803,23180,23181,23180,1,-1
2024-07-03 15:03:36.803,23180,23181,23180,1,-1
2024-07-03 15:03:37.677,23179,23180,23179,1,-1
2024-07-03 15:03:37.677,23179,23180,23179,1,-1
2024-07-03 15:03:38.253,23178,23180,23178,1,-1
2024-07-03 15:03:39.679,23178,23180,23177,2,-2
2024-07-03 15:03:39.679,23178,23180,23178,2,-2
2024-07-03 15:03:40.985,23178,23179,23179,1,1
2024-07-03 15:03:41.544,23179,23180,23178,2,-2
2024-07-03 15:03:41.544,23179,23180,23179,3,-3
2024-07-03 15:03:41.945,23178,23180,23180,1,1
2024-07-03 15:03:42.177,23178,23180,23178,2,-2
2024-07-03 15:03:42.466,23178,23180,23180,1,1
2024-07-03 15:03:42.466,23178,23180,23181,3,3
2024-07-03 15:03:44.338,23180,23181,23181,4,4
2024-07-03 15:03:44.338,23180,23181,23181,1,1
2024-07-03 15:03:45.806,23180,23182,23182,1,1
2024-07-03 15:03:46.044,23180,23182,23180,3,-3
2024-07-03 15:03:46.044,23180,23182,23179,2,-2
2024-07-03 15:03:47.189,23179,23182,23179,1,-1
2024-07-03 15:03:47.221,23179,23182,23179,1,-1
2024-07-03 15:03:48.351,23178,23180,23178,1,-1
2024-07-03 15:03:48.491,23178,23180,23179,1,-1
2024-07-03 15:03:49.187,23178,23179,23178,1,-1
2024-07-03 15:03:49.187,23178,23179,23178,4,-4
2024-07-03 15:03:49.187,23178,23179,23178,2,-2
2024-07-03 15:03:49.187,23178,23179,23178,1,-1
2024-07-03 15:03:49.187,23178,23179,23178,1,-1
2024-07-03 15:03:49.188,23178,23179,23178,1,-1
2024-07-03 15:03:49.430,23177,23178,23178,1,1
2024-07-03 15:03:51.781,23177,23178,23178,2,2
2024-07-03 15:03:51.888,23177,23178,23177,2,-2
2024-07-03 15:03:52.034,23177,23178,23178,1,1
2024-07-03 15:03:53.405,23177,23179,23177,2,-2
2024-07-03 15:03:55.421,23177,23178,23177,1,-1
2024-07-03 15:03:56.223,23177,23178,23177,4,-4
2024-07-03 15:03:56.223,23177,23178,23176,1,-1
2024-07-03 15:03:56.933,23175,23176,23175,3,-3
2024-07-03 15:03:58.416,23175,23176,23176,1,1
2024-07-03 15:03:58.607,23175,23176,23175,2,-2
2024-07-03 15:03:59.308,23175,23176,23175,1,-1
2024-07-03 15:04:00.061,23175,23176,23175,1,-1
2024-07-03 15:04:00.184,23175,23176,23176,7,7
2024-07-03 15:04:00.440,23175,23176,23176,1,1
2024-07-03 15:04:00.440,23175,23176,23176,1,1
2024-07-03 15:04:00.440,23175,23176,23176,1,1
2024-07-03 15:04:00.440,23175,23176,23176,1,1
2024-07-03 15:04:00.440,23175,23176,23176,1,1
2024-07-03 15:04:01.037,23176,23178,23176,1,-1
2024-07-03 15:04:01.396,23176,23178,23176,1,-1
2024-07-03 15:04:02.625,23176,23178,23178,1,1
2024-07-03 15:04:06.503,23177,23179,23179,1,1
2024-07-03 15:04:06.621,23178,23180,23180,1,1
2024-07-03 15:04:06.621,23178,23180,23180,2,2
2024-07-03 15:04:06.621,23178,23180,23180,1,1
2024-07-03 15:04:06.621,23178,23180,23180,2,2
2024-07-03 15:04:06.622,23178,23180,23180,2,2
2024-07-03 15:04:08.178,23179,23180,23180,1,1
2024-07-03 15:04:08.178,23179,23180,23180,1,1
2024-07-03 15:04:08.178,23179,23180,23180,1,1
2024-07-03 15:04:08.178,23179,23180,23180,9,9
2024-07-03 15:04:08.178,23179,23180,23180,2,2
2024-07-03 15:04:08.178,23179,23180,23180,2,2
2024-07-03 15:04:08.179,23179,23180,23180,1,1
2024-07-03 15:04:08.179,23179,23180,23180,1,1
2024-07-03 15:04:08.768,23179,23181,23181,1,1
2024-07-03 15:04:08.867,23179,23181,23180,1,1
2024-07-03 15:04:09.001,23179,23181,23181,1,1
2024-07-03 15:04:09.412,23179,23181,23181,2,2
2024-07-03 15:04:09.412,23179,23181,23182,1,1
2024-07-03 15:04:10.749,23180,23182,23180,3,-3
2024-07-03 15:04:11.540,23180,23182,23180,1,-1
2024-07-03 15:04:13.545,23180,23182,23180,1,-1
2024-07-03 15:04:14.846,23180,23182,23180,1,-1
2024-07-03 15:04:14.918,23179,23181,23179,6,-6
2024-07-03 15:04:14.918,23179,23181,23179,1,-1
2024-07-03 15:04:14.918,23179,23181,23179,4,-4
2024-07-03 15:04:14.918,23179,23181,23179,2,-2
2024-07-03 15:04:15.670,23178,23179,23179,1,1
2024-07-03 15:04:17.099,23178,23180,23180,1,1
2024-07-03 15:04:18.367,23178,23181,23178,7,-7
2024-07-03 15:04:18.837,23177,23178,23178,1,1
2024-07-03 15:04:18.955,23177,23178,23178,1,1
2024-07-03 15:04:19.044,23177,23178,23176,8,-8
2024-07-03 15:04:19.044,23177,23178,23177,2,-2
2024-07-03 15:04:20.118,23176,23178,23178,1,1
2024-07-03 15:04:21.931,23177,23179,23177,1,-1
2024-07-03 15:04:24.785,23178,23180,23180,1,1
2024-07-03 15:04:26.307,23178,23181,23181,1,1
2024-07-03 15:04:26.309,23178,23181,23181,1,1
2024-07-03 15:04:33.348,23179,23181,23181,1,1
2024-07-03 15:04:33.556,23179,23181,23181,3,3
2024-07-03 15:04:33.707,23180,23182,23182,2,2
2024-07-03 15:04:33.708,23180,23182,23182,5,5
2024-07-03 15:04:35.681,23182,23183,23183,4,4
2024-07-03 15:04:35.681,23182,23183,23183,1,1
2024-07-03 15:04:36.225,23183,23184,23184,3,3
2024-07-03 15:04:43.381,23182,23183,23183,1,1
2024-07-03 15:04:43.650,23182,23184,23184,1,1
2024-07-03 15:04:50.244,23182,23183,23183,2,2
2024-07-03 15:04:50.244,23182,23183,23184,2,2
2024-07-03 15:04:53.428,23182,23184,23184,1,1
2024-07-03 15:04:58.434,23182,23184,23184,1,1
2024-07-03 15:05:00.500,23183,23184,23184,1,1
2024-07-03 15:05:00.633,23184,23185,23183,3,-3
2024-07-03 15:05:00.633,23184,23185,23184,3,-3
2024-07-03 15:05:00.648,23184,23185,23183,3,-3
2024-07-03 15:05:00.648,23184,23185,23182,3,-3
2024-07-03 15:05:00.654,23184,23185,23184,1,-1
2024-07-03 15:05:00.673,23184,23185,23182,4,-4
2024-07-03 15:05:00.673,23184,23185,23181,2,-2
2024-07-03 15:05:00.802,23182,23185,23185,1,1
2024-07-03 15:05:00.822,23182,23185,23181,3,-3
2024-07-03 15:05:00.822,23182,23185,23182,3,-3
2024-07-03 15:05:00.922,23181,23184,23185,1,1
2024-07-03 15:05:00.922,23181,23184,23184,4,4
2024-07-03 15:05:01.126,23183,23185,23185,1,1
2024-07-03 15:05:01.160,23184,23185,23185,1,1
2024-07-03 15:05:06.608,23184,23185,23185,1,1
2024-07-03 15:05:08.999,23184,23185,23184,1,-1
2024-07-03 15:05:09.874,23183,23184,23184,1,1
2024-07-03 15:05:10.173,23181,23184,23184,3,3
2024-07-03 15:05:12.667,23182,23185,23182,2,-2
2024-07-03 15:05:12.667,23182,23185,23182,3,-3
2024-07-03 15:05:14.004,23182,23185,23182,5,-5
2024-07-03 15:05:18.166,23181,23182,23182,2,2
2024-07-03 15:05:19.759,23181,23182,23182,4,4
2024-07-03 15:05:21.225,23183,23184,23183,1,-1
2024-07-03 15:05:26.710,23183,23184,23183,1,-1
2024-07-03 15:05:27.312,23183,23184,23184,1,1
2024-07-03 15:05:27.722,23183,23185,23185,1,1
2024-07-03 15:05:28.943,23183,23185,23185,1,1
2024-07-03 15:05:29.608,23183,23185,23183,5,-5
2024-07-03 15:05:31.592,23183,23185,23183,2,-2
2024-07-03 15:05:31.592,23183,23185,23183,3,-3
2024-07-03 15:05:33.399,23182,23184,23182,5,-5
2024-07-03 15:05:34.446,23183,23184,23183,1,-1
2024-07-03 15:05:34.553,23183,23184,23183,1,-1
2024-07-03 15:05:34.553,23183,23184,23182,2,-2
2024-07-03 15:05:40.204,23181,23182,23182,3,3
2024-07-03 15:05:42.368,23183,23185,23183,1,-1
2024-07-03 15:05:46.291,23184,23185,23185,2,2
2024-07-03 15:05:46.291,23184,23185,23185,2,2
2024-07-03 15:05:46.291,23184,23185,23185,1,1
2024-07-03 15:05:46.291,23184,23185,23185,1,1
2024-07-03 15:05:46.291,23184,23185,23185,1,1
2024-07-03 15:05:46.291,23184,23185,23185,1,1
2024-07-03 15:05:47.357,23184,23185,23185,1,1
2024-07-03 15:05:47.647,23184,23185,23184,1,-1
2024-07-03 15:05:50.028,23184,23185,23184,1,-1
2024-07-03 15:05:51.633,23182,23185,23182,1,-1
2024-07-03 15:05:56.801,23182,23184,23182,1,-1
2024-07-03 15:05:59.829,23182,23184,23182,2,-2
2024-07-03 15:05:59.830,23182,23184,23182,2,-2
2024-07-03 15:06:00.187,23181,23183,23182,2,-2
2024-07-03 15:06:00.480,23181,23182,23181,2,-2
2024-07-03 15:06:00.481,23181,23182,23181,1,-1
2024-07-03 15:06:01.797,23180,23182,23181,1,-1
2024-07-03 15:06:02.938,23180,23181,23180,2,-2
2024-07-03 15:06:02.939,23180,23181,23180,1,-1
2024-07-03 15:06:04.636,23179,23182,23179,2,-2
2024-07-03 15:06:04.818,23179,23182,23182,1,1
2024-07-03 15:06:10.286,23180,23182,23183,1,1
2024-07-03 15:06:10.286,23180,23182,23182,2,2
2024-07-03 15:06:14.708,23182,23184,23182,1,-1
2024-07-03 15:06:20.189,23180,23181,23181,2,2
2024-07-03 15:06:20.866,23181,23183,23181,3,-3
2024-07-03 15:06:22.063,23180,23182,23180,3,-3
2024-07-03 15:06:23.520,23181,23182,23181,1,-1
2024-07-03 15:06:30.289,23180,23181,23181,1,1
2024-07-03 15:06:31.950,23181,23182,23182,3,3
2024-07-03 15:06:37.216,23181,23183,23183,3,3
2024-07-03 15:06:44.561,23181,23182,23181,1,-1
2024-07-03 15:06:44.928,23180,23182,23180,1,-1
2024-07-03 15:06:44.928,23180,23182,23180,1,-1
2024-07-03 15:06:46.182,23179,23180,23179,1,-1
2024-07-03 15:06:46.182,23179,23180,23178,3,-3
2024-07-03 15:06:46.182,23179,23180,23177,1,-1
2024-07-03 15:06:47.984,23177,23179,23177,2,-2
2024-07-03 15:06:49.190,23177,23179,23179,1,1
2024-07-03 15:06:49.443,23177,23179,23179,1,1
2024-07-03 15:06:49.444,23177,23179,23179,1,1
2024-07-03 15:06:54.142,23177,23180,23180,1,1
2024-07-03 15:06:54.474,23178,23180,23178,1,-1
2024-07-03 15:06:54.845,23178,23180,23178,1,-1
2024-07-03 15:07:00.076,23178,23180,23180,1,1
2024-07-03 15:07:00.313,23178,23180,23180,1,1
2024-07-03 15:07:00.313,23178,23180,23180,2,2
2024-07-03 15:07:00.313,23178,23180,23180,1,1
2024-07-03 15:07:03.598,23180,23182,23182,1,1
2024-07-03 15:07:10.499,23180,23181,23180,1,-1
2024-07-03 15:07:10.499,23180,23181,23180,2,-2
2024-07-03 15:07:10.499,23180,23181,23180,1,-1
2024-07-03 15:07:10.499,23180,23181,23180,1,-1
2024-07-03 15:07:13.204,23178,23179,23178,2,-2
2024-07-03 15:07:15.928,23178,23179,23178,3,-3
2024-07-03 15:07:17.496,23177,23179,23177,1,-1
2024-07-03 15:07:26.016,23177,23178,23177,2,-2
2024-07-03 15:07:26.017,23177,23178,23177,1,-1
2024-07-03 15:07:26.017,23177,23178,23177,1,-1
2024-07-03 15:07:26.017,23177,23178,23177,2,-2
2024-07-03 15:07:26.017,23177,23178,23177,1,-1
2024-07-03 15:07:26.017,23177,23178,23177,6,-6
2024-07-03 15:07:26.017,23177,23178,23177,2,-2
2024-07-03 15:07:26.018,23177,23178,23176,25,-25
2024-07-03 15:07:26.019,23177,23178,23175,1,-1
2024-07-03 15:07:26.133,23175,23176,23175,1,-1
2024-07-03 15:07:26.134,23175,23176,23175,1,-1
2024-07-03 15:07:26.134,23175,23176,23175,1,-1
2024-07-03 15:07:26.135,23175,23176,23175,6,-6
2024-07-03 15:07:26.169,23175,23176,23174,1,-1
2024-07-03 15:07:26.223,23175,23176,23174,1,-1
2024-07-03 15:07:26.228,23175,23176,23174,1,-1
2024-07-03 15:07:26.258,23174,23175,23174,1,-1
2024-07-03 15:07:26.332,23174,23175,23173,1,-1
2024-07-03 15:07:26.351,23174,23175,23173,1,-1
2024-07-03 15:07:26.582,23173,23174,23173,1,-1
2024-07-03 15:07:26.615,23173,23174,23173,2,-2
2024-07-03 15:07:26.628,23173,23174,23173,1,-1
2024-07-03 15:07:26.680,23173,23174,23173,1,-1
2024-07-03 15:07:26.681,23173,23174,23173,1,-1
2024-07-03 15:07:26.688,23173,23174,23173,1,-1
2024-07-03 15:07:26.690,23173,23174,23172,6,-6
2024-07-03 15:07:26.691,23173,23174,23172,2,-2
2024-07-03 15:07:26.691,23173,23174,23172,1,-1
2024-07-03 15:07:26.692,23173,23174,23172,2,-2
2024-07-03 15:07:26.692,23173,23174,23172,2,-2
2024-07-03 15:07:26.692,23173,23174,23172,1,-1
2024-07-03 15:07:26.692,23173,23174,23172,4,-4
2024-07-03 15:07:26.692,23173,23174,23172,1,-1
2024-07-03 15:07:26.699,23173,23174,23171,1,-1
2024-07-03 15:07:26.726,23173,23174,23171,1,-1
2024-07-03 15:07:26.762,23171,23172,23171,1,-1
2024-07-03 15:07:26.765,23171,23172,23172,3,3
2024-07-03 15:07:26.866,23171,23172,23171,1,-1
2024-07-03 15:07:26.875,23171,23172,23171,1,-1
2024-07-03 15:07:27.026,23171,23174,23173,1,1
2024-07-03 15:07:28.204,23172,23174,23172,1,-1
2024-07-03 15:07:32.864,23172,23174,23174,1,1
2024-07-03 15:07:32.906,23174,23175,23175,1,1
2024-07-03 15:07:33.083,23174,23177,23174,1,-1
2024-07-03 15:07:33.488,23174,23177,23174,3,-3
2024-07-03 15:07:33.755,23174,23177,23174,1,-1
2024-07-03 15:07:36.533,23175,23178,23176,1,-1
2024-07-03 15:07:37.432,23176,23178,23178,1,1
2024-07-03 15:07:37.432,23176,23178,23178,3,3
2024-07-03 15:07:40.189,23178,23179,23179,1,1
2024-07-03 15:07:40.554,23178,23179,23179,1,1
2024-07-03 15:07:40.740,23178,23179,23179,1,1
2024-07-03 15:07:41.064,23178,23179,23179,1,1
2024-07-03 15:07:41.064,23178,23179,23179,1,1
2024-07-03 15:07:41.065,23178,23179,23179,1,1
2024-07-03 15:07:41.219,23178,23180,23178,2,-2
2024-07-03 15:07:43.569,23177,23180,23177,1,-1
2024-07-03 15:07:44.752,23178,23179,23178,1,-1
2024-07-03 15:07:46.863,23177,23178,23177,1,-1
2024-07-03 15:07:49.689,23176,23177,23177,1,1
2024-07-03 15:07:52.841,23176,23178,23178,1,1
2024-07-03 15:07:53.408,23177,23178,23178,1,1
2024-07-03 15:07:54.272,23177,23180,23177,1,-1
2024-07-03 15:08:00.128,23177,23178,23177,3,-3
2024-07-03 15:08:00.128,23177,23178,23176,2,-2
2024-07-03 15:08:00.189,23176,23178,23178,2,2
2024-07-03 15:08:00.635,23176,23179,23176,5,-5
2024-07-03 15:08:00.670,23176,23179,23176,1,-1
2024-07-03 15:08:00.831,23176,23179,23176,1,-1
2024-07-03 15:08:04.419,23176,23177,23176,4,-4
2024-07-03 15:08:05.461,23174,23176,23176,3,3
2024-07-03 15:08:05.833,23174,23177,23174,1,-1
2024-07-03 15:08:07.067,23174,23177,23177,3,3
2024-07-03 15:08:08.566,23175,23178,23175,2,-2
2024-07-03 15:08:08.763,23175,23178,23178,3,3
2024-07-03 15:08:11.035,23176,23179,23179,2,2
2024-07-03 15:08:13.334,23176,23177,23177,1,1
2024-07-03 15:08:14.891,23176,23177,23176,1,-1
2024-07-03 15:08:15.361,23176,23177,23176,1,-1
2024-07-03 15:08:16.069,23175,23176,23176,1,1
2024-07-03 15:08:18.426,23175,23176,23176,2,2
2024-07-03 15:08:18.427,23175,23176,23176,3,3
2024-07-03 15:08:19.074,23176,23177,23177,2,2
2024-07-03 15:08:20.204,23177,23178,23178,2,2
2024-07-03 15:08:22.843,23177,23179,23177,1,-1
2024-07-03 15:08:35.775,23178,23179,23179,1,1
2024-07-03 15:08:35.775,23178,23179,23179,1,1
2024-07-03 15:08:35.818,23178,23179,23180,1,1
2024-07-03 15:08:35.818,23178,23179,23180,2,2
2024-07-03 15:08:37.772,23178,23180,23178,2,-2
2024-07-03 15:08:42.651,23178,23179,23179,1,1
2024-07-03 15:08:42.652,23178,23179,23179,1,1
2024-07-03 15:08:43.695,23178,23180,23180,1,1
2024-07-03 15:08:45.891,23179,23180,23180,1,1
2024-07-03 15:08:45.891,23179,23180,23180,3,3
2024-07-03 15:08:45.891,23179,23180,23180,1,1
2024-07-03 15:08:45.891,23179,23180,23180,3,3
2024-07-03 15:08:45.891,23179,23180,23180,10,10
2024-07-03 15:08:49.888,23180,23181,23180,1,-1
2024-07-03 15:08:50.740,23180,23181,23180,1,-1
2024-07-03 15:08:55.754,23178,23179,23179,1,1
2024-07-03 15:08:56.593,23179,23180,23180,3,3
2024-07-03 15:09:00.186,23180,23181,23181,2,2
2024-07-03 15:09:04.491,23180,23182,23182,1,1
2024-07-03 15:09:11.759,23180,23182,23182,1,1
2024-07-03 15:09:14.921,23181,23182,23182,1,1
2024-07-03 15:09:23.562,23180,23182,23180,1,-1
2024-07-03 15:09:23.687,23180,23182,23180,1,-1
2024-07-03 15:09:23.806,23180,23182,23180,1,-1
2024-07-03 15:09:24.144,23180,23181,23181,3,3
2024-07-03 15:09:24.839,23181,23182,23181,2,-2
2024-07-03 15:09:24.839,23181,23182,23180,1,-1
2024-07-03 15:09:24.839,23181,23182,23179,2,-2
2024-07-03 15:09:31.119,23178,23179,23178,1,-1
2024-07-03 15:09:34.569,23178,23179,23178,1,-1
2024-07-03 15:09:36.748,23178,23179,23179,1,1
2024-07-03 15:09:36.748,23178,23179,23180,1,1
2024-07-03 15:09:41.447,23178,23180,23178,1,-1
2024-07-03 15:09:43.098,23178,23180,23180,5,5
2024-07-03 15:09:51.403,23179,23180,23179,1,-1
2024-07-03 15:09:52.748,23178,23179,23179,1,1
2024-07-03 15:09:54.409,23178,23179,23178,3,-3
2024-07-03 15:09:58.879,23177,23179,23179,2,2
2024-07-03 15:10:00.201,23177,23179,23177,1,-1
2024-07-03 15:10:00.353,23177,23179,23177,1,-1
2024-07-03 15:10:09.740,23177,23179,23179,1,1
2024-07-03 15:10:09.740,23177,23179,23179,2,2
2024-07-03 15:10:12.249,23178,23179,23178,1,-1
2024-07-03 15:10:14.195,23178,23179,23179,1,1
2024-07-03 15:10:14.238,23178,23179,23180,1,1
2024-07-03 15:10:14.239,23178,23179,23180,3,3
2024-07-03 15:10:14.239,23178,23179,23180,3,3
2024-07-03 15:10:30.601,23179,23180,23180,1,1
2024-07-03 15:10:30.601,23179,23180,23180,1,1
2024-07-03 15:10:40.161,23179,23180,23180,3,3
2024-07-03 15:10:40.188,23179,23180,23180,7,7
2024-07-03 15:10:43.206,23180,23181,23181,1,1
2024-07-03 15:10:43.206,23180,23181,23181,1,1
2024-07-03 15:10:43.352,23181,23182,23182,3,3
2024-07-03 15:10:43.352,23181,23182,23182,1,1
2024-07-03 15:10:43.400,23181,23183,23181,1,-1
2024-07-03 15:10:43.481,23181,23183,23183,1,1
2024-07-03 15:10:43.512,23181,23183,23183,2,2
2024-07-03 15:10:43.512,23181,23183,23184,3,3
2024-07-03 15:10:49.586,23183,23184,23183,1,-1
2024-07-03 15:10:52.498,23183,23184,23184,1,1
2024-07-03 15:10:52.835,23183,23184,23183,4,-4
2024-07-03 15:10:52.887,23183,23184,23184,1,1
2024-07-03 15:10:53.982,23183,23184,23183,5,-5
2024-07-03 15:10:54.425,23183,23184,23183,4,-4
2024-07-03 15:10:56.983,23182,23183,23183,1,1
2024-07-03 15:10:56.983,23182,23183,23184,1,1
2024-07-03 15:11:01.985,23182,23184,23184,1,1
2024-07-03 15:11:02.582,23182,23184,23184,1,1
2024-07-03 15:11:12.367,23182,23183,23183,1,1
2024-07-03 15:11:12.367,23182,23183,23183,2,2
2024-07-03 15:11:12.367,23182,23183,23183,1,1
2024-07-03 15:11:13.785,23182,23183,23183,1,1
2024-07-03 15:11:14.065,23182,23183,23183,1,1
2024-07-03 15:11:14.405,23182,23184,23184,1,1
2024-07-03 15:11:14.974,23182,23184,23182,1,-1
2024-07-03 15:11:18.982,23182,23183,23182,1,-1
2024-07-03 15:11:20.194,23182,23183,23183,1,1
2024-07-03 15:11:21.049,23182,23183,23182,2,-2
2024-07-03 15:11:21.852,23181,23182,23182,1,1
2024-07-03 15:11:24.854,23182,23183,23182,1,-1
2024-07-03 15:11:25.532,23182,23183,23182,1,-1
2024-07-03 15:11:27.408,23182,23183,23183,5,5
2024-07-03 15:11:30.179,23182,23183,23183,2,2
2024-07-03 15:11:34.694,23183,23184,23184,3,3
2024-07-03 15:11:34.695,23183,23184,23184,1,1
2024-07-03 15:11:34.695,23183,23184,23184,4,4
2024-07-03 15:11:34.695,23183,23184,23184,1,1
2024-07-03 15:11:34.695,23183,23184,23184,3,3
2024-07-03 15:11:34.720,23183,23184,23184,1,1
2024-07-03 15:11:34.723,23183,23184,23184,1,1
2024-07-03 15:11:34.724,23183,23184,23184,1,1
2024-07-03 15:11:37.840,23184,23185,23185,11,11
2024-07-03 15:11:37.992,23185,23186,23186,1,1
2024-07-03 15:11:38.677,23185,23186,23185,4,-4
2024-07-03 15:11:42.493,23185,23186,23186,3,3
2024-07-03 15:11:42.493,23185,23186,23187,1,1
2024-07-03 15:11:44.066,23185,23186,23186,1,1
2024-07-03 15:11:44.212,23185,23186,23186,1,1
2024-07-03 15:11:47.610,23185,23186,23187,1,1
2024-07-03 15:11:47.610,23185,23186,23186,4,4
2024-07-03 15:11:50.788,23185,23187,23187,1,1
2024-07-03 15:11:51.003,23185,23187,23187,2,2
2024-07-03 15:11:54.715,23185,23187,23187,2,2
2024-07-03 15:11:55.085,23185,23187,23186,1,1
2024-07-03 15:11:55.526,23186,23187,23187,1,1
2024-07-03 15:11:55.526,23186,23187,23187,2,2
2024-07-03 15:11:55.526,23186,23187,23187,1,1
2024-07-03 15:11:55.527,23186,23187,23187,1,1
2024-07-03 15:11:57.264,23187,23188,23188,1,1
2024-07-03 15:11:57.547,23187,23188,23188,1,1
2024-07-03 15:11:57.874,23187,23188,23188,2,2
2024-07-03 15:12:00.086,23187,23188,23188,3,3
2024-07-03 15:12:00.128,23187,23188,23189,1,1
2024-07-03 15:12:00.128,23188,23189,23189,1,1
2024-07-03 15:12:00.128,23188,23189,23189,8,8
2024-07-03 15:12:00.129,23188,23189,23189,1,1
2024-07-03 15:12:00.245,23188,23189,23190,1,1
2024-07-03 15:12:00.246,23188,23189,23190,5,5
2024-07-03 15:12:00.409,23190,23191,23191,3,3
2024-07-03 15:12:00.423,23190,23191,23192,1,1
2024-07-03 15:12:00.571,23191,23192,23192,1,1
2024-07-03 15:12:00.572,23191,23192,23192,3,3
2024-07-03 15:12:00.572,23191,23192,23193,2,2
2024-07-03 15:12:00.572,23191,23192,23194,1,1
2024-07-03 15:12:00.579,23191,23192,23194,1,1
2024-07-03 15:12:00.580,23191,23192,23194,1,1
2024-07-03 15:12:00.581,23191,23192,23194,1,1
2024-07-03 15:12:00.591,23191,23192,23195,1,1
2024-07-03 15:12:00.609,23191,23192,23193,1,1
2024-07-03 15:12:00.664,23193,23195,23195,4,4
2024-07-03 15:12:00.665,23193,23195,23195,1,1
2024-07-03 15:12:03.611,23193,23195,23193,1,-1
2024-07-03 15:12:03.780,23193,23195,23193,1,-1
2024-07-03 15:12:03.780,23193,23195,23192,1,-1
2024-07-03 15:12:03.927,23192,23194,23192,2,-2
2024-07-03 15:12:05.396,23192,23193,23192,1,-1
2024-07-03 15:12:07.505,23192,23193,23193,2,2
2024-07-03 15:12:08.766,23193,23194,23193,1,-1
2024-07-03 15:12:10.024,23193,23194,23193,1,-1
2024-07-03 15:12:11.149,23193,23194,23194,1,1
2024-07-03 15:12:11.151,23193,23194,23195,1,1
2024-07-03 15:12:11.282,23193,23195,23193,1,-1
2024-07-03 15:12:11.637,23193,23195,23193,1,-1
2024-07-03 15:12:12.540,23193,23195,23193,1,-1
2024-07-03 15:12:12.756,23193,23195,23193,2,-2
2024-07-03 15:12:13.800,23193,23195,23193,1,-1
2024-07-03 15:12:14.625,23192,23194,23195,1,1
2024-07-03 15:12:14.625,23192,23194,23194,2,2
2024-07-03 15:12:15.270,23192,23195,23195,3,3
2024-07-03 15:12:15.547,23193,23195,23193,1,-1
2024-07-03 15:12:16.667,23192,23194,23192,3,-3
2024-07-03 15:12:18.774,23193,23194,23193,1,-1
2024-07-03 15:12:21.841,23191,23193,23191,1,-1
2024-07-03 15:12:22.686,23191,23193,23193,1,1
2024-07-03 15:12:23.380,23191,23193,23193,1,1
2024-07-03 15:12:25.520,23192,23194,23194,1,1
2024-07-03 15:12:25.749,23192,23194,23194,2,2
2024-07-03 15:12:25.750,23192,23194,23194,1,1
2024-07-03 15:12:29.216,23192,23194,23194,1,1
2024-07-03 15:12:29.216,23192,23194,23195,2,2
2024-07-03 15:12:30.660,23193,23195,23195,1,1
2024-07-03 15:12:33.296,23193,23195,23195,1,1
2024-07-03 15:12:33.911,23193,23195,23195,1,1
2024-07-03 15:12:34.537,23194,23195,23195,1,1
2024-07-03 15:12:37.550,23194,23195,23195,1,1
2024-07-03 15:12:39.984,23194,23195,23194,1,-1
2024-07-03 15:12:40.962,23194,23195,23195,1,1
2024-07-03 15:12:41.019,23195,23196,23196,2,2
2024-07-03 15:12:41.839,23195,23196,23195,1,-1
2024-07-03 15:12:44.221,23195,23196,23196,1,1
2024-07-03 15:12:45.587,23195,23196,23195,1,-1
2024-07-03 15:12:46.261,23195,23196,23196,3,3
2024-07-03 15:12:46.261,23195,23196,23196,4,4
2024-07-03 15:12:46.263,23195,23196,23197,1,1
2024-07-03 15:12:46.263,23195,23196,23197,2,2
2024-07-03 15:12:46.265,23195,23196,23198,1,1
2024-07-03 15:12:46.265,23195,23196,23198,1,1
2024-07-03 15:12:46.265,23195,23196,23198,4,4
2024-07-03 15:12:46.265,23195,23196,23198,3,3
2024-07-03 15:12:46.266,23195,23196,23198,1,1
2024-07-03 15:12:46.678,23197,23198,23197,1,-1
2024-07-03 15:12:46.907,23197,23198,23197,1,-1
2024-07-03 15:12:47.375,23197,23198,23198,2,2
2024-07-03 15:12:47.525,23197,23199,23197,1,-1
2024-07-03 15:12:48.783,23197,23199,23197,1,-1
2024-07-03 15:12:50.042,23197,23199,23197,1,-1
2024-07-03 15:12:50.909,23197,23198,23198,1,1
2024-07-03 15:12:52.669,23197,23198,23198,2,2
2024-07-03 15:12:52.921,23197,23198,23198,1,1
2024-07-03 15:12:53.534,23197,23198,23197,3,-3
2024-07-03 15:12:54.770,23197,23198,23197,1,-1
2024-07-03 15:12:55.348,23197,23198,23197,2,-2
2024-07-03 15:12:55.348,23197,23198,23197,3,-3
2024-07-03 15:12:57.947,23196,23197,23197,3,3
2024-07-03 15:12:57.948,23196,23197,23197,2,2
2024-07-03 15:12:58.173,23196,23198,23195,8,-8
2024-07-03 15:12:58.173,23196,23198,23196,4,-4
2024-07-03 15:12:58.176,23196,23198,23194,1,-1
2024-07-03 15:12:58.215,23196,23198,23194,1,-1
2024-07-03 15:12:58.681,23193,23195,23195,1,1
2024-07-03 15:12:58.727,23193,23195,23195,3,3
2024-07-03 15:13:00.197,23193,23195,23195,1,1
2024-07-03 15:13:00.393,23193,23195,23195,1,1
2024-07-03 15:13:00.396,23193,23195,23195,1,1
2024-07-03 15:13:00.407,23193,23195,23195,1,1
2024-07-03 15:13:04.879,23194,23195,23195,1,1
2024-07-03 15:13:04.879,23194,23195,23195,3,3
2024-07-03 15:13:04.879,23194,23195,23195,1,1
2024-07-03 15:13:04.879,23194,23195,23195,2,2
2024-07-03 15:13:05.322,23195,23196,23196,1,1
2024-07-03 15:13:07.906,23193,23195,23195,1,1
2024-07-03 15:13:10.193,23193,23194,23194,1,1
2024-07-03 15:13:10.983,23194,23195,23194,1,-1
2024-07-03 15:13:10.983,23194,23195,23193,6,-6
2024-07-03 15:13:11.768,23192,23193,23193,1,1
2024-07-03 15:13:11.874,23192,23193,23192,1,-1
2024-07-03 15:13:13.306,23192,23193,23192,1,-1
2024-07-03 15:13:16.177,23192,23193,23192,1,-1
2024-07-03 15:13:16.178,23192,23193,23192,4,-4
2024-07-03 15:13:17.621,23191,23193,23191,6,-6
2024-07-03 15:13:17.624,23191,23193,23190,1,-1
2024-07-03 15:13:17.624,23191,23193,23190,1,-1
2024-07-03 15:13:19.121,23189,23191,23189,1,-1
2024-07-03 15:13:19.179,23188,23191,23191,1,1
2024-07-03 15:13:20.420,23188,23191,23191,3,3
2024-07-03 15:13:25.049,23189,23191,23189,1,-1
2024-07-03 15:13:26.316,23186,23188,23187,1,-1
2024-07-03 15:13:30.373,23186,23188,23187,1,-1
2024-07-03 15:13:30.419,23186,23188,23186,1,-1
2024-07-03 15:13:31.305,23185,23187,23185,10,-10
2024-07-03 15:13:31.347,23185,23187,23185,1,-1
2024-07-03 15:13:31.347,23185,23187,23185,2,-2
2024-07-03 15:13:31.347,23185,23187,23185,1,-1
2024-07-03 15:13:31.397,23183,23186,23183,4,-4
2024-07-03 15:13:31.468,23183,23186,23184,2,-2
2024-07-03 15:13:32.295,23183,23185,23183,2,-2
2024-07-03 15:13:32.766,23183,23185,23183,3,-3
2024-07-03 15:13:33.392,23182,23183,23182,1,-1
2024-07-03 15:13:33.463,23182,23183,23182,1,-1
2024-07-03 15:13:33.464,23182,23183,23182,1,-1
2024-07-03 15:13:33.464,23182,23183,23182,1,-1
2024-07-03 15:13:34.176,23181,23183,23183,1,1
2024-07-03 15:13:34.177,23181,23183,23183,4,4
2024-07-03 15:13:35.670,23182,23183,23182,1,-1
2024-07-03 15:13:35.766,23181,23182,23182,1,1
2024-07-03 15:13:35.769,23181,23182,23182,1,1
2024-07-03 15:13:39.450,23181,23182,23182,1,1
2024-07-03 15:13:42.606,23182,23183,23183,2,2
2024-07-03 15:13:45.709,23182,23183,23182,2,-2
2024-07-03 15:13:45.709,23182,23183,23181,2,-2
2024-07-03 15:13:47.480,23181,23182,23182,1,1
2024-07-03 15:13:50.280,23181,23182,23182,1,1
2024-07-03 15:13:52.723,23181,23182,23182,1,1
2024-07-03 15:13:55.810,23181,23182,23182,1,1
2024-07-03 15:13:56.044,23181,23182,23182,1,1
2024-07-03 15:13:58.478,23181,23182,23181,2,-2
2024-07-03 15:13:59.724,23181,23182,23182,1,1
2024-07-03 15:14:02.829,23181,23182,23182,1,1
2024-07-03 15:14:03.049,23181,23182,23181,1,-1
2024-07-03 15:14:05.322,23181,23182,23182,1,1
2024-07-03 15:14:12.212,23181,23182,23181,1,-1
2024-07-03 15:14:13.751,23181,23182,23182,1,1
2024-07-03 15:14:13.777,23181,23183,23183,1,1
2024-07-03 15:14:13.777,23181,23183,23183,1,1
2024-07-03 15:14:13.777,23181,23183,23183,1,1
2024-07-03 15:14:13.778,23181,23183,23183,1,1
2024-07-03 15:14:13.778,23181,23183,23183,1,1
2024-07-03 15:14:13.819,23181,23183,23183,2,2
2024-07-03 15:14:13.819,23181,23183,23183,4,4
2024-07-03 15:14:13.819,23181,23183,23183,1,1
2024-07-03 15:14:13.819,23181,23183,23183,1,1
2024-07-03 15:14:14.306,23183,23184,23183,1,-1
2024-07-03 15:14:14.857,23183,23184,23185,4,4
2024-07-03 15:14:14.857,23183,23184,23184,1,1
2024-07-03 15:14:16.765,23186,23188,23186,1,-1
2024-07-03 15:14:19.181,23186,23188,23188,5,5
2024-07-03 15:14:20.844,23187,23189,23189,2,2
2024-07-03 15:14:20.879,23187,23190,23187,1,-1
2024-07-03 15:14:23.296,23186,23188,23188,1,1
2024-07-03 15:14:28.378,23186,23188,23188,1,1
2024-07-03 15:14:36.073,23186,23188,23187,3,3
2024-07-03 15:14:46.696,23187,23188,23188,2,2
2024-07-03 15:14:46.811,23187,23188,23188,1,1
2024-07-03 15:14:46.811,23187,23188,23188,1,1
2024-07-03 15:14:49.892,23188,23189,23189,2,2
2024-07-03 15:14:49.892,23188,23189,23190,2,2
2024-07-03 15:14:49.892,23188,23189,23191,1,1
2024-07-03 15:14:50.721,23189,23191,23191,1,1
2024-07-03 15:14:51.778,23188,23190,23190,1,1
2024-07-03 15:14:53.183,23189,23190,23190,1,1
2024-07-03 15:14:57.492,23191,23193,23191,1,-1
2024-07-03 15:14:57.739,23191,23192,23191,11,-11
2024-07-03 15:14:57.740,23191,23192,23190,1,-1
2024-07-03 15:14:59.353,23190,23191,23191,2,2
2024-07-03 15:15:02.302,23191,23192,23191,1,-1
2024-07-03 15:15:02.865,23191,23192,23192,1,1
2024-07-03 15:15:03.200,23191,23192,23192,1,1
2024-07-03 15:15:06.302,23191,23192,23192,1,1
2024-07-03 15:15:07.521,23191,23192,23191,1,-1
2024-07-03 15:15:07.521,23191,23192,23191,1,-1
2024-07-03 15:15:07.523,23191,23192,23191,2,-2
2024-07-03 15:15:09.265,23191,23192,23192,1,1
2024-07-03 15:15:10.512,23191,23193,23193,1,1
2024-07-03 15:15:11.936,23191,23193,23193,5,5
2024-07-03 15:15:14.915,23192,23194,23194,5,5
2024-07-03 15:15:15.090,23193,23195,23195,2,2
2024-07-03 15:15:16.595,23194,23196,23194,1,-1
2024-07-03 15:15:17.848,23194,23196,23196,1,1
2024-07-03 15:15:18.338,23195,23197,23197,1,1
2024-07-03 15:15:18.477,23195,23197,23197,1,1
2024-07-03 15:15:19.361,23195,23197,23197,1,1
2024-07-03 15:15:19.362,23195,23197,23197,4,4
2024-07-03 15:15:19.362,23195,23197,23197,7,7
2024-07-03 15:15:19.808,23197,23198,23197,1,-1
2024-07-03 15:15:20.068,23196,23198,23198,1,1
2024-07-03 15:15:20.774,23196,23198,23198,1,1
2024-07-03 15:15:21.072,23196,23198,23198,1,1
2024-07-03 15:15:21.266,23196,23198,23198,1,1
2024-07-03 15:15:21.662,23196,23198,23198,1,1
2024-07-03 15:15:22.955,23196,23197,23197,1,1
2024-07-03 15:15:23.250,23196,23197,23196,1,-1
2024-07-03 15:15:23.250,23196,23197,23196,4,-4
2024-07-03 15:15:24.194,23195,23196,23195,5,-5
2024-07-03 15:15:24.839,23194,23195,23194,1,-1
2024-07-03 15:15:24.840,23194,23195,23194,5,-5
2024-07-03 15:15:24.906,23193,23194,23194,1,1
2024-07-03 15:15:26.600,23192,23194,23194,2,2
2024-07-03 15:15:28.423,23194,23196,23196,4,4
2024-07-03 15:15:30.450,23194,23196,23193,7,-7
2024-07-03 15:15:30.450,23194,23196,23194,1,-1
2024-07-03 15:15:31.467,23192,23194,23194,3,3
2024-07-03 15:15:31.467,23192,23194,23195,1,1
2024-07-03 15:15:32.129,23192,23194,23194,1,1
2024-07-03 15:15:33.222,23192,23194,23192,1,-1
2024-07-03 15:15:34.441,23192,23194,23194,1,1
2024-07-03 15:15:34.812,23192,23195,23192,1,-1
2024-07-03 15:15:37.369,23194,23195,23195,4,4
2024-07-03 15:15:40.264,23194,23196,23196,3,3
2024-07-03 15:15:40.264,23194,23196,23197,1,1
2024-07-03 15:15:41.784,23195,23197,23195,2,-2
2024-07-03 15:15:43.330,23194,23195,23195,1,1
2024-07-03 15:15:44.725,23194,23195,23194,2,-2
2024-07-03 15:15:52.759,23192,23194,23194,1,1
2024-07-03 15:15:52.770,23192,23194,23194,1,1
2024-07-03 15:15:53.200,23194,23195,23195,1,1
2024-07-03 15:15:54.214,23194,23196,23194,1,-1
2024-07-03 15:15:55.927,23195,23196,23196,3,3
2024-07-03 15:15:59.930,23195,23197,23195,5,-5
2024-07-03 15:16:00.509,23194,23197,23194,5,-5
2024-07-03 15:16:02.219,23193,23195,23193,4,-4
2024-07-03 15:16:02.241,23193,23195,23193,1,-1
2024-07-03 15:16:02.257,23192,23193,23192,7,-7
2024-07-03 15:16:03.673,23191,23193,23193,2,2
2024-07-03 15:16:03.848,23191,23194,23191,2,-2
2024-07-03 15:16:12.376,23191,23192,23191,3,-3
2024-07-03 15:16:12.733,23190,23191,23190,6,-6
2024-07-03 15:16:14.654,23190,23191,23189,3,-3
2024-07-03 15:16:14.654,23190,23191,23188,15,-15
2024-07-03 15:16:14.654,23190,23191,23190,7,-7
2024-07-03 15:16:14.758,23187,23189,23187,1,-1
2024-07-03 15:16:14.855,23187,23189,23186,1,-1
2024-07-03 15:16:15.421,23187,23188,23188,1,1
2024-07-03 15:16:15.996,23187,23188,23188,1,1
2024-07-03 15:16:15.996,23187,23188,23188,1,1
2024-07-03 15:16:18.351,23188,23189,23188,1,-1
2024-07-03 15:16:18.495,23187,23189,23187,2,-2
2024-07-03 15:16:18.495,23187,23189,23186,1,-1
2024-07-03 15:16:19.614,23186,23189,23189,3,3
2024-07-03 15:16:19.639,23187,23190,23190,1,1
2024-07-03 15:16:22.147,23189,23190,23190,1,1
2024-07-03 15:16:22.460,23189,23191,23191,3,3
2024-07-03 15:16:22.482,23189,23191,23191,1,1
2024-07-03 15:16:27.068,23192,23194,23194,2,2
2024-07-03 15:16:29.153,23192,23195,23195,13,13
2024-07-03 15:16:29.830,23195,23196,23195,1,-1
2024-07-03 15:16:29.830,23195,23196,23195,1,-1
2024-07-03 15:16:31.145,23192,23194,23194,1,1
2024-07-03 15:16:38.053,23193,23194,23194,3,3
2024-07-03 15:16:38.239,23193,23195,23195,1,1
2024-07-03 15:16:42.276,23194,23196,23195,1,1
2024-07-03 15:16:44.455,23194,23196,23194,1,-1
2024-07-03 15:16:45.667,23194,23196,23194,5,-5
2024-07-03 15:16:50.206,23195,23196,23195,2,-2
2024-07-03 15:16:53.065,23194,23195,23195,2,2
2024-07-03 15:16:53.533,23194,23195,23194,3,-3
2024-07-03 15:16:53.534,23194,23195,23194,1,-1
2024-07-03 15:16:53.874,23193,23194,23194,1,1
2024-07-03 15:16:54.627,23194,23196,23194,1,-1
2024-07-03 15:16:54.752,23194,23196,23194,2,-2
2024-07-03 15:16:54.774,23193,23194,23194,2,2
2024-07-03 15:16:54.856,23193,23194,23196,1,1
2024-07-03 15:16:56.558,23194,23196,23194,4,-4
2024-07-03 15:17:00.472,23195,23196,23196,1,1
2024-07-03 15:17:03.429,23195,23196,23195,3,-3
2024-07-03 15:17:04.379,23194,23195,23195,1,1
2024-07-03 15:17:04.816,23194,23196,23194,7,-7
2024-07-03 15:17:06.858,23193,23194,23194,1,1
2024-07-03 15:17:07.310,23193,23194,23194,1,1
2024-07-03 15:17:07.712,23193,23194,23194,13,13
2024-07-03 15:17:07.713,23193,23194,23195,3,3
2024-07-03 15:17:09.272,23195,23196,23196,1,1
2024-07-03 15:17:09.272,23195,23196,23196,1,1
2024-07-03 15:17:10.534,23195,23197,23196,1,1
2024-07-03 15:17:10.965,23195,23196,23195,3,-3
2024-07-03 15:17:17.700,23195,23196,23196,1,1
2024-07-03 15:17:17.700,23195,23196,23196,2,2
2024-07-03 15:17:22.274,23195,23197,23197,1,1
2024-07-03 15:17:25.673,23196,23197,23197,3,3
2024-07-03 15:17:26.201,23196,23198,23198,2,2
2024-07-03 15:17:26.201,23196,23198,23199,15,15
2024-07-03 15:17:26.202,23196,23198,23199,1,1
2024-07-03 15:17:26.202,23196,23198,23199,6,6
2024-07-03 15:17:26.202,23196,23198,23199,2,2
2024-07-03 15:17:26.204,23196,23198,23200,2,2
2024-07-03 15:17:26.204,23196,23198,23200,1,1
2024-07-03 15:17:26.269,23199,23200,23200,1,1
2024-07-03 15:17:26.269,23199,23200,23200,1,1
2024-07-03 15:17:26.269,23199,23200,23200,1,1
2024-07-03 15:17:27.048,23198,23200,23198,1,-1
2024-07-03 15:17:27.048,23198,23200,23197,2,-2
2024-07-03 15:17:27.392,23197,23199,23198,1,-1
2024-07-03 15:17:29.025,23199,23200,23199,1,-1
2024-07-03 15:17:37.008,23198,23199,23198,1,-1
2024-07-03 15:17:37.014,23198,23199,23199,2,2
2024-07-03 15:17:38.702,23198,23199,23199,1,1
2024-07-03 15:17:41.657,23198,23199,23199,1,1
2024-07-03 15:17:46.281,23199,23200,23199,1,-1
2024-07-03 15:17:49.115,23198,23199,23199,1,1
2024-07-03 15:17:49.137,23198,23199,23199,1,1
2024-07-03 15:17:49.462,23198,23199,23199,1,1
2024-07-03 15:17:50.744,23198,23199,23199,1,1
2024-07-03 15:17:52.598,23198,23200,23200,6,6
2024-07-03 15:17:52.599,23198,23200,23200,1,1
2024-07-03 15:17:52.599,23198,23200,23200,3,3
2024-07-03 15:17:52.599,23198,23200,23200,7,7
2024-07-03 15:17:52.631,23200,23201,23200,1,-1
2024-07-03 15:17:53.234,23200,23201,23200,1,-1
2024-07-03 15:17:55.951,23200,23201,23200,5,-5
2024-07-03 15:17:59.730,23199,23200,23199,1,-1
2024-07-03 15:18:03.181,23199,23200,23199,1,-1
2024-07-03 15:18:03.673,23199,23200,23199,1,-1
2024-07-03 15:18:03.673,23199,23200,23199,2,-2
2024-07-03 15:18:03.673,23199,23200,23199,1,-1
2024-07-03 15:18:03.709,23199,23200,23199,1,-1
2024-07-03 15:18:03.906,23198,23199,23199,1,1
2024-07-03 15:18:04.072,23198,23199,23199,1,1
2024-07-03 15:18:04.132,23198,23200,23200,1,1
2024-07-03 15:18:04.352,23198,23200,23200,1,1
2024-07-03 15:18:04.541,23198,23200,23200,1,1
2024-07-03 15:18:04.809,23199,23200,23200,1,1
2024-07-03 15:18:04.949,23199,23200,23200,1,1
2024-07-03 15:18:04.949,23199,23200,23200,1,1
2024-07-03 15:18:05.069,23199,23201,23201,1,1
2024-07-03 15:18:05.261,23200,23201,23201,1,1
2024-07-03 15:18:05.504,23200,23201,23201,1,1
2024-07-03 15:18:05.706,23200,23202,23202,1,1
2024-07-03 15:18:05.931,23200,23202,23202,1,1
2024-07-03 15:18:06.142,23200,23202,23202,1,1
2024-07-03 15:18:06.354,23200,23202,23202,1,1
2024-07-03 15:18:06.605,23200,23202,23202,1,1
2024-07-03 15:18:06.796,23200,23202,23202,1,1
2024-07-03 15:18:07.003,23200,23202,23202,1,1
2024-07-03 15:18:07.132,23201,23202,23202,1,1
2024-07-03 15:18:07.192,23201,23202,23203,1,1
2024-07-03 15:18:07.422,23202,23203,23203,1,1
2024-07-03 15:18:07.628,23202,23203,23203,1,1
2024-07-03 15:18:07.713,23202,23203,23203,3,3
2024-07-03 15:18:07.714,23202,23203,23203,5,5
2024-07-03 15:18:07.714,23202,23203,23203,2,2
2024-07-03 15:18:07.714,23202,23203,23203,1,1
2024-07-03 15:18:07.714,23202,23203,23203,1,1
2024-07-03 15:18:07.842,23203,23204,23204,1,1
2024-07-03 15:18:08.886,23203,23204,23204,3,3
2024-07-03 15:18:08.897,23203,23204,23203,1,-1
2024-07-03 15:18:09.864,23203,23204,23204,2,2
2024-07-03 15:18:09.864,23203,23204,23204,4,4
2024-07-03 15:18:09.864,23203,23204,23204,2,2
2024-07-03 15:18:10.182,23204,23205,23205,1,1
2024-07-03 15:18:10.183,23204,23205,23205,2,2
2024-07-03 15:18:10.183,23204,23205,23205,2,2
2024-07-03 15:18:10.183,23204,23205,23205,1,1
2024-07-03 15:18:10.183,23204,23205,23205,2,2
2024-07-03 15:18:10.183,23204,23205,23205,4,4
2024-07-03 15:18:11.126,23205,23206,23205,1,-1
2024-07-03 15:18:11.445,23205,23206,23206,1,1
2024-07-03 15:18:11.515,23205,23206,23205,1,-1
2024-07-03 15:18:11.595,23205,23206,23206,6,6
2024-07-03 15:18:13.948,23205,23206,23206,1,1
2024-07-03 15:18:13.948,23205,23206,23207,3,3
2024-07-03 15:18:14.067,23205,23207,23207,2,2
2024-07-03 15:18:14.067,23205,23207,23208,12,12
2024-07-03 15:18:14.068,23205,23207,23208,1,1
2024-07-03 15:18:14.069,23205,23207,23209,1,1
2024-07-03 15:18:14.156,23208,23209,23209,1,1
2024-07-03 15:18:14.157,23208,23209,23209,1,1
2024-07-03 15:18:14.163,23208,23209,23209,1,1
2024-07-03 15:18:14.165,23208,23209,23209,1,1
2024-07-03 15:18:14.166,23208,23209,23209,1,1
2024-07-03 15:18:14.177,23208,23209,23209,1,1
2024-07-03 15:18:14.177,23208,23209,23209,1,1
2024-07-03 15:18:14.177,23208,23209,23209,1,1
2024-07-03 15:18:14.178,23208,23209,23209,1,1
2024-07-03 15:18:14.178,23208,23209,23209,1,1
2024-07-03 15:18:14.195,23208,23209,23210,1,1
2024-07-03 15:18:14.198,23208,23209,23210,1,1
2024-07-03 15:18:14.200,23208,23209,23210,1,1
2024-07-03 15:18:14.201,23208,23209,23210,2,2
2024-07-03 15:18:14.201,23208,23209,23210,1,1
2024-07-03 15:18:14.201,23208,23209,23210,1,1
2024-07-03 15:18:14.201,23208,23209,23210,1,1
2024-07-03 15:18:14.201,23208,23209,23210,2,2
2024-07-03 15:18:14.201,23208,23209,23210,1,1
2024-07-03 15:18:14.201,23208,23209,23210,1,1
2024-07-03 15:18:14.201,23208,23209,23210,1,1
2024-07-03 15:18:14.201,23208,23209,23210,1,1
2024-07-03 15:18:14.202,23208,23209,23210,3,3
2024-07-03 15:18:14.208,23208,23209,23210,1,1
2024-07-03 15:18:14.208,23208,23209,23210,1,1
2024-07-03 15:18:14.209,23208,23209,23211,1,1
2024-07-03 15:18:14.209,23208,23209,23210,2,2
2024-07-03 15:18:14.237,23208,23209,23211,1,1
2024-07-03 15:18:14.238,23208,23209,23211,1,1
2024-07-03 15:18:14.246,23208,23209,23211,1,1
2024-07-03 15:18:14.246,23208,23209,23211,1,1
2024-07-03 15:18:14.246,23208,23209,23211,1,1
2024-07-03 15:18:14.251,23208,23209,23212,1,1
2024-07-03 15:18:14.251,23208,23209,23212,1,1
2024-07-03 15:18:14.254,23211,23212,23212,1,1
2024-07-03 15:18:14.260,23211,23212,23212,1,1
2024-07-03 15:18:14.261,23211,23212,23212,5,5
2024-07-03 15:18:14.261,23211,23212,23212,1,1
2024-07-03 15:18:14.261,23211,23212,23212,1,1
2024-07-03 15:18:14.265,23211,23212,23213,1,1
2024-07-03 15:18:14.274,23211,23212,23213,1,1
2024-07-03 15:18:14.277,23211,23212,23213,1,1
2024-07-03 15:18:14.302,23211,23212,23213,1,1
2024-07-03 15:18:14.331,23211,23212,23213,1,1
2024-07-03 15:18:14.332,23211,23212,23214,3,3
2024-07-03 15:18:14.333,23211,23212,23214,2,2
2024-07-03 15:18:14.337,23211,23212,23215,2,2
2024-07-03 15:18:14.343,23211,23212,23215,1,1
2024-07-03 15:18:14.348,23211,23212,23215,1,1
2024-07-03 15:18:14.398,23214,23215,23215,1,1
2024-07-03 15:18:14.407,23214,23215,23216,1,1
2024-07-03 15:18:14.414,23214,23215,23216,1,1
2024-07-03 15:18:14.421,23214,23215,23216,3,3
2024-07-03 15:18:14.428,23214,23215,23218,1,1
2024-07-03 15:18:14.428,23214,23215,23217,6,6
2024-07-03 15:18:14.431,23214,23215,23218,1,1
2024-07-03 15:18:14.434,23214,23215,23218,1,1
2024-07-03 15:18:14.442,23214,23215,23218,2,2
2024-07-03 15:18:14.445,23214,23215,23218,1,1
2024-07-03 15:18:14.446,23214,23215,23218,1,1
2024-07-03 15:18:14.452,23214,23215,23217,1,1
2024-07-03 15:18:14.457,23214,23215,23219,1,1
2024-07-03 15:18:14.471,23214,23215,23218,2,2
2024-07-03 15:18:14.514,23217,23219,23219,1,1
2024-07-03 15:18:14.515,23217,23219,23217,6,-6
2024-07-03 15:18:14.516,23217,23219,23216,5,-5
2024-07-03 15:18:14.516,23217,23219,23216,1,-1
2024-07-03 15:18:14.517,23217,23219,23215,1,-1
2024-07-03 15:18:14.551,23217,23219,23216,3,-3
2024-07-03 15:18:14.562,23217,23219,23215,1,-1
2024-07-03 15:18:14.609,23217,23219,23214,1,-1
2024-07-03 15:18:14.649,23214,23216,23216,1,1
2024-07-03 15:18:14.651,23214,23216,23216,1,1
2024-07-03 15:18:14.794,23213,23216,23216,2,2
2024-07-03 15:18:14.794,23213,23216,23215,1,1
2024-07-03 15:18:14.828,23213,23216,23216,1,1
2024-07-03 15:18:14.859,23213,23216,23213,2,-2
2024-07-03 15:18:14.868,23213,23216,23216,1,1
2024-07-03 15:18:15.091,23213,23216,23213,3,-3
2024-07-03 15:18:15.285,23212,23215,23212,1,-1
2024-07-03 15:18:15.296,23212,23215,23212,1,-1
2024-07-03 15:18:15.735,23212,23214,23212,1,-1
2024-07-03 15:18:16.266,23211,23213,23211,1,-1
2024-07-03 15:18:16.496,23211,23213,23211,1,-1
2024-07-03 15:18:16.563,23210,23213,23211,1,-1
2024-07-03 15:18:16.563,23210,23213,23210,2,-2
2024-07-03 15:18:16.574,23210,23213,23210,1,-1
2024-07-03 15:18:17.031,23209,23212,23209,2,-2
2024-07-03 15:18:17.521,23209,23211,23209,1,-1
2024-07-03 15:18:18.240,23209,23211,23211,2,2
2024-07-03 15:18:18.258,23209,23211,23211,1,1
2024-07-03 15:18:18.259,23209,23211,23210,1,1
2024-07-03 15:18:20.126,23210,23212,23210,1,-1
2024-07-03 15:18:22.051,23210,23212,23212,1,1
2024-07-03 15:18:22.549,23211,23212,23211,1,-1
2024-07-03 15:18:23.033,23210,23212,23210,4,-4
2024-07-03 15:18:23.905,23210,23212,23212,1,1
2024-07-03 15:18:24.407,23210,23212,23212,1,1
2024-07-03 15:18:25.264,23211,23212,23212,1,1
2024-07-03 15:18:26.042,23210,23212,23210,1,-1
2024-07-03 15:18:26.402,23210,23212,23212,3,3
2024-07-03 15:18:29.127,23211,23213,23213,4,4
2024-07-03 15:18:29.132,23211,23213,23213,1,1
2024-07-03 15:18:29.132,23211,23213,23213,1,1
2024-07-03 15:18:29.133,23211,23213,23213,1,1
2024-07-03 15:18:29.135,23211,23213,23214,1,1
2024-07-03 15:18:31.531,23212,23214,23214,1,1
2024-07-03 15:18:31.883,23213,23214,23214,2,2
2024-07-03 15:18:32.184,23214,23216,23214,1,-1
2024-07-03 15:18:33.125,23214,23216,23216,2,2
2024-07-03 15:18:33.451,23214,23216,23215,1,1
2024-07-03 15:18:33.511,23214,23216,23215,1,1
2024-07-03 15:18:34.912,23215,23216,23215,1,-1
2024-07-03 15:18:34.912,23215,23216,23215,2,-2
2024-07-03 15:18:34.913,23215,23216,23215,1,-1
2024-07-03 15:18:35.042,23214,23216,23215,1,-1
2024-07-03 15:18:35.481,23214,23216,23215,1,-1
2024-07-03 15:18:36.970,23215,23216,23215,2,-2
2024-07-03 15:18:37.006,23214,23216,23216,1,1
2024-07-03 15:18:37.007,23214,23216,23216,1,1
2024-07-03 15:18:37.007,23214,23216,23216,1,1
2024-07-03 15:18:37.008,23214,23216,23215,1,1
2024-07-03 15:18:37.273,23215,23217,23215,1,-1
2024-07-03 15:18:37.778,23214,23216,23216,1,1
2024-07-03 15:18:37.778,23214,23216,23217,1,1
2024-07-03 15:18:37.909,23214,23217,23216,1,1
2024-07-03 15:18:37.933,23214,23217,23214,1,-1
2024-07-03 15:18:38.011,23214,23216,23216,3,3
2024-07-03 15:18:38.232,23214,23216,23216,1,1
2024-07-03 15:18:38.733,23214,23217,23217,1,1
2024-07-03 15:18:39.072,23215,23217,23217,6,6
2024-07-03 15:18:39.340,23217,23218,23217,1,-1
2024-07-03 15:18:39.741,23217,23218,23218,2,2
2024-07-03 15:18:39.772,23217,23218,23218,4,4
2024-07-03 15:18:40.003,23217,23218,23217,3,-3
2024-07-03 15:18:40.267,23215,23217,23217,1,1
2024-07-03 15:18:40.964,23215,23217,23217,1,1
2024-07-03 15:18:41.303,23217,23218,23217,2,-2
2024-07-03 15:18:41.974,23215,23218,23217,1,1
2024-07-03 15:18:41.996,23215,23218,23217,1,1
2024-07-03 15:18:43.697,23215,23216,23216,2,2
2024-07-03 15:18:45.231,23215,23216,23216,3,3
2024-07-03 15:18:45.231,23215,23216,23217,2,2
2024-07-03 15:18:46.708,23215,23217,23217,2,2
2024-07-03 15:18:46.757,23215,23217,23217,1,1
2024-07-03 15:18:46.757,23215,23217,23217,1,1
2024-07-03 15:18:47.050,23215,23217,23217,1,1
2024-07-03 15:18:47.050,23215,23217,23218,4,4
2024-07-03 15:18:47.339,23215,23217,23217,3,3
2024-07-03 15:18:48.368,23215,23218,23218,1,1
2024-07-03 15:18:48.861,23215,23217,23218,2,2
2024-07-03 15:18:48.861,23215,23217,23217,2,2
2024-07-03 15:18:51.033,23217,23218,23217,1,-1
2024-07-03 15:18:52.220,23217,23218,23217,4,-4
2024-07-03 15:18:53.383,23217,23218,23218,2,2
2024-07-03 15:18:53.981,23217,23218,23218,3,3
2024-07-03 15:18:56.896,23217,23218,23218,3,3
2024-07-03 15:18:57.238,23217,23218,23217,1,-1
2024-07-03 15:18:57.763,23216,23218,23216,1,-1
2024-07-03 15:18:58.079,23216,23218,23218,1,1
2024-07-03 15:18:58.855,23215,23217,23217,2,2
2024-07-03 15:19:03.918,23215,23216,23216,1,1
2024-07-03 15:19:04.053,23215,23216,23216,1,1
2024-07-03 15:19:04.054,23215,23216,23216,1,1
2024-07-03 15:19:04.057,23215,23216,23215,15,-15
2024-07-03 15:19:04.058,23215,23216,23214,3,-3
2024-07-03 15:19:04.872,23214,23215,23215,2,2
2024-07-03 15:19:04.873,23214,23215,23215,2,2
2024-07-03 15:19:05.609,23214,23215,23215,2,2
2024-07-03 15:19:05.609,23214,23215,23215,1,1
2024-07-03 15:19:05.961,23214,23215,23214,1,-1
2024-07-03 15:19:06.039,23214,23215,23215,1,1
2024-07-03 15:19:07.036,23214,23215,23214,1,-1
2024-07-03 15:19:07.951,23214,23215,23215,1,1
2024-07-03 15:19:09.581,23214,23215,23214,1,-1
2024-07-03 15:19:17.838,23214,23215,23214,1,-1
2024-07-03 15:19:17.962,23214,23215,23214,1,-1
2024-07-03 15:19:18.039,23214,23215,23214,1,-1
2024-07-03 15:19:19.188,23214,23215,23215,2,2
2024-07-03 15:19:20.337,23214,23215,23215,2,2
2024-07-03 15:19:21.691,23214,23215,23215,1,1
2024-07-03 15:19:23.961,23214,23215,23214,1,-1
2024-07-03 15:19:29.397,23214,23215,23214,1,-1
2024-07-03 15:19:30.011,23214,23215,23214,1,-1
2024-07-03 15:19:31.495,23213,23215,23214,1,-1
2024-07-03 15:19:32.019,23214,23215,23214,1,-1
2024-07-03 15:19:32.021,23214,23215,23213,1,-1
2024-07-03 15:19:32.046,23214,23215,23214,4,-4
2024-07-03 15:19:34.041,23212,23214,23214,1,1
2024-07-03 15:19:36.561,23212,23213,23213,2,2
2024-07-03 15:19:37.006,23213,23214,23214,1,1
2024-07-03 15:19:39.091,23213,23214,23214,1,1
2024-07-03 15:19:40.014,23213,23214,23213,1,-1
2024-07-03 15:19:42.087,23213,23214,23214,2,2
2024-07-03 15:19:48.240,23213,23214,23214,1,1
2024-07-03 15:19:50.609,23213,23214,23213,1,-1
2024-07-03 15:19:52.256,23213,23214,23214,5,5
2024-07-03 15:19:52.256,23213,23214,23214,1,1
2024-07-03 15:19:52.587,23214,23215,23215,1,1
2024-07-03 15:19:52.587,23214,23215,23215,4,4
2024-07-03 15:19:52.587,23214,23215,23215,1,1
2024-07-03 15:19:52.587,23214,23215,23215,4,4
2024-07-03 15:19:52.588,23214,23215,23216,1,1
2024-07-03 15:19:53.302,23217,23218,23217,1,-1
2024-07-03 15:19:53.845,23216,23217,23216,1,-1
2024-07-03 15:19:53.845,23216,23217,23215,1,-1
2024-07-03 15:19:55.960,23215,23217,23215,1,-1
2024-07-03 15:19:56.905,23215,23217,23215,1,-1
2024-07-03 15:19:57.614,23215,23217,23217,1,1
2024-07-03 15:19:57.904,23215,23218,23218,1,1
2024-07-03 15:19:58.030,23216,23218,23218,2,2
2024-07-03 15:19:58.472,23216,23218,23218,1,1
2024-07-03 15:19:58.638,23216,23218,23218,1,1
2024-07-03 15:19:59.431,23216,23218,23218,2,2
2024-07-03 15:20:00.149,23217,23218,23217,1,-1
2024-07-03 15:20:00.628,23216,23218,23218,1,1
2024-07-03 15:20:00.677,23216,23218,23218,1,1
2024-07-03 15:20:00.756,23216,23218,23218,1,1
2024-07-03 15:20:00.787,23216,23218,23218,1,1
2024-07-03 15:20:01.132,23217,23218,23218,1,1
2024-07-03 15:20:01.133,23217,23218,23218,4,4
2024-07-03 15:20:02.021,23218,23219,23218,1,-1
2024-07-03 15:20:02.374,23218,23219,23219,2,2
2024-07-03 15:20:02.949,23218,23219,23219,1,1
2024-07-03 15:20:03.457,23218,23219,23218,1,-1
2024-07-03 15:20:03.792,23218,23219,23219,4,4
2024-07-03 15:20:03.792,23218,23219,23219,1,1
2024-07-03 15:20:04.686,23219,23220,23220,2,2
2024-07-03 15:20:04.795,23219,23220,23220,2,2
2024-07-03 15:20:04.861,23219,23220,23220,1,1
2024-07-03 15:20:06.003,23219,23220,23219,1,-1
2024-07-03 15:20:06.735,23219,23220,23220,1,1
2024-07-03 15:20:07.319,23219,23220,23220,1,1
2024-07-03 15:20:07.691,23219,23220,23220,3,3
2024-07-03 15:20:07.692,23219,23220,23220,7,7
2024-07-03 15:20:07.692,23219,23220,23220,1,1
2024-07-03 15:20:07.692,23219,23220,23220,1,1
2024-07-03 15:20:07.692,23219,23220,23220,2,2
2024-07-03 15:20:07.692,23219,23220,23220,1,1
2024-07-03 15:20:07.692,23219,23220,23220,1,1
2024-07-03 15:20:07.693,23219,23220,23220,1,1
2024-07-03 15:20:09.056,23219,23220,23219,1,-1
2024-07-03 15:20:09.056,23219,23220,23219,1,-1
2024-07-03 15:20:09.977,23218,23219,23219,2,2
2024-07-03 15:20:10.727,23218,23220,23220,1,1
2024-07-03 15:20:11.210,23218,23220,23220,1,1
2024-07-03 15:20:14.214,23218,23220,23218,3,-3
2024-07-03 15:20:14.462,23219,23220,23220,1,1
2024-07-03 15:20:14.766,23219,23220,23219,2,-2
2024-07-03 15:20:15.301,23218,23220,23220,1,1
2024-07-03 15:20:16.955,23219,23220,23220,2,2
2024-07-03 15:20:19.775,23219,23220,23220,4,4
2024-07-03 15:20:20.185,23219,23220,23219,1,-1
2024-07-03 15:20:20.975,23218,23220,23218,1,-1
2024-07-03 15:20:21.256,23218,23220,23220,1,1
2024-07-03 15:20:21.451,23218,23220,23220,5,5
2024-07-03 15:20:24.024,23219,23220,23220,1,1
2024-07-03 15:20:24.024,23219,23220,23220,2,2
2024-07-03 15:20:24.024,23219,23220,23220,14,14
2024-07-03 15:20:24.024,23219,23220,23220,1,1
2024-07-03 15:20:24.024,23219,23220,23220,7,7
2024-07-03 15:20:24.025,23219,23220,23220,1,1
2024-07-03 15:20:24.025,23219,23220,23220,1,1
2024-07-03 15:20:24.025,23219,23220,23220,1,1
2024-07-03 15:20:24.025,23219,23220,23220,1,1
2024-07-03 15:20:24.025,23219,23220,23220,1,1
2024-07-03 15:20:25.693,23220,23221,23221,2,2
2024-07-03 15:20:26.635,23220,23221,23220,9,-9
2024-07-03 15:20:26.638,23220,23221,23219,1,-1
2024-07-03 15:20:26.638,23220,23221,23219,1,-1
2024-07-03 15:20:26.893,23218,23219,23218,1,-1
2024-07-03 15:20:27.818,23218,23219,23218,1,-1
2024-07-03 15:20:29.195,23218,23219,23219,1,1
2024-07-03 15:20:29.403,23219,23221,23221,1,1
2024-07-03 15:20:29.599,23219,23221,23220,1,1
2024-07-03 15:20:31.620,23218,23219,23218,1,-1
2024-07-03 15:20:34.307,23218,23220,23220,1,1
2024-07-03 15:20:36.240,23218,23220,23218,3,-3
2024-07-03 15:20:36.240,23218,23220,23218,1,-1
2024-07-03 15:20:36.988,23217,23219,23218,2,-2
2024-07-03 15:20:39.098,23217,23219,23219,1,1
2024-07-03 15:20:40.953,23217,23219,23217,14,-14
2024-07-03 15:20:40.954,23217,23219,23217,1,-1
2024-07-03 15:20:41.634,23216,23217,23217,4,4
2024-07-03 15:20:41.635,23216,23217,23217,1,1
2024-07-03 15:20:42.312,23216,23217,23217,2,2
2024-07-03 15:20:44.007,23216,23218,23216,3,-3
2024-07-03 15:20:48.989,23216,23217,23216,1,-1
2024-07-03 15:20:51.612,23215,23217,23215,1,-1
2024-07-03 15:20:51.612,23215,23217,23215,1,-1
2024-07-03 15:20:51.613,23215,23217,23215,3,-3
2024-07-03 15:20:51.613,23215,23217,23215,1,-1
2024-07-03 15:20:51.613,23215,23217,23215,1,-1
2024-07-03 15:20:51.613,23215,23217,23215,4,-4
2024-07-03 15:20:51.613,23215,23217,23215,1,-1
2024-07-03 15:20:51.613,23215,23217,23215,1,-1
2024-07-03 15:20:51.629,23215,23216,23215,1,-1
2024-07-03 15:20:54.850,23214,23215,23212,20,-20
2024-07-03 15:20:54.850,23214,23215,23214,3,-3
2024-07-03 15:20:54.850,23214,23215,23213,10,-10
2024-07-03 15:20:54.850,23214,23215,23211,17,-17
2024-07-03 15:20:54.851,23214,23215,23211,1,-1
2024-07-03 15:20:54.853,23214,23215,23210,1,-1
2024-07-03 15:20:54.853,23214,23215,23210,1,-1
2024-07-03 15:20:54.854,23214,23215,23211,1,-1
2024-07-03 15:20:54.855,23214,23215,23210,1,-1
2024-07-03 15:20:54.855,23214,23215,23210,1,-1
2024-07-03 15:20:54.856,23214,23215,23210,1,-1
2024-07-03 15:20:54.856,23214,23215,23210,1,-1
2024-07-03 15:20:55.588,23210,23211,23211,1,1
2024-07-03 15:20:56.086,23210,23211,23211,1,1
2024-07-03 15:20:56.136,23210,23211,23210,1,-1
2024-07-03 15:20:56.594,23210,23211,23210,1,-1
2024-07-03 15:21:00.104,23209,23210,23210,1,1
2024-07-03 15:21:00.162,23209,23210,23209,2,-2
2024-07-03 15:21:00.251,23209,23210,23210,1,1
2024-07-03 15:21:00.268,23209,23210,23209,1,-1
2024-07-03 15:21:00.940,23208,23209,23209,1,1
2024-07-03 15:21:01.065,23208,23209,23209,1,1
2024-07-03 15:21:01.239,23208,23209,23209,1,1
2024-07-03 15:21:01.823,23208,23209,23209,5,5
2024-07-03 15:21:01.824,23208,23209,23209,2,2
2024-07-03 15:21:03.408,23209,23211,23209,1,-1
2024-07-03 15:21:04.590,23209,23211,23211,1,1
2024-07-03 15:21:04.596,23209,23211,23209,1,-1
2024-07-03 15:21:05.572,23209,23211,23211,2,2
2024-07-03 15:21:05.572,23209,23211,23211,4,4
2024-07-03 15:21:05.573,23209,23211,23211,1,1
2024-07-03 15:21:05.573,23209,23211,23211,7,7
2024-07-03 15:21:05.953,23211,23214,23211,4,-4
2024-07-03 15:21:06.244,23211,23214,23211,1,-1
2024-07-03 15:21:13.277,23213,23215,23213,1,-1
2024-07-03 15:21:13.975,23213,23215,23213,1,-1
2024-07-03 15:21:17.415,23213,23215,23215,1,1
2024-07-03 15:21:17.420,23213,23215,23216,2,2
2024-07-03 15:21:18.370,23214,23216,23216,3,3
2024-07-03 15:21:18.412,23216,23217,23217,1,1
2024-07-03 15:21:18.952,23216,23218,23216,1,-1
2024-07-03 15:21:19.995,23216,23218,23218,1,1
2024-07-03 15:21:21.673,23216,23217,23217,1,1
2024-07-03 15:21:23.138,23216,23217,23216,1,-1
2024-07-03 15:21:24.364,23215,23217,23217,1,1
2024-07-03 15:21:27.620,23215,23216,23215,1,-1
2024-07-03 15:21:28.070,23213,23215,23215,1,1
2024-07-03 15:21:29.651,23213,23215,23215,1,1
2024-07-03 15:21:29.656,23213,23215,23216,1,1
2024-07-03 15:21:30.120,23215,23217,23217,1,1
2024-07-03 15:21:30.932,23215,23217,23216,1,1
2024-07-03 15:21:36.206,23216,23217,23217,2,2
2024-07-03 15:21:43.401,23216,23218,23215,11,-11
2024-07-03 15:21:43.401,23216,23218,23216,7,-7
2024-07-03 15:21:43.402,23216,23218,23215,2,-2
2024-07-03 15:21:43.403,23216,23218,23214,1,-1
2024-07-03 15:21:43.403,23216,23218,23215,1,-1
2024-07-03 15:21:43.403,23216,23218,23215,1,-1
2024-07-03 15:21:43.404,23216,23218,23215,1,-1
2024-07-03 15:21:46.441,23213,23216,23213,6,-6
2024-07-03 15:21:47.325,23212,23214,23213,1,-1
2024-07-03 15:21:48.375,23212,23213,23213,1,1
2024-07-03 15:21:52.715,23213,23214,23214,1,1
2024-07-03 15:21:54.299,23214,23216,23214,1,-1
2024-07-03 15:21:55.587,23214,23215,23214,1,-1
2024-07-03 15:21:55.588,23214,23215,23214,1,-1
2024-07-03 15:21:57.010,23213,23216,23216,4,4
2024-07-03 15:21:57.233,23213,23216,23213,1,-1
2024-07-03 15:21:57.271,23213,23216,23213,1,-1
2024-07-03 15:21:57.390,23213,23216,23213,1,-1
2024-07-03 15:21:59.819,23213,23216,23213,1,-1
2024-07-03 15:22:00.005,23213,23216,23213,1,-1
2024-07-03 15:22:02.060,23213,23214,23214,1,1
2024-07-03 15:22:03.034,23213,23216,23213,1,-1
2024-07-03 15:22:14.800,23214,23216,23216,1,1
2024-07-03 15:22:15.888,23214,23215,23215,1,1
2024-07-03 15:22:16.042,23215,23216,23216,1,1
2024-07-03 15:22:16.042,23215,23216,23216,2,2
2024-07-03 15:22:16.337,23215,23217,23215,2,-2
2024-07-03 15:22:17.097,23215,23217,23215,1,-1
2024-07-03 15:22:19.951,23215,23217,23217,1,1
2024-07-03 15:22:20.496,23215,23217,23215,1,-1
2024-07-03 15:22:25.253,23215,23217,23215,1,-1
2024-07-03 15:22:29.282,23216,23217,23217,1,1
2024-07-03 15:22:29.282,23216,23217,23217,1,1
2024-07-03 15:22:29.735,23216,23218,23218,1,1
2024-07-03 15:22:29.735,23216,23218,23218,1,1
2024-07-03 15:22:29.736,23216,23218,23218,1,1
2024-07-03 15:22:32.149,23217,23219,23217,2,-2
2024-07-03 15:22:40.005,23217,23219,23217,1,-1
2024-07-03 15:22:42.234,23217,23219,23217,1,-1
2024-07-03 15:22:42.528,23217,23218,23217,2,-2
2024-07-03 15:22:42.528,23217,23218,23217,1,-1
2024-07-03 15:22:44.089,23217,23218,23217,1,-1
2024-07-03 15:22:46.773,23217,23218,23217,1,-1
2024-07-03 15:22:47.817,23217,23218,23217,1,-1
2024-07-03 15:22:50.359,23217,23218,23218,3,3
2024-07-03 15:22:50.359,23217,23218,23219,2,2
2024-07-03 15:22:50.743,23217,23219,23217,5,-5
2024-07-03 15:22:50.743,23217,23219,23216,6,-6
2024-07-03 15:22:53.728,23216,23217,23216,1,-1
2024-07-03 15:22:53.728,23216,23217,23216,1,-1
2024-07-03 15:22:55.189,23215,23216,23216,2,2
2024-07-03 15:22:56.452,23215,23216,23215,6,-6
2024-07-03 15:22:57.258,23214,23215,23214,2,-2
2024-07-03 15:22:57.258,23214,23215,23214,2,-2
2024-07-03 15:22:59.043,23213,23214,23213,2,-2
2024-07-03 15:22:59.043,23213,23214,23213,2,-2
2024-07-03 15:22:59.413,23212,23213,23213,3,3
2024-07-03 15:22:59.413,23212,23213,23214,7,7
2024-07-03 15:23:04.731,23212,23214,23214,1,1
2024-07-03 15:23:08.041,23214,23215,23214,2,-2
2024-07-03 15:23:13.583,23214,23215,23215,2,2
2024-07-03 15:23:13.585,23214,23215,23216,2,2
2024-07-03 15:23:13.664,23216,23217,23217,2,2
2024-07-03 15:23:13.890,23217,23218,23218,1,1
2024-07-03 15:23:18.744,23217,23219,23217,1,-1
2024-07-03 15:23:20.886,23217,23219,23218,1,-1
2024-07-03 15:23:20.886,23217,23219,23219,4,4
2024-07-03 15:23:24.788,23218,23219,23219,1,1
2024-07-03 15:23:24.788,23218,23219,23219,1,1
2024-07-03 15:23:27.442,23219,23220,23220,1,1
2024-07-03 15:23:27.443,23219,23220,23220,1,1
2024-07-03 15:23:27.443,23219,23220,23220,4,4
2024-07-03 15:23:27.443,23219,23220,23220,4,4
2024-07-03 15:23:27.443,23219,23220,23220,2,2
2024-07-03 15:23:27.444,23219,23220,23220,2,2
2024-07-03 15:23:27.714,23220,23221,23220,1,-1
2024-07-03 15:23:27.862,23220,23221,23221,1,1
2024-07-03 15:23:27.931,23220,23221,23221,1,1
2024-07-03 15:23:30.384,23220,23221,23221,1,1
2024-07-03 15:23:31.368,23219,23220,23219,1,-1
2024-07-03 15:23:31.821,23218,23220,23220,5,5
2024-07-03 15:23:37.638,23216,23218,23218,1,1
2024-07-03 15:23:44.628,23215,23216,23215,1,-1
2024-07-03 15:23:44.651,23214,23216,23215,2,-2
2024-07-03 15:23:44.659,23214,23216,23215,1,-1
2024-07-03 15:23:45.489,23214,23215,23214,3,-3
2024-07-03 15:23:45.490,23214,23215,23214,1,-1
2024-07-03 15:23:46.106,23213,23214,23213,1,-1
2024-07-03 15:23:46.147,23213,23214,23213,2,-2
2024-07-03 15:23:46.765,23212,23213,23213,1,1
2024-07-03 15:23:46.930,23212,23213,23213,1,1
2024-07-03 15:23:51.733,23212,23213,23213,1,1
2024-07-03 15:23:51.733,23212,23213,23213,1,1
2024-07-03 15:23:54.365,23212,23214,23212,1,-1
2024-07-03 15:23:56.956,23213,23214,23213,3,-3
2024-07-03 15:24:00.349,23212,23214,23215,1,1
2024-07-03 15:24:00.349,23212,23214,23214,4,4
2024-07-03 15:24:00.695,23213,23215,23215,1,1
2024-07-03 15:24:03.833,23213,23215,23215,2,2
2024-07-03 15:24:03.884,23213,23215,23215,1,1
2024-07-03 15:24:09.234,23215,23216,23216,2,2
2024-07-03 15:24:09.234,23215,23216,23217,3,3
2024-07-03 15:24:10.873,23216,23218,23218,3,3
2024-07-03 15:24:12.933,23216,23218,23216,1,-1
2024-07-03 15:24:16.608,23216,23218,23216,1,-1
2024-07-03 15:24:18.771,23216,23218,23216,2,-2
2024-07-03 15:24:23.923,23216,23218,23216,2,-2
2024-07-03 15:24:24.008,23216,23218,23218,1,1
2024-07-03 15:24:25.240,23216,23218,23218,1,1
2024-07-03 15:24:29.297,23215,23216,23216,2,2
2024-07-03 15:24:41.009,23216,23218,23216,1,-1
2024-07-03 15:24:41.133,23216,23218,23218,1,1
2024-07-03 15:24:42.585,23216,23218,23218,1,1
2024-07-03 15:24:42.585,23216,23218,23218,1,1
2024-07-03 15:24:42.585,23216,23218,23218,2,2
2024-07-03 15:24:42.585,23216,23218,23218,1,1
2024-07-03 15:24:42.632,23217,23219,23219,1,1
2024-07-03 15:24:42.632,23217,23219,23219,1,1
2024-07-03 15:24:42.632,23217,23219,23219,1,1
2024-07-03 15:24:47.924,23219,23220,23219,1,-1
2024-07-03 15:24:51.159,23219,23220,23219,1,-1
2024-07-03 15:24:52.639,23219,23220,23219,1,-1
2024-07-03 15:24:57.878,23219,23220,23219,1,-1
2024-07-03 15:24:57.878,23219,23220,23219,2,-2
2024-07-03 15:24:59.456,23219,23220,23220,3,3
2024-07-03 15:25:02.138,23219,23220,23220,2,2
2024-07-03 15:25:02.138,23219,23220,23220,1,1
2024-07-03 15:25:02.138,23219,23220,23220,2,2
2024-07-03 15:25:02.138,23219,23220,23220,2,2
2024-07-03 15:25:02.138,23219,23220,23220,1,1
2024-07-03 15:25:02.138,23219,23220,23220,2,2
2024-07-03 15:25:02.138,23219,23220,23220,1,1
2024-07-03 15:25:02.138,23219,23220,23220,4,4
2024-07-03 15:25:02.139,23219,23220,23220,1,1
2024-07-03 15:25:02.377,23220,23221,23221,3,3
2024-07-03 15:25:02.384,23220,23221,23221,7,7
2024-07-03 15:25:02.405,23220,23221,23221,1,1
2024-07-03 15:25:02.781,23220,23222,23222,1,1
2024-07-03 15:25:02.786,23220,23222,23222,1,1
2024-07-03 15:25:02.790,23220,23222,23222,1,1
2024-07-03 15:25:02.800,23220,23222,23222,1,1
2024-07-03 15:25:02.806,23220,23222,23222,2,2
2024-07-03 15:25:02.806,23220,23222,23223,4,4
2024-07-03 15:25:02.823,23220,23222,23223,1,1
2024-07-03 15:25:02.838,23220,23222,23223,2,2
2024-07-03 15:25:03.233,23221,23223,23221,1,-1
2024-07-03 15:25:03.233,23221,23223,23221,1,-1
2024-07-03 15:25:03.244,23221,23223,23220,1,-1
2024-07-03 15:25:06.669,23219,23221,23220,1,-1
2024-07-03 15:25:08.039,23219,23220,23219,2,-2
2024-07-03 15:25:10.075,23216,23218,23218,1,1
2024-07-03 15:25:10.356,23217,23219,23219,2,2
2024-07-03 15:25:10.356,23217,23219,23220,3,3
2024-07-03 15:25:13.768,23219,23220,23219,1,-1
2024-07-03 15:25:15.087,23219,23220,23220,1,1
2024-07-03 15:25:15.291,23219,23220,23220,5,5
2024-07-03 15:25:15.291,23219,23220,23220,1,1
2024-07-03 15:25:15.991,23220,23221,23220,1,-1
2024-07-03 15:25:17.806,23220,23221,23221,1,1
2024-07-03 15:25:21.435,23221,23223,23221,1,-1
2024-07-03 15:25:21.510,23221,23223,23222,1,-1
2024-07-03 15:25:22.140,23222,23223,23223,3,3
2024-07-03 15:25:25.094,23221,23223,23223,1,1
2024-07-03 15:25:26.388,23222,23223,23223,1,1
2024-07-03 15:25:26.488,23222,23223,23224,1,1
2024-07-03 15:25:26.488,23222,23223,23223,1,1
2024-07-03 15:25:26.887,23223,23224,23223,1,-1
2024-07-03 15:25:27.311,23223,23224,23224,1,1
2024-07-03 15:25:27.312,23223,23224,23224,1,1
2024-07-03 15:25:27.312,23223,23224,23224,1,1
2024-07-03 15:25:27.312,23223,23224,23224,1,1
2024-07-03 15:25:27.312,23223,23224,23224,1,1
2024-07-03 15:25:27.312,23223,23224,23224,1,1
2024-07-03 15:25:28.047,23224,23225,23224,2,-2
2024-07-03 15:25:30.800,23223,23224,23224,2,2
2024-07-03 15:25:30.906,23223,23225,23225,12,12
2024-07-03 15:25:31.116,23224,23225,23225,1,1
2024-07-03 15:25:31.116,23224,23225,23226,1,1
2024-07-03 15:25:31.524,23224,23226,23226,1,1
2024-07-03 15:25:31.593,23224,23226,23224,1,-1
2024-07-03 15:25:32.019,23224,23226,23226,2,2
2024-07-03 15:25:32.074,23224,23226,23226,1,1
2024-07-03 15:25:32.764,23224,23226,23224,3,-3
2024-07-03 15:25:33.203,23224,23226,23226,1,1
2024-07-03 15:25:34.302,23225,23226,23226,1,1
2024-07-03 15:25:34.759,23225,23226,23225,1,-1
2024-07-03 15:25:35.436,23225,23226,23226,1,1
2024-07-03 15:25:35.634,23225,23226,23226,1,1
2024-07-03 15:25:35.811,23225,23226,23225,1,-1
2024-07-03 15:25:36.038,23225,23226,23225,1,-1
2024-07-03 15:25:36.925,23225,23226,23226,1,1
2024-07-03 15:25:37.326,23225,23226,23226,1,1
2024-07-03 15:25:38.437,23225,23226,23226,1,1
2024-07-03 15:25:38.453,23225,23226,23225,1,-1
2024-07-03 15:25:38.453,23225,23226,23225,1,-1
2024-07-03 15:25:38.506,23224,23225,23225,2,2
2024-07-03 15:25:39.752,23224,23225,23225,1,1
2024-07-03 15:25:43.379,23224,23225,23225,2,2
2024-07-03 15:25:43.458,23224,23225,23225,1,1
2024-07-03 15:25:43.475,23224,23225,23225,2,2
2024-07-03 15:25:43.475,23224,23225,23226,2,2
2024-07-03 15:25:43.510,23224,23226,23225,2,2
2024-07-03 15:25:44.365,23225,23226,23225,1,-1
2024-07-03 15:25:44.421,23225,23226,23226,1,1
2024-07-03 15:25:44.943,23225,23226,23226,1,1
2024-07-03 15:25:47.550,23225,23226,23225,1,-1
2024-07-03 15:25:47.809,23225,23226,23226,1,1
2024-07-03 15:25:48.477,23225,23226,23226,1,1
2024-07-03 15:25:48.696,23225,23226,23225,1,-1
2024-07-03 15:25:49.046,23225,23226,23226,4,4
2024-07-03 15:25:49.960,23225,23226,23226,1,1
2024-07-03 15:25:51.413,23225,23226,23225,1,-1
2024-07-03 15:25:52.483,23225,23226,23225,1,-1
2024-07-03 15:25:52.483,23225,23226,23225,3,-3
2024-07-03 15:25:53.225,23224,23226,23226,2,2
2024-07-03 15:25:56.786,23224,23225,23225,1,1
2024-07-03 15:25:56.788,23224,23225,23226,1,1
2024-07-03 15:25:56.788,23224,23225,23226,3,3
2024-07-03 15:25:56.788,23224,23225,23226,3,3
2024-07-03 15:25:56.788,23224,23225,23226,1,1
2024-07-03 15:25:56.788,23224,23225,23226,3,3
2024-07-03 15:25:59.295,23225,23226,23226,1,1
2024-07-03 15:26:00.178,23226,23227,23226,1,-1
2024-07-03 15:26:00.334,23226,23227,23227,1,1
2024-07-03 15:26:00.394,23226,23227,23227,1,1
2024-07-03 15:26:00.394,23226,23227,23227,1,1
2024-07-03 15:26:00.395,23226,23227,23227,4,4
2024-07-03 15:26:00.395,23226,23227,23227,1,1
2024-07-03 15:26:00.397,23226,23227,23228,1,1
2024-07-03 15:26:00.397,23226,23227,23228,1,1
2024-07-03 15:26:00.397,23226,23227,23228,1,1
2024-07-03 15:26:00.397,23226,23227,23228,4,4
2024-07-03 15:26:00.412,23226,23227,23228,1,1
2024-07-03 15:26:00.429,23226,23227,23228,1,1
2024-07-03 15:26:00.644,23227,23229,23227,1,-1
2024-07-03 15:26:00.651,23227,23229,23227,1,-1
2024-07-03 15:26:00.732,23227,23229,23229,2,2
2024-07-03 15:26:00.806,23227,23229,23229,1,1
2024-07-03 15:26:02.955,23227,23229,23229,1,1
2024-07-03 15:26:04.379,23227,23229,23229,1,1
2024-07-03 15:26:04.536,23227,23229,23229,1,1
2024-07-03 15:26:05.878,23226,23228,23228,1,1
2024-07-03 15:26:07.080,23226,23228,23228,2,2
2024-07-03 15:26:07.656,23226,23228,23228,1,1
2024-07-03 15:26:09.460,23226,23228,23228,4,4
2024-07-03 15:26:09.460,23226,23228,23229,1,1
2024-07-03 15:26:10.543,23227,23229,23229,4,4
2024-07-03 15:26:10.543,23227,23229,23230,1,1
2024-07-03 15:26:10.733,23227,23230,23230,1,1
2024-07-03 15:26:13.375,23227,23228,23228,1,1
2024-07-03 15:26:13.495,23227,23228,23228,1,1
2024-07-03 15:26:13.570,23227,23230,23230,1,1
2024-07-03 15:26:14.201,23229,23230,23230,1,1
2024-07-03 15:26:14.658,23229,23230,23229,1,-1
2024-07-03 15:26:15.301,23227,23228,23228,1,1
2024-07-03 15:26:16.589,23228,23230,23230,2,2
2024-07-03 15:26:18.714,23227,23229,23229,1,1
2024-07-03 15:26:20.247,23227,23229,23227,1,-1
2024-07-03 15:26:20.345,23227,23229,23229,2,2
2024-07-03 15:26:20.345,23227,23229,23230,3,3
2024-07-03 15:26:20.700,23227,23229,23230,3,3
2024-07-03 15:26:20.700,23227,23229,23229,2,2
2024-07-03 15:26:23.975,23229,23230,23229,1,-1
2024-07-03 15:26:25.135,23227,23229,23229,3,3
2024-07-03 15:26:25.904,23227,23229,23229,1,1
2024-07-03 15:26:26.856,23227,23229,23227,2,-2
2024-07-03 15:26:27.127,23226,23228,23227,2,-2
2024-07-03 15:26:27.138,23226,23228,23228,4,4
2024-07-03 15:26:28.086,23227,23228,23227,1,-1
2024-07-03 15:26:28.426,23226,23228,23228,1,1
2024-07-03 15:26:31.352,23226,23228,23228,1,1
2024-07-03 15:26:31.356,23226,23228,23228,1,1
2024-07-03 15:26:32.555,23227,23229,23227,3,-3
2024-07-03 15:26:32.555,23227,23229,23226,2,-2
2024-07-03 15:26:40.185,23225,23226,23226,1,1
2024-07-03 15:26:41.478,23225,23227,23225,1,-1
2024-07-03 15:26:44.366,23225,23227,23227,1,1
2024-07-03 15:26:44.671,23226,23227,23227,1,1
2024-07-03 15:26:45.641,23226,23227,23226,1,-1
2024-07-03 15:26:45.803,23226,23227,23227,1,1
2024-07-03 15:26:46.848,23226,23227,23227,1,1
2024-07-03 15:26:46.861,23226,23227,23227,1,1
2024-07-03 15:26:47.253,23226,23228,23228,3,3
2024-07-03 15:26:49.444,23226,23227,23226,1,-1
2024-07-03 15:26:49.621,23226,23227,23226,1,-1
2024-07-03 15:26:49.899,23226,23227,23226,1,-1
2024-07-03 15:26:53.353,23226,23227,23227,1,1
2024-07-03 15:26:55.390,23226,23227,23226,1,-1
2024-07-03 15:26:55.985,23226,23227,23226,1,-1
2024-07-03 15:26:57.137,23226,23227,23227,2,2
2024-07-03 15:26:58.430,23226,23228,23228,1,1
2024-07-03 15:27:01.624,23227,23228,23228,1,1
2024-07-03 15:27:01.807,23227,23228,23228,1,1
2024-07-03 15:27:01.807,23227,23228,23228,1,1
2024-07-03 15:27:01.807,23227,23228,23228,1,1
2024-07-03 15:27:01.807,23227,23228,23228,1,1
2024-07-03 15:27:01.808,23227,23228,23228,2,2
2024-07-03 15:27:01.808,23227,23228,23228,3,3
2024-07-03 15:27:01.819,23227,23228,23228,1,1
2024-07-03 15:27:07.092,23227,23229,23228,1,1
2024-07-03 15:27:09.982,23226,23228,23228,1,1
2024-07-03 15:27:10.392,23226,23228,23226,2,-2
2024-07-03 15:27:11.879,23226,23228,23228,1,1
2024-07-03 15:27:12.556,23226,23228,23226,1,-1
2024-07-03 15:27:12.556,23226,23228,23226,2,-2
2024-07-03 15:27:12.644,23225,23226,23225,1,-1
2024-07-03 15:27:12.645,23225,23226,23225,1,-1
2024-07-03 15:27:12.645,23225,23226,23225,2,-2
2024-07-03 15:27:12.645,23225,23226,23225,1,-1
2024-07-03 15:27:12.645,23225,23226,23225,3,-3
2024-07-03 15:27:13.137,23225,23227,23227,1,1
2024-07-03 15:27:15.928,23226,23227,23227,1,1
2024-07-03 15:27:20.739,23227,23228,23227,1,-1
2024-07-03 15:27:20.831,23227,23228,23227,1,-1
2024-07-03 15:27:20.957,23227,23228,23227,1,-1
2024-07-03 15:27:22.062,23227,23228,23227,1,-1
2024-07-03 15:27:24.222,23227,23228,23228,2,2
2024-07-03 15:27:24.222,23227,23228,23228,1,1
2024-07-03 15:27:24.222,23227,23228,23228,1,1
2024-07-03 15:27:25.531,23227,23228,23228,1,1
2024-07-03 15:27:25.531,23227,23228,23229,1,1
2024-07-03 15:27:26.403,23227,23229,23229,1,1
2024-07-03 15:27:28.040,23227,23229,23229,1,1
2024-07-03 15:27:29.341,23227,23228,23228,1,1
2024-07-03 15:27:30.347,23227,23229,23229,5,5
2024-07-03 15:27:31.525,23227,23229,23227,2,-2
2024-07-03 15:27:31.525,23227,23229,23227,1,-1
2024-07-03 15:27:31.525,23227,23229,23227,2,-2
2024-07-03 15:27:33.085,23225,23226,23226,1,1
2024-07-03 15:27:38.769,23227,23228,23228,2,2
2024-07-03 15:27:40.187,23227,23229,23227,1,-1
2024-07-03 15:27:40.740,23227,23229,23227,1,-1
2024-07-03 15:27:45.124,23227,23229,23229,1,1
2024-07-03 15:27:45.125,23227,23229,23229,1,1
2024-07-03 15:27:45.125,23227,23229,23229,1,1
2024-07-03 15:27:46.647,23228,23230,23230,1,1
2024-07-03 15:27:46.647,23228,23230,23230,4,4
2024-07-03 15:27:46.648,23228,23230,23230,1,1
2024-07-03 15:27:46.648,23228,23230,23230,2,2
2024-07-03 15:27:46.648,23228,23230,23230,1,1
2024-07-03 15:27:46.648,23228,23230,23230,1,1
2024-07-03 15:27:46.648,23228,23230,23230,1,1
2024-07-03 15:27:46.648,23228,23230,23230,1,1
2024-07-03 15:27:46.648,23228,23230,23230,1,1
2024-07-03 15:27:46.648,23228,23230,23230,1,1
2024-07-03 15:27:46.648,23228,23230,23230,4,4
2024-07-03 15:27:46.648,23228,23230,23230,6,6
2024-07-03 15:27:46.648,23228,23230,23230,1,1
2024-07-03 15:27:46.648,23228,23230,23230,5,5
2024-07-03 15:27:46.648,23228,23230,23230,1,1
2024-07-03 15:27:48.215,23230,23231,23231,2,2
2024-07-03 15:27:50.519,23230,23231,23231,2,2
2024-07-03 15:27:51.120,23230,23232,23230,1,-1
2024-07-03 15:27:51.312,23230,23232,23230,1,-1
2024-07-03 15:27:51.910,23230,23232,23230,1,-1
2024-07-03 15:27:52.013,23230,23232,23230,3,-3
2024-07-03 15:27:52.105,23230,23232,23230,1,-1
2024-07-03 15:27:53.661,23230,23231,23231,1,1
2024-07-03 15:27:55.139,23230,23231,23230,1,-1
2024-07-03 15:27:55.952,23230,23231,23230,3,-3
2024-07-03 15:27:56.338,23230,23231,23230,1,-1
2024-07-03 15:27:56.908,23230,23231,23232,2,2
2024-07-03 15:27:56.908,23230,23231,23231,1,1
2024-07-03 15:27:57.190,23230,23232,23230,3,-3
2024-07-03 15:28:00.310,23230,23231,23230,1,-1
2024-07-03 15:28:00.336,23230,23231,23230,1,-1
2024-07-03 15:28:01.595,23229,23231,23229,2,-2
2024-07-03 15:28:01.633,23229,23231,23231,1,1
2024-07-03 15:28:01.898,23230,23232,23231,1,1
2024-07-03 15:28:03.094,23230,23231,23230,1,-1
2024-07-03 15:28:05.560,23228,23229,23228,1,-1
2024-07-03 15:28:05.717,23227,23229,23229,2,2
2024-07-03 15:28:05.717,23227,23229,23229,1,1
2024-07-03 15:28:05.717,23227,23229,23229,4,4
2024-07-03 15:28:07.502,23229,23230,23229,3,-3
2024-07-03 15:28:08.864,23228,23230,23228,1,-1
2024-07-03 15:28:08.882,23228,23230,23230,1,1
2024-07-03 15:28:09.915,23228,23230,23230,2,2
2024-07-03 15:28:10.167,23229,23231,23229,1,-1
2024-07-03 15:28:10.180,23229,23231,23231,3,3
2024-07-03 15:28:12.142,23228,23231,23231,1,1
2024-07-03 15:28:18.290,23229,23230,23230,1,1
2024-07-03 15:28:19.197,23229,23230,23229,1,-1
2024-07-03 15:28:19.257,23229,23230,23230,1,1
2024-07-03 15:28:21.469,23230,23231,23231,2,2
2024-07-03 15:28:22.813,23230,23231,23230,1,-1
2024-07-03 15:28:22.814,23230,23231,23230,1,-1
2024-07-03 15:28:24.953,23229,23231,23229,1,-1
2024-07-03 15:28:26.312,23229,23231,23229,1,-1
2024-07-03 15:28:26.320,23229,23231,23230,2,-2
2024-07-03 15:28:26.338,23229,23231,23230,1,-1
2024-07-03 15:28:28.612,23229,23230,23230,1,1
2024-07-03 15:28:28.631,23229,23230,23230,1,1
2024-07-03 15:28:28.632,23229,23230,23231,1,1
2024-07-03 15:28:28.632,23229,23230,23231,1,1
2024-07-03 15:28:28.634,23229,23230,23231,1,1
2024-07-03 15:28:29.199,23229,23230,23229,1,-1
2024-07-03 15:28:29.932,23228,23229,23229,1,1
2024-07-03 15:28:30.424,23228,23229,23229,1,1
2024-07-03 15:28:31.194,23228,23229,23229,2,2
2024-07-03 15:28:34.209,23228,23230,23230,1,1
2024-07-03 15:28:36.654,23228,23229,23228,17,-17
2024-07-03 15:28:36.654,23228,23229,23227,4,-4
2024-07-03 15:28:36.697,23228,23229,23226,2,-2
2024-07-03 15:28:36.697,23228,23229,23226,3,-3
2024-07-03 15:28:36.697,23228,23229,23226,2,-2
2024-07-03 15:28:36.697,23228,23229,23226,1,-1
2024-07-03 15:28:36.698,23228,23229,23226,2,-2
2024-07-03 15:28:36.698,23228,23229,23226,4,-4
2024-07-03 15:28:37.043,23224,23226,23226,1,1
2024-07-03 15:28:37.137,23225,23228,23229,1,1
2024-07-03 15:28:40.150,23226,23228,23228,1,1
2024-07-03 15:28:40.360,23226,23229,23230,1,1
2024-07-03 15:28:40.360,23226,23229,23229,4,4
2024-07-03 15:28:46.188,23227,23229,23227,1,-1
2024-07-03 15:28:49.023,23227,23229,23229,1,1
2024-07-03 15:28:49.132,23227,23230,23230,1,1
2024-07-03 15:29:00.412,23228,23230,23230,1,1
2024-07-03 15:29:00.912,23228,23230,23228,1,-1
2024-07-03 15:29:01.026,23227,23229,23227,3,-3
2024-07-03 15:29:01.026,23227,23229,23226,1,-1
2024-07-03 15:29:02.343,23226,23228,23226,4,-4
2024-07-03 15:29:04.953,23224,23225,23225,1,1
2024-07-03 15:29:08.898,23225,23227,23225,4,-4
2024-07-03 15:29:09.423,23225,23227,23225,1,-1
2024-07-03 15:29:13.541,23225,23227,23225,1,-1
2024-07-03 15:29:16.203,23225,23226,23225,1,-1
2024-07-03 15:29:17.628,23225,23226,23225,1,-1
2024-07-03 15:29:24.270,23225,23226,23225,1,-1
2024-07-03 15:29:24.270,23225,23226,23224,1,-1
