2025-01-02 15:00:00.064,22850,22853,22853,37,37
2025-01-02 15:00:00.065,22850,22853,22853,2,2
2025-01-02 15:00:00.097,22850,22854,22850,2,-2
2025-01-02 15:00:00.152,22850,22854,22850,1,-1
2025-01-02 15:00:00.192,22850,22854,22854,4,4
2025-01-02 15:00:00.211,22850,22854,22854,2,2
2025-01-02 15:00:00.217,22850,22854,22854,2,2
2025-01-02 15:00:00.223,22850,22854,22854,1,1
2025-01-02 15:00:00.223,22850,22854,22856,3,3
2025-01-02 15:00:00.260,22850,22854,22854,1,1
2025-01-02 15:00:00.307,22853,22857,22857,1,1
2025-01-02 15:00:00.310,22853,22857,22859,1,1
2025-01-02 15:00:00.348,22853,22857,22860,1,1
2025-01-02 15:00:00.348,22853,22857,22861,1,1
2025-01-02 15:00:00.348,22853,22857,22862,3,3
2025-01-02 15:00:00.392,22853,22857,22865,1,1
2025-01-02 15:00:00.393,22853,22857,22863,1,1
2025-01-02 15:00:00.396,22853,22857,22865,1,1
2025-01-02 15:00:00.403,22853,22857,22865,1,1
2025-01-02 15:00:00.461,22860,22866,22866,2,2
2025-01-02 15:00:00.461,22860,22866,22869,1,1
2025-01-02 15:00:00.462,22860,22866,22869,2,2
2025-01-02 15:00:00.513,22860,22866,22869,1,1
2025-01-02 15:00:00.559,22860,22870,22870,1,1
2025-01-02 15:00:00.564,22860,22870,22870,1,1
2025-01-02 15:00:00.565,22860,22870,22870,3,3
2025-01-02 15:00:00.581,22860,22870,22870,1,1
2025-01-02 15:00:00.609,22860,22870,22869,1,1
2025-01-02 15:00:00.609,22860,22870,22870,2,2
2025-01-02 15:00:00.618,22860,22870,22867,1,1
2025-01-02 15:00:00.665,22860,22870,22860,1,-1
2025-01-02 15:00:00.665,22860,22870,22857,1,-1
2025-01-02 15:00:00.680,22856,22870,22870,1,1
2025-01-02 15:00:00.718,22856,22870,22872,3,3
2025-01-02 15:00:00.718,22856,22870,22870,1,1
2025-01-02 15:00:00.718,22856,22870,22871,1,1
2025-01-02 15:00:00.769,22856,22870,22871,1,1
2025-01-02 15:00:00.773,22856,22870,22856,1,-1
2025-01-02 15:00:00.813,22855,22872,22855,1,-1
2025-01-02 15:00:00.823,22855,22872,22854,1,-1
2025-01-02 15:00:00.830,22855,22872,22872,1,1
2025-01-02 15:00:00.834,22855,22872,22853,1,-1
2025-01-02 15:00:00.864,22855,22872,22872,1,1
2025-01-02 15:00:00.868,22855,22872,22872,1,1
2025-01-02 15:00:01.025,22850,22873,22873,1,1
2025-01-02 15:00:01.054,22855,22873,22873,1,1
2025-01-02 15:00:01.228,22855,22873,22873,1,1
2025-01-02 15:00:01.255,22855,22873,22873,1,1
2025-01-02 15:00:01.255,22855,22873,22874,1,1
2025-01-02 15:00:01.528,22858,22863,22864,1,1
2025-01-02 15:00:01.528,22858,22863,22863,1,1
2025-01-02 15:00:01.529,22858,22863,22863,1,1
2025-01-02 15:00:01.530,22858,22863,22864,1,1
2025-01-02 15:00:01.530,22858,22863,22866,1,1
2025-01-02 15:00:01.703,22863,22867,22867,1,1
2025-01-02 15:00:01.713,22863,22867,22868,1,1
2025-01-02 15:00:01.848,22863,22869,22869,1,1
2025-01-02 15:00:02.005,22863,22867,22867,1,1
2025-01-02 15:00:02.189,22863,22867,22863,1,-1
2025-01-02 15:00:02.203,22863,22867,22864,1,-1
2025-01-02 15:00:02.393,22863,22867,22867,1,1
2025-01-02 15:00:02.918,22866,22869,22869,1,1
2025-01-02 15:00:02.918,22866,22869,22870,1,1
2025-01-02 15:00:02.918,22866,22869,22871,1,1
2025-01-02 15:00:02.920,22866,22869,22870,1,1
2025-01-02 15:00:02.921,22866,22869,22871,2,2
2025-01-02 15:00:02.963,22867,22872,22871,1,1
2025-01-02 15:00:03.180,22867,22872,22872,5,5
2025-01-02 15:00:03.311,22868,22873,22873,1,1
2025-01-02 15:00:04.197,22872,22875,22875,3,3
2025-01-02 15:00:04.198,22872,22875,22875,3,3
2025-01-02 15:00:04.239,22872,22875,22877,2,2
2025-01-02 15:00:04.376,22872,22878,22878,1,1
2025-01-02 15:00:04.378,22872,22878,22878,1,1
2025-01-02 15:00:04.382,22872,22878,22880,1,1
2025-01-02 15:00:04.391,22872,22878,22880,2,2
2025-01-02 15:00:04.394,22872,22878,22880,1,1
2025-01-02 15:00:04.397,22872,22878,22880,1,1
2025-01-02 15:00:04.454,22877,22880,22880,1,1
2025-01-02 15:00:04.468,22877,22880,22880,1,1
2025-01-02 15:00:04.484,22877,22880,22880,1,1
2025-01-02 15:00:04.487,22877,22880,22880,1,1
2025-01-02 15:00:04.555,22878,22880,22878,1,-1
2025-01-02 15:00:04.603,22878,22880,22877,1,-1
2025-01-02 15:00:04.618,22878,22880,22885,4,4
2025-01-02 15:00:04.618,22878,22880,22884,2,2
2025-01-02 15:00:04.618,22878,22880,22882,2,2
2025-01-02 15:00:04.618,22878,22880,22880,1,1
2025-01-02 15:00:04.618,22878,22880,22883,1,1
2025-01-02 15:00:04.621,22878,22880,22885,3,3
2025-01-02 15:00:04.659,22878,22880,22884,1,1
2025-01-02 15:00:04.702,22882,22886,22886,2,2
2025-01-02 15:00:04.704,22882,22886,22886,1,1
2025-01-02 15:00:04.705,22882,22886,22886,2,2
2025-01-02 15:00:04.724,22882,22886,22887,1,1
2025-01-02 15:00:04.794,22882,22886,22883,1,-1
2025-01-02 15:00:04.838,22882,22887,22887,2,2
2025-01-02 15:00:04.855,22882,22887,22887,3,3
2025-01-02 15:00:04.877,22882,22887,22883,1,-1
2025-01-02 15:00:04.877,22882,22887,22882,1,-1
2025-01-02 15:00:04.917,22882,22887,22886,1,1
2025-01-02 15:00:04.961,22882,22887,22886,1,1
2025-01-02 15:00:04.961,22882,22887,22886,1,1
2025-01-02 15:00:05.029,22882,22887,22887,3,3
2025-01-02 15:00:05.056,22882,22887,22887,1,1
2025-01-02 15:00:05.144,22882,22887,22882,1,-1
2025-01-02 15:00:05.145,22882,22887,22882,1,-1
2025-01-02 15:00:05.179,22881,22883,22881,2,-2
2025-01-02 15:00:05.180,22881,22883,22880,1,-1
2025-01-02 15:00:05.191,22881,22883,22882,1,-1
2025-01-02 15:00:05.197,22881,22883,22882,2,-2
2025-01-02 15:00:05.200,22881,22883,22882,1,-1
2025-01-02 15:00:05.302,22881,22883,22883,1,1
2025-01-02 15:00:05.302,22881,22883,22885,1,1
2025-01-02 15:00:05.325,22881,22883,22887,2,2
2025-01-02 15:00:05.345,22881,22883,22881,1,-1
2025-01-02 15:00:05.441,22882,22888,22888,2,2
2025-01-02 15:00:05.441,22882,22888,22889,2,2
2025-01-02 15:00:05.443,22882,22888,22889,8,8
2025-01-02 15:00:05.629,22884,22890,22887,13,13
2025-01-02 15:00:05.632,22884,22890,22887,1,1
2025-01-02 15:00:05.682,22887,22890,22888,2,-2
2025-01-02 15:00:05.683,22887,22890,22888,7,-7
2025-01-02 15:00:05.703,22887,22890,22890,1,1
2025-01-02 15:00:05.832,22887,22889,22887,1,-1
2025-01-02 15:00:05.917,22887,22889,22887,1,-1
2025-01-02 15:00:05.925,22887,22889,22888,1,-1
2025-01-02 15:00:06.030,22884,22889,22888,1,1
2025-01-02 15:00:06.033,22884,22889,22887,1,1
2025-01-02 15:00:06.233,22884,22888,22885,2,-2
2025-01-02 15:00:06.305,22884,22887,22887,1,1
2025-01-02 15:00:06.430,22885,22886,22886,1,1
2025-01-02 15:00:06.839,22885,22887,22885,4,-4
2025-01-02 15:00:07.158,22884,22886,22884,1,-1
2025-01-02 15:00:07.158,22884,22886,22884,1,-1
2025-01-02 15:00:07.158,22884,22886,22884,2,-2
2025-01-02 15:00:07.158,22884,22886,22883,4,-4
2025-01-02 15:00:07.180,22882,22884,22884,1,1
2025-01-02 15:00:07.183,22882,22884,22885,1,1
2025-01-02 15:00:07.184,22882,22884,22884,1,1
2025-01-02 15:00:07.191,22882,22884,22884,1,1
2025-01-02 15:00:07.195,22882,22884,22884,1,1
2025-01-02 15:00:07.195,22882,22884,22883,2,2
2025-01-02 15:00:07.209,22882,22884,22885,1,1
2025-01-02 15:00:07.261,22882,22884,22886,2,2
2025-01-02 15:00:07.351,22883,22886,22882,1,-1
2025-01-02 15:00:07.447,22882,22885,22882,4,-4
2025-01-02 15:00:07.616,22881,22883,22881,1,-1
2025-01-02 15:00:07.616,22881,22883,22881,2,-2
2025-01-02 15:00:07.696,22880,22883,22883,1,1
2025-01-02 15:00:07.697,22880,22883,22880,5,-5
2025-01-02 15:00:07.767,22880,22883,22881,1,-1
2025-01-02 15:00:07.767,22880,22883,22882,1,1
2025-01-02 15:00:08.212,22878,22882,22880,3,3
2025-01-02 15:00:09.069,22878,22882,22878,1,-1
2025-01-02 15:00:09.423,22878,22880,22878,1,-1
2025-01-02 15:00:10.584,22877,22880,22877,1,-1
2025-01-02 15:00:10.966,22876,22879,22876,1,-1
2025-01-02 15:00:10.966,22876,22879,22875,1,-1
2025-01-02 15:00:10.966,22876,22879,22874,1,-1
2025-01-02 15:00:11.864,22877,22880,22877,1,-1
2025-01-02 15:00:11.864,22877,22880,22876,1,-1
2025-01-02 15:00:12.061,22876,22880,22880,1,1
2025-01-02 15:00:12.297,22878,22881,22881,1,1
2025-01-02 15:00:12.525,22878,22881,22878,1,-1
2025-01-02 15:00:12.909,22878,22881,22878,2,-2
2025-01-02 15:00:12.910,22878,22881,22877,1,-1
2025-01-02 15:00:12.910,22878,22881,22876,1,-1
2025-01-02 15:00:12.911,22878,22881,22875,1,-1
2025-01-02 15:00:12.911,22878,22881,22875,1,-1
2025-01-02 15:00:14.605,22877,22880,22878,1,-1
2025-01-02 15:00:15.182,22877,22879,22879,1,1
2025-01-02 15:00:15.345,22878,22880,22881,1,1
2025-01-02 15:00:15.345,22878,22880,22880,2,2
2025-01-02 15:00:15.692,22879,22882,22880,1,-1
2025-01-02 15:00:16.852,22878,22882,22879,1,-1
2025-01-02 15:00:16.852,22878,22882,22878,1,-1
2025-01-02 15:00:17.102,22878,22882,22882,1,1
2025-01-02 15:00:17.137,22878,22882,22879,1,-1
2025-01-02 15:00:17.137,22878,22882,22878,1,-1
2025-01-02 15:00:17.363,22878,22880,22878,1,-1
2025-01-02 15:00:17.724,22877,22881,22881,1,1
2025-01-02 15:00:17.950,22877,22881,22881,1,1
2025-01-02 15:00:18.095,22878,22881,22877,1,-1
2025-01-02 15:00:19.967,22877,22879,22877,1,-1
2025-01-02 15:00:19.967,22877,22879,22876,1,-1
2025-01-02 15:00:21.460,22876,22879,22876,3,-3
2025-01-02 15:00:21.461,22876,22879,22875,1,-1
2025-01-02 15:00:21.462,22876,22879,22874,1,-1
2025-01-02 15:00:22.045,22872,22876,22872,1,-1
2025-01-02 15:00:22.780,22872,22876,22871,1,-1
2025-01-02 15:00:22.780,22872,22876,22872,1,-1
2025-01-02 15:00:24.163,22871,22875,22872,1,-1
2025-01-02 15:00:25.484,22871,22875,22872,1,-1
2025-01-02 15:00:25.918,22871,22875,22875,1,1
2025-01-02 15:00:26.031,22872,22875,22872,1,-1
2025-01-02 15:00:26.633,22872,22875,22872,1,-1
2025-01-02 15:00:26.709,22872,22875,22872,1,-1
2025-01-02 15:00:26.709,22872,22875,22872,1,-1
2025-01-02 15:00:27.063,22872,22875,22871,1,-1
2025-01-02 15:00:27.063,22872,22875,22871,1,-1
2025-01-02 15:00:27.089,22872,22875,22873,1,-1
2025-01-02 15:00:30.584,22872,22875,22873,1,-1
2025-01-02 15:00:32.394,22872,22875,22874,1,1
2025-01-02 15:00:32.910,22872,22875,22875,3,3
2025-01-02 15:00:32.911,22872,22875,22875,1,1
2025-01-02 15:00:33.695,22873,22876,22876,3,3
2025-01-02 15:00:33.947,22876,22877,22876,2,-2
2025-01-02 15:00:37.077,22872,22874,22874,2,2
2025-01-02 15:00:37.077,22872,22874,22875,1,1
2025-01-02 15:00:37.258,22872,22875,22872,1,-1
2025-01-02 15:00:38.229,22872,22874,22874,2,2
2025-01-02 15:00:39.388,22872,22875,22875,1,1
2025-01-02 15:00:40.556,22873,22875,22875,2,2
2025-01-02 15:00:42.026,22875,22877,22875,1,-1
2025-01-02 15:00:42.981,22874,22877,22874,1,-1
2025-01-02 15:00:42.981,22874,22877,22873,4,-4
2025-01-02 15:00:45.932,22874,22876,22876,1,1
2025-01-02 15:00:46.385,22874,22876,22874,1,-1
2025-01-02 15:00:47.041,22872,22874,22874,1,1
2025-01-02 15:00:47.041,22872,22874,22875,1,1
2025-01-02 15:00:50.129,22872,22874,22872,1,-1
2025-01-02 15:00:50.492,22872,22874,22872,2,-2
2025-01-02 15:00:50.493,22872,22874,22871,1,-1
2025-01-02 15:00:50.937,22870,22872,22870,1,-1
2025-01-02 15:00:51.689,22870,22872,22870,1,-1
2025-01-02 15:00:52.175,22871,22872,22871,1,-1
2025-01-02 15:00:52.680,22871,22872,22871,1,-1
2025-01-02 15:00:53.162,22871,22872,22871,1,-1
2025-01-02 15:00:54.710,22870,22871,22870,1,-1
2025-01-02 15:00:55.317,22867,22870,22871,2,2
2025-01-02 15:00:55.319,22867,22870,22872,2,2
2025-01-02 15:00:55.319,22867,22870,22872,2,2
2025-01-02 15:00:55.321,22867,22870,22872,3,3
2025-01-02 15:00:55.322,22867,22870,22873,2,2
2025-01-02 15:00:55.675,22872,22874,22871,1,-1
2025-01-02 15:00:56.816,22871,22873,22871,2,-2
2025-01-02 15:00:56.960,22870,22872,22872,1,1
2025-01-02 15:00:57.035,22870,22872,22872,1,1
2025-01-02 15:00:57.695,22872,22874,22872,1,-1
2025-01-02 15:00:59.592,22868,22871,22871,1,1
2025-01-02 15:01:00.031,22867,22870,22870,3,3
2025-01-02 15:01:00.032,22867,22870,22870,4,4
2025-01-02 15:01:00.052,22872,22873,22873,1,1
2025-01-02 15:01:00.052,22872,22873,22874,1,1
2025-01-02 15:01:00.055,22872,22873,22875,1,1
2025-01-02 15:01:00.057,22872,22873,22876,1,1
2025-01-02 15:01:00.058,22872,22873,22876,1,1
2025-01-02 15:01:00.058,22872,22873,22877,1,1
2025-01-02 15:01:00.060,22872,22873,22877,1,1
2025-01-02 15:01:00.060,22872,22873,22878,5,5
2025-01-02 15:01:00.060,22872,22873,22877,1,1
2025-01-02 15:01:00.077,22872,22873,22877,1,1
2025-01-02 15:01:00.102,22872,22873,22874,1,1
2025-01-02 15:01:00.126,22872,22873,22876,1,1
2025-01-02 15:01:00.137,22872,22873,22880,7,7
2025-01-02 15:01:00.137,22872,22873,22877,1,1
2025-01-02 15:01:00.137,22872,22873,22878,5,5
2025-01-02 15:01:00.137,22872,22873,22879,6,6
2025-01-02 15:01:00.154,22872,22873,22881,1,1
2025-01-02 15:01:00.154,22872,22873,22880,1,1
2025-01-02 15:01:00.163,22872,22873,22881,1,1
2025-01-02 15:01:00.168,22872,22873,22881,1,1
2025-01-02 15:01:00.169,22872,22873,22881,1,1
2025-01-02 15:01:00.169,22872,22873,22882,2,2
2025-01-02 15:01:00.174,22872,22873,22882,1,1
2025-01-02 15:01:00.174,22872,22873,22884,1,1
2025-01-02 15:01:00.183,22881,22884,22884,3,3
2025-01-02 15:01:00.183,22881,22884,22885,1,1
2025-01-02 15:01:00.244,22881,22884,22881,2,-2
2025-01-02 15:01:00.244,22881,22884,22880,1,-1
2025-01-02 15:01:00.331,22879,22883,22879,2,-2
2025-01-02 15:01:00.331,22879,22883,22878,1,-1
2025-01-02 15:01:00.338,22879,22883,22878,1,-1
2025-01-02 15:01:00.374,22879,22883,22878,2,-2
2025-01-02 15:01:00.374,22879,22883,22881,2,-2
2025-01-02 15:01:00.446,22876,22879,22882,1,1
2025-01-02 15:01:00.446,22876,22879,22881,1,1
2025-01-02 15:01:00.478,22876,22879,22876,1,-1
2025-01-02 15:01:00.635,22876,22882,22877,1,-1
2025-01-02 15:01:00.805,22876,22881,22876,1,-1
2025-01-02 15:01:00.805,22876,22881,22875,2,-2
2025-01-02 15:01:01.064,22875,22879,22875,1,-1
2025-01-02 15:01:01.065,22875,22879,22874,2,-2
2025-01-02 15:01:01.405,22872,22875,22871,1,-1
2025-01-02 15:01:04.253,22871,22873,22871,2,-2
2025-01-02 15:01:06.201,22871,22873,22871,1,-1
2025-01-02 15:01:07.600,22871,22873,22871,1,-1
2025-01-02 15:01:07.923,22871,22873,22873,1,1
2025-01-02 15:01:07.925,22871,22873,22874,1,1
2025-01-02 15:01:09.403,22874,22877,22877,1,1
2025-01-02 15:01:11.313,22874,22875,22874,1,-1
2025-01-02 15:01:11.397,22874,22875,22872,1,-1
2025-01-02 15:01:11.397,22874,22875,22871,2,-2
2025-01-02 15:01:11.931,22870,22873,22870,1,-1
2025-01-02 15:01:12.028,22870,22873,22870,1,-1
2025-01-02 15:01:13.728,22869,22871,22871,2,2
2025-01-02 15:01:15.271,22871,22872,22871,1,-1
2025-01-02 15:01:15.425,22870,22872,22872,1,1
2025-01-02 15:01:15.645,22872,22874,22871,1,-1
2025-01-02 15:01:17.839,22871,22874,22871,2,-2
2025-01-02 15:01:17.923,22871,22874,22870,2,-2
2025-01-02 15:01:17.993,22870,22872,22870,1,-1
2025-01-02 15:01:17.993,22870,22872,22869,1,-1
2025-01-02 15:01:18.736,22869,22871,22869,1,-1
2025-01-02 15:01:18.738,22869,22871,22868,3,-3
2025-01-02 15:01:18.752,22869,22871,22867,2,-2
2025-01-02 15:01:23.142,22866,22868,22868,2,2
2025-01-02 15:01:24.855,22868,22871,22868,1,-1
2025-01-02 15:01:27.464,22870,22871,22871,1,1
2025-01-02 15:01:27.471,22870,22871,22872,1,1
2025-01-02 15:01:27.489,22870,22871,22873,1,1
2025-01-02 15:01:28.024,22871,22874,22874,2,2
2025-01-02 15:01:30.543,22872,22874,22874,1,1
2025-01-02 15:01:30.969,22873,22875,22873,1,-1
2025-01-02 15:01:31.877,22872,22874,22872,1,-1
2025-01-02 15:01:32.571,22870,22872,22870,1,-1
2025-01-02 15:01:33.702,22868,22871,22871,1,1
2025-01-02 15:01:35.643,22869,22870,22870,1,1
2025-01-02 15:01:35.643,22869,22870,22870,1,1
2025-01-02 15:01:37.965,22869,22872,22872,1,1
2025-01-02 15:01:40.400,22869,22872,22872,1,1
2025-01-02 15:01:46.775,22869,22870,22869,1,-1
2025-01-02 15:01:46.929,22868,22869,22869,1,1
2025-01-02 15:01:48.467,22868,22869,22869,1,1
2025-01-02 15:01:48.468,22868,22869,22870,5,5
2025-01-02 15:01:48.635,22869,22871,22871,2,2
2025-01-02 15:01:49.524,22870,22872,22872,2,2
2025-01-02 15:01:50.525,22870,22872,22872,1,1
2025-01-02 15:01:51.744,22870,22872,22870,2,-2
2025-01-02 15:01:51.744,22870,22872,22870,1,-1
2025-01-02 15:01:52.525,22869,22872,22871,1,1
2025-01-02 15:01:55.335,22868,22871,22870,1,1
2025-01-02 15:02:00.078,22868,22871,22871,1,1
2025-01-02 15:02:00.311,22868,22871,22871,1,1
2025-01-02 15:02:00.477,22869,22871,22871,1,1
2025-01-02 15:02:00.601,22869,22871,22871,1,1
2025-01-02 15:02:00.669,22869,22871,22872,1,1
2025-01-02 15:02:00.763,22870,22872,22870,1,-1
2025-01-02 15:02:00.825,22870,22872,22870,1,-1
2025-01-02 15:02:03.143,22869,22870,22870,1,1
2025-01-02 15:02:03.360,22869,22870,22870,1,1
2025-01-02 15:02:03.360,22869,22870,22870,1,1
2025-01-02 15:02:03.609,22869,22871,22871,1,1
2025-01-02 15:02:03.707,22870,22872,22870,1,-1
2025-01-02 15:02:04.361,22870,22872,22872,1,1
2025-01-02 15:02:05.361,22870,22872,22872,1,1
2025-01-02 15:02:09.506,22870,22872,22870,1,-1
2025-01-02 15:02:09.567,22868,22871,22871,1,1
2025-01-02 15:02:12.723,22868,22871,22868,2,-2
2025-01-02 15:02:12.724,22868,22871,22867,3,-3
2025-01-02 15:02:12.726,22868,22871,22866,1,-1
2025-01-02 15:02:12.726,22868,22871,22866,6,-6
2025-01-02 15:02:12.872,22865,22867,22867,1,1
2025-01-02 15:02:13.873,22865,22867,22867,2,2
2025-01-02 15:02:15.777,22865,22867,22867,1,1
2025-01-02 15:02:20.076,22865,22867,22867,1,1
2025-01-02 15:02:20.875,22865,22868,22866,1,-1
2025-01-02 15:02:22.489,22866,22869,22866,2,-2
2025-01-02 15:02:25.700,22866,22868,22866,6,-6
2025-01-02 15:02:25.700,22866,22868,22865,4,-4
2025-01-02 15:02:26.902,22865,22868,22866,2,-2
2025-01-02 15:02:27.581,22866,22868,22868,1,1
2025-01-02 15:02:27.680,22867,22869,22869,1,1
2025-01-02 15:02:27.680,22867,22869,22869,1,1
2025-01-02 15:02:27.927,22867,22870,22870,1,1
2025-01-02 15:02:29.343,22868,22870,22868,2,-2
2025-01-02 15:02:29.927,22867,22869,22869,1,1
2025-01-02 15:02:32.451,22867,22869,22869,3,3
2025-01-02 15:02:32.927,22867,22870,22870,1,1
2025-01-02 15:02:33.404,22867,22870,22867,1,-1
2025-01-02 15:02:34.872,22867,22869,22869,1,1
2025-01-02 15:02:36.788,22870,22871,22871,1,1
2025-01-02 15:02:36.788,22870,22871,22871,1,1
2025-01-02 15:02:36.953,22870,22872,22872,1,1
2025-01-02 15:02:37.327,22870,22872,22872,2,2
2025-01-02 15:02:37.327,22870,22872,22872,4,4
2025-01-02 15:02:37.327,22870,22872,22872,6,6
2025-01-02 15:02:37.327,22870,22872,22872,1,1
2025-01-02 15:02:37.430,22872,22873,22873,1,1
2025-01-02 15:02:37.431,22872,22873,22873,1,1
2025-01-02 15:02:37.683,22872,22874,22872,2,-2
2025-01-02 15:02:40.034,22871,22872,22871,1,-1
2025-01-02 15:02:42.087,22870,22872,22872,3,3
2025-01-02 15:02:42.437,22870,22873,22870,2,-2
2025-01-02 15:02:43.035,22870,22872,22872,1,1
2025-01-02 15:02:43.087,22870,22872,22872,1,1
2025-01-02 15:02:44.086,22870,22872,22872,1,1
2025-01-02 15:02:45.539,22870,22872,22870,5,-5
2025-01-02 15:02:46.086,22868,22871,22871,1,1
2025-01-02 15:02:46.606,22868,22871,22871,1,1
2025-01-02 15:02:51.290,22868,22871,22871,1,1
2025-01-02 15:02:51.291,22868,22871,22871,2,2
2025-01-02 15:02:53.224,22870,22872,22872,1,1
2025-01-02 15:02:53.576,22870,22872,22872,1,1
2025-01-02 15:02:54.572,22870,22871,22871,1,1
2025-01-02 15:02:55.601,22870,22871,22871,1,1
2025-01-02 15:03:00.042,22870,22873,22873,2,2
2025-01-02 15:03:00.043,22870,22873,22874,2,2
2025-01-02 15:03:00.051,22870,22873,22874,2,2
2025-01-02 15:03:00.055,22872,22875,22875,2,2
2025-01-02 15:03:00.057,22872,22875,22875,1,1
2025-01-02 15:03:00.057,22872,22875,22875,1,1
2025-01-02 15:03:00.057,22872,22875,22875,1,1
2025-01-02 15:03:00.058,22872,22875,22875,3,3
2025-01-02 15:03:00.058,22872,22875,22876,1,1
2025-01-02 15:03:00.058,22872,22875,22875,1,1
2025-01-02 15:03:00.059,22872,22875,22876,1,1
2025-01-02 15:03:00.059,22872,22875,22877,2,2
2025-01-02 15:03:00.109,22872,22875,22877,1,1
2025-01-02 15:03:00.224,22875,22877,22877,2,2
2025-01-02 15:03:00.302,22875,22877,22877,1,1
2025-01-02 15:03:00.340,22875,22877,22878,1,1
2025-01-02 15:03:00.348,22875,22877,22878,2,2
2025-01-02 15:03:00.418,22875,22877,22877,1,1
2025-01-02 15:03:00.500,22876,22878,22878,1,1
2025-01-02 15:03:00.532,22876,22878,22878,2,2
2025-01-02 15:03:00.536,22876,22878,22878,1,1
2025-01-02 15:03:00.537,22876,22878,22879,1,1
2025-01-02 15:03:00.549,22876,22878,22879,1,1
2025-01-02 15:03:00.570,22877,22879,22879,1,1
2025-01-02 15:03:00.571,22877,22879,22879,1,1
2025-01-02 15:03:00.610,22877,22879,22880,1,1
2025-01-02 15:03:00.754,22878,22880,22880,1,1
2025-01-02 15:03:00.788,22878,22880,22880,2,2
2025-01-02 15:03:00.819,22877,22880,22880,1,1
2025-01-02 15:03:01.250,22877,22880,22880,4,4
2025-01-02 15:03:01.305,22878,22880,22881,1,1
2025-01-02 15:03:01.305,22878,22880,22881,1,1
2025-01-02 15:03:01.305,22878,22880,22881,1,1
2025-01-02 15:03:01.305,22878,22880,22881,1,1
2025-01-02 15:03:01.305,22878,22880,22881,1,1
2025-01-02 15:03:01.305,22878,22880,22881,1,1
2025-01-02 15:03:01.305,22878,22880,22880,1,1
2025-01-02 15:03:01.305,22878,22880,22880,1,1
2025-01-02 15:03:01.305,22878,22880,22881,1,1
2025-01-02 15:03:01.306,22878,22880,22882,1,1
2025-01-02 15:03:01.306,22878,22880,22882,1,1
2025-01-02 15:03:01.307,22878,22880,22882,1,1
2025-01-02 15:03:01.308,22878,22880,22880,1,1
2025-01-02 15:03:01.315,22878,22880,22882,1,1
2025-01-02 15:03:01.410,22878,22880,22879,1,1
2025-01-02 15:03:01.782,22878,22881,22881,1,1
2025-01-02 15:03:01.951,22878,22881,22881,2,2
2025-01-02 15:03:01.951,22878,22881,22882,2,2
2025-01-02 15:03:03.250,22879,22881,22881,1,1
2025-01-02 15:03:04.250,22880,22882,22882,1,1
2025-01-02 15:03:04.251,22880,22882,22882,1,1
2025-01-02 15:03:06.893,22879,22882,22880,1,-1
2025-01-02 15:03:06.905,22879,22882,22879,1,-1
2025-01-02 15:03:07.402,22879,22881,22879,2,-2
2025-01-02 15:03:07.430,22878,22880,22881,1,1
2025-01-02 15:03:07.430,22878,22880,22881,1,1
2025-01-02 15:03:07.430,22878,22880,22881,1,1
2025-01-02 15:03:07.430,22878,22880,22882,1,1
2025-01-02 15:03:07.430,22878,22880,22882,1,1
2025-01-02 15:03:07.431,22878,22880,22882,1,1
2025-01-02 15:03:07.431,22878,22880,22882,1,1
2025-01-02 15:03:07.431,22878,22880,22882,1,1
2025-01-02 15:03:07.431,22878,22880,22882,1,1
2025-01-02 15:03:07.494,22878,22880,22882,1,1
2025-01-02 15:03:07.729,22880,22883,22883,1,1
2025-01-02 15:03:07.938,22880,22883,22883,1,1
2025-01-02 15:03:08.179,22881,22884,22884,1,1
2025-01-02 15:03:08.391,22881,22884,22884,1,1
2025-01-02 15:03:08.394,22881,22884,22883,1,1
2025-01-02 15:03:08.428,22882,22884,22885,2,2
2025-01-02 15:03:08.428,22882,22884,22884,3,3
2025-01-02 15:03:08.482,22882,22884,22885,5,5
2025-01-02 15:03:08.591,22883,22886,22886,1,1
2025-01-02 15:03:09.003,22883,22885,22883,1,-1
2025-01-02 15:03:09.040,22883,22885,22883,1,-1
2025-01-02 15:03:09.092,22882,22885,22882,1,-1
2025-01-02 15:03:09.427,22881,22884,22884,1,1
2025-01-02 15:03:09.659,22882,22885,22885,1,1
2025-01-02 15:03:10.164,22882,22885,22882,1,-1
2025-01-02 15:03:10.427,22881,22884,22884,1,1
2025-01-02 15:03:10.537,22881,22884,22882,1,-1
2025-01-02 15:03:11.418,22881,22884,22884,1,1
2025-01-02 15:03:11.427,22881,22884,22884,2,2
2025-01-02 15:03:12.070,22883,22885,22883,1,-1
2025-01-02 15:03:12.428,22881,22884,22884,1,1
2025-01-02 15:03:12.454,22881,22884,22885,1,1
2025-01-02 15:03:13.454,22882,22884,22884,1,1
2025-01-02 15:03:13.515,22882,22884,22882,2,-2
2025-01-02 15:03:13.738,22881,22884,22881,1,-1
2025-01-02 15:03:14.200,22880,22883,22883,1,1
2025-01-02 15:03:14.429,22880,22883,22882,1,1
2025-01-02 15:03:14.455,22880,22883,22883,2,2
2025-01-02 15:03:15.454,22880,22883,22883,1,1
2025-01-02 15:03:17.136,22880,22883,22883,1,1
2025-01-02 15:03:20.073,22882,22884,22882,2,-2
2025-01-02 15:03:20.180,22882,22884,22884,1,1
2025-01-02 15:03:20.181,22882,22884,22884,1,1
2025-01-02 15:03:20.181,22882,22884,22884,1,1
2025-01-02 15:03:20.181,22882,22884,22885,1,1
2025-01-02 15:03:20.181,22882,22884,22885,1,1
2025-01-02 15:03:21.032,22883,22885,22883,1,-1
2025-01-02 15:03:21.512,22882,22884,22884,2,2
2025-01-02 15:03:25.327,22880,22882,22880,1,-1
2025-01-02 15:03:25.327,22880,22882,22880,1,-1
2025-01-02 15:03:25.327,22880,22882,22880,2,-2
2025-01-02 15:03:27.222,22880,22881,22880,3,-3
2025-01-02 15:03:27.223,22880,22881,22879,4,-4
2025-01-02 15:03:28.291,22878,22880,22880,1,1
2025-01-02 15:03:28.304,22878,22880,22880,1,1
2025-01-02 15:03:28.306,22878,22880,22880,1,1
2025-01-02 15:03:28.306,22878,22880,22880,1,1
2025-01-02 15:03:28.306,22878,22880,22880,1,1
2025-01-02 15:03:28.721,22879,22880,22880,1,1
2025-01-02 15:03:28.722,22879,22880,22880,2,2
2025-01-02 15:03:29.291,22879,22882,22882,2,2
2025-01-02 15:03:33.426,22879,22881,22881,1,1
2025-01-02 15:03:33.495,22879,22881,22879,1,-1
2025-01-02 15:03:34.262,22878,22880,22880,1,1
2025-01-02 15:03:37.828,22878,22880,22878,1,-1
2025-01-02 15:03:39.168,22876,22878,22878,3,3
2025-01-02 15:03:39.180,22876,22879,22879,1,1
2025-01-02 15:03:39.181,22876,22879,22880,1,1
2025-01-02 15:03:39.181,22876,22879,22879,1,1
2025-01-02 15:03:39.181,22876,22879,22879,1,1
2025-01-02 15:03:40.280,22877,22880,22880,1,1
2025-01-02 15:03:43.485,22879,22880,22879,1,-1
2025-01-02 15:03:48.501,22876,22878,22878,1,1
2025-01-02 15:03:53.288,22876,22878,22876,1,-1
2025-01-02 15:03:53.292,22876,22878,22876,1,-1
2025-01-02 15:03:53.305,22875,22877,22877,1,1
2025-01-02 15:03:53.307,22875,22877,22877,1,1
2025-01-02 15:03:53.996,22875,22877,22877,1,1
2025-01-02 15:03:56.096,22876,22877,22877,2,2
2025-01-02 15:03:56.238,22877,22878,22877,1,-1
2025-01-02 15:03:58.419,22877,22878,22877,1,-1
2025-01-02 15:03:58.997,22875,22877,22877,1,1
2025-01-02 15:04:00.028,22876,22878,22878,1,1
2025-01-02 15:04:00.028,22876,22878,22879,1,1
2025-01-02 15:04:01.024,22877,22880,22880,1,1
2025-01-02 15:04:01.054,22877,22880,22880,1,1
2025-01-02 15:04:01.055,22877,22880,22880,1,1
2025-01-02 15:04:01.351,22878,22880,22880,1,1
2025-01-02 15:04:01.393,22878,22880,22880,2,2
2025-01-02 15:04:01.394,22878,22880,22880,1,1
2025-01-02 15:04:01.394,22878,22880,22880,1,1
2025-01-02 15:04:01.394,22878,22880,22880,2,2
2025-01-02 15:04:01.394,22878,22880,22880,1,1
2025-01-02 15:04:01.394,22878,22880,22880,1,1
2025-01-02 15:04:01.395,22878,22880,22880,1,1
2025-01-02 15:04:08.232,22879,22881,22880,1,1
2025-01-02 15:04:08.232,22879,22881,22881,1,1
2025-01-02 15:04:08.842,22878,22881,22881,1,1
2025-01-02 15:04:08.910,22878,22881,22881,1,1
2025-01-02 15:04:08.947,22878,22881,22881,1,1
2025-01-02 15:04:09.091,22878,22881,22881,1,1
2025-01-02 15:04:09.180,22878,22881,22881,1,1
2025-01-02 15:04:18.401,22877,22880,22880,2,2
2025-01-02 15:04:21.519,22877,22880,22880,1,1
2025-01-02 15:04:21.555,22878,22880,22880,1,1
2025-01-02 15:04:21.555,22878,22880,22880,1,1
2025-01-02 15:04:21.555,22878,22880,22880,1,1
2025-01-02 15:04:21.556,22878,22880,22880,1,1
2025-01-02 15:04:21.556,22878,22880,22880,1,1
2025-01-02 15:04:21.557,22878,22880,22881,1,1
2025-01-02 15:04:21.557,22878,22880,22881,1,1
2025-01-02 15:04:21.560,22878,22880,22881,1,1
2025-01-02 15:04:24.318,22880,22881,22881,1,1
2025-01-02 15:04:24.319,22880,22881,22881,2,2
2025-01-02 15:04:24.657,22881,22882,22881,2,-2
2025-01-02 15:04:27.428,22880,22881,22880,2,-2
2025-01-02 15:04:27.454,22880,22881,22880,2,-2
2025-01-02 15:04:27.470,22880,22881,22880,1,-1
2025-01-02 15:04:27.912,22877,22880,22877,1,-1
2025-01-02 15:04:28.453,22877,22880,22880,1,1
2025-01-02 15:04:30.570,22877,22880,22877,1,-1
2025-01-02 15:04:34.727,22877,22879,22879,3,3
2025-01-02 15:04:34.727,22877,22879,22880,2,2
2025-01-02 15:04:37.333,22877,22880,22879,2,2
2025-01-02 15:04:38.326,22877,22879,22879,1,1
2025-01-02 15:04:38.430,22877,22879,22879,1,1
2025-01-02 15:04:38.430,22877,22879,22879,1,1
2025-01-02 15:04:39.334,22877,22879,22879,1,1
2025-01-02 15:04:40.518,22877,22879,22877,4,-4
2025-01-02 15:04:40.538,22877,22879,22876,2,-2
2025-01-02 15:04:40.972,22875,22877,22875,5,-5
2025-01-02 15:04:41.334,22873,22875,22875,1,1
2025-01-02 15:04:45.029,22873,22876,22876,1,1
2025-01-02 15:04:48.310,22873,22876,22876,1,1
2025-01-02 15:04:49.304,22874,22876,22876,2,2
2025-01-02 15:04:49.372,22874,22876,22878,1,1
2025-01-02 15:04:49.372,22874,22876,22878,1,1
2025-01-02 15:04:50.813,22876,22879,22876,1,-1
2025-01-02 15:04:56.718,22874,22875,22875,1,1
2025-01-02 15:04:56.849,22874,22875,22874,1,-1
2025-01-02 15:04:58.137,22874,22875,22875,1,1
2025-01-02 15:04:59.597,22874,22876,22874,1,-1
2025-01-02 15:05:01.597,22874,22876,22874,1,-1
2025-01-02 15:05:01.683,22874,22876,22876,1,1
2025-01-02 15:05:01.683,22874,22876,22876,1,1
2025-01-02 15:05:01.683,22874,22876,22876,1,1
2025-01-02 15:05:01.684,22874,22876,22876,1,1
2025-01-02 15:05:02.040,22876,22877,22877,1,1
2025-01-02 15:05:02.055,22876,22877,22876,1,-1
2025-01-02 15:05:02.055,22876,22877,22877,1,1
2025-01-02 15:05:02.173,22876,22877,22877,2,2
2025-01-02 15:05:02.173,22876,22877,22878,4,4
2025-01-02 15:05:02.173,22876,22877,22879,8,8
2025-01-02 15:05:02.211,22877,22880,22879,1,1
2025-01-02 15:05:02.211,22877,22880,22879,5,5
2025-01-02 15:05:02.211,22877,22880,22879,1,1
2025-01-02 15:05:02.688,22876,22879,22879,2,2
2025-01-02 15:05:03.039,22876,22879,22879,2,2
2025-01-02 15:05:07.292,22877,22879,22877,1,-1
2025-01-02 15:05:07.296,22877,22879,22877,1,-1
2025-01-02 15:05:07.318,22876,22878,22877,1,-1
2025-01-02 15:05:07.319,22876,22878,22878,2,2
2025-01-02 15:05:08.318,22877,22879,22879,1,1
2025-01-02 15:05:08.429,22877,22879,22879,1,1
2025-01-02 15:05:08.429,22877,22879,22879,1,1
2025-01-02 15:05:08.429,22877,22879,22879,1,1
2025-01-02 15:05:08.430,22877,22879,22879,1,1
2025-01-02 15:05:08.431,22877,22879,22880,1,1
2025-01-02 15:05:11.581,22877,22879,22877,1,-1
2025-01-02 15:05:15.498,22876,22878,22876,1,-1
2025-01-02 15:05:15.502,22876,22878,22875,1,-1
2025-01-02 15:05:15.523,22876,22878,22876,1,-1
2025-01-02 15:05:15.525,22876,22878,22875,2,-2
2025-01-02 15:05:18.713,22873,22876,22876,1,1
2025-01-02 15:05:19.776,22873,22876,22873,1,-1
2025-01-02 15:05:19.805,22873,22876,22876,1,1
2025-01-02 15:05:19.805,22873,22876,22876,1,1
2025-01-02 15:05:21.316,22873,22876,22873,1,-1
2025-01-02 15:05:25.124,22872,22875,22875,1,1
2025-01-02 15:05:25.125,22872,22875,22875,2,2
2025-01-02 15:05:26.741,22874,22876,22874,1,-1
2025-01-02 15:05:28.326,22874,22875,22875,6,6
2025-01-02 15:05:28.327,22874,22875,22876,1,1
2025-01-02 15:05:28.430,22875,22877,22877,1,1
2025-01-02 15:05:28.431,22875,22877,22878,1,1
2025-01-02 15:05:28.431,22875,22877,22878,1,1
2025-01-02 15:05:28.572,22877,22878,22878,2,2
2025-01-02 15:05:29.296,22877,22879,22877,1,-1
2025-01-02 15:05:29.860,22877,22879,22877,1,-1
2025-01-02 15:05:33.991,22877,22878,22876,1,-1
2025-01-02 15:05:34.953,22875,22877,22877,1,1
2025-01-02 15:05:36.174,22874,22877,22877,3,3
2025-01-02 15:05:36.174,22874,22877,22878,1,1
2025-01-02 15:05:36.834,22875,22878,22875,1,-1
2025-01-02 15:05:37.180,22875,22878,22878,1,1
2025-01-02 15:05:37.305,22875,22878,22878,1,1
2025-01-02 15:05:37.306,22875,22878,22879,1,1
2025-01-02 15:05:42.978,22876,22877,22876,4,-4
2025-01-02 15:05:43.235,22875,22877,22877,1,1
2025-01-02 15:05:43.362,22875,22877,22877,1,1
2025-01-02 15:05:45.725,22875,22878,22878,3,3
2025-01-02 15:05:48.030,22875,22878,22875,2,-2
2025-01-02 15:05:48.055,22875,22878,22878,1,1
2025-01-02 15:05:49.332,22875,22878,22875,1,-1
2025-01-02 15:05:53.816,22875,22877,22875,2,-2
2025-01-02 15:05:53.841,22875,22877,22877,1,1
2025-01-02 15:06:01.827,22875,22877,22874,2,-2
2025-01-02 15:06:01.827,22875,22877,22875,1,-1
2025-01-02 15:06:02.149,22873,22876,22876,4,4
2025-01-02 15:06:02.151,22873,22876,22877,2,2
2025-01-02 15:06:02.181,22874,22877,22877,1,1
2025-01-02 15:06:02.382,22875,22878,22878,2,2
2025-01-02 15:06:04.623,22874,22877,22877,3,3
2025-01-02 15:06:08.181,22876,22878,22876,1,-1
2025-01-02 15:06:10.529,22875,22877,22877,1,1
2025-01-02 15:06:10.529,22875,22877,22878,2,2
2025-01-02 15:06:15.195,22876,22878,22878,1,1
2025-01-02 15:06:21.314,22876,22878,22876,2,-2
2025-01-02 15:06:22.038,22875,22878,22875,2,-2
2025-01-02 15:06:22.558,22875,22878,22877,2,2
2025-01-02 15:06:24.224,22875,22878,22877,1,1
2025-01-02 15:06:28.876,22875,22878,22878,1,1
2025-01-02 15:06:32.533,22876,22878,22876,1,-1
2025-01-02 15:06:32.555,22876,22878,22878,1,1
2025-01-02 15:06:36.893,22876,22878,22876,6,-6
2025-01-02 15:06:36.895,22876,22878,22875,1,-1
2025-01-02 15:06:40.705,22874,22877,22874,1,-1
2025-01-02 15:06:40.806,22873,22876,22876,1,1
2025-01-02 15:06:45.318,22873,22876,22873,1,-1
2025-01-02 15:06:49.428,22873,22875,22873,1,-1
2025-01-02 15:06:49.428,22873,22875,22873,3,-3
2025-01-02 15:06:49.430,22873,22875,22872,2,-2
2025-01-02 15:06:50.453,22871,22873,22873,2,2
2025-01-02 15:06:51.497,22871,22873,22872,1,1
2025-01-02 15:06:54.698,22871,22873,22871,1,-1
2025-01-02 15:06:54.909,22871,22873,22871,1,-1
2025-01-02 15:06:55.138,22871,22873,22871,1,-1
2025-01-02 15:06:55.398,22871,22873,22871,1,-1
2025-01-02 15:06:55.579,22871,22873,22871,1,-1
2025-01-02 15:06:55.758,22870,22873,22870,1,-1
2025-01-02 15:06:55.817,22870,22873,22870,1,-1
2025-01-02 15:06:56.184,22870,22873,22870,1,-1
2025-01-02 15:06:57.904,22871,22873,22871,4,-4
2025-01-02 15:06:58.930,22871,22873,22873,2,2
2025-01-02 15:07:03.224,22870,22872,22870,2,-2
2025-01-02 15:07:03.886,22868,22870,22870,2,2
2025-01-02 15:07:05.741,22868,22870,22868,1,-1
2025-01-02 15:07:05.827,22868,22870,22868,1,-1
2025-01-02 15:07:05.828,22868,22870,22868,2,-2
2025-01-02 15:07:05.997,22867,22870,22870,1,1
2025-01-02 15:07:06.853,22868,22870,22870,1,1
2025-01-02 15:07:08.010,22867,22870,22867,1,-1
2025-01-02 15:07:09.866,22867,22870,22867,2,-2
2025-01-02 15:07:10.635,22867,22869,22868,2,-2
2025-01-02 15:07:10.958,22867,22868,22867,2,-2
2025-01-02 15:07:12.441,22868,22870,22868,1,-1
2025-01-02 15:07:16.192,22868,22870,22868,3,-3
2025-01-02 15:07:16.340,22867,22869,22867,1,-1
2025-01-02 15:07:21.817,22866,22868,22866,1,-1
2025-01-02 15:07:22.389,22866,22868,22868,1,1
2025-01-02 15:07:23.545,22867,22868,22867,2,-2
2025-01-02 15:07:23.545,22867,22868,22866,5,-5
2025-01-02 15:07:26.532,22865,22866,22866,1,1
2025-01-02 15:07:28.001,22865,22866,22865,6,-6
2025-01-02 15:07:28.002,22865,22866,22865,1,-1
2025-01-02 15:07:28.002,22865,22866,22865,2,-2
2025-01-02 15:07:30.263,22863,22865,22863,1,-1
2025-01-02 15:07:30.263,22863,22865,22863,1,-1
2025-01-02 15:07:32.187,22862,22864,22864,2,2
2025-01-02 15:07:33.180,22863,22865,22863,1,-1
2025-01-02 15:07:35.575,22863,22865,22863,2,-2
2025-01-02 15:07:35.979,22864,22866,22865,1,-1
2025-01-02 15:07:36.024,22864,22866,22867,1,1
2025-01-02 15:07:36.221,22866,22868,22866,1,-1
2025-01-02 15:07:41.300,22864,22867,22867,2,2
2025-01-02 15:07:43.121,22866,22868,22866,1,-1
2025-01-02 15:07:44.149,22864,22867,22867,2,2
2025-01-02 15:07:48.228,22865,22867,22865,1,-1
2025-01-02 15:07:50.001,22866,22867,22866,1,-1
2025-01-02 15:07:51.774,22865,22867,22867,1,1
2025-01-02 15:07:51.844,22865,22867,22865,1,-1
2025-01-02 15:07:56.960,22865,22867,22867,2,2
2025-01-02 15:08:01.144,22865,22867,22865,3,-3
2025-01-02 15:08:01.489,22865,22867,22867,1,1
2025-01-02 15:08:01.489,22865,22867,22867,1,1
2025-01-02 15:08:01.490,22865,22867,22867,3,3
2025-01-02 15:08:01.493,22865,22867,22868,1,1
2025-01-02 15:08:01.495,22865,22867,22868,3,3
2025-01-02 15:08:01.500,22865,22867,22869,3,3
2025-01-02 15:08:01.514,22865,22867,22869,1,1
2025-01-02 15:08:01.516,22865,22867,22869,1,1
2025-01-02 15:08:01.518,22865,22867,22868,1,1
2025-01-02 15:08:01.667,22867,22869,22868,1,1
2025-01-02 15:08:01.707,22866,22869,22869,3,3
2025-01-02 15:08:01.873,22867,22869,22869,1,1
2025-01-02 15:08:02.707,22867,22869,22869,2,2
2025-01-02 15:08:03.174,22867,22869,22869,1,1
2025-01-02 15:08:05.070,22867,22868,22867,1,-1
2025-01-02 15:08:05.763,22865,22867,22865,1,-1
2025-01-02 15:08:06.919,22865,22867,22867,1,1
2025-01-02 15:08:11.263,22866,22867,22867,1,1
2025-01-02 15:08:12.264,22866,22868,22868,1,1
2025-01-02 15:08:13.614,22866,22868,22866,2,-2
2025-01-02 15:08:20.587,22865,22867,22865,2,-2
2025-01-02 15:08:22.270,22864,22866,22866,1,1
2025-01-02 15:08:26.810,22864,22866,22865,1,1
2025-01-02 15:08:30.841,22864,22866,22866,1,1
2025-01-02 15:08:33.123,22865,22866,22866,1,1
2025-01-02 15:08:33.124,22865,22866,22867,4,4
2025-01-02 15:08:33.126,22865,22866,22868,1,1
2025-01-02 15:08:33.339,22867,22869,22867,1,-1
2025-01-02 15:08:33.842,22867,22869,22869,1,1
2025-01-02 15:08:34.787,22867,22869,22867,1,-1
2025-01-02 15:08:34.850,22867,22869,22867,2,-2
2025-01-02 15:08:38.657,22867,22869,22869,1,1
2025-01-02 15:08:40.965,22866,22869,22869,1,1
2025-01-02 15:08:49.309,22866,22869,22866,1,-1
2025-01-02 15:08:51.849,22865,22867,22867,1,1
2025-01-02 15:08:59.760,22867,22868,22868,1,1
2025-01-02 15:09:00.450,22867,22869,22867,1,-1
2025-01-02 15:09:01.705,22866,22868,22868,1,1
2025-01-02 15:09:02.270,22866,22867,22866,1,-1
2025-01-02 15:09:02.394,22866,22867,22867,1,1
2025-01-02 15:09:03.775,22866,22867,22867,2,2
2025-01-02 15:09:03.775,22866,22867,22868,1,1
2025-01-02 15:09:04.649,22866,22868,22866,2,-2
2025-01-02 15:09:08.416,22866,22868,22868,1,1
2025-01-02 15:09:11.799,22866,22867,22866,1,-1
2025-01-02 15:09:11.799,22866,22867,22866,2,-2
2025-01-02 15:09:14.875,22865,22867,22865,3,-3
2025-01-02 15:09:15.251,22864,22866,22866,1,1
2025-01-02 15:09:15.258,22864,22866,22866,2,2
2025-01-02 15:09:16.786,22864,22866,22864,5,-5
2025-01-02 15:09:16.786,22864,22866,22863,1,-1
2025-01-02 15:09:16.810,22863,22865,22865,1,1
2025-01-02 15:09:17.184,22863,22866,22866,2,2
2025-01-02 15:09:17.567,22863,22865,22865,1,1
2025-01-02 15:09:19.141,22865,22867,22865,1,-1
2025-01-02 15:09:23.633,22865,22867,22865,1,-1
2025-01-02 15:09:23.633,22865,22867,22864,1,-1
2025-01-02 15:09:27.911,22865,22867,22865,1,-1
2025-01-02 15:09:29.550,22865,22867,22865,2,-2
2025-01-02 15:09:31.566,22865,22867,22865,5,-5
2025-01-02 15:09:35.993,22863,22864,22864,1,1
2025-01-02 15:09:52.924,22862,22863,22863,2,2
2025-01-02 15:09:58.456,22862,22864,22862,2,-2
2025-01-02 15:09:58.578,22862,22864,22862,1,-1
2025-01-02 15:10:00.536,22862,22864,22864,2,2
2025-01-02 15:10:00.758,22862,22864,22864,1,1
2025-01-02 15:10:00.785,22862,22864,22862,1,-1
2025-01-02 15:10:00.922,22862,22864,22864,1,1
2025-01-02 15:10:01.127,22863,22865,22865,1,1
2025-01-02 15:10:01.334,22863,22865,22865,1,1
2025-01-02 15:10:10.372,22861,22862,22862,1,1
2025-01-02 15:10:13.551,22863,22864,22863,2,-2
2025-01-02 15:10:13.556,22863,22864,22864,1,1
2025-01-02 15:10:15.842,22863,22864,22864,1,1
2025-01-02 15:10:17.915,22862,22864,22862,1,-1
2025-01-02 15:10:18.526,22861,22863,22863,1,1
2025-01-02 15:10:27.774,22861,22862,22861,1,-1
2025-01-02 15:10:28.014,22861,22862,22862,1,1
2025-01-02 15:10:29.959,22861,22862,22861,1,-1
2025-01-02 15:10:31.705,22860,22861,22860,3,-3
2025-01-02 15:10:33.275,22859,22860,22859,1,-1
2025-01-02 15:10:34.752,22858,22860,22858,1,-1
2025-01-02 15:10:40.834,22858,22859,22858,1,-1
2025-01-02 15:10:40.834,22858,22859,22858,1,-1
2025-01-02 15:10:40.901,22858,22859,22857,1,-1
2025-01-02 15:10:41.581,22857,22858,22858,1,1
2025-01-02 15:10:42.298,22857,22859,22857,4,-4
2025-01-02 15:10:44.498,22856,22857,22856,2,-2
2025-01-02 15:10:44.504,22856,22857,22856,1,-1
2025-01-02 15:10:46.383,22855,22857,22855,1,-1
2025-01-02 15:10:46.403,22855,22857,22854,1,-1
2025-01-02 15:10:46.620,22853,22855,22853,2,-2
2025-01-02 15:10:46.623,22853,22855,22853,4,-4
2025-01-02 15:10:46.624,22853,22855,22853,3,-3
2025-01-02 15:10:49.098,22852,22854,22852,1,-1
2025-01-02 15:10:49.198,22851,22852,22851,1,-1
2025-01-02 15:10:49.262,22851,22852,22850,2,-2
2025-01-02 15:10:49.262,22851,22852,22851,1,-1
2025-01-02 15:10:49.376,22850,22852,22850,1,-1
2025-01-02 15:10:50.562,22850,22852,22850,2,-2
2025-01-02 15:10:50.562,22850,22852,22849,3,-3
2025-01-02 15:10:51.665,22849,22852,22849,1,-1
2025-01-02 15:10:52.477,22849,22852,22848,2,-2
2025-01-02 15:10:53.132,22848,22850,22850,2,2
2025-01-02 15:10:53.299,22848,22851,22851,1,1
2025-01-02 15:10:55.350,22850,22852,22850,1,-1
2025-01-02 15:10:55.542,22850,22852,22850,1,-1
2025-01-02 15:10:55.775,22849,22851,22849,1,-1
2025-01-02 15:10:56.381,22848,22851,22851,1,1
2025-01-02 15:10:56.536,22848,22851,22848,1,-1
2025-01-02 15:10:59.125,22849,22851,22849,1,-1
2025-01-02 15:10:59.656,22849,22851,22849,1,-1
2025-01-02 15:11:00.010,22849,22852,22852,1,1
2025-01-02 15:11:01.207,22851,22852,22852,1,1
2025-01-02 15:11:01.210,22851,22852,22852,3,3
2025-01-02 15:11:01.211,22851,22852,22853,3,3
2025-01-02 15:11:01.304,22853,22854,22854,1,1
2025-01-02 15:11:01.305,22853,22854,22854,1,1
2025-01-02 15:11:04.940,22854,22855,22854,2,-2
2025-01-02 15:11:06.705,22851,22854,22851,1,-1
2025-01-02 15:11:07.515,22850,22853,22853,1,1
2025-01-02 15:11:10.964,22851,22853,22851,2,-2
2025-01-02 15:11:11.492,22851,22854,22854,2,2
2025-01-02 15:11:15.088,22852,22854,22854,1,1
2025-01-02 15:11:17.255,22852,22854,22852,3,-3
2025-01-02 15:11:21.185,22852,22854,22854,2,2
2025-01-02 15:11:21.186,22852,22854,22854,5,5
2025-01-02 15:11:21.306,22853,22855,22855,1,1
2025-01-02 15:11:21.307,22853,22855,22855,5,5
2025-01-02 15:11:21.310,22853,22855,22856,1,1
2025-01-02 15:11:22.530,22855,22857,22857,1,1
2025-01-02 15:11:24.185,22857,22858,22857,1,-1
2025-01-02 15:11:26.512,22857,22858,22857,1,-1
2025-01-02 15:11:26.746,22856,22857,22856,2,-2
2025-01-02 15:11:26.770,22856,22857,22856,1,-1
2025-01-02 15:11:30.737,22855,22857,22855,1,-1
2025-01-02 15:11:30.737,22855,22857,22854,2,-2
2025-01-02 15:11:35.177,22852,22853,22853,1,1
2025-01-02 15:11:35.178,22852,22853,22853,1,1
2025-01-02 15:11:38.498,22852,22854,22854,1,1
2025-01-02 15:11:38.555,22852,22855,22855,1,1
2025-01-02 15:11:45.970,22852,22853,22852,1,-1
2025-01-02 15:11:45.971,22852,22853,22852,1,-1
2025-01-02 15:11:45.971,22852,22853,22852,2,-2
2025-01-02 15:11:45.971,22852,22853,22852,1,-1
2025-01-02 15:11:45.971,22852,22853,22852,1,-1
2025-01-02 15:11:48.767,22852,22853,22852,1,-1
2025-01-02 15:11:51.719,22851,22852,22852,1,1
2025-01-02 15:11:52.129,22851,22852,22852,3,3
2025-01-02 15:11:53.312,22851,22853,22852,1,1
2025-01-02 15:11:54.713,22851,22853,22853,5,5
2025-01-02 15:11:58.205,22854,22856,22854,1,-1
2025-01-02 15:12:03.047,22855,22856,22856,2,2
2025-01-02 15:12:03.048,22855,22856,22856,2,2
2025-01-02 15:12:03.048,22855,22856,22856,2,2
2025-01-02 15:12:03.356,22855,22857,22857,2,2
2025-01-02 15:12:09.041,22855,22857,22857,1,1
2025-01-02 15:12:16.765,22856,22857,22857,1,1
2025-01-02 15:12:16.765,22856,22857,22857,1,1
2025-01-02 15:12:16.765,22856,22857,22857,1,1
2025-01-02 15:12:18.567,22856,22858,22858,4,4
2025-01-02 15:12:20.882,22858,22859,22859,1,1
2025-01-02 15:12:20.882,22858,22859,22859,1,1
2025-01-02 15:12:21.153,22858,22860,22858,1,-1
2025-01-02 15:12:28.861,22857,22859,22857,1,-1
2025-01-02 15:12:31.277,22857,22859,22858,1,-1
2025-01-02 15:12:32.629,22857,22859,22859,2,2
2025-01-02 15:12:34.699,22858,22860,22858,2,-2
2025-01-02 15:12:51.689,22856,22857,22857,2,2
2025-01-02 15:12:58.124,22857,22858,22858,1,1
2025-01-02 15:12:58.943,22856,22858,22856,2,-2
2025-01-02 15:13:00.815,22857,22859,22857,2,-2
2025-01-02 15:13:00.815,22857,22859,22855,1,-1
2025-01-02 15:13:12.514,22857,22859,22858,1,-1
2025-01-02 15:13:14.371,22856,22858,22856,1,-1
2025-01-02 15:13:21.727,22855,22857,22855,5,-5
2025-01-02 15:13:26.372,22854,22856,22856,1,1
2025-01-02 15:13:31.997,22854,22856,22854,1,-1
2025-01-02 15:13:33.732,22854,22855,22854,2,-2
2025-01-02 15:13:37.721,22852,22854,22854,2,2
2025-01-02 15:13:39.893,22853,22856,22853,1,-1
2025-01-02 15:13:42.285,22854,22855,22855,2,2
2025-01-02 15:13:42.622,22854,22855,22853,1,-1
2025-01-02 15:13:42.622,22854,22855,22854,1,-1
2025-01-02 15:13:51.842,22853,22855,22853,1,-1
2025-01-02 15:13:52.395,22852,22853,22853,1,1
2025-01-02 15:13:54.251,22854,22855,22855,2,2
2025-01-02 15:13:55.927,22855,22856,22856,1,1
2025-01-02 15:13:56.219,22855,22856,22856,1,1
2025-01-02 15:14:00.198,22856,22857,22857,1,1
2025-01-02 15:14:04.397,22857,22859,22858,1,1
2025-01-02 15:14:07.125,22858,22859,22858,2,-2
2025-01-02 15:14:09.938,22857,22858,22857,1,-1
2025-01-02 15:14:09.938,22857,22858,22857,1,-1
2025-01-02 15:14:11.845,22857,22859,22859,1,1
2025-01-02 15:14:13.807,22857,22859,22857,1,-1
2025-01-02 15:14:20.198,22856,22857,22857,1,1
2025-01-02 15:14:27.633,22854,22857,22854,1,-1
2025-01-02 15:14:30.230,22856,22857,22856,1,-1
2025-01-02 15:14:32.052,22856,22857,22857,2,2
2025-01-02 15:14:34.937,22857,22858,22857,1,-1
2025-01-02 15:14:46.329,22855,22856,22855,2,-2
2025-01-02 15:14:52.919,22854,22855,22854,1,-1
2025-01-02 15:14:52.919,22854,22855,22853,2,-2
2025-01-02 15:14:55.929,22854,22855,22854,2,-2
2025-01-02 15:14:57.127,22854,22855,22855,2,2
2025-01-02 15:14:58.672,22854,22855,22854,1,-1
2025-01-02 15:14:59.173,22852,22854,22852,1,-1
2025-01-02 15:15:00.954,22852,22855,22855,1,1
2025-01-02 15:15:01.339,22853,22854,22854,1,1
2025-01-02 15:15:01.430,22853,22856,22856,1,1
2025-01-02 15:15:03.103,22855,22856,22856,1,1
2025-01-02 15:15:03.103,22855,22856,22856,4,4
2025-01-02 15:15:03.373,22855,22857,22857,1,1
2025-01-02 15:15:10.413,22856,22857,22857,1,1
2025-01-02 15:15:16.668,22857,22858,22858,1,1
2025-01-02 15:15:19.091,22857,22858,22857,2,-2
2025-01-02 15:15:19.317,22854,22857,22856,1,1
2025-01-02 15:15:20.604,22853,22856,22856,1,1
2025-01-02 15:15:28.069,22853,22854,22853,1,-1
2025-01-02 15:15:28.110,22853,22854,22854,1,1
2025-01-02 15:15:32.185,22852,22854,22852,2,-2
2025-01-02 15:15:32.305,22851,22852,22852,1,1
2025-01-02 15:15:34.873,22848,22850,22851,4,4
2025-01-02 15:15:34.925,22848,22850,22850,1,1
2025-01-02 15:15:34.925,22848,22850,22850,5,5
2025-01-02 15:15:34.925,22851,22852,22850,3,-3
2025-01-02 15:15:34.926,22848,22850,22850,1,1
2025-01-02 15:15:36.330,22848,22849,22848,1,-1
2025-01-02 15:15:36.834,22848,22849,22848,2,-2
2025-01-02 15:15:36.834,22848,22849,22848,1,-1
2025-01-02 15:15:36.834,22848,22849,22848,1,-1
2025-01-02 15:15:36.834,22848,22849,22848,5,-5
2025-01-02 15:15:38.573,22847,22848,22846,1,-1
2025-01-02 15:15:38.573,22847,22848,22845,1,-1
2025-01-02 15:15:38.573,22847,22848,22847,2,-2
2025-01-02 15:15:38.724,22846,22849,22846,1,-1
2025-01-02 15:15:38.732,22846,22849,22846,2,-2
2025-01-02 15:15:40.030,22847,22850,22847,4,-4
2025-01-02 15:15:40.376,22847,22849,22847,3,-3
2025-01-02 15:15:40.376,22847,22849,22846,1,-1
2025-01-02 15:15:41.344,22846,22849,22846,4,-4
2025-01-02 15:15:43.477,22846,22849,22846,4,-4
2025-01-02 15:15:45.933,22846,22849,22846,1,-1
2025-01-02 15:15:47.403,22845,22848,22848,2,2
2025-01-02 15:15:50.783,22846,22849,22846,1,-1
2025-01-02 15:15:52.713,22846,22848,22846,1,-1
2025-01-02 15:15:53.679,22846,22849,22846,3,-3
2025-01-02 15:15:59.800,22845,22847,22845,1,-1
2025-01-02 15:16:00.664,22845,22846,22845,1,-1
2025-01-02 15:16:00.664,22845,22846,22845,1,-1
2025-01-02 15:16:00.665,22845,22846,22845,1,-1
2025-01-02 15:16:00.689,22844,22846,22846,1,1
2025-01-02 15:16:00.689,22844,22846,22847,1,1
2025-01-02 15:16:00.689,22844,22846,22847,1,1
2025-01-02 15:16:00.690,22844,22846,22847,2,2
2025-01-02 15:16:00.690,22844,22846,22848,1,1
2025-01-02 15:16:00.691,22844,22846,22848,4,4
2025-01-02 15:16:01.040,22847,22850,22847,1,-1
2025-01-02 15:16:01.055,22847,22849,22849,1,1
2025-01-02 15:16:01.056,22847,22849,22850,1,1
2025-01-02 15:16:01.436,22848,22850,22848,1,-1
2025-01-02 15:16:01.456,22848,22850,22848,1,-1
2025-01-02 15:16:01.953,22847,22850,22850,1,1
2025-01-02 15:16:07.180,22846,22849,22846,2,-2
2025-01-02 15:16:16.668,22845,22847,22845,1,-1
2025-01-02 15:16:16.668,22845,22847,22845,1,-1
2025-01-02 15:16:16.680,22844,22845,22845,1,1
2025-01-02 15:16:16.681,22844,22845,22846,1,1
2025-01-02 15:16:16.681,22844,22845,22845,1,1
2025-01-02 15:16:19.940,22844,22845,22844,1,-1
2025-01-02 15:16:20.972,22844,22845,22844,1,-1
2025-01-02 15:16:21.055,22843,22845,22845,1,1
2025-01-02 15:16:21.056,22843,22845,22846,1,1
2025-01-02 15:16:21.056,22843,22845,22845,2,2
2025-01-02 15:16:21.056,22843,22845,22846,1,1
2025-01-02 15:16:21.056,22843,22845,22845,1,1
2025-01-02 15:16:21.056,22843,22845,22845,1,1
2025-01-02 15:16:21.056,22843,22845,22845,1,1
2025-01-02 15:16:22.374,22845,22848,22845,1,-1
2025-01-02 15:16:23.918,22846,22848,22846,1,-1
2025-01-02 15:16:25.511,22845,22846,22846,1,1
2025-01-02 15:16:27.513,22847,22849,22847,1,-1
2025-01-02 15:16:30.454,22847,22849,22847,1,-1
2025-01-02 15:16:30.555,22847,22849,22849,1,1
2025-01-02 15:16:30.556,22847,22849,22850,1,1
2025-01-02 15:16:30.556,22847,22849,22850,1,1
2025-01-02 15:16:30.556,22847,22849,22849,1,1
2025-01-02 15:16:30.556,22847,22849,22849,1,1
2025-01-02 15:16:30.557,22847,22849,22850,2,2
2025-01-02 15:16:30.557,22847,22849,22851,1,1
2025-01-02 15:16:30.558,22847,22849,22851,1,1
2025-01-02 15:16:30.681,22849,22852,22849,1,-1
2025-01-02 15:16:31.297,22849,22851,22851,1,1
2025-01-02 15:16:34.293,22850,22853,22850,1,-1
2025-01-02 15:16:36.994,22851,22852,22851,1,-1
2025-01-02 15:16:41.572,22849,22851,22851,1,1
2025-01-02 15:16:41.680,22849,22851,22851,1,1
2025-01-02 15:16:41.680,22849,22851,22852,1,1
2025-01-02 15:16:41.680,22849,22851,22852,1,1
2025-01-02 15:16:41.680,22849,22851,22852,1,1
2025-01-02 15:16:41.681,22849,22851,22852,1,1
2025-01-02 15:16:41.682,22849,22851,22852,1,1
2025-01-02 15:16:42.223,22851,22853,22851,1,-1
2025-01-02 15:16:49.227,22851,22852,22851,1,-1
2025-01-02 15:16:49.228,22851,22852,22851,1,-1
2025-01-02 15:16:49.228,22851,22852,22851,2,-2
2025-01-02 15:16:49.229,22851,22852,22851,1,-1
2025-01-02 15:16:49.229,22851,22852,22851,1,-1
2025-01-02 15:16:50.497,22849,22851,22849,1,-1
2025-01-02 15:16:50.869,22848,22851,22851,2,2
2025-01-02 15:16:59.514,22848,22851,22848,2,-2
2025-01-02 15:17:00.324,22847,22849,22847,1,-1
2025-01-02 15:17:05.766,22846,22849,22846,1,-1
2025-01-02 15:17:05.929,22846,22848,22846,1,-1
2025-01-02 15:17:06.106,22846,22848,22846,1,-1
2025-01-02 15:17:06.289,22846,22848,22846,1,-1
2025-01-02 15:17:06.466,22846,22848,22846,1,-1
2025-01-02 15:17:06.654,22845,22847,22845,1,-1
2025-01-02 15:17:06.812,22845,22847,22845,1,-1
2025-01-02 15:17:06.983,22846,22847,22846,1,-1
2025-01-02 15:17:07.161,22844,22847,22845,1,-1
2025-01-02 15:17:07.328,22844,22847,22844,1,-1
2025-01-02 15:17:07.412,22844,22847,22844,1,-1
2025-01-02 15:17:07.689,22844,22845,22844,1,-1
2025-01-02 15:17:08.062,22844,22845,22844,1,-1
2025-01-02 15:17:08.256,22844,22845,22844,1,-1
2025-01-02 15:17:09.050,22843,22844,22844,1,1
2025-01-02 15:17:09.573,22843,22844,22843,2,-2
2025-01-02 15:17:09.573,22843,22844,22843,2,-2
2025-01-02 15:17:09.573,22843,22844,22843,1,-1
2025-01-02 15:17:09.573,22843,22844,22843,3,-3
2025-01-02 15:17:10.047,22842,22844,22842,1,-1
2025-01-02 15:17:10.049,22842,22844,22842,3,-3
2025-01-02 15:17:10.129,22842,22844,22841,2,-2
2025-01-02 15:17:10.591,22840,22842,22840,1,-1
2025-01-02 15:17:10.592,22840,22842,22840,2,-2
2025-01-02 15:17:10.899,22839,22841,22839,1,-1
2025-01-02 15:17:10.899,22839,22841,22838,1,-1
2025-01-02 15:17:11.280,22838,22840,22840,1,1
2025-01-02 15:17:12.664,22839,22841,22841,1,1
2025-01-02 15:17:14.926,22838,22841,22838,1,-1
2025-01-02 15:17:16.102,22839,22842,22839,1,-1
2025-01-02 15:17:16.298,22839,22842,22840,1,-1
2025-01-02 15:17:16.348,22840,22842,22840,2,-2
2025-01-02 15:17:16.348,22840,22842,22839,1,-1
2025-01-02 15:17:16.671,22839,22842,22839,3,-3
2025-01-02 15:17:16.786,22838,22841,22841,1,1
2025-01-02 15:17:16.894,22838,22841,22838,1,-1
2025-01-02 15:17:19.543,22839,22842,22840,1,-1
2025-01-02 15:17:20.960,22840,22842,22842,1,1
2025-01-02 15:17:21.329,22840,22842,22840,1,-1
2025-01-02 15:17:22.350,22840,22842,22839,2,-2
2025-01-02 15:17:22.350,22840,22842,22840,1,-1
2025-01-02 15:17:22.447,22839,22842,22840,1,-1
2025-01-02 15:17:24.528,22839,22840,22839,3,-3
2025-01-02 15:17:24.575,22838,22839,22839,1,1
2025-01-02 15:17:25.186,22838,22839,22839,1,1
2025-01-02 15:17:25.186,22838,22839,22840,4,4
2025-01-02 15:17:27.875,22839,22840,22839,1,-1
2025-01-02 15:17:29.281,22838,22839,22838,1,-1
2025-01-02 15:17:29.282,22838,22839,22838,6,-6
2025-01-02 15:17:29.282,22838,22839,22838,1,-1
2025-01-02 15:17:35.456,22837,22838,22838,2,2
2025-01-02 15:17:36.445,22839,22841,22839,1,-1
2025-01-02 15:17:37.746,22839,22840,22839,2,-2
2025-01-02 15:17:38.788,22839,22840,22840,1,1
2025-01-02 15:17:43.370,22839,22840,22839,1,-1
2025-01-02 15:17:43.546,22838,22839,22839,3,3
2025-01-02 15:17:43.546,22838,22839,22840,2,2
2025-01-02 15:17:47.216,22838,22840,22837,2,-2
2025-01-02 15:17:47.216,22838,22840,22838,1,-1
2025-01-02 15:17:48.416,22837,22839,22840,4,4
2025-01-02 15:17:48.416,22837,22839,22839,1,1
2025-01-02 15:17:49.354,22839,22841,22841,1,1
2025-01-02 15:17:49.354,22839,22841,22841,3,3
2025-01-02 15:17:49.355,22839,22841,22841,1,1
2025-01-02 15:17:50.641,22841,22842,22842,5,5
2025-01-02 15:17:50.641,22841,22842,22842,2,2
2025-01-02 15:17:51.313,22842,22843,22843,4,4
2025-01-02 15:17:51.313,22842,22843,22843,1,1
2025-01-02 15:17:51.870,22843,22844,22844,1,1
2025-01-02 15:17:54.189,22844,22846,22845,1,1
2025-01-02 15:17:55.529,22843,22845,22845,1,1
2025-01-02 15:17:57.130,22843,22846,22846,1,1
2025-01-02 15:17:57.331,22844,22846,22846,1,1
2025-01-02 15:18:01.661,22845,22846,22845,2,-2
2025-01-02 15:18:04.372,22844,22845,22845,1,1
2025-01-02 15:18:04.372,22844,22845,22845,1,1
2025-01-02 15:18:04.597,22844,22846,22844,1,-1
2025-01-02 15:18:04.747,22843,22846,22846,1,1
2025-01-02 15:18:04.780,22843,22846,22843,1,-1
2025-01-02 15:18:04.881,22843,22846,22846,2,2
2025-01-02 15:18:04.972,22844,22846,22844,1,-1
2025-01-02 15:18:05.147,22843,22846,22843,1,-1
2025-01-02 15:18:05.338,22843,22846,22843,1,-1
2025-01-02 15:18:05.520,22843,22846,22843,1,-1
2025-01-02 15:18:05.690,22843,22846,22843,1,-1
2025-01-02 15:18:05.865,22843,22846,22843,1,-1
2025-01-02 15:18:06.058,22842,22845,22842,1,-1
2025-01-02 15:18:06.231,22843,22846,22843,1,-1
2025-01-02 15:18:06.406,22843,22846,22843,1,-1
2025-01-02 15:18:09.164,22846,22848,22848,4,4
2025-01-02 15:18:09.164,22846,22848,22849,1,1
2025-01-02 15:18:11.599,22847,22849,22847,1,-1
2025-01-02 15:18:15.258,22846,22848,22846,1,-1
2025-01-02 15:18:16.255,22845,22847,22845,1,-1
2025-01-02 15:18:18.712,22844,22846,22846,1,1
2025-01-02 15:18:19.022,22844,22846,22846,1,1
2025-01-02 15:18:24.304,22844,22845,22844,1,-1
2025-01-02 15:18:24.304,22844,22845,22844,1,-1
2025-01-02 15:18:25.025,22843,22844,22843,1,-1
2025-01-02 15:18:25.197,22843,22844,22843,1,-1
2025-01-02 15:18:29.483,22842,22843,22843,1,1
2025-01-02 15:18:35.741,22842,22843,22842,1,-1
2025-01-02 15:18:35.893,22842,22843,22842,1,-1
2025-01-02 15:18:35.893,22842,22843,22842,1,-1
2025-01-02 15:18:41.332,22840,22843,22843,1,1
2025-01-02 15:18:53.465,22842,22843,22843,1,1
2025-01-02 15:18:59.017,22842,22844,22842,2,-2
2025-01-02 15:18:59.018,22842,22844,22841,1,-1
2025-01-02 15:18:59.018,22842,22844,22841,2,-2
2025-01-02 15:19:01.079,22840,22841,22841,1,1
2025-01-02 15:19:01.228,22840,22842,22840,1,-1
2025-01-02 15:19:05.816,22840,22842,22842,1,1
2025-01-02 15:19:11.496,22841,22842,22842,1,1
2025-01-02 15:19:13.190,22842,22843,22843,1,1
2025-01-02 15:19:14.767,22843,22844,22843,2,-2
2025-01-02 15:19:20.019,22843,22844,22844,1,1
2025-01-02 15:19:36.437,22843,22844,22844,1,1
2025-01-02 15:19:40.093,22842,22843,22842,1,-1
2025-01-02 15:19:46.758,22842,22843,22843,1,1
2025-01-02 15:19:47.708,22842,22844,22842,2,-2
2025-01-02 15:19:53.927,22842,22843,22842,1,-1
2025-01-02 15:19:55.014,22842,22843,22843,1,1
2025-01-02 15:19:58.704,22843,22844,22844,1,1
2025-01-02 15:19:59.014,22843,22844,22844,1,1
2025-01-02 15:20:02.596,22843,22844,22844,1,1
2025-01-02 15:20:03.555,22844,22845,22845,1,1
2025-01-02 15:20:03.555,22844,22845,22845,1,1
2025-01-02 15:20:03.555,22844,22845,22845,9,9
2025-01-02 15:20:03.555,22844,22845,22845,1,1
2025-01-02 15:20:03.555,22844,22845,22845,2,2
2025-01-02 15:20:03.555,22844,22845,22845,1,1
2025-01-02 15:20:03.555,22844,22845,22845,3,3
2025-01-02 15:20:03.555,22844,22845,22845,6,6
2025-01-02 15:20:03.556,22844,22845,22845,2,2
2025-01-02 15:20:03.556,22844,22845,22845,1,1
2025-01-02 15:20:03.610,22844,22845,22846,2,2
2025-01-02 15:20:03.610,22844,22845,22847,2,2
2025-01-02 15:20:03.681,22845,22847,22847,1,1
2025-01-02 15:20:05.669,22847,22849,22849,1,1
2025-01-02 15:20:08.804,22847,22849,22849,1,1
2025-01-02 15:20:08.805,22847,22849,22849,1,1
2025-01-02 15:20:08.889,22847,22849,22849,1,1
2025-01-02 15:20:10.372,22847,22849,22849,1,1
2025-01-02 15:20:14.409,22848,22849,22849,3,3
2025-01-02 15:20:14.409,22848,22849,22850,2,2
2025-01-02 15:20:15.074,22849,22850,22850,1,1
2025-01-02 15:20:18.075,22849,22850,22850,1,1
2025-01-02 15:20:18.251,22849,22850,22850,1,1
2025-01-02 15:20:19.775,22850,22851,22851,1,1
2025-01-02 15:20:19.805,22850,22852,22850,1,-1
2025-01-02 15:20:19.805,22850,22852,22850,1,-1
2025-01-02 15:20:19.805,22850,22852,22850,1,-1
2025-01-02 15:20:19.805,22850,22852,22850,1,-1
2025-01-02 15:20:19.806,22850,22852,22849,1,-1
2025-01-02 15:20:19.806,22850,22852,22849,1,-1
2025-01-02 15:20:19.806,22850,22852,22849,1,-1
2025-01-02 15:20:19.808,22850,22852,22849,1,-1
2025-01-02 15:20:19.826,22850,22852,22848,1,-1
2025-01-02 15:20:20.013,22846,22848,22848,1,1
2025-01-02 15:20:25.452,22845,22847,22845,1,-1
2025-01-02 15:20:28.722,22843,22844,22843,1,-1
2025-01-02 15:20:31.279,22842,22843,22843,1,1
2025-01-02 15:20:31.306,22842,22844,22842,1,-1
2025-01-02 15:20:31.307,22842,22844,22842,1,-1
2025-01-02 15:20:38.251,22841,22842,22842,1,1
2025-01-02 15:21:11.456,22846,22848,22848,2,2
2025-01-02 15:21:11.456,22846,22848,22849,3,3
2025-01-02 15:21:11.555,22848,22850,22848,1,-1
2025-01-02 15:21:13.478,22848,22849,22849,1,1
2025-01-02 15:21:13.554,22848,22850,22850,1,1
2025-01-02 15:21:13.555,22848,22850,22850,1,1
2025-01-02 15:21:13.585,22848,22850,22851,1,1
2025-01-02 15:21:15.955,22850,22851,22851,1,1
2025-01-02 15:21:19.520,22850,22851,22850,1,-1
2025-01-02 15:21:19.521,22850,22851,22850,1,-1
2025-01-02 15:21:22.663,22847,22850,22850,5,5
2025-01-02 15:21:33.410,22847,22849,22849,1,1
2025-01-02 15:21:37.154,22847,22849,22847,1,-1
2025-01-02 15:21:37.154,22847,22849,22847,1,-1
2025-01-02 15:21:37.154,22847,22849,22847,1,-1
2025-01-02 15:21:45.330,22845,22846,22846,1,1
2025-01-02 15:21:45.330,22845,22846,22847,2,2
2025-01-02 15:21:45.430,22845,22847,22847,1,1
2025-01-02 15:21:45.430,22845,22847,22847,1,1
2025-01-02 15:21:45.430,22845,22847,22848,1,1
2025-01-02 15:21:45.430,22845,22847,22848,1,1
2025-01-02 15:21:45.430,22845,22847,22848,1,1
2025-01-02 15:21:50.793,22847,22849,22847,1,-1
2025-01-02 15:21:50.818,22846,22847,22847,1,1
2025-01-02 15:22:04.068,22847,22849,22849,1,1
2025-01-02 15:22:04.068,22847,22849,22849,1,1
2025-01-02 15:22:11.353,22848,22850,22850,1,1
2025-01-02 15:22:12.184,22849,22850,22849,1,-1
2025-01-02 15:22:12.394,22848,22850,22850,1,1
2025-01-02 15:22:13.590,22848,22850,22850,5,5
2025-01-02 15:22:13.592,22848,22850,22850,1,1
2025-01-02 15:22:13.592,22848,22850,22850,2,2
2025-01-02 15:22:13.592,22848,22850,22850,1,1
2025-01-02 15:22:13.592,22848,22850,22850,1,1
2025-01-02 15:22:15.910,22849,22850,22849,1,-1
2025-01-02 15:22:20.230,22848,22850,22850,1,1
2025-01-02 15:22:24.622,22848,22850,22850,5,5
2025-01-02 15:22:30.114,22848,22849,22848,1,-1
2025-01-02 15:22:31.653,22846,22849,22846,2,-2
2025-01-02 15:22:32.429,22845,22847,22847,1,1
2025-01-02 15:22:32.430,22845,22847,22849,1,1
2025-01-02 15:22:33.413,22849,22850,22850,4,4
2025-01-02 15:22:34.913,22850,22851,22850,4,-4
2025-01-02 15:22:34.913,22850,22851,22849,1,-1
2025-01-02 15:22:37.835,22848,22851,22851,5,5
2025-01-02 15:22:47.164,22847,22850,22849,1,1
2025-01-02 15:22:48.140,22847,22850,22850,3,3
2025-01-02 15:23:04.739,22848,22849,22849,1,1
2025-01-02 15:23:12.963,22848,22849,22848,2,-2
2025-01-02 15:23:20.528,22847,22849,22847,2,-2
2025-01-02 15:23:21.274,22847,22848,22848,1,1
2025-01-02 15:23:28.673,22847,22849,22849,1,1
2025-01-02 15:23:30.252,22847,22849,22847,7,-7
2025-01-02 15:23:55.722,22845,22847,22845,4,-4
2025-01-02 15:23:55.722,22845,22847,22845,2,-2
2025-01-02 15:23:55.722,22845,22847,22845,2,-2
2025-01-02 15:24:00.199,22844,22845,22845,1,1
2025-01-02 15:24:06.820,22844,22845,22844,1,-1
2025-01-02 15:24:13.020,22844,22845,22845,1,1
2025-01-02 15:24:13.476,22845,22846,22846,1,1
2025-01-02 15:24:27.158,22844,22846,22846,1,1
2025-01-02 15:24:30.859,22845,22847,22845,1,-1
2025-01-02 15:24:32.367,22844,22845,22844,1,-1
2025-01-02 15:24:32.380,22844,22845,22843,3,-3
2025-01-02 15:24:32.380,22844,22845,22843,1,-1
2025-01-02 15:24:32.381,22844,22845,22843,4,-4
2025-01-02 15:24:35.913,22842,22844,22842,1,-1
2025-01-02 15:24:41.816,22842,22844,22842,2,-2
2025-01-02 15:24:44.081,22843,22844,22844,1,1
2025-01-02 15:24:48.169,22843,22845,22845,1,1
2025-01-02 15:24:49.501,22843,22845,22843,2,-2
2025-01-02 15:24:49.964,22842,22845,22845,1,1
2025-01-02 15:25:05.362,22843,22845,22845,1,1
2025-01-02 15:25:05.854,22845,22847,22847,1,1
2025-01-02 15:25:47.080,22844,22846,22846,1,1
2025-01-02 15:25:47.180,22844,22846,22846,1,1
2025-01-02 15:25:47.180,22844,22846,22847,1,1
2025-01-02 15:25:49.738,22844,22847,22847,1,1
2025-01-02 15:26:06.980,22845,22846,22845,1,-1
2025-01-02 15:26:07.184,22844,22846,22846,1,1
2025-01-02 15:26:07.269,22844,22846,22847,1,1
2025-01-02 15:26:09.121,22844,22847,22844,1,-1
2025-01-02 15:26:13.542,22844,22847,22844,1,-1
2025-01-02 15:26:29.716,22844,22845,22845,1,1
2025-01-02 15:26:42.514,22843,22846,22844,1,-1
2025-01-02 15:26:42.514,22843,22846,22844,1,-1
2025-01-02 15:26:42.838,22843,22845,22843,1,-1
2025-01-02 15:26:43.097,22842,22844,22842,1,-1
2025-01-02 15:26:43.097,22842,22844,22842,1,-1
2025-01-02 15:26:45.486,22842,22843,22842,1,-1
2025-01-02 15:26:52.876,22841,22843,22841,4,-4
2025-01-02 15:26:53.792,22841,22843,22843,1,1
2025-01-02 15:26:55.790,22841,22843,22843,1,1
2025-01-02 15:26:57.563,22841,22843,22841,1,-1
2025-01-02 15:26:57.563,22841,22843,22841,1,-1
2025-01-02 15:26:57.706,22840,22841,22840,1,-1
2025-01-02 15:26:57.706,22840,22841,22840,1,-1
2025-01-02 15:26:57.706,22840,22841,22840,2,-2
2025-01-02 15:26:57.707,22840,22841,22840,2,-2
2025-01-02 15:26:57.707,22840,22841,22840,8,-8
2025-01-02 15:26:57.841,22839,22840,22840,1,1
2025-01-02 15:26:57.847,22839,22840,22839,2,-2
2025-01-02 15:27:00.200,22839,22840,22840,5,5
2025-01-02 15:27:00.548,22839,22841,22839,1,-1
2025-01-02 15:27:02.056,22839,22841,22839,1,-1
2025-01-02 15:27:05.393,22840,22841,22840,2,-2
2025-01-02 15:27:05.393,22840,22841,22839,2,-2
2025-01-02 15:27:06.860,22839,22840,22840,1,1
2025-01-02 15:27:06.860,22839,22840,22840,1,1
2025-01-02 15:27:08.635,22840,22841,22840,1,-1
2025-01-02 15:27:09.045,22839,22841,22841,1,1
2025-01-02 15:27:12.172,22839,22841,22841,3,3
2025-01-02 15:27:17.097,22841,22843,22843,1,1
2025-01-02 15:27:23.169,22843,22845,22845,2,2
2025-01-02 15:27:23.169,22843,22845,22845,1,1
2025-01-02 15:27:26.685,22845,22846,22846,1,1
2025-01-02 15:27:28.369,22846,22847,22847,1,1
2025-01-02 15:27:30.379,22846,22848,22845,1,-1
2025-01-02 15:27:31.742,22844,22846,22844,1,-1
2025-01-02 15:27:35.817,22844,22846,22846,1,1
2025-01-02 15:27:47.286,22844,22845,22845,1,1
2025-01-02 15:27:47.286,22844,22845,22846,1,1
2025-01-02 15:28:04.339,22845,22846,22846,1,1
2025-01-02 15:28:10.869,22846,22847,22847,1,1
2025-01-02 15:28:17.594,22846,22847,22846,1,-1
2025-01-02 15:28:54.214,22846,22847,22847,1,1
2025-01-02 15:28:55.631,22847,22848,22847,1,-1
2025-01-02 15:29:03.764,22847,22848,22848,4,4
2025-01-02 15:29:03.764,22847,22848,22848,1,1
2025-01-02 15:29:03.764,22847,22848,22848,1,1
2025-01-02 15:29:04.537,22848,22849,22849,2,2
2025-01-02 15:29:07.711,22849,22850,22849,1,-1
2025-01-02 15:29:08.349,22847,22849,22849,1,1
2025-01-02 15:29:09.763,22848,22850,22848,3,-3
2025-01-02 15:29:14.396,22848,22849,22849,1,1
2025-01-02 15:29:14.396,22848,22849,22849,1,1
2025-01-02 15:29:20.249,22849,22850,22850,1,1
2025-01-02 15:29:21.592,22849,22850,22850,1,1
2025-01-02 15:29:21.668,22849,22850,22850,1,1
2025-01-02 15:29:21.668,22849,22850,22850,3,3
2025-01-02 15:29:21.669,22849,22850,22850,1,1
2025-01-02 15:29:21.669,22849,22850,22850,3,3
2025-01-02 15:29:21.669,22849,22850,22850,6,6
2025-01-02 15:29:21.669,22849,22850,22850,1,1
2025-01-02 15:29:21.669,22849,22850,22850,1,1
2025-01-02 15:29:21.669,22849,22850,22850,1,1
2025-01-02 15:29:21.669,22849,22850,22850,1,1
2025-01-02 15:29:21.670,22849,22850,22850,1,1
2025-01-02 15:29:22.680,22849,22850,22850,4,4
2025-01-02 15:29:22.680,22849,22850,22850,2,2
2025-01-02 15:29:23.652,22850,22851,22851,1,1
2025-01-02 15:29:24.914,22851,22852,22852,3,3
2025-01-02 15:29:24.915,22851,22852,22852,1,1
2025-01-02 15:29:26.197,22853,22854,22854,1,1
2025-01-02 15:29:26.402,22853,22855,22854,1,1
2025-01-02 15:29:26.458,22853,22855,22854,1,1
2025-01-02 15:29:30.045,22852,22855,22855,3,3
2025-01-02 15:29:30.150,22853,22855,22855,2,2
2025-01-02 15:29:30.622,22853,22855,22854,1,1
2025-01-02 15:29:31.197,22853,22855,22855,1,1
2025-01-02 15:29:35.172,22853,22855,22853,2,-2
2025-01-02 15:29:40.167,22853,22855,22855,2,2
2025-01-02 15:29:40.623,22854,22855,22854,2,-2
2025-01-02 15:29:42.905,22854,22855,22855,1,1
2025-01-02 15:29:44.341,22854,22855,22854,2,-2
2025-01-02 15:29:44.342,22854,22855,22854,1,-1
2025-01-02 15:29:44.683,22853,22854,22853,1,-1
2025-01-02 15:29:45.078,22852,22853,22852,1,-1
2025-01-02 15:29:45.159,22852,22853,22852,1,-1
2025-01-02 15:29:58.353,22852,22853,22853,1,1
2025-01-02 15:30:01.242,22852,22854,22854,1,1
2025-01-02 15:30:01.534,22852,22854,22854,3,3
2025-01-02 15:30:01.795,22852,22855,22853,1,-1
2025-01-02 15:30:03.680,22851,22852,22851,2,-2
2025-01-02 15:30:03.681,22851,22852,22850,1,-1
2025-01-02 15:30:04.104,22847,22849,22847,1,-1
2025-01-02 15:30:04.277,22846,22847,22848,1,1
2025-01-02 15:30:07.444,22846,22847,22847,1,1
2025-01-02 15:30:07.514,22846,22847,22846,1,-1
2025-01-02 15:30:07.829,22844,22846,22844,2,-2
2025-01-02 15:30:12.219,22843,22846,22843,2,-2
2025-01-02 15:30:12.306,22842,22845,22845,1,1
2025-01-02 15:30:12.306,22842,22845,22845,1,1
2025-01-02 15:30:16.563,22844,22846,22844,2,-2
2025-01-02 15:30:30.423,22844,22846,22846,1,1
2025-01-02 15:30:37.680,22845,22848,22848,3,3
2025-01-02 15:30:37.806,22846,22848,22848,1,1
2025-01-02 15:30:41.409,22846,22848,22846,1,-1
2025-01-02 15:30:41.410,22846,22848,22846,1,-1
2025-01-02 15:30:41.431,22844,22847,22847,1,1
2025-01-02 15:30:49.648,22847,22848,22847,1,-1
2025-01-02 15:30:49.677,22845,22848,22848,1,1
2025-01-02 15:30:51.003,22846,22849,22846,1,-1
2025-01-02 15:31:05.729,22848,22849,22849,2,2
2025-01-02 15:31:23.723,22846,22848,22846,2,-2
2025-01-02 15:31:23.805,22844,22847,22847,1,1
2025-01-02 15:31:27.278,22844,22846,22844,1,-1
2025-01-02 15:31:27.278,22844,22846,22844,2,-2
2025-01-02 15:31:27.278,22844,22846,22844,1,-1
2025-01-02 15:31:27.305,22842,22844,22845,1,1
2025-01-02 15:31:27.305,22842,22844,22845,1,1
2025-01-02 15:31:27.306,22842,22844,22845,1,1
2025-01-02 15:31:27.307,22842,22844,22846,1,1
2025-01-02 15:31:27.310,22842,22844,22846,1,1
2025-01-02 15:31:30.475,22842,22845,22842,4,-4
2025-01-02 15:31:30.556,22842,22844,22844,1,1
2025-01-02 15:31:36.061,22841,22844,22844,1,1
2025-01-02 15:31:36.845,22842,22844,22842,3,-3
2025-01-02 15:31:43.620,22842,22843,22842,1,-1
2025-01-02 15:31:43.707,22842,22843,22842,1,-1
2025-01-02 15:31:43.707,22842,22843,22841,2,-2
2025-01-02 15:31:43.710,22842,22843,22841,5,-5
2025-01-02 15:31:43.711,22842,22843,22840,3,-3
2025-01-02 15:31:43.712,22842,22843,22840,2,-2
2025-01-02 15:31:44.173,22839,22841,22841,1,1
2025-01-02 15:31:44.717,22839,22842,22839,1,-1
2025-01-02 15:31:45.424,22839,22841,22839,1,-1
2025-01-02 15:31:48.164,22838,22841,22838,1,-1
2025-01-02 15:31:52.646,22838,22839,22838,1,-1
2025-01-02 15:31:52.646,22838,22839,22838,5,-5
2025-01-02 15:31:52.646,22838,22839,22838,1,-1
2025-01-02 15:31:52.867,22837,22838,22838,1,1
2025-01-02 15:31:54.127,22837,22839,22839,2,2
2025-01-02 15:31:55.307,22837,22840,22837,1,-1
2025-01-02 15:31:55.446,22837,22840,22837,1,-1
2025-01-02 15:31:57.397,22838,22839,22838,1,-1
2025-01-02 15:31:57.910,22837,22839,22837,1,-1
2025-01-02 15:31:59.965,22836,22837,22837,1,1
2025-01-02 15:32:00.962,22836,22837,22836,1,-1
2025-01-02 15:32:01.311,22835,22837,22837,1,1
2025-01-02 15:32:01.423,22835,22837,22835,1,-1
2025-01-02 15:32:01.503,22835,22837,22835,1,-1
2025-01-02 15:32:01.584,22835,22837,22835,1,-1
2025-01-02 15:32:01.728,22835,22837,22835,1,-1
2025-01-02 15:32:01.926,22835,22837,22835,1,-1
2025-01-02 15:32:02.101,22836,22837,22836,1,-1
2025-01-02 15:32:02.254,22835,22837,22835,1,-1
2025-01-02 15:32:02.409,22835,22837,22835,1,-1
2025-01-02 15:32:02.520,22835,22837,22835,1,-1
2025-01-02 15:32:02.551,22835,22837,22835,1,-1
2025-01-02 15:32:02.704,22834,22837,22834,1,-1
2025-01-02 15:32:02.853,22835,22837,22835,1,-1
2025-01-02 15:32:03.049,22835,22837,22835,1,-1
2025-01-02 15:32:03.206,22835,22837,22835,1,-1
2025-01-02 15:32:03.362,22835,22837,22835,1,-1
2025-01-02 15:32:03.528,22835,22837,22835,1,-1
2025-01-02 15:32:03.662,22835,22837,22835,1,-1
2025-01-02 15:32:03.719,22834,22837,22834,1,-1
2025-01-02 15:32:03.809,22834,22836,22834,1,-1
2025-01-02 15:32:03.966,22834,22836,22834,1,-1
2025-01-02 15:32:04.104,22833,22836,22835,1,1
2025-01-02 15:32:04.252,22835,22837,22834,1,-1
2025-01-02 15:32:04.421,22834,22837,22834,1,-1
2025-01-02 15:32:06.633,22835,22838,22835,1,-1
2025-01-02 15:32:09.744,22835,22836,22835,1,-1
2025-01-02 15:32:09.744,22835,22836,22834,1,-1
2025-01-02 15:32:11.255,22834,22835,22834,1,-1
2025-01-02 15:32:14.698,22834,22835,22835,1,1
2025-01-02 15:32:17.097,22834,22835,22835,1,1
2025-01-02 15:32:20.374,22835,22836,22836,3,3
2025-01-02 15:32:20.374,22835,22836,22836,1,1
2025-01-02 15:32:22.715,22836,22838,22836,1,-1
2025-01-02 15:32:26.258,22836,22838,22838,1,1
2025-01-02 15:32:31.166,22837,22838,22838,3,3
2025-01-02 15:32:40.607,22838,22839,22838,1,-1
2025-01-02 15:32:43.359,22837,22838,22837,1,-1
2025-01-02 15:32:44.796,22836,22837,22836,1,-1
2025-01-02 15:32:44.796,22836,22837,22836,1,-1
2025-01-02 15:32:46.323,22835,22836,22836,1,1
2025-01-02 15:32:47.822,22835,22836,22835,1,-1
2025-01-02 15:32:50.643,22835,22836,22835,1,-1
2025-01-02 15:32:52.727,22835,22836,22836,1,1
2025-01-02 15:32:52.813,22836,22838,22836,1,-1
2025-01-02 15:33:00.203,22837,22838,22837,1,-1
2025-01-02 15:33:00.428,22836,22838,22836,1,-1
2025-01-02 15:33:03.318,22837,22838,22838,2,2
2025-01-02 15:33:03.318,22837,22838,22838,1,1
2025-01-02 15:33:06.205,22838,22839,22838,2,-2
2025-01-02 15:33:27.246,22836,22837,22836,2,-2
2025-01-02 15:33:27.247,22836,22837,22836,1,-1
2025-01-02 15:33:27.502,22835,22836,22835,1,-1
2025-01-02 15:33:27.502,22835,22836,22835,1,-1
2025-01-02 15:33:27.708,22834,22835,22834,1,-1
2025-01-02 15:33:27.711,22834,22835,22834,1,-1
2025-01-02 15:33:27.800,22834,22835,22833,1,-1
2025-01-02 15:33:27.800,22834,22835,22833,1,-1
2025-01-02 15:33:27.961,22832,22833,22832,1,-1
2025-01-02 15:33:28.077,22831,22832,22831,1,-1
2025-01-02 15:33:28.142,22831,22832,22832,1,1
2025-01-02 15:33:28.770,22831,22832,22831,1,-1
2025-01-02 15:33:29.081,22831,22832,22831,1,-1
2025-01-02 15:33:32.065,22831,22832,22831,5,-5
2025-01-02 15:33:33.371,22830,22831,22830,1,-1
2025-01-02 15:33:33.372,22830,22831,22830,1,-1
2025-01-02 15:33:33.372,22830,22831,22830,1,-1
2025-01-02 15:33:33.372,22830,22831,22830,2,-2
2025-01-02 15:33:33.372,22830,22831,22830,2,-2
2025-01-02 15:33:33.372,22830,22831,22830,1,-1
2025-01-02 15:33:33.372,22830,22831,22830,1,-1
2025-01-02 15:33:33.372,22830,22831,22830,1,-1
2025-01-02 15:33:33.464,22829,22831,22829,1,-1
2025-01-02 15:33:33.535,22829,22831,22829,2,-2
2025-01-02 15:33:33.535,22829,22831,22828,3,-3
2025-01-02 15:33:33.599,22827,22829,22827,1,-1
2025-01-02 15:33:34.145,22828,22829,22828,1,-1
2025-01-02 15:33:34.145,22828,22829,22827,4,-4
2025-01-02 15:33:34.553,22827,22829,22827,3,-3
2025-01-02 15:33:34.711,22827,22829,22827,2,-2
2025-01-02 15:33:35.510,22827,22829,22829,1,1
2025-01-02 15:33:35.838,22830,22831,22830,1,-1
2025-01-02 15:33:36.710,22827,22829,22827,1,-1
2025-01-02 15:33:37.836,22827,22829,22827,1,-1
2025-01-02 15:33:41.149,22827,22829,22827,1,-1
2025-01-02 15:33:42.667,22827,22828,22827,1,-1
2025-01-02 15:33:43.082,22826,22827,22827,1,1
2025-01-02 15:33:43.992,22826,22827,22827,1,1
2025-01-02 15:33:44.200,22827,22829,22828,1,1
2025-01-02 15:33:49.127,22827,22830,22827,1,-1
2025-01-02 15:33:51.061,22828,22830,22828,1,-1
2025-01-02 15:33:51.545,22828,22830,22828,1,-1
2025-01-02 15:33:52.041,22827,22830,22830,1,1
2025-01-02 15:33:53.639,22827,22830,22827,5,-5
2025-01-02 15:33:57.796,22828,22829,22828,1,-1
2025-01-02 15:33:57.796,22828,22829,22827,2,-2
2025-01-02 15:34:00.754,22827,22829,22827,1,-1
2025-01-02 15:34:00.859,22827,22829,22827,1,-1
2025-01-02 15:34:03.787,22827,22828,22826,4,-4
2025-01-02 15:34:03.787,22827,22828,22827,1,-1
2025-01-02 15:34:04.575,22826,22828,22828,3,3
2025-01-02 15:34:05.395,22826,22828,22826,3,-3
2025-01-02 15:34:05.395,22826,22828,22825,1,-1
2025-01-02 15:34:06.585,22825,22827,22825,1,-1
2025-01-02 15:34:06.586,22825,22827,22824,1,-1
2025-01-02 15:34:06.587,22825,22827,22824,1,-1
2025-01-02 15:34:06.588,22825,22827,22823,4,-4
2025-01-02 15:34:06.588,22825,22827,22823,2,-2
2025-01-02 15:34:06.589,22825,22827,22823,1,-1
2025-01-02 15:34:06.589,22825,22827,22823,1,-1
2025-01-02 15:34:06.590,22825,22827,22822,1,-1
2025-01-02 15:34:06.590,22825,22827,22822,2,-2
2025-01-02 15:34:06.590,22825,22827,22822,1,-1
2025-01-02 15:34:06.590,22825,22827,22822,1,-1
2025-01-02 15:34:06.590,22825,22827,22822,1,-1
2025-01-02 15:34:06.591,22825,22827,22822,2,-2
2025-01-02 15:34:06.724,22821,22823,22821,1,-1
2025-01-02 15:34:06.853,22821,22823,22823,1,1
2025-01-02 15:34:06.980,22821,22823,22821,1,-1
2025-01-02 15:34:07.195,22821,22823,22821,1,-1
2025-01-02 15:34:09.882,22821,22823,22821,1,-1
2025-01-02 15:34:09.947,22821,22823,22821,1,-1
2025-01-02 15:34:09.947,22821,22823,22820,1,-1
2025-01-02 15:34:12.688,22821,22823,22820,2,-2
2025-01-02 15:34:12.688,22821,22823,22821,2,-2
2025-01-02 15:34:13.416,22820,22823,22823,2,2
2025-01-02 15:34:13.458,22822,22824,22824,1,1
2025-01-02 15:34:13.483,22822,22824,22824,1,1
2025-01-02 15:34:13.681,22823,22825,22825,2,2
2025-01-02 15:34:13.896,22823,22825,22823,1,-1
2025-01-02 15:34:15.079,22823,22825,22825,17,17
2025-01-02 15:34:15.080,22823,22825,22826,1,1
2025-01-02 15:34:15.132,22823,22825,22828,2,2
2025-01-02 15:34:15.132,22823,22825,22827,1,1
2025-01-02 15:34:15.149,22823,22825,22829,3,3
2025-01-02 15:34:15.343,22827,22829,22829,1,1
2025-01-02 15:34:15.343,22827,22829,22830,2,2
2025-01-02 15:34:15.440,22828,22830,22830,2,2
2025-01-02 15:34:15.440,22828,22830,22831,1,1
2025-01-02 15:34:16.497,22829,22831,22829,2,-2
2025-01-02 15:34:16.818,22829,22831,22829,1,-1
2025-01-02 15:34:16.818,22829,22831,22828,1,-1
2025-01-02 15:34:21.783,22828,22829,22828,1,-1
2025-01-02 15:34:23.657,22828,22829,22829,1,1
2025-01-02 15:34:24.227,22828,22829,22828,1,-1
2025-01-02 15:34:24.907,22826,22828,22828,1,1
2025-01-02 15:34:25.682,22826,22828,22826,2,-2
2025-01-02 15:34:26.761,22824,22827,22827,1,1
2025-01-02 15:34:26.927,22825,22828,22825,2,-2
2025-01-02 15:34:29.922,22825,22828,22825,2,-2
2025-01-02 15:34:30.155,22825,22827,22825,2,-2
2025-01-02 15:34:32.590,22826,22827,22827,1,1
2025-01-02 15:34:34.314,22826,22827,22826,1,-1
2025-01-02 15:34:35.480,22826,22827,22826,1,-1
2025-01-02 15:34:35.629,22825,22827,22825,1,-1
2025-01-02 15:34:37.193,22826,22828,22826,1,-1
2025-01-02 15:34:42.764,22826,22828,22826,1,-1
2025-01-02 15:34:44.130,22826,22828,22826,1,-1
2025-01-02 15:34:46.393,22826,22828,22828,3,3
2025-01-02 15:34:48.303,22828,22830,22830,1,1
2025-01-02 15:34:50.157,22828,22830,22830,1,1
2025-01-02 15:35:11.661,22827,22829,22827,1,-1
2025-01-02 15:35:11.990,22826,22827,22827,1,1
2025-01-02 15:35:11.990,22826,22827,22828,1,1
2025-01-02 15:35:11.990,22826,22827,22829,4,4
2025-01-02 15:35:12.393,22827,22830,22830,2,2
2025-01-02 15:35:13.321,22827,22830,22827,2,-2
2025-01-02 15:35:18.049,22826,22828,22826,1,-1
2025-01-02 15:35:18.532,22826,22828,22826,2,-2
2025-01-02 15:35:18.532,22826,22828,22825,1,-1
2025-01-02 15:35:20.229,22825,22828,22825,1,-1
2025-01-02 15:35:26.935,22825,22827,22827,1,1
2025-01-02 15:35:27.935,22826,22828,22826,2,-2
2025-01-02 15:35:32.236,22827,22828,22828,1,1
2025-01-02 15:35:34.746,22826,22829,22826,1,-1
2025-01-02 15:35:38.128,22826,22828,22826,1,-1
2025-01-02 15:35:38.129,22826,22828,22826,1,-1
2025-01-02 15:35:41.250,22825,22826,22826,1,1
2025-01-02 15:35:41.251,22825,22826,22826,1,1
2025-01-02 15:35:42.278,22826,22827,22827,1,1
2025-01-02 15:35:44.109,22827,22829,22829,1,1
2025-01-02 15:35:46.043,22827,22829,22827,2,-2
2025-01-02 15:35:50.183,22828,22829,22829,1,1
2025-01-02 15:35:50.184,22828,22829,22830,2,2
2025-01-02 15:36:00.297,22827,22828,22828,1,1
2025-01-02 15:36:04.924,22827,22829,22829,1,1
2025-01-02 15:36:10.380,22827,22828,22828,2,2
2025-01-02 15:36:14.180,22827,22828,22828,1,1
2025-01-02 15:36:17.018,22828,22829,22829,1,1
2025-01-02 15:36:18.911,22828,22830,22830,1,1
2025-01-02 15:36:18.911,22828,22830,22830,1,1
2025-01-02 15:36:19.540,22829,22831,22831,1,1
2025-01-02 15:36:19.540,22829,22831,22832,4,4
2025-01-02 15:36:22.048,22831,22832,22832,1,1
2025-01-02 15:36:22.048,22831,22832,22832,2,2
2025-01-02 15:36:26.303,22830,22833,22833,1,1
2025-01-02 15:36:27.783,22830,22833,22833,1,1
2025-01-02 15:36:29.880,22830,22833,22833,2,2
2025-01-02 15:36:39.341,22827,22830,22830,1,1
2025-01-02 15:37:00.056,22832,22834,22834,4,4
2025-01-02 15:37:00.251,22834,22835,22834,1,-1
2025-01-02 15:37:04.256,22831,22833,22833,1,1
2025-01-02 15:37:08.037,22833,22835,22835,5,5
2025-01-02 15:37:08.037,22833,22835,22835,2,2
2025-01-02 15:37:08.697,22835,22836,22836,1,1
2025-01-02 15:37:09.651,22835,22836,22836,2,2
2025-01-02 15:37:09.838,22835,22837,22837,1,1
2025-01-02 15:37:17.542,22837,22838,22837,1,-1
2025-01-02 15:37:18.449,22837,22838,22837,1,-1
2025-01-02 15:37:18.450,22837,22838,22837,1,-1
2025-01-02 15:37:18.450,22837,22838,22837,1,-1
2025-01-02 15:37:18.450,22837,22838,22837,1,-1
2025-01-02 15:37:18.451,22837,22838,22837,1,-1
2025-01-02 15:37:21.567,22836,22838,22838,3,3
2025-01-02 15:37:21.567,22836,22838,22838,1,1
2025-01-02 15:37:23.108,22837,22839,22839,1,1
2025-01-02 15:37:24.705,22838,22840,22840,3,3
2025-01-02 15:37:24.706,22838,22840,22840,2,2
2025-01-02 15:37:28.078,22840,22841,22840,1,-1
2025-01-02 15:37:28.106,22840,22841,22840,1,-1
2025-01-02 15:37:28.875,22838,22840,22840,1,1
2025-01-02 15:37:30.589,22840,22841,22840,1,-1
2025-01-02 15:37:32.399,22839,22841,22839,1,-1
2025-01-02 15:37:35.827,22838,22839,22838,1,-1
2025-01-02 15:37:35.827,22838,22839,22838,1,-1
2025-01-02 15:37:55.872,22836,22837,22836,1,-1
2025-01-02 15:38:35.566,22833,22835,22833,2,-2
2025-01-02 15:38:37.864,22832,22833,22832,6,-6
2025-01-02 15:38:43.480,22830,22833,22830,1,-1
2025-01-02 15:38:43.949,22830,22833,22833,1,1
2025-01-02 15:39:00.491,22832,22834,22834,2,2
2025-01-02 15:39:00.500,22832,22834,22834,2,2
2025-01-02 15:39:00.661,22834,22835,22834,1,-1
2025-01-02 15:39:08.245,22834,22835,22834,1,-1
2025-01-02 15:39:11.284,22831,22834,22833,1,1
2025-01-02 15:39:25.002,22832,22834,22834,1,1
2025-01-02 15:39:32.395,22832,22834,22832,1,-1
2025-01-02 15:39:53.014,22831,22832,22831,2,-2
2025-01-02 15:39:53.059,22830,22831,22830,1,-1
2025-01-02 15:39:53.060,22830,22831,22830,1,-1
2025-01-02 15:40:00.804,22830,22833,22831,2,-2
2025-01-02 15:40:04.726,22830,22832,22830,1,-1
2025-01-02 15:40:05.685,22828,22830,22830,1,1
2025-01-02 15:40:06.662,22829,22832,22832,1,1
2025-01-02 15:40:33.016,22830,22832,22832,1,1
2025-01-02 15:40:36.468,22832,22833,22832,2,-2
2025-01-02 15:40:36.471,22832,22833,22832,2,-2
2025-01-02 15:40:51.124,22830,22831,22830,1,-1
2025-01-02 15:40:51.124,22830,22831,22830,1,-1
2025-01-02 15:40:55.054,22830,22832,22832,1,1
2025-01-02 15:40:56.004,22833,22835,22833,2,-2
2025-01-02 15:40:56.004,22833,22835,22832,3,-3
2025-01-02 15:40:56.740,22832,22835,22835,1,1
2025-01-02 15:40:58.356,22834,22836,22834,1,-1
2025-01-02 15:41:03.902,22833,22836,22836,2,2
2025-01-02 15:41:05.308,22835,22837,22837,1,1
2025-01-02 15:41:06.206,22835,22838,22835,2,-2
2025-01-02 15:41:45.663,22835,22837,22837,2,2
2025-01-02 15:41:57.546,22837,22839,22839,1,1
2025-01-02 15:42:06.900,22837,22839,22839,1,1
2025-01-02 15:42:06.943,22838,22840,22840,1,1
2025-01-02 15:42:06.943,22838,22840,22840,2,2
2025-01-02 15:42:07.186,22840,22841,22840,1,-1
2025-01-02 15:42:07.186,22840,22841,22839,1,-1
2025-01-02 15:42:09.244,22837,22840,22840,1,1
2025-01-02 15:42:16.363,22837,22839,22837,1,-1
2025-01-02 15:42:28.088,22835,22836,22835,1,-1
2025-01-02 15:42:28.088,22835,22836,22835,2,-2
2025-01-02 15:42:28.864,22834,22836,22836,1,1
2025-01-02 15:42:46.590,22834,22836,22836,1,1
2025-01-02 15:42:46.681,22835,22837,22837,1,1
2025-01-02 15:42:46.764,22835,22837,22837,1,1
2025-01-02 15:42:54.729,22835,22837,22837,1,1
2025-01-02 15:42:54.772,22835,22837,22837,1,1
2025-01-02 15:42:54.773,22835,22837,22837,3,3
2025-01-02 15:43:11.576,22837,22839,22837,1,-1
2025-01-02 15:43:47.662,22834,22836,22834,2,-2
2025-01-02 15:43:47.671,22834,22836,22833,1,-1
2025-01-02 15:43:55.197,22831,22834,22831,2,-2
2025-01-02 15:43:55.211,22831,22834,22831,1,-1
2025-01-02 15:43:55.219,22831,22834,22832,1,-1
2025-01-02 15:44:02.925,22830,22832,22830,3,-3
2025-01-02 15:44:32.879,22832,22834,22834,1,1
2025-01-02 15:44:44.318,22833,22835,22833,2,-2
2025-01-02 15:44:47.527,22831,22833,22833,1,1
2025-01-02 15:44:54.267,22831,22832,22831,1,-1
2025-01-02 15:44:59.555,22831,22834,22831,2,-2
2025-01-02 15:44:59.555,22831,22834,22831,1,-1
2025-01-02 15:44:59.555,22831,22834,22831,1,-1
2025-01-02 15:44:59.563,22831,22834,22830,1,-1
2025-01-02 15:45:03.969,22831,22832,22831,1,-1
2025-01-02 15:45:08.231,22830,22831,22830,1,-1
2025-01-02 15:45:08.232,22830,22831,22830,1,-1
2025-01-02 15:45:09.103,22830,22831,22830,1,-1
2025-01-02 15:45:09.103,22830,22831,22830,1,-1
2025-01-02 15:45:09.104,22830,22831,22830,1,-1
2025-01-02 15:45:09.104,22830,22831,22830,1,-1
2025-01-02 15:45:09.104,22830,22831,22830,1,-1
2025-01-02 15:45:12.582,22829,22830,22829,2,-2
2025-01-02 15:45:12.591,22829,22830,22828,5,-5
2025-01-02 15:45:12.603,22829,22830,22827,6,-6
2025-01-02 15:45:12.614,22829,22830,22826,1,-1
2025-01-02 15:45:12.620,22829,22830,22826,1,-1
2025-01-02 15:45:12.621,22829,22830,22826,1,-1
2025-01-02 15:45:12.621,22829,22830,22826,5,-5
2025-01-02 15:45:12.786,22825,22826,22825,8,-8
2025-01-02 15:45:12.804,22824,22825,22825,1,1
2025-01-02 15:45:13.326,22824,22825,22824,2,-2
2025-01-02 15:45:13.328,22824,22825,22823,1,-1
2025-01-02 15:45:13.696,22823,22824,22823,1,-1
2025-01-02 15:45:13.698,22823,22824,22822,1,-1
2025-01-02 15:45:14.406,22820,22822,22820,1,-1
2025-01-02 15:45:14.443,22820,22822,22820,1,-1
2025-01-02 15:45:15.405,22820,22822,22820,1,-1
2025-01-02 15:45:17.752,22821,22823,22820,2,-2
2025-01-02 15:45:17.752,22821,22823,22821,3,-3
2025-01-02 15:45:18.022,22820,22823,22821,1,-1
2025-01-02 15:45:18.262,22820,22823,22822,1,1
2025-01-02 15:45:20.893,22820,22821,22820,1,-1
2025-01-02 15:45:22.092,22820,22821,22820,2,-2
2025-01-02 15:45:24.310,22820,22821,22821,1,1
2025-01-02 15:45:24.311,22820,22821,22821,2,2
2025-01-02 15:45:25.192,22821,22823,22821,1,-1
2025-01-02 15:45:25.400,22820,22822,22822,1,1
2025-01-02 15:45:25.500,22820,22822,22820,1,-1
2025-01-02 15:45:26.261,22820,22822,22820,2,-2
2025-01-02 15:45:26.262,22820,22822,22820,2,-2
2025-01-02 15:45:26.400,22819,22822,22822,1,1
2025-01-02 15:45:28.456,22820,22823,22820,1,-1
2025-01-02 15:45:32.229,22821,22822,22821,1,-1
2025-01-02 15:45:33.357,22818,22820,22818,1,-1
2025-01-02 15:45:33.357,22818,22820,22817,1,-1
2025-01-02 15:45:33.438,22817,22820,22817,3,-3
2025-01-02 15:45:33.671,22816,22819,22818,1,1
2025-01-02 15:45:33.671,22816,22819,22817,1,-1
2025-01-02 15:45:33.671,22816,22819,22816,3,-3
2025-01-02 15:45:35.073,22817,22820,22820,4,4
2025-01-02 15:45:35.321,22818,22821,22818,1,-1
2025-01-02 15:45:35.463,22818,22821,22821,1,1
2025-01-02 15:45:36.410,22819,22821,22819,2,-2
2025-01-02 15:45:37.282,22818,22820,22818,2,-2
2025-01-02 15:45:37.825,22818,22821,22819,1,-1
2025-01-02 15:45:38.486,22818,22820,22820,1,1
2025-01-02 15:45:38.740,22819,22821,22819,1,-1
2025-01-02 15:45:41.433,22819,22822,22820,1,-1
2025-01-02 15:45:42.225,22819,22822,22819,2,-2
2025-01-02 15:45:45.163,22817,22820,22820,1,1
2025-01-02 15:45:47.060,22819,22820,22819,1,-1
2025-01-02 15:45:57.039,22817,22819,22819,1,1
2025-01-02 15:45:57.157,22818,22820,22819,1,1
2025-01-02 15:45:58.073,22818,22820,22821,3,3
2025-01-02 15:45:58.073,22818,22820,22820,11,11
2025-01-02 15:45:58.073,22818,22820,22821,1,1
2025-01-02 15:45:58.462,22822,22825,22822,1,-1
2025-01-02 15:45:59.286,22821,22824,22822,1,-1
2025-01-02 15:46:04.161,22823,22825,22825,1,1
2025-01-02 15:46:04.182,22824,22827,22824,1,-1
2025-01-02 15:46:04.201,22824,22827,22826,1,1
2025-01-02 15:46:04.204,22824,22827,22824,1,-1
2025-01-02 15:46:04.204,22824,22827,22824,1,-1
2025-01-02 15:46:04.790,22822,22825,22822,2,-2
2025-01-02 15:46:06.619,22822,22823,22822,1,-1
2025-01-02 15:46:06.680,22821,22822,22821,1,-1
2025-01-02 15:46:06.680,22821,22822,22821,1,-1
2025-01-02 15:46:06.680,22821,22822,22819,1,-1
2025-01-02 15:46:06.681,22821,22822,22819,1,-1
2025-01-02 15:46:06.681,22821,22822,22819,1,-1
2025-01-02 15:46:06.681,22821,22822,22819,1,-1
2025-01-02 15:46:06.685,22821,22822,22819,1,-1
2025-01-02 15:46:06.687,22821,22822,22819,1,-1
2025-01-02 15:46:06.753,22821,22822,22821,3,-3
2025-01-02 15:46:13.702,22819,22822,22819,1,-1
2025-01-02 15:46:13.805,22819,22822,22819,1,-1
2025-01-02 15:46:13.805,22819,22822,22819,1,-1
2025-01-02 15:46:13.805,22819,22822,22819,1,-1
2025-01-02 15:46:13.806,22819,22822,22818,1,-1
2025-01-02 15:46:18.856,22820,22821,22820,1,-1
2025-01-02 15:46:18.911,22820,22821,22818,1,-1
2025-01-02 15:46:23.435,22818,22821,22818,1,-1
2025-01-02 15:46:23.561,22818,22820,22818,1,-1
2025-01-02 15:46:26.769,22819,22821,22821,1,1
2025-01-02 15:46:27.052,22820,22823,22820,1,-1
2025-01-02 15:46:27.180,22819,22823,22819,1,-1
2025-01-02 15:46:27.180,22819,22823,22819,1,-1
2025-01-02 15:46:27.180,22819,22823,22819,1,-1
2025-01-02 15:46:27.180,22819,22823,22819,1,-1
2025-01-02 15:46:27.181,22819,22823,22819,1,-1
2025-01-02 15:46:27.181,22819,22823,22819,1,-1
2025-01-02 15:46:27.181,22819,22823,22819,1,-1
2025-01-02 15:46:28.968,22818,22819,22819,4,4
2025-01-02 15:46:29.536,22818,22819,22819,1,1
2025-01-02 15:46:29.536,22818,22819,22821,1,1
2025-01-02 15:46:30.077,22819,22821,22819,1,-1
2025-01-02 15:46:33.046,22819,22821,22821,1,1
2025-01-02 15:46:33.109,22819,22822,22820,2,-2
2025-01-02 15:46:35.184,22819,22822,22819,1,-1
2025-01-02 15:46:42.201,22820,22822,22820,1,-1
2025-01-02 15:46:42.305,22820,22822,22820,1,-1
2025-01-02 15:46:42.305,22820,22822,22819,1,-1
2025-01-02 15:46:42.305,22820,22822,22819,1,-1
2025-01-02 15:46:42.306,22820,22822,22819,1,-1
2025-01-02 15:46:42.306,22820,22822,22819,1,-1
2025-01-02 15:46:42.308,22820,22822,22818,1,-1
2025-01-02 15:46:43.896,22818,22819,22819,1,1
2025-01-02 15:46:45.309,22819,22820,22819,1,-1
2025-01-02 15:46:46.433,22819,22820,22819,1,-1
2025-01-02 15:46:46.555,22818,22820,22818,1,-1
2025-01-02 15:46:46.555,22818,22820,22818,1,-1
2025-01-02 15:46:46.555,22818,22820,22818,1,-1
2025-01-02 15:46:46.556,22818,22820,22818,1,-1
2025-01-02 15:46:46.557,22818,22820,22818,1,-1
2025-01-02 15:46:47.313,22818,22819,22819,1,1
2025-01-02 15:46:47.470,22818,22819,22819,1,1
2025-01-02 15:46:48.045,22818,22819,22818,1,-1
2025-01-02 15:46:50.323,22818,22819,22819,1,1
2025-01-02 15:46:51.153,22819,22820,22819,1,-1
2025-01-02 15:46:51.601,22818,22820,22820,2,2
2025-01-02 15:46:56.027,22820,22822,22820,1,-1
2025-01-02 15:46:58.599,22819,22822,22819,1,-1
2025-01-02 15:46:59.800,22819,22821,22819,1,-1
2025-01-02 15:47:01.314,22819,22821,22821,1,1
2025-01-02 15:47:01.521,22821,22824,22822,1,-1
2025-01-02 15:47:07.790,22820,22822,22820,1,-1
2025-01-02 15:47:15.167,22820,22822,22820,1,-1
2025-01-02 15:47:15.478,22820,22821,22820,1,-1
2025-01-02 15:47:16.537,22820,22821,22820,1,-1
2025-01-02 15:47:16.537,22820,22821,22820,1,-1
2025-01-02 15:47:16.741,22819,22820,22820,3,3
2025-01-02 15:47:21.965,22819,22820,22820,2,2
2025-01-02 15:47:23.195,22820,22822,22820,1,-1
2025-01-02 15:47:29.001,22819,22820,22819,1,-1
2025-01-02 15:47:29.001,22819,22820,22818,4,-4
2025-01-02 15:47:30.252,22818,22820,22820,1,1
2025-01-02 15:47:31.312,22818,22820,22820,1,1
2025-01-02 15:47:33.398,22819,22821,22819,1,-1
2025-01-02 15:47:42.178,22818,22819,22819,1,1
2025-01-02 15:47:43.602,22818,22819,22818,1,-1
2025-01-02 15:47:43.651,22818,22819,22819,1,1
2025-01-02 15:47:55.043,22818,22819,22818,3,-3
2025-01-02 15:47:55.046,22818,22819,22817,1,-1
2025-01-02 15:47:55.046,22818,22819,22817,1,-1
2025-01-02 15:47:55.046,22818,22819,22817,2,-2
2025-01-02 15:47:55.046,22818,22819,22817,1,-1
2025-01-02 15:47:58.214,22816,22817,22816,1,-1
2025-01-02 15:47:58.331,22816,22817,22816,2,-2
2025-01-02 15:47:58.331,22816,22817,22816,1,-1
2025-01-02 15:47:58.331,22816,22817,22816,1,-1
2025-01-02 15:47:58.737,22815,22816,22815,2,-2
2025-01-02 15:48:00.005,22815,22816,22815,2,-2
2025-01-02 15:48:00.521,22815,22816,22816,1,1
2025-01-02 15:48:05.055,22815,22817,22815,2,-2
2025-01-02 15:48:07.547,22816,22818,22818,1,1
2025-01-02 15:48:09.314,22817,22819,22817,6,-6
2025-01-02 15:48:09.314,22817,22819,22816,1,-1
2025-01-02 15:48:09.430,22816,22818,22816,1,-1
2025-01-02 15:48:12.704,22816,22818,22816,2,-2
2025-01-02 15:48:22.052,22818,22819,22819,1,1
2025-01-02 15:48:32.179,22818,22820,22820,5,5
2025-01-02 15:48:32.180,22818,22820,22820,1,1
2025-01-02 15:48:32.180,22818,22820,22820,1,1
2025-01-02 15:48:32.305,22820,22821,22820,1,-1
2025-01-02 15:48:32.322,22820,22821,22819,1,-1
2025-01-02 15:48:39.356,22818,22819,22818,2,-2
2025-01-02 15:48:46.522,22817,22818,22818,1,1
2025-01-02 15:48:46.672,22817,22819,22819,1,1
2025-01-02 15:48:47.004,22818,22820,22818,1,-1
2025-01-02 15:48:58.677,22819,22820,22819,1,-1
2025-01-02 15:49:04.396,22818,22820,22820,1,1
2025-01-02 15:49:04.396,22818,22820,22820,2,2
2025-01-02 15:49:04.399,22818,22820,22821,1,1
2025-01-02 15:49:09.810,22821,22823,22821,1,-1
2025-01-02 15:49:14.180,22818,22820,22820,1,1
2025-01-02 15:49:14.340,22818,22821,22821,2,2
2025-01-02 15:49:33.126,22821,22822,22821,3,-3
2025-01-02 15:49:42.171,22820,22821,22821,1,1
2025-01-02 15:49:48.159,22820,22821,22821,1,1
2025-01-02 15:49:57.396,22821,22822,22822,1,1
2025-01-02 15:49:58.481,22821,22822,22822,1,1
2025-01-02 15:49:59.184,22822,22823,22823,4,4
2025-01-02 15:50:01.388,22823,22824,22824,2,2
2025-01-02 15:50:01.881,22824,22825,22825,3,3
2025-01-02 15:50:02.646,22824,22826,22826,1,1
2025-01-02 15:50:04.807,22824,22826,22826,1,1
2025-01-02 15:50:04.807,22824,22826,22827,6,6
2025-01-02 15:50:04.807,22824,22826,22828,1,1
2025-01-02 15:50:05.369,22825,22828,22825,1,-1
2025-01-02 15:50:06.492,22824,22826,22827,3,3
2025-01-02 15:50:06.492,22824,22826,22826,2,2
2025-01-02 15:50:11.364,22824,22825,22825,1,1
2025-01-02 15:50:12.348,22824,22825,22824,2,-2
2025-01-02 15:50:12.348,22824,22825,22823,1,-1
2025-01-02 15:50:14.810,22823,22825,22823,2,-2
2025-01-02 15:50:22.947,22823,22825,22823,2,-2
2025-01-02 15:50:27.866,22822,22824,22824,1,1
2025-01-02 15:50:41.209,22824,22825,22825,3,3
2025-01-02 15:50:44.846,22824,22826,22826,2,2
2025-01-02 15:50:45.591,22825,22827,22825,1,-1
2025-01-02 15:50:51.049,22824,22825,22825,1,1
2025-01-02 15:50:51.072,22825,22826,22825,1,-1
2025-01-02 15:51:06.027,22825,22826,22826,1,1
2025-01-02 15:51:12.269,22825,22826,22826,1,1
2025-01-02 15:51:13.363,22825,22826,22825,3,-3
2025-01-02 15:51:13.363,22825,22826,22825,1,-1
2025-01-02 15:51:13.363,22825,22826,22825,1,-1
2025-01-02 15:51:16.705,22824,22825,22824,1,-1
2025-01-02 15:51:17.076,22822,22824,22824,1,1
2025-01-02 15:51:39.283,22822,22823,22822,1,-1
2025-01-02 15:51:39.283,22822,22823,22822,1,-1
2025-01-02 15:51:39.284,22822,22823,22822,2,-2
2025-01-02 15:51:43.699,22821,22823,22821,1,-1
2025-01-02 15:51:48.296,22821,22822,22822,1,1
2025-01-02 15:51:48.559,22822,22823,22823,1,1
2025-01-02 15:51:48.559,22822,22823,22823,3,3
2025-01-02 15:51:48.559,22822,22823,22823,1,1
2025-01-02 15:52:13.299,22822,22823,22822,5,-5
2025-01-02 15:52:13.299,22822,22823,22822,1,-1
2025-01-02 15:52:13.307,22821,22822,22822,1,1
2025-01-02 15:52:13.308,22821,22822,22822,1,1
2025-01-02 15:52:13.344,22821,22822,22822,1,1
2025-01-02 15:52:13.754,22821,22824,22821,1,-1
2025-01-02 15:52:24.162,22822,22823,22822,2,-2
2025-01-02 15:52:24.179,22820,22821,22821,1,1
2025-01-02 15:52:24.180,22820,22821,22822,1,1
2025-01-02 15:52:31.697,22820,22821,22821,1,1
2025-01-02 15:52:31.805,22821,22822,22823,1,1
2025-01-02 15:52:31.805,22821,22822,22823,1,1
2025-01-02 15:52:31.805,22821,22822,22823,1,1
2025-01-02 15:52:31.805,22821,22822,22822,1,1
2025-01-02 15:52:31.805,22821,22822,22822,1,1
2025-01-02 15:52:31.806,22821,22822,22822,1,1
2025-01-02 15:52:31.806,22821,22822,22824,1,1
2025-01-02 15:52:31.806,22821,22822,22824,1,1
2025-01-02 15:52:34.920,22822,22825,22822,5,-5
2025-01-02 15:52:34.930,22821,22824,22824,1,1
2025-01-02 15:52:34.931,22821,22824,22824,1,1
2025-01-02 15:52:34.931,22821,22824,22824,1,1
2025-01-02 15:52:34.931,22821,22824,22824,1,1
2025-01-02 15:52:34.931,22821,22824,22824,1,1
2025-01-02 15:52:34.933,22821,22824,22825,1,1
2025-01-02 15:52:52.526,22823,22825,22825,2,2
2025-01-02 15:52:59.497,22824,22825,22825,1,1
2025-01-02 15:52:59.554,22824,22825,22825,1,1
2025-01-02 15:52:59.555,22824,22825,22825,1,1
2025-01-02 15:52:59.555,22824,22825,22825,1,1
2025-01-02 15:52:59.555,22824,22825,22825,1,1
2025-01-02 15:52:59.556,22824,22825,22826,1,1
2025-01-02 15:53:02.695,22825,22827,22827,1,1
2025-01-02 15:53:32.650,22825,22827,22825,1,-1
2025-01-02 15:53:32.665,22825,22827,22824,1,-1
2025-01-02 15:53:39.047,22823,22825,22823,1,-1
2025-01-02 15:53:42.448,22823,22824,22824,1,1
2025-01-02 15:53:42.495,22823,22824,22825,2,2
2025-01-02 15:54:11.197,22823,22825,22823,1,-1
2025-01-02 15:54:13.088,22822,22823,22822,2,-2
2025-01-02 15:54:13.112,22822,22823,22822,1,-1
2025-01-02 15:54:20.105,22821,22822,22822,1,1
2025-01-02 15:54:22.192,22822,22824,22824,1,1
2025-01-02 15:54:39.356,22824,22825,22824,2,-2
2025-01-02 15:54:44.577,22824,22825,22824,1,-1
2025-01-02 15:54:55.018,22824,22825,22825,2,2
2025-01-02 15:55:11.311,22825,22826,22825,2,-2
2025-01-02 15:55:12.932,22824,22825,22824,1,-1
2025-01-02 15:55:16.940,22824,22825,22824,1,-1
2025-01-02 15:55:42.982,22821,22823,22821,1,-1
2025-01-02 15:56:12.206,22821,22822,22821,1,-1
2025-01-02 15:56:20.373,22821,22823,22821,1,-1
2025-01-02 15:56:43.807,22821,22822,22821,4,-4
2025-01-02 15:56:45.524,22821,22822,22821,1,-1
2025-01-02 15:56:47.141,22820,22821,22820,1,-1
2025-01-02 15:56:47.141,22820,22821,22820,1,-1
2025-01-02 15:56:50.259,22819,22820,22819,2,-2
2025-01-02 15:56:50.260,22819,22820,22819,1,-1
2025-01-02 15:56:58.560,22818,22820,22818,1,-1
2025-01-02 15:57:00.064,22819,22821,22821,1,1
2025-01-02 15:57:04.811,22820,22821,22821,2,2
2025-01-02 15:57:04.965,22822,22823,22823,1,1
2025-01-02 15:57:11.995,22822,22824,22824,2,2
2025-01-02 15:57:12.198,22824,22825,22825,1,1
2025-01-02 15:57:13.992,22824,22826,22826,1,1
2025-01-02 15:57:17.053,22826,22827,22826,1,-1
2025-01-02 15:57:19.569,22825,22827,22827,1,1
2025-01-02 15:57:21.126,22825,22827,22827,3,3
2025-01-02 15:57:21.630,22825,22827,22827,1,1
2025-01-02 15:57:27.811,22825,22827,22827,6,6
2025-01-02 15:57:27.812,22825,22827,22828,3,3
2025-01-02 15:57:29.568,22828,22829,22829,2,2
2025-01-02 15:57:29.568,22828,22829,22830,3,3
2025-01-02 15:57:30.571,22829,22832,22829,1,-1
2025-01-02 15:57:40.381,22828,22830,22828,1,-1
2025-01-02 15:57:52.460,22828,22830,22830,1,1
2025-01-02 15:57:52.460,22828,22830,22830,1,1
2025-01-02 15:57:52.460,22828,22830,22830,2,2
2025-01-02 15:57:57.587,22830,22831,22830,2,-2
2025-01-02 15:57:57.588,22830,22831,22829,1,-1
2025-01-02 15:57:59.055,22828,22830,22829,1,-1
2025-01-02 15:57:59.056,22828,22830,22829,1,-1
2025-01-02 15:58:00.363,22828,22830,22828,1,-1
2025-01-02 15:58:01.938,22826,22828,22828,1,1
2025-01-02 15:58:10.774,22828,22829,22828,1,-1
2025-01-02 15:58:16.572,22827,22828,22827,2,-2
2025-01-02 15:58:16.573,22827,22828,22827,1,-1
2025-01-02 15:58:16.573,22827,22828,22827,2,-2
2025-01-02 15:58:16.820,22826,22827,22826,1,-1
2025-01-02 15:58:29.840,22822,22823,22822,1,-1
2025-01-02 15:58:31.351,22821,22822,22821,1,-1
2025-01-02 15:58:33.165,22819,22822,22819,1,-1
2025-01-02 15:58:36.827,22818,22820,22818,3,-3
2025-01-02 15:58:36.827,22818,22820,22817,2,-2
2025-01-02 15:58:37.542,22817,22819,22817,1,-1
2025-01-02 15:58:37.886,22816,22818,22816,1,-1
2025-01-02 15:58:40.591,22815,22817,22816,1,-1
2025-01-02 15:58:42.257,22815,22817,22815,4,-4
2025-01-02 15:58:42.265,22815,22817,22816,1,-1
2025-01-02 15:58:42.400,22815,22817,22815,1,-1
2025-01-02 15:58:42.503,22815,22817,22815,1,-1
2025-01-02 15:58:42.542,22815,22817,22815,2,-2
2025-01-02 15:58:42.696,22815,22817,22817,1,1
2025-01-02 15:58:44.495,22815,22816,22815,1,-1
2025-01-02 15:58:44.495,22815,22816,22815,2,-2
2025-01-02 15:58:46.827,22815,22816,22815,2,-2
2025-01-02 15:58:46.827,22815,22816,22815,1,-1
2025-01-02 15:58:46.829,22815,22816,22813,2,-2
2025-01-02 15:58:46.829,22815,22816,22813,1,-1
2025-01-02 15:58:46.830,22815,22816,22813,1,-1
2025-01-02 15:58:46.830,22815,22816,22813,1,-1
2025-01-02 15:58:46.933,22812,22814,22812,1,-1
2025-01-02 15:58:46.934,22812,22814,22812,1,-1
2025-01-02 15:58:46.934,22812,22814,22812,1,-1
2025-01-02 15:58:46.960,22812,22814,22812,2,-2
2025-01-02 15:58:47.012,22812,22814,22812,2,-2
2025-01-02 15:58:48.159,22812,22813,22814,1,1
2025-01-02 15:58:49.715,22813,22816,22813,1,-1
2025-01-02 15:58:59.842,22813,22815,22813,1,-1
2025-01-02 15:59:00.328,22813,22815,22813,2,-2
2025-01-02 15:59:00.703,22813,22815,22815,2,2
2025-01-02 15:59:00.846,22815,22816,22816,3,3
2025-01-02 15:59:00.846,22815,22816,22816,1,1
2025-01-02 15:59:01.608,22815,22817,22817,1,1
2025-01-02 15:59:12.444,22816,22817,22816,1,-1
2025-01-02 15:59:13.319,22815,22817,22817,1,1
2025-01-02 15:59:14.050,22816,22818,22816,2,-2
2025-01-02 15:59:14.146,22816,22818,22816,1,-1
2025-01-02 15:59:25.873,22816,22817,22816,1,-1
2025-01-02 15:59:37.874,22816,22817,22816,1,-1
2025-01-02 15:59:43.168,22815,22816,22816,1,1
2025-01-02 15:59:46.741,22815,22817,22817,2,2
2025-01-02 15:59:47.308,22815,22818,22818,1,1
2025-01-02 15:59:47.308,22815,22818,22818,3,3
2025-01-02 15:59:47.309,22815,22818,22819,2,2
2025-01-02 15:59:55.078,22821,22822,22821,1,-1
2025-01-02 15:59:56.268,22819,22821,22821,1,1
2025-01-02 16:00:00.103,22821,22823,22824,1,1
2025-01-02 16:00:00.189,22824,22826,22824,1,-1
2025-01-02 16:00:00.290,22824,22826,22827,1,1
2025-01-02 16:00:00.339,22826,22828,22826,2,-2
2025-01-02 16:00:00.351,22826,22828,22826,1,-1
2025-01-02 16:00:00.380,22826,22828,22828,2,2
2025-01-02 16:00:00.470,22828,22830,22830,1,1
2025-01-02 16:00:00.471,22828,22830,22831,2,2
2025-01-02 16:00:00.500,22828,22830,22832,5,5
2025-01-02 16:00:00.503,22828,22830,22833,5,5
2025-01-02 16:00:00.504,22828,22830,22833,1,1
2025-01-02 16:00:00.515,22828,22830,22835,1,1
2025-01-02 16:00:00.590,22832,22834,22834,1,1
2025-01-02 16:00:00.680,22832,22834,22834,1,1
2025-01-02 16:00:01.644,22829,22832,22828,1,-1
2025-01-02 16:00:01.646,22829,22832,22830,2,-2
2025-01-02 16:00:01.646,22829,22832,22831,1,1
2025-01-02 16:00:02.078,22829,22832,22832,2,2
2025-01-02 16:00:02.093,22829,22832,22833,1,1
2025-01-02 16:00:02.116,22829,22832,22833,3,3
2025-01-02 16:00:02.429,22832,22834,22831,1,-1
2025-01-02 16:00:04.612,22823,22825,22825,2,2
2025-01-02 16:00:04.679,22825,22827,22825,1,-1
2025-01-02 16:00:06.855,22823,22825,22825,2,2
2025-01-02 16:00:07.811,22822,22824,22822,1,-1
2025-01-02 16:00:07.811,22822,22824,22821,2,-2
2025-01-02 16:00:07.931,22821,22822,22822,1,1
2025-01-02 16:00:07.931,22821,22822,22822,1,1
2025-01-02 16:00:10.754,22821,22823,22823,1,1
2025-01-02 16:00:11.836,22821,22823,22823,1,1
2025-01-02 16:00:14.141,22821,22823,22821,1,-1
2025-01-02 16:00:15.648,22821,22823,22822,1,-1
2025-01-02 16:00:15.648,22821,22823,22823,2,2
2025-01-02 16:00:15.709,22822,22825,22822,1,-1
2025-01-02 16:00:21.656,22823,22824,22824,3,3
2025-01-02 16:00:25.751,22825,22826,22825,1,-1
2025-01-02 16:00:26.490,22825,22826,22825,1,-1
2025-01-02 16:00:26.950,22825,22826,22826,1,1
2025-01-02 16:00:31.620,22823,22825,22825,1,1
2025-01-02 16:00:31.620,22823,22825,22825,1,1
2025-01-02 16:00:33.729,22825,22826,22826,2,2
2025-01-02 16:00:33.991,22826,22829,22829,1,1
2025-01-02 16:00:36.065,22828,22829,22828,1,-1
2025-01-02 16:00:36.428,22827,22829,22829,1,1
2025-01-02 16:00:40.117,22828,22829,22829,1,1
2025-01-02 16:00:40.117,22828,22829,22829,1,1
2025-01-02 16:00:40.117,22828,22829,22829,1,1
2025-01-02 16:00:40.193,22829,22830,22830,1,1
2025-01-02 16:00:40.193,22829,22830,22830,1,1
2025-01-02 16:00:40.194,22829,22830,22830,1,1
2025-01-02 16:00:42.610,22827,22830,22830,1,1
2025-01-02 16:00:49.887,22829,22830,22830,1,1
2025-01-02 16:00:51.953,22831,22834,22831,2,-2
2025-01-02 16:00:54.147,22830,22832,22830,2,-2
2025-01-02 16:00:57.926,22829,22831,22831,1,1
2025-01-02 16:01:00.525,22830,22831,22831,1,1
2025-01-02 16:01:01.724,22830,22831,22831,3,3
2025-01-02 16:01:02.275,22831,22834,22832,1,-1
2025-01-02 16:01:03.236,22830,22833,22833,1,1
2025-01-02 16:01:03.448,22831,22834,22834,1,1
