2024-07-04 15:00:00.008,23625,23626,23626,355,355
2024-07-04 15:00:00.019,23626,23627,23627,2,2
2024-07-04 15:00:00.019,23626,23627,23628,2,2
2024-07-04 15:00:00.022,23626,23627,23628,1,1
2024-07-04 15:00:00.024,23626,23627,23629,3,3
2024-07-04 15:00:00.027,23626,23627,23626,1,-1
2024-07-04 15:00:00.037,23626,23630,23628,1,-1
2024-07-04 15:00:00.038,23626,23630,23628,3,-3
2024-07-04 15:00:00.038,23626,23630,23627,1,-1
2024-07-04 15:00:00.040,23626,23630,23628,1,-1
2024-07-04 15:00:00.045,23626,23630,23630,2,2
2024-07-04 15:00:00.045,23626,23630,23626,1,-1
2024-07-04 15:00:00.047,23626,23630,23626,2,-2
2024-07-04 15:00:00.063,23625,23626,23626,1,1
2024-07-04 15:00:00.074,23625,23626,23626,2,2
2024-07-04 15:00:00.205,23625,23627,23626,1,1
2024-07-04 15:00:00.219,23625,23627,23627,2,2
2024-07-04 15:00:00.219,23625,23627,23627,1,1
2024-07-04 15:00:00.219,23625,23627,23627,1,1
2024-07-04 15:00:00.244,23625,23627,23627,1,1
2024-07-04 15:00:00.245,23625,23627,23628,2,2
2024-07-04 15:00:00.267,23625,23627,23625,1,-1
2024-07-04 15:00:00.296,23625,23627,23628,2,2
2024-07-04 15:00:00.320,23625,23627,23628,1,1
2024-07-04 15:00:00.323,23625,23627,23628,1,1
2024-07-04 15:00:00.325,23625,23627,23628,1,1
2024-07-04 15:00:00.350,23625,23629,23625,2,-2
2024-07-04 15:00:00.368,23625,23629,23629,4,4
2024-07-04 15:00:00.369,23625,23629,23629,1,1
2024-07-04 15:00:00.385,23625,23629,23630,2,2
2024-07-04 15:00:00.385,23625,23629,23631,2,2
2024-07-04 15:00:00.397,23625,23629,23631,1,1
2024-07-04 15:00:00.449,23625,23629,23631,2,2
2024-07-04 15:00:00.450,23625,23629,23631,2,2
2024-07-04 15:00:00.477,23627,23632,23632,4,4
2024-07-04 15:00:00.478,23627,23632,23632,2,2
2024-07-04 15:00:00.486,23627,23632,23633,1,1
2024-07-04 15:00:00.500,23627,23632,23633,1,1
2024-07-04 15:00:00.506,23627,23632,23633,1,1
2024-07-04 15:00:00.523,23627,23632,23634,8,8
2024-07-04 15:00:00.543,23627,23632,23634,1,1
2024-07-04 15:00:00.552,23627,23632,23631,1,1
2024-07-04 15:00:00.560,23627,23632,23634,1,1
2024-07-04 15:00:00.577,23627,23632,23634,1,1
2024-07-04 15:00:00.627,23631,23634,23634,4,4
2024-07-04 15:00:00.630,23631,23634,23635,3,3
2024-07-04 15:00:00.685,23631,23634,23632,2,-2
2024-07-04 15:00:00.786,23632,23635,23633,1,-1
2024-07-04 15:00:00.787,23632,23635,23633,1,-1
2024-07-04 15:00:00.826,23632,23635,23635,4,4
2024-07-04 15:00:00.838,23632,23635,23633,1,-1
2024-07-04 15:00:00.848,23633,23635,23635,1,1
2024-07-04 15:00:00.856,23633,23635,23635,3,3
2024-07-04 15:00:00.856,23633,23635,23635,14,14
2024-07-04 15:00:00.895,23633,23635,23636,1,1
2024-07-04 15:00:00.916,23633,23635,23634,1,1
2024-07-04 15:00:00.954,23633,23635,23634,1,1
2024-07-04 15:00:00.968,23634,23636,23636,2,2
2024-07-04 15:00:00.969,23634,23636,23636,1,1
2024-07-04 15:00:00.970,23634,23636,23636,2,2
2024-07-04 15:00:01.038,23634,23636,23635,1,1
2024-07-04 15:00:01.050,23634,23636,23635,8,8
2024-07-04 15:00:01.050,23634,23636,23635,1,1
2024-07-04 15:00:01.050,23634,23636,23635,1,1
2024-07-04 15:00:01.050,23634,23636,23635,1,1
2024-07-04 15:00:01.073,23634,23636,23634,1,-1
2024-07-04 15:00:01.073,23634,23636,23633,1,-1
2024-07-04 15:00:01.075,23634,23636,23634,1,-1
2024-07-04 15:00:01.092,23632,23634,23634,1,1
2024-07-04 15:00:01.092,23632,23634,23633,1,1
2024-07-04 15:00:01.094,23632,23634,23633,2,2
2024-07-04 15:00:01.094,23632,23634,23633,1,1
2024-07-04 15:00:01.094,23632,23634,23633,1,1
2024-07-04 15:00:01.179,23632,23634,23635,1,1
2024-07-04 15:00:01.188,23632,23634,23635,1,1
2024-07-04 15:00:01.252,23632,23635,23635,1,1
2024-07-04 15:00:01.300,23632,23635,23633,1,-1
2024-07-04 15:00:01.324,23632,23635,23633,2,-2
2024-07-04 15:00:01.343,23631,23633,23633,1,1
2024-07-04 15:00:01.348,23631,23633,23632,1,1
2024-07-04 15:00:01.506,23629,23631,23629,1,-1
2024-07-04 15:00:01.608,23627,23630,23630,1,1
2024-07-04 15:00:01.608,23627,23630,23631,1,1
2024-07-04 15:00:01.608,23627,23630,23632,1,1
2024-07-04 15:00:01.608,23627,23630,23632,1,1
2024-07-04 15:00:01.609,23627,23630,23633,1,1
2024-07-04 15:00:01.609,23627,23630,23632,1,1
2024-07-04 15:00:01.609,23627,23630,23632,1,1
2024-07-04 15:00:01.609,23627,23630,23632,1,1
2024-07-04 15:00:01.610,23627,23630,23633,1,1
2024-07-04 15:00:01.610,23627,23630,23633,1,1
2024-07-04 15:00:01.611,23627,23630,23633,1,1
2024-07-04 15:00:01.612,23627,23630,23632,1,1
2024-07-04 15:00:01.613,23627,23630,23631,1,1
2024-07-04 15:00:01.727,23630,23634,23630,1,-1
2024-07-04 15:00:01.728,23630,23634,23630,1,-1
2024-07-04 15:00:01.743,23630,23634,23633,1,1
2024-07-04 15:00:01.919,23629,23633,23633,1,1
2024-07-04 15:00:01.919,23629,23633,23633,2,2
2024-07-04 15:00:01.919,23629,23633,23634,1,1
2024-07-04 15:00:01.919,23629,23633,23632,1,1
2024-07-04 15:00:01.919,23629,23633,23633,2,2
2024-07-04 15:00:02.046,23630,23633,23630,2,-2
2024-07-04 15:00:02.101,23629,23632,23629,1,-1
2024-07-04 15:00:02.115,23629,23632,23629,1,-1
2024-07-04 15:00:03.771,23626,23628,23626,1,-1
2024-07-04 15:00:03.772,23626,23628,23628,2,2
2024-07-04 15:00:04.047,23625,23628,23625,12,-12
2024-07-04 15:00:04.110,23623,23626,23626,1,1
2024-07-04 15:00:04.110,23623,23626,23627,1,1
2024-07-04 15:00:04.147,23623,23626,23626,1,1
2024-07-04 15:00:04.335,23623,23626,23623,1,-1
2024-07-04 15:00:04.394,23623,23626,23626,1,1
2024-07-04 15:00:04.419,23623,23626,23626,1,1
2024-07-04 15:00:04.485,23623,23626,23623,3,-3
2024-07-04 15:00:04.485,23623,23626,23622,1,-1
2024-07-04 15:00:04.485,23623,23626,23621,1,-1
2024-07-04 15:00:04.489,23623,23626,23622,2,-2
2024-07-04 15:00:04.737,23621,23624,23625,2,2
2024-07-04 15:00:04.888,23622,23626,23622,1,-1
2024-07-04 15:00:05.842,23623,23626,23626,1,1
2024-07-04 15:00:06.164,23623,23626,23623,1,-1
2024-07-04 15:00:06.229,23623,23626,23626,2,2
2024-07-04 15:00:06.381,23623,23626,23623,1,-1
2024-07-04 15:00:06.435,23623,23626,23623,1,-1
2024-07-04 15:00:06.454,23623,23626,23626,1,1
2024-07-04 15:00:06.677,23623,23626,23623,1,-1
2024-07-04 15:00:06.710,23623,23626,23623,1,-1
2024-07-04 15:00:06.913,23623,23626,23626,1,1
2024-07-04 15:00:07.853,23624,23626,23626,1,1
2024-07-04 15:00:07.854,23624,23626,23626,2,2
2024-07-04 15:00:07.878,23624,23626,23626,1,1
2024-07-04 15:00:09.811,23624,23626,23626,2,2
2024-07-04 15:00:09.812,23624,23626,23627,1,1
2024-07-04 15:00:09.863,23625,23627,23627,2,2
2024-07-04 15:00:10.643,23626,23628,23626,1,-1
2024-07-04 15:00:12.147,23626,23628,23628,1,1
2024-07-04 15:00:12.669,23626,23628,23626,5,-5
2024-07-04 15:00:12.897,23626,23628,23628,4,4
2024-07-04 15:00:12.924,23626,23628,23628,1,1
2024-07-04 15:00:13.251,23627,23629,23627,2,-2
2024-07-04 15:00:13.603,23627,23629,23629,1,1
2024-07-04 15:00:13.742,23627,23629,23629,1,1
2024-07-04 15:00:13.742,23627,23629,23629,1,1
2024-07-04 15:00:13.995,23628,23630,23628,2,-2
2024-07-04 15:00:15.411,23628,23630,23628,1,-1
2024-07-04 15:00:15.428,23628,23630,23628,1,-1
2024-07-04 15:00:15.458,23628,23630,23628,1,-1
2024-07-04 15:00:15.512,23628,23630,23628,1,-1
2024-07-04 15:00:15.545,23628,23630,23628,1,-1
2024-07-04 15:00:15.595,23628,23630,23628,1,-1
2024-07-04 15:00:15.698,23628,23630,23630,5,5
2024-07-04 15:00:16.643,23629,23631,23629,1,-1
2024-07-04 15:00:18.458,23628,23630,23630,1,1
2024-07-04 15:00:20.184,23628,23630,23629,1,1
2024-07-04 15:00:20.217,23628,23630,23628,1,-1
2024-07-04 15:00:20.217,23628,23630,23628,1,-1
2024-07-04 15:00:20.218,23628,23630,23628,1,-1
2024-07-04 15:00:20.318,23628,23630,23629,4,-4
2024-07-04 15:00:20.318,23628,23630,23629,2,-2
2024-07-04 15:00:22.145,23627,23630,23630,1,1
2024-07-04 15:00:23.761,23629,23630,23629,1,-1
2024-07-04 15:00:24.007,23627,23630,23630,1,1
2024-07-04 15:00:24.391,23627,23630,23629,1,1
2024-07-04 15:00:25.489,23628,23630,23628,1,-1
2024-07-04 15:00:30.509,23628,23630,23630,4,4
2024-07-04 15:00:31.062,23628,23630,23629,1,1
2024-07-04 15:00:31.093,23628,23630,23628,1,-1
2024-07-04 15:00:31.186,23628,23630,23628,1,-1
2024-07-04 15:00:32.711,23628,23630,23628,1,-1
2024-07-04 15:00:32.813,23628,23630,23630,3,3
2024-07-04 15:00:34.667,23628,23630,23628,1,-1
2024-07-04 15:00:34.893,23627,23629,23629,4,4
2024-07-04 15:00:34.893,23627,23629,23630,1,1
2024-07-04 15:00:36.242,23627,23630,23630,1,1
2024-07-04 15:00:39.806,23627,23629,23627,1,-1
2024-07-04 15:00:39.843,23627,23629,23627,1,-1
2024-07-04 15:00:39.843,23627,23629,23627,1,-1
2024-07-04 15:00:44.851,23626,23628,23628,1,1
2024-07-04 15:00:44.951,23626,23628,23629,1,1
2024-07-04 15:00:44.952,23626,23628,23629,1,1
2024-07-04 15:00:44.980,23628,23630,23628,1,-1
2024-07-04 15:00:45.051,23628,23630,23628,1,-1
2024-07-04 15:00:45.275,23628,23630,23630,2,2
2024-07-04 15:00:49.550,23627,23628,23628,1,1
2024-07-04 15:00:51.687,23627,23629,23629,1,1
2024-07-04 15:00:53.993,23627,23628,23627,3,-3
2024-07-04 15:00:56.117,23626,23628,23628,3,3
2024-07-04 15:00:56.591,23626,23629,23629,1,1
2024-07-04 15:00:58.355,23628,23630,23628,4,-4
2024-07-04 15:00:59.311,23627,23630,23630,1,1
2024-07-04 15:01:00.056,23627,23630,23630,1,1
2024-07-04 15:01:00.060,23627,23630,23630,1,1
2024-07-04 15:01:00.060,23627,23630,23630,1,1
2024-07-04 15:01:00.065,23627,23630,23630,1,1
2024-07-04 15:01:00.070,23627,23630,23630,3,3
2024-07-04 15:01:00.080,23627,23630,23631,2,2
2024-07-04 15:01:00.080,23627,23630,23632,9,9
2024-07-04 15:01:00.087,23627,23630,23632,1,1
2024-07-04 15:01:00.089,23631,23632,23632,1,1
2024-07-04 15:01:00.089,23631,23632,23632,4,4
2024-07-04 15:01:00.089,23631,23632,23632,4,4
2024-07-04 15:01:00.090,23631,23632,23633,2,2
2024-07-04 15:01:00.091,23631,23632,23633,1,1
2024-07-04 15:01:00.103,23631,23632,23634,1,1
2024-07-04 15:01:00.104,23631,23632,23634,2,2
2024-07-04 15:01:00.109,23631,23632,23634,1,1
2024-07-04 15:01:00.109,23631,23632,23634,1,1
2024-07-04 15:01:00.110,23631,23632,23635,1,1
2024-07-04 15:01:00.110,23631,23632,23635,1,1
2024-07-04 15:01:00.111,23631,23632,23635,1,1
2024-07-04 15:01:00.371,23634,23636,23634,6,-6
2024-07-04 15:01:00.371,23634,23636,23633,1,-1
2024-07-04 15:01:00.371,23634,23636,23633,1,-1
2024-07-04 15:01:00.372,23634,23636,23631,1,-1
2024-07-04 15:01:00.373,23634,23636,23630,1,-1
2024-07-04 15:01:00.585,23629,23632,23632,1,1
2024-07-04 15:01:01.339,23628,23631,23631,1,1
2024-07-04 15:01:01.468,23628,23631,23631,1,1
2024-07-04 15:01:01.468,23628,23631,23631,1,1
2024-07-04 15:01:01.469,23628,23631,23631,1,1
2024-07-04 15:01:01.469,23628,23631,23631,4,4
2024-07-04 15:01:01.848,23630,23632,23633,2,2
2024-07-04 15:01:01.848,23630,23632,23633,2,2
2024-07-04 15:01:04.633,23632,23634,23632,1,-1
2024-07-04 15:01:04.634,23632,23634,23632,2,-2
2024-07-04 15:01:04.634,23632,23634,23632,2,-2
2024-07-04 15:01:05.865,23631,23632,23631,1,-1
2024-07-04 15:01:05.967,23631,23632,23633,1,1
2024-07-04 15:01:05.967,23631,23632,23632,1,1
2024-07-04 15:01:06.180,23631,23632,23632,1,1
2024-07-04 15:01:06.246,23631,23633,23631,1,-1
2024-07-04 15:01:06.246,23631,23633,23631,3,-3
2024-07-04 15:01:06.246,23631,23633,23631,6,-6
2024-07-04 15:01:06.247,23631,23633,23630,1,-1
2024-07-04 15:01:06.522,23629,23631,23628,2,-2
2024-07-04 15:01:06.524,23629,23631,23627,1,-1
2024-07-04 15:01:06.524,23629,23631,23627,2,-2
2024-07-04 15:01:07.350,23627,23628,23627,2,-2
2024-07-04 15:01:07.350,23627,23628,23626,6,-6
2024-07-04 15:01:07.467,23626,23628,23628,1,1
2024-07-04 15:01:07.467,23626,23628,23628,1,1
2024-07-04 15:01:07.467,23626,23628,23628,1,1
2024-07-04 15:01:07.468,23626,23628,23628,1,1
2024-07-04 15:01:07.470,23626,23628,23628,1,1
2024-07-04 15:01:07.643,23626,23628,23628,1,1
2024-07-04 15:01:08.112,23626,23628,23626,1,-1
2024-07-04 15:01:08.210,23626,23628,23628,1,1
2024-07-04 15:01:08.670,23625,23628,23625,1,-1
2024-07-04 15:01:09.108,23627,23629,23629,1,1
2024-07-04 15:01:13.509,23627,23629,23629,1,1
2024-07-04 15:01:13.662,23627,23629,23627,1,-1
2024-07-04 15:01:13.662,23627,23629,23627,2,-2
2024-07-04 15:01:13.662,23627,23629,23627,1,-1
2024-07-04 15:01:13.669,23627,23629,23628,1,-1
2024-07-04 15:01:14.392,23626,23628,23625,1,-1
2024-07-04 15:01:14.995,23625,23628,23625,2,-2
2024-07-04 15:01:14.996,23625,23628,23625,1,-1
2024-07-04 15:01:14.996,23625,23628,23625,1,-1
2024-07-04 15:01:15.487,23624,23626,23624,1,-1
2024-07-04 15:01:16.147,23624,23626,23626,3,3
2024-07-04 15:01:16.318,23624,23626,23626,1,1
2024-07-04 15:01:16.397,23624,23626,23626,2,2
2024-07-04 15:01:18.733,23624,23625,23624,1,-1
2024-07-04 15:01:18.733,23624,23625,23624,1,-1
2024-07-04 15:01:18.734,23624,23625,23624,1,-1
2024-07-04 15:01:18.864,23624,23625,23624,5,-5
2024-07-04 15:01:19.657,23623,23624,23623,1,-1
2024-07-04 15:01:19.717,23623,23624,23624,1,1
2024-07-04 15:01:19.928,23623,23624,23623,1,-1
2024-07-04 15:01:20.579,23623,23624,23624,2,2
2024-07-04 15:01:20.579,23623,23624,23624,1,1
2024-07-04 15:01:20.964,23623,23625,23625,1,1
2024-07-04 15:01:21.228,23623,23625,23623,1,-1
2024-07-04 15:01:22.395,23623,23625,23623,1,-1
2024-07-04 15:01:24.070,23623,23624,23624,1,1
2024-07-04 15:01:24.092,23624,23625,23625,1,1
2024-07-04 15:01:27.784,23624,23625,23624,2,-2
2024-07-04 15:01:28.484,23624,23625,23625,1,1
2024-07-04 15:01:28.593,23624,23626,23626,1,1
2024-07-04 15:01:28.593,23624,23626,23626,1,1
2024-07-04 15:01:28.593,23624,23626,23626,1,1
2024-07-04 15:01:28.594,23624,23626,23626,1,1
2024-07-04 15:01:28.598,23624,23626,23626,1,1
2024-07-04 15:01:28.833,23624,23626,23624,1,-1
2024-07-04 15:01:34.658,23625,23626,23625,1,-1
2024-07-04 15:01:35.746,23624,23625,23624,1,-1
2024-07-04 15:01:36.741,23624,23625,23624,2,-2
2024-07-04 15:01:36.843,23623,23625,23625,1,1
2024-07-04 15:01:36.843,23623,23625,23625,1,1
2024-07-04 15:01:36.843,23623,23625,23625,1,1
2024-07-04 15:01:36.843,23623,23625,23626,1,1
2024-07-04 15:01:45.999,23625,23626,23624,2,-2
2024-07-04 15:01:45.999,23625,23626,23625,1,-1
2024-07-04 15:01:47.004,23625,23626,23625,1,-1
2024-07-04 15:01:47.093,23624,23625,23625,1,1
2024-07-04 15:01:47.093,23624,23625,23625,1,1
2024-07-04 15:01:47.094,23624,23625,23625,1,1
2024-07-04 15:01:50.241,23624,23625,23624,3,-3
2024-07-04 15:01:53.231,23623,23624,23623,1,-1
2024-07-04 15:01:54.991,23624,23625,23624,2,-2
2024-07-04 15:01:55.178,23623,23624,23623,2,-2
2024-07-04 15:01:55.179,23623,23624,23623,1,-1
2024-07-04 15:01:55.179,23623,23624,23623,3,-3
2024-07-04 15:01:57.997,23623,23624,23623,1,-1
2024-07-04 15:02:00.139,23622,23624,23624,1,1
2024-07-04 15:02:00.442,23622,23624,23622,2,-2
2024-07-04 15:02:00.656,23622,23624,23622,2,-2
2024-07-04 15:02:00.656,23622,23624,23621,2,-2
2024-07-04 15:02:00.838,23621,23623,23621,2,-2
2024-07-04 15:02:00.839,23621,23623,23621,1,-1
2024-07-04 15:02:00.898,23621,23623,23620,2,-2
2024-07-04 15:02:00.935,23621,23623,23620,1,-1
2024-07-04 15:02:00.938,23621,23623,23621,2,-2
2024-07-04 15:02:05.376,23619,23620,23619,14,-14
2024-07-04 15:02:05.376,23619,23620,23619,1,-1
2024-07-04 15:02:05.377,23619,23620,23619,1,-1
2024-07-04 15:02:05.378,23619,23620,23619,3,-3
2024-07-04 15:02:05.492,23619,23620,23619,2,-2
2024-07-04 15:02:05.492,23619,23620,23619,5,-5
2024-07-04 15:02:05.619,23618,23620,23618,6,-6
2024-07-04 15:02:05.619,23618,23620,23618,4,-4
2024-07-04 15:02:07.447,23618,23620,23618,1,-1
2024-07-04 15:02:08.622,23618,23619,23618,8,-8
2024-07-04 15:02:08.878,23617,23619,23618,1,-1
2024-07-04 15:02:12.649,23617,23618,23618,2,2
2024-07-04 15:02:12.667,23617,23618,23617,1,-1
2024-07-04 15:02:14.780,23617,23618,23617,1,-1
2024-07-04 15:02:15.173,23617,23618,23618,1,1
2024-07-04 15:02:15.190,23617,23618,23618,1,1
2024-07-04 15:02:16.524,23617,23618,23618,1,1
2024-07-04 15:02:16.985,23618,23619,23618,1,-1
2024-07-04 15:02:17.618,23618,23619,23618,1,-1
2024-07-04 15:02:18.512,23618,23619,23618,2,-2
2024-07-04 15:02:22.926,23617,23618,23617,1,-1
2024-07-04 15:02:23.041,23617,23618,23617,1,-1
2024-07-04 15:02:24.395,23617,23618,23618,3,3
2024-07-04 15:02:24.708,23617,23619,23617,1,-1
2024-07-04 15:02:33.849,23617,23619,23617,1,-1
2024-07-04 15:02:38.425,23617,23619,23618,1,-1
2024-07-04 15:02:38.461,23617,23619,23617,1,-1
2024-07-04 15:02:38.462,23617,23619,23617,5,-5
2024-07-04 15:02:38.462,23617,23619,23617,2,-2
2024-07-04 15:02:38.463,23617,23619,23616,2,-2
2024-07-04 15:02:38.474,23615,23616,23615,2,-2
2024-07-04 15:02:38.663,23614,23616,23614,1,-1
2024-07-04 15:02:38.670,23614,23616,23614,1,-1
2024-07-04 15:02:40.205,23614,23616,23616,2,2
2024-07-04 15:02:40.206,23614,23616,23616,2,2
2024-07-04 15:02:41.405,23614,23616,23616,1,1
2024-07-04 15:02:42.595,23615,23617,23617,1,1
2024-07-04 15:02:45.287,23615,23618,23615,1,-1
2024-07-04 15:02:46.204,23615,23618,23615,1,-1
2024-07-04 15:02:47.153,23615,23618,23615,1,-1
2024-07-04 15:02:48.552,23615,23618,23615,1,-1
2024-07-04 15:02:51.571,23615,23618,23615,5,-5
2024-07-04 15:02:52.844,23615,23618,23615,1,-1
2024-07-04 15:02:54.134,23615,23618,23618,1,1
2024-07-04 15:02:59.171,23615,23618,23618,10,10
2024-07-04 15:02:59.172,23615,23618,23619,3,3
2024-07-04 15:02:59.173,23615,23618,23619,1,1
2024-07-04 15:02:59.826,23619,23621,23619,2,-2
2024-07-04 15:02:59.984,23619,23621,23619,3,-3
2024-07-04 15:03:00.072,23619,23621,23621,1,1
2024-07-04 15:03:00.087,23619,23621,23621,3,3
2024-07-04 15:03:00.121,23619,23622,23622,1,1
2024-07-04 15:03:00.123,23619,23622,23622,2,2
2024-07-04 15:03:00.158,23619,23622,23622,1,1
2024-07-04 15:03:00.294,23619,23622,23622,2,2
2024-07-04 15:03:00.295,23619,23622,23622,1,1
2024-07-04 15:03:00.297,23619,23622,23623,2,2
2024-07-04 15:03:00.301,23619,23622,23623,1,1
2024-07-04 15:03:00.301,23619,23622,23624,1,1
2024-07-04 15:03:00.305,23619,23622,23624,1,1
2024-07-04 15:03:00.306,23619,23622,23624,1,1
2024-07-04 15:03:00.327,23619,23622,23624,1,1
2024-07-04 15:03:00.338,23619,23622,23625,1,1
2024-07-04 15:03:00.342,23623,23625,23625,1,1
2024-07-04 15:03:00.345,23623,23625,23626,2,2
2024-07-04 15:03:00.356,23623,23625,23626,1,1
2024-07-04 15:03:00.364,23623,23625,23626,4,4
2024-07-04 15:03:00.364,23623,23625,23627,5,5
2024-07-04 15:03:00.364,23623,23625,23628,1,1
2024-07-04 15:03:00.365,23623,23625,23627,1,1
2024-07-04 15:03:00.366,23623,23625,23627,2,2
2024-07-04 15:03:00.366,23623,23625,23627,2,2
2024-07-04 15:03:00.418,23623,23625,23626,2,2
2024-07-04 15:03:00.434,23623,23625,23626,1,1
2024-07-04 15:03:08.714,23624,23625,23625,1,1
2024-07-04 15:03:08.715,23624,23625,23625,1,1
2024-07-04 15:03:08.812,23624,23625,23624,1,-1
2024-07-04 15:03:10.365,23624,23626,23624,2,-2
2024-07-04 15:03:13.045,23621,23623,23623,1,1
2024-07-04 15:03:16.121,23621,23623,23623,1,1
2024-07-04 15:03:23.876,23621,23622,23621,1,-1
2024-07-04 15:03:34.808,23621,23622,23621,1,-1
2024-07-04 15:03:41.001,23620,23621,23621,1,1
2024-07-04 15:03:41.001,23620,23621,23621,2,2
2024-07-04 15:03:41.002,23620,23621,23621,2,2
2024-07-04 15:03:45.535,23619,23621,23621,1,1
2024-07-04 15:03:50.220,23621,23622,23622,2,2
2024-07-04 15:03:50.220,23621,23622,23622,1,1
2024-07-04 15:03:50.514,23622,23624,23622,1,-1
2024-07-04 15:03:53.332,23622,23624,23622,3,-3
2024-07-04 15:03:53.356,23622,23624,23622,1,-1
2024-07-04 15:03:57.985,23621,23622,23622,1,1
2024-07-04 15:03:57.985,23621,23622,23622,1,1
2024-07-04 15:03:59.358,23622,23624,23622,2,-2
2024-07-04 15:04:03.618,23622,23623,23622,2,-2
2024-07-04 15:04:17.236,23621,23623,23621,10,-10
2024-07-04 15:04:23.432,23620,23622,23620,1,-1
2024-07-04 15:04:24.137,23620,23622,23620,1,-1
2024-07-04 15:04:27.018,23619,23620,23620,1,1
2024-07-04 15:04:28.056,23620,23622,23620,6,-6
2024-07-04 15:04:32.568,23619,23620,23620,1,1
2024-07-04 15:04:36.246,23619,23620,23619,1,-1
2024-07-04 15:04:36.247,23619,23620,23619,3,-3
2024-07-04 15:04:36.247,23619,23620,23619,1,-1
2024-07-04 15:04:36.247,23619,23620,23619,1,-1
2024-07-04 15:04:37.108,23618,23619,23618,10,-10
2024-07-04 15:04:37.108,23618,23619,23618,1,-1
2024-07-04 15:04:37.108,23618,23619,23618,1,-1
2024-07-04 15:04:38.497,23617,23618,23617,2,-2
2024-07-04 15:04:38.497,23617,23618,23616,3,-3
2024-07-04 15:04:38.619,23615,23617,23617,1,1
2024-07-04 15:04:39.993,23615,23617,23615,1,-1
2024-07-04 15:04:39.993,23615,23617,23615,4,-4
2024-07-04 15:04:40.525,23614,23615,23615,1,1
2024-07-04 15:04:40.548,23614,23615,23614,2,-2
2024-07-04 15:04:41.619,23614,23615,23615,1,1
2024-07-04 15:04:42.704,23614,23616,23616,1,1
2024-07-04 15:04:49.846,23616,23618,23616,1,-1
2024-07-04 15:04:51.314,23617,23620,23617,5,-5
2024-07-04 15:04:56.545,23616,23617,23617,1,1
2024-07-04 15:04:59.134,23619,23620,23619,1,-1
2024-07-04 15:05:07.338,23616,23617,23616,3,-3
2024-07-04 15:05:07.615,23615,23617,23615,3,-3
2024-07-04 15:05:07.640,23615,23617,23615,3,-3
2024-07-04 15:05:07.640,23615,23617,23615,5,-5
2024-07-04 15:05:07.642,23615,23617,23614,3,-3
2024-07-04 15:05:07.642,23615,23617,23614,3,-3
2024-07-04 15:05:09.679,23614,23616,23614,18,-18
2024-07-04 15:05:09.679,23614,23616,23613,2,-2
2024-07-04 15:05:09.681,23614,23616,23613,14,-14
2024-07-04 15:05:09.681,23614,23616,23612,1,-1
2024-07-04 15:05:09.682,23614,23616,23612,1,-1
2024-07-04 15:05:09.682,23614,23616,23612,1,-1
2024-07-04 15:05:09.682,23614,23616,23612,1,-1
2024-07-04 15:05:09.682,23614,23616,23612,3,-3
2024-07-04 15:05:09.683,23614,23616,23612,1,-1
2024-07-04 15:05:09.683,23614,23616,23612,2,-2
2024-07-04 15:05:09.718,23611,23612,23612,1,1
2024-07-04 15:05:09.743,23611,23612,23611,4,-4
2024-07-04 15:05:09.839,23611,23613,23611,1,-1
2024-07-04 15:05:09.925,23611,23613,23611,2,-2
2024-07-04 15:05:10.333,23611,23613,23613,1,1
2024-07-04 15:05:11.078,23611,23613,23613,2,2
2024-07-04 15:05:11.733,23612,23614,23612,1,-1
2024-07-04 15:05:13.547,23615,23617,23617,1,1
2024-07-04 15:05:13.905,23615,23617,23616,1,1
2024-07-04 15:05:15.355,23616,23617,23617,1,1
2024-07-04 15:05:15.355,23616,23617,23617,1,1
2024-07-04 15:05:15.356,23616,23617,23617,1,1
2024-07-04 15:05:21.768,23615,23616,23616,1,1
2024-07-04 15:05:24.631,23615,23616,23615,1,-1
2024-07-04 15:05:26.109,23615,23616,23616,1,1
2024-07-04 15:05:27.898,23615,23616,23615,1,-1
2024-07-04 15:05:27.968,23615,23616,23616,1,1
2024-07-04 15:05:27.971,23615,23616,23615,4,-4
2024-07-04 15:05:27.971,23615,23616,23615,1,-1
2024-07-04 15:05:31.318,23615,23617,23615,1,-1
2024-07-04 15:05:32.610,23614,23616,23613,3,-3
2024-07-04 15:05:32.610,23614,23616,23614,1,-1
2024-07-04 15:05:32.779,23613,23615,23615,2,2
2024-07-04 15:05:35.467,23613,23616,23613,5,-5
2024-07-04 15:05:40.151,23612,23614,23612,1,-1
2024-07-04 15:05:40.217,23611,23613,23613,1,1
2024-07-04 15:05:41.826,23611,23613,23613,1,1
2024-07-04 15:05:42.125,23611,23612,23611,1,-1
2024-07-04 15:05:42.125,23611,23612,23611,1,-1
2024-07-04 15:05:42.125,23611,23612,23611,3,-3
2024-07-04 15:05:42.126,23611,23612,23611,1,-1
2024-07-04 15:05:42.126,23611,23612,23611,1,-1
2024-07-04 15:05:42.744,23610,23611,23611,1,1
2024-07-04 15:05:44.404,23610,23611,23610,1,-1
2024-07-04 15:05:48.147,23610,23611,23611,1,1
2024-07-04 15:05:48.184,23610,23611,23610,1,-1
2024-07-04 15:05:49.556,23610,23612,23610,2,-2
2024-07-04 15:05:50.153,23610,23612,23610,2,-2
2024-07-04 15:05:51.070,23610,23612,23612,1,1
2024-07-04 15:06:00.591,23610,23611,23611,1,1
2024-07-04 15:06:01.681,23610,23611,23611,1,1
2024-07-04 15:06:01.718,23611,23612,23611,1,-1
2024-07-04 15:06:01.957,23610,23612,23611,4,-4
2024-07-04 15:06:01.957,23610,23612,23610,8,-8
2024-07-04 15:06:02.363,23610,23612,23612,1,1
2024-07-04 15:06:02.446,23610,23612,23610,3,-3
2024-07-04 15:06:02.446,23610,23612,23611,3,3
2024-07-04 15:06:02.492,23610,23612,23612,1,1
2024-07-04 15:06:02.594,23611,23612,23611,2,-2
2024-07-04 15:06:02.594,23611,23612,23610,4,-4
2024-07-04 15:06:02.594,23611,23612,23609,5,-5
2024-07-04 15:06:04.452,23608,23609,23609,1,1
2024-07-04 15:06:04.556,23608,23609,23608,3,-3
2024-07-04 15:06:04.559,23608,23609,23608,2,-2
2024-07-04 15:06:04.559,23608,23609,23607,5,-5
2024-07-04 15:06:04.560,23608,23609,23607,1,-1
2024-07-04 15:06:04.935,23606,23608,23606,2,-2
2024-07-04 15:06:04.935,23606,23608,23606,2,-2
2024-07-04 15:06:04.935,23606,23608,23606,2,-2
2024-07-04 15:06:04.936,23606,23608,23606,9,-9
2024-07-04 15:06:04.936,23606,23608,23606,1,-1
2024-07-04 15:06:05.018,23605,23606,23606,1,1
2024-07-04 15:06:05.018,23605,23606,23605,3,-3
2024-07-04 15:06:05.193,23604,23606,23604,1,-1
2024-07-04 15:06:05.262,23605,23606,23605,1,-1
2024-07-04 15:06:05.367,23605,23606,23605,1,-1
2024-07-04 15:06:05.403,23605,23606,23605,1,-1
2024-07-04 15:06:05.422,23605,23606,23605,1,-1
2024-07-04 15:06:06.822,23604,23605,23605,3,3
2024-07-04 15:06:06.822,23604,23605,23605,1,1
2024-07-04 15:06:06.823,23604,23605,23606,2,2
2024-07-04 15:06:08.051,23605,23606,23606,1,1
2024-07-04 15:06:08.093,23606,23608,23606,1,-1
2024-07-04 15:06:09.099,23606,23608,23608,3,3
2024-07-04 15:06:09.244,23607,23608,23608,2,2
2024-07-04 15:06:09.245,23607,23608,23608,1,1
2024-07-04 15:06:09.245,23607,23608,23608,2,2
2024-07-04 15:06:09.245,23607,23608,23608,12,12
2024-07-04 15:06:09.245,23607,23608,23608,1,1
2024-07-04 15:06:10.387,23608,23609,23608,1,-1
2024-07-04 15:06:10.514,23608,23609,23608,1,-1
2024-07-04 15:06:10.560,23608,23609,23608,1,-1
2024-07-04 15:06:13.479,23608,23609,23608,4,-4
2024-07-04 15:06:15.518,23606,23607,23606,3,-3
2024-07-04 15:06:15.653,23606,23607,23607,1,1
2024-07-04 15:06:15.732,23606,23607,23607,4,4
2024-07-04 15:06:17.344,23607,23608,23607,3,-3
2024-07-04 15:06:17.765,23607,23608,23607,2,-2
2024-07-04 15:06:19.811,23607,23608,23607,2,-2
2024-07-04 15:06:20.166,23606,23607,23607,1,1
2024-07-04 15:06:22.585,23606,23607,23606,2,-2
2024-07-04 15:06:23.272,23606,23607,23606,1,-1
2024-07-04 15:06:25.706,23606,23607,23606,4,-4
2024-07-04 15:06:25.706,23606,23607,23605,4,-4
2024-07-04 15:06:28.182,23606,23607,23606,2,-2
2024-07-04 15:06:28.222,23606,23607,23606,1,-1
2024-07-04 15:06:28.411,23606,23607,23606,1,-1
2024-07-04 15:06:29.962,23606,23607,23607,1,1
2024-07-04 15:06:30.307,23606,23607,23606,1,-1
2024-07-04 15:06:31.324,23606,23607,23606,1,-1
2024-07-04 15:06:32.314,23606,23607,23606,1,-1
2024-07-04 15:06:32.565,23605,23607,23606,1,-1
2024-07-04 15:06:33.477,23605,23607,23607,1,1
2024-07-04 15:06:34.858,23605,23606,23605,3,-3
2024-07-04 15:06:35.925,23605,23606,23606,1,1
2024-07-04 15:06:35.925,23605,23606,23607,2,2
2024-07-04 15:06:35.925,23605,23606,23608,2,2
2024-07-04 15:06:36.079,23606,23608,23606,1,-1
2024-07-04 15:06:36.114,23605,23608,23606,2,-2
2024-07-04 15:06:42.005,23607,23608,23607,1,-1
2024-07-04 15:06:42.075,23607,23608,23608,1,1
2024-07-04 15:06:42.076,23607,23608,23608,1,1
2024-07-04 15:06:42.076,23607,23608,23608,2,2
2024-07-04 15:06:44.836,23608,23609,23609,1,1
2024-07-04 15:06:45.238,23608,23610,23608,1,-1
2024-07-04 15:06:50.046,23608,23610,23610,1,1
2024-07-04 15:06:50.523,23608,23610,23608,2,-2
2024-07-04 15:06:50.630,23608,23610,23608,3,-3
2024-07-04 15:06:50.630,23608,23610,23607,11,-11
2024-07-04 15:06:50.630,23608,23610,23606,9,-9
2024-07-04 15:06:50.630,23608,23610,23605,7,-7
2024-07-04 15:06:50.633,23608,23610,23605,2,-2
2024-07-04 15:06:50.636,23608,23610,23604,1,-1
2024-07-04 15:06:50.636,23608,23610,23604,1,-1
2024-07-04 15:06:50.737,23604,23606,23604,1,-1
2024-07-04 15:06:50.886,23603,23605,23605,1,1
2024-07-04 15:06:53.605,23604,23605,23604,1,-1
2024-07-04 15:06:54.403,23603,23605,23605,5,5
2024-07-04 15:06:54.404,23603,23605,23605,1,1
2024-07-04 15:06:54.454,23603,23605,23605,1,1
2024-07-04 15:06:54.667,23604,23605,23605,1,1
2024-07-04 15:06:54.667,23604,23605,23605,1,1
2024-07-04 15:06:56.080,23604,23607,23607,1,1
2024-07-04 15:06:57.374,23604,23607,23604,2,-2
2024-07-04 15:06:57.732,23604,23606,23604,1,-1
2024-07-04 15:06:57.732,23604,23606,23603,29,-29
2024-07-04 15:06:57.733,23604,23606,23603,3,-3
2024-07-04 15:06:57.735,23604,23606,23602,1,-1
2024-07-04 15:06:57.735,23604,23606,23602,5,-5
2024-07-04 15:06:57.735,23604,23606,23602,1,-1
2024-07-04 15:06:57.925,23601,23602,23601,1,-1
2024-07-04 15:06:57.974,23601,23602,23601,1,-1
2024-07-04 15:06:57.974,23601,23602,23601,1,-1
2024-07-04 15:06:57.978,23601,23602,23601,1,-1
2024-07-04 15:06:58.076,23601,23602,23602,1,1
2024-07-04 15:06:58.240,23601,23602,23601,1,-1
2024-07-04 15:06:58.241,23601,23602,23600,1,-1
2024-07-04 15:06:58.242,23601,23602,23600,2,-2
2024-07-04 15:06:58.242,23601,23602,23600,1,-1
2024-07-04 15:06:58.243,23601,23602,23600,1,-1
2024-07-04 15:06:58.243,23601,23602,23600,5,-5
2024-07-04 15:06:58.243,23601,23602,23600,1,-1
2024-07-04 15:06:58.243,23601,23602,23600,1,-1
2024-07-04 15:06:58.243,23601,23602,23600,5,-5
2024-07-04 15:06:58.243,23601,23602,23599,1,-1
2024-07-04 15:06:58.243,23601,23602,23599,2,-2
2024-07-04 15:06:58.249,23601,23602,23600,3,-3
2024-07-04 15:06:58.260,23601,23602,23599,1,-1
2024-07-04 15:06:58.348,23599,23601,23598,2,-2
2024-07-04 15:06:58.348,23599,23601,23599,3,-3
2024-07-04 15:06:58.365,23599,23601,23598,2,-2
2024-07-04 15:06:58.370,23599,23601,23601,1,1
2024-07-04 15:06:58.524,23599,23601,23601,2,2
2024-07-04 15:06:58.533,23599,23601,23600,1,1
2024-07-04 15:06:59.078,23600,23602,23599,5,-5
2024-07-04 15:06:59.339,23599,23601,23601,2,2
2024-07-04 15:06:59.359,23599,23601,23602,1,1
2024-07-04 15:07:00.870,23600,23602,23602,1,1
2024-07-04 15:07:01.067,23601,23602,23601,1,-1
2024-07-04 15:07:01.323,23600,23602,23600,1,-1
2024-07-04 15:07:04.149,23600,23602,23600,4,-4
2024-07-04 15:07:05.173,23600,23601,23601,1,1
2024-07-04 15:07:05.468,23600,23602,23600,4,-4
2024-07-04 15:07:09.140,23600,23602,23600,1,-1
2024-07-04 15:07:09.666,23600,23602,23600,1,-1
2024-07-04 15:07:10.997,23600,23602,23599,1,-1
2024-07-04 15:07:10.997,23600,23602,23600,1,-1
2024-07-04 15:07:11.995,23600,23601,23600,1,-1
2024-07-04 15:07:11.995,23600,23601,23598,3,-3
2024-07-04 15:07:13.296,23598,23601,23598,3,-3
2024-07-04 15:07:14.063,23598,23601,23600,1,1
2024-07-04 15:07:14.419,23598,23601,23598,2,-2
2024-07-04 15:07:14.744,23598,23601,23598,1,-1
2024-07-04 15:07:16.564,23600,23602,23600,1,-1
2024-07-04 15:07:17.574,23600,23602,23600,2,-2
2024-07-04 15:07:19.317,23600,23602,23600,1,-1
2024-07-04 15:07:19.908,23600,23602,23602,1,1
2024-07-04 15:07:21.342,23600,23602,23602,1,1
2024-07-04 15:07:21.342,23600,23602,23602,2,2
2024-07-04 15:07:24.253,23601,23602,23602,1,1
2024-07-04 15:07:26.271,23601,23603,23602,1,1
2024-07-04 15:07:26.769,23601,23602,23602,1,1
2024-07-04 15:07:29.576,23602,23604,23604,1,1
2024-07-04 15:07:31.248,23603,23604,23604,1,1
2024-07-04 15:07:35.209,23606,23607,23607,1,1
2024-07-04 15:07:35.253,23606,23607,23607,1,1
2024-07-04 15:07:35.253,23606,23607,23607,5,5
2024-07-04 15:07:36.768,23606,23608,23606,1,-1
2024-07-04 15:07:37.869,23607,23608,23608,1,1
2024-07-04 15:07:38.057,23608,23610,23610,1,1
2024-07-04 15:07:38.225,23608,23610,23608,3,-3
2024-07-04 15:07:39.775,23607,23608,23608,1,1
2024-07-04 15:07:40.092,23607,23608,23607,1,-1
2024-07-04 15:07:42.819,23605,23608,23608,2,2
2024-07-04 15:07:49.317,23606,23608,23608,1,1
2024-07-04 15:07:51.059,23606,23608,23608,1,1
2024-07-04 15:07:58.367,23606,23608,23606,1,-1
2024-07-04 15:07:59.929,23605,23607,23606,1,-1
2024-07-04 15:08:05.415,23606,23607,23606,1,-1
2024-07-04 15:08:05.922,23606,23607,23607,1,1
2024-07-04 15:08:05.922,23606,23607,23607,4,4
2024-07-04 15:08:05.922,23606,23607,23607,1,1
2024-07-04 15:08:06.101,23606,23608,23606,1,-1
2024-07-04 15:08:06.171,23606,23608,23608,1,1
2024-07-04 15:08:06.372,23606,23608,23608,1,1
2024-07-04 15:08:06.583,23606,23608,23608,1,1
2024-07-04 15:08:06.859,23606,23608,23608,1,1
2024-07-04 15:08:07.043,23607,23608,23608,1,1
2024-07-04 15:08:07.241,23607,23608,23608,1,1
2024-07-04 15:08:07.459,23607,23608,23608,1,1
2024-07-04 15:08:07.703,23607,23608,23608,1,1
2024-07-04 15:08:07.808,23607,23608,23608,5,5
2024-07-04 15:08:07.927,23608,23610,23610,1,1
2024-07-04 15:08:07.969,23609,23610,23610,2,2
2024-07-04 15:08:07.969,23609,23610,23610,1,1
2024-07-04 15:08:07.969,23609,23610,23610,1,1
2024-07-04 15:08:07.970,23609,23610,23610,1,1
2024-07-04 15:08:07.970,23609,23610,23610,1,1
2024-07-04 15:08:08.103,23610,23611,23611,1,1
2024-07-04 15:08:08.362,23610,23612,23612,1,1
2024-07-04 15:08:08.385,23610,23612,23610,1,-1
2024-07-04 15:08:08.588,23610,23612,23612,1,1
2024-07-04 15:08:08.837,23610,23612,23612,1,1
2024-07-04 15:08:09.050,23610,23612,23612,1,1
2024-07-04 15:08:09.277,23610,23611,23611,1,1
2024-07-04 15:08:09.489,23611,23613,23613,1,1
2024-07-04 15:08:09.508,23611,23613,23611,1,-1
2024-07-04 15:08:09.715,23611,23612,23612,1,1
2024-07-04 15:08:09.951,23611,23613,23613,1,1
2024-07-04 15:08:10.035,23611,23613,23611,1,-1
2024-07-04 15:08:10.147,23611,23613,23613,1,1
2024-07-04 15:08:10.270,23611,23613,23611,1,-1
2024-07-04 15:08:10.614,23611,23613,23611,1,-1
2024-07-04 15:08:11.062,23611,23612,23612,1,1
2024-07-04 15:08:12.804,23611,23612,23611,1,-1
2024-07-04 15:08:12.898,23609,23611,23612,5,5
2024-07-04 15:08:13.206,23611,23613,23611,1,-1
2024-07-04 15:08:13.460,23611,23613,23611,1,-1
2024-07-04 15:08:16.663,23609,23612,23612,3,3
2024-07-04 15:08:19.765,23612,23613,23613,1,1
2024-07-04 15:08:19.765,23612,23613,23613,1,1
2024-07-04 15:08:19.811,23612,23613,23613,1,1
2024-07-04 15:08:20.038,23612,23615,23612,1,-1
2024-07-04 15:08:20.338,23612,23614,23614,3,3
2024-07-04 15:08:27.240,23612,23614,23612,3,-3
2024-07-04 15:08:28.707,23612,23614,23612,3,-3
2024-07-04 15:08:29.326,23612,23614,23612,1,-1
2024-07-04 15:08:29.326,23612,23614,23611,2,-2
2024-07-04 15:08:30.039,23611,23613,23611,3,-3
2024-07-04 15:08:30.163,23610,23613,23613,1,1
2024-07-04 15:08:34.218,23611,23613,23611,4,-4
2024-07-04 15:08:34.218,23611,23613,23610,2,-2
2024-07-04 15:08:35.043,23610,23612,23612,1,1
2024-07-04 15:08:36.969,23610,23611,23610,1,-1
2024-07-04 15:08:36.970,23610,23611,23610,3,-3
2024-07-04 15:08:42.405,23609,23611,23609,3,-3
2024-07-04 15:08:46.203,23610,23611,23611,1,1
2024-07-04 15:08:47.546,23611,23613,23611,1,-1
2024-07-04 15:08:47.920,23611,23613,23611,1,-1
2024-07-04 15:08:48.787,23611,23613,23613,1,1
2024-07-04 15:08:48.788,23611,23613,23613,1,1
2024-07-04 15:08:48.910,23613,23614,23614,1,1
2024-07-04 15:08:49.795,23613,23615,23615,3,3
2024-07-04 15:08:50.964,23613,23615,23615,1,1
2024-07-04 15:08:53.904,23613,23615,23615,2,2
2024-07-04 15:08:55.119,23613,23615,23613,3,-3
2024-07-04 15:08:55.419,23612,23614,23612,1,-1
2024-07-04 15:08:55.622,23613,23615,23613,3,-3
2024-07-04 15:08:56.802,23613,23616,23613,3,-3
2024-07-04 15:08:59.324,23614,23615,23612,1,-1
2024-07-04 15:08:59.324,23614,23615,23614,1,-1
2024-07-04 15:09:07.721,23612,23614,23614,1,1
2024-07-04 15:09:15.437,23612,23614,23614,1,1
2024-07-04 15:09:15.560,23612,23614,23612,1,-1
2024-07-04 15:09:15.839,23612,23614,23614,1,1
2024-07-04 15:09:21.391,23612,23614,23612,3,-3
2024-07-04 15:09:23.522,23610,23612,23610,3,-3
2024-07-04 15:09:23.791,23609,23610,23609,1,-1
2024-07-04 15:09:25.799,23609,23610,23610,2,2
2024-07-04 15:09:29.205,23609,23610,23609,1,-1
2024-07-04 15:09:29.431,23608,23609,23608,1,-1
2024-07-04 15:09:29.432,23608,23609,23608,1,-1
2024-07-04 15:09:29.432,23608,23609,23608,1,-1
2024-07-04 15:09:34.256,23605,23608,23608,3,3
2024-07-04 15:09:35.015,23607,23609,23607,1,-1
2024-07-04 15:09:35.841,23607,23609,23607,2,-2
2024-07-04 15:09:36.780,23605,23608,23605,1,-1
2024-07-04 15:09:37.976,23605,23607,23605,1,-1
2024-07-04 15:09:43.461,23605,23607,23605,4,-4
2024-07-04 15:09:44.672,23604,23605,23605,1,1
2024-07-04 15:09:48.613,23604,23605,23605,3,3
2024-07-04 15:09:48.613,23604,23605,23605,1,1
2024-07-04 15:09:48.726,23604,23606,23606,1,1
2024-07-04 15:09:48.726,23604,23606,23607,1,1
2024-07-04 15:09:53.437,23606,23608,23608,1,1
2024-07-04 15:09:55.388,23606,23608,23606,1,-1
2024-07-04 15:10:01.039,23606,23607,23606,2,-2
2024-07-04 15:10:01.514,23606,23607,23606,1,-1
2024-07-04 15:10:09.722,23605,23606,23606,5,5
2024-07-04 15:10:10.187,23606,23608,23606,1,-1
2024-07-04 15:10:14.507,23606,23608,23606,1,-1
2024-07-04 15:10:16.326,23606,23608,23608,1,1
2024-07-04 15:10:16.427,23606,23608,23606,1,-1
2024-07-04 15:10:16.513,23606,23608,23606,1,-1
2024-07-04 15:10:23.357,23607,23608,23608,2,2
2024-07-04 15:10:24.176,23608,23609,23609,1,1
2024-07-04 15:10:24.183,23608,23609,23610,2,2
2024-07-04 15:10:27.430,23610,23611,23611,2,2
2024-07-04 15:10:30.147,23611,23612,23611,1,-1
2024-07-04 15:10:31.397,23610,23611,23611,1,1
2024-07-04 15:10:31.397,23610,23611,23610,1,-1
2024-07-04 15:10:31.622,23609,23611,23611,1,1
2024-07-04 15:10:34.073,23608,23611,23611,1,1
2024-07-04 15:10:36.021,23609,23611,23609,1,-1
2024-07-04 15:10:37.403,23608,23610,23608,1,-1
2024-07-04 15:10:40.189,23608,23609,23609,2,2
2024-07-04 15:10:41.530,23609,23610,23609,1,-1
2024-07-04 15:10:41.695,23607,23610,23605,16,-16
2024-07-04 15:10:41.695,23607,23610,23604,2,-2
2024-07-04 15:10:41.695,23607,23610,23607,15,-15
2024-07-04 15:10:41.695,23607,23610,23606,17,-17
2024-07-04 15:10:41.700,23607,23610,23604,1,-1
2024-07-04 15:10:41.719,23603,23605,23605,1,1
2024-07-04 15:10:42.023,23603,23605,23603,1,-1
2024-07-04 15:10:42.263,23603,23605,23603,1,-1
2024-07-04 15:10:43.087,23603,23605,23605,1,1
2024-07-04 15:10:43.427,23603,23605,23605,6,6
2024-07-04 15:10:50.701,23604,23606,23604,4,-4
2024-07-04 15:10:50.701,23604,23606,23603,5,-5
2024-07-04 15:10:51.386,23603,23605,23603,1,-1
2024-07-04 15:10:51.386,23603,23605,23603,5,-5
2024-07-04 15:10:51.386,23603,23605,23603,5,-5
2024-07-04 15:10:51.634,23602,23604,23604,1,1
2024-07-04 15:10:53.519,23602,23604,23602,1,-1
2024-07-04 15:11:00.606,23602,23604,23602,15,-15
2024-07-04 15:11:00.607,23602,23604,23602,2,-2
2024-07-04 15:11:01.138,23601,23603,23603,1,1
2024-07-04 15:11:03.512,23601,23602,23601,3,-3
2024-07-04 15:11:07.119,23601,23602,23601,4,-4
2024-07-04 15:11:07.119,23601,23602,23601,6,-6
2024-07-04 15:11:07.120,23601,23602,23600,5,-5
2024-07-04 15:11:07.121,23601,23602,23600,3,-3
2024-07-04 15:11:07.121,23601,23602,23600,7,-7
2024-07-04 15:11:07.122,23601,23602,23599,1,-1
2024-07-04 15:11:07.123,23601,23602,23599,1,-1
2024-07-04 15:11:07.123,23601,23602,23599,4,-4
2024-07-04 15:11:07.123,23601,23602,23599,6,-6
2024-07-04 15:11:07.123,23601,23602,23599,1,-1
2024-07-04 15:11:08.650,23598,23599,23599,1,1
2024-07-04 15:11:09.639,23599,23601,23601,1,1
2024-07-04 15:11:09.737,23599,23601,23600,3,3
2024-07-04 15:11:13.547,23600,23602,23600,3,-3
2024-07-04 15:11:17.736,23600,23602,23600,2,-2
2024-07-04 15:11:18.142,23600,23602,23602,1,1
2024-07-04 15:11:18.319,23600,23602,23602,2,2
2024-07-04 15:11:18.494,23601,23603,23601,1,-1
2024-07-04 15:11:18.704,23601,23603,23600,1,-1
2024-07-04 15:11:18.704,23601,23603,23601,3,-3
2024-07-04 15:11:19.710,23600,23603,23600,15,-15
2024-07-04 15:11:22.339,23600,23601,23600,2,-2
2024-07-04 15:11:23.408,23599,23600,23600,1,1
2024-07-04 15:11:25.146,23600,23602,23602,1,1
2024-07-04 15:11:26.715,23600,23602,23600,1,-1
2024-07-04 15:11:27.262,23600,23602,23600,1,-1
2024-07-04 15:11:27.307,23600,23602,23600,10,-10
2024-07-04 15:11:27.308,23600,23602,23600,1,-1
2024-07-04 15:11:27.308,23600,23602,23600,1,-1
2024-07-04 15:11:27.584,23599,23600,23600,3,3
2024-07-04 15:11:27.584,23599,23600,23601,1,1
2024-07-04 15:11:31.115,23600,23602,23600,1,-1
2024-07-04 15:11:31.396,23599,23600,23599,1,-1
2024-07-04 15:11:32.146,23599,23600,23600,1,1
2024-07-04 15:11:32.639,23599,23600,23600,1,1
2024-07-04 15:11:32.639,23599,23600,23600,3,3
2024-07-04 15:11:32.639,23599,23600,23600,2,2
2024-07-04 15:11:32.639,23599,23600,23600,1,1
2024-07-04 15:11:34.161,23599,23600,23600,3,3
2024-07-04 15:11:35.837,23599,23601,23599,1,-1
2024-07-04 15:11:35.839,23599,23601,23599,2,-2
2024-07-04 15:11:35.840,23599,23601,23599,1,-1
2024-07-04 15:11:35.840,23599,23601,23599,3,-3
2024-07-04 15:11:35.840,23599,23601,23599,1,-1
2024-07-04 15:11:38.897,23598,23599,23599,1,1
2024-07-04 15:11:40.255,23598,23599,23599,1,1
2024-07-04 15:11:42.326,23598,23599,23598,1,-1
2024-07-04 15:11:42.326,23598,23599,23598,4,-4
2024-07-04 15:11:42.700,23597,23598,23598,1,1
2024-07-04 15:11:43.483,23597,23598,23598,2,2
2024-07-04 15:11:44.141,23597,23598,23598,3,3
2024-07-04 15:11:44.814,23597,23598,23597,2,-2
2024-07-04 15:11:45.138,23597,23598,23597,1,-1
2024-07-04 15:11:45.353,23597,23598,23598,1,1
2024-07-04 15:11:49.067,23597,23599,23597,1,-1
2024-07-04 15:11:49.333,23597,23599,23597,1,-1
2024-07-04 15:11:53.454,23597,23598,23598,1,1
2024-07-04 15:11:54.699,23597,23599,23597,1,-1
2024-07-04 15:11:56.179,23597,23599,23597,1,-1
2024-07-04 15:11:58.407,23597,23599,23597,1,-1
2024-07-04 15:11:59.597,23597,23599,23599,1,1
2024-07-04 15:11:59.597,23597,23599,23599,4,4
2024-07-04 15:11:59.839,23599,23600,23600,1,1
2024-07-04 15:11:59.840,23599,23600,23600,1,1
2024-07-04 15:12:00.191,23599,23600,23600,1,1
2024-07-04 15:12:00.518,23599,23602,23599,1,-1
2024-07-04 15:12:02.745,23600,23602,23600,1,-1
2024-07-04 15:12:05.901,23600,23602,23600,2,-2
2024-07-04 15:12:07.329,23600,23602,23602,1,1
2024-07-04 15:12:09.420,23600,23602,23602,1,1
2024-07-04 15:12:11.847,23600,23602,23602,1,1
2024-07-04 15:12:12.060,23600,23602,23600,1,-1
2024-07-04 15:12:13.534,23600,23602,23600,3,-3
2024-07-04 15:12:14.086,23600,23601,23600,1,-1
2024-07-04 15:12:14.087,23600,23601,23599,2,-2
2024-07-04 15:12:15.504,23598,23599,23598,1,-1
2024-07-04 15:12:15.853,23598,23599,23598,1,-1
2024-07-04 15:12:16.552,23597,23599,23597,1,-1
2024-07-04 15:12:18.130,23597,23599,23599,1,1
2024-07-04 15:12:19.203,23598,23600,23598,1,-1
2024-07-04 15:12:19.209,23598,23600,23599,1,-1
2024-07-04 15:12:20.828,23598,23601,23598,3,-3
2024-07-04 15:12:24.589,23598,23599,23599,1,1
2024-07-04 15:12:28.156,23599,23602,23599,3,-3
2024-07-04 15:12:28.926,23598,23601,23601,1,1
2024-07-04 15:12:32.126,23600,23602,23600,1,-1
2024-07-04 15:12:32.505,23600,23602,23600,3,-3
2024-07-04 15:12:32.528,23600,23602,23600,3,-3
2024-07-04 15:12:34.144,23599,23601,23601,1,1
2024-07-04 15:12:35.192,23599,23602,23602,1,1
2024-07-04 15:12:38.388,23600,23602,23600,3,-3
2024-07-04 15:12:43.105,23600,23601,23600,1,-1
2024-07-04 15:12:46.501,23600,23601,23600,1,-1
2024-07-04 15:12:47.500,23600,23601,23600,1,-1
2024-07-04 15:12:47.645,23600,23601,23600,1,-1
2024-07-04 15:12:49.241,23599,23601,23599,1,-1
2024-07-04 15:12:51.497,23599,23601,23599,1,-1
2024-07-04 15:12:52.295,23598,23600,23600,3,3
2024-07-04 15:12:52.748,23598,23600,23598,1,-1
2024-07-04 15:12:52.881,23598,23600,23598,1,-1
2024-07-04 15:12:53.217,23598,23600,23600,1,1
2024-07-04 15:12:55.383,23599,23601,23599,1,-1
2024-07-04 15:12:56.795,23599,23601,23599,1,-1
2024-07-04 15:12:58.849,23598,23601,23598,1,-1
2024-07-04 15:13:00.934,23598,23600,23600,3,3
2024-07-04 15:13:01.263,23598,23600,23600,1,1
2024-07-04 15:13:01.264,23598,23600,23600,1,1
2024-07-04 15:13:01.595,23599,23601,23601,1,1
2024-07-04 15:13:02.916,23599,23601,23599,2,-2
2024-07-04 15:13:05.777,23599,23601,23599,1,-1
2024-07-04 15:13:10.733,23600,23601,23600,4,-4
2024-07-04 15:13:13.059,23600,23601,23600,3,-3
2024-07-04 15:13:13.059,23600,23601,23599,2,-2
2024-07-04 15:13:15.517,23599,23601,23600,1,-1
2024-07-04 15:13:19.747,23600,23601,23600,2,-2
2024-07-04 15:13:23.648,23599,23601,23601,2,2
2024-07-04 15:13:23.648,23599,23601,23601,1,1
2024-07-04 15:13:23.845,23600,23602,23600,2,-2
2024-07-04 15:13:25.882,23600,23602,23600,1,-1
2024-07-04 15:13:28.170,23600,23601,23600,1,-1
2024-07-04 15:13:28.383,23600,23601,23601,1,1
2024-07-04 15:13:30.824,23601,23602,23601,1,-1
2024-07-04 15:13:34.082,23601,23602,23602,1,1
2024-07-04 15:13:43.020,23601,23602,23601,1,-1
2024-07-04 15:13:44.853,23600,23601,23601,1,1
2024-07-04 15:13:46.986,23600,23602,23602,1,1
2024-07-04 15:13:46.991,23600,23602,23602,1,1
2024-07-04 15:13:47.558,23600,23602,23601,1,1
2024-07-04 15:13:51.870,23600,23602,23600,1,-1
2024-07-04 15:13:56.615,23601,23602,23601,1,-1
2024-07-04 15:14:01.650,23601,23602,23602,1,1
2024-07-04 15:14:02.016,23601,23602,23601,1,-1
2024-07-04 15:14:02.183,23601,23602,23601,1,-1
2024-07-04 15:14:06.423,23601,23602,23602,1,1
2024-07-04 15:14:06.426,23601,23602,23603,1,1
2024-07-04 15:14:07.124,23602,23604,23604,1,1
2024-07-04 15:14:08.415,23602,23604,23604,1,1
2024-07-04 15:14:08.415,23602,23604,23604,1,1
2024-07-04 15:14:08.415,23602,23604,23604,1,1
2024-07-04 15:14:08.612,23603,23605,23603,1,-1
2024-07-04 15:14:10.483,23604,23605,23605,2,2
2024-07-04 15:14:12.156,23605,23607,23605,1,-1
2024-07-04 15:14:13.278,23604,23606,23606,1,1
2024-07-04 15:14:13.378,23604,23606,23606,1,1
2024-07-04 15:14:14.269,23603,23606,23606,2,2
2024-07-04 15:14:20.365,23603,23605,23605,3,3
2024-07-04 15:14:20.575,23603,23606,23603,3,-3
2024-07-04 15:14:20.698,23602,23605,23602,3,-3
2024-07-04 15:14:20.713,23602,23605,23602,3,-3
2024-07-04 15:14:27.748,23603,23606,23604,1,-1
2024-07-04 15:14:59.089,23605,23606,23606,7,7
2024-07-04 15:14:59.287,23606,23607,23606,3,-3
2024-07-04 15:15:02.630,23606,23607,23607,2,2
2024-07-04 15:15:02.632,23606,23607,23608,1,1
2024-07-04 15:15:03.164,23607,23609,23607,1,-1
2024-07-04 15:15:03.217,23607,23609,23607,1,-1
2024-07-04 15:15:03.217,23607,23609,23607,1,-1
2024-07-04 15:15:03.217,23607,23609,23607,1,-1
2024-07-04 15:15:03.218,23607,23609,23607,1,-1
2024-07-04 15:15:06.277,23606,23608,23608,3,3
2024-07-04 15:15:10.990,23607,23609,23609,3,3
2024-07-04 15:15:10.990,23607,23609,23609,1,1
2024-07-04 15:15:10.990,23607,23609,23609,2,2
2024-07-04 15:15:11.033,23607,23609,23610,1,1
2024-07-04 15:15:11.093,23609,23612,23609,1,-1
2024-07-04 15:15:11.093,23609,23612,23609,1,-1
2024-07-04 15:15:18.167,23609,23611,23611,3,3
2024-07-04 15:15:19.915,23610,23612,23612,1,1
2024-07-04 15:15:19.967,23610,23612,23610,1,-1
2024-07-04 15:15:19.969,23610,23612,23610,1,-1
2024-07-04 15:15:20.441,23610,23611,23611,2,2
2024-07-04 15:15:31.062,23610,23612,23612,2,2
2024-07-04 15:15:33.498,23611,23612,23611,1,-1
2024-07-04 15:15:33.595,23610,23612,23610,1,-1
2024-07-04 15:15:33.597,23610,23612,23609,1,-1
2024-07-04 15:15:33.597,23610,23612,23610,8,-8
2024-07-04 15:15:33.827,23609,23610,23610,1,1
2024-07-04 15:15:37.629,23610,23612,23610,1,-1
2024-07-04 15:15:37.882,23610,23612,23612,2,2
2024-07-04 15:15:37.882,23610,23612,23612,2,2
2024-07-04 15:15:37.884,23610,23612,23613,3,3
2024-07-04 15:15:38.778,23613,23614,23614,3,3
2024-07-04 15:15:38.778,23613,23614,23615,2,2
2024-07-04 15:15:38.779,23613,23614,23615,1,1
2024-07-04 15:15:38.780,23613,23614,23615,1,1
2024-07-04 15:15:38.780,23613,23614,23615,3,3
2024-07-04 15:15:40.202,23614,23616,23616,1,1
2024-07-04 15:15:40.226,23615,23616,23616,2,2
2024-07-04 15:15:40.399,23615,23617,23615,1,-1
2024-07-04 15:15:40.658,23615,23617,23617,1,1
2024-07-04 15:15:46.319,23616,23617,23617,2,2
2024-07-04 15:15:46.992,23617,23618,23618,3,3
2024-07-04 15:15:46.992,23617,23618,23618,1,1
2024-07-04 15:15:47.800,23617,23619,23617,3,-3
2024-07-04 15:15:49.065,23617,23619,23619,5,5
2024-07-04 15:15:49.425,23617,23619,23617,1,-1
2024-07-04 15:15:49.467,23617,23619,23619,1,1
2024-07-04 15:15:50.373,23617,23620,23618,1,-1
2024-07-04 15:15:50.539,23617,23619,23619,4,4
2024-07-04 15:15:51.810,23617,23619,23617,1,-1
2024-07-04 15:15:52.965,23617,23618,23618,2,2
2024-07-04 15:15:53.803,23617,23619,23619,1,1
2024-07-04 15:15:55.065,23617,23619,23619,3,3
2024-07-04 15:15:55.065,23617,23619,23620,1,1
2024-07-04 15:15:56.793,23618,23620,23620,1,1
2024-07-04 15:15:57.059,23618,23620,23620,1,1
2024-07-04 15:15:57.217,23618,23620,23620,1,1
2024-07-04 15:15:57.605,23618,23620,23618,5,-5
2024-07-04 15:15:59.022,23617,23618,23617,1,-1
2024-07-04 15:15:59.022,23617,23618,23617,1,-1
2024-07-04 15:16:05.068,23617,23619,23617,4,-4
2024-07-04 15:16:05.096,23616,23619,23619,1,1
2024-07-04 15:16:05.096,23616,23619,23619,1,1
2024-07-04 15:16:05.096,23616,23619,23619,1,1
2024-07-04 15:16:05.097,23616,23619,23620,1,1
2024-07-04 15:16:05.097,23616,23619,23620,1,1
2024-07-04 15:16:05.103,23616,23619,23620,1,1
2024-07-04 15:16:05.423,23618,23620,23620,3,3
2024-07-04 15:16:09.242,23618,23619,23619,1,1
2024-07-04 15:16:09.342,23618,23620,23621,1,1
2024-07-04 15:16:09.342,23618,23620,23620,1,1
2024-07-04 15:16:09.342,23618,23620,23621,1,1
2024-07-04 15:16:09.342,23618,23620,23621,1,1
2024-07-04 15:16:09.342,23618,23620,23621,1,1
2024-07-04 15:16:09.342,23618,23620,23621,1,1
2024-07-04 15:16:09.343,23618,23620,23621,1,1
2024-07-04 15:16:09.344,23618,23620,23621,1,1
2024-07-04 15:16:09.345,23618,23620,23621,1,1
2024-07-04 15:16:09.348,23618,23620,23621,1,1
2024-07-04 15:16:09.467,23619,23621,23620,1,1
2024-07-04 15:16:09.518,23619,23621,23620,1,1
2024-07-04 15:16:09.551,23619,23621,23620,1,1
2024-07-04 15:16:11.922,23618,23621,23621,1,1
2024-07-04 15:16:11.968,23619,23621,23621,1,1
2024-07-04 15:16:11.968,23619,23621,23621,1,1
2024-07-04 15:16:11.968,23619,23621,23621,1,1
2024-07-04 15:16:11.969,23619,23621,23621,1,1
2024-07-04 15:16:11.969,23619,23621,23622,1,1
2024-07-04 15:16:11.969,23619,23621,23621,1,1
2024-07-04 15:16:12.265,23619,23622,23621,1,1
2024-07-04 15:16:13.907,23619,23620,23620,1,1
2024-07-04 15:16:15.329,23619,23620,23620,2,2
2024-07-04 15:16:18.489,23620,23622,23622,1,1
2024-07-04 15:16:18.720,23620,23622,23622,2,2
2024-07-04 15:16:21.854,23621,23622,23622,1,1
2024-07-04 15:16:21.967,23621,23622,23622,1,1
2024-07-04 15:16:21.967,23621,23622,23622,1,1
2024-07-04 15:16:21.967,23621,23622,23622,1,1
2024-07-04 15:16:21.968,23621,23622,23622,1,1
2024-07-04 15:16:21.969,23621,23622,23622,1,1
2024-07-04 15:16:22.122,23621,23623,23621,2,-2
2024-07-04 15:16:23.659,23621,23623,23623,2,2
2024-07-04 15:16:23.662,23621,23623,23624,1,1
2024-07-04 15:16:23.701,23621,23623,23625,5,5
2024-07-04 15:16:23.703,23621,23623,23626,1,1
2024-07-04 15:16:23.703,23621,23623,23626,3,3
2024-07-04 15:16:23.703,23621,23623,23626,1,1
2024-07-04 15:16:23.703,23621,23623,23626,12,12
2024-07-04 15:16:23.704,23621,23623,23627,2,2
2024-07-04 15:16:23.814,23626,23628,23628,2,2
2024-07-04 15:16:23.828,23626,23628,23628,1,1
2024-07-04 15:16:24.584,23627,23628,23627,1,-1
2024-07-04 15:16:25.112,23626,23628,23626,1,-1
2024-07-04 15:16:26.473,23626,23627,23626,1,-1
2024-07-04 15:16:27.607,23626,23627,23628,1,1
2024-07-04 15:16:27.607,23626,23627,23627,1,1
2024-07-04 15:16:27.717,23626,23628,23628,1,1
2024-07-04 15:16:27.717,23626,23628,23628,1,1
2024-07-04 15:16:27.718,23626,23628,23628,1,1
2024-07-04 15:16:29.071,23626,23628,23627,1,1
2024-07-04 15:16:29.072,23626,23628,23627,1,1
2024-07-04 15:16:29.239,23626,23627,23627,1,1
2024-07-04 15:16:29.392,23626,23627,23626,1,-1
2024-07-04 15:16:29.393,23626,23627,23626,1,-1
2024-07-04 15:16:30.222,23624,23626,23626,1,1
2024-07-04 15:16:31.861,23624,23625,23625,1,1
2024-07-04 15:16:32.334,23624,23625,23624,1,-1
2024-07-04 15:16:32.603,23623,23625,23625,1,1
2024-07-04 15:16:34.799,23623,23625,23623,1,-1
2024-07-04 15:16:42.576,23625,23626,23625,6,-6
2024-07-04 15:16:42.576,23625,23626,23624,6,-6
2024-07-04 15:16:42.576,23625,23626,23623,10,-10
2024-07-04 15:16:42.576,23625,23626,23622,13,-13
2024-07-04 15:16:42.576,23625,23626,23621,15,-15
2024-07-04 15:16:46.894,23620,23622,23622,3,3
2024-07-04 15:16:46.968,23620,23622,23622,1,1
2024-07-04 15:16:50.589,23621,23622,23621,1,-1
2024-07-04 15:16:51.188,23620,23622,23620,1,-1
2024-07-04 15:16:51.188,23620,23622,23620,1,-1
2024-07-04 15:16:51.188,23620,23622,23620,1,-1
2024-07-04 15:16:51.188,23620,23622,23620,2,-2
2024-07-04 15:16:51.188,23620,23622,23620,1,-1
2024-07-04 15:16:51.188,23620,23622,23620,2,-2
2024-07-04 15:16:51.188,23620,23622,23620,1,-1
2024-07-04 15:16:51.189,23620,23622,23620,3,-3
2024-07-04 15:16:51.846,23619,23621,23621,2,2
2024-07-04 15:16:53.132,23619,23621,23621,2,2
2024-07-04 15:16:55.611,23621,23623,23621,1,-1
2024-07-04 15:16:58.561,23620,23621,23620,1,-1
2024-07-04 15:16:58.561,23620,23621,23620,1,-1
2024-07-04 15:16:58.561,23620,23621,23620,1,-1
2024-07-04 15:16:59.138,23619,23620,23620,3,3
2024-07-04 15:17:00.730,23619,23620,23620,1,1
2024-07-04 15:17:02.136,23619,23620,23620,1,1
2024-07-04 15:17:02.932,23619,23620,23619,1,-1
2024-07-04 15:17:05.706,23619,23620,23619,1,-1
2024-07-04 15:17:12.385,23619,23620,23620,1,1
2024-07-04 15:17:14.753,23619,23621,23621,1,1
2024-07-04 15:17:14.753,23619,23621,23622,1,1
2024-07-04 15:17:22.168,23620,23621,23621,1,1
2024-07-04 15:17:22.175,23620,23621,23622,2,2
2024-07-04 15:17:22.175,23620,23621,23622,2,2
2024-07-04 15:17:22.175,23620,23621,23622,3,3
2024-07-04 15:17:25.670,23621,23623,23623,2,2
2024-07-04 15:17:26.978,23621,23623,23623,1,1
2024-07-04 15:17:31.773,23622,23624,23622,4,-4
2024-07-04 15:17:32.913,23620,23622,23622,4,4
2024-07-04 15:17:35.155,23621,23622,23621,1,-1
2024-07-04 15:17:36.297,23621,23622,23622,1,1
2024-07-04 15:17:37.120,23621,23622,23621,1,-1
2024-07-04 15:17:38.030,23621,23622,23622,1,1
2024-07-04 15:17:38.591,23621,23622,23622,1,1
2024-07-04 15:17:39.668,23621,23623,23623,1,1
2024-07-04 15:17:43.305,23621,23623,23621,1,-1
2024-07-04 15:17:47.380,23620,23621,23621,1,1
2024-07-04 15:17:47.380,23620,23621,23621,3,3
2024-07-04 15:17:55.414,23621,23622,23622,1,1
2024-07-04 15:17:57.365,23621,23623,23621,1,-1
2024-07-04 15:18:08.187,23622,23624,23624,1,1
2024-07-04 15:18:09.292,23622,23623,23622,3,-3
2024-07-04 15:18:17.091,23622,23623,23622,1,-1
2024-07-04 15:18:17.416,23621,23623,23623,1,1
2024-07-04 15:18:25.162,23622,23623,23622,1,-1
2024-07-04 15:18:25.163,23622,23623,23622,4,-4
2024-07-04 15:18:30.938,23621,23623,23621,1,-1
2024-07-04 15:18:46.697,23621,23623,23621,2,-2
2024-07-04 15:18:46.718,23621,23623,23621,1,-1
2024-07-04 15:18:47.083,23622,23623,23623,1,1
2024-07-04 15:18:50.379,23622,23623,23623,1,1
2024-07-04 15:18:53.203,23623,23624,23623,1,-1
2024-07-04 15:18:56.222,23623,23624,23624,6,6
2024-07-04 15:18:56.225,23623,23624,23625,3,3
2024-07-04 15:18:56.225,23623,23624,23625,1,1
2024-07-04 15:18:56.225,23623,23624,23625,1,1
2024-07-04 15:18:56.369,23624,23626,23626,1,1
2024-07-04 15:18:56.484,23625,23626,23626,1,1
2024-07-04 15:18:56.486,23625,23626,23626,1,1
2024-07-04 15:18:56.486,23625,23626,23626,1,1
2024-07-04 15:18:57.809,23626,23627,23626,1,-1
2024-07-04 15:18:59.708,23626,23627,23627,1,1
2024-07-04 15:19:00.509,23626,23627,23626,1,-1
2024-07-04 15:19:04.049,23625,23627,23625,1,-1
2024-07-04 15:19:06.955,23624,23626,23626,1,1
2024-07-04 15:19:12.702,23624,23626,23624,1,-1
2024-07-04 15:19:16.852,23624,23626,23626,1,1
2024-07-04 15:19:19.619,23625,23626,23625,1,-1
2024-07-04 15:19:19.718,23624,23625,23625,2,2
2024-07-04 15:19:21.450,23624,23626,23626,1,1
2024-07-04 15:19:21.450,23624,23626,23626,3,3
2024-07-04 15:19:21.450,23624,23626,23626,1,1
2024-07-04 15:19:22.567,23626,23627,23627,1,1
2024-07-04 15:19:23.729,23626,23627,23627,1,1
2024-07-04 15:19:25.172,23626,23627,23626,1,-1
2024-07-04 15:19:28.551,23626,23627,23627,2,2
2024-07-04 15:19:32.517,23626,23627,23627,1,1
2024-07-04 15:19:32.964,23626,23627,23626,2,-2
2024-07-04 15:19:35.372,23626,23627,23627,1,1
2024-07-04 15:19:35.372,23626,23627,23627,1,1
2024-07-04 15:19:35.373,23626,23627,23627,1,1
2024-07-04 15:19:35.373,23626,23627,23627,1,1
2024-07-04 15:19:35.373,23626,23627,23627,1,1
2024-07-04 15:19:35.373,23626,23627,23627,1,1
2024-07-04 15:19:35.935,23627,23628,23627,1,-1
2024-07-04 15:19:36.630,23627,23628,23627,1,-1
2024-07-04 15:19:40.960,23627,23628,23627,2,-2
2024-07-04 15:19:41.876,23627,23628,23628,1,1
2024-07-04 15:19:43.498,23627,23628,23628,1,1
2024-07-04 15:19:43.710,23627,23628,23627,1,-1
2024-07-04 15:19:45.789,23626,23628,23628,5,5
2024-07-04 15:19:46.360,23626,23627,23627,1,1
2024-07-04 15:19:49.505,23627,23628,23628,1,1
2024-07-04 15:19:50.730,23627,23629,23627,1,-1
2024-07-04 15:19:51.854,23627,23629,23627,3,-3
2024-07-04 15:19:51.854,23627,23629,23627,1,-1
2024-07-04 15:19:51.855,23627,23629,23627,2,-2
2024-07-04 15:19:51.856,23627,23629,23626,3,-3
2024-07-04 15:19:52.125,23625,23626,23626,2,2
2024-07-04 15:19:52.393,23625,23626,23626,1,1
2024-07-04 15:19:52.468,23625,23626,23625,1,-1
2024-07-04 15:19:52.468,23625,23626,23625,1,-1
2024-07-04 15:19:53.486,23624,23625,23624,2,-2
2024-07-04 15:19:57.169,23623,23625,23623,1,-1
2024-07-04 15:19:57.432,23623,23625,23625,1,1
2024-07-04 15:19:58.203,23623,23625,23625,2,2
2024-07-04 15:20:06.389,23624,23626,23626,1,1
2024-07-04 15:20:06.575,23624,23627,23627,2,2
2024-07-04 15:20:06.596,23625,23627,23627,1,1
2024-07-04 15:20:08.823,23625,23627,23627,1,1
2024-07-04 15:20:09.546,23625,23627,23625,3,-3
2024-07-04 15:20:23.526,23625,23626,23625,1,-1
2024-07-04 15:20:29.313,23624,23625,23625,1,1
2024-07-04 15:20:30.972,23624,23625,23624,2,-2
2024-07-04 15:20:33.913,23623,23624,23623,1,-1
2024-07-04 15:20:36.422,23622,23624,23622,1,-1
2024-07-04 15:20:39.555,23623,23624,23623,1,-1
2024-07-04 15:20:40.482,23622,23623,23623,1,1
2024-07-04 15:20:43.104,23622,23623,23623,1,1
2024-07-04 15:20:43.213,23622,23623,23622,1,-1
2024-07-04 15:20:44.934,23622,23623,23622,1,-1
2024-07-04 15:20:47.278,23622,23623,23622,1,-1
2024-07-04 15:20:48.218,23622,23623,23623,1,1
2024-07-04 15:20:50.648,23622,23623,23622,1,-1
2024-07-04 15:20:50.858,23622,23623,23622,1,-1
2024-07-04 15:20:50.858,23622,23623,23622,2,-2
2024-07-04 15:20:53.155,23621,23622,23621,2,-2
2024-07-04 15:20:53.155,23621,23622,23621,2,-2
2024-07-04 15:20:53.156,23621,23622,23621,1,-1
2024-07-04 15:20:53.480,23620,23621,23621,1,1
2024-07-04 15:20:56.840,23621,23623,23621,1,-1
2024-07-04 15:21:00.408,23621,23622,23621,1,-1
2024-07-04 15:21:04.041,23620,23621,23620,4,-4
2024-07-04 15:21:04.102,23620,23621,23620,2,-2
2024-07-04 15:21:04.102,23620,23621,23619,2,-2
2024-07-04 15:21:04.999,23619,23620,23619,1,-1
2024-07-04 15:21:06.040,23618,23620,23620,3,3
2024-07-04 15:21:07.151,23618,23620,23618,2,-2
2024-07-04 15:21:08.553,23618,23619,23618,1,-1
2024-07-04 15:21:12.149,23617,23618,23617,1,-1
2024-07-04 15:21:13.695,23616,23617,23617,1,1
2024-07-04 15:21:16.724,23616,23617,23616,1,-1
2024-07-04 15:21:17.095,23616,23617,23613,6,-6
2024-07-04 15:21:17.095,23616,23617,23614,11,-11
2024-07-04 15:21:17.095,23616,23617,23615,4,-4
2024-07-04 15:21:17.095,23616,23617,23616,1,-1
2024-07-04 15:21:17.285,23613,23615,23613,4,-4
2024-07-04 15:21:17.285,23613,23615,23612,16,-16
2024-07-04 15:21:17.286,23613,23615,23611,1,-1
2024-07-04 15:21:17.286,23613,23615,23611,2,-2
2024-07-04 15:21:17.286,23613,23615,23612,2,-2
2024-07-04 15:21:17.287,23613,23615,23611,4,-4
2024-07-04 15:21:17.426,23610,23611,23610,5,-5
2024-07-04 15:21:17.428,23610,23611,23609,1,-1
2024-07-04 15:21:17.429,23610,23611,23609,1,-1
2024-07-04 15:21:18.022,23608,23609,23609,1,1
2024-07-04 15:21:18.682,23608,23609,23609,1,1
2024-07-04 15:21:18.758,23609,23610,23609,3,-3
2024-07-04 15:21:18.758,23609,23610,23608,4,-4
2024-07-04 15:21:18.758,23609,23610,23608,2,-2
2024-07-04 15:21:21.142,23608,23609,23609,2,2
2024-07-04 15:21:21.142,23608,23609,23609,1,1
2024-07-04 15:21:23.729,23610,23611,23610,2,-2
2024-07-04 15:21:23.870,23610,23611,23611,1,1
2024-07-04 15:21:29.745,23613,23614,23614,1,1
2024-07-04 15:21:29.761,23613,23614,23614,1,1
2024-07-04 15:21:31.100,23613,23615,23615,2,2
2024-07-04 15:21:33.556,23615,23616,23615,1,-1
2024-07-04 15:21:33.556,23615,23616,23615,1,-1
2024-07-04 15:21:34.023,23613,23615,23615,2,2
2024-07-04 15:21:38.716,23614,23615,23615,3,3
2024-07-04 15:21:38.717,23614,23615,23616,1,1
2024-07-04 15:21:38.718,23614,23615,23616,1,1
2024-07-04 15:21:38.815,23614,23615,23617,1,1
2024-07-04 15:21:41.052,23617,23618,23618,1,1
2024-07-04 15:21:43.051,23617,23620,23620,4,4
2024-07-04 15:21:48.620,23619,23620,23620,1,1
2024-07-04 15:21:51.200,23619,23621,23621,1,1
2024-07-04 15:21:51.200,23619,23621,23621,1,1
2024-07-04 15:21:53.033,23619,23622,23621,1,1
2024-07-04 15:21:54.055,23621,23622,23622,1,1
2024-07-04 15:21:56.195,23621,23622,23621,1,-1
2024-07-04 15:21:57.000,23621,23622,23621,1,-1
2024-07-04 15:22:00.892,23619,23621,23621,2,2
2024-07-04 15:22:01.402,23620,23622,23620,1,-1
2024-07-04 15:22:10.912,23621,23622,23622,1,1
2024-07-04 15:22:12.544,23621,23622,23622,1,1
2024-07-04 15:22:13.555,23622,23623,23623,1,1
2024-07-04 15:22:17.702,23622,23624,23624,1,1
2024-07-04 15:22:33.314,23624,23625,23625,1,1
2024-07-04 15:22:33.315,23624,23625,23625,1,1
2024-07-04 15:22:33.315,23624,23625,23625,2,2
2024-07-04 15:22:33.315,23624,23625,23625,2,2
2024-07-04 15:22:33.315,23624,23625,23625,2,2
2024-07-04 15:22:33.315,23624,23625,23625,2,2
2024-07-04 15:22:33.315,23624,23625,23625,2,2
2024-07-04 15:22:33.315,23624,23625,23625,3,3
2024-07-04 15:22:33.315,23624,23625,23625,1,1
2024-07-04 15:22:33.388,23624,23626,23624,3,-3
2024-07-04 15:22:37.623,23623,23624,23624,1,1
2024-07-04 15:22:40.201,23623,23624,23624,2,2
2024-07-04 15:22:41.946,23623,23626,23623,1,-1
2024-07-04 15:22:45.564,23623,23625,23623,1,-1
2024-07-04 15:22:45.660,23622,23624,23622,1,-1
2024-07-04 15:22:50.878,23622,23623,23622,1,-1
2024-07-04 15:23:01.563,23622,23623,23623,1,1
2024-07-04 15:23:02.801,23623,23624,23623,1,-1
2024-07-04 15:23:02.920,23622,23623,23622,1,-1
2024-07-04 15:23:04.239,23620,23621,23620,1,-1
2024-07-04 15:23:04.246,23620,23621,23620,1,-1
2024-07-04 15:23:13.035,23620,23621,23620,1,-1
2024-07-04 15:23:15.096,23620,23621,23620,1,-1
2024-07-04 15:23:15.099,23620,23621,23619,1,-1
2024-07-04 15:23:15.163,23620,23621,23618,3,-3
2024-07-04 15:23:15.163,23620,23621,23618,1,-1
2024-07-04 15:23:15.416,23616,23617,23617,2,2
2024-07-04 15:23:17.213,23616,23618,23618,1,1
2024-07-04 15:23:28.806,23617,23618,23618,1,1
2024-07-04 15:23:28.806,23617,23618,23618,1,1
2024-07-04 15:23:28.806,23617,23618,23618,1,1
2024-07-04 15:23:31.607,23618,23620,23618,3,-3
2024-07-04 15:23:36.489,23617,23618,23617,1,-1
2024-07-04 15:23:41.275,23616,23618,23618,1,1
2024-07-04 15:23:41.276,23616,23618,23618,2,2
2024-07-04 15:23:41.564,23617,23619,23619,1,1
2024-07-04 15:23:41.682,23618,23620,23618,1,-1
2024-07-04 15:23:42.622,23617,23619,23619,1,1
2024-07-04 15:24:03.292,23620,23621,23621,1,1
2024-07-04 15:24:03.292,23620,23621,23621,1,1
2024-07-04 15:24:03.292,23620,23621,23621,2,2
2024-07-04 15:24:05.644,23620,23622,23620,1,-1
2024-07-04 15:24:08.843,23621,23622,23621,1,-1
2024-07-04 15:24:11.542,23619,23621,23621,2,2
2024-07-04 15:24:12.624,23619,23621,23619,1,-1
2024-07-04 15:24:15.882,23619,23620,23619,1,-1
2024-07-04 15:24:15.893,23619,23620,23619,3,-3
2024-07-04 15:24:15.893,23619,23620,23619,1,-1
2024-07-04 15:24:15.894,23619,23620,23618,2,-2
2024-07-04 15:24:30.903,23616,23618,23618,1,1
2024-07-04 15:24:37.110,23616,23618,23618,1,1
2024-07-04 15:24:37.209,23616,23618,23618,1,1
2024-07-04 15:24:39.525,23617,23618,23617,1,-1
2024-07-04 15:24:41.455,23616,23618,23616,1,-1
2024-07-04 15:24:41.456,23616,23618,23616,1,-1
2024-07-04 15:24:41.456,23616,23618,23616,1,-1
2024-07-04 15:24:41.456,23616,23618,23616,6,-6
2024-07-04 15:24:41.477,23615,23616,23616,7,7
2024-07-04 15:24:41.481,23615,23616,23617,1,1
2024-07-04 15:24:41.584,23615,23616,23617,2,2
2024-07-04 15:24:56.086,23617,23618,23618,1,1
2024-07-04 15:25:01.608,23617,23618,23617,1,-1
2024-07-04 15:25:01.608,23617,23618,23617,1,-1
2024-07-04 15:25:01.648,23617,23618,23616,1,-1
2024-07-04 15:25:02.787,23615,23616,23615,2,-2
2024-07-04 15:25:09.207,23615,23617,23615,1,-1
2024-07-04 15:25:19.189,23618,23619,23619,3,3
2024-07-04 15:25:21.940,23619,23620,23619,1,-1
2024-07-04 15:25:30.072,23619,23620,23619,1,-1
2024-07-04 15:25:30.091,23617,23619,23619,1,1
2024-07-04 15:25:53.614,23619,23620,23620,1,1
2024-07-04 15:25:53.690,23619,23620,23620,1,1
2024-07-04 15:25:57.348,23619,23621,23620,1,1
2024-07-04 15:26:12.543,23619,23621,23619,2,-2
2024-07-04 15:26:12.545,23619,23621,23618,1,-1
2024-07-04 15:26:12.545,23619,23621,23618,1,-1
2024-07-04 15:26:12.546,23619,23621,23618,1,-1
2024-07-04 15:26:12.546,23619,23621,23618,1,-1
2024-07-04 15:26:12.993,23617,23618,23618,1,1
2024-07-04 15:26:24.755,23617,23619,23617,1,-1
2024-07-04 15:26:26.435,23617,23618,23617,1,-1
2024-07-04 15:26:27.737,23617,23618,23617,1,-1
2024-07-04 15:26:38.075,23616,23618,23616,1,-1
2024-07-04 15:26:52.146,23617,23618,23618,2,2
2024-07-04 15:26:52.454,23619,23621,23621,1,1
2024-07-04 15:26:56.216,23619,23621,23621,1,1
2024-07-04 15:26:59.066,23619,23620,23620,1,1
2024-07-04 15:27:10.911,23619,23620,23620,1,1
2024-07-04 15:27:16.967,23619,23620,23619,1,-1
2024-07-04 15:27:17.879,23618,23619,23618,1,-1
2024-07-04 15:27:17.879,23618,23619,23618,1,-1
2024-07-04 15:27:19.195,23617,23619,23619,1,1
2024-07-04 15:27:33.511,23617,23618,23618,1,1
2024-07-04 15:27:38.993,23617,23618,23618,1,1
2024-07-04 15:27:43.492,23617,23619,23617,1,-1
2024-07-04 15:27:49.115,23617,23618,23617,1,-1
2024-07-04 15:28:07.054,23616,23618,23616,1,-1
2024-07-04 15:28:07.054,23616,23618,23616,5,-5
2024-07-04 15:28:12.958,23615,23616,23616,1,1
2024-07-04 15:28:12.963,23615,23616,23616,1,1
2024-07-04 15:28:13.251,23615,23616,23616,1,1
2024-07-04 15:28:14.106,23615,23617,23615,3,-3
2024-07-04 15:28:16.147,23615,23617,23615,4,-4
2024-07-04 15:28:16.147,23615,23617,23615,1,-1
2024-07-04 15:28:16.147,23615,23617,23615,1,-1
2024-07-04 15:28:20.709,23611,23613,23614,5,5
2024-07-04 15:28:20.710,23611,23613,23613,4,4
2024-07-04 15:28:20.713,23614,23615,23612,1,-1
2024-07-04 15:28:31.279,23612,23614,23612,1,-1
2024-07-04 15:28:34.100,23612,23613,23613,2,2
2024-07-04 15:28:34.565,23613,23614,23614,2,2
2024-07-04 15:28:34.565,23613,23614,23614,6,6
2024-07-04 15:28:34.565,23613,23614,23614,1,1
2024-07-04 15:28:34.565,23613,23614,23614,1,1
2024-07-04 15:28:34.565,23613,23614,23614,1,1
2024-07-04 15:28:38.501,23612,23613,23612,3,-3
2024-07-04 15:28:39.352,23611,23612,23611,1,-1
2024-07-04 15:28:43.099,23610,23612,23610,1,-1
2024-07-04 15:28:43.099,23610,23612,23610,1,-1
2024-07-04 15:28:43.099,23610,23612,23610,1,-1
2024-07-04 15:28:43.099,23610,23612,23610,1,-1
2024-07-04 15:28:43.099,23610,23612,23610,1,-1
2024-07-04 15:28:43.099,23610,23612,23610,1,-1
2024-07-04 15:28:43.099,23610,23612,23610,1,-1
2024-07-04 15:28:45.712,23610,23612,23610,2,-2
2024-07-04 15:28:46.506,23609,23612,23609,1,-1
2024-07-04 15:28:48.996,23610,23611,23610,1,-1
2024-07-04 15:28:48.996,23610,23611,23609,2,-2
2024-07-04 15:28:48.997,23610,23611,23609,2,-2
2024-07-04 15:28:50.319,23610,23611,23610,1,-1
2024-07-04 15:28:52.584,23608,23609,23609,3,3
2024-07-04 15:28:52.727,23608,23611,23608,1,-1
2024-07-04 15:28:58.422,23608,23610,23608,3,-3
2024-07-04 15:28:58.946,23608,23610,23609,1,-1
2024-07-04 15:28:58.947,23608,23610,23610,2,2
2024-07-04 15:28:58.947,23608,23610,23610,4,4
2024-07-04 15:28:58.947,23608,23610,23610,1,1
2024-07-04 15:28:58.993,23610,23612,23612,1,1
2024-07-04 15:28:59.169,23610,23612,23611,4,4
2024-07-04 15:29:03.841,23608,23609,23608,1,-1
2024-07-04 15:29:03.841,23608,23609,23608,2,-2
2024-07-04 15:29:06.696,23607,23608,23607,1,-1
2024-07-04 15:29:06.696,23607,23608,23607,3,-3
2024-07-04 15:29:07.618,23606,23607,23606,3,-3
2024-07-04 15:29:07.619,23606,23607,23606,1,-1
2024-07-04 15:29:07.619,23606,23607,23606,1,-1
2024-07-04 15:29:07.792,23605,23606,23605,1,-1
2024-07-04 15:29:10.058,23605,23606,23606,6,6
2024-07-04 15:29:10.059,23605,23606,23607,13,13
2024-07-04 15:29:10.217,23606,23608,23608,1,1
2024-07-04 15:29:10.418,23606,23608,23606,1,-1
2024-07-04 15:29:12.387,23605,23607,23605,1,-1
2024-07-04 15:29:13.849,23605,23607,23605,1,-1
2024-07-04 15:29:15.009,23604,23605,23605,1,1
2024-07-04 15:29:15.391,23604,23605,23604,1,-1
2024-07-04 15:29:17.272,23604,23605,23605,1,1
2024-07-04 15:29:17.322,23604,23605,23604,1,-1
2024-07-04 15:29:18.449,23604,23605,23604,1,-1
2024-07-04 15:29:18.785,23604,23605,23604,1,-1
2024-07-04 15:29:19.594,23604,23605,23603,6,-6
2024-07-04 15:29:19.594,23604,23605,23604,1,-1
2024-07-04 15:29:23.127,23603,23604,23604,1,1
2024-07-04 15:29:23.127,23603,23604,23604,1,1
2024-07-04 15:29:23.534,23604,23605,23605,1,1
2024-07-04 15:29:23.536,23604,23605,23605,1,1
2024-07-04 15:29:23.635,23604,23605,23604,1,-1
2024-07-04 15:29:23.666,23604,23605,23605,2,2
2024-07-04 15:29:25.548,23604,23605,23605,1,1
2024-07-04 15:29:29.674,23604,23606,23606,1,1
2024-07-04 15:29:30.368,23604,23607,23607,1,1
2024-07-04 15:29:33.195,23604,23607,23607,1,1
2024-07-04 15:29:34.065,23604,23607,23606,2,2
2024-07-04 15:29:34.794,23603,23606,23606,1,1
2024-07-04 15:29:38.620,23604,23607,23607,5,5
2024-07-04 15:29:48.084,23607,23608,23608,2,2
2024-07-04 15:29:48.084,23607,23608,23610,18,18
2024-07-04 15:29:48.084,23607,23608,23611,9,9
2024-07-04 15:29:48.084,23607,23608,23612,9,9
2024-07-04 15:29:48.084,23607,23608,23613,12,12
2024-07-04 15:29:48.086,23607,23608,23614,1,1
2024-07-04 15:29:48.088,23607,23608,23613,2,2
2024-07-04 15:29:48.273,23611,23613,23613,1,1
2024-07-04 15:29:48.309,23611,23613,23611,2,-2
2024-07-04 15:29:48.309,23611,23613,23611,1,-1
2024-07-04 15:29:48.353,23610,23612,23612,1,1
2024-07-04 15:29:49.352,23610,23612,23612,1,1
2024-07-04 15:29:53.768,23609,23611,23611,1,1
2024-07-04 15:29:56.069,23609,23611,23611,1,1
2024-07-04 15:30:00.127,23609,23611,23611,1,1
2024-07-04 15:30:00.127,23609,23611,23611,2,2
2024-07-04 15:30:00.455,23610,23612,23612,1,1
2024-07-04 15:30:00.527,23612,23614,23612,1,-1
2024-07-04 15:30:03.653,23611,23613,23613,1,1
2024-07-04 15:30:03.653,23611,23613,23614,1,1
2024-07-04 15:30:04.120,23613,23615,23613,1,-1
2024-07-04 15:30:09.627,23612,23613,23612,1,-1
2024-07-04 15:30:10.490,23611,23613,23611,1,-1
2024-07-04 15:30:10.490,23611,23613,23611,1,-1
2024-07-04 15:30:10.588,23611,23613,23610,1,-1
2024-07-04 15:30:14.518,23608,23609,23608,1,-1
2024-07-04 15:30:14.519,23608,23609,23608,2,-2
2024-07-04 15:30:15.668,23607,23609,23607,1,-1
2024-07-04 15:30:15.676,23607,23609,23607,1,-1
2024-07-04 15:30:15.678,23607,23609,23607,1,-1
2024-07-04 15:30:15.679,23607,23609,23607,1,-1
2024-07-04 15:30:16.139,23607,23608,23608,1,1
2024-07-04 15:30:16.754,23607,23608,23608,1,1
2024-07-04 15:30:20.728,23609,23610,23609,1,-1
2024-07-04 15:30:20.856,23609,23610,23609,1,-1
2024-07-04 15:30:21.344,23608,23610,23610,1,1
2024-07-04 15:30:22.958,23610,23612,23612,1,1
2024-07-04 15:30:23.668,23610,23613,23613,1,1
2024-07-04 15:30:23.692,23610,23613,23613,1,1
2024-07-04 15:30:23.706,23610,23613,23614,1,1
2024-07-04 15:30:23.707,23610,23613,23615,1,1
2024-07-04 15:30:23.917,23613,23615,23612,1,-1
2024-07-04 15:30:47.757,23610,23611,23610,1,-1
2024-07-04 15:30:47.763,23610,23611,23611,4,4
2024-07-04 15:30:56.800,23609,23610,23610,2,2
2024-07-04 15:30:56.800,23609,23610,23611,2,2
2024-07-04 15:30:57.909,23609,23611,23609,1,-1
2024-07-04 15:31:01.003,23610,23611,23611,1,1
2024-07-04 15:31:04.509,23608,23611,23608,1,-1
2024-07-04 15:31:05.793,23608,23609,23608,1,-1
2024-07-04 15:31:06.226,23607,23609,23607,1,-1
2024-07-04 15:31:08.841,23607,23609,23609,1,1
2024-07-04 15:31:10.248,23607,23608,23608,1,1
2024-07-04 15:31:10.310,23607,23608,23608,1,1
2024-07-04 15:31:17.669,23607,23608,23608,1,1
2024-07-04 15:31:30.981,23607,23609,23609,1,1
2024-07-04 15:31:30.981,23607,23609,23610,4,4
2024-07-04 15:31:34.306,23607,23609,23609,1,1
2024-07-04 15:31:35.949,23607,23609,23607,1,-1
2024-07-04 15:31:38.722,23606,23608,23606,2,-2
2024-07-04 15:31:38.722,23606,23608,23606,1,-1
2024-07-04 15:31:38.723,23606,23608,23606,1,-1
2024-07-04 15:31:38.723,23606,23608,23606,1,-1
2024-07-04 15:31:38.723,23606,23608,23606,4,-4
2024-07-04 15:31:43.693,23606,23608,23608,1,1
2024-07-04 15:31:45.451,23607,23609,23609,1,1
2024-07-04 15:31:45.451,23607,23609,23609,4,4
2024-07-04 15:31:54.084,23607,23609,23607,1,-1
2024-07-04 15:31:58.623,23606,23607,23606,1,-1
2024-07-04 15:32:01.367,23607,23609,23607,1,-1
2024-07-04 15:32:02.677,23608,23610,23610,1,1
2024-07-04 15:32:12.684,23607,23610,23608,1,-1
2024-07-04 15:32:20.777,23608,23610,23608,1,-1
2024-07-04 15:32:27.738,23607,23609,23607,2,-2
2024-07-04 15:32:35.463,23606,23609,23606,1,-1
2024-07-04 15:32:36.107,23607,23609,23607,1,-1
2024-07-04 15:32:36.128,23607,23609,23607,1,-1
2024-07-04 15:32:36.128,23607,23609,23608,2,-2
2024-07-04 15:32:38.140,23607,23609,23607,2,-2
2024-07-04 15:32:44.698,23607,23609,23609,1,1
2024-07-04 15:32:51.744,23608,23610,23608,1,-1
2024-07-04 15:32:57.241,23608,23609,23609,1,1
2024-07-04 15:32:58.058,23609,23610,23609,1,-1
2024-07-04 15:33:01.246,23609,23610,23610,1,1
2024-07-04 15:33:01.247,23609,23610,23610,1,1
2024-07-04 15:33:08.277,23609,23611,23611,1,1
2024-07-04 15:33:11.841,23610,23611,23610,1,-1
2024-07-04 15:33:14.591,23608,23611,23611,1,1
2024-07-04 15:33:15.672,23608,23610,23608,1,-1
2024-07-04 15:33:16.948,23607,23610,23610,3,3
2024-07-04 15:33:16.948,23607,23610,23610,2,2
2024-07-04 15:33:27.608,23609,23610,23610,1,1
2024-07-04 15:33:35.790,23609,23612,23612,1,1
2024-07-04 15:33:36.322,23609,23610,23610,1,1
2024-07-04 15:33:37.630,23610,23612,23610,1,-1
2024-07-04 15:33:41.096,23610,23612,23610,1,-1
2024-07-04 15:33:46.191,23611,23612,23612,1,1
2024-07-04 15:33:46.192,23611,23612,23612,2,2
2024-07-04 15:33:46.192,23611,23612,23612,1,1
2024-07-04 15:33:46.192,23611,23612,23612,5,5
2024-07-04 15:33:46.192,23611,23612,23612,2,2
2024-07-04 15:33:50.947,23611,23612,23611,4,-4
2024-07-04 15:33:50.947,23611,23612,23610,1,-1
2024-07-04 15:33:50.959,23611,23612,23612,1,1
2024-07-04 15:33:50.961,23611,23612,23612,1,1
2024-07-04 15:33:57.021,23610,23612,23612,2,2
2024-07-04 15:34:00.112,23612,23613,23613,1,1
2024-07-04 15:34:02.626,23612,23613,23613,1,1
2024-07-04 15:34:07.342,23613,23614,23613,1,-1
2024-07-04 15:34:12.323,23613,23614,23614,2,2
2024-07-04 15:34:12.342,23614,23615,23614,1,-1
2024-07-04 15:34:18.134,23614,23615,23614,1,-1
2024-07-04 15:34:20.572,23613,23615,23613,1,-1
2024-07-04 15:34:21.073,23613,23615,23615,1,1
2024-07-04 15:34:24.459,23613,23615,23615,1,1
2024-07-04 15:34:40.172,23615,23616,23615,3,-3
2024-07-04 15:34:47.252,23614,23615,23614,2,-2
2024-07-04 15:34:47.274,23614,23615,23614,1,-1
2024-07-04 15:34:48.031,23613,23615,23615,1,1
2024-07-04 15:34:55.750,23613,23615,23615,1,1
2024-07-04 15:35:00.139,23614,23616,23614,1,-1
2024-07-04 15:35:00.140,23614,23616,23614,1,-1
2024-07-04 15:35:04.057,23613,23614,23613,1,-1
2024-07-04 15:35:04.057,23613,23614,23613,2,-2
2024-07-04 15:35:31.423,23613,23614,23613,1,-1
2024-07-04 15:35:31.424,23613,23614,23613,1,-1
2024-07-04 15:35:37.888,23612,23613,23612,1,-1
2024-07-04 15:35:47.262,23610,23612,23612,1,1
2024-07-04 15:35:49.781,23610,23613,23610,1,-1
2024-07-04 15:36:08.338,23611,23612,23611,2,-2
2024-07-04 15:36:08.338,23611,23612,23611,1,-1
2024-07-04 15:36:08.338,23611,23612,23611,2,-2
2024-07-04 15:36:08.341,23610,23611,23610,1,-1
2024-07-04 15:36:08.656,23610,23611,23610,1,-1
2024-07-04 15:36:11.064,23609,23611,23609,1,-1
2024-07-04 15:36:19.128,23609,23611,23609,7,-7
2024-07-04 15:36:19.128,23609,23611,23609,1,-1
2024-07-04 15:36:19.128,23609,23611,23609,3,-3
2024-07-04 15:36:19.128,23609,23611,23609,2,-2
2024-07-04 15:36:19.128,23609,23611,23609,2,-2
2024-07-04 15:36:19.128,23609,23611,23609,2,-2
2024-07-04 15:36:19.149,23609,23611,23609,3,-3
2024-07-04 15:36:21.960,23607,23608,23607,3,-3
2024-07-04 15:36:24.899,23606,23607,23607,2,2
2024-07-04 15:36:28.644,23606,23608,23608,1,1
2024-07-04 15:36:33.695,23606,23609,23606,1,-1
2024-07-04 15:36:35.958,23606,23609,23606,1,-1
2024-07-04 15:36:36.621,23605,23608,23605,4,-4
2024-07-04 15:36:36.731,23605,23607,23605,1,-1
2024-07-04 15:36:36.731,23605,23607,23605,1,-1
2024-07-04 15:36:39.890,23604,23607,23604,1,-1
2024-07-04 15:36:40.448,23604,23607,23607,1,1
2024-07-04 15:36:43.923,23605,23607,23605,1,-1
2024-07-04 15:36:44.149,23604,23606,23604,1,-1
2024-07-04 15:36:56.214,23605,23607,23607,1,1
2024-07-04 15:37:02.944,23607,23608,23608,1,1
2024-07-04 15:37:03.800,23607,23609,23607,1,-1
2024-07-04 15:37:13.389,23608,23609,23609,1,1
2024-07-04 15:37:13.389,23608,23609,23610,1,1
2024-07-04 15:37:13.470,23608,23611,23608,1,-1
2024-07-04 15:37:13.730,23608,23610,23610,1,1
2024-07-04 15:37:13.919,23608,23610,23608,3,-3
2024-07-04 15:37:29.713,23607,23608,23607,1,-1
2024-07-04 15:37:29.713,23607,23608,23607,1,-1
2024-07-04 15:37:32.746,23606,23607,23607,1,1
2024-07-04 15:37:39.975,23606,23607,23607,1,1
2024-07-04 15:37:39.977,23606,23607,23607,1,1
2024-07-04 15:37:39.977,23606,23607,23607,1,1
2024-07-04 15:37:43.534,23606,23608,23607,1,1
2024-07-04 15:37:53.434,23606,23608,23606,1,-1
2024-07-04 15:37:53.434,23606,23608,23606,2,-2
2024-07-04 15:38:00.207,23605,23606,23605,1,-1
2024-07-04 15:38:00.486,23605,23606,23606,1,1
2024-07-04 15:38:00.486,23605,23606,23606,1,1
2024-07-04 15:38:01.454,23606,23607,23607,1,1
2024-07-04 15:38:02.732,23606,23607,23606,1,-1
2024-07-04 15:38:03.416,23606,23607,23607,1,1
2024-07-04 15:38:03.416,23606,23607,23608,1,1
2024-07-04 15:38:06.100,23607,23609,23607,1,-1
2024-07-04 15:38:10.642,23606,23608,23606,1,-1
2024-07-04 15:38:21.310,23607,23609,23609,1,1
2024-07-04 15:38:53.639,23608,23610,23608,1,-1
2024-07-04 15:38:55.915,23608,23610,23609,1,-1
2024-07-04 15:38:55.915,23608,23610,23609,1,-1
2024-07-04 15:39:06.325,23608,23609,23609,1,1
2024-07-04 15:39:06.601,23608,23609,23609,1,1
2024-07-04 15:39:10.359,23608,23610,23610,1,1
2024-07-04 15:39:10.417,23608,23610,23608,1,-1
2024-07-04 15:39:24.115,23609,23610,23609,1,-1
2024-07-04 15:39:25.236,23608,23610,23610,2,2
2024-07-04 15:39:29.072,23609,23611,23609,1,-1
2024-07-04 15:39:29.556,23608,23610,23610,1,1
2024-07-04 15:39:31.682,23609,23610,23609,1,-1
2024-07-04 15:39:31.683,23609,23610,23609,1,-1
2024-07-04 15:39:33.789,23608,23609,23609,1,1
2024-07-04 15:39:40.972,23608,23610,23608,2,-2
2024-07-04 15:39:44.302,23607,23608,23607,1,-1
2024-07-04 15:39:46.968,23606,23608,23606,1,-1
2024-07-04 15:39:57.023,23607,23608,23608,1,1
2024-07-04 15:40:00.073,23607,23608,23608,1,1
2024-07-04 15:40:12.073,23608,23609,23608,1,-1
2024-07-04 15:40:12.223,23607,23609,23607,1,-1
2024-07-04 15:40:30.549,23608,23610,23608,1,-1
2024-07-04 15:40:31.056,23609,23610,23610,9,9
2024-07-04 15:40:31.056,23609,23610,23610,3,3
2024-07-04 15:40:31.056,23609,23610,23610,3,3
2024-07-04 15:40:31.056,23609,23610,23610,1,1
2024-07-04 15:40:31.057,23609,23610,23610,1,1
2024-07-04 15:40:31.057,23609,23610,23610,9,9
2024-07-04 15:40:31.057,23609,23610,23610,1,1
2024-07-04 15:40:31.057,23609,23610,23610,1,1
2024-07-04 15:40:31.057,23609,23610,23610,1,1
2024-07-04 15:40:31.057,23609,23610,23610,1,1
2024-07-04 15:40:31.057,23609,23610,23610,1,1
2024-07-04 15:40:31.361,23609,23611,23609,1,-1
2024-07-04 15:40:36.124,23609,23610,23609,1,-1
2024-07-04 15:40:38.185,23608,23609,23608,1,-1
2024-07-04 15:40:39.227,23607,23609,23609,1,1
2024-07-04 15:40:52.481,23608,23609,23609,1,1
2024-07-04 15:41:06.393,23608,23610,23610,1,1
2024-07-04 15:41:12.681,23608,23610,23608,1,-1
2024-07-04 15:41:21.435,23608,23610,23610,1,1
2024-07-04 15:41:30.484,23610,23611,23611,1,1
2024-07-04 15:41:34.249,23611,23612,23612,1,1
2024-07-04 15:41:34.310,23611,23612,23611,3,-3
2024-07-04 15:41:43.635,23610,23612,23612,3,3
2024-07-04 15:41:43.649,23610,23612,23610,1,-1
2024-07-04 15:41:52.949,23608,23610,23610,1,1
2024-07-04 15:42:00.565,23608,23610,23608,3,-3
2024-07-04 15:42:09.916,23609,23611,23610,1,-1
2024-07-04 15:42:12.405,23608,23610,23608,1,-1
2024-07-04 15:42:30.837,23607,23609,23607,1,-1
2024-07-04 15:42:30.858,23607,23608,23608,1,1
2024-07-04 15:42:37.991,23607,23608,23608,1,1
2024-07-04 15:42:42.178,23607,23608,23607,2,-2
2024-07-04 15:42:54.567,23606,23608,23608,1,1
2024-07-04 15:43:03.040,23607,23608,23607,2,-2
2024-07-04 15:43:06.246,23606,23608,23606,6,-6
2024-07-04 15:43:06.247,23606,23608,23605,14,-14
2024-07-04 15:43:06.267,23606,23608,23605,4,-4
2024-07-04 15:43:10.298,23604,23607,23605,1,-1
2024-07-04 15:43:25.178,23606,23607,23607,1,1
2024-07-04 15:43:27.428,23606,23608,23606,2,-2
2024-07-04 15:43:29.507,23606,23608,23608,19,19
2024-07-04 15:43:29.507,23606,23608,23609,6,6
2024-07-04 15:43:30.633,23608,23609,23608,1,-1
2024-07-04 15:43:31.313,23608,23609,23609,6,6
2024-07-04 15:43:31.313,23608,23609,23609,5,5
2024-07-04 15:43:31.314,23608,23609,23610,1,1
2024-07-04 15:43:35.584,23609,23611,23613,1,1
2024-07-04 15:43:36.324,23611,23613,23611,1,-1
2024-07-04 15:43:42.959,23612,23613,23612,1,-1
2024-07-04 15:43:42.959,23612,23613,23612,1,-1
2024-07-04 15:43:47.560,23613,23614,23613,1,-1
2024-07-04 15:43:50.014,23612,23614,23613,1,-1
2024-07-04 15:43:56.294,23612,23614,23614,4,4
2024-07-04 15:44:01.281,23613,23614,23614,1,1
2024-07-04 15:44:04.610,23614,23615,23614,1,-1
2024-07-04 15:44:10.454,23612,23614,23612,1,-1
2024-07-04 15:44:13.312,23612,23614,23613,1,-1
2024-07-04 15:44:18.618,23612,23614,23612,1,-1
2024-07-04 15:44:18.618,23612,23614,23612,1,-1
2024-07-04 15:44:23.761,23611,23614,23611,1,-1
2024-07-04 15:44:36.740,23612,23614,23612,3,-3
2024-07-04 15:44:47.088,23611,23613,23612,1,-1
2024-07-04 15:44:47.088,23611,23613,23612,1,-1
2024-07-04 15:45:10.735,23611,23613,23611,1,-1
2024-07-04 15:45:11.306,23611,23613,23611,1,-1
2024-07-04 15:45:14.456,23613,23614,23613,1,-1
2024-07-04 15:45:15.509,23612,23614,23612,1,-1
2024-07-04 15:45:20.735,23613,23614,23614,1,1
2024-07-04 15:45:20.735,23613,23614,23614,2,2
2024-07-04 15:45:20.735,23613,23614,23614,1,1
2024-07-04 15:45:20.906,23614,23615,23614,3,-3
2024-07-04 15:45:25.666,23614,23615,23614,1,-1
2024-07-04 15:45:30.732,23613,23615,23613,1,-1
2024-07-04 15:45:36.331,23613,23614,23613,1,-1
2024-07-04 15:45:38.603,23611,23614,23611,2,-2
2024-07-04 15:46:01.534,23613,23614,23613,1,-1
2024-07-04 15:46:01.534,23613,23614,23613,1,-1
2024-07-04 15:46:01.605,23612,23614,23614,1,1
2024-07-04 15:46:01.605,23612,23614,23614,1,1
2024-07-04 15:46:09.160,23612,23614,23614,2,2
2024-07-04 15:46:09.218,23613,23615,23615,1,1
2024-07-04 15:46:09.218,23613,23615,23615,1,1
2024-07-04 15:46:09.705,23613,23615,23615,8,8
2024-07-04 15:46:09.706,23613,23615,23615,1,1
2024-07-04 15:46:09.706,23613,23615,23615,2,2
2024-07-04 15:46:09.706,23613,23615,23615,1,1
2024-07-04 15:46:09.706,23613,23615,23615,1,1
2024-07-04 15:46:09.706,23613,23615,23615,1,1
2024-07-04 15:46:09.706,23613,23615,23615,1,1
2024-07-04 15:46:09.707,23613,23615,23615,1,1
2024-07-04 15:46:09.714,23614,23615,23615,1,1
2024-07-04 15:46:09.729,23614,23615,23615,1,1
2024-07-04 15:46:10.387,23614,23616,23614,1,-1
2024-07-04 15:46:10.467,23614,23616,23616,1,1
2024-07-04 15:46:10.468,23614,23616,23616,1,1
2024-07-04 15:46:10.468,23614,23616,23617,1,1
2024-07-04 15:46:10.468,23614,23616,23617,1,1
2024-07-04 15:46:10.468,23614,23616,23617,1,1
2024-07-04 15:46:10.468,23614,23616,23617,1,1
2024-07-04 15:46:10.473,23614,23616,23617,1,1
2024-07-04 15:46:16.955,23614,23615,23615,1,1
2024-07-04 15:46:20.858,23614,23616,23614,1,-1
2024-07-04 15:46:22.941,23615,23617,23617,4,4
2024-07-04 15:46:22.967,23615,23617,23617,1,1
2024-07-04 15:46:22.967,23615,23617,23618,1,1
2024-07-04 15:46:22.968,23615,23617,23618,1,1
2024-07-04 15:46:22.968,23615,23617,23618,1,1
2024-07-04 15:46:22.968,23615,23617,23618,1,1
2024-07-04 15:46:26.503,23614,23617,23617,1,1
2024-07-04 15:46:38.117,23615,23616,23615,1,-1
2024-07-04 15:46:38.216,23614,23616,23616,1,1
2024-07-04 15:46:38.217,23614,23616,23616,1,1
2024-07-04 15:46:38.217,23614,23616,23616,1,1
2024-07-04 15:46:38.218,23614,23616,23617,1,1
2024-07-04 15:46:38.218,23614,23616,23617,1,1
2024-07-04 15:46:38.219,23614,23616,23617,1,1
2024-07-04 15:46:45.710,23615,23618,23618,1,1
2024-07-04 15:46:57.174,23616,23618,23618,1,1
2024-07-04 15:46:59.208,23616,23618,23618,1,1
2024-07-04 15:47:02.308,23617,23618,23618,2,2
2024-07-04 15:47:10.367,23617,23618,23617,1,-1
2024-07-04 15:47:11.792,23617,23618,23617,1,-1
2024-07-04 15:47:21.975,23616,23617,23617,1,1
2024-07-04 15:47:30.682,23617,23618,23617,1,-1
2024-07-04 15:47:38.057,23615,23617,23617,1,1
2024-07-04 15:47:40.534,23616,23617,23617,1,1
2024-07-04 15:47:41.363,23616,23617,23616,1,-1
2024-07-04 15:47:42.160,23615,23617,23617,2,2
2024-07-04 15:47:50.673,23616,23617,23617,1,1
2024-07-04 15:47:50.731,23616,23617,23616,1,-1
2024-07-04 15:48:00.662,23616,23617,23616,2,-2
2024-07-04 15:48:00.899,23615,23616,23615,1,-1
2024-07-04 15:48:00.899,23615,23616,23615,2,-2
2024-07-04 15:48:00.899,23615,23616,23615,2,-2
2024-07-04 15:48:00.900,23615,23616,23615,1,-1
2024-07-04 15:48:11.368,23614,23617,23614,1,-1
2024-07-04 15:48:15.692,23615,23617,23615,1,-1
2024-07-04 15:48:21.252,23615,23617,23615,1,-1
2024-07-04 15:48:29.743,23615,23617,23615,1,-1
2024-07-04 15:48:31.624,23615,23617,23615,2,-2
2024-07-04 15:48:39.115,23614,23616,23616,1,1
2024-07-04 15:49:00.623,23613,23615,23615,1,1
2024-07-04 15:49:07.485,23613,23616,23613,1,-1
2024-07-04 15:49:31.203,23614,23616,23615,1,-1
2024-07-04 15:49:38.167,23615,23616,23615,2,-2
2024-07-04 15:49:51.967,23615,23616,23615,1,-1
2024-07-04 15:49:53.974,23614,23616,23614,1,-1
2024-07-04 15:50:05.234,23615,23616,23615,2,-2
2024-07-04 15:50:09.810,23615,23616,23616,1,1
2024-07-04 15:50:09.810,23615,23616,23616,1,1
2024-07-04 15:50:09.811,23615,23616,23616,1,1
2024-07-04 15:50:11.684,23615,23617,23616,1,1
2024-07-04 15:50:11.796,23615,23617,23617,1,1
2024-07-04 15:50:21.968,23616,23617,23617,3,3
2024-07-04 15:50:22.913,23616,23617,23617,1,1
2024-07-04 15:50:22.913,23616,23617,23618,3,3
2024-07-04 15:50:26.887,23617,23618,23618,1,1
2024-07-04 15:50:26.887,23617,23618,23618,3,3
2024-07-04 15:50:28.134,23618,23620,23620,1,1
2024-07-04 15:50:28.134,23618,23620,23620,1,1
2024-07-04 15:50:28.134,23618,23620,23620,6,6
2024-07-04 15:50:28.134,23618,23620,23620,3,3
2024-07-04 15:50:28.255,23619,23621,23621,1,1
2024-07-04 15:50:30.766,23620,23621,23620,1,-1
2024-07-04 15:50:34.806,23620,23621,23621,1,1
2024-07-04 15:50:35.325,23620,23621,23620,2,-2
2024-07-04 15:50:35.326,23620,23621,23620,2,-2
2024-07-04 15:50:35.843,23619,23621,23621,2,2
2024-07-04 15:50:39.323,23620,23621,23620,1,-1
2024-07-04 15:50:43.840,23619,23620,23620,1,1
2024-07-04 15:50:43.840,23619,23620,23619,5,-5
2024-07-04 15:50:48.015,23619,23621,23621,1,1
2024-07-04 15:50:56.075,23620,23621,23620,5,-5
2024-07-04 15:50:58.808,23619,23621,23621,4,4
2024-07-04 15:50:58.808,23619,23621,23621,2,2
2024-07-04 15:50:58.808,23619,23621,23622,2,2
2024-07-04 15:50:58.808,23619,23621,23622,4,4
2024-07-04 15:50:58.808,23619,23621,23622,2,2
2024-07-04 15:50:59.769,23622,23623,23622,1,-1
2024-07-04 15:51:00.280,23622,23623,23623,1,1
2024-07-04 15:51:01.638,23622,23623,23623,1,1
2024-07-04 15:51:01.640,23622,23623,23623,1,1
2024-07-04 15:51:01.641,23622,23623,23623,1,1
2024-07-04 15:51:01.855,23623,23624,23624,1,1
2024-07-04 15:51:01.863,23623,23624,23623,4,-4
2024-07-04 15:51:10.159,23622,23623,23623,1,1
2024-07-04 15:51:10.491,23622,23623,23622,1,-1
2024-07-04 15:51:11.894,23622,23623,23622,1,-1
2024-07-04 15:51:12.245,23622,23623,23623,2,2
2024-07-04 15:51:22.313,23621,23623,23623,1,1
2024-07-04 15:51:33.731,23622,23623,23623,4,4
2024-07-04 15:51:43.034,23622,23623,23623,1,1
2024-07-04 15:51:46.240,23623,23624,23624,2,2
2024-07-04 15:51:46.240,23623,23624,23624,1,1
2024-07-04 15:51:51.708,23624,23625,23624,1,-1
2024-07-04 15:51:52.862,23623,23624,23624,1,1
2024-07-04 15:51:56.396,23624,23625,23624,1,-1
2024-07-04 15:51:57.923,23623,23625,23625,2,2
2024-07-04 15:52:00.391,23623,23625,23623,1,-1
2024-07-04 15:52:00.677,23623,23625,23625,1,1
2024-07-04 15:52:04.075,23624,23625,23625,4,4
2024-07-04 15:52:04.103,23625,23626,23626,2,2
2024-07-04 15:52:04.920,23625,23626,23626,7,7
2024-07-04 15:52:05.208,23626,23627,23626,1,-1
2024-07-04 15:52:06.467,23626,23627,23626,3,-3
2024-07-04 15:52:09.648,23626,23627,23627,1,1
2024-07-04 15:52:09.914,23626,23627,23627,1,1
2024-07-04 15:52:11.742,23626,23627,23626,1,-1
2024-07-04 15:52:20.419,23626,23627,23626,1,-1
2024-07-04 15:52:20.581,23626,23627,23627,1,1
2024-07-04 15:52:20.592,23626,23627,23627,1,1
2024-07-04 15:52:24.112,23626,23627,23626,2,-2
2024-07-04 15:52:24.153,23626,23627,23627,1,1
2024-07-04 15:52:24.391,23626,23627,23626,3,-3
2024-07-04 15:52:26.407,23625,23627,23627,1,1
2024-07-04 15:52:30.711,23625,23627,23625,1,-1
2024-07-04 15:52:31.018,23625,23626,23625,15,-15
2024-07-04 15:52:33.111,23624,23625,23624,1,-1
2024-07-04 15:52:35.581,23623,23625,23623,2,-2
2024-07-04 15:52:35.789,23622,23625,23625,1,1
2024-07-04 15:52:39.098,23624,23625,23625,2,2
2024-07-04 15:52:42.657,23624,23626,23626,2,2
2024-07-04 15:52:44.271,23625,23626,23625,1,-1
2024-07-04 15:52:53.343,23625,23626,23626,1,1
2024-07-04 15:52:53.343,23625,23626,23626,1,1
2024-07-04 15:52:53.343,23625,23626,23626,1,1
2024-07-04 15:52:53.344,23625,23626,23626,1,1
2024-07-04 15:52:53.526,23625,23627,23627,1,1
2024-07-04 15:52:57.365,23625,23626,23626,1,1
2024-07-04 15:52:59.477,23626,23627,23627,2,2
2024-07-04 15:52:59.477,23626,23627,23627,1,1
2024-07-04 15:52:59.477,23626,23627,23627,2,2
2024-07-04 15:52:59.478,23626,23627,23627,1,1
2024-07-04 15:53:01.173,23626,23627,23627,5,5
2024-07-04 15:53:01.396,23626,23627,23627,4,4
2024-07-04 15:53:01.396,23626,23627,23628,1,1
2024-07-04 15:53:01.618,23626,23628,23628,5,5
2024-07-04 15:53:02.967,23626,23628,23628,4,4
2024-07-04 15:53:02.967,23626,23628,23629,1,1
2024-07-04 15:53:05.431,23627,23628,23628,1,1
2024-07-04 15:53:07.033,23627,23629,23629,1,1
2024-07-04 15:53:09.823,23628,23629,23628,3,-3
2024-07-04 15:53:09.823,23628,23629,23627,10,-10
2024-07-04 15:53:10.258,23626,23629,23626,1,-1
2024-07-04 15:53:12.265,23628,23629,23629,1,1
2024-07-04 15:53:13.698,23628,23629,23629,1,1
2024-07-04 15:53:16.342,23628,23629,23628,1,-1
2024-07-04 15:53:20.811,23628,23629,23628,1,-1
2024-07-04 15:53:20.811,23628,23629,23628,4,-4
2024-07-04 15:53:21.032,23627,23629,23627,1,-1
2024-07-04 15:53:26.152,23625,23627,23627,1,1
2024-07-04 15:53:28.078,23625,23626,23626,1,1
2024-07-04 15:53:34.589,23627,23628,23627,1,-1
2024-07-04 15:53:38.127,23626,23627,23626,2,-2
2024-07-04 15:53:38.127,23626,23627,23626,1,-1
2024-07-04 15:53:44.255,23625,23626,23625,1,-1
2024-07-04 15:53:44.255,23625,23626,23625,1,-1
2024-07-04 15:53:52.592,23625,23626,23625,1,-1
2024-07-04 15:53:52.973,23624,23625,23624,1,-1
2024-07-04 15:53:52.974,23624,23625,23624,2,-2
2024-07-04 15:54:03.041,23623,23625,23623,1,-1
2024-07-04 15:54:06.138,23623,23625,23623,1,-1
2024-07-04 15:54:08.812,23622,23624,23622,1,-1
2024-07-04 15:54:10.110,23622,23624,23624,1,1
2024-07-04 15:54:10.230,23622,23624,23622,1,-1
2024-07-04 15:54:11.312,23622,23624,23622,2,-2
2024-07-04 15:54:11.778,23622,23624,23622,2,-2
2024-07-04 15:54:14.922,23622,23623,23622,1,-1
2024-07-04 15:54:15.550,23621,23622,23621,1,-1
2024-07-04 15:54:15.795,23621,23622,23621,1,-1
2024-07-04 15:54:17.922,23620,23622,23620,2,-2
2024-07-04 15:54:28.940,23620,23621,23621,3,3
2024-07-04 15:54:30.828,23620,23622,23620,1,-1
2024-07-04 15:54:41.770,23620,23621,23621,1,1
2024-07-04 15:54:41.771,23620,23621,23621,1,1
2024-07-04 15:54:43.210,23621,23622,23622,1,1
2024-07-04 15:54:45.038,23622,23623,23622,1,-1
2024-07-04 15:54:48.540,23622,23623,23622,1,-1
2024-07-04 15:54:52.347,23620,23622,23622,1,1
2024-07-04 15:54:57.970,23621,23622,23622,1,1
2024-07-04 15:55:00.788,23621,23622,23621,1,-1
2024-07-04 15:55:10.397,23621,23622,23621,1,-1
2024-07-04 15:55:10.455,23621,23622,23620,1,-1
2024-07-04 15:55:14.775,23620,23622,23622,3,3
2024-07-04 15:55:14.883,23621,23623,23621,1,-1
2024-07-04 15:55:16.347,23620,23622,23620,1,-1
2024-07-04 15:55:21.167,23620,23622,23620,1,-1
2024-07-04 15:55:23.400,23620,23621,23620,4,-4
2024-07-04 15:55:23.400,23620,23621,23620,1,-1
2024-07-04 15:55:25.405,23619,23620,23619,3,-3
2024-07-04 15:55:25.405,23619,23620,23619,1,-1
2024-07-04 15:55:27.035,23618,23620,23618,1,-1
2024-07-04 15:55:33.541,23619,23620,23620,1,1
2024-07-04 15:55:34.017,23619,23620,23619,1,-1
2024-07-04 15:55:49.895,23621,23622,23622,2,2
2024-07-04 15:55:55.939,23622,23623,23623,1,1
2024-07-04 15:55:59.596,23624,23625,23625,1,1
2024-07-04 15:56:00.619,23624,23625,23625,1,1
2024-07-04 15:56:00.743,23625,23626,23626,1,1
2024-07-04 15:56:05.494,23626,23627,23626,1,-1
2024-07-04 15:56:06.070,23626,23627,23627,4,4
2024-07-04 15:56:06.070,23626,23627,23628,2,2
2024-07-04 15:56:06.184,23626,23628,23628,1,1
2024-07-04 15:56:09.037,23627,23628,23627,1,-1
2024-07-04 15:56:11.142,23627,23628,23627,1,-1
2024-07-04 15:56:11.674,23627,23628,23627,1,-1
2024-07-04 15:56:22.079,23627,23628,23627,1,-1
2024-07-04 15:56:30.029,23627,23628,23627,3,-3
2024-07-04 15:56:30.029,23627,23628,23627,2,-2
2024-07-04 15:56:30.267,23626,23628,23626,1,-1
2024-07-04 15:56:33.902,23626,23628,23628,1,1
2024-07-04 15:56:34.465,23627,23628,23628,2,2
2024-07-04 15:56:34.465,23627,23628,23628,1,1
2024-07-04 15:56:34.466,23627,23628,23628,2,2
2024-07-04 15:56:38.107,23628,23629,23628,3,-3
2024-07-04 15:56:38.272,23628,23629,23629,1,1
2024-07-04 15:56:39.560,23628,23629,23629,1,1
2024-07-04 15:56:49.284,23628,23629,23629,4,4
2024-07-04 15:56:52.037,23628,23629,23628,1,-1
2024-07-04 15:56:54.174,23628,23629,23628,2,-2
2024-07-04 15:57:01.691,23627,23628,23628,1,1
2024-07-04 15:57:02.597,23628,23629,23628,3,-3
2024-07-04 15:57:02.597,23628,23629,23627,1,-1
2024-07-04 15:57:15.356,23628,23629,23628,2,-2
2024-07-04 15:57:15.881,23628,23629,23628,2,-2
2024-07-04 15:57:15.881,23628,23629,23628,1,-1
2024-07-04 15:57:27.850,23627,23628,23628,4,4
2024-07-04 15:57:31.884,23627,23629,23627,1,-1
2024-07-04 15:57:34.033,23627,23628,23627,1,-1
2024-07-04 15:57:35.978,23627,23628,23628,12,12
2024-07-04 15:57:38.803,23628,23629,23628,1,-1
2024-07-04 15:57:38.803,23628,23629,23628,1,-1
2024-07-04 15:57:55.184,23627,23628,23628,2,2
2024-07-04 15:57:55.185,23627,23628,23628,3,3
2024-07-04 15:57:55.185,23627,23628,23628,3,3
2024-07-04 15:57:56.808,23628,23629,23628,1,-1
2024-07-04 15:57:57.210,23627,23629,23627,1,-1
2024-07-04 15:58:02.596,23627,23628,23628,1,1
2024-07-04 15:58:03.096,23627,23629,23629,10,10
2024-07-04 15:58:03.097,23627,23629,23630,2,2
2024-07-04 15:58:03.098,23627,23629,23630,2,2
2024-07-04 15:58:03.098,23627,23629,23630,1,1
2024-07-04 15:58:03.099,23627,23629,23630,3,3
2024-07-04 15:58:03.099,23627,23629,23630,2,2
2024-07-04 15:58:03.099,23627,23629,23630,2,2
2024-07-04 15:58:03.099,23627,23629,23630,4,4
2024-07-04 15:58:03.099,23627,23629,23630,1,1
2024-07-04 15:58:03.671,23630,23631,23631,1,1
2024-07-04 15:58:03.758,23630,23631,23631,1,1
2024-07-04 15:58:03.830,23630,23631,23631,1,1
2024-07-04 15:58:03.936,23630,23631,23631,1,1
2024-07-04 15:58:03.983,23630,23631,23631,1,1
2024-07-04 15:58:04.026,23630,23631,23631,1,1
2024-07-04 15:58:04.234,23630,23631,23631,1,1
2024-07-04 15:58:04.782,23630,23631,23630,1,-1
2024-07-04 15:58:07.068,23630,23631,23631,1,1
2024-07-04 15:58:07.069,23630,23631,23631,1,1
2024-07-04 15:58:07.070,23630,23631,23631,3,3
2024-07-04 15:58:07.720,23631,23632,23632,1,1
2024-07-04 15:58:08.975,23631,23632,23631,1,-1
2024-07-04 15:58:08.990,23631,23632,23632,5,5
2024-07-04 15:58:10.292,23630,23632,23630,1,-1
2024-07-04 15:58:12.002,23631,23632,23632,4,4
2024-07-04 15:58:12.155,23632,23633,23633,1,1
2024-07-04 15:58:12.155,23632,23633,23633,1,1
2024-07-04 15:58:12.156,23632,23633,23633,2,2
2024-07-04 15:58:12.156,23632,23633,23633,2,2
2024-07-04 15:58:12.158,23632,23633,23633,2,2
2024-07-04 15:58:15.350,23632,23633,23632,1,-1
2024-07-04 15:58:15.351,23632,23633,23632,10,-10
2024-07-04 15:58:15.351,23632,23633,23632,2,-2
2024-07-04 15:58:16.031,23630,23632,23630,1,-1
2024-07-04 15:58:19.710,23632,23633,23632,1,-1
2024-07-04 15:58:21.698,23632,23633,23633,4,4
2024-07-04 15:58:22.184,23632,23634,23632,1,-1
2024-07-04 15:58:22.185,23632,23634,23632,1,-1
2024-07-04 15:58:37.039,23632,23634,23634,1,1
2024-07-04 15:58:37.162,23632,23634,23634,2,2
2024-07-04 15:58:37.175,23632,23634,23634,1,1
2024-07-04 15:58:43.247,23632,23634,23633,1,1
2024-07-04 15:58:45.853,23632,23634,23634,1,1
2024-07-04 15:58:46.246,23632,23634,23632,2,-2
2024-07-04 15:58:46.262,23632,23634,23633,1,-1
2024-07-04 15:58:54.854,23632,23633,23633,1,1
2024-07-04 15:58:58.025,23632,23633,23632,1,-1
2024-07-04 15:59:03.204,23632,23633,23633,4,4
2024-07-04 15:59:03.204,23632,23633,23634,1,1
2024-07-04 15:59:03.580,23632,23634,23634,2,2
2024-07-04 15:59:09.248,23633,23634,23634,2,2
2024-07-04 15:59:10.493,23633,23634,23633,1,-1
2024-07-04 15:59:10.593,23633,23634,23634,1,1
2024-07-04 15:59:12.704,23633,23634,23634,1,1
2024-07-04 15:59:16.756,23633,23634,23634,1,1
2024-07-04 15:59:18.083,23633,23634,23631,21,-21
2024-07-04 15:59:18.083,23633,23634,23630,12,-12
2024-07-04 15:59:18.083,23633,23634,23633,2,-2
2024-07-04 15:59:18.083,23633,23634,23632,8,-8
2024-07-04 15:59:18.083,23633,23634,23629,7,-7
2024-07-04 15:59:18.086,23633,23634,23630,1,-1
2024-07-04 15:59:18.312,23628,23629,23628,2,-2
2024-07-04 15:59:25.748,23627,23629,23629,1,1
2024-07-04 15:59:29.589,23628,23630,23630,1,1
2024-07-04 15:59:33.994,23629,23631,23631,1,1
2024-07-04 15:59:36.923,23629,23631,23631,1,1
2024-07-04 15:59:37.949,23629,23631,23629,2,-2
2024-07-04 15:59:37.950,23629,23631,23630,1,-1
2024-07-04 15:59:40.494,23628,23630,23630,3,3
2024-07-04 15:59:41.037,23628,23631,23628,1,-1
2024-07-04 15:59:42.619,23629,23631,23631,1,1
2024-07-04 15:59:42.835,23629,23631,23628,1,-1
2024-07-04 15:59:42.835,23629,23631,23629,3,-3
2024-07-04 15:59:45.160,23628,23630,23630,2,2
2024-07-04 15:59:47.288,23628,23630,23628,4,-4
2024-07-04 15:59:48.792,23628,23630,23628,1,-1
2024-07-04 15:59:59.011,23627,23629,23627,6,-6
2024-07-04 15:59:59.011,23627,23629,23626,2,-2
2024-07-04 15:59:59.523,23626,23628,23628,3,3
2024-07-04 16:00:00.448,23627,23629,23629,1,1
2024-07-04 16:00:00.704,23627,23630,23630,1,1
2024-07-04 16:00:00.850,23627,23630,23630,1,1
2024-07-04 16:00:01.036,23628,23630,23630,1,1
2024-07-04 16:00:01.109,23628,23630,23630,1,1
2024-07-04 16:00:01.469,23628,23630,23630,1,1
2024-07-04 16:00:01.471,23628,23630,23630,1,1
2024-07-04 16:00:01.597,23628,23631,23631,1,1
2024-07-04 16:00:02.034,23628,23631,23631,1,1
2024-07-04 16:00:05.405,23627,23630,23630,1,1
2024-07-04 16:00:10.384,23628,23630,23628,1,-1
2024-07-04 16:00:15.883,23628,23630,23628,1,-1
2024-07-04 16:00:20.137,23627,23629,23627,1,-1
2024-07-04 16:00:20.229,23626,23628,23626,1,-1
2024-07-04 16:00:23.043,23626,23628,23626,1,-1
2024-07-04 16:00:23.624,23626,23627,23626,2,-2
2024-07-04 16:00:23.624,23626,23627,23626,2,-2
2024-07-04 16:00:23.845,23625,23627,23627,1,1
2024-07-04 16:00:30.059,23625,23627,23627,1,1
2024-07-04 16:00:35.128,23625,23626,23626,1,1
2024-07-04 16:00:37.453,23625,23627,23625,1,-1
2024-07-04 16:00:38.993,23626,23627,23626,2,-2
2024-07-04 16:00:41.859,23625,23626,23626,1,1
2024-07-04 16:00:43.675,23625,23626,23625,1,-1
2024-07-04 16:00:52.027,23625,23626,23625,3,-3
2024-07-04 16:00:52.027,23625,23626,23624,1,-1
2024-07-04 16:00:52.425,23624,23626,23624,1,-1
2024-07-04 16:00:56.800,23624,23626,23624,2,-2
2024-07-04 16:00:59.553,23624,23626,23624,2,-2
2024-07-04 16:01:03.548,23624,23626,23624,1,-1
2024-07-04 16:01:05.036,23624,23626,23624,1,-1
2024-07-04 16:01:07.653,23623,23625,23623,3,-3
2024-07-04 16:01:10.284,23623,23625,23623,1,-1
2024-07-04 16:01:14.686,23622,23625,23623,2,-2
2024-07-04 16:01:20.038,23623,23624,23624,2,2
2024-07-04 16:01:20.038,23623,23624,23624,1,1
2024-07-04 16:01:21.460,23623,23625,23625,1,1
2024-07-04 16:01:21.915,23624,23626,23624,1,-1
2024-07-04 16:01:23.221,23625,23626,23626,1,1
2024-07-04 16:01:23.855,23625,23626,23626,1,1
2024-07-04 16:01:23.978,23625,23626,23626,2,2
2024-07-04 16:01:24.033,23625,23626,23627,1,1
2024-07-04 16:01:24.036,23625,23626,23627,1,1
2024-07-04 16:01:30.351,23626,23628,23626,1,-1
2024-07-04 16:01:31.932,23626,23628,23626,1,-1
2024-07-04 16:01:34.361,23625,23627,23625,1,-1
2024-07-04 16:01:34.541,23625,23627,23625,1,-1
2024-07-04 16:01:35.703,23623,23626,23626,1,1
2024-07-04 16:01:36.661,23623,23626,23626,1,1
2024-07-04 16:01:47.033,23625,23626,23625,1,-1
2024-07-04 16:02:00.810,23625,23626,23626,1,1
2024-07-04 16:02:01.905,23625,23626,23626,2,2
2024-07-04 16:02:01.905,23625,23626,23627,1,1
2024-07-04 16:02:09.966,23627,23628,23628,1,1
2024-07-04 16:02:09.966,23627,23628,23628,1,1
2024-07-04 16:02:21.288,23628,23629,23628,1,-1
2024-07-04 16:02:21.315,23628,23629,23629,1,1
2024-07-04 16:02:25.658,23630,23631,23630,2,-2
2024-07-04 16:02:25.857,23628,23630,23630,1,1
2024-07-04 16:02:26.327,23628,23631,23631,1,1
2024-07-04 16:02:30.042,23628,23631,23628,1,-1
2024-07-04 16:02:30.313,23628,23631,23629,1,-1
2024-07-04 16:02:31.412,23629,23631,23629,1,-1
2024-07-04 16:02:33.796,23629,23631,23629,1,-1
2024-07-04 16:02:35.971,23628,23631,23628,1,-1
2024-07-04 16:02:38.610,23628,23630,23630,2,2
2024-07-04 16:02:52.005,23629,23630,23630,1,1
2024-07-04 16:02:54.751,23630,23631,23631,1,1
2024-07-04 16:02:59.261,23630,23631,23631,1,1
2024-07-04 16:02:59.337,23630,23631,23632,1,1
2024-07-04 16:03:00.454,23631,23633,23633,2,2
2024-07-04 16:03:02.654,23633,23634,23633,1,-1
2024-07-04 16:03:05.310,23633,23634,23633,1,-1
2024-07-04 16:03:08.448,23633,23634,23633,1,-1
2024-07-04 16:03:10.246,23633,23634,23633,1,-1
2024-07-04 16:03:15.114,23633,23634,23633,1,-1
2024-07-04 16:03:15.656,23633,23634,23634,1,1
2024-07-04 16:03:15.656,23633,23634,23634,1,1
2024-07-04 16:03:15.859,23634,23635,23635,1,1
