2019-09-05 15:00:00.072,10716,10718,10717,75
2019-09-05 15:00:00.073,10717,10718,10717,1
2019-09-05 15:00:00.126,10717,10718,10717,3
2019-09-05 15:00:00.126,10717,10718,10716,1
2019-09-05 15:00:00.156,10717,10718,10718,1
2019-09-05 15:00:00.220,10716,10718,10716,1
2019-09-05 15:00:00.265,10716,10718,10717,1
2019-09-05 15:00:00.307,10717,10718,10717,1
2019-09-05 15:00:00.323,10717,10718,10718,1
2019-09-05 15:00:00.326,10717,10718,10717,2
2019-09-05 15:00:00.331,10717,10718,10717,1
2019-09-05 15:00:00.343,10717,10718,10717,1
2019-09-05 15:00:00.346,10717,10718,10718,1
2019-09-05 15:00:00.347,10717,10718,10717,1
2019-09-05 15:00:00.356,10717,10718,10717,4
2019-09-05 15:00:00.357,10717,10718,10718,1
2019-09-05 15:00:00.366,10717,10718,10717,2
2019-09-05 15:00:00.373,10717,10718,10717,3
2019-09-05 15:00:00.373,10717,10718,10716,1
2019-09-05 15:00:00.382,10717,10718,10718,1
2019-09-05 15:00:00.406,10717,10718,10716,2
2019-09-05 15:00:00.409,10717,10718,10718,1
2019-09-05 15:00:00.416,10717,10718,10716,2
2019-09-05 15:00:00.416,10717,10718,10716,4
2019-09-05 15:00:00.416,10717,10718,10716,1
2019-09-05 15:00:00.421,10717,10718,10716,2
2019-09-05 15:00:00.421,10717,10718,10718,1
2019-09-05 15:00:00.430,10716,10719,10716,2
2019-09-05 15:00:00.495,10716,10719,10716,1
2019-09-05 15:00:00.503,10716,10719,10716,1
2019-09-05 15:00:00.506,10716,10719,10716,4
2019-09-05 15:00:00.535,10716,10719,10716,2
2019-09-05 15:00:00.560,10716,10718,10716,1
2019-09-05 15:00:00.561,10716,10718,10716,1
2019-09-05 15:00:00.562,10716,10718,10716,2
2019-09-05 15:00:00.605,10716,10718,10716,2
2019-09-05 15:00:00.646,10716,10718,10716,4
2019-09-05 15:00:00.671,10716,10718,10716,2
2019-09-05 15:00:00.671,10716,10718,10715,2
2019-09-05 15:00:00.677,10715,10718,10715,2
2019-09-05 15:00:00.723,10715,10718,10715,4
2019-09-05 15:00:00.731,10715,10718,10715,1
2019-09-05 15:00:00.737,10715,10718,10715,4
2019-09-05 15:00:00.771,10715,10718,10715,4
2019-09-05 15:00:00.796,10715,10718,10715,4
2019-09-05 15:00:00.826,10715,10717,10715,4
2019-09-05 15:00:00.826,10715,10717,10715,1
2019-09-05 15:00:00.853,10715,10717,10715,4
2019-09-05 15:00:00.860,10715,10717,10715,1
2019-09-05 15:00:00.931,10716,10717,10716,1
2019-09-05 15:00:00.979,10716,10717,10717,1
2019-09-05 15:00:01.034,10716,10717,10715,1
2019-09-05 15:00:01.178,10715,10716,10716,2
2019-09-05 15:00:01.372,10715,10717,10716,1
2019-09-05 15:00:01.429,10716,10717,10717,3
2019-09-05 15:00:01.457,10716,10717,10716,1
2019-09-05 15:00:01.457,10716,10717,10716,1
2019-09-05 15:00:01.458,10716,10717,10716,1
2019-09-05 15:00:01.459,10716,10717,10716,1
2019-09-05 15:00:01.561,10716,10717,10717,3
2019-09-05 15:00:01.574,10716,10717,10716,1
2019-09-05 15:00:01.683,10716,10717,10717,2
2019-09-05 15:00:01.778,10716,10717,10717,1
2019-09-05 15:00:01.803,10716,10717,10717,1
2019-09-05 15:00:01.871,10716,10717,10717,1
2019-09-05 15:00:02.228,10716,10718,10716,1
2019-09-05 15:00:02.700,10716,10718,10718,1
2019-09-05 15:00:03.071,10716,10718,10718,1
2019-09-05 15:00:03.093,10716,10718,10718,1
2019-09-05 15:00:03.484,10716,10718,10716,1
2019-09-05 15:00:03.735,10716,10718,10716,4
2019-09-05 15:00:03.772,10716,10718,10716,4
2019-09-05 15:00:03.816,10715,10718,10716,4
2019-09-05 15:00:03.847,10715,10718,10715,2
2019-09-05 15:00:03.891,10715,10718,10715,4
2019-09-05 15:00:03.942,10715,10718,10716,2
2019-09-05 15:00:03.981,10715,10718,10715,2
2019-09-05 15:00:04.163,10715,10717,10717,3
2019-09-05 15:00:04.423,10716,10718,10718,1
2019-09-05 15:00:05.037,10717,10718,10717,1
2019-09-05 15:00:05.365,10717,10718,10718,1
2019-09-05 15:00:06.146,10717,10718,10717,1
2019-09-05 15:00:06.874,10716,10717,10717,1
2019-09-05 15:00:07.215,10716,10718,10718,5
2019-09-05 15:00:08.026,10717,10718,10718,1
2019-09-05 15:00:08.078,10717,10718,10718,1
2019-09-05 15:00:08.547,10717,10718,10718,2
2019-09-05 15:00:08.783,10717,10719,10719,2
2019-09-05 15:00:08.850,10717,10720,10720,1
2019-09-05 15:00:08.946,10719,10720,10719,1
2019-09-05 15:00:09.060,10718,10720,10720,2
2019-09-05 15:00:09.658,10717,10719,10717,2
2019-09-05 15:00:09.869,10717,10718,10718,1
2019-09-05 15:00:10.589,10717,10718,10717,2
2019-09-05 15:00:11.073,10717,10718,10718,3
2019-09-05 15:00:11.073,10717,10718,10719,2
2019-09-05 15:00:11.855,10717,10719,10717,1
2019-09-05 15:00:12.047,10717,10719,10719,2
2019-09-05 15:00:12.515,10718,10719,10719,1
2019-09-05 15:00:13.082,10718,10719,10718,1
2019-09-05 15:00:14.123,10718,10719,10718,1
2019-09-05 15:00:14.213,10718,10719,10718,1
2019-09-05 15:00:14.968,10718,10719,10719,1
2019-09-05 15:00:15.859,10718,10719,10719,2
2019-09-05 15:00:17.138,10718,10719,10719,2
2019-09-05 15:00:17.178,10718,10719,10719,3
2019-09-05 15:00:17.224,10718,10719,10720,1
2019-09-05 15:00:18.765,10718,10720,10718,1
2019-09-05 15:00:18.828,10718,10720,10718,1
2019-09-05 15:00:21.155,10718,10720,10720,5
2019-09-05 15:00:22.852,10719,10720,10720,1
2019-09-05 15:00:23.360,10719,10720,10720,1
2019-09-05 15:00:24.053,10719,10720,10720,1
2019-09-05 15:00:25.090,10719,10721,10721,1
2019-09-05 15:00:26.079,10720,10721,10720,2
2019-09-05 15:00:26.921,10720,10721,10720,2
2019-09-05 15:00:28.719,10719,10720,10720,2
2019-09-05 15:00:29.249,10719,10720,10720,1
2019-09-05 15:00:30.363,10719,10720,10719,3
2019-09-05 15:00:30.431,10718,10719,10719,2
2019-09-05 15:00:30.615,10718,10719,10719,1
2019-09-05 15:00:30.697,10718,10719,10719,1
2019-09-05 15:00:31.547,10718,10719,10719,1
2019-09-05 15:00:32.179,10718,10719,10719,2
2019-09-05 15:00:32.185,10718,10719,10720,6
2019-09-05 15:00:32.415,10719,10720,10720,1
2019-09-05 15:00:35.504,10719,10720,10720,3
2019-09-05 15:00:36.974,10719,10720,10720,1
2019-09-05 15:00:37.320,10719,10720,10719,7
2019-09-05 15:00:39.070,10719,10720,10719,2
2019-09-05 15:00:41.096,10719,10720,10719,2
2019-09-05 15:00:41.349,10719,10720,10719,2
2019-09-05 15:00:41.476,10719,10720,10719,1
2019-09-05 15:00:42.061,10719,10720,10719,2
2019-09-05 15:00:42.144,10719,10720,10719,1
2019-09-05 15:00:42.553,10718,10719,10719,1
2019-09-05 15:00:42.730,10718,10719,10719,1
2019-09-05 15:00:45.637,10718,10719,10719,7
2019-09-05 15:00:46.381,10718,10719,10719,1
2019-09-05 15:00:47.522,10718,10719,10718,1
2019-09-05 15:00:47.542,10718,10719,10719,12
2019-09-05 15:00:47.637,10719,10720,10719,1
2019-09-05 15:00:47.874,10719,10720,10719,1
2019-09-05 15:00:48.040,10719,10720,10719,3
2019-09-05 15:00:48.144,10718,10719,10719,2
2019-09-05 15:00:50.391,10719,10720,10719,1
2019-09-05 15:00:54.100,10719,10720,10720,2
2019-09-05 15:00:56.364,10719,10720,10719,1
2019-09-05 15:00:58.557,10719,10720,10719,2
2019-09-05 15:00:58.558,10719,10720,10719,2
2019-09-05 15:00:58.565,10719,10720,10719,2
2019-09-05 15:00:58.913,10719,10720,10719,5
2019-09-05 15:01:01.190,10719,10720,10719,1
2019-09-05 15:01:02.145,10719,10720,10719,1
2019-09-05 15:01:02.540,10719,10720,10720,1
2019-09-05 15:01:02.622,10719,10720,10719,3
2019-09-05 15:01:03.073,10719,10720,10719,1
2019-09-05 15:01:03.273,10718,10720,10718,1
2019-09-05 15:01:06.178,10719,10720,10719,1
2019-09-05 15:01:06.362,10719,10720,10720,1
2019-09-05 15:01:08.075,10719,10720,10719,1
2019-09-05 15:01:09.761,10718,10719,10719,5
2019-09-05 15:01:10.348,10718,10719,10719,1
2019-09-05 15:01:10.383,10718,10719,10719,1
2019-09-05 15:01:10.615,10719,10720,10719,1
2019-09-05 15:01:10.734,10718,10720,10720,1
2019-09-05 15:01:13.513,10718,10719,10718,1
2019-09-05 15:01:13.723,10718,10719,10718,1
2019-09-05 15:01:13.935,10718,10720,10718,1
2019-09-05 15:01:14.167,10718,10720,10719,1
2019-09-05 15:01:14.417,10719,10720,10720,1
2019-09-05 15:01:14.858,10719,10720,10719,1
2019-09-05 15:01:15.058,10719,10720,10719,1
2019-09-05 15:01:15.332,10719,10720,10720,2
2019-09-05 15:01:15.537,10719,10720,10720,1
2019-09-05 15:01:17.055,10719,10720,10719,1
2019-09-05 15:01:17.375,10719,10720,10719,1
2019-09-05 15:01:17.380,10719,10720,10719,1
2019-09-05 15:01:17.395,10719,10720,10719,1
2019-09-05 15:01:17.397,10719,10720,10719,1
2019-09-05 15:01:17.738,10718,10720,10718,1
2019-09-05 15:01:18.673,10718,10719,10719,1
2019-09-05 15:01:19.037,10718,10719,10719,1
2019-09-05 15:01:19.720,10718,10720,10720,1
2019-09-05 15:01:19.873,10718,10719,10719,1
2019-09-05 15:01:20.440,10719,10720,10719,1
2019-09-05 15:01:22.048,10718,10719,10719,1
2019-09-05 15:01:22.340,10719,10720,10719,2
2019-09-05 15:01:22.363,10719,10720,10719,1
2019-09-05 15:01:22.411,10719,10720,10719,1
2019-09-05 15:01:22.599,10718,10720,10718,1
2019-09-05 15:01:23.669,10718,10719,10719,1
2019-09-05 15:01:26.525,10718,10719,10719,2
2019-09-05 15:01:28.735,10718,10719,10719,9
2019-09-05 15:01:28.919,10719,10720,10719,1
2019-09-05 15:01:31.369,10719,10720,10719,1
2019-09-05 15:01:33.046,10719,10720,10719,1
2019-09-05 15:01:33.188,10719,10720,10719,1
2019-09-05 15:01:39.293,10719,10720,10720,1
2019-09-05 15:01:40.428,10719,10720,10720,2
2019-09-05 15:01:40.553,10719,10720,10720,4
2019-09-05 15:01:41.583,10719,10720,10720,1
2019-09-05 15:01:42.460,10719,10720,10720,4
2019-09-05 15:01:50.237,10720,10721,10721,1
2019-09-05 15:01:50.483,10720,10721,10721,1
2019-09-05 15:01:50.672,10720,10721,10720,1
2019-09-05 15:01:51.193,10720,10721,10720,1
2019-09-05 15:01:52.718,10720,10721,10721,2
2019-09-05 15:01:52.718,10720,10721,10721,1
2019-09-05 15:01:52.718,10720,10721,10721,10
2019-09-05 15:01:52.719,10720,10721,10721,2
2019-09-05 15:01:52.803,10720,10721,10721,1
2019-09-05 15:01:54.311,10721,10722,10721,1
2019-09-05 15:01:55.701,10721,10722,10721,1
2019-09-05 15:01:55.908,10721,10722,10721,1
2019-09-05 15:01:56.091,10721,10722,10721,1
2019-09-05 15:01:58.425,10721,10722,10721,1
2019-09-05 15:01:58.528,10721,10722,10721,5
2019-09-05 15:02:02.652,10721,10722,10722,10
2019-09-05 15:02:02.776,10721,10722,10722,3
2019-09-05 15:02:02.792,10721,10722,10722,1
2019-09-05 15:02:02.803,10722,10723,10722,1
2019-09-05 15:02:02.841,10722,10723,10722,1
2019-09-05 15:02:02.847,10722,10723,10722,2
2019-09-05 15:02:04.015,10721,10722,10722,2
2019-09-05 15:02:04.950,10721,10722,10721,9
2019-09-05 15:02:06.361,10720,10721,10721,1
2019-09-05 15:02:09.546,10720,10721,10721,1
2019-09-05 15:02:09.975,10720,10721,10721,1
2019-09-05 15:02:11.327,10720,10721,10720,14
2019-09-05 15:02:11.428,10720,10721,10720,2
2019-09-05 15:02:11.613,10720,10721,10721,1
2019-09-05 15:02:15.718,10720,10721,10721,1
2019-09-05 15:02:16.328,10720,10721,10720,35
2019-09-05 15:02:18.625,10719,10720,10720,1
2019-09-05 15:02:18.853,10719,10720,10720,1
2019-09-05 15:02:21.234,10719,10720,10720,2
2019-09-05 15:02:26.116,10719,10720,10720,6
2019-09-05 15:02:26.178,10719,10720,10720,4
2019-09-05 15:02:27.131,10720,10721,10720,1
2019-09-05 15:02:34.600,10720,10721,10720,1
2019-09-05 15:02:35.343,10720,10721,10720,1
2019-09-05 15:02:37.248,10720,10721,10720,3
2019-09-05 15:02:37.926,10720,10721,10720,1
2019-09-05 15:02:40.448,10719,10720,10719,1
2019-09-05 15:02:42.955,10719,10720,10720,2
2019-09-05 15:02:42.956,10719,10720,10720,2
2019-09-05 15:02:42.963,10719,10720,10720,2
2019-09-05 15:02:43.428,10719,10720,10720,3
2019-09-05 15:02:43.553,10719,10720,10720,3
2019-09-05 15:02:43.678,10719,10720,10720,1
2019-09-05 15:02:44.950,10720,10721,10720,1
2019-09-05 15:02:49.258,10720,10721,10720,1
2019-09-05 15:02:50.828,10720,10721,10721,11
2019-09-05 15:02:51.763,10720,10722,10720,2
2019-09-05 15:02:57.524,10720,10721,10720,3
2019-09-05 15:02:59.407,10720,10721,10721,1
2019-09-05 15:03:04.440,10720,10721,10720,1
2019-09-05 15:03:07.194,10720,10721,10721,8
2019-09-05 15:03:08.706,10721,10722,10721,1
2019-09-05 15:03:16.439,10721,10722,10722,6
2019-09-05 15:03:16.657,10721,10723,10722,1
2019-09-05 15:03:18.252,10722,10723,10722,1
2019-09-05 15:03:19.935,10722,10723,10722,1
2019-09-05 15:03:20.389,10722,10723,10723,2
2019-09-05 15:03:22.799,10722,10723,10723,1
2019-09-05 15:03:23.522,10722,10723,10723,3
2019-09-05 15:03:26.982,10723,10724,10724,1
2019-09-05 15:03:27.078,10723,10724,10724,1
2019-09-05 15:03:27.223,10723,10724,10723,2
2019-09-05 15:03:27.368,10723,10724,10723,4
2019-09-05 15:03:27.865,10722,10723,10723,1
2019-09-05 15:03:29.438,10722,10723,10722,2
2019-09-05 15:03:29.841,10721,10722,10722,2
2019-09-05 15:03:30.350,10721,10722,10722,2
2019-09-05 15:03:32.196,10721,10722,10722,1
2019-09-05 15:03:33.515,10721,10722,10722,5
2019-09-05 15:03:36.136,10721,10722,10722,10
2019-09-05 15:03:37.231,10721,10722,10722,1
2019-09-05 15:03:39.293,10721,10722,10722,1
2019-09-05 15:03:39.626,10721,10722,10722,4
2019-09-05 15:03:39.801,10721,10722,10722,1
2019-09-05 15:03:39.995,10721,10722,10722,1
2019-09-05 15:03:40.792,10721,10722,10722,1
2019-09-05 15:03:42.740,10721,10722,10721,1
2019-09-05 15:03:49.598,10721,10722,10721,2
2019-09-05 15:03:52.253,10721,10722,10722,1
2019-09-05 15:03:56.187,10721,10722,10721,1
2019-09-05 15:03:56.429,10721,10722,10721,23
2019-09-05 15:04:00.518,10720,10721,10721,1
2019-09-05 15:04:04.494,10720,10721,10721,1
2019-09-05 15:04:11.480,10720,10721,10721,1
2019-09-05 15:04:12.122,10720,10721,10721,1
2019-09-05 15:04:13.336,10721,10722,10721,1
2019-09-05 15:04:14.716,10720,10721,10721,1
2019-09-05 15:04:15.281,10720,10721,10721,1
2019-09-05 15:04:15.905,10720,10721,10721,1
2019-09-05 15:04:20.573,10720,10721,10721,1
2019-09-05 15:04:24.404,10720,10721,10721,1
2019-09-05 15:04:24.688,10720,10721,10721,1
2019-09-05 15:04:24.966,10720,10721,10721,1
2019-09-05 15:04:27.387,10720,10721,10721,1
2019-09-05 15:04:29.102,10720,10721,10721,1
2019-09-05 15:04:29.178,10720,10721,10721,4
2019-09-05 15:04:32.497,10720,10721,10720,6
2019-09-05 15:04:45.337,10720,10721,10720,1
2019-09-05 15:04:45.443,10720,10721,10720,7
2019-09-05 15:04:58.166,10720,10721,10720,1
2019-09-05 15:04:59.630,10720,10721,10720,6
2019-09-05 15:05:09.200,10719,10720,10720,1
2019-09-05 15:05:10.096,10719,10720,10719,2
2019-09-05 15:05:15.669,10719,10720,10720,2
2019-09-05 15:05:27.345,10719,10720,10719,7
2019-09-05 15:05:27.345,10719,10720,10719,1
2019-09-05 15:05:27.345,10719,10720,10719,3
2019-09-05 15:05:27.345,10719,10720,10719,1
2019-09-05 15:05:27.345,10719,10720,10719,1
2019-09-05 15:05:27.447,10718,10719,10718,1
2019-09-05 15:05:27.454,10718,10719,10719,1
2019-09-05 15:05:27.598,10718,10719,10718,1
2019-09-05 15:05:29.076,10718,10719,10718,2
2019-09-05 15:05:29.076,10718,10719,10718,8
2019-09-05 15:05:29.076,10718,10719,10718,4
2019-09-05 15:05:29.080,10718,10719,10718,3
2019-09-05 15:05:29.080,10718,10719,10718,9
2019-09-05 15:05:29.081,10718,10719,10718,1
2019-09-05 15:05:29.178,10718,10719,10718,2
2019-09-05 15:05:29.178,10718,10719,10718,3
2019-09-05 15:05:29.178,10718,10719,10718,4
2019-09-05 15:05:29.179,10718,10719,10718,4
2019-09-05 15:05:29.434,10717,10718,10718,2
2019-09-05 15:05:30.944,10717,10718,10718,1
2019-09-05 15:05:31.056,10718,10719,10719,3
2019-09-05 15:05:35.059,10718,10719,10719,1
2019-09-05 15:05:35.557,10718,10719,10718,1
2019-09-05 15:05:36.665,10718,10719,10718,1
2019-09-05 15:05:38.182,10718,10719,10719,1
2019-09-05 15:05:38.183,10718,10719,10719,1
2019-09-05 15:05:38.188,10718,10719,10718,1
2019-09-05 15:05:38.190,10718,10719,10719,1
2019-09-05 15:05:38.257,10718,10719,10718,1
2019-09-05 15:05:39.621,10718,10719,10719,1
2019-09-05 15:05:41.318,10718,10719,10719,1
2019-09-05 15:05:41.318,10718,10719,10719,1
2019-09-05 15:05:41.412,10718,10719,10719,1
2019-09-05 15:05:43.607,10718,10719,10719,1
2019-09-05 15:05:43.928,10718,10719,10719,1
2019-09-05 15:05:43.928,10718,10719,10719,1
2019-09-05 15:05:43.936,10718,10719,10719,1
2019-09-05 15:05:43.941,10718,10719,10719,1
2019-09-05 15:05:43.942,10718,10719,10719,1
2019-09-05 15:05:49.542,10718,10719,10719,1
2019-09-05 15:05:50.863,10718,10719,10719,1
2019-09-05 15:05:51.575,10718,10719,10719,1
2019-09-05 15:05:54.993,10718,10719,10718,2
2019-09-05 15:05:55.941,10718,10719,10719,1
2019-09-05 15:05:58.180,10718,10719,10718,1
2019-09-05 15:05:58.967,10718,10719,10719,2
2019-09-05 15:06:02.723,10718,10719,10718,1
2019-09-05 15:06:04.194,10718,10719,10719,2
2019-09-05 15:06:08.171,10718,10719,10719,5
2019-09-05 15:06:11.267,10718,10719,10719,1
2019-09-05 15:06:14.159,10718,10719,10719,1
2019-09-05 15:06:14.196,10718,10719,10719,1
2019-09-05 15:06:14.772,10718,10719,10719,5
2019-09-05 15:06:15.549,10718,10719,10719,3
2019-09-05 15:06:15.554,10719,10720,10719,2
2019-09-05 15:06:19.262,10719,10720,10719,1
2019-09-05 15:06:19.847,10718,10720,10720,2
2019-09-05 15:06:20.483,10718,10720,10720,1
2019-09-05 15:06:26.520,10719,10720,10720,1
2019-09-05 15:06:27.171,10719,10720,10719,1
2019-09-05 15:06:32.752,10719,10720,10720,5
2019-09-05 15:06:32.803,10719,10720,10720,6
2019-09-05 15:06:32.803,10719,10720,10720,6
2019-09-05 15:06:38.818,10720,10721,10720,1
2019-09-05 15:06:39.568,10720,10721,10720,3
2019-09-05 15:06:41.498,10720,10721,10720,1
2019-09-05 15:06:42.528,10720,10721,10720,1
2019-09-05 15:06:45.334,10720,10721,10721,1
2019-09-05 15:06:45.335,10720,10721,10720,1
2019-09-05 15:06:55.651,10720,10721,10721,1
2019-09-05 15:07:00.902,10720,10721,10721,1
2019-09-05 15:07:02.415,10720,10721,10721,2
2019-09-05 15:07:04.719,10720,10721,10720,22
2019-09-05 15:07:04.908,10719,10721,10719,1
2019-09-05 15:07:05.235,10719,10720,10720,1
2019-09-05 15:07:06.915,10719,10720,10720,2
2019-09-05 15:07:07.982,10719,10720,10720,1
2019-09-05 15:07:11.179,10719,10720,10719,6
2019-09-05 15:07:13.003,10719,10720,10720,1
2019-09-05 15:07:13.716,10719,10720,10720,1
2019-09-05 15:07:15.362,10719,10720,10720,1
2019-09-05 15:07:16.181,10719,10720,10719,2
2019-09-05 15:07:17.348,10718,10720,10718,1
2019-09-05 15:07:17.935,10719,10720,10719,1
2019-09-05 15:07:18.748,10719,10720,10719,1
2019-09-05 15:07:21.488,10719,10720,10719,1
2019-09-05 15:07:22.610,10719,10720,10719,1
2019-09-05 15:07:29.958,10719,10720,10719,1
2019-09-05 15:07:30.977,10719,10720,10719,1
2019-09-05 15:07:30.977,10719,10720,10719,11
2019-09-05 15:07:30.977,10719,10720,10719,1
2019-09-05 15:07:30.978,10719,10720,10719,1
2019-09-05 15:07:31.055,10719,10720,10719,2
2019-09-05 15:07:37.608,10718,10719,10718,1
2019-09-05 15:07:47.824,10718,10719,10718,1
2019-09-05 15:07:49.901,10718,10719,10718,2
2019-09-05 15:07:51.614,10718,10719,10718,1
2019-09-05 15:07:55.990,10718,10719,10719,1
2019-09-05 15:07:56.398,10718,10719,10719,4
2019-09-05 15:07:57.358,10719,10720,10719,1
2019-09-05 15:07:57.358,10719,10720,10718,1
2019-09-05 15:08:02.682,10718,10719,10719,2
2019-09-05 15:08:05.548,10719,10720,10719,2
2019-09-05 15:08:08.281,10719,10720,10719,4
2019-09-05 15:08:09.960,10718,10720,10718,2
2019-09-05 15:08:14.877,10718,10719,10719,4
2019-09-05 15:08:14.930,10719,10720,10719,7
2019-09-05 15:08:15.567,10718,10719,10719,1
2019-09-05 15:08:15.990,10718,10719,10718,2
2019-09-05 15:08:16.381,10718,10719,10718,1
2019-09-05 15:08:20.721,10718,10719,10719,1
2019-09-05 15:08:21.629,10718,10719,10718,11
2019-09-05 15:08:21.678,10718,10719,10718,4
2019-09-05 15:08:23.880,10717,10719,10717,1
2019-09-05 15:08:24.780,10717,10719,10717,1
2019-09-05 15:08:25.330,10717,10718,10717,1
2019-09-05 15:08:29.668,10717,10718,10718,1
2019-09-05 15:08:30.172,10717,10718,10717,1
2019-09-05 15:08:30.233,10717,10718,10718,1
2019-09-05 15:08:31.171,10717,10718,10718,1
2019-09-05 15:08:32.683,10717,10718,10717,1
2019-09-05 15:08:39.424,10717,10718,10717,1
2019-09-05 15:08:42.372,10717,10718,10717,1
2019-09-05 15:08:43.855,10717,10718,10717,1
2019-09-05 15:08:44.650,10717,10718,10717,1
2019-09-05 15:08:46.491,10717,10718,10718,5
2019-09-05 15:08:46.900,10717,10718,10717,1
2019-09-05 15:08:48.611,10717,10718,10718,1
2019-09-05 15:08:49.005,10717,10718,10718,1
2019-09-05 15:08:49.567,10717,10718,10718,1
2019-09-05 15:08:51.360,10718,10719,10718,1
2019-09-05 15:08:52.595,10718,10719,10718,1
2019-09-05 15:09:07.826,10717,10718,10718,1
2019-09-05 15:09:11.597,10717,10718,10717,1
2019-09-05 15:09:11.803,10717,10718,10717,14
2019-09-05 15:09:11.803,10717,10718,10717,1
2019-09-05 15:09:11.803,10717,10718,10717,1
2019-09-05 15:09:11.930,10717,10718,10717,4
2019-09-05 15:09:12.345,10717,10718,10717,1
2019-09-05 15:09:12.345,10717,10718,10717,1
2019-09-05 15:09:12.345,10717,10718,10717,1
2019-09-05 15:09:12.345,10717,10718,10717,1
2019-09-05 15:09:12.365,10717,10718,10717,2
2019-09-05 15:09:12.365,10717,10718,10717,1
2019-09-05 15:09:12.365,10717,10718,10717,2
2019-09-05 15:09:12.366,10717,10718,10717,4
2019-09-05 15:09:12.366,10717,10718,10717,1
2019-09-05 15:09:12.366,10717,10718,10717,5
2019-09-05 15:09:12.429,10716,10717,10716,3
2019-09-05 15:09:12.724,10716,10717,10716,4
2019-09-05 15:09:12.737,10716,10717,10716,2
2019-09-05 15:09:12.753,10716,10717,10716,4
2019-09-05 15:09:12.819,10716,10717,10716,2
2019-09-05 15:09:12.828,10716,10717,10716,2
2019-09-05 15:09:12.886,10716,10717,10716,4
2019-09-05 15:09:12.913,10716,10717,10716,2
2019-09-05 15:09:12.954,10716,10717,10716,2
2019-09-05 15:09:12.980,10716,10717,10716,2
2019-09-05 15:09:13.019,10716,10717,10716,2
2019-09-05 15:09:13.049,10716,10717,10716,2
2019-09-05 15:09:13.079,10716,10717,10716,2
2019-09-05 15:09:13.115,10716,10717,10716,2
2019-09-05 15:09:13.140,10716,10717,10716,2
2019-09-05 15:09:13.257,10715,10717,10717,2
2019-09-05 15:09:14.952,10716,10717,10716,1
2019-09-05 15:09:16.188,10716,10717,10717,2
2019-09-05 15:09:18.757,10716,10717,10716,1
2019-09-05 15:09:20.356,10716,10717,10717,1
2019-09-05 15:09:20.886,10716,10717,10717,1
2019-09-05 15:09:24.358,10716,10717,10716,8
2019-09-05 15:09:24.762,10715,10716,10716,4
2019-09-05 15:09:24.763,10715,10716,10716,2
2019-09-05 15:09:24.763,10715,10716,10716,4
2019-09-05 15:09:24.763,10715,10716,10716,1
2019-09-05 15:09:24.764,10715,10716,10716,5
2019-09-05 15:09:28.305,10716,10717,10717,1
2019-09-05 15:09:34.108,10716,10717,10716,2
2019-09-05 15:09:34.269,10716,10717,10716,1
2019-09-05 15:09:34.822,10716,10717,10716,1
2019-09-05 15:09:36.037,10716,10717,10716,3
2019-09-05 15:09:36.717,10715,10716,10716,1
2019-09-05 15:09:36.826,10715,10717,10717,1
2019-09-05 15:09:36.890,10715,10717,10715,1
2019-09-05 15:09:36.934,10715,10717,10715,3
2019-09-05 15:09:37.243,10715,10717,10715,2
2019-09-05 15:09:37.470,10715,10716,10715,5
2019-09-05 15:09:37.560,10715,10716,10715,1
2019-09-05 15:09:37.574,10715,10716,10715,1
2019-09-05 15:09:39.907,10715,10716,10715,1
2019-09-05 15:09:43.365,10715,10716,10715,2
2019-09-05 15:09:43.593,10715,10716,10715,1
2019-09-05 15:09:45.512,10715,10716,10715,20
2019-09-05 15:09:45.697,10715,10716,10716,2
2019-09-05 15:09:45.739,10715,10716,10715,1
2019-09-05 15:09:51.775,10715,10716,10715,1
2019-09-05 15:09:53.471,10715,10716,10715,1
2019-09-05 15:09:55.545,10715,10716,10715,2
2019-09-05 15:09:57.909,10715,10716,10715,1
2019-09-05 15:09:58.931,10715,10716,10715,1
2019-09-05 15:10:01.563,10715,10716,10715,1
2019-09-05 15:10:02.000,10715,10716,10715,1
2019-09-05 15:10:02.153,10715,10716,10715,2
2019-09-05 15:10:02.184,10715,10716,10715,2
2019-09-05 15:10:02.232,10715,10716,10715,1
2019-09-05 15:10:02.248,10715,10716,10715,1
2019-09-05 15:10:02.323,10715,10716,10715,1
2019-09-05 15:10:02.613,10715,10716,10715,1
2019-09-05 15:10:02.672,10715,10716,10715,1
2019-09-05 15:10:03.480,10715,10716,10715,10
2019-09-05 15:10:04.028,10715,10716,10715,2
2019-09-05 15:10:04.312,10715,10716,10715,2
2019-09-05 15:10:04.949,10715,10716,10715,2
2019-09-05 15:10:05.073,10715,10716,10715,1
2019-09-05 15:10:05.585,10715,10716,10715,1
2019-09-05 15:10:06.270,10715,10716,10715,1
2019-09-05 15:10:06.445,10715,10716,10715,2
2019-09-05 15:10:08.082,10714,10715,10715,1
2019-09-05 15:10:09.985,10714,10715,10715,2
2019-09-05 15:10:10.053,10714,10715,10715,1
2019-09-05 15:10:13.960,10715,10716,10715,2
2019-09-05 15:10:14.497,10715,10716,10715,1
2019-09-05 15:10:16.163,10715,10716,10715,4
2019-09-05 15:10:16.163,10715,10716,10714,11
2019-09-05 15:10:16.213,10714,10716,10714,1
2019-09-05 15:10:16.271,10714,10716,10714,2
2019-09-05 15:10:17.001,10714,10715,10714,2
2019-09-05 15:10:18.084,10714,10715,10714,1
2019-09-05 15:10:18.362,10714,10715,10715,1
2019-09-05 15:10:18.928,10714,10715,10715,1
2019-09-05 15:10:19.053,10714,10715,10715,1
2019-09-05 15:10:19.082,10714,10715,10715,1
2019-09-05 15:10:19.084,10714,10715,10715,1
2019-09-05 15:10:19.084,10714,10715,10715,1
2019-09-05 15:10:21.700,10715,10716,10716,10
2019-09-05 15:10:22.842,10715,10717,10715,1
2019-09-05 15:10:25.933,10715,10716,10715,1
2019-09-05 15:10:29.587,10715,10716,10715,2
2019-09-05 15:10:30.395,10715,10716,10715,1
2019-09-05 15:10:42.939,10715,10716,10715,1
2019-09-05 15:10:50.043,10715,10716,10715,1
2019-09-05 15:10:50.396,10715,10716,10715,1
2019-09-05 15:10:50.530,10715,10716,10715,1
2019-09-05 15:10:52.878,10715,10716,10716,1
2019-09-05 15:10:55.830,10715,10716,10716,1
2019-09-05 15:11:01.921,10715,10716,10716,1
2019-09-05 15:11:04.148,10715,10716,10715,4
2019-09-05 15:11:09.812,10715,10716,10716,1
2019-09-05 15:11:12.024,10715,10716,10715,3
2019-09-05 15:11:12.924,10715,10716,10716,10
2019-09-05 15:11:12.954,10715,10716,10716,1
2019-09-05 15:11:12.954,10715,10716,10716,1
2019-09-05 15:11:12.954,10715,10716,10716,5
2019-09-05 15:11:12.954,10715,10716,10716,2
2019-09-05 15:11:13.208,10716,10717,10716,2
2019-09-05 15:11:21.635,10716,10717,10717,12
2019-09-05 15:11:22.896,10717,10718,10717,1
2019-09-05 15:11:23.671,10717,10718,10717,1
2019-09-05 15:11:27.060,10716,10718,10718,1
2019-09-05 15:11:27.210,10716,10718,10718,1
2019-09-05 15:11:27.490,10717,10718,10717,1
2019-09-05 15:11:27.567,10716,10718,10717,1
2019-09-05 15:11:27.569,10716,10718,10717,1
2019-09-05 15:11:30.551,10716,10717,10717,1
2019-09-05 15:11:32.120,10716,10717,10717,2
2019-09-05 15:11:33.163,10717,10718,10717,1
2019-09-05 15:11:34.152,10717,10718,10717,1
2019-09-05 15:11:35.865,10716,10717,10717,1
2019-09-05 15:11:36.722,10716,10717,10717,2
2019-09-05 15:11:39.036,10716,10717,10717,1
2019-09-05 15:11:41.871,10716,10717,10717,1
2019-09-05 15:11:45.998,10716,10717,10717,3
2019-09-05 15:11:49.172,10716,10717,10717,1
2019-09-05 15:11:49.369,10716,10717,10717,1
2019-09-05 15:11:58.903,10717,10718,10717,1
2019-09-05 15:11:58.929,10717,10718,10717,1
2019-09-05 15:11:59.926,10716,10717,10716,1
2019-09-05 15:12:05.844,10717,10718,10717,1
2019-09-05 15:12:14.740,10717,10718,10717,2
2019-09-05 15:12:16.920,10717,10718,10717,1
2019-09-05 15:12:17.334,10717,10718,10718,2
2019-09-05 15:12:17.418,10717,10718,10717,1
2019-09-05 15:12:17.428,10717,10718,10718,14
2019-09-05 15:12:17.553,10717,10718,10718,1
2019-09-05 15:12:17.553,10717,10718,10718,2
2019-09-05 15:12:17.553,10717,10718,10718,7
2019-09-05 15:12:17.603,10717,10718,10718,2
2019-09-05 15:12:21.121,10718,10719,10718,2
2019-09-05 15:12:26.336,10718,10719,10718,2
2019-09-05 15:12:30.417,10718,10719,10719,1
2019-09-05 15:12:31.470,10718,10719,10719,1
2019-09-05 15:12:33.020,10718,10719,10718,1
2019-09-05 15:12:40.691,10718,10719,10718,2
2019-09-05 15:12:40.691,10718,10719,10718,1
2019-09-05 15:12:41.914,10717,10718,10718,1
2019-09-05 15:12:44.799,10717,10718,10718,1
2019-09-05 15:13:02.959,10717,10718,10718,6
2019-09-05 15:13:03.053,10717,10718,10718,1
2019-09-05 15:13:09.646,10717,10718,10718,1
2019-09-05 15:13:27.717,10717,10718,10718,16
2019-09-05 15:13:40.454,10718,10719,10719,3
2019-09-05 15:13:41.167,10718,10719,10719,3
2019-09-05 15:13:41.405,10718,10719,10719,1
2019-09-05 15:13:45.679,10718,10719,10719,1
2019-09-05 15:13:46.152,10718,10719,10719,1
2019-09-05 15:13:46.788,10718,10719,10719,1
2019-09-05 15:13:48.652,10718,10719,10719,1
2019-09-05 15:13:49.157,10718,10719,10719,1
2019-09-05 15:13:50.155,10718,10719,10719,1
2019-09-05 15:13:51.905,10718,10719,10719,1
2019-09-05 15:13:52.096,10718,10719,10719,1
2019-09-05 15:13:52.406,10718,10719,10719,1
2019-09-05 15:13:54.332,10718,10719,10719,1
2019-09-05 15:13:54.788,10718,10719,10719,1
2019-09-05 15:13:55.280,10718,10719,10719,1
2019-09-05 15:13:55.363,10718,10719,10719,5
2019-09-05 15:13:59.677,10719,10720,10720,1
2019-09-05 15:13:59.843,10719,10720,10720,1
2019-09-05 15:14:02.986,10719,10720,10719,1
2019-09-05 15:14:03.010,10719,10720,10719,1
2019-09-05 15:14:03.036,10719,10720,10719,1
2019-09-05 15:14:03.120,10719,10720,10719,1
2019-09-05 15:14:03.357,10718,10719,10719,1
2019-09-05 15:14:03.407,10718,10719,10719,1
2019-09-05 15:14:03.904,10718,10719,10719,1
2019-09-05 15:14:04.785,10718,10719,10719,1
2019-09-05 15:14:04.786,10718,10719,10719,1
2019-09-05 15:14:05.121,10718,10719,10719,1
2019-09-05 15:14:06.184,10718,10720,10719,3
2019-09-05 15:14:15.918,10719,10720,10719,2
2019-09-05 15:14:17.934,10719,10720,10719,2
2019-09-05 15:14:26.327,10719,10720,10720,2
2019-09-05 15:14:39.845,10719,10720,10720,1
2019-09-05 15:14:45.389,10719,10720,10719,1
2019-09-05 15:14:59.803,10719,10720,10719,1
2019-09-05 15:15:07.388,10719,10720,10720,23
2019-09-05 15:15:10.989,10719,10720,10720,1
2019-09-05 15:15:14.829,10719,10720,10720,1
2019-09-05 15:15:18.754,10719,10720,10720,1
2019-09-05 15:15:20.483,10719,10720,10720,11
2019-09-05 15:15:22.023,10719,10720,10720,1
2019-09-05 15:15:22.279,10719,10720,10720,1
2019-09-05 15:15:25.669,10719,10720,10720,2
2019-09-05 15:15:26.154,10719,10720,10720,1
2019-09-05 15:15:26.781,10719,10720,10720,1
2019-09-05 15:15:27.698,10719,10720,10720,1
2019-09-05 15:15:28.033,10719,10720,10720,1
2019-09-05 15:15:30.536,10720,10721,10720,1
2019-09-05 15:15:39.959,10720,10721,10721,1
2019-09-05 15:15:42.405,10720,10721,10721,1
2019-09-05 15:15:51.195,10720,10721,10721,1
2019-09-05 15:15:54.067,10720,10721,10721,8
2019-09-05 15:15:55.960,10720,10721,10721,1
2019-09-05 15:16:02.729,10720,10721,10721,1
2019-09-05 15:16:10.939,10720,10721,10721,1
2019-09-05 15:16:12.118,10720,10721,10720,2
2019-09-05 15:16:13.181,10720,10721,10720,3
2019-09-05 15:16:14.653,10720,10721,10721,1
2019-09-05 15:16:16.360,10720,10721,10720,1
2019-09-05 15:16:19.474,10720,10721,10721,1
2019-09-05 15:16:25.814,10720,10721,10720,1
2019-09-05 15:16:26.252,10720,10721,10721,1
2019-09-05 15:16:29.152,10720,10721,10720,6
2019-09-05 15:16:29.944,10720,10721,10721,1
2019-09-05 15:16:31.571,10720,10721,10720,1
2019-09-05 15:16:32.225,10720,10721,10720,1
2019-09-05 15:16:49.909,10720,10721,10720,12
2019-09-05 15:16:49.928,10720,10721,10720,3
2019-09-05 15:16:54.428,10719,10720,10720,1
2019-09-05 15:16:55.190,10719,10720,10720,1
2019-09-05 15:16:56.006,10719,10720,10720,1
2019-09-05 15:16:57.773,10719,10720,10719,1
2019-09-05 15:17:11.419,10719,10720,10720,1
2019-09-05 15:17:12.327,10719,10720,10719,2
2019-09-05 15:17:15.920,10719,10720,10719,1
2019-09-05 15:17:18.810,10719,10720,10719,1
2019-09-05 15:17:20.960,10719,10720,10719,1
2019-09-05 15:17:35.438,10719,10720,10719,2
2019-09-05 15:17:36.402,10719,10720,10719,1
2019-09-05 15:17:37.121,10719,10720,10719,15
2019-09-05 15:17:37.303,10718,10719,10719,1
2019-09-05 15:17:46.854,10718,10719,10718,1
2019-09-05 15:17:56.798,10718,10719,10718,1
2019-09-05 15:17:57.150,10718,10719,10718,1
2019-09-05 15:18:00.343,10718,10719,10718,1
2019-09-05 15:18:01.631,10718,10719,10718,2
2019-09-05 15:18:01.895,10718,10719,10718,1
2019-09-05 15:18:03.166,10718,10719,10718,1
2019-09-05 15:18:05.419,10718,10719,10718,2
2019-09-05 15:18:06.255,10718,10719,10718,3
2019-09-05 15:18:06.290,10718,10719,10718,2
2019-09-05 15:18:06.722,10717,10718,10717,3
2019-09-05 15:18:06.803,10717,10718,10717,1
2019-09-05 15:18:06.929,10717,10718,10718,1
2019-09-05 15:18:07.592,10717,10718,10717,1
2019-09-05 15:18:10.932,10716,10717,10717,2
2019-09-05 15:18:11.928,10717,10718,10718,1
2019-09-05 15:18:12.114,10717,10718,10718,1
2019-09-05 15:18:13.213,10717,10718,10718,2
2019-09-05 15:18:13.213,10717,10718,10718,2
2019-09-05 15:18:17.523,10718,10719,10718,1
2019-09-05 15:18:17.553,10717,10718,10718,1
2019-09-05 15:18:19.054,10717,10718,10718,1
2019-09-05 15:18:21.274,10718,10719,10718,2
2019-09-05 15:18:21.538,10718,10719,10718,1
2019-09-05 15:18:25.534,10718,10719,10718,1
2019-09-05 15:18:27.398,10718,10719,10718,1
2019-09-05 15:18:27.577,10718,10719,10718,1
2019-09-05 15:18:29.788,10718,10719,10718,3
2019-09-05 15:18:29.941,10718,10719,10718,1
2019-09-05 15:18:32.906,10718,10719,10718,2
2019-09-05 15:18:34.423,10718,10719,10719,1
2019-09-05 15:18:35.562,10718,10719,10719,2
2019-09-05 15:18:38.391,10718,10719,10718,20
2019-09-05 15:18:39.305,10718,10719,10719,7
2019-09-05 15:18:43.047,10719,10720,10719,1
2019-09-05 15:18:46.133,10719,10720,10719,1
2019-09-05 15:18:47.415,10718,10719,10719,1
2019-09-05 15:18:53.527,10718,10719,10719,1
2019-09-05 15:19:08.050,10718,10719,10719,1
2019-09-05 15:19:25.280,10718,10719,10718,6
2019-09-05 15:19:25.303,10718,10719,10718,1
2019-09-05 15:19:30.376,10717,10718,10718,1
2019-09-05 15:19:43.070,10717,10718,10717,2
2019-09-05 15:19:46.167,10717,10718,10717,3
2019-09-05 15:19:51.511,10717,10718,10717,1
2019-09-05 15:19:57.655,10717,10718,10717,1
2019-09-05 15:19:58.550,10717,10718,10718,1
2019-09-05 15:19:58.553,10717,10718,10718,1
2019-09-05 15:19:58.901,10717,10719,10717,1
2019-09-05 15:20:09.889,10717,10719,10717,1
2019-09-05 15:20:43.053,10718,10719,10718,1
2019-09-05 15:20:58.839,10717,10719,10717,3
2019-09-05 15:21:04.178,10717,10718,10718,2
2019-09-05 15:21:15.283,10718,10719,10718,1
2019-09-05 15:21:24.218,10718,10719,10718,1
2019-09-05 15:21:27.641,10718,10719,10718,1
2019-09-05 15:21:28.428,10718,10719,10719,4
2019-09-05 15:21:28.553,10718,10719,10719,7
2019-09-05 15:21:28.553,10718,10719,10719,1
2019-09-05 15:21:59.804,10719,10720,10720,26
2019-09-05 15:22:00.053,10720,10721,10720,1
2019-09-05 15:22:16.731,10720,10721,10720,3
2019-09-05 15:22:21.186,10719,10720,10720,1
2019-09-05 15:22:28.053,10719,10720,10720,1
2019-09-05 15:22:59.571,10719,10720,10719,1
2019-09-05 15:23:07.953,10719,10720,10720,1
2019-09-05 15:23:18.293,10719,10720,10720,1
2019-09-05 15:23:28.104,10719,10720,10720,1
2019-09-05 15:23:31.383,10719,10720,10720,1
2019-09-05 15:23:33.444,10719,10720,10720,1
2019-09-05 15:23:37.236,10719,10720,10720,1
2019-09-05 15:23:50.937,10719,10720,10719,1
2019-09-05 15:23:56.597,10719,10720,10719,1
2019-09-05 15:23:57.924,10719,10720,10719,1
2019-09-05 15:24:01.929,10719,10720,10719,1
2019-09-05 15:24:03.378,10719,10720,10720,1
2019-09-05 15:24:06.742,10719,10720,10719,1
2019-09-05 15:24:08.092,10719,10720,10719,1
2019-09-05 15:24:08.093,10719,10720,10719,10
2019-09-05 15:24:08.093,10719,10720,10719,2
2019-09-05 15:24:08.093,10719,10720,10719,1
2019-09-05 15:24:08.093,10719,10720,10719,2
2019-09-05 15:24:08.310,10718,10719,10718,1
2019-09-05 15:24:19.414,10718,10719,10718,4
2019-09-05 15:24:19.428,10718,10719,10718,19
2019-09-05 15:24:20.211,10717,10718,10718,1
2019-09-05 15:24:20.211,10717,10718,10718,1
2019-09-05 15:24:28.290,10718,10719,10718,1
2019-09-05 15:24:30.562,10718,10719,10718,1
2019-09-05 15:24:30.902,10718,10719,10719,1
2019-09-05 15:24:31.930,10718,10719,10718,1
2019-09-05 15:24:32.833,10718,10719,10719,1
2019-09-05 15:24:35.435,10718,10719,10719,1
2019-09-05 15:25:13.207,10718,10719,10719,1
2019-09-05 15:25:14.073,10718,10719,10718,3
2019-09-05 15:25:14.178,10717,10718,10718,1
2019-09-05 15:25:26.961,10718,10719,10719,2
2019-09-05 15:25:27.053,10718,10719,10719,19
2019-09-05 15:25:43.377,10719,10720,10719,1
2019-09-05 15:25:49.676,10719,10720,10719,1
2019-09-05 15:26:17.956,10719,10720,10720,53
2019-09-05 15:26:24.264,10720,10721,10721,1
2019-09-05 15:26:24.264,10720,10721,10721,1
2019-09-05 15:26:24.265,10720,10721,10721,11
2019-09-05 15:26:24.265,10720,10721,10721,3
2019-09-05 15:26:24.265,10720,10721,10721,1
2019-09-05 15:26:26.587,10721,10722,10722,1
2019-09-05 15:26:26.704,10721,10722,10722,2
2019-09-05 15:26:26.818,10721,10722,10722,1
2019-09-05 15:26:26.823,10721,10722,10722,2
2019-09-05 15:26:28.499,10721,10722,10722,1
2019-09-05 15:26:28.913,10721,10722,10721,1
2019-09-05 15:26:32.139,10721,10722,10722,1
2019-09-05 15:26:34.487,10721,10722,10722,2
2019-09-05 15:26:37.858,10721,10722,10722,1
2019-09-05 15:26:39.623,10721,10722,10722,1
2019-09-05 15:26:40.165,10721,10722,10722,1
2019-09-05 15:26:40.178,10721,10722,10722,1
2019-09-05 15:26:40.729,10722,10723,10722,1
2019-09-05 15:26:47.636,10722,10723,10723,2
2019-09-05 15:26:48.693,10722,10723,10723,1
2019-09-05 15:26:49.452,10722,10723,10723,5
2019-09-05 15:26:50.206,10723,10724,10723,1
2019-09-05 15:26:50.256,10723,10724,10723,1
2019-09-05 15:26:50.312,10722,10723,10723,1
2019-09-05 15:26:50.881,10722,10723,10723,1
2019-09-05 15:26:51.870,10722,10723,10723,1
2019-09-05 15:26:51.870,10722,10723,10724,1
2019-09-05 15:26:52.066,10722,10724,10724,33
2019-09-05 15:26:52.066,10722,10724,10724,2
2019-09-05 15:26:52.067,10722,10724,10724,1
2019-09-05 15:26:52.067,10722,10724,10724,2
2019-09-05 15:26:52.067,10722,10724,10724,2
2019-09-05 15:26:52.067,10722,10724,10724,1
2019-09-05 15:26:52.067,10722,10724,10724,2
2019-09-05 15:26:52.338,10723,10725,10723,2
2019-09-05 15:26:52.671,10723,10725,10725,1
2019-09-05 15:26:52.723,10723,10725,10725,1
2019-09-05 15:26:52.809,10723,10725,10725,1
2019-09-05 15:26:53.050,10723,10724,10724,1
2019-09-05 15:26:56.028,10723,10724,10724,1
2019-09-05 15:26:56.718,10723,10724,10723,1
2019-09-05 15:26:57.203,10723,10724,10724,1
2019-09-05 15:27:00.845,10723,10724,10723,1
2019-09-05 15:27:02.495,10723,10724,10724,1
2019-09-05 15:27:03.951,10723,10724,10724,3
2019-09-05 15:27:07.562,10723,10724,10724,1
2019-09-05 15:27:12.378,10723,10724,10723,1
2019-09-05 15:27:12.582,10723,10724,10723,1
2019-09-05 15:27:12.772,10723,10724,10723,1
2019-09-05 15:27:13.408,10723,10724,10723,5
2019-09-05 15:27:14.525,10723,10724,10723,5
2019-09-05 15:27:14.647,10722,10723,10723,1
2019-09-05 15:27:14.971,10722,10723,10723,1
2019-09-05 15:27:20.707,10722,10723,10723,1
2019-09-05 15:27:29.745,10722,10723,10723,1
2019-09-05 15:27:32.934,10722,10723,10722,1
2019-09-05 15:27:37.437,10722,10723,10722,14
2019-09-05 15:27:41.457,10721,10722,10722,1
2019-09-05 15:27:42.300,10721,10722,10721,3
2019-09-05 15:27:43.899,10721,10722,10722,1
2019-09-05 15:28:09.597,10721,10722,10722,1
2019-09-05 15:28:10.240,10721,10722,10721,2
2019-09-05 15:28:13.224,10721,10722,10721,1
2019-09-05 15:28:13.224,10721,10722,10721,1
2019-09-05 15:28:13.224,10721,10722,10721,2
2019-09-05 15:28:13.224,10721,10722,10721,3
2019-09-05 15:28:13.224,10721,10722,10721,2
2019-09-05 15:28:13.855,10720,10721,10721,1
2019-09-05 15:28:19.307,10720,10721,10721,1
2019-09-05 15:28:26.191,10720,10721,10720,1
2019-09-05 15:28:56.743,10720,10721,10720,3
2019-09-05 15:28:57.504,10720,10721,10720,2
2019-09-05 15:29:01.216,10720,10721,10720,5
2019-09-05 15:29:01.453,10720,10721,10720,1
2019-09-05 15:29:02.412,10719,10720,10720,1
2019-09-05 15:29:05.133,10719,10720,10720,1
2019-09-05 15:29:05.850,10719,10720,10720,1
2019-09-05 15:29:10.665,10719,10720,10719,1
2019-09-05 15:29:14.995,10719,10720,10720,3
2019-09-05 15:29:29.843,10720,10721,10721,1
2019-09-05 15:29:30.803,10720,10721,10721,1
2019-09-05 15:29:32.429,10720,10721,10721,3
2019-09-05 15:29:36.858,10721,10722,10721,1
2019-09-05 15:29:38.083,10721,10722,10722,1
2019-09-05 15:29:44.390,10721,10722,10722,1
2019-09-05 15:29:45.806,10721,10722,10721,5
2019-09-05 15:29:59.257,10721,10722,10721,1
2019-09-05 15:30:01.259,10721,10722,10721,22
2019-09-05 15:30:01.259,10721,10722,10720,18
2019-09-05 15:30:03.955,10720,10721,10720,2
2019-09-05 15:30:23.212,10719,10720,10719,10
2019-09-05 15:30:29.293,10719,10720,10719,2
2019-09-05 15:30:32.634,10719,10720,10720,1
2019-09-05 15:30:33.021,10719,10720,10719,1
2019-09-05 15:30:36.825,10719,10720,10719,1
2019-09-05 15:30:37.776,10719,10720,10719,1
2019-09-05 15:30:40.595,10719,10720,10719,2
2019-09-05 15:30:41.543,10719,10720,10719,2
2019-09-05 15:30:43.479,10719,10720,10719,1
2019-09-05 15:31:01.912,10719,10720,10719,1
2019-09-05 15:31:11.021,10719,10720,10719,1
2019-09-05 15:31:18.035,10719,10720,10719,1
2019-09-05 15:31:18.607,10719,10720,10720,1
2019-09-05 15:31:20.039,10719,10720,10719,1
2019-09-05 15:31:20.625,10719,10720,10719,2
2019-09-05 15:31:22.185,10719,10720,10719,1
2019-09-05 15:31:22.186,10719,10720,10719,2
2019-09-05 15:31:22.186,10719,10720,10719,1
2019-09-05 15:31:22.186,10719,10720,10719,9
2019-09-05 15:31:22.187,10719,10720,10719,4
2019-09-05 15:31:22.198,10719,10720,10719,1
2019-09-05 15:31:22.644,10718,10719,10718,29
2019-09-05 15:31:22.678,10718,10719,10718,2
2019-09-05 15:31:22.678,10718,10719,10718,3
2019-09-05 15:31:22.679,10718,10719,10718,3
2019-09-05 15:31:27.364,10718,10719,10718,2
2019-09-05 15:31:27.365,10718,10719,10718,2
2019-09-05 15:31:31.024,10717,10718,10717,1
2019-09-05 15:31:31.170,10717,10718,10717,1
2019-09-05 15:31:31.873,10717,10718,10718,1
2019-09-05 15:31:40.210,10717,10718,10718,5
2019-09-05 15:31:43.108,10717,10718,10718,1
2019-09-05 15:31:44.535,10717,10718,10718,17
2019-09-05 15:32:09.562,10717,10718,10718,1
2019-09-05 15:32:09.823,10717,10718,10717,1
2019-09-05 15:32:10.526,10717,10718,10718,6
2019-09-05 15:32:10.554,10717,10718,10718,4
2019-09-05 15:32:11.284,10718,10719,10718,1
2019-09-05 15:32:11.626,10718,10719,10718,1
2019-09-05 15:32:14.755,10718,10719,10719,1
2019-09-05 15:32:16.290,10718,10719,10719,1
2019-09-05 15:32:23.460,10719,10720,10719,6
2019-09-05 15:32:23.960,10719,10720,10719,1
2019-09-05 15:32:24.270,10719,10720,10719,1
2019-09-05 15:32:29.091,10719,10720,10720,12
2019-09-05 15:32:41.178,10720,10721,10721,4
2019-09-05 15:32:42.064,10721,10722,10721,2
2019-09-05 15:32:50.573,10720,10721,10721,1
2019-09-05 15:33:01.849,10721,10722,10721,1
2019-09-05 15:33:09.409,10720,10721,10721,1
2019-09-05 15:33:12.557,10720,10721,10720,1
2019-09-05 15:33:22.818,10720,10721,10721,1
2019-09-05 15:33:26.874,10720,10721,10721,1
2019-09-05 15:33:34.962,10720,10721,10720,3
2019-09-05 15:33:36.053,10720,10721,10721,1
2019-09-05 15:33:37.653,10720,10721,10720,1
2019-09-05 15:33:38.398,10720,10721,10721,1
2019-09-05 15:33:39.950,10720,10721,10721,1
2019-09-05 15:33:53.803,10720,10721,10721,1
2019-09-05 15:33:59.103,10720,10721,10721,3
2019-09-05 15:34:05.305,10721,10722,10722,6
2019-09-05 15:34:14.121,10721,10722,10722,1
2019-09-05 15:34:22.219,10721,10722,10722,1
2019-09-05 15:34:23.961,10721,10722,10722,17
2019-09-05 15:34:24.053,10721,10722,10722,2
2019-09-05 15:34:32.445,10722,10723,10722,1
2019-09-05 15:34:33.311,10722,10723,10722,5
2019-09-05 15:34:48.827,10722,10723,10723,1
2019-09-05 15:34:53.499,10722,10723,10723,1
2019-09-05 15:34:56.244,10722,10723,10723,1
2019-09-05 15:34:56.962,10722,10723,10723,3
2019-09-05 15:34:58.173,10722,10723,10723,2
2019-09-05 15:35:00.420,10722,10723,10723,5
2019-09-05 15:35:02.013,10722,10723,10723,1
2019-09-05 15:35:15.190,10722,10723,10723,1
2019-09-05 15:35:27.811,10722,10723,10723,1
2019-09-05 15:35:28.428,10722,10723,10723,1
2019-09-05 15:35:34.305,10722,10723,10722,1
2019-09-05 15:35:35.942,10722,10723,10722,2
2019-09-05 15:35:39.234,10722,10723,10722,1
2019-09-05 15:35:39.729,10722,10723,10722,1
2019-09-05 15:35:39.983,10721,10722,10722,1
2019-09-05 15:35:44.301,10721,10722,10722,3
2019-09-05 15:35:52.787,10722,10723,10722,1
2019-09-05 15:36:05.836,10722,10723,10722,1
2019-09-05 15:36:09.831,10721,10722,10722,1
2019-09-05 15:36:37.695,10722,10723,10722,1
2019-09-05 15:36:37.705,10722,10723,10722,1
2019-09-05 15:36:47.730,10721,10722,10722,1
2019-09-05 15:37:02.992,10721,10722,10722,1
2019-09-05 15:37:08.812,10722,10723,10722,1
2019-09-05 15:37:21.460,10722,10723,10722,1
2019-09-05 15:37:27.884,10722,10723,10723,2
2019-09-05 15:37:27.928,10722,10723,10723,1
2019-09-05 15:37:27.928,10722,10723,10723,3
2019-09-05 15:37:39.848,10723,10724,10724,2
2019-09-05 15:37:40.588,10723,10724,10723,1
2019-09-05 15:37:41.338,10723,10724,10724,1
2019-09-05 15:37:42.559,10723,10724,10724,1
2019-09-05 15:37:42.562,10723,10724,10724,1
2019-09-05 15:37:43.637,10723,10724,10724,1
2019-09-05 15:37:47.232,10723,10724,10724,2
2019-09-05 15:37:47.410,10723,10724,10724,6
2019-09-05 15:37:49.715,10723,10724,10724,2
2019-09-05 15:37:50.249,10724,10725,10725,1
2019-09-05 15:37:50.836,10724,10725,10725,2
2019-09-05 15:37:54.764,10724,10725,10725,2
2019-09-05 15:38:05.454,10724,10725,10724,7
2019-09-05 15:38:07.363,10723,10724,10723,1
2019-09-05 15:38:07.921,10723,10724,10723,2
2019-09-05 15:38:14.913,10723,10724,10724,6
2019-09-05 15:38:14.913,10723,10724,10724,1
2019-09-05 15:38:19.026,10723,10724,10724,1
2019-09-05 15:38:20.969,10723,10724,10724,2
2019-09-05 15:38:24.438,10723,10724,10724,5
2019-09-05 15:38:25.016,10724,10725,10724,2
2019-09-05 15:38:29.078,10724,10725,10724,1
2019-09-05 15:38:39.177,10724,10725,10724,1
2019-09-05 15:38:40.893,10724,10725,10724,1
2019-09-05 15:38:44.624,10724,10725,10724,1
2019-09-05 15:38:50.315,10724,10725,10724,1
2019-09-05 15:39:05.067,10724,10725,10724,2
2019-09-05 15:39:10.573,10724,10725,10724,1
2019-09-05 15:39:14.615,10724,10725,10724,2
2019-09-05 15:39:15.114,10724,10725,10724,1
2019-09-05 15:39:21.804,10724,10725,10724,1
2019-09-05 15:39:23.216,10724,10725,10724,1
2019-09-05 15:39:23.275,10724,10725,10725,1
2019-09-05 15:39:23.407,10724,10725,10724,1
2019-09-05 15:39:23.543,10724,10725,10724,1
2019-09-05 15:39:31.532,10724,10725,10725,4
2019-09-05 15:39:32.974,10724,10725,10725,6
2019-09-05 15:39:33.053,10724,10725,10725,7
2019-09-05 15:39:33.053,10724,10725,10725,2
2019-09-05 15:39:33.053,10724,10725,10725,2
2019-09-05 15:39:33.053,10724,10725,10725,5
2019-09-05 15:39:33.053,10724,10725,10725,3
2019-09-05 15:39:33.053,10724,10725,10725,4
2019-09-05 15:39:43.792,10725,10726,10726,1
2019-09-05 15:39:43.831,10725,10726,10726,2
2019-09-05 15:39:43.837,10725,10726,10726,1
2019-09-05 15:39:43.843,10725,10726,10726,1
2019-09-05 15:39:43.887,10725,10726,10727,1
2019-09-05 15:39:44.438,10725,10727,10727,1
2019-09-05 15:39:45.110,10726,10727,10726,1
2019-09-05 15:39:45.110,10726,10727,10725,1
2019-09-05 15:39:45.880,10725,10726,10726,1
2019-09-05 15:39:46.368,10725,10726,10725,3
2019-09-05 15:39:48.570,10725,10726,10726,1
2019-09-05 15:39:49.693,10725,10726,10726,1
2019-09-05 15:39:50.093,10726,10727,10727,1
2019-09-05 15:39:51.416,10726,10727,10726,1
2019-09-05 15:39:52.084,10725,10726,10726,1
2019-09-05 15:39:52.460,10725,10726,10726,1
2019-09-05 15:39:53.626,10725,10726,10726,2
2019-09-05 15:39:54.250,10725,10726,10726,1
2019-09-05 15:39:55.392,10725,10726,10726,1
2019-09-05 15:39:57.073,10725,10726,10726,1
2019-09-05 15:39:57.310,10725,10726,10726,1
2019-09-05 15:39:58.040,10726,10727,10727,1
2019-09-05 15:39:58.095,10726,10727,10727,1
2019-09-05 15:39:58.293,10726,10727,10727,1
2019-09-05 15:40:00.423,10726,10727,10727,2
2019-09-05 15:40:01.878,10726,10727,10727,1
2019-09-05 15:40:02.407,10726,10727,10727,1
2019-09-05 15:40:02.543,10726,10727,10727,1
2019-09-05 15:40:02.569,10726,10727,10727,1
2019-09-05 15:40:05.687,10726,10727,10726,1
2019-09-05 15:40:15.052,10726,10727,10726,1
2019-09-05 15:40:15.077,10726,10727,10727,4
2019-09-05 15:40:17.763,10726,10727,10726,20
2019-09-05 15:40:17.803,10726,10727,10726,3
2019-09-05 15:40:19.756,10725,10726,10726,1
2019-09-05 15:40:20.049,10725,10726,10726,1
2019-09-05 15:40:23.867,10725,10726,10726,2
2019-09-05 15:40:28.807,10725,10726,10726,2
2019-09-05 15:40:29.663,10725,10726,10726,5
2019-09-05 15:40:33.147,10725,10726,10726,1
2019-09-05 15:40:34.900,10725,10726,10726,1
2019-09-05 15:40:36.499,10725,10726,10725,1
2019-09-05 15:40:39.857,10725,10726,10726,1
2019-09-05 15:40:52.550,10725,10726,10725,1
2019-09-05 15:40:52.590,10725,10726,10726,5
2019-09-05 15:40:52.792,10725,10726,10725,1
2019-09-05 15:40:54.406,10725,10726,10725,1
2019-09-05 15:40:57.850,10725,10726,10725,14
2019-09-05 15:40:57.850,10725,10726,10725,2
2019-09-05 15:40:58.784,10724,10725,10725,1
2019-09-05 15:41:04.287,10724,10725,10725,1
2019-09-05 15:41:06.864,10724,10725,10725,4
2019-09-05 15:41:12.152,10725,10726,10725,1
2019-09-05 15:41:13.433,10724,10725,10725,1
2019-09-05 15:41:19.805,10724,10725,10725,1
2019-09-05 15:41:21.596,10725,10726,10725,1
2019-09-05 15:41:23.521,10725,10726,10726,16
2019-09-05 15:41:26.297,10726,10727,10726,2
2019-09-05 15:41:27.034,10726,10727,10726,1
2019-09-05 15:41:27.586,10726,10727,10727,2
2019-09-05 15:41:27.666,10726,10727,10727,4
2019-09-05 15:41:27.678,10726,10727,10727,6
2019-09-05 15:41:27.678,10726,10727,10727,1
2019-09-05 15:41:30.338,10727,10728,10728,1
2019-09-05 15:41:30.338,10727,10728,10728,2
2019-09-05 15:41:30.338,10727,10728,10728,11
2019-09-05 15:41:31.373,10728,10729,10729,3
2019-09-05 15:41:31.513,10728,10729,10729,3
2019-09-05 15:41:31.597,10728,10729,10728,1
2019-09-05 15:41:33.709,10728,10729,10728,1
2019-09-05 15:41:35.861,10728,10729,10728,1
2019-09-05 15:41:38.061,10728,10729,10729,2
2019-09-05 15:41:38.062,10728,10729,10729,4
2019-09-05 15:41:38.062,10728,10729,10729,5
2019-09-05 15:41:40.928,10729,10730,10729,1
2019-09-05 15:41:41.040,10729,10730,10730,1
2019-09-05 15:41:43.692,10728,10730,10730,1
2019-09-05 15:41:47.170,10729,10730,10729,3
2019-09-05 15:41:47.170,10729,10730,10729,4
2019-09-05 15:41:47.873,10728,10729,10729,10
2019-09-05 15:41:47.936,10728,10729,10729,2
2019-09-05 15:41:48.977,10728,10729,10728,1
2019-09-05 15:41:56.110,10728,10729,10729,5
2019-09-05 15:41:58.346,10728,10729,10729,2
2019-09-05 15:42:00.303,10728,10730,10730,5
2019-09-05 15:42:08.241,10729,10730,10730,1
2019-09-05 15:42:08.911,10729,10730,10730,1
2019-09-05 15:42:13.158,10729,10730,10729,2
2019-09-05 15:42:13.178,10729,10730,10729,1
2019-09-05 15:42:13.206,10729,10730,10730,5
2019-09-05 15:42:15.735,10729,10730,10730,1
2019-09-05 15:42:15.795,10729,10730,10729,1
2019-09-05 15:42:16.433,10729,10730,10730,1
2019-09-05 15:42:16.785,10729,10730,10730,1
2019-09-05 15:42:17.092,10729,10730,10730,1
2019-09-05 15:42:23.824,10729,10730,10729,1
2019-09-05 15:42:24.353,10729,10730,10729,1
2019-09-05 15:42:27.033,10729,10730,10729,1
2019-09-05 15:42:27.984,10729,10730,10729,1
2019-09-05 15:42:28.557,10729,10730,10729,4
2019-09-05 15:42:44.291,10728,10729,10729,1
2019-09-05 15:42:51.169,10728,10729,10729,1
2019-09-05 15:42:59.852,10728,10729,10729,3
2019-09-05 15:42:59.928,10728,10729,10729,5
2019-09-05 15:43:02.203,10728,10729,10729,1
2019-09-05 15:43:04.712,10728,10729,10729,3
2019-09-05 15:43:10.775,10729,10730,10729,1
2019-09-05 15:43:15.371,10729,10730,10729,2
2019-09-05 15:43:18.930,10729,10730,10730,4
2019-09-05 15:43:19.077,10729,10730,10730,7
2019-09-05 15:43:19.077,10729,10730,10730,5
2019-09-05 15:43:19.078,10729,10730,10730,1
2019-09-05 15:43:19.078,10729,10730,10730,4
2019-09-05 15:43:19.178,10729,10730,10730,3
2019-09-05 15:43:19.644,10730,10731,10730,1
2019-09-05 15:43:23.337,10730,10731,10731,1
2019-09-05 15:43:23.457,10730,10731,10731,1
2019-09-05 15:43:23.461,10730,10731,10731,1
2019-09-05 15:43:23.464,10730,10731,10731,1
2019-09-05 15:43:23.631,10730,10731,10731,1
2019-09-05 15:43:23.641,10730,10731,10730,5
2019-09-05 15:43:23.681,10729,10731,10731,1
2019-09-05 15:43:24.016,10730,10731,10731,1
2019-09-05 15:43:24.117,10730,10731,10731,1
2019-09-05 15:43:33.304,10730,10731,10730,4
2019-09-05 15:43:33.842,10729,10731,10731,1
2019-09-05 15:43:36.495,10729,10731,10731,1
2019-09-05 15:43:36.553,10729,10730,10730,1
2019-09-05 15:43:38.926,10729,10730,10730,1
2019-09-05 15:43:41.196,10729,10730,10730,1
2019-09-05 15:43:42.984,10730,10731,10730,1
2019-09-05 15:43:44.228,10729,10730,10730,1
2019-09-05 15:43:47.510,10729,10730,10730,1
2019-09-05 15:43:49.468,10729,10730,10730,3
2019-09-05 15:43:49.584,10729,10730,10730,3
2019-09-05 15:43:49.768,10729,10730,10730,15
2019-09-05 15:43:49.810,10730,10731,10730,1
2019-09-05 15:43:50.593,10730,10731,10730,1
2019-09-05 15:43:52.725,10730,10731,10730,1
2019-09-05 15:43:55.124,10730,10731,10730,1
2019-09-05 15:43:58.989,10730,10731,10730,4
2019-09-05 15:44:00.261,10730,10731,10730,1
2019-09-05 15:44:08.943,10730,10731,10730,1
2019-09-05 15:44:15.431,10730,10731,10731,1
2019-09-05 15:44:21.139,10730,10731,10731,6
2019-09-05 15:44:23.064,10730,10731,10731,1
2019-09-05 15:44:29.175,10730,10731,10731,10
2019-09-05 15:44:33.082,10730,10731,10731,3
2019-09-05 15:44:33.447,10730,10731,10731,1
2019-09-05 15:44:36.383,10730,10731,10730,16
2019-09-05 15:44:38.096,10729,10730,10730,1
2019-09-05 15:44:51.810,10729,10730,10729,1
2019-09-05 15:44:57.277,10729,10730,10730,3
2019-09-05 15:45:07.241,10729,10730,10729,1
2019-09-05 15:45:13.824,10729,10730,10729,1
2019-09-05 15:45:24.391,10729,10730,10729,1
2019-09-05 15:45:28.319,10729,10730,10730,6
2019-09-05 15:45:34.274,10729,10730,10730,2
2019-09-05 15:45:34.484,10730,10731,10730,2
2019-09-05 15:45:40.615,10730,10731,10730,1
2019-09-05 15:45:40.678,10730,10731,10730,10
2019-09-05 15:45:52.525,10729,10730,10730,1
2019-09-05 15:45:58.689,10729,10730,10730,2
2019-09-05 15:46:01.969,10729,10730,10730,1
2019-09-05 15:46:13.083,10729,10730,10730,13
2019-09-05 15:46:13.083,10729,10730,10730,1
2019-09-05 15:46:13.179,10730,10731,10730,2
2019-09-05 15:46:25.744,10730,10731,10730,1
2019-09-05 15:46:40.407,10730,10731,10730,1
2019-09-05 15:46:43.262,10730,10731,10731,1
2019-09-05 15:46:45.155,10730,10731,10730,1
2019-09-05 15:46:53.510,10730,10731,10730,1
2019-09-05 15:46:54.215,10730,10731,10731,1
2019-09-05 15:46:55.068,10730,10731,10731,1
2019-09-05 15:46:55.285,10730,10731,10731,1
2019-09-05 15:46:55.332,10730,10731,10731,8
2019-09-05 15:46:58.668,10731,10732,10732,1
2019-09-05 15:46:58.770,10731,10732,10732,1
2019-09-05 15:46:58.818,10731,10732,10732,10
2019-09-05 15:46:58.819,10731,10732,10732,1
2019-09-05 15:46:58.836,10731,10732,10732,3
2019-09-05 15:46:58.890,10731,10732,10731,5
2019-09-05 15:46:59.255,10731,10732,10732,4
2019-09-05 15:47:05.957,10731,10732,10732,23
2019-09-05 15:47:05.957,10731,10732,10732,2
2019-09-05 15:47:07.822,10731,10732,10732,2
2019-09-05 15:47:09.152,10731,10732,10732,5
2019-09-05 15:47:11.798,10731,10732,10732,1
2019-09-05 15:47:13.922,10731,10732,10732,5
2019-09-05 15:47:14.359,10731,10732,10732,1
2019-09-05 15:47:15.059,10731,10732,10732,1
2019-09-05 15:47:15.537,10731,10732,10732,1
2019-09-05 15:47:17.785,10731,10732,10732,1
2019-09-05 15:47:18.201,10731,10732,10732,1
2019-09-05 15:47:18.966,10731,10732,10732,1
2019-09-05 15:47:20.060,10731,10732,10731,18
2019-09-05 15:47:21.434,10730,10731,10731,1
2019-09-05 15:47:22.768,10730,10731,10731,6
2019-09-05 15:47:26.338,10730,10731,10730,1
2019-09-05 15:47:29.997,10730,10731,10730,1
2019-09-05 15:47:31.053,10730,10731,10730,2
2019-09-05 15:47:32.152,10730,10731,10730,1
2019-09-05 15:47:32.526,10729,10730,10730,1
2019-09-05 15:47:45.425,10729,10730,10729,5
2019-09-05 15:47:58.367,10729,10730,10729,1
2019-09-05 15:48:03.741,10729,10730,10729,5
2019-09-05 15:48:03.785,10729,10730,10729,2
2019-09-05 15:48:03.785,10729,10730,10729,2
2019-09-05 15:48:04.069,10728,10729,10728,2
2019-09-05 15:48:04.073,10728,10729,10728,10
2019-09-05 15:48:04.073,10728,10729,10728,7
2019-09-05 15:48:04.093,10728,10729,10728,2
2019-09-05 15:48:04.096,10728,10729,10728,2
2019-09-05 15:48:04.098,10728,10729,10728,1
2019-09-05 15:48:07.447,10727,10728,10728,1
2019-09-05 15:48:09.927,10727,10728,10727,1
2019-09-05 15:48:10.059,10727,10728,10727,1
2019-09-05 15:48:10.416,10727,10728,10727,1
2019-09-05 15:48:10.601,10727,10728,10727,1
2019-09-05 15:48:11.369,10727,10728,10727,1
2019-09-05 15:48:14.820,10727,10728,10728,1
2019-09-05 15:48:15.369,10727,10728,10727,1
2019-09-05 15:48:19.251,10727,10728,10727,2
2019-09-05 15:48:19.387,10727,10728,10727,1
2019-09-05 15:48:21.667,10727,10728,10727,1
2019-09-05 15:48:22.041,10727,10728,10727,12
2019-09-05 15:48:25.593,10726,10727,10726,2
2019-09-05 15:48:25.811,10726,10727,10726,1
2019-09-05 15:48:28.324,10726,10727,10726,1
2019-09-05 15:48:29.317,10726,10727,10726,1
2019-09-05 15:48:29.799,10726,10727,10726,1
2019-09-05 15:48:29.829,10726,10727,10726,1
2019-09-05 15:48:32.831,10726,10727,10726,1
2019-09-05 15:48:36.401,10725,10726,10725,1
2019-09-05 15:48:39.274,10725,10726,10725,1
2019-09-05 15:48:40.093,10725,10726,10725,1
2019-09-05 15:48:41.641,10725,10726,10726,1
2019-09-05 15:48:41.641,10725,10726,10726,2
2019-09-05 15:48:42.401,10726,10727,10726,1
2019-09-05 15:48:44.762,10726,10727,10726,2
2019-09-05 15:48:49.279,10726,10727,10726,1
2019-09-05 15:48:51.996,10726,10727,10726,1
2019-09-05 15:48:52.924,10726,10727,10726,1
2019-09-05 15:48:53.888,10726,10727,10726,1
2019-09-05 15:48:55.484,10726,10727,10726,1
2019-09-05 15:48:56.555,10726,10727,10727,4
2019-09-05 15:49:04.678,10727,10728,10727,1
2019-09-05 15:49:14.054,10727,10728,10728,3
2019-09-05 15:49:20.163,10728,10729,10729,3
2019-09-05 15:49:23.230,10729,10730,10729,1
2019-09-05 15:49:23.418,10729,10730,10729,2
2019-09-05 15:49:26.466,10729,10730,10729,1
2019-09-05 15:49:32.410,10729,10730,10730,1
2019-09-05 15:49:32.410,10729,10730,10730,1
2019-09-05 15:49:32.410,10729,10730,10730,2
2019-09-05 15:49:32.410,10729,10730,10730,1
2019-09-05 15:49:47.256,10730,10731,10730,2
2019-09-05 15:49:55.083,10729,10730,10730,2
2019-09-05 15:49:59.668,10729,10730,10729,2
2019-09-05 15:49:59.711,10729,10730,10729,2
2019-09-05 15:49:59.711,10729,10730,10729,3
2019-09-05 15:49:59.910,10729,10730,10729,1
2019-09-05 15:50:00.243,10729,10730,10730,2
2019-09-05 15:50:00.246,10729,10730,10730,6
2019-09-05 15:50:00.251,10729,10730,10730,1
2019-09-05 15:50:00.447,10729,10731,10730,2
2019-09-05 15:50:00.707,10730,10731,10730,3
2019-09-05 15:50:00.891,10730,10731,10730,1
2019-09-05 15:50:00.919,10730,10731,10730,2
2019-09-05 15:50:02.519,10730,10731,10730,2
2019-09-05 15:50:12.265,10729,10730,10730,1
2019-09-05 15:50:13.370,10729,10730,10730,1
2019-09-05 15:50:17.786,10729,10731,10730,1
2019-09-05 15:50:22.121,10729,10730,10729,2
2019-09-05 15:50:22.308,10728,10729,10729,1
2019-09-05 15:50:42.047,10728,10730,10728,6
2019-09-05 15:50:51.042,10728,10729,10728,2
2019-09-05 15:50:56.164,10728,10729,10728,1
2019-09-05 15:51:42.803,10728,10729,10729,3
2019-09-05 15:51:43.444,10728,10730,10730,1
2019-09-05 15:51:44.342,10729,10730,10729,1
2019-09-05 15:51:52.482,10729,10730,10729,1
2019-09-05 15:51:54.584,10728,10730,10730,2
2019-09-05 15:51:57.901,10728,10729,10729,1
2019-09-05 15:52:01.681,10729,10730,10730,2
2019-09-05 15:52:01.687,10729,10730,10730,3
2019-09-05 15:52:04.233,10730,10731,10731,1
2019-09-05 15:52:05.793,10730,10731,10731,1
2019-09-05 15:52:09.843,10730,10731,10731,2
2019-09-05 15:52:14.099,10730,10731,10731,2
2019-09-05 15:52:19.976,10730,10731,10730,1
2019-09-05 15:52:42.854,10730,10731,10731,15
2019-09-05 15:52:53.474,10730,10731,10730,5
2019-09-05 15:52:53.664,10730,10731,10731,1
2019-09-05 15:53:02.785,10730,10731,10730,5
2019-09-05 15:53:02.836,10730,10731,10730,1
2019-09-05 15:53:08.886,10730,10731,10730,1
2019-09-05 15:53:10.567,10730,10731,10730,1
2019-09-05 15:53:12.032,10730,10731,10730,2
2019-09-05 15:53:12.529,10729,10731,10730,1
2019-09-05 15:53:20.174,10730,10731,10730,1
2019-09-05 15:53:24.418,10730,10731,10730,5
2019-09-05 15:53:27.777,10730,10731,10730,6
2019-09-05 15:53:44.891,10728,10730,10730,2
2019-09-05 15:54:07.675,10729,10730,10729,2
2019-09-05 15:54:09.560,10729,10730,10729,1
2019-09-05 15:54:25.715,10728,10729,10729,2
2019-09-05 15:54:25.803,10728,10729,10729,2
2019-09-05 15:54:32.610,10729,10730,10729,1
2019-09-05 15:54:47.569,10729,10730,10729,1
2019-09-05 15:54:52.543,10729,10730,10729,1
2019-09-05 15:54:58.852,10729,10730,10729,3
2019-09-05 15:55:16.414,10729,10730,10729,1
2019-09-05 15:55:34.097,10729,10730,10730,1
2019-09-05 15:55:35.876,10729,10730,10730,1
2019-09-05 15:55:56.368,10729,10730,10730,1
2019-09-05 15:56:09.493,10729,10730,10729,1
2019-09-05 15:56:10.393,10729,10730,10729,1
2019-09-05 15:56:13.482,10729,10730,10730,1
2019-09-05 15:56:45.689,10729,10730,10730,1
2019-09-05 15:57:07.603,10729,10730,10729,1
2019-09-05 15:57:19.425,10729,10730,10730,2
2019-09-05 15:57:19.425,10729,10730,10730,4
2019-09-05 15:57:19.425,10729,10730,10730,7
2019-09-05 15:57:26.092,10730,10731,10730,1
2019-09-05 15:57:26.092,10730,10731,10729,1
2019-09-05 15:57:31.971,10729,10730,10729,3
2019-09-05 15:57:42.800,10729,10730,10730,4
2019-09-05 15:57:48.576,10730,10731,10731,1
2019-09-05 15:57:53.664,10730,10731,10730,3
2019-09-05 15:58:23.535,10729,10730,10730,1
2019-09-05 15:58:35.764,10729,10730,10729,5
2019-09-05 15:58:39.783,10729,10730,10730,2
2019-09-05 15:58:49.212,10729,10730,10730,1
2019-09-05 15:58:52.966,10729,10730,10730,2
2019-09-05 15:59:06.764,10729,10730,10730,1
2019-09-05 15:59:06.771,10729,10730,10730,5
2019-09-05 15:59:10.169,10729,10730,10730,1
2019-09-05 15:59:15.206,10729,10730,10730,1
2019-09-05 15:59:15.834,10730,10731,10730,1
2019-09-05 15:59:21.236,10730,10731,10730,4
2019-09-05 15:59:24.139,10730,10731,10730,1
2019-09-05 15:59:42.269,10730,10731,10730,1
2019-09-05 16:00:00.232,10730,10731,10730,1
2019-09-05 16:00:12.072,10730,10731,10730,2
2019-09-05 16:00:13.242,10729,10730,10730,2
2019-09-05 16:00:13.297,10729,10730,10730,4
2019-09-05 16:00:13.297,10729,10730,10731,5
2019-09-05 16:00:13.357,10729,10731,10731,2
2019-09-05 16:00:13.367,10729,10731,10731,1
2019-09-05 16:00:13.369,10729,10731,10731,1
2019-09-05 16:00:13.389,10729,10731,10731,1
2019-09-05 16:00:13.395,10729,10731,10731,1
2019-09-05 16:00:13.404,10729,10731,10731,1
2019-09-05 16:00:30.652,10729,10730,10730,1
2019-09-05 16:00:51.164,10729,10730,10730,1
2019-09-05 16:00:53.162,10729,10730,10730,1
2019-09-05 16:01:08.355,10729,10730,10729,2
2019-09-05 16:01:08.355,10729,10730,10729,2
2019-09-05 16:01:08.355,10729,10730,10729,6
2019-09-05 16:01:08.355,10729,10730,10729,3
2019-09-05 16:01:08.511,10728,10729,10728,1
2019-09-05 16:01:12.051,10728,10729,10728,1
2019-09-05 16:01:16.149,10728,10729,10728,2
2019-09-05 16:01:20.926,10728,10730,10728,1
2019-09-05 16:01:21.084,10728,10729,10729,1
2019-09-05 16:01:23.381,10729,10730,10729,1
2019-09-05 16:01:53.788,10729,10730,10729,4
2019-09-05 16:01:53.803,10729,10730,10729,1
2019-09-05 16:01:53.804,10729,10730,10729,8
2019-09-05 16:01:54.040,10728,10729,10729,1
2019-09-05 16:01:54.053,10729,10730,10729,1
2019-09-05 16:01:55.979,10728,10729,10729,1
2019-09-05 16:02:00.903,10728,10729,10728,1
2019-09-05 16:02:03.798,10728,10729,10728,1
2019-09-05 16:02:36.450,10728,10729,10728,1
2019-09-05 16:02:37.138,10728,10729,10728,1
2019-09-05 16:02:37.330,10728,10729,10728,1
2019-09-05 16:02:43.367,10728,10729,10729,6
2019-09-05 16:02:45.200,10729,10730,10729,2
2019-09-05 16:02:46.874,10729,10730,10729,1
2019-09-05 16:02:51.395,10729,10730,10729,1
2019-09-05 16:02:54.868,10729,10730,10730,1
2019-09-05 16:02:54.871,10729,10730,10730,2
2019-09-05 16:02:54.917,10729,10730,10730,7
2019-09-05 16:02:54.918,10729,10730,10730,9
2019-09-05 16:02:54.928,10729,10730,10730,1
2019-09-05 16:02:54.928,10729,10730,10730,9
2019-09-05 16:02:54.928,10729,10730,10730,1
2019-09-05 16:02:54.928,10729,10730,10730,2
2019-09-05 16:02:54.928,10729,10730,10730,1
2019-09-05 16:02:54.928,10729,10730,10730,7
2019-09-05 16:02:54.928,10729,10730,10730,3
2019-09-05 16:02:54.928,10729,10730,10730,2
2019-09-05 16:02:54.928,10729,10730,10730,2
2019-09-05 16:02:54.928,10729,10730,10730,8
2019-09-05 16:02:54.929,10729,10730,10730,36
2019-09-05 16:02:55.012,10729,10730,10730,1
2019-09-05 16:03:16.093,10730,10731,10730,1
2019-09-05 16:03:16.178,10729,10730,10730,1
2019-09-05 16:03:18.321,10729,10730,10730,1
2019-09-05 16:03:31.718,10730,10731,10731,1
2019-09-05 16:03:51.216,10730,10731,10731,1
2019-09-05 16:03:52.419,10730,10731,10731,7
2019-09-05 16:03:55.579,10731,10732,10731,1
2019-09-05 16:03:58.366,10731,10732,10731,1
2019-09-05 16:04:02.159,10731,10732,10731,2
2019-09-05 16:04:02.159,10731,10732,10731,1
2019-09-05 16:04:15.521,10731,10732,10731,1
2019-09-05 16:04:24.279,10731,10732,10731,1
2019-09-05 16:04:25.117,10731,10732,10732,1
2019-09-05 16:04:44.380,10731,10732,10732,2
2019-09-05 16:04:45.145,10731,10732,10732,1
2019-09-05 16:04:45.520,10731,10732,10732,1
2019-09-05 16:04:45.729,10731,10732,10732,2
2019-09-05 16:04:45.919,10731,10732,10731,1
2019-09-05 16:04:55.814,10731,10732,10731,8
2019-09-05 16:04:59.504,10730,10731,10731,1
2019-09-05 16:05:04.919,10730,10731,10731,1
2019-09-05 16:05:28.785,10730,10731,10731,2
2019-09-05 16:05:28.786,10730,10731,10731,2
2019-09-05 16:05:28.787,10730,10731,10731,4
2019-09-05 16:05:28.788,10730,10731,10731,2
2019-09-05 16:05:28.789,10730,10731,10731,1
2019-09-05 16:05:28.789,10730,10731,10731,3
2019-09-05 16:05:28.789,10730,10731,10731,1
2019-09-05 16:05:28.790,10730,10731,10731,4
2019-09-05 16:05:28.792,10730,10731,10731,13
2019-09-05 16:05:33.803,10731,10732,10731,2
2019-09-05 16:06:11.057,10730,10731,10730,6
2019-09-05 16:06:11.178,10730,10731,10730,12
2019-09-05 16:06:19.912,10730,10731,10730,1
2019-09-05 16:06:21.274,10730,10731,10730,3
2019-09-05 16:06:21.300,10730,10731,10730,1
2019-09-05 16:06:22.592,10729,10730,10730,1
2019-09-05 16:06:48.027,10729,10730,10730,1
2019-09-05 16:06:49.780,10729,10730,10729,1
2019-09-05 16:06:54.496,10729,10730,10729,1
2019-09-05 16:07:04.416,10729,10730,10729,1
2019-09-05 16:07:07.618,10729,10730,10729,5
2019-09-05 16:07:23.162,10729,10730,10730,2
2019-09-05 16:07:23.489,10729,10730,10729,1
2019-09-05 16:07:23.490,10729,10730,10729,18
2019-09-05 16:07:23.490,10729,10730,10729,3
2019-09-05 16:07:23.499,10729,10730,10729,4
2019-09-05 16:07:23.524,10729,10730,10729,2
2019-09-05 16:07:23.524,10729,10730,10729,10
2019-09-05 16:07:23.524,10729,10730,10729,3
2019-09-05 16:07:23.525,10729,10730,10729,1
2019-09-05 16:07:23.525,10729,10730,10729,1
2019-09-05 16:07:23.525,10729,10730,10729,5
2019-09-05 16:07:23.525,10729,10730,10729,2
2019-09-05 16:07:23.525,10729,10730,10729,1
2019-09-05 16:07:23.525,10729,10730,10729,2
2019-09-05 16:07:23.525,10729,10730,10729,2
2019-09-05 16:07:23.534,10729,10730,10728,7
2019-09-05 16:07:23.615,10728,10729,10729,1
2019-09-05 16:07:35.209,10728,10729,10729,2
2019-09-05 16:07:37.870,10728,10729,10728,8
2019-09-05 16:07:37.870,10728,10729,10728,8
2019-09-05 16:07:37.870,10728,10729,10728,1
2019-09-05 16:07:41.805,10727,10728,10727,1
2019-09-05 16:07:49.772,10727,10728,10728,1
2019-09-05 16:07:49.905,10728,10729,10728,1
2019-09-05 16:07:56.756,10728,10729,10729,1
2019-09-05 16:07:56.756,10728,10729,10729,1
2019-09-05 16:07:56.756,10728,10729,10729,6
2019-09-05 16:07:57.651,10728,10730,10729,1
2019-09-05 16:08:00.014,10729,10730,10729,1
2019-09-05 16:08:00.423,10729,10730,10729,1
2019-09-05 16:08:03.397,10729,10730,10729,1
2019-09-05 16:08:12.621,10729,10730,10730,15
2019-09-05 16:08:12.678,10729,10730,10730,6
2019-09-05 16:08:12.803,10729,10731,10730,4
2019-09-05 16:08:16.038,10729,10731,10730,3
2019-09-05 16:08:16.386,10730,10731,10730,1
2019-09-05 16:08:51.024,10729,10730,10730,1
2019-09-05 16:08:52.748,10729,10730,10730,5
2019-09-05 16:09:04.841,10729,10730,10730,1
2019-09-05 16:09:25.270,10729,10730,10730,4
2019-09-05 16:09:29.635,10730,10731,10730,1
2019-09-05 16:09:41.484,10730,10731,10730,1
2019-09-05 16:10:09.813,10730,10731,10730,1
2019-09-05 16:10:14.594,10730,10731,10731,2
2019-09-05 16:10:16.379,10730,10731,10731,2
2019-09-05 16:10:23.125,10730,10731,10731,4
2019-09-05 16:10:23.126,10730,10731,10731,3
2019-09-05 16:10:25.007,10731,10732,10732,1
2019-09-05 16:10:51.491,10731,10732,10732,5
2019-09-05 16:10:53.827,10731,10732,10731,6
2019-09-05 16:10:53.886,10731,10732,10731,2
2019-09-05 16:10:54.722,10730,10731,10731,1
2019-09-05 16:10:57.434,10730,10731,10731,1
2019-09-05 16:10:58.930,10730,10731,10731,1
2019-09-05 16:11:02.008,10730,10732,10732,1
2019-09-05 16:11:04.737,10730,10732,10732,1
2019-09-05 16:11:35.511,10731,10732,10732,2
2019-09-05 16:11:35.511,10731,10732,10732,3
2019-09-05 16:11:35.553,10731,10732,10732,3
2019-09-05 16:11:35.553,10731,10732,10732,9
2019-09-05 16:11:36.407,10732,10733,10732,1
2019-09-05 16:11:38.104,10731,10733,10733,1
2019-09-05 16:11:38.439,10731,10732,10732,1
2019-09-05 16:11:39.390,10731,10732,10732,2
2019-09-05 16:11:39.798,10731,10732,10732,2
2019-09-05 16:11:40.218,10731,10732,10732,1
2019-09-05 16:11:48.217,10732,10733,10732,2
2019-09-05 16:12:01.854,10732,10733,10732,1
2019-09-05 16:12:28.370,10732,10733,10733,1
2019-09-05 16:12:30.330,10732,10733,10733,1
2019-09-05 16:12:37.631,10732,10733,10733,1
2019-09-05 16:12:42.535,10732,10733,10732,5
2019-09-05 16:12:42.553,10732,10733,10732,4
2019-09-05 16:12:42.553,10732,10733,10732,3
2019-09-05 16:12:43.494,10731,10732,10733,1
2019-09-05 16:12:50.763,10732,10733,10733,2
2019-09-05 16:12:54.295,10732,10733,10732,5
2019-09-05 16:12:58.098,10732,10733,10732,2
2019-09-05 16:12:59.343,10731,10732,10732,1
2019-09-05 16:12:59.391,10731,10732,10732,1
2019-09-05 16:13:03.206,10731,10732,10732,1
2019-09-05 16:13:06.879,10731,10732,10732,1
2019-09-05 16:13:07.940,10731,10732,10732,2
2019-09-05 16:13:07.940,10731,10732,10732,2
2019-09-05 16:13:08.488,10732,10733,10732,2
2019-09-05 16:13:53.294,10732,10733,10732,1
2019-09-05 16:14:03.690,10732,10733,10733,6
2019-09-05 16:14:03.690,10732,10733,10733,5
2019-09-05 16:14:03.690,10732,10733,10733,4
2019-09-05 16:14:03.690,10732,10733,10733,4
2019-09-05 16:14:03.803,10732,10733,10733,6
2019-09-05 16:14:03.803,10732,10733,10733,6
2019-09-05 16:14:09.360,10733,10734,10733,2
2019-09-05 16:14:09.361,10733,10734,10733,2
2019-09-05 16:14:09.361,10733,10734,10733,6
2019-09-05 16:14:12.440,10732,10733,10732,2
2019-09-05 16:14:17.819,10732,10733,10733,3
2019-09-05 16:14:21.839,10732,10733,10733,1
2019-09-05 16:14:34.559,10732,10733,10733,1
2019-09-05 16:14:38.007,10732,10733,10733,1
2019-09-05 16:15:01.180,10732,10733,10733,1
2019-09-05 16:15:03.489,10732,10733,10733,12
2019-09-05 16:15:07.091,10733,10734,10733,1
2019-09-05 16:15:08.836,10733,10734,10733,10
2019-09-05 16:15:33.853,10733,10734,10733,2
2019-09-05 16:16:09.191,10733,10734,10733,1
2019-09-05 16:16:11.461,10733,10734,10733,2
2019-09-05 16:16:18.045,10733,10734,10734,3
2019-09-05 16:16:18.076,10733,10734,10734,3
2019-09-05 16:16:18.077,10733,10734,10734,1
2019-09-05 16:16:18.080,10733,10734,10734,1
2019-09-05 16:16:18.083,10733,10734,10734,1
2019-09-05 16:16:18.278,10733,10734,10733,5
2019-09-05 16:17:00.482,10733,10734,10734,6
2019-09-05 16:17:00.482,10733,10734,10734,2
2019-09-05 16:17:00.484,10733,10734,10734,1
2019-09-05 16:17:00.484,10733,10734,10734,3
2019-09-05 16:17:00.484,10733,10734,10734,1
2019-09-05 16:17:00.484,10733,10734,10734,1
2019-09-05 16:17:00.484,10733,10734,10734,5
2019-09-05 16:17:00.485,10733,10734,10734,1
2019-09-05 16:17:00.485,10733,10734,10734,1
2019-09-05 16:17:00.485,10733,10734,10734,2
2019-09-05 16:17:05.863,10734,10735,10734,1
2019-09-05 16:17:12.451,10734,10735,10735,1
2019-09-05 16:17:12.630,10734,10735,10735,3
2019-09-05 16:17:12.728,10734,10735,10734,1
2019-09-05 16:17:12.783,10734,10735,10734,5
2019-09-05 16:17:12.828,10734,10735,10735,1
2019-09-05 16:17:12.842,10734,10735,10735,2
2019-09-05 16:17:12.928,10734,10735,10735,1
2019-09-05 16:17:29.512,10734,10735,10735,1
2019-09-05 16:17:29.690,10734,10735,10735,1
2019-09-05 16:17:29.708,10734,10735,10735,2
2019-09-05 16:17:29.720,10734,10735,10735,1
2019-09-05 16:17:29.725,10734,10735,10735,1
2019-09-05 16:17:29.835,10734,10735,10735,2
2019-09-05 16:17:31.550,10734,10735,10735,2
2019-09-05 16:17:31.653,10734,10735,10735,2
2019-09-05 16:17:31.969,10734,10735,10735,1
2019-09-05 16:17:31.969,10734,10735,10735,9
2019-09-05 16:17:31.969,10734,10735,10735,6
2019-09-05 16:17:31.971,10734,10735,10735,5
2019-09-05 16:17:32.053,10734,10735,10735,4
2019-09-05 16:17:32.481,10734,10735,10735,1
2019-09-05 16:17:33.397,10734,10735,10735,1
2019-09-05 16:17:33.591,10734,10735,10735,2
2019-09-05 16:17:34.405,10734,10735,10735,1
2019-09-05 16:17:36.166,10734,10735,10735,1
2019-09-05 16:17:38.432,10734,10735,10735,2
2019-09-05 16:17:39.199,10734,10735,10735,1
2019-09-05 16:17:39.406,10734,10735,10735,1
2019-09-05 16:17:39.814,10734,10735,10735,6
2019-09-05 16:17:40.563,10734,10735,10735,6
2019-09-05 16:17:40.795,10735,10736,10736,1
2019-09-05 16:17:40.840,10735,10736,10736,1
2019-09-05 16:17:40.855,10735,10736,10736,1
2019-09-05 16:17:40.914,10735,10736,10736,2
2019-09-05 16:17:41.058,10735,10736,10735,5
2019-09-05 16:17:41.339,10735,10736,10736,1
2019-09-05 16:17:42.515,10735,10736,10736,2
2019-09-05 16:17:45.701,10735,10736,10736,1
2019-09-05 16:17:47.718,10735,10736,10736,1
2019-09-05 16:17:49.485,10735,10736,10736,1
2019-09-05 16:17:51.719,10735,10736,10736,2
2019-09-05 16:17:51.741,10735,10736,10736,2
2019-09-05 16:17:59.877,10735,10736,10736,5
2019-09-05 16:18:02.008,10735,10736,10736,1
2019-09-05 16:18:02.362,10735,10736,10736,10
2019-09-05 16:18:03.355,10735,10736,10736,2
2019-09-05 16:18:05.506,10735,10736,10736,1
2019-09-05 16:18:05.801,10735,10736,10736,1
2019-09-05 16:18:06.988,10735,10736,10735,1
2019-09-05 16:18:09.011,10735,10736,10736,1
2019-09-05 16:18:16.376,10735,10736,10736,1
2019-09-05 16:18:16.736,10735,10736,10736,1
2019-09-05 16:18:21.437,10735,10736,10736,2
2019-09-05 16:18:21.727,10735,10736,10736,1
2019-09-05 16:18:24.375,10735,10736,10736,1
2019-09-05 16:18:30.926,10735,10736,10736,1
2019-09-05 16:18:33.015,10735,10736,10736,1
2019-09-05 16:18:35.346,10735,10736,10736,2
2019-09-05 16:18:35.352,10735,10736,10736,4
2019-09-05 16:18:35.354,10735,10736,10736,7
2019-09-05 16:18:46.558,10736,10737,10737,1
2019-09-05 16:18:46.699,10736,10737,10737,1
2019-09-05 16:18:46.700,10736,10737,10737,1
2019-09-05 16:18:46.873,10736,10737,10737,1
2019-09-05 16:18:46.880,10736,10737,10737,1
2019-09-05 16:18:46.901,10736,10737,10736,5
2019-09-05 16:18:46.902,10736,10737,10737,1
2019-09-05 16:18:50.495,10736,10737,10737,1
2019-09-05 16:18:55.097,10736,10737,10737,1
2019-09-05 16:18:56.109,10736,10737,10736,1
2019-09-05 16:18:59.356,10736,10737,10737,1
2019-09-05 16:19:00.406,10736,10737,10736,1
2019-09-05 16:19:01.151,10736,10737,10736,1
2019-09-05 16:19:02.355,10736,10737,10737,2
2019-09-05 16:19:02.416,10736,10737,10737,1
2019-09-05 16:19:11.104,10736,10737,10737,1
2019-09-05 16:19:11.164,10736,10737,10737,1
2019-09-05 16:19:22.212,10736,10737,10737,1
2019-09-05 16:19:24.089,10736,10737,10737,1
2019-09-05 16:19:24.343,10736,10737,10737,1
2019-09-05 16:19:24.892,10736,10737,10737,1
2019-09-05 16:19:35.419,10736,10737,10737,2
2019-09-05 16:19:38.723,10736,10737,10737,10
2019-09-05 16:19:39.226,10736,10737,10736,1
2019-09-05 16:19:40.269,10736,10737,10736,1
2019-09-05 16:19:40.408,10736,10737,10737,1
2019-09-05 16:19:43.274,10736,10737,10736,1
2019-09-05 16:19:43.580,10736,10737,10736,1
2019-09-05 16:19:45.951,10736,10737,10736,1
2019-09-05 16:19:46.140,10736,10737,10736,1
2019-09-05 16:19:47.571,10736,10737,10736,1
2019-09-05 16:19:47.789,10736,10737,10736,1
2019-09-05 16:19:49.585,10736,10737,10736,1
2019-09-05 16:19:49.609,10736,10737,10736,1
2019-09-05 16:19:49.678,10736,10737,10736,1
2019-09-05 16:19:49.678,10736,10737,10736,3
2019-09-05 16:19:49.678,10736,10737,10736,8
2019-09-05 16:19:49.678,10736,10737,10736,7
2019-09-05 16:19:49.752,10736,10737,10736,5
2019-09-05 16:19:49.914,10735,10736,10736,1
2019-09-05 16:19:51.740,10735,10736,10736,1
2019-09-05 16:19:59.157,10735,10736,10736,1
2019-09-05 16:20:01.798,10735,10736,10735,4
2019-09-05 16:20:04.436,10735,10736,10735,1
2019-09-05 16:20:12.001,10735,10736,10735,1
2019-09-05 16:20:12.274,10735,10736,10735,1
2019-09-05 16:20:15.883,10735,10736,10735,2
2019-09-05 16:20:20.626,10735,10736,10735,3
2019-09-05 16:20:22.410,10735,10736,10735,1
2019-09-05 16:20:23.200,10735,10736,10735,2
2019-09-05 16:20:23.598,10735,10736,10735,1
2019-09-05 16:20:30.750,10735,10736,10736,3
2019-09-05 16:20:38.050,10736,10737,10736,1
2019-09-05 16:20:39.067,10736,10737,10736,1
2019-09-05 16:20:40.937,10736,10737,10736,1
2019-09-05 16:20:44.738,10736,10737,10736,1
2019-09-05 16:20:56.799,10735,10736,10736,1
2019-09-05 16:21:01.605,10735,10736,10735,1
2019-09-05 16:21:01.641,10735,10736,10736,1
2019-09-05 16:21:06.908,10735,10736,10736,1
2019-09-05 16:21:07.155,10735,10736,10736,2
2019-09-05 16:21:07.481,10735,10736,10736,1
2019-09-05 16:21:12.976,10735,10736,10736,2
2019-09-05 16:21:14.244,10736,10737,10736,1
2019-09-05 16:21:18.981,10736,10737,10736,5
2019-09-05 16:21:19.838,10735,10736,10735,1
2019-09-05 16:21:20.702,10735,10736,10736,1
2019-09-05 16:21:22.289,10735,10736,10736,1
2019-09-05 16:21:32.964,10735,10736,10736,4
2019-09-05 16:21:33.006,10735,10736,10736,2
2019-09-05 16:21:39.053,10736,10737,10737,9
2019-09-05 16:21:40.611,10736,10737,10737,10
2019-09-05 16:21:40.909,10736,10738,10736,1
2019-09-05 16:21:41.928,10737,10738,10737,4
2019-09-05 16:21:49.387,10736,10737,10737,1
2019-09-05 16:21:55.712,10736,10737,10737,1
2019-09-05 16:21:56.235,10736,10737,10736,1
2019-09-05 16:22:00.823,10736,10737,10737,1
2019-09-05 16:22:09.175,10736,10737,10737,1
2019-09-05 16:22:09.221,10736,10737,10737,3
2019-09-05 16:22:09.579,10736,10737,10737,1
2019-09-05 16:22:10.114,10736,10737,10737,1
2019-09-05 16:22:11.672,10736,10737,10737,1
2019-09-05 16:22:13.380,10736,10737,10737,1
2019-09-05 16:22:15.791,10736,10737,10736,1
2019-09-05 16:22:20.926,10736,10737,10736,1
2019-09-05 16:22:32.194,10736,10737,10736,25
2019-09-05 16:22:37.742,10735,10736,10736,1
2019-09-05 16:22:48.379,10735,10736,10736,1
2019-09-05 16:22:53.388,10735,10736,10735,1
2019-09-05 16:22:53.568,10735,10736,10735,1
2019-09-05 16:22:56.716,10735,10736,10735,3
2019-09-05 16:23:13.315,10735,10736,10736,2
2019-09-05 16:23:22.720,10735,10736,10736,1
2019-09-05 16:23:25.374,10735,10736,10736,1
2019-09-05 16:23:25.434,10735,10736,10736,2
2019-09-05 16:23:25.484,10735,10736,10736,1
2019-09-05 16:23:25.528,10735,10736,10736,1
2019-09-05 16:23:43.487,10735,10736,10735,1
2019-09-05 16:23:52.153,10735,10736,10735,1
2019-09-05 16:24:16.463,10735,10736,10735,1
2019-09-05 16:24:21.917,10735,10736,10735,10
2019-09-05 16:24:21.928,10735,10736,10735,2
2019-09-05 16:24:22.929,10735,10736,10735,3
2019-09-05 16:24:25.072,10735,10736,10735,1
2019-09-05 16:24:26.021,10735,10736,10735,1
2019-09-05 16:24:28.195,10735,10736,10735,1
2019-09-05 16:24:28.926,10735,10736,10735,1
2019-09-05 16:24:29.912,10735,10736,10735,1
2019-09-05 16:24:29.928,10735,10736,10735,1
2019-09-05 16:24:30.149,10735,10736,10735,1
2019-09-05 16:24:30.178,10735,10736,10735,2
2019-09-05 16:24:32.419,10734,10735,10735,1
2019-09-05 16:24:39.998,10734,10735,10734,2
2019-09-05 16:24:49.273,10734,10735,10734,2
2019-09-05 16:24:50.292,10734,10735,10734,1
2019-09-05 16:24:57.145,10734,10735,10735,22
2019-09-05 16:24:57.145,10734,10735,10735,1
2019-09-05 16:24:58.968,10735,10736,10735,1
2019-09-05 16:25:02.208,10734,10735,10734,1
2019-09-05 16:25:03.247,10734,10735,10734,1
2019-09-05 16:25:03.759,10734,10735,10735,2
2019-09-05 16:25:07.216,10734,10735,10735,6
2019-09-05 16:25:07.216,10734,10735,10736,59
2019-09-05 16:25:08.188,10736,10737,10736,1
2019-09-05 16:25:08.909,10736,10737,10736,1
2019-09-05 16:25:10.530,10735,10736,10735,8
2019-09-05 16:25:10.530,10735,10736,10735,7
2019-09-05 16:25:10.530,10735,10736,10735,6
2019-09-05 16:25:10.530,10735,10736,10735,1
2019-09-05 16:25:10.898,10734,10735,10735,2
2019-09-05 16:25:12.988,10734,10735,10735,2
2019-09-05 16:25:13.023,10734,10735,10735,2
2019-09-05 16:25:13.023,10734,10735,10735,2
2019-09-05 16:25:47.307,10735,10736,10735,1
2019-09-05 16:25:50.600,10735,10736,10735,1
2019-09-05 16:26:03.289,10735,10736,10736,1
2019-09-05 16:26:18.154,10735,10736,10736,1
2019-09-05 16:26:20.296,10735,10736,10736,1
2019-09-05 16:26:21.397,10735,10736,10735,6
2019-09-05 16:26:21.744,10734,10735,10735,1
2019-09-05 16:26:21.744,10734,10735,10735,1
2019-09-05 16:26:21.744,10734,10735,10735,1
2019-09-05 16:26:21.744,10734,10735,10735,1
2019-09-05 16:26:21.744,10734,10735,10735,1
2019-09-05 16:26:21.745,10734,10735,10735,1
2019-09-05 16:26:21.745,10734,10735,10735,1
2019-09-05 16:26:21.745,10734,10735,10735,1
2019-09-05 16:26:21.746,10734,10735,10735,1
2019-09-05 16:26:21.803,10734,10735,10735,2
2019-09-05 16:26:24.058,10735,10736,10736,1
2019-09-05 16:26:28.170,10735,10736,10736,1
2019-09-05 16:26:39.251,10735,10736,10736,2
2019-09-05 16:26:43.683,10735,10736,10736,2
2019-09-05 16:26:50.174,10735,10736,10735,3
2019-09-05 16:26:51.804,10735,10736,10735,1
2019-09-05 16:26:51.805,10735,10736,10735,1
2019-09-05 16:26:55.014,10735,10736,10736,3
2019-09-05 16:26:59.347,10735,10736,10736,2
2019-09-05 16:27:00.653,10735,10736,10736,8
2019-09-05 16:27:00.653,10735,10736,10736,6
2019-09-05 16:27:00.678,10735,10736,10736,10
2019-09-05 16:27:02.859,10736,10737,10736,4
2019-09-05 16:27:07.108,10736,10737,10736,5
2019-09-05 16:27:28.861,10736,10737,10736,1
2019-09-05 16:27:34.798,10736,10737,10736,1
2019-09-05 16:27:42.926,10736,10737,10736,1
2019-09-05 16:27:48.825,10736,10737,10737,1
2019-09-05 16:27:49.585,10736,10737,10736,1
2019-09-05 16:27:52.010,10736,10737,10736,1
2019-09-05 16:27:53.335,10736,10737,10736,1
2019-09-05 16:27:57.026,10736,10737,10736,1
2019-09-05 16:27:59.823,10736,10737,10736,1
2019-09-05 16:28:12.617,10736,10737,10736,2
2019-09-05 16:28:15.629,10736,10737,10737,1
2019-09-05 16:28:21.953,10736,10737,10737,1
2019-09-05 16:28:28.300,10736,10737,10736,11
2019-09-05 16:28:45.828,10735,10737,10737,1
2019-09-05 16:28:52.200,10735,10737,10737,1
2019-09-05 16:28:54.289,10736,10737,10737,1
2019-09-05 16:28:59.407,10736,10737,10737,2
2019-09-05 16:28:59.492,10736,10737,10736,1
2019-09-05 16:29:03.441,10736,10737,10736,1
2019-09-05 16:29:14.239,10736,10737,10737,1
2019-09-05 16:29:14.674,10736,10737,10736,2
2019-09-05 16:29:14.674,10736,10737,10736,1
2019-09-05 16:29:22.079,10735,10736,10736,1
2019-09-05 16:29:23.893,10735,10736,10736,1
2019-09-05 16:29:25.645,10735,10736,10736,1
2019-09-05 16:29:27.937,10735,10736,10736,1
2019-09-05 16:29:29.724,10735,10736,10736,1
2019-09-05 16:29:31.823,10735,10736,10736,1
2019-09-05 16:29:33.412,10735,10736,10735,1
2019-09-05 16:29:33.777,10735,10736,10736,1
2019-09-05 16:30:00.403,10735,10736,10736,10
2019-09-05 16:30:16.763,10736,10737,10737,1
2019-09-05 16:30:17.166,10736,10737,10737,1
2019-09-05 16:30:18.945,10736,10737,10737,1
2019-09-05 16:30:21.105,10736,10737,10737,1
2019-09-05 16:30:42.681,10736,10737,10736,1
2019-09-05 16:30:50.641,10736,10737,10736,1
2019-09-05 16:30:56.603,10736,10737,10736,1
2019-09-05 16:30:56.603,10736,10737,10735,3
2019-09-05 16:31:24.010,10735,10736,10735,1
2019-09-05 16:31:30.737,10735,10736,10735,1
2019-09-05 16:31:48.877,10735,10736,10736,6
2019-09-05 16:31:54.620,10735,10736,10736,1
2019-09-05 16:32:12.510,10735,10736,10736,1
2019-09-05 16:33:31.872,10735,10736,10735,1
2019-09-05 16:33:40.932,10735,10736,10735,1
2019-09-05 16:33:42.246,10735,10736,10735,16
2019-09-05 16:33:43.127,10734,10735,10735,1
2019-09-05 16:34:05.396,10734,10735,10734,1
2019-09-05 16:34:12.231,10734,10735,10734,2
2019-09-05 16:34:21.903,10734,10735,10734,1
2019-09-05 16:34:27.567,10734,10735,10734,1
2019-09-05 16:34:51.233,10734,10735,10734,1
2019-09-05 16:34:56.216,10734,10735,10734,1
2019-09-05 16:34:57.117,10734,10735,10735,2
2019-09-05 16:35:02.572,10734,10735,10735,2
2019-09-05 16:35:10.025,10734,10735,10734,2
2019-09-05 16:35:17.485,10734,10735,10735,1
2019-09-05 16:35:25.861,10734,10735,10735,1
2019-09-05 16:35:58.183,10734,10735,10735,1
2019-09-05 16:36:08.312,10734,10735,10735,2
2019-09-05 16:36:08.686,10734,10735,10735,1
2019-09-05 16:36:11.419,10734,10735,10734,1
2019-09-05 16:36:15.324,10734,10735,10734,1
2019-09-05 16:36:24.940,10734,10735,10734,20
2019-09-05 16:36:27.830,10734,10735,10734,4
2019-09-05 16:36:27.928,10734,10735,10734,1
2019-09-05 16:36:28.053,10734,10735,10734,3
2019-09-05 16:36:28.178,10734,10735,10734,2
2019-09-05 16:36:28.304,10734,10735,10734,1
2019-09-05 16:36:28.354,10734,10735,10734,3
2019-09-05 16:36:28.404,10734,10735,10734,3
2019-09-05 16:36:33.183,10733,10734,10733,1
2019-09-05 16:36:33.339,10733,10734,10733,1
2019-09-05 16:36:33.421,10733,10734,10733,1
2019-09-05 16:36:40.057,10733,10734,10733,2
2019-09-05 16:36:51.265,10733,10734,10733,1
2019-09-05 16:36:55.301,10733,10734,10733,1
2019-09-05 16:37:01.788,10733,10734,10733,6
2019-09-05 16:37:03.547,10733,10734,10733,1
2019-09-05 16:37:03.943,10733,10734,10733,10
2019-09-05 16:37:04.927,10733,10734,10733,2
2019-09-05 16:37:16.559,10733,10734,10733,4
2019-09-05 16:37:24.947,10733,10734,10733,2
2019-09-05 16:37:33.536,10733,10734,10733,1
2019-09-05 16:37:50.851,10733,10734,10733,2
2019-09-05 16:37:51.887,10733,10734,10733,1
2019-09-05 16:37:57.122,10733,10734,10734,20
2019-09-05 16:38:01.828,10734,10735,10735,3
2019-09-05 16:38:01.928,10734,10735,10735,11
2019-09-05 16:38:02.205,10734,10735,10735,4
2019-09-05 16:38:02.206,10734,10735,10735,1
2019-09-05 16:38:12.676,10735,10736,10735,1
2019-09-05 16:38:14.987,10735,10736,10735,1
2019-09-05 16:38:28.051,10735,10736,10735,1
2019-09-05 16:38:30.689,10735,10736,10735,1
2019-09-05 16:38:49.086,10735,10736,10735,1
2019-09-05 16:38:56.303,10735,10736,10735,5
2019-09-05 16:39:35.288,10733,10735,10735,1
2019-09-05 16:39:43.574,10733,10734,10734,3
2019-09-05 16:39:44.037,10733,10734,10734,1
2019-09-05 16:39:56.404,10733,10734,10734,1
2019-09-05 16:39:57.381,10733,10734,10734,1
2019-09-05 16:40:01.140,10733,10734,10733,1
2019-09-05 16:40:07.632,10733,10734,10733,2
2019-09-05 16:40:09.973,10733,10734,10733,1
2019-09-05 16:40:12.344,10733,10734,10733,1
2019-09-05 16:40:22.443,10733,10734,10733,4
2019-09-05 16:40:31.750,10733,10734,10733,1
2019-09-05 16:40:59.752,10733,10734,10734,1
2019-09-05 16:41:26.134,10733,10734,10733,4
2019-09-05 16:41:32.991,10733,10734,10733,1
2019-09-05 16:41:46.966,10733,10734,10733,1
2019-09-05 16:41:58.190,10733,10734,10733,5
2019-09-05 16:41:58.215,10733,10734,10733,7
2019-09-05 16:41:58.303,10733,10734,10733,14
2019-09-05 16:41:58.946,10732,10733,10733,1
2019-09-05 16:42:00.664,10732,10733,10733,1
2019-09-05 16:42:10.960,10732,10733,10732,2
2019-09-05 16:42:11.335,10732,10733,10732,1
2019-09-05 16:42:12.968,10732,10733,10732,1
2019-09-05 16:42:18.378,10732,10733,10732,1
2019-09-05 16:42:26.518,10732,10733,10732,1
2019-09-05 16:42:38.235,10732,10733,10732,1
2019-09-05 16:42:40.410,10732,10733,10733,1
2019-09-05 16:42:43.973,10732,10733,10733,1
2019-09-05 16:42:50.128,10732,10733,10732,3
2019-09-05 16:42:54.656,10732,10733,10732,2
2019-09-05 16:42:56.142,10732,10733,10732,1
2019-09-05 16:42:57.671,10732,10733,10732,2
2019-09-05 16:43:06.474,10732,10733,10733,1
2019-09-05 16:43:13.934,10732,10733,10732,1
2019-09-05 16:43:16.756,10732,10733,10733,2
2019-09-05 16:43:21.204,10732,10733,10733,2
2019-09-05 16:43:23.113,10732,10733,10732,1
2019-09-05 16:43:24.976,10732,10733,10733,2
2019-09-05 16:43:28.142,10732,10733,10733,1
2019-09-05 16:43:28.263,10732,10733,10733,6
2019-09-05 16:43:28.706,10733,10734,10733,2
2019-09-05 16:43:38.677,10733,10734,10734,10
2019-09-05 16:43:39.139,10733,10734,10734,2
2019-09-05 16:43:40.059,10733,10734,10734,2
2019-09-05 16:43:43.361,10733,10734,10734,1
2019-09-05 16:43:43.922,10733,10734,10734,1
2019-09-05 16:43:44.945,10733,10734,10734,1
2019-09-05 16:43:48.668,10733,10734,10734,1
2019-09-05 16:43:55.180,10733,10734,10733,1
2019-09-05 16:43:57.825,10733,10734,10734,1
2019-09-05 16:43:59.676,10733,10734,10734,1
2019-09-05 16:44:10.142,10734,10735,10735,1
2019-09-05 16:44:38.443,10734,10735,10734,3
2019-09-05 16:44:48.409,10734,10735,10735,2
2019-09-05 16:44:57.168,10734,10735,10735,25
2019-09-05 16:44:57.178,10734,10735,10735,6
2019-09-05 16:44:57.178,10734,10735,10735,1
2019-09-05 16:44:57.303,10734,10735,10735,3
2019-09-05 16:44:57.428,10734,10736,10735,1
2019-09-05 16:44:57.510,10734,10736,10735,1
2019-09-05 16:45:03.814,10734,10735,10735,1
2019-09-05 16:45:10.627,10735,10736,10735,1
2019-09-05 16:45:34.925,10735,10736,10735,1
2019-09-05 16:45:46.260,10734,10735,10735,1
2019-09-05 16:46:01.640,10734,10735,10735,1
2019-09-05 16:46:30.072,10734,10735,10735,1
2019-09-05 16:46:36.676,10734,10735,10735,1
2019-09-05 16:46:52.482,10734,10735,10735,1
2019-09-05 16:46:57.903,10734,10735,10734,10
2019-09-05 16:46:57.903,10734,10735,10734,4
2019-09-05 16:46:57.928,10734,10735,10734,10
2019-09-05 16:46:57.928,10734,10735,10734,2
2019-09-05 16:46:57.928,10734,10735,10734,17
2019-09-05 16:47:05.374,10733,10734,10733,4
2019-09-05 16:47:05.374,10733,10734,10733,5
2019-09-05 16:47:05.374,10733,10734,10733,3
2019-09-05 16:47:05.962,10733,10734,10733,1
2019-09-05 16:47:06.766,10733,10734,10733,1
2019-09-05 16:47:07.288,10733,10734,10734,1
2019-09-05 16:47:07.548,10733,10734,10733,1
2019-09-05 16:47:13.475,10733,10734,10733,1
2019-09-05 16:47:15.145,10733,10734,10733,1
2019-09-05 16:47:21.766,10733,10734,10733,2
2019-09-05 16:47:29.080,10733,10734,10733,4
2019-09-05 16:47:30.577,10733,10734,10734,8
2019-09-05 16:47:30.577,10733,10734,10734,1
2019-09-05 16:47:30.578,10733,10734,10734,6
2019-09-05 16:47:30.578,10733,10734,10734,3
2019-09-05 16:48:16.778,10734,10735,10734,1
2019-09-05 16:48:17.450,10734,10735,10735,23
2019-09-05 16:48:25.101,10735,10736,10735,1
2019-09-05 16:48:32.025,10735,10736,10736,2
2019-09-05 16:48:32.053,10735,10736,10736,12
2019-09-05 16:48:32.053,10735,10736,10736,1
2019-09-05 16:48:32.053,10735,10736,10736,2
2019-09-05 16:48:32.053,10735,10736,10736,2
2019-09-05 16:48:32.053,10735,10736,10736,3
2019-09-05 16:48:32.054,10735,10736,10736,1
2019-09-05 16:48:32.054,10735,10736,10736,10
2019-09-05 16:48:32.651,10736,10737,10736,1
2019-09-05 16:48:34.142,10736,10737,10737,1
2019-09-05 16:48:34.408,10736,10737,10736,1
2019-09-05 16:48:36.578,10736,10737,10736,1
2019-09-05 16:48:40.982,10736,10737,10736,2
2019-09-05 16:48:42.914,10736,10737,10736,1
2019-09-05 16:48:46.027,10736,10737,10736,1
2019-09-05 16:48:52.347,10736,10737,10736,1
2019-09-05 16:48:55.529,10736,10737,10736,1
2019-09-05 16:48:55.529,10736,10737,10736,1
2019-09-05 16:49:02.195,10735,10736,10736,5
2019-09-05 16:49:20.615,10735,10736,10736,1
2019-09-05 16:49:21.303,10735,10736,10736,2
2019-09-05 16:49:36.344,10736,10737,10736,1
2019-09-05 16:49:36.844,10736,10737,10736,1
2019-09-05 16:49:44.356,10736,10737,10736,2
2019-09-05 16:49:48.480,10736,10737,10737,4
2019-09-05 16:49:52.899,10736,10737,10736,2
2019-09-05 16:49:55.946,10736,10737,10737,2
2019-09-05 16:50:11.137,10736,10737,10736,1
2019-09-05 16:50:15.975,10736,10737,10737,2
2019-09-05 16:50:16.632,10736,10737,10737,1
2019-09-05 16:50:24.769,10736,10737,10737,1
2019-09-05 16:50:37.882,10736,10737,10737,1
2019-09-05 16:50:41.504,10736,10737,10736,1
2019-09-05 16:51:00.087,10736,10737,10736,1
2019-09-05 16:51:02.986,10736,10737,10736,1
2019-09-05 16:51:13.420,10736,10737,10736,1
2019-09-05 16:51:24.409,10736,10737,10736,1
2019-09-05 16:51:35.660,10736,10737,10736,1
2019-09-05 16:52:17.530,10736,10737,10736,2
2019-09-05 16:52:24.858,10736,10737,10736,1
2019-09-05 16:52:36.235,10736,10737,10737,1
2019-09-05 16:52:38.388,10736,10737,10737,1
2019-09-05 16:52:52.976,10736,10737,10737,1
2019-09-05 16:53:19.730,10736,10737,10736,5
2019-09-05 16:53:19.730,10736,10737,10736,2
2019-09-05 16:53:19.730,10736,10737,10736,2
2019-09-05 16:53:19.730,10736,10737,10736,1
2019-09-05 16:53:49.740,10735,10736,10735,1
2019-09-05 16:54:06.977,10735,10736,10735,1
2019-09-05 16:54:08.676,10735,10736,10735,1
2019-09-05 16:54:10.449,10735,10736,10736,1
2019-09-05 16:54:48.117,10735,10736,10735,1
2019-09-05 16:54:49.180,10735,10736,10736,1
2019-09-05 16:54:49.598,10735,10736,10736,1
2019-09-05 16:54:53.794,10735,10736,10736,1
2019-09-05 16:55:17.168,10735,10736,10735,1
2019-09-05 16:55:51.098,10735,10736,10735,1
2019-09-05 16:56:26.265,10735,10736,10735,1
2019-09-05 16:56:41.624,10735,10736,10735,1
2019-09-05 16:57:11.728,10735,10736,10735,1
2019-09-05 16:57:26.108,10735,10736,10736,20
2019-09-05 16:57:32.061,10735,10736,10736,1
2019-09-05 16:57:39.064,10735,10736,10736,1
2019-09-05 16:57:45.961,10735,10736,10736,1
2019-09-05 16:57:55.226,10735,10736,10736,14
2019-09-05 16:58:04.608,10736,10737,10737,2
2019-09-05 16:58:04.638,10736,10737,10737,3
2019-09-05 16:58:04.954,10736,10737,10737,1
2019-09-05 16:58:08.853,10736,10737,10737,2
2019-09-05 16:58:09.432,10736,10737,10737,2
2019-09-05 16:58:09.698,10736,10737,10737,2
2019-09-05 16:58:09.698,10736,10737,10737,2
2019-09-05 16:58:09.698,10736,10737,10737,1
2019-09-05 16:58:09.698,10736,10737,10737,9
2019-09-05 16:58:09.699,10736,10737,10737,2
2019-09-05 16:58:09.700,10736,10737,10737,1
2019-09-05 16:58:09.803,10736,10737,10737,1
2019-09-05 16:58:09.803,10736,10737,10737,4
2019-09-05 16:58:09.803,10736,10737,10737,12
2019-09-05 16:58:09.803,10736,10737,10737,6
2019-09-05 16:58:09.803,10736,10737,10737,1
2019-09-05 16:58:09.803,10736,10737,10737,2
2019-09-05 16:58:09.804,10736,10737,10737,4
2019-09-05 16:58:12.947,10737,10738,10738,1
2019-09-05 16:58:12.956,10737,10738,10738,2
2019-09-05 16:58:12.962,10737,10738,10738,1
2019-09-05 16:58:12.970,10737,10738,10738,4
2019-09-05 16:58:13.060,10737,10738,10738,1
2019-09-05 16:58:13.075,10737,10738,10738,1
2019-09-05 16:58:13.120,10737,10738,10738,2
2019-09-05 16:58:13.235,10737,10738,10738,1
2019-09-05 16:58:13.363,10737,10738,10738,1
2019-09-05 16:58:14.202,10737,10738,10738,1
2019-09-05 16:58:14.367,10737,10738,10738,4
2019-09-05 16:58:17.358,10737,10738,10737,1
2019-09-05 16:58:17.410,10737,10738,10738,1
2019-09-05 16:58:17.417,10737,10738,10738,2
2019-09-05 16:58:17.518,10737,10738,10738,2
2019-09-05 16:58:18.807,10737,10738,10738,2
2019-09-05 16:58:20.100,10737,10738,10738,2
2019-09-05 16:58:23.807,10737,10738,10738,2
2019-09-05 16:58:33.781,10737,10738,10737,20
2019-09-05 16:58:35.457,10737,10738,10738,2
2019-09-05 16:58:41.555,10737,10738,10737,1
2019-09-05 16:58:54.860,10737,10738,10737,1
2019-09-05 16:59:07.747,10737,10738,10737,20
2019-09-05 16:59:09.621,10737,10738,10738,2
2019-09-05 16:59:16.460,10737,10738,10737,3
2019-09-05 16:59:16.460,10737,10738,10737,1
2019-09-05 16:59:16.909,10736,10737,10737,4
2019-09-05 16:59:21.782,10736,10737,10737,1
2019-09-05 16:59:23.579,10736,10737,10737,1
2019-09-05 16:59:28.611,10737,10738,10737,1
2019-09-05 16:59:38.982,10737,10738,10737,1
2019-09-05 16:59:45.641,10737,10738,10737,1
2019-09-05 16:59:50.194,10737,10738,10737,1
2019-09-05 17:00:01.392,10737,10738,10738,1
2019-09-05 17:00:02.638,10737,10738,10738,1
2019-09-05 17:00:03.095,10737,10738,10738,1
2019-09-05 17:00:03.141,10737,10738,10738,1
2019-09-05 17:00:20.497,10737,10738,10737,1
2019-09-05 17:00:25.555,10737,10738,10738,1
2019-09-05 17:00:28.712,10737,10738,10738,1
2019-09-05 17:00:38.949,10737,10738,10738,1
2019-09-05 17:00:49.618,10737,10738,10738,1
2019-09-05 17:01:05.293,10737,10738,10738,2
2019-09-05 17:01:14.335,10737,10738,10738,1
2019-09-05 17:01:30.051,10737,10738,10737,4
2019-09-05 17:01:35.469,10737,10738,10737,1
2019-09-05 17:01:45.610,10737,10738,10738,1
2019-09-05 17:01:45.778,10737,10738,10737,3
2019-09-05 17:01:54.519,10737,10738,10737,6
2019-09-05 17:02:07.101,10737,10738,10737,3
2019-09-05 17:02:07.178,10736,10737,10737,1
2019-09-05 17:02:18.628,10736,10737,10737,3
2019-09-05 17:02:22.327,10736,10737,10737,1
2019-09-05 17:02:26.735,10737,10738,10737,1
2019-09-05 17:02:28.035,10737,10738,10737,1
2019-09-05 17:02:29.165,10737,10738,10737,1
2019-09-05 17:02:53.408,10737,10738,10737,1
2019-09-05 17:02:53.947,10737,10738,10737,1
2019-09-05 17:04:08.258,10737,10738,10737,1
2019-09-05 17:04:12.327,10737,10738,10737,4
2019-09-05 17:04:15.259,10737,10738,10737,1
2019-09-05 17:04:44.184,10737,10738,10737,5
2019-09-05 17:04:45.580,10737,10738,10737,1
2019-09-05 17:04:49.142,10737,10738,10737,1
2019-09-05 17:04:55.645,10737,10738,10737,1
2019-09-05 17:05:11.184,10737,10738,10737,1
2019-09-05 17:05:29.204,10737,10738,10737,2
2019-09-05 17:05:32.612,10737,10738,10737,1
2019-09-05 17:05:34.457,10737,10738,10737,6
2019-09-05 17:05:50.284,10736,10737,10737,1
2019-09-05 17:06:09.910,10736,10737,10737,1
2019-09-05 17:06:16.354,10736,10737,10737,1
2019-09-05 17:06:36.787,10736,10737,10737,12
2019-09-05 17:07:24.293,10736,10737,10737,2
2019-09-05 17:07:41.584,10736,10737,10737,1
2019-09-05 17:07:43.072,10736,10737,10737,1
2019-09-05 17:07:58.085,10736,10737,10737,1
2019-09-05 17:07:59.423,10736,10737,10737,1
2019-09-05 17:08:41.361,10736,10737,10736,1
2019-09-05 17:08:49.996,10736,10737,10737,2
2019-09-05 17:08:57.027,10736,10737,10736,2
2019-09-05 17:08:57.659,10736,10737,10736,5
2019-09-05 17:09:09.829,10736,10737,10736,1
2019-09-05 17:09:19.163,10736,10737,10736,1
2019-09-05 17:09:42.128,10736,10737,10736,3
2019-09-05 17:09:43.502,10736,10737,10736,1
2019-09-05 17:09:46.735,10736,10737,10736,1
2019-09-05 17:10:11.737,10736,10737,10736,3
2019-09-05 17:10:24.094,10736,10737,10736,1
2019-09-05 17:10:30.052,10735,10736,10736,1
2019-09-05 17:10:32.356,10735,10736,10736,1
2019-09-05 17:10:33.954,10735,10736,10736,1
2019-09-05 17:10:45.988,10736,10737,10737,1
2019-09-05 17:10:49.682,10736,10737,10737,1
2019-09-05 17:10:51.669,10736,10737,10737,1
2019-09-05 17:10:53.613,10736,10737,10737,1
2019-09-05 17:10:55.330,10736,10737,10737,1
2019-09-05 17:11:05.889,10736,10737,10736,1
2019-09-05 17:12:27.594,10736,10737,10736,1
2019-09-05 17:12:29.857,10736,10737,10736,1
2019-09-05 17:12:29.928,10736,10737,10736,2
2019-09-05 17:12:30.053,10736,10737,10736,2
2019-09-05 17:12:30.178,10736,10737,10736,1
2019-09-05 17:12:30.178,10736,10737,10736,1
2019-09-05 17:12:30.605,10736,10737,10736,1
2019-09-05 17:12:30.678,10736,10737,10736,1
2019-09-05 17:12:30.686,10736,10737,10736,4
2019-09-05 17:12:30.803,10736,10737,10736,1
2019-09-05 17:12:30.803,10736,10737,10736,2
2019-09-05 17:12:30.803,10736,10737,10736,2
2019-09-05 17:12:30.803,10736,10737,10736,7
2019-09-05 17:12:30.803,10736,10737,10736,4
2019-09-05 17:12:44.929,10735,10736,10736,2
2019-09-05 17:12:55.976,10735,10736,10735,5
2019-09-05 17:12:56.364,10735,10736,10736,3
2019-09-05 17:12:56.814,10736,10737,10737,3
2019-09-05 17:13:20.829,10736,10737,10737,5
2019-09-05 17:13:26.485,10736,10737,10736,4
2019-09-05 17:13:32.763,10736,10737,10737,5
2019-09-05 17:13:44.383,10736,10737,10737,1
2019-09-05 17:13:47.033,10736,10737,10737,5
2019-09-05 17:13:54.562,10736,10737,10737,4
2019-09-05 17:14:07.778,10737,10738,10738,4
2019-09-05 17:14:29.073,10737,10738,10738,2
2019-09-05 17:14:41.004,10737,10738,10737,1
2019-09-05 17:15:02.505,10737,10738,10737,10
2019-09-05 17:15:02.838,10736,10738,10737,1
2019-09-05 17:15:33.185,10736,10737,10737,1
2019-09-05 17:15:49.155,10736,10737,10736,5
2019-09-05 17:16:08.021,10735,10736,10736,2
2019-09-05 17:16:16.429,10735,10736,10735,8
2019-09-05 17:16:16.455,10735,10736,10735,7
2019-09-05 17:16:16.455,10735,10736,10735,3
2019-09-05 17:16:16.456,10735,10736,10735,2
2019-09-05 17:16:16.456,10735,10736,10735,3
2019-09-05 17:16:16.456,10735,10736,10735,1
2019-09-05 17:16:16.506,10735,10736,10735,3
2019-09-05 17:16:23.236,10734,10735,10734,1
2019-09-05 17:16:23.949,10734,10735,10734,1
2019-09-05 17:16:24.300,10734,10735,10734,1
2019-09-05 17:16:26.107,10734,10735,10734,1
2019-09-05 17:16:26.403,10734,10735,10734,1
2019-09-05 17:16:27.171,10734,10735,10734,5
2019-09-05 17:16:27.226,10734,10735,10734,1
2019-09-05 17:16:28.320,10734,10735,10734,6
2019-09-05 17:16:30.206,10734,10735,10734,1
2019-09-05 17:16:33.660,10734,10735,10734,1
2019-09-05 17:16:34.120,10734,10735,10734,1
2019-09-05 17:16:45.629,10734,10735,10734,1
2019-09-05 17:16:47.179,10734,10735,10734,4
2019-09-05 17:16:47.179,10734,10735,10733,1
2019-09-05 17:17:03.128,10733,10734,10733,1
2019-09-05 17:17:16.356,10733,10734,10733,1
2019-09-05 17:17:20.036,10733,10734,10733,2
2019-09-05 17:17:25.361,10733,10734,10733,1
2019-09-05 17:17:29.953,10733,10734,10733,1
2019-09-05 17:17:38.069,10733,10734,10734,4
2019-09-05 17:17:41.579,10734,10735,10734,1
2019-09-05 17:17:43.665,10734,10735,10734,1
2019-09-05 17:17:46.890,10734,10735,10734,1
2019-09-05 17:17:52.792,10734,10735,10734,3
2019-09-05 17:18:01.274,10734,10735,10734,16
2019-09-05 17:18:20.048,10733,10734,10734,1
2019-09-05 17:18:22.270,10733,10734,10733,29
2019-09-05 17:18:34.444,10732,10733,10732,5
2019-09-05 17:18:34.444,10732,10733,10732,16
2019-09-05 17:18:34.458,10732,10733,10732,2
2019-09-05 17:18:47.444,10731,10732,10731,13
2019-09-05 17:18:48.380,10731,10732,10731,1
2019-09-05 17:18:48.740,10731,10732,10731,1
2019-09-05 17:18:48.752,10731,10732,10731,6
2019-09-05 17:18:51.681,10731,10732,10731,10
2019-09-05 17:18:52.418,10731,10732,10731,3
2019-09-05 17:18:52.428,10730,10731,10731,1
2019-09-05 17:18:57.348,10730,10731,10730,2
2019-09-05 17:18:57.892,10730,10731,10730,5
2019-09-05 17:18:58.322,10730,10731,10730,2
2019-09-05 17:18:59.958,10730,10731,10730,1
2019-09-05 17:19:00.157,10730,10731,10730,1
2019-09-05 17:19:00.395,10730,10731,10730,5
2019-09-05 17:19:00.590,10730,10731,10730,9
2019-09-05 17:19:00.640,10730,10731,10730,1
2019-09-05 17:19:00.678,10730,10731,10730,2
2019-09-05 17:19:04.261,10729,10730,10730,1
2019-09-05 17:19:04.521,10729,10730,10730,1
2019-09-05 17:19:04.736,10729,10730,10729,1
2019-09-05 17:19:04.848,10729,10730,10729,4
2019-09-05 17:19:05.883,10729,10730,10729,1
2019-09-05 17:19:07.294,10729,10730,10729,2
