2020-09-16 15:00:00.019,12908,12909,12909,133
2020-09-16 15:00:00.080,12908,12909,12909,1
2020-09-16 15:00:00.303,12908,12909,12909,2
2020-09-16 15:00:00.304,12908,12909,12909,1
2020-09-16 15:00:00.304,12908,12909,12909,1
2020-09-16 15:00:00.306,12908,12909,12909,1
2020-09-16 15:00:00.306,12908,12909,12910,1
2020-09-16 15:00:00.322,12908,12909,12910,1
2020-09-16 15:00:00.339,12908,12909,12910,1
2020-09-16 15:00:00.367,12908,12910,12910,1
2020-09-16 15:00:00.373,12908,12910,12910,1
2020-09-16 15:00:00.373,12908,12910,12910,1
2020-09-16 15:00:00.377,12908,12910,12910,1
2020-09-16 15:00:00.379,12908,12910,12910,1
2020-09-16 15:00:00.385,12908,12910,12910,1
2020-09-16 15:00:00.398,12908,12910,12910,1
2020-09-16 15:00:00.406,12908,12910,12910,1
2020-09-16 15:00:00.427,12908,12910,12910,1
2020-09-16 15:00:00.474,12908,12910,12910,1
2020-09-16 15:00:00.559,12909,12910,12910,1
2020-09-16 15:00:00.606,12909,12910,12909,1
2020-09-16 15:00:00.641,12909,12910,12908,1
2020-09-16 15:00:00.684,12909,12910,12908,1
2020-09-16 15:00:00.725,12908,12909,12908,1
2020-09-16 15:00:00.736,12908,12909,12909,5
2020-09-16 15:00:00.755,12908,12909,12909,2
2020-09-16 15:00:00.765,12908,12909,12908,1
2020-09-16 15:00:00.767,12908,12909,12909,2
2020-09-16 15:00:00.767,12908,12909,12910,1
2020-09-16 15:00:00.803,12908,12909,12908,1
2020-09-16 15:00:00.824,12908,12909,12908,2
2020-09-16 15:00:00.828,12908,12909,12909,2
2020-09-16 15:00:00.845,12908,12909,12909,2
2020-09-16 15:00:00.845,12908,12909,12909,1
2020-09-16 15:00:00.845,12908,12909,12910,7
2020-09-16 15:00:00.846,12908,12909,12910,2
2020-09-16 15:00:00.869,12908,12910,12910,1
2020-09-16 15:00:00.889,12908,12910,12910,3
2020-09-16 15:00:00.889,12908,12910,12911,1
2020-09-16 15:00:00.907,12908,12910,12909,2
2020-09-16 15:00:01.071,12908,12910,12909,2
2020-09-16 15:00:01.090,12908,12910,12908,1
2020-09-16 15:00:01.144,12908,12909,12908,1
2020-09-16 15:00:01.233,12908,12909,12909,2
2020-09-16 15:00:01.281,12908,12909,12909,1
2020-09-16 15:00:01.312,12908,12909,12908,2
2020-09-16 15:00:01.329,12908,12909,12908,1
2020-09-16 15:00:01.354,12908,12909,12908,1
2020-09-16 15:00:01.378,12908,12909,12907,2
2020-09-16 15:00:01.484,12907,12908,12907,2
2020-09-16 15:00:01.539,12907,12908,12908,1
2020-09-16 15:00:01.546,12907,12908,12908,2
2020-09-16 15:00:01.747,12906,12908,12908,4
2020-09-16 15:00:01.747,12906,12908,12909,2
2020-09-16 15:00:01.747,12906,12908,12910,7
2020-09-16 15:00:01.773,12906,12908,12910,4
2020-09-16 15:00:01.773,12906,12908,12911,1
2020-09-16 15:00:01.785,12906,12908,12908,2
2020-09-16 15:00:01.836,12906,12908,12909,1
2020-09-16 15:00:01.836,12906,12908,12910,2
2020-09-16 15:00:01.870,12908,12911,12908,1
2020-09-16 15:00:01.890,12908,12911,12910,3
2020-09-16 15:00:02.027,12908,12910,12910,2
2020-09-16 15:00:02.027,12908,12910,12911,1
2020-09-16 15:00:02.179,12907,12910,12910,1
2020-09-16 15:00:02.227,12908,12910,12908,1
2020-09-16 15:00:02.658,12907,12909,12909,1
2020-09-16 15:00:02.660,12907,12909,12907,1
2020-09-16 15:00:02.714,12907,12909,12909,1
2020-09-16 15:00:02.781,12907,12910,12910,1
2020-09-16 15:00:02.806,12907,12910,12910,3
2020-09-16 15:00:02.824,12907,12910,12911,1
2020-09-16 15:00:02.865,12909,12911,12910,1
2020-09-16 15:00:02.865,12909,12911,12911,1
2020-09-16 15:00:02.922,12909,12911,12911,3
2020-09-16 15:00:02.981,12909,12911,12911,4
2020-09-16 15:00:02.981,12909,12911,12912,1
2020-09-16 15:00:03.087,12909,12911,12912,2
2020-09-16 15:00:03.216,12909,12911,12910,1
2020-09-16 15:00:03.230,12909,12910,12910,1
2020-09-16 15:00:03.230,12909,12910,12910,1
2020-09-16 15:00:03.230,12909,12910,12910,1
2020-09-16 15:00:03.410,12909,12911,12911,2
2020-09-16 15:00:04.111,12909,12910,12909,4
2020-09-16 15:00:04.213,12909,12910,12909,1
2020-09-16 15:00:04.384,12909,12910,12909,1
2020-09-16 15:00:05.322,12909,12910,12909,1
2020-09-16 15:00:05.322,12909,12910,12908,1
2020-09-16 15:00:05.426,12908,12910,12908,1
2020-09-16 15:00:05.527,12908,12910,12910,1
2020-09-16 15:00:05.527,12908,12910,12908,1
2020-09-16 15:00:05.527,12908,12910,12908,1
2020-09-16 15:00:05.532,12908,12910,12908,2
2020-09-16 15:00:05.631,12908,12909,12908,1
2020-09-16 15:00:05.632,12908,12909,12907,1
2020-09-16 15:00:05.734,12907,12909,12907,2
2020-09-16 15:00:06.138,12907,12909,12907,1
2020-09-16 15:00:06.241,12907,12909,12907,2
2020-09-16 15:00:06.242,12907,12909,12907,1
2020-09-16 15:00:06.345,12907,12909,12907,1
2020-09-16 15:00:06.346,12907,12909,12906,1
2020-09-16 15:00:06.493,12906,12907,12907,2
2020-09-16 15:00:06.834,12907,12909,12909,1
2020-09-16 15:00:06.854,12907,12909,12909,1
2020-09-16 15:00:06.854,12907,12909,12909,1
2020-09-16 15:00:06.933,12907,12909,12908,1
2020-09-16 15:00:06.933,12907,12909,12909,1
2020-09-16 15:00:06.934,12907,12909,12909,1
2020-09-16 15:00:06.937,12907,12909,12909,1
2020-09-16 15:00:06.954,12907,12909,12910,1
2020-09-16 15:00:06.956,12907,12909,12910,1
2020-09-16 15:00:07.288,12908,12910,12910,2
2020-09-16 15:00:07.728,12908,12910,12908,2
2020-09-16 15:00:08.164,12908,12910,12908,1
2020-09-16 15:00:08.466,12907,12909,12907,1
2020-09-16 15:00:08.475,12907,12909,12909,1
2020-09-16 15:00:08.670,12907,12909,12907,1
2020-09-16 15:00:08.680,12907,12909,12908,1
2020-09-16 15:00:08.768,12907,12909,12907,1
2020-09-16 15:00:08.768,12907,12909,12907,2
2020-09-16 15:00:08.856,12907,12908,12908,1
2020-09-16 15:00:08.858,12907,12908,12908,1
2020-09-16 15:00:08.862,12907,12908,12909,2
2020-09-16 15:00:08.870,12907,12908,12907,1
2020-09-16 15:00:08.873,12907,12908,12907,2
2020-09-16 15:00:08.873,12907,12908,12906,7
2020-09-16 15:00:08.974,12907,12908,12906,1
2020-09-16 15:00:08.974,12907,12908,12906,1
2020-09-16 15:00:08.974,12906,12909,12906,1
2020-09-16 15:00:08.975,12906,12909,12906,1
2020-09-16 15:00:08.975,12906,12909,12905,1
2020-09-16 15:00:09.179,12906,12907,12906,1
2020-09-16 15:00:09.180,12906,12907,12906,1
2020-09-16 15:00:09.283,12906,12907,12906,2
2020-09-16 15:00:09.303,12906,12907,12906,1
2020-09-16 15:00:09.697,12906,12907,12906,1
2020-09-16 15:00:09.697,12906,12907,12906,1
2020-09-16 15:00:10.002,12906,12907,12906,1
2020-09-16 15:00:10.002,12906,12907,12906,2
2020-09-16 15:00:10.104,12905,12907,12905,2
2020-09-16 15:00:10.243,12905,12907,12907,3
2020-09-16 15:00:10.248,12905,12907,12907,4
2020-09-16 15:00:11.029,12907,12908,12907,1
2020-09-16 15:00:11.289,12907,12908,12907,1
2020-09-16 15:00:11.557,12907,12908,12907,1
2020-09-16 15:00:11.673,12907,12908,12907,1
2020-09-16 15:00:11.700,12907,12908,12907,4
2020-09-16 15:00:11.700,12907,12908,12906,2
2020-09-16 15:00:11.774,12906,12908,12908,1
2020-09-16 15:00:11.774,12906,12908,12909,4
2020-09-16 15:00:15.108,12907,12908,12908,1
2020-09-16 15:00:17.512,12907,12908,12908,2
2020-09-16 15:00:18.776,12907,12908,12907,1
2020-09-16 15:00:18.776,12907,12908,12906,9
2020-09-16 15:00:18.776,12907,12908,12905,2
2020-09-16 15:00:18.839,12907,12908,12907,3
2020-09-16 15:00:20.151,12907,12908,12907,1
2020-09-16 15:00:21.326,12906,12908,12908,1
2020-09-16 15:00:22.698,12906,12908,12906,1
2020-09-16 15:00:24.461,12906,12907,12906,1
2020-09-16 15:00:24.578,12906,12907,12906,1
2020-09-16 15:00:26.826,12906,12907,12906,1
2020-09-16 15:00:27.342,12906,12907,12906,1
2020-09-16 15:00:27.816,12905,12907,12907,1
2020-09-16 15:00:30.565,12906,12907,12907,1
2020-09-16 15:00:31.265,12906,12907,12907,1
2020-09-16 15:00:31.424,12906,12908,12908,2
2020-09-16 15:00:31.728,12906,12908,12908,1
2020-09-16 15:00:32.360,12907,12908,12908,1
2020-09-16 15:00:32.469,12907,12908,12907,1
2020-09-16 15:00:32.790,12906,12907,12907,1
2020-09-16 15:00:33.847,12906,12907,12906,2
2020-09-16 15:00:33.878,12906,12907,12907,1
2020-09-16 15:00:34.877,12906,12907,12906,1
2020-09-16 15:00:35.382,12906,12907,12906,1
2020-09-16 15:00:35.893,12906,12907,12906,1
2020-09-16 15:00:36.190,12906,12907,12907,2
2020-09-16 15:00:36.682,12906,12907,12906,1
2020-09-16 15:00:37.008,12906,12907,12907,1
2020-09-16 15:00:38.813,12906,12907,12907,1
2020-09-16 15:00:39.543,12907,12908,12907,2
2020-09-16 15:00:41.574,12907,12908,12907,3
2020-09-16 15:00:41.574,12907,12908,12906,1
2020-09-16 15:00:44.129,12906,12907,12907,2
2020-09-16 15:00:44.216,12906,12907,12906,1
2020-09-16 15:00:45.790,12906,12908,12908,1
2020-09-16 15:00:46.614,12906,12908,12906,1
2020-09-16 15:00:49.789,12906,12908,12908,1
2020-09-16 15:00:52.209,12907,12908,12907,1
2020-09-16 15:00:55.433,12906,12908,12906,1
2020-09-16 15:00:56.020,12907,12908,12908,1
2020-09-16 15:00:56.919,12907,12908,12907,2
2020-09-16 15:00:59.533,12907,12908,12907,2
2020-09-16 15:00:59.533,12907,12908,12906,4
2020-09-16 15:00:59.589,12907,12908,12906,5
2020-09-16 15:00:59.630,12906,12908,12908,2
2020-09-16 15:00:59.648,12906,12908,12908,8
2020-09-16 15:00:59.648,12906,12908,12909,5
2020-09-16 15:01:00.043,12907,12909,12907,5
2020-09-16 15:01:00.084,12907,12909,12908,2
2020-09-16 15:01:00.102,12907,12909,12909,2
2020-09-16 15:01:00.168,12907,12909,12909,2
2020-09-16 15:01:00.748,12907,12909,12909,4
2020-09-16 15:01:01.076,12907,12908,12908,1
2020-09-16 15:01:01.076,12907,12908,12909,2
2020-09-16 15:01:01.076,12907,12908,12909,1
2020-09-16 15:01:01.135,12907,12909,12909,1
2020-09-16 15:01:01.385,12907,12909,12907,2
2020-09-16 15:01:01.411,12907,12909,12907,2
2020-09-16 15:01:01.450,12907,12909,12907,2
2020-09-16 15:01:01.450,12907,12909,12906,2
2020-09-16 15:01:01.636,12906,12908,12908,1
2020-09-16 15:01:01.891,12906,12908,12908,2
2020-09-16 15:01:03.151,12907,12908,12908,1
2020-09-16 15:01:03.365,12907,12908,12908,1
2020-09-16 15:01:03.435,12907,12908,12909,1
2020-09-16 15:01:03.435,12907,12908,12909,1
2020-09-16 15:01:03.435,12907,12908,12909,1
2020-09-16 15:01:03.562,12907,12909,12909,1
2020-09-16 15:01:03.563,12907,12909,12909,1
2020-09-16 15:01:03.563,12907,12909,12909,4
2020-09-16 15:01:03.847,12907,12909,12908,1
2020-09-16 15:01:04.530,12907,12909,12909,2
2020-09-16 15:01:05.102,12907,12909,12908,1
2020-09-16 15:01:05.152,12907,12909,12909,1
2020-09-16 15:01:05.437,12907,12909,12909,1
2020-09-16 15:01:05.563,12907,12909,12909,1
2020-09-16 15:01:05.563,12907,12909,12909,1
2020-09-16 15:01:05.564,12907,12909,12909,3
2020-09-16 15:01:05.583,12907,12909,12909,1
2020-09-16 15:01:05.679,12909,12910,12910,2
2020-09-16 15:01:06.181,12909,12910,12909,1
2020-09-16 15:01:07.151,12909,12910,12910,2
2020-09-16 15:01:07.232,12909,12910,12910,2
2020-09-16 15:01:07.891,12909,12910,12909,1
2020-09-16 15:01:08.531,12909,12910,12910,1
2020-09-16 15:01:09.436,12909,12910,12910,6
2020-09-16 15:01:09.436,12909,12910,12910,1
2020-09-16 15:01:09.436,12909,12910,12910,5
2020-09-16 15:01:09.436,12909,12910,12911,1
2020-09-16 15:01:09.437,12909,12910,12911,1
2020-09-16 15:01:09.564,12909,12911,12911,2
2020-09-16 15:01:09.565,12909,12911,12911,2
2020-09-16 15:01:09.565,12909,12911,12911,6
2020-09-16 15:01:10.403,12911,12912,12911,1
2020-09-16 15:01:10.531,12911,12912,12912,1
2020-09-16 15:01:10.571,12911,12912,12912,8
2020-09-16 15:01:10.571,12911,12912,12913,3
2020-09-16 15:01:10.632,12911,12913,12912,2
2020-09-16 15:01:10.905,12912,12913,12912,5
2020-09-16 15:01:10.905,12912,12913,12912,1
2020-09-16 15:01:11.152,12911,12913,12913,1
2020-09-16 15:01:11.307,12911,12913,12911,2
2020-09-16 15:01:11.438,12911,12913,12913,1
2020-09-16 15:01:11.565,12911,12913,12913,1
2020-09-16 15:01:12.175,12911,12913,12911,1
2020-09-16 15:01:12.532,12911,12912,12912,1
2020-09-16 15:01:12.572,12911,12912,12913,1
2020-09-16 15:01:13.162,12911,12913,12913,5
2020-09-16 15:01:13.437,12911,12913,12913,1
2020-09-16 15:01:14.506,12912,12913,12912,1
2020-09-16 15:01:14.539,12912,12913,12911,1
2020-09-16 15:01:14.626,12911,12912,12912,1
2020-09-16 15:01:15.136,12911,12912,12911,1
2020-09-16 15:01:15.834,12911,12912,12912,2
2020-09-16 15:01:17.760,12911,12912,12912,1
2020-09-16 15:01:18.184,12911,12913,12911,1
2020-09-16 15:01:18.281,12911,12913,12913,4
2020-09-16 15:01:20.563,12911,12912,12911,1
2020-09-16 15:01:21.446,12911,12912,12911,1
2020-09-16 15:01:21.446,12911,12912,12910,1
2020-09-16 15:01:21.551,12910,12912,12911,1
2020-09-16 15:01:21.551,12910,12912,12910,1
2020-09-16 15:01:22.930,12911,12912,12912,1
2020-09-16 15:01:23.822,12911,12913,12912,1
2020-09-16 15:01:24.884,12912,12913,12912,1
2020-09-16 15:01:25.180,12912,12913,12913,2
2020-09-16 15:01:25.475,12912,12913,12913,5
2020-09-16 15:01:25.475,12912,12913,12913,2
2020-09-16 15:01:26.172,12913,12914,12913,1
2020-09-16 15:01:26.598,12913,12914,12914,1
2020-09-16 15:01:27.347,12913,12914,12913,1
2020-09-16 15:01:27.420,12913,12914,12913,2
2020-09-16 15:01:27.702,12913,12914,12914,1
2020-09-16 15:01:28.057,12913,12914,12914,1
2020-09-16 15:01:29.067,12913,12914,12914,8
2020-09-16 15:01:29.067,12913,12914,12914,4
2020-09-16 15:01:29.067,12913,12914,12914,4
2020-09-16 15:01:29.155,12914,12915,12915,1
2020-09-16 15:01:29.427,12914,12915,12915,1
2020-09-16 15:01:29.568,12914,12915,12915,1
2020-09-16 15:01:29.767,12914,12915,12915,2
2020-09-16 15:01:29.777,12914,12915,12914,1
2020-09-16 15:01:30.253,12914,12915,12914,1
2020-09-16 15:01:30.438,12914,12915,12915,1
2020-09-16 15:01:31.441,12914,12915,12915,1
2020-09-16 15:01:31.441,12914,12915,12915,1
2020-09-16 15:01:31.441,12914,12915,12915,1
2020-09-16 15:01:31.684,12914,12915,12915,2
2020-09-16 15:01:31.685,12914,12915,12914,1
2020-09-16 15:01:33.275,12914,12915,12915,2
2020-09-16 15:01:33.569,12914,12915,12915,2
2020-09-16 15:01:33.569,12914,12915,12916,2
2020-09-16 15:01:33.569,12914,12915,12916,1
2020-09-16 15:01:33.745,12914,12916,12914,1
2020-09-16 15:01:34.117,12914,12915,12915,1
2020-09-16 15:01:34.278,12915,12916,12915,1
2020-09-16 15:01:34.668,12915,12916,12915,1
2020-09-16 15:01:35.371,12915,12916,12916,1
2020-09-16 15:01:35.441,12915,12916,12916,1
2020-09-16 15:01:35.509,12915,12916,12915,1
2020-09-16 15:01:35.569,12915,12916,12916,2
2020-09-16 15:01:35.569,12915,12916,12916,1
2020-09-16 15:01:35.700,12915,12916,12915,1
2020-09-16 15:01:35.705,12915,12916,12916,1
2020-09-16 15:01:36.060,12915,12916,12916,1
2020-09-16 15:01:36.536,12915,12916,12916,2
2020-09-16 15:01:36.536,12915,12916,12916,1
2020-09-16 15:01:36.843,12915,12916,12916,1
2020-09-16 15:01:37.157,12915,12916,12916,2
2020-09-16 15:01:37.227,12915,12916,12916,1
2020-09-16 15:01:37.231,12915,12916,12916,1
2020-09-16 15:01:37.264,12915,12916,12916,1
2020-09-16 15:01:37.368,12915,12916,12916,1
2020-09-16 15:01:38.005,12915,12916,12916,2
2020-09-16 15:01:38.576,12915,12916,12916,3
2020-09-16 15:01:38.576,12915,12916,12917,8
2020-09-16 15:01:39.157,12916,12917,12917,1
2020-09-16 15:01:40.044,12916,12917,12916,1
2020-09-16 15:01:40.793,12916,12917,12916,2
2020-09-16 15:01:41.158,12915,12916,12916,1
2020-09-16 15:01:41.442,12915,12916,12916,1
2020-09-16 15:01:41.444,12915,12916,12916,1
2020-09-16 15:01:41.470,12915,12916,12916,1
2020-09-16 15:01:41.818,12916,12917,12916,1
2020-09-16 15:01:41.835,12916,12917,12917,5
2020-09-16 15:01:41.931,12916,12918,12918,1
2020-09-16 15:01:41.974,12916,12918,12916,1
2020-09-16 15:01:42.561,12916,12917,12916,1
2020-09-16 15:01:42.687,12916,12917,12916,1
2020-09-16 15:01:43.443,12915,12917,12917,2
2020-09-16 15:01:45.444,12916,12917,12917,1
2020-09-16 15:01:45.444,12916,12917,12918,6
2020-09-16 15:01:46.311,12916,12917,12917,1
2020-09-16 15:01:46.538,12916,12917,12917,1
2020-09-16 15:01:46.577,12916,12917,12917,1
2020-09-16 15:01:47.444,12916,12917,12917,1
2020-09-16 15:01:47.477,12916,12917,12917,1
2020-09-16 15:01:50.350,12916,12917,12917,1
2020-09-16 15:01:50.445,12916,12917,12917,1
2020-09-16 15:01:51.490,12916,12917,12917,1
2020-09-16 15:01:53.667,12917,12918,12917,1
2020-09-16 15:01:54.561,12916,12917,12917,1
2020-09-16 15:01:54.811,12916,12917,12917,1
2020-09-16 15:01:55.161,12916,12917,12917,1
2020-09-16 15:01:55.307,12916,12917,12917,2
2020-09-16 15:01:55.574,12916,12917,12917,1
2020-09-16 15:01:56.788,12916,12917,12916,5
2020-09-16 15:01:56.923,12915,12916,12916,4
2020-09-16 15:01:57.159,12915,12916,12916,2
2020-09-16 15:01:57.228,12915,12916,12916,2
2020-09-16 15:01:57.409,12915,12917,12917,1
2020-09-16 15:01:59.205,12915,12916,12916,1
2020-09-16 15:01:59.446,12915,12916,12916,1
2020-09-16 15:01:59.446,12915,12916,12916,1
2020-09-16 15:01:59.787,12915,12917,12917,1
2020-09-16 15:01:59.950,12915,12916,12915,1
2020-09-16 15:02:00.035,12915,12916,12916,1
2020-09-16 15:02:00.211,12915,12917,12917,3
2020-09-16 15:02:00.291,12916,12917,12916,1
2020-09-16 15:02:00.375,12915,12917,12915,1
2020-09-16 15:02:00.910,12916,12917,12916,1
2020-09-16 15:02:00.910,12916,12917,12915,1
2020-09-16 15:02:01.575,12915,12916,12916,2
2020-09-16 15:02:02.000,12915,12917,12915,1
2020-09-16 15:02:02.234,12915,12916,12916,1
2020-09-16 15:02:02.980,12916,12917,12917,1
2020-09-16 15:02:03.447,12916,12917,12917,1
2020-09-16 15:02:03.575,12916,12917,12917,1
2020-09-16 15:02:03.575,12916,12917,12917,4
2020-09-16 15:02:03.859,12916,12917,12916,1
2020-09-16 15:02:04.541,12916,12917,12917,1
2020-09-16 15:02:04.542,12916,12917,12917,4
2020-09-16 15:02:04.542,12916,12917,12917,8
2020-09-16 15:02:05.269,12917,12918,12917,1
2020-09-16 15:02:05.529,12917,12918,12917,3
2020-09-16 15:02:05.576,12917,12918,12918,1
2020-09-16 15:02:05.610,12917,12918,12918,1
2020-09-16 15:02:06.045,12917,12918,12917,1
2020-09-16 15:02:06.251,12916,12918,12916,1
2020-09-16 15:02:06.346,12916,12918,12918,1
2020-09-16 15:02:06.580,12916,12918,12918,11
2020-09-16 15:02:07.082,12917,12918,12918,1
2020-09-16 15:02:07.103,12917,12918,12918,2
2020-09-16 15:02:07.108,12917,12918,12918,1
2020-09-16 15:02:07.163,12917,12918,12918,1
2020-09-16 15:02:07.400,12917,12918,12917,1
2020-09-16 15:02:07.769,12917,12918,12918,1
2020-09-16 15:02:07.813,12917,12918,12918,1
2020-09-16 15:02:08.521,12917,12918,12918,1
2020-09-16 15:02:08.542,12917,12918,12918,2
2020-09-16 15:02:09.035,12917,12918,12918,2
2020-09-16 15:02:09.126,12917,12918,12917,1
2020-09-16 15:02:09.247,12917,12918,12918,1
2020-09-16 15:02:09.472,12917,12918,12918,1
2020-09-16 15:02:10.620,12917,12918,12918,1
2020-09-16 15:02:10.678,12917,12918,12918,16
2020-09-16 15:02:10.680,12917,12918,12918,4
2020-09-16 15:02:10.938,12917,12919,12917,1
2020-09-16 15:02:11.200,12917,12918,12918,2
2020-09-16 15:02:11.288,12917,12918,12917,2
2020-09-16 15:02:11.350,12917,12918,12917,1
2020-09-16 15:02:11.704,12916,12918,12918,5
2020-09-16 15:02:11.704,12916,12918,12919,3
2020-09-16 15:02:12.770,12917,12919,12919,1
2020-09-16 15:02:13.077,12917,12919,12917,1
2020-09-16 15:02:13.097,12917,12919,12917,1
2020-09-16 15:02:13.346,12917,12918,12918,1
2020-09-16 15:02:13.449,12917,12918,12918,1
2020-09-16 15:02:13.449,12917,12918,12918,1
2020-09-16 15:02:14.047,12917,12918,12918,2
2020-09-16 15:02:15.050,12917,12918,12918,5
2020-09-16 15:02:17.164,12917,12918,12918,1
2020-09-16 15:02:19.451,12917,12918,12918,1
2020-09-16 15:02:19.451,12917,12918,12919,1
2020-09-16 15:02:19.476,12918,12919,12919,1
2020-09-16 15:02:19.481,12918,12919,12919,1
2020-09-16 15:02:19.728,12918,12919,12918,4
2020-09-16 15:02:21.062,12917,12918,12917,1
2020-09-16 15:02:21.338,12917,12918,12918,1
2020-09-16 15:02:21.391,12918,12919,12918,1
2020-09-16 15:02:21.451,12918,12919,12919,1
2020-09-16 15:02:21.451,12918,12919,12919,1
2020-09-16 15:02:21.452,12918,12919,12919,6
2020-09-16 15:02:21.579,12918,12919,12919,1
2020-09-16 15:02:22.384,12918,12919,12918,1
2020-09-16 15:02:22.407,12918,12919,12918,1
2020-09-16 15:02:22.511,12918,12919,12918,1
2020-09-16 15:02:22.941,12918,12919,12918,1
2020-09-16 15:02:23.036,12918,12919,12918,4
2020-09-16 15:02:23.580,12917,12918,12918,1
2020-09-16 15:02:23.691,12917,12918,12918,2
2020-09-16 15:02:24.278,12917,12918,12918,2
2020-09-16 15:02:25.075,12917,12918,12917,1
2020-09-16 15:02:25.567,12917,12918,12918,1
2020-09-16 15:02:25.825,12917,12918,12917,4
2020-09-16 15:02:27.143,12917,12918,12918,1
2020-09-16 15:02:27.453,12917,12918,12918,1
2020-09-16 15:02:27.454,12917,12918,12918,1
2020-09-16 15:02:27.581,12917,12918,12918,2
2020-09-16 15:02:28.633,12917,12918,12918,2
2020-09-16 15:02:28.634,12917,12918,12918,3
2020-09-16 15:02:28.840,12918,12919,12919,5
2020-09-16 15:02:28.840,12918,12919,12919,1
2020-09-16 15:02:28.840,12918,12919,12919,5
2020-09-16 15:02:30.604,12919,12920,12919,1
2020-09-16 15:02:30.690,12919,12920,12920,2
2020-09-16 15:02:30.763,12919,12920,12920,2
2020-09-16 15:02:30.786,12919,12920,12920,1
2020-09-16 15:02:30.941,12919,12920,12920,1
2020-09-16 15:02:31.298,12919,12920,12920,1
2020-09-16 15:02:31.338,12919,12920,12920,1
2020-09-16 15:02:32.546,12919,12920,12920,1
2020-09-16 15:02:33.582,12918,12920,12920,4
2020-09-16 15:02:34.322,12918,12920,12919,1
2020-09-16 15:02:34.452,12918,12920,12920,2
2020-09-16 15:02:34.452,12918,12920,12920,4
2020-09-16 15:02:34.452,12918,12920,12920,2
2020-09-16 15:02:34.452,12918,12920,12920,5
2020-09-16 15:02:34.585,12919,12920,12920,11
2020-09-16 15:02:34.585,12919,12920,12920,9
2020-09-16 15:02:34.656,12919,12920,12919,3
2020-09-16 15:02:34.791,12919,12920,12919,25
2020-09-16 15:02:35.582,12918,12920,12920,1
2020-09-16 15:02:36.639,12918,12920,12918,1
2020-09-16 15:02:37.167,12918,12920,12920,2
2020-09-16 15:02:38.828,12918,12920,12920,1
2020-09-16 15:02:39.382,12918,12920,12920,1
2020-09-16 15:02:40.547,12918,12920,12920,2
2020-09-16 15:02:45.456,12918,12919,12919,1
2020-09-16 15:02:45.456,12918,12919,12919,1
2020-09-16 15:02:45.949,12919,12920,12919,1
2020-09-16 15:02:46.463,12919,12920,12919,1
2020-09-16 15:02:46.929,12919,12920,12919,2
2020-09-16 15:02:48.533,12918,12919,12919,5
2020-09-16 15:02:49.696,12918,12919,12919,2
2020-09-16 15:02:50.384,12918,12919,12918,2
2020-09-16 15:02:53.170,12918,12919,12919,1
2020-09-16 15:02:53.586,12918,12919,12919,2
2020-09-16 15:02:54.515,12918,12919,12918,1
2020-09-16 15:02:55.458,12918,12919,12919,1
2020-09-16 15:02:55.458,12918,12919,12919,2
2020-09-16 15:02:55.499,12918,12919,12919,1
2020-09-16 15:02:55.928,12918,12919,12918,2
2020-09-16 15:02:57.459,12918,12919,12919,6
2020-09-16 15:02:57.459,12918,12919,12919,1
2020-09-16 15:02:57.459,12918,12919,12919,2
2020-09-16 15:02:59.587,12918,12920,12920,1
2020-09-16 15:03:00.439,12918,12919,12918,1
2020-09-16 15:03:01.111,12918,12919,12919,1
2020-09-16 15:03:01.227,12919,12920,12920,1
2020-09-16 15:03:01.227,12919,12920,12920,1
2020-09-16 15:03:01.241,12919,12920,12920,1
2020-09-16 15:03:02.589,12919,12920,12920,8
2020-09-16 15:03:03.588,12919,12920,12920,4
2020-09-16 15:03:04.150,12919,12920,12920,1
2020-09-16 15:03:04.325,12919,12920,12919,1
2020-09-16 15:03:05.929,12919,12920,12919,3
2020-09-16 15:03:06.766,12918,12920,12920,1
2020-09-16 15:03:07.172,12918,12920,12920,2
2020-09-16 15:03:07.226,12918,12920,12920,2
2020-09-16 15:03:07.648,12918,12920,12918,1
2020-09-16 15:03:08.351,12919,12920,12919,1
2020-09-16 15:03:10.756,12919,12920,12919,1
2020-09-16 15:03:10.914,12919,12920,12919,1
2020-09-16 15:03:12.394,12919,12920,12919,1
2020-09-16 15:03:12.395,12919,12920,12919,4
2020-09-16 15:03:12.553,12918,12919,12919,2
2020-09-16 15:03:14.864,12918,12919,12919,1
2020-09-16 15:03:15.129,12918,12919,12919,1
2020-09-16 15:03:15.938,12918,12919,12919,1
2020-09-16 15:03:17.462,12918,12919,12919,1
2020-09-16 15:03:17.462,12918,12919,12919,1
2020-09-16 15:03:18.440,12918,12919,12918,1
2020-09-16 15:03:18.476,12918,12919,12919,1
2020-09-16 15:03:18.477,12918,12919,12919,1
2020-09-16 15:03:18.478,12918,12919,12919,1
2020-09-16 15:03:18.478,12918,12919,12920,1
2020-09-16 15:03:18.478,12918,12919,12920,1
2020-09-16 15:03:18.478,12918,12919,12920,1
2020-09-16 15:03:18.527,12918,12919,12919,1
2020-09-16 15:03:19.630,12919,12920,12919,1
2020-09-16 15:03:23.397,12918,12919,12919,1
2020-09-16 15:03:27.525,12918,12919,12918,1
2020-09-16 15:03:28.901,12918,12919,12919,2
2020-09-16 15:03:28.976,12918,12919,12919,1
2020-09-16 15:03:28.977,12918,12919,12919,1
2020-09-16 15:03:28.978,12918,12919,12920,1
2020-09-16 15:03:31.465,12919,12920,12920,2
2020-09-16 15:03:32.901,12919,12920,12920,1
2020-09-16 15:03:33.465,12919,12920,12920,6
2020-09-16 15:03:33.466,12919,12920,12920,1
2020-09-16 15:03:33.594,12919,12920,12920,2
2020-09-16 15:03:35.594,12919,12920,12920,1
2020-09-16 15:03:36.794,12919,12920,12920,1
2020-09-16 15:03:37.478,12919,12920,12920,41
2020-09-16 15:03:37.480,12919,12920,12921,1
2020-09-16 15:03:37.480,12919,12920,12921,4
2020-09-16 15:03:37.481,12919,12920,12921,12
2020-09-16 15:03:37.601,12920,12922,12922,1
2020-09-16 15:03:38.018,12921,12922,12922,1
2020-09-16 15:03:38.620,12921,12922,12921,1
2020-09-16 15:03:38.930,12921,12922,12921,1
2020-09-16 15:03:38.937,12921,12922,12921,2
2020-09-16 15:03:40.215,12920,12922,12920,1
2020-09-16 15:03:40.979,12920,12922,12920,1
2020-09-16 15:03:41.396,12921,12922,12921,1
2020-09-16 15:03:41.396,12921,12922,12920,2
2020-09-16 15:03:45.257,12920,12921,12921,1
2020-09-16 15:03:48.304,12920,12921,12921,1
2020-09-16 15:03:49.469,12920,12921,12921,1
2020-09-16 15:03:49.477,12920,12922,12922,1
2020-09-16 15:03:49.542,12920,12922,12922,1
2020-09-16 15:03:50.239,12920,12922,12920,3
2020-09-16 15:03:51.468,12920,12921,12920,2
2020-09-16 15:03:53.342,12920,12921,12921,1
2020-09-16 15:03:54.432,12920,12921,12920,1
2020-09-16 15:03:55.025,12920,12921,12921,1
2020-09-16 15:03:55.392,12920,12922,12920,1
2020-09-16 15:03:57.568,12920,12921,12921,1
2020-09-16 15:03:57.849,12921,12922,12921,1
2020-09-16 15:03:58.371,12920,12922,12920,1
2020-09-16 15:03:58.762,12921,12922,12921,1
2020-09-16 15:03:58.803,12921,12922,12921,1
2020-09-16 15:03:59.570,12921,12922,12921,1
2020-09-16 15:03:59.603,12921,12922,12921,2
2020-09-16 15:04:00.602,12921,12922,12921,1
2020-09-16 15:04:01.603,12921,12922,12921,3
2020-09-16 15:04:02.603,12920,12922,12920,1
2020-09-16 15:04:03.181,12920,12922,12922,1
2020-09-16 15:04:07.472,12920,12921,12921,1
2020-09-16 15:04:07.797,12920,12921,12921,1
2020-09-16 15:04:08.286,12920,12921,12921,1
2020-09-16 15:04:08.287,12920,12921,12921,1
2020-09-16 15:04:09.184,12920,12922,12920,5
2020-09-16 15:04:09.472,12920,12921,12921,4
2020-09-16 15:04:09.472,12920,12921,12922,1
2020-09-16 15:04:10.615,12920,12921,12921,1
2020-09-16 15:04:13.922,12921,12922,12921,1
2020-09-16 15:04:15.950,12921,12922,12921,1
2020-09-16 15:04:18.504,12921,12922,12921,1
2020-09-16 15:04:20.030,12921,12922,12921,3
2020-09-16 15:04:20.452,12921,12922,12921,1
2020-09-16 15:04:21.474,12921,12922,12922,1
2020-09-16 15:04:21.603,12921,12922,12922,1
2020-09-16 15:04:23.018,12921,12922,12921,1
2020-09-16 15:04:25.526,12921,12922,12921,1
2020-09-16 15:04:26.842,12921,12922,12921,1
2020-09-16 15:04:27.479,12921,12922,12921,1
2020-09-16 15:04:29.368,12921,12922,12921,4
2020-09-16 15:04:29.368,12921,12922,12921,4
2020-09-16 15:04:33.109,12920,12921,12920,1
2020-09-16 15:04:34.501,12920,12921,12921,1
2020-09-16 15:04:34.576,12920,12921,12921,1
2020-09-16 15:04:37.477,12920,12921,12920,2
2020-09-16 15:04:37.642,12920,12921,12921,1
2020-09-16 15:04:37.691,12920,12921,12920,10
2020-09-16 15:04:38.862,12919,12921,12921,1
2020-09-16 15:04:38.866,12919,12921,12921,1
2020-09-16 15:04:39.187,12919,12921,12921,1
2020-09-16 15:04:40.003,12919,12921,12919,4
2020-09-16 15:04:40.792,12919,12920,12920,1
2020-09-16 15:04:42.322,12919,12920,12920,1
2020-09-16 15:04:43.302,12919,12920,12920,1
2020-09-16 15:04:44.941,12919,12920,12919,10
2020-09-16 15:04:45.357,12919,12920,12920,2
2020-09-16 15:04:47.292,12919,12920,12920,1
2020-09-16 15:04:50.343,12919,12920,12919,3
2020-09-16 15:04:52.043,12919,12920,12919,2
2020-09-16 15:04:52.287,12918,12919,12919,2
2020-09-16 15:04:53.480,12919,12920,12920,1
2020-09-16 15:05:02.094,12919,12920,12920,1
2020-09-16 15:05:02.316,12919,12920,12920,1
2020-09-16 15:05:02.361,12919,12920,12919,1
2020-09-16 15:05:02.361,12919,12920,12919,1
2020-09-16 15:05:02.364,12919,12920,12919,2
2020-09-16 15:05:02.429,12919,12920,12918,1
2020-09-16 15:05:02.452,12919,12920,12919,1
2020-09-16 15:05:03.085,12918,12919,12918,2
2020-09-16 15:05:03.102,12918,12919,12918,1
2020-09-16 15:05:04.025,12918,12919,12919,3
2020-09-16 15:05:05.707,12919,12920,12919,1
2020-09-16 15:05:06.156,12919,12920,12920,1
2020-09-16 15:05:06.476,12919,12920,12920,12
2020-09-16 15:05:07.531,12920,12921,12920,1
2020-09-16 15:05:07.572,12920,12921,12920,1
2020-09-16 15:05:07.601,12920,12921,12920,1
2020-09-16 15:05:07.766,12919,12921,12919,1
2020-09-16 15:05:07.960,12919,12920,12919,1
2020-09-16 15:05:10.657,12919,12920,12920,3
2020-09-16 15:05:12.002,12920,12921,12920,1
2020-09-16 15:05:15.192,12919,12920,12920,1
2020-09-16 15:05:16.299,12919,12920,12920,1
2020-09-16 15:05:18.558,12919,12920,12919,1
2020-09-16 15:05:18.602,12919,12920,12919,1
2020-09-16 15:05:18.603,12919,12920,12919,1
2020-09-16 15:05:22.686,12919,12920,12919,1
2020-09-16 15:05:22.850,12919,12920,12919,5
2020-09-16 15:05:24.739,12918,12919,12919,1
2020-09-16 15:05:29.213,12918,12919,12919,1
2020-09-16 15:05:29.844,12918,12919,12919,1
2020-09-16 15:05:32.104,12918,12919,12918,2
2020-09-16 15:05:32.225,12918,12919,12918,17
2020-09-16 15:05:32.226,12918,12919,12917,1
2020-09-16 15:05:32.410,12917,12919,12919,2
2020-09-16 15:05:35.140,12917,12918,12917,5
2020-09-16 15:05:35.141,12917,12918,12917,4
2020-09-16 15:05:35.273,12916,12918,12917,1
2020-09-16 15:05:35.291,12916,12918,12917,1
2020-09-16 15:05:35.291,12916,12918,12916,4
2020-09-16 15:05:38.278,12916,12918,12918,3
2020-09-16 15:05:41.682,12916,12918,12916,2
2020-09-16 15:05:46.447,12916,12917,12916,1
2020-09-16 15:05:47.237,12917,12918,12917,1
2020-09-16 15:05:48.491,12916,12918,12918,1
2020-09-16 15:05:50.861,12917,12918,12917,1
2020-09-16 15:05:51.800,12917,12918,12917,1
2020-09-16 15:05:52.800,12917,12918,12917,1
2020-09-16 15:05:55.692,12917,12918,12917,1
2020-09-16 15:05:56.397,12917,12918,12917,1
2020-09-16 15:05:56.636,12917,12918,12917,1
2020-09-16 15:05:56.979,12917,12918,12918,1
2020-09-16 15:05:59.146,12917,12918,12917,1
2020-09-16 15:05:59.498,12917,12918,12917,1
2020-09-16 15:06:00.807,12917,12918,12917,1
2020-09-16 15:06:04.886,12917,12918,12917,1
2020-09-16 15:06:06.730,12917,12918,12917,1
2020-09-16 15:06:10.779,12917,12918,12917,1
2020-09-16 15:06:15.079,12917,12918,12917,1
2020-09-16 15:06:18.091,12917,12918,12917,1
2020-09-16 15:06:19.707,12917,12918,12917,1
2020-09-16 15:06:20.990,12917,12918,12917,4
2020-09-16 15:06:27.527,12917,12918,12917,1
2020-09-16 15:06:31.690,12916,12917,12916,2
2020-09-16 15:06:37.682,12916,12917,12917,1
2020-09-16 15:06:44.544,12916,12917,12916,1
2020-09-16 15:06:46.116,12916,12917,12916,1
2020-09-16 15:06:51.886,12916,12917,12916,1
2020-09-16 15:07:00.698,12916,12917,12916,1
2020-09-16 15:07:02.239,12916,12917,12917,4
2020-09-16 15:07:02.578,12916,12917,12917,4
2020-09-16 15:07:02.578,12916,12917,12917,1
2020-09-16 15:07:03.691,12917,12918,12917,2
2020-09-16 15:07:05.375,12916,12917,12917,1
2020-09-16 15:07:05.415,12916,12917,12917,1
2020-09-16 15:07:05.960,12916,12917,12916,1
2020-09-16 15:07:06.705,12916,12917,12917,1
2020-09-16 15:07:13.095,12916,12917,12917,2
2020-09-16 15:07:13.523,12916,12917,12917,1
2020-09-16 15:07:16.477,12916,12917,12917,1
2020-09-16 15:07:19.451,12916,12917,12917,1
2020-09-16 15:07:20.159,12917,12918,12917,1
2020-09-16 15:07:29.890,12916,12917,12916,2
2020-09-16 15:07:31.606,12916,12917,12916,5
2020-09-16 15:07:32.128,12916,12917,12917,6
2020-09-16 15:07:33.264,12916,12917,12916,1
2020-09-16 15:07:35.493,12916,12917,12917,2
2020-09-16 15:07:41.520,12916,12917,12917,2
2020-09-16 15:07:43.281,12916,12917,12917,3
2020-09-16 15:07:55.027,12917,12918,12917,1
2020-09-16 15:07:58.968,12917,12918,12917,1
2020-09-16 15:08:00.385,12917,12918,12917,1
2020-09-16 15:08:02.145,12917,12918,12918,1
2020-09-16 15:08:13.951,12917,12918,12918,4
2020-09-16 15:08:13.951,12917,12918,12918,13
2020-09-16 15:08:15.349,12918,12919,12918,1
2020-09-16 15:08:25.058,12918,12919,12919,1
2020-09-16 15:08:32.540,12918,12919,12918,1
2020-09-16 15:08:33.189,12918,12919,12919,1
2020-09-16 15:08:34.039,12918,12919,12918,2
2020-09-16 15:08:34.223,12917,12918,12917,1
2020-09-16 15:08:34.860,12917,12918,12917,1
2020-09-16 15:08:54.112,12917,12918,12918,1
2020-09-16 15:08:55.615,12917,12918,12917,1
2020-09-16 15:09:02.302,12917,12918,12917,3
2020-09-16 15:09:09.615,12917,12918,12917,5
2020-09-16 15:09:09.615,12917,12918,12917,24
2020-09-16 15:09:17.438,12916,12917,12917,1
2020-09-16 15:09:31.941,12916,12917,12917,2
2020-09-16 15:09:42.716,12916,12917,12917,13
2020-09-16 15:09:49.325,12917,12918,12918,2
2020-09-16 15:09:49.325,12917,12918,12918,2
2020-09-16 15:09:53.879,12918,12919,12918,1
2020-09-16 15:10:00.993,12918,12919,12918,1
2020-09-16 15:10:01.489,12918,12919,12919,1
2020-09-16 15:10:01.506,12918,12919,12918,1
2020-09-16 15:10:01.506,12918,12919,12917,3
2020-09-16 15:10:01.587,12918,12919,12917,1
2020-09-16 15:10:01.675,12917,12919,12917,1
2020-09-16 15:10:01.857,12917,12919,12917,1
2020-09-16 15:10:03.252,12918,12919,12918,1
2020-09-16 15:10:04.530,12918,12919,12918,1
2020-09-16 15:10:07.735,12918,12919,12918,2
2020-09-16 15:10:07.736,12918,12919,12918,3
2020-09-16 15:10:11.146,12918,12919,12919,16
2020-09-16 15:10:12.822,12919,12920,12919,4
2020-09-16 15:10:18.071,12919,12920,12920,1
2020-09-16 15:10:19.454,12919,12920,12920,1
2020-09-16 15:10:21.984,12919,12920,12920,1
2020-09-16 15:10:24.522,12919,12920,12920,2
2020-09-16 15:10:26.005,12919,12920,12919,3
2020-09-16 15:10:29.691,12919,12920,12919,1
2020-09-16 15:10:30.358,12919,12920,12919,7
2020-09-16 15:10:30.359,12919,12920,12919,2
2020-09-16 15:10:30.359,12919,12920,12919,1
2020-09-16 15:10:31.383,12919,12920,12919,2
2020-09-16 15:10:33.749,12919,12920,12920,24
2020-09-16 15:10:42.210,12920,12921,12920,1
2020-09-16 15:10:43.402,12920,12921,12921,1
2020-09-16 15:10:49.116,12920,12921,12921,1
2020-09-16 15:10:49.301,12920,12921,12921,1
2020-09-16 15:10:51.367,12920,12921,12921,9
2020-09-16 15:10:53.246,12921,12922,12921,1
2020-09-16 15:10:58.789,12921,12922,12921,1
2020-09-16 15:10:59.096,12920,12922,12921,1
2020-09-16 15:11:01.668,12921,12922,12921,1
2020-09-16 15:11:03.364,12921,12922,12921,1
2020-09-16 15:11:06.280,12921,12922,12921,1
2020-09-16 15:11:06.462,12921,12922,12922,1
2020-09-16 15:11:07.951,12921,12922,12921,1
2020-09-16 15:11:11.208,12921,12922,12921,1
2020-09-16 15:11:14.205,12921,12922,12921,1
2020-09-16 15:11:14.263,12921,12922,12921,1
2020-09-16 15:11:18.159,12921,12922,12922,1
2020-09-16 15:11:18.471,12921,12922,12921,1
2020-09-16 15:11:26.605,12921,12922,12922,1
2020-09-16 15:11:31.948,12921,12922,12922,3
2020-09-16 15:11:32.172,12921,12922,12922,1
2020-09-16 15:11:33.656,12921,12922,12921,1
2020-09-16 15:11:35.476,12921,12922,12922,1
2020-09-16 15:11:39.395,12921,12922,12921,1
2020-09-16 15:11:41.008,12921,12922,12922,1
2020-09-16 15:11:47.139,12921,12922,12921,1
2020-09-16 15:11:47.201,12921,12922,12921,2
2020-09-16 15:11:52.867,12921,12922,12922,1
2020-09-16 15:11:53.488,12921,12922,12921,4
2020-09-16 15:11:53.742,12921,12922,12921,3
2020-09-16 15:11:56.450,12921,12922,12921,1
2020-09-16 15:11:56.995,12921,12922,12921,1
2020-09-16 15:11:57.320,12921,12922,12921,1
2020-09-16 15:11:57.321,12921,12922,12921,4
2020-09-16 15:11:58.844,12920,12921,12921,1
2020-09-16 15:12:01.441,12920,12921,12921,1
2020-09-16 15:12:01.994,12920,12921,12920,1
2020-09-16 15:12:02.070,12920,12921,12920,1
2020-09-16 15:12:02.150,12920,12921,12920,1
2020-09-16 15:12:02.185,12920,12921,12920,1
2020-09-16 15:12:02.202,12920,12921,12920,6
2020-09-16 15:12:15.806,12919,12920,12920,1
2020-09-16 15:12:17.858,12920,12921,12920,1
2020-09-16 15:12:23.701,12920,12921,12920,1
2020-09-16 15:12:24.854,12920,12921,12920,1
2020-09-16 15:12:29.376,12920,12921,12921,1
2020-09-16 15:12:29.477,12920,12921,12921,2
2020-09-16 15:12:29.560,12920,12921,12921,2
2020-09-16 15:12:30.327,12920,12921,12920,1
2020-09-16 15:12:32.400,12920,12921,12920,1
2020-09-16 15:12:33.538,12920,12921,12921,1
2020-09-16 15:12:35.301,12920,12921,12920,1
2020-09-16 15:12:40.108,12920,12921,12920,1
2020-09-16 15:12:45.560,12920,12921,12920,1
2020-09-16 15:12:49.993,12920,12921,12921,6
2020-09-16 15:12:54.760,12920,12921,12920,1
2020-09-16 15:13:01.714,12920,12921,12921,5
2020-09-16 15:13:02.264,12920,12921,12920,1
2020-09-16 15:13:12.212,12920,12921,12920,4
2020-09-16 15:13:12.216,12920,12921,12921,2
2020-09-16 15:13:13.611,12920,12921,12921,5
2020-09-16 15:13:15.711,12920,12921,12921,1
2020-09-16 15:13:19.981,12920,12921,12921,1
2020-09-16 15:13:24.158,12920,12921,12921,5
2020-09-16 15:13:24.472,12920,12921,12921,2
2020-09-16 15:13:24.472,12920,12921,12922,2
2020-09-16 15:13:33.701,12921,12922,12921,1
2020-09-16 15:13:36.722,12921,12922,12921,2
2020-09-16 15:13:36.882,12920,12921,12921,5
2020-09-16 15:13:38.649,12920,12921,12921,1
2020-09-16 15:13:44.975,12921,12922,12922,1
2020-09-16 15:13:44.975,12921,12922,12922,10
2020-09-16 15:13:44.976,12921,12922,12922,16
2020-09-16 15:13:44.976,12921,12922,12922,17
2020-09-16 15:13:44.976,12921,12922,12922,8
2020-09-16 15:13:44.979,12921,12922,12923,18
2020-09-16 15:13:45.148,12923,12924,12924,1
2020-09-16 15:13:45.218,12923,12924,12924,1
2020-09-16 15:13:45.469,12923,12924,12924,1
2020-09-16 15:13:45.929,12923,12924,12923,1
2020-09-16 15:13:46.249,12923,12924,12924,1
2020-09-16 15:13:47.190,12923,12924,12924,1
2020-09-16 15:13:47.223,12923,12924,12923,1
2020-09-16 15:13:48.395,12923,12924,12924,5
2020-09-16 15:13:48.475,12923,12924,12924,7
2020-09-16 15:13:50.015,12923,12924,12924,6
2020-09-16 15:13:50.417,12924,12925,12925,4
2020-09-16 15:13:50.554,12924,12925,12925,2
2020-09-16 15:13:50.559,12924,12925,12925,1
2020-09-16 15:13:50.567,12924,12925,12925,5
2020-09-16 15:13:50.568,12924,12925,12925,13
2020-09-16 15:13:50.569,12924,12925,12925,17
2020-09-16 15:13:50.676,12924,12925,12925,1
2020-09-16 15:13:50.711,12924,12925,12925,5
2020-09-16 15:13:50.711,12924,12925,12925,15
2020-09-16 15:13:50.711,12924,12925,12925,10
2020-09-16 15:13:50.732,12925,12926,12926,1
2020-09-16 15:13:51.755,12925,12926,12925,5
2020-09-16 15:13:54.764,12925,12926,12925,1
2020-09-16 15:13:56.665,12925,12926,12925,5
2020-09-16 15:13:57.675,12925,12926,12926,1
2020-09-16 15:13:58.046,12925,12926,12926,2
2020-09-16 15:13:58.920,12925,12926,12926,1
2020-09-16 15:13:59.986,12925,12926,12926,2
2020-09-16 15:14:00.066,12925,12926,12926,2
2020-09-16 15:14:00.574,12925,12926,12926,2
2020-09-16 15:14:01.552,12925,12926,12925,1
2020-09-16 15:14:01.852,12925,12926,12926,1
2020-09-16 15:14:01.985,12925,12926,12925,5
2020-09-16 15:14:02.238,12925,12926,12926,8
2020-09-16 15:14:02.319,12925,12926,12926,4
2020-09-16 15:14:02.327,12925,12926,12926,1
2020-09-16 15:14:03.042,12926,12927,12926,5
2020-09-16 15:14:03.226,12925,12926,12926,2
2020-09-16 15:14:06.965,12925,12926,12926,2
2020-09-16 15:14:07.430,12926,12927,12926,5
2020-09-16 15:14:08.133,12926,12927,12926,1
2020-09-16 15:14:08.512,12926,12927,12926,1
2020-09-16 15:14:10.564,12926,12927,12926,3
2020-09-16 15:14:14.162,12925,12926,12926,6
2020-09-16 15:14:14.162,12925,12926,12927,2
2020-09-16 15:14:14.471,12925,12926,12926,1
2020-09-16 15:14:14.499,12925,12926,12926,1
2020-09-16 15:14:14.499,12925,12926,12927,3
2020-09-16 15:14:15.346,12925,12926,12926,1
2020-09-16 15:14:16.271,12925,12926,12926,2
2020-09-16 15:14:16.479,12925,12926,12926,5
2020-09-16 15:14:16.942,12926,12927,12926,1
2020-09-16 15:14:17.291,12926,12927,12927,3
2020-09-16 15:14:17.552,12926,12927,12926,4
2020-09-16 15:14:17.560,12926,12927,12926,1
2020-09-16 15:14:17.634,12925,12927,12927,8
2020-09-16 15:14:18.158,12926,12927,12927,4
2020-09-16 15:14:18.419,12926,12927,12926,3
2020-09-16 15:14:18.876,12925,12927,12927,1
2020-09-16 15:14:18.941,12925,12927,12927,1
2020-09-16 15:14:20.163,12925,12926,12926,1
2020-09-16 15:14:23.712,12925,12926,12926,4
2020-09-16 15:14:23.712,12925,12926,12926,1
2020-09-16 15:14:24.115,12925,12926,12926,1
2020-09-16 15:14:24.115,12925,12926,12927,5
2020-09-16 15:14:24.158,12925,12926,12926,3
2020-09-16 15:14:25.719,12926,12927,12927,1
2020-09-16 15:14:28.374,12925,12926,12926,2
2020-09-16 15:14:28.405,12925,12926,12926,2
2020-09-16 15:14:30.445,12925,12926,12926,1
2020-09-16 15:14:30.595,12926,12927,12926,5
2020-09-16 15:14:30.719,12926,12927,12926,2
2020-09-16 15:14:31.040,12925,12926,12925,2
2020-09-16 15:14:31.755,12925,12926,12926,4
2020-09-16 15:14:32.067,12925,12927,12927,2
2020-09-16 15:14:32.862,12925,12926,12926,3
2020-09-16 15:14:33.347,12925,12926,12925,10
2020-09-16 15:14:35.843,12925,12926,12926,1
2020-09-16 15:14:37.981,12925,12926,12925,1
2020-09-16 15:14:39.286,12925,12926,12926,1
2020-09-16 15:14:40.364,12925,12926,12926,2
2020-09-16 15:14:40.411,12925,12926,12925,5
2020-09-16 15:14:41.019,12925,12926,12926,3
2020-09-16 15:14:41.347,12925,12926,12926,1
2020-09-16 15:14:41.409,12925,12926,12926,1
2020-09-16 15:14:41.863,12925,12926,12926,1
2020-09-16 15:14:42.705,12925,12926,12926,1
2020-09-16 15:14:48.294,12925,12926,12925,1
2020-09-16 15:14:50.202,12925,12926,12926,1
2020-09-16 15:14:50.352,12925,12926,12925,7
2020-09-16 15:14:51.020,12925,12926,12926,2
2020-09-16 15:14:51.220,12925,12926,12925,5
2020-09-16 15:14:51.705,12925,12926,12925,1
2020-09-16 15:14:55.420,12925,12926,12926,5
2020-09-16 15:14:57.792,12925,12926,12925,1
2020-09-16 15:14:58.400,12925,12926,12926,1
2020-09-16 15:14:58.449,12925,12926,12925,3
2020-09-16 15:14:59.444,12924,12926,12924,1
2020-09-16 15:15:01.708,12925,12926,12925,1
2020-09-16 15:15:03.691,12924,12925,12925,1
2020-09-16 15:15:03.727,12924,12925,12924,1
2020-09-16 15:15:03.729,12924,12925,12924,1
2020-09-16 15:15:03.729,12924,12925,12924,1
2020-09-16 15:15:03.729,12924,12925,12924,1
2020-09-16 15:15:03.729,12924,12925,12924,1
2020-09-16 15:15:03.735,12924,12925,12924,1
2020-09-16 15:15:03.735,12924,12925,12924,1
2020-09-16 15:15:03.737,12924,12925,12924,2
2020-09-16 15:15:03.740,12924,12925,12924,1
2020-09-16 15:15:03.741,12924,12925,12924,1
2020-09-16 15:15:03.742,12924,12925,12924,1
2020-09-16 15:15:04.550,12924,12925,12924,1
2020-09-16 15:15:08.520,12924,12925,12924,4
2020-09-16 15:15:09.520,12924,12925,12924,1
2020-09-16 15:15:09.601,12924,12925,12924,1
2020-09-16 15:15:09.669,12924,12925,12925,5
2020-09-16 15:15:14.531,12924,12925,12925,5
2020-09-16 15:15:14.558,12924,12925,12925,1
2020-09-16 15:15:15.683,12924,12925,12924,2
2020-09-16 15:15:16.121,12923,12925,12925,1
2020-09-16 15:15:16.312,12924,12925,12924,1
2020-09-16 15:15:16.352,12923,12924,12924,2
2020-09-16 15:15:16.435,12923,12924,12924,1
2020-09-16 15:15:17.508,12923,12925,12923,2
2020-09-16 15:15:17.601,12923,12925,12923,1
2020-09-16 15:15:17.601,12923,12925,12923,1
2020-09-16 15:15:17.602,12923,12925,12923,1
2020-09-16 15:15:17.603,12923,12925,12923,1
2020-09-16 15:15:23.048,12924,12925,12925,1
2020-09-16 15:15:26.394,12924,12925,12925,1
2020-09-16 15:15:28.672,12924,12925,12924,5
2020-09-16 15:15:28.726,12924,12925,12924,1
2020-09-16 15:15:28.731,12924,12925,12924,1
2020-09-16 15:15:32.148,12923,12924,12923,2
2020-09-16 15:15:34.891,12923,12924,12924,1
2020-09-16 15:15:43.771,12923,12924,12924,3
2020-09-16 15:15:47.941,12923,12924,12924,1
2020-09-16 15:15:47.976,12923,12924,12923,1
2020-09-16 15:15:48.730,12923,12924,12924,1
2020-09-16 15:15:48.730,12923,12924,12924,2
2020-09-16 15:15:49.975,12923,12924,12923,1
2020-09-16 15:15:50.502,12923,12924,12924,1
2020-09-16 15:15:58.908,12923,12924,12924,1
2020-09-16 15:15:58.953,12923,12924,12924,1
2020-09-16 15:15:59.977,12923,12924,12924,1
2020-09-16 15:16:00.467,12923,12924,12923,2
2020-09-16 15:16:01.851,12923,12924,12923,17
2020-09-16 15:16:01.851,12923,12924,12922,39
2020-09-16 15:16:02.169,12921,12923,12921,1
2020-09-16 15:16:02.185,12921,12923,12923,6
2020-09-16 15:16:04.034,12922,12923,12922,2
2020-09-16 15:16:19.408,12921,12923,12923,1
2020-09-16 15:16:22.727,12921,12922,12922,1
2020-09-16 15:16:22.851,12922,12923,12923,1
2020-09-16 15:16:23.133,12922,12923,12923,2
2020-09-16 15:16:23.160,12922,12923,12922,7
2020-09-16 15:16:23.730,12921,12922,12922,1
2020-09-16 15:16:25.668,12921,12923,12923,1
2020-09-16 15:16:25.901,12921,12923,12923,1
2020-09-16 15:16:25.935,12921,12923,12922,2
2020-09-16 15:16:28.773,12922,12923,12922,4
2020-09-16 15:16:28.773,12922,12923,12921,4
2020-09-16 15:16:32.662,12921,12922,12921,8
2020-09-16 15:16:32.726,12921,12922,12922,1
2020-09-16 15:16:32.728,12921,12922,12922,1
2020-09-16 15:16:35.662,12921,12922,12921,13
2020-09-16 15:16:35.662,12921,12922,12920,32
2020-09-16 15:16:36.626,12919,12920,12920,2
2020-09-16 15:16:36.685,12919,12920,12920,1
2020-09-16 15:16:36.810,12919,12920,12920,2
2020-09-16 15:16:41.283,12919,12920,12920,1
2020-09-16 15:16:41.666,12920,12921,12920,4
2020-09-16 15:16:42.594,12920,12921,12920,1
2020-09-16 15:16:46.469,12920,12921,12920,1
2020-09-16 15:16:48.220,12920,12921,12920,1
2020-09-16 15:16:48.452,12920,12921,12920,2
2020-09-16 15:16:49.489,12920,12921,12920,1
2020-09-16 15:16:50.844,12920,12921,12920,1
2020-09-16 15:16:52.590,12920,12921,12920,2
2020-09-16 15:16:53.544,12920,12921,12920,5
2020-09-16 15:16:53.544,12920,12921,12920,1
2020-09-16 15:16:55.612,12919,12920,12920,1
2020-09-16 15:16:55.630,12919,12920,12920,1
2020-09-16 15:16:57.440,12919,12920,12920,1
2020-09-16 15:16:57.937,12919,12920,12919,1
2020-09-16 15:16:58.163,12919,12920,12919,3
2020-09-16 15:16:58.171,12919,12920,12920,5
2020-09-16 15:16:58.171,12919,12920,12921,1
2020-09-16 15:16:59.027,12920,12921,12921,5
2020-09-16 15:17:01.721,12920,12921,12920,2
2020-09-16 15:17:01.897,12920,12921,12921,2
2020-09-16 15:17:02.278,12920,12921,12920,6
2020-09-16 15:17:08.966,12920,12921,12920,2
2020-09-16 15:17:09.792,12920,12921,12920,3
2020-09-16 15:17:11.172,12919,12920,12920,1
2020-09-16 15:17:15.627,12919,12920,12920,1
2020-09-16 15:17:15.923,12919,12920,12920,1
2020-09-16 15:17:17.522,12919,12920,12920,1
2020-09-16 15:17:18.950,12920,12921,12920,1
2020-09-16 15:17:22.189,12920,12921,12920,2
2020-09-16 15:17:22.866,12920,12921,12920,3
2020-09-16 15:17:25.728,12919,12920,12920,1
2020-09-16 15:17:34.359,12919,12920,12919,1
2020-09-16 15:17:35.392,12919,12920,12920,1
2020-09-16 15:17:38.322,12919,12920,12920,1
2020-09-16 15:17:45.971,12919,12920,12919,6
2020-09-16 15:17:46.119,12919,12920,12919,6
2020-09-16 15:17:46.120,12919,12920,12919,6
2020-09-16 15:17:48.359,12918,12919,12919,1
2020-09-16 15:17:49.234,12918,12919,12919,1
2020-09-16 15:17:49.277,12918,12919,12919,4
2020-09-16 15:17:50.704,12919,12920,12919,1
2020-09-16 15:17:54.709,12919,12920,12919,2
2020-09-16 15:18:02.184,12918,12919,12918,4
2020-09-16 15:18:02.256,12918,12919,12918,4
2020-09-16 15:18:02.408,12918,12919,12919,4
2020-09-16 15:18:02.418,12918,12919,12918,1
2020-09-16 15:18:02.430,12918,12919,12918,3
2020-09-16 15:18:02.466,12918,12919,12918,2
2020-09-16 15:18:02.676,12918,12919,12919,1
2020-09-16 15:18:05.214,12918,12919,12919,1
2020-09-16 15:18:09.463,12918,12919,12919,4
2020-09-16 15:18:09.828,12918,12919,12919,1
2020-09-16 15:18:12.924,12918,12919,12919,2
2020-09-16 15:18:13.395,12918,12919,12918,5
2020-09-16 15:18:13.564,12918,12919,12918,5
2020-09-16 15:18:16.549,12918,12919,12918,5
2020-09-16 15:18:19.930,12918,12919,12918,1
2020-09-16 15:18:20.523,12918,12919,12918,1
2020-09-16 15:18:20.831,12917,12918,12918,2
2020-09-16 15:18:25.911,12917,12918,12917,4
2020-09-16 15:18:26.203,12917,12918,12918,2
2020-09-16 15:18:26.203,12917,12918,12919,2
2020-09-16 15:18:27.067,12918,12919,12919,1
2020-09-16 15:18:33.722,12918,12919,12918,5
2020-09-16 15:18:34.161,12918,12919,12918,4
2020-09-16 15:18:34.161,12918,12919,12918,1
2020-09-16 15:18:34.582,12918,12919,12918,5
2020-09-16 15:18:36.397,12918,12919,12918,4
2020-09-16 15:18:39.766,12917,12918,12918,1
2020-09-16 15:18:42.434,12917,12918,12918,1
2020-09-16 15:18:44.086,12917,12918,12917,3
2020-09-16 15:18:48.103,12917,12918,12917,5
2020-09-16 15:18:48.263,12917,12918,12917,5
2020-09-16 15:18:48.264,12917,12918,12917,7
2020-09-16 15:18:48.356,12916,12917,12917,1
2020-09-16 15:18:54.318,12916,12917,12917,1
2020-09-16 15:18:57.247,12916,12917,12917,1
2020-09-16 15:19:01.361,12916,12917,12917,1
2020-09-16 15:19:01.591,12916,12917,12917,1
2020-09-16 15:19:01.661,12916,12917,12917,2
2020-09-16 15:19:01.662,12916,12917,12917,6
2020-09-16 15:19:02.865,12917,12918,12917,1
2020-09-16 15:19:03.881,12917,12918,12917,5
2020-09-16 15:19:05.482,12917,12918,12917,5
2020-09-16 15:19:07.301,12917,12918,12917,3
2020-09-16 15:19:08.545,12917,12918,12917,5
2020-09-16 15:19:09.473,12917,12918,12917,2
2020-09-16 15:19:09.676,12916,12917,12917,1
2020-09-16 15:19:10.202,12916,12917,12917,2
2020-09-16 15:19:13.601,12916,12917,12917,1
2020-09-16 15:19:14.765,12916,12917,12917,1
2020-09-16 15:19:21.520,12917,12918,12917,2
2020-09-16 15:19:30.579,12917,12918,12918,1
2020-09-16 15:19:30.637,12917,12918,12917,1
2020-09-16 15:19:31.895,12917,12918,12917,1
2020-09-16 15:19:31.980,12917,12918,12917,2
2020-09-16 15:19:36.493,12917,12918,12917,5
2020-09-16 15:19:44.276,12917,12918,12917,4
2020-09-16 15:19:49.707,12916,12917,12917,1
2020-09-16 15:19:49.708,12916,12917,12917,4
2020-09-16 15:19:51.741,12917,12918,12917,1
2020-09-16 15:20:01.774,12917,12918,12917,5
2020-09-16 15:20:04.713,12917,12918,12918,1
2020-09-16 15:20:04.725,12917,12918,12918,1
2020-09-16 15:20:08.179,12917,12918,12917,1
2020-09-16 15:20:08.627,12917,12918,12918,5
2020-09-16 15:20:08.628,12917,12918,12918,1
2020-09-16 15:20:08.628,12917,12918,12918,4
2020-09-16 15:20:11.622,12918,12919,12918,1
2020-09-16 15:20:17.375,12918,12919,12919,1
2020-09-16 15:20:22.629,12918,12919,12919,3
2020-09-16 15:20:23.962,12918,12919,12918,1
2020-09-16 15:20:24.782,12918,12919,12918,1
2020-09-16 15:20:28.139,12918,12919,12919,10
2020-09-16 15:20:28.921,12918,12919,12919,3
2020-09-16 15:20:32.845,12918,12919,12919,1
2020-09-16 15:20:35.577,12919,12920,12920,1
2020-09-16 15:20:36.349,12919,12920,12920,1
2020-09-16 15:20:41.733,12919,12920,12919,1
2020-09-16 15:20:42.062,12919,12920,12920,1
2020-09-16 15:20:43.962,12919,12920,12920,2
2020-09-16 15:20:51.219,12919,12920,12919,1
2020-09-16 15:20:54.586,12919,12920,12919,1
2020-09-16 15:20:55.833,12919,12920,12920,1
2020-09-16 15:20:56.965,12919,12920,12919,1
2020-09-16 15:20:57.859,12919,12920,12920,1
2020-09-16 15:21:07.074,12919,12920,12920,1
2020-09-16 15:21:07.125,12919,12920,12920,19
2020-09-16 15:21:08.653,12920,12921,12920,5
2020-09-16 15:21:12.044,12920,12921,12921,1
2020-09-16 15:21:12.118,12920,12921,12921,2
2020-09-16 15:21:12.141,12920,12921,12921,1
2020-09-16 15:21:12.593,12920,12921,12921,3
2020-09-16 15:21:14.198,12921,12922,12921,7
2020-09-16 15:21:15.312,12920,12921,12921,1
2020-09-16 15:21:19.511,12920,12921,12921,1
2020-09-16 15:21:22.550,12920,12921,12921,1
2020-09-16 15:21:25.817,12920,12921,12921,1
2020-09-16 15:21:26.525,12920,12921,12921,1
2020-09-16 15:21:26.764,12920,12921,12921,1
2020-09-16 15:21:27.604,12920,12921,12921,1
2020-09-16 15:21:29.569,12920,12921,12921,1
2020-09-16 15:21:38.339,12920,12921,12921,1
2020-09-16 15:21:39.100,12920,12921,12921,1
2020-09-16 15:21:43.926,12920,12921,12921,2
2020-09-16 15:21:43.926,12920,12921,12922,2
2020-09-16 15:21:44.952,12921,12922,12921,1
2020-09-16 15:21:45.135,12920,12921,12921,1
2020-09-16 15:21:47.951,12921,12922,12921,1
2020-09-16 15:21:48.316,12920,12921,12921,1
2020-09-16 15:21:52.845,12921,12922,12921,1
2020-09-16 15:22:02.148,12920,12921,12921,1
2020-09-16 15:22:06.349,12920,12921,12921,2
2020-09-16 15:22:06.730,12920,12921,12920,43
2020-09-16 15:22:06.731,12920,12921,12919,1
2020-09-16 15:22:06.731,12920,12921,12919,11
2020-09-16 15:22:07.257,12919,12920,12920,1
2020-09-16 15:22:21.826,12919,12920,12919,1
2020-09-16 15:22:22.565,12918,12919,12918,1
2020-09-16 15:22:37.300,12918,12919,12919,1
2020-09-16 15:22:46.287,12918,12919,12919,1
2020-09-16 15:22:59.877,12918,12919,12918,1
2020-09-16 15:23:03.756,12918,12919,12919,4
2020-09-16 15:23:11.066,12918,12920,12918,3
2020-09-16 15:23:14.174,12918,12920,12920,2
2020-09-16 15:23:14.614,12918,12919,12918,5
2020-09-16 15:23:16.650,12918,12919,12919,1
2020-09-16 15:23:16.650,12918,12919,12920,1
2020-09-16 15:23:19.078,12918,12919,12918,1
2020-09-16 15:23:26.301,12918,12919,12918,1
2020-09-16 15:23:29.935,12918,12919,12918,1
2020-09-16 15:23:30.129,12918,12919,12918,5
2020-09-16 15:23:33.736,12917,12918,12917,1
2020-09-16 15:23:34.226,12917,12918,12917,1
2020-09-16 15:23:34.665,12917,12918,12917,1
2020-09-16 15:23:36.934,12917,12918,12918,3
2020-09-16 15:23:38.004,12918,12919,12918,1
2020-09-16 15:23:43.568,12918,12919,12919,1
2020-09-16 15:23:46.737,12918,12920,12920,1
2020-09-16 15:24:02.350,12918,12919,12919,1
2020-09-16 15:24:14.110,12918,12920,12918,1
2020-09-16 15:24:19.274,12918,12920,12920,3
2020-09-16 15:24:19.960,12919,12920,12919,1
2020-09-16 15:24:23.287,12919,12920,12920,1
2020-09-16 15:24:28.549,12919,12920,12920,3
2020-09-16 15:24:29.505,12919,12920,12920,1
2020-09-16 15:24:31.072,12919,12920,12920,1
2020-09-16 15:24:33.044,12919,12920,12920,1
2020-09-16 15:24:43.111,12919,12920,12920,1
2020-09-16 15:25:02.644,12919,12920,12920,1
2020-09-16 15:25:03.123,12920,12921,12920,1
2020-09-16 15:25:03.155,12920,12921,12920,1
2020-09-16 15:25:03.187,12920,12921,12920,1
2020-09-16 15:25:04.078,12920,12921,12920,4
2020-09-16 15:25:06.273,12920,12921,12921,1
2020-09-16 15:25:15.884,12920,12921,12920,1
2020-09-16 15:25:17.163,12920,12921,12921,1
2020-09-16 15:25:22.949,12920,12921,12921,1
2020-09-16 15:25:24.968,12920,12921,12921,1
2020-09-16 15:25:26.609,12920,12921,12920,4
2020-09-16 15:25:26.610,12920,12921,12920,1
2020-09-16 15:25:32.148,12920,12921,12920,1
2020-09-16 15:25:52.156,12919,12920,12919,1
2020-09-16 15:26:12.184,12918,12919,12919,1
2020-09-16 15:26:12.185,12918,12919,12919,1
2020-09-16 15:26:12.581,12918,12920,12918,1
2020-09-16 15:26:39.119,12918,12919,12919,1
2020-09-16 15:26:43.747,12918,12919,12919,1
2020-09-16 15:26:46.165,12918,12919,12919,3
2020-09-16 15:26:46.165,12918,12919,12920,1
2020-09-16 15:26:51.132,12918,12919,12919,1
2020-09-16 15:27:00.944,12918,12919,12919,1
2020-09-16 15:27:02.309,12918,12919,12918,10
2020-09-16 15:27:02.310,12918,12919,12918,3
2020-09-16 15:27:02.601,12917,12918,12918,1
2020-09-16 15:27:03.342,12917,12918,12917,10
2020-09-16 15:27:08.504,12917,12918,12917,1
2020-09-16 15:27:11.141,12917,12918,12917,1
2020-09-16 15:27:23.409,12917,12918,12918,1
2020-09-16 15:27:30.288,12918,12919,12919,1
2020-09-16 15:27:38.416,12918,12919,12919,1
2020-09-16 15:27:38.416,12918,12919,12919,1
2020-09-16 15:27:38.440,12918,12919,12920,1
2020-09-16 15:27:38.466,12918,12919,12918,1
2020-09-16 15:27:38.480,12918,12920,12920,1
2020-09-16 15:27:40.501,12918,12920,12918,1
2020-09-16 15:27:46.091,12917,12919,12917,3
2020-09-16 15:27:48.319,12917,12919,12919,2
2020-09-16 15:28:00.166,12917,12919,12919,1
2020-09-16 15:28:03.289,12918,12919,12919,4
2020-09-16 15:28:23.054,12918,12919,12919,5
2020-09-16 15:28:27.720,12918,12919,12919,1
2020-09-16 15:28:55.622,12918,12919,12919,1
2020-09-16 15:29:02.682,12918,12919,12919,1
2020-09-16 15:29:02.682,12918,12919,12919,1
2020-09-16 15:29:03.324,12919,12920,12919,1
2020-09-16 15:29:04.643,12919,12920,12919,1
2020-09-16 15:29:06.078,12919,12920,12919,1
2020-09-16 15:29:07.452,12918,12919,12919,1
2020-09-16 15:29:12.815,12919,12920,12920,1
2020-09-16 15:29:16.577,12919,12920,12919,1
2020-09-16 15:29:19.188,12919,12920,12919,1
2020-09-16 15:29:23.071,12918,12919,12919,1
2020-09-16 15:29:29.245,12918,12920,12920,5
2020-09-16 15:29:39.002,12919,12920,12919,2
2020-09-16 15:29:50.198,12919,12920,12920,5
2020-09-16 15:29:50.985,12919,12920,12919,1
2020-09-16 15:30:02.263,12919,12920,12919,3
2020-09-16 15:30:02.699,12919,12920,12920,2
2020-09-16 15:30:02.705,12919,12920,12920,2
2020-09-16 15:30:02.724,12919,12920,12920,1
2020-09-16 15:30:02.728,12919,12920,12920,2
2020-09-16 15:30:02.733,12919,12920,12921,1
2020-09-16 15:30:02.734,12919,12920,12921,2
2020-09-16 15:30:02.738,12919,12920,12921,2
2020-09-16 15:30:02.825,12919,12920,12921,1
2020-09-16 15:30:02.995,12920,12921,12920,4
2020-09-16 15:30:06.621,12919,12920,12920,1
2020-09-16 15:30:06.621,12919,12920,12920,3
2020-09-16 15:30:12.108,12920,12921,12921,1
2020-09-16 15:30:17.458,12920,12921,12921,1
2020-09-16 15:30:21.302,12920,12921,12921,9
2020-09-16 15:30:21.302,12920,12921,12921,2
2020-09-16 15:30:23.127,12920,12921,12920,1
2020-09-16 15:30:23.128,12920,12921,12920,2
2020-09-16 15:30:32.291,12920,12921,12920,7
2020-09-16 15:30:37.661,12919,12920,12920,2
2020-09-16 15:30:37.722,12919,12920,12920,1
2020-09-16 15:30:39.977,12919,12921,12919,2
2020-09-16 15:30:43.733,12919,12920,12920,1
2020-09-16 15:30:44.613,12919,12920,12920,1
2020-09-16 15:30:49.992,12919,12920,12920,1
2020-09-16 15:30:50.263,12919,12920,12920,1
2020-09-16 15:30:51.251,12919,12921,12921,1
2020-09-16 15:31:02.650,12920,12921,12921,4
2020-09-16 15:31:15.173,12920,12921,12921,2
2020-09-16 15:31:27.424,12920,12921,12921,1
2020-09-16 15:31:27.477,12920,12921,12921,1
2020-09-16 15:31:34.107,12920,12921,12921,7
2020-09-16 15:31:34.226,12921,12922,12922,1
2020-09-16 15:31:37.022,12921,12922,12921,4
2020-09-16 15:31:37.921,12920,12922,12921,1
2020-09-16 15:31:40.773,12920,12921,12921,1
2020-09-16 15:31:42.819,12920,12921,12921,1
2020-09-16 15:31:50.531,12920,12921,12921,6
2020-09-16 15:31:50.533,12920,12921,12921,2
2020-09-16 15:31:50.704,12920,12922,12920,3
2020-09-16 15:32:08.322,12920,12921,12921,3
2020-09-16 15:32:14.255,12920,12921,12921,3
2020-09-16 15:32:14.255,12920,12921,12922,1
2020-09-16 15:32:16.844,12920,12922,12921,1
2020-09-16 15:32:18.026,12921,12922,12921,1
2020-09-16 15:32:21.799,12921,12922,12922,1
2020-09-16 15:32:32.080,12921,12922,12922,2
2020-09-16 15:32:32.081,12921,12922,12922,17
2020-09-16 15:32:32.081,12921,12922,12922,3
2020-09-16 15:32:37.448,12922,12923,12922,2
2020-09-16 15:32:38.049,12922,12923,12923,1
2020-09-16 15:32:42.530,12922,12923,12922,1
2020-09-16 15:32:52.593,12922,12923,12923,1
2020-09-16 15:32:54.236,12922,12923,12923,1
2020-09-16 15:32:56.893,12922,12923,12923,1
2020-09-16 15:32:59.418,12922,12923,12923,1
2020-09-16 15:33:01.967,12922,12923,12923,1
2020-09-16 15:33:02.228,12922,12923,12922,1
2020-09-16 15:33:04.726,12922,12923,12923,1
2020-09-16 15:33:05.939,12922,12923,12922,1
2020-09-16 15:33:07.562,12922,12923,12923,1
2020-09-16 15:33:09.564,12922,12923,12923,15
2020-09-16 15:33:10.007,12923,12924,12924,1
2020-09-16 15:33:10.007,12923,12924,12924,1
2020-09-16 15:33:10.007,12923,12924,12924,4
2020-09-16 15:33:10.007,12923,12924,12924,9
2020-09-16 15:33:10.614,12923,12925,12923,1
2020-09-16 15:33:11.722,12923,12925,12925,3
2020-09-16 15:33:11.803,12924,12925,12924,1
2020-09-16 15:33:16.793,12924,12925,12924,1
2020-09-16 15:33:18.056,12923,12925,12925,3
2020-09-16 15:33:22.013,12924,12925,12925,2
2020-09-16 15:33:22.013,12924,12925,12925,4
2020-09-16 15:33:22.013,12924,12925,12925,3
2020-09-16 15:33:22.014,12924,12925,12925,3
2020-09-16 15:33:22.014,12924,12925,12925,4
2020-09-16 15:33:22.014,12924,12925,12925,1
2020-09-16 15:33:22.596,12925,12926,12925,1
2020-09-16 15:33:24.934,12925,12926,12926,1
2020-09-16 15:33:26.068,12925,12926,12925,1
2020-09-16 15:33:31.257,12925,12926,12925,4
2020-09-16 15:33:32.553,12924,12925,12925,1
2020-09-16 15:33:36.840,12924,12925,12924,1
2020-09-16 15:33:37.696,12924,12925,12925,3
2020-09-16 15:33:38.320,12924,12925,12925,1
2020-09-16 15:33:39.365,12924,12925,12925,1
2020-09-16 15:33:41.895,12924,12925,12925,1
2020-09-16 15:33:44.983,12924,12925,12925,1
2020-09-16 15:33:48.083,12924,12925,12925,2
2020-09-16 15:33:51.872,12924,12925,12924,14
2020-09-16 15:33:52.190,12923,12924,12924,1
2020-09-16 15:33:56.914,12923,12924,12923,2
2020-09-16 15:33:56.914,12923,12924,12923,4
2020-09-16 15:34:02.359,12922,12924,12923,2
2020-09-16 15:34:15.932,12922,12923,12923,1
2020-09-16 15:34:21.733,12922,12923,12923,1
2020-09-16 15:34:23.707,12922,12923,12923,1
2020-09-16 15:34:34.903,12922,12923,12923,1
2020-09-16 15:34:41.266,12922,12923,12923,1
2020-09-16 15:34:42.872,12922,12923,12923,2
2020-09-16 15:34:48.509,12923,12924,12923,1
2020-09-16 15:34:48.509,12923,12924,12923,5
2020-09-16 15:35:02.336,12922,12923,12922,3
2020-09-16 15:35:02.739,12922,12923,12922,1
2020-09-16 15:35:03.585,12922,12923,12923,1
2020-09-16 15:35:04.851,12922,12923,12922,5
2020-09-16 15:35:04.852,12922,12923,12922,1
2020-09-16 15:35:07.030,12921,12922,12922,1
2020-09-16 15:35:09.524,12921,12922,12922,1
2020-09-16 15:35:09.960,12921,12922,12921,1
2020-09-16 15:35:10.957,12921,12922,12922,1
2020-09-16 15:35:11.686,12921,12922,12922,2
2020-09-16 15:35:14.860,12922,12923,12922,2
2020-09-16 15:35:14.860,12922,12923,12921,3
2020-09-16 15:35:21.521,12921,12922,12922,1
2020-09-16 15:35:41.248,12921,12922,12921,10
2020-09-16 15:35:41.249,12921,12922,12921,11
2020-09-16 15:35:41.249,12921,12922,12921,1
2020-09-16 15:35:46.188,12920,12922,12922,2
2020-09-16 15:35:47.352,12920,12921,12921,1
2020-09-16 15:35:50.532,12921,12922,12921,4
2020-09-16 15:35:50.533,12921,12922,12921,1
2020-09-16 15:36:07.986,12921,12922,12921,1
2020-09-16 15:36:08.335,12920,12922,12922,2
2020-09-16 15:36:39.935,12920,12921,12921,2
2020-09-16 15:36:39.976,12920,12921,12921,2
2020-09-16 15:36:40.278,12920,12921,12921,1
2020-09-16 15:36:40.935,12920,12921,12921,2
2020-09-16 15:36:41.312,12920,12922,12922,1
2020-09-16 15:36:45.879,12920,12921,12920,11
2020-09-16 15:36:56.351,12919,12920,12920,1
2020-09-16 15:37:05.653,12919,12920,12920,1
2020-09-16 15:37:05.653,12919,12920,12920,3
2020-09-16 15:37:05.653,12919,12920,12920,2
2020-09-16 15:37:08.124,12920,12921,12920,1
2020-09-16 15:37:16.534,12919,12920,12920,2
2020-09-16 15:37:17.971,12919,12920,12920,2
2020-09-16 15:37:19.379,12920,12921,12921,1
2020-09-16 15:37:22.590,12921,12922,12921,4
2020-09-16 15:38:06.346,12920,12921,12921,3
2020-09-16 15:38:16.045,12921,12922,12922,1
2020-09-16 15:38:19.788,12921,12922,12921,11
2020-09-16 15:38:20.026,12920,12921,12921,1
2020-09-16 15:38:50.461,12920,12921,12920,2
2020-09-16 15:38:50.461,12920,12921,12920,11
2020-09-16 15:39:20.514,12919,12920,12920,2
2020-09-16 15:39:45.278,12920,12921,12920,1
2020-09-16 15:39:45.279,12920,12921,12920,3
2020-09-16 15:39:45.351,12919,12920,12920,1
2020-09-16 15:39:45.352,12919,12920,12920,1
2020-09-16 15:39:47.761,12919,12921,12921,1
2020-09-16 15:39:52.278,12919,12921,12919,6
2020-09-16 15:39:52.651,12919,12921,12919,1
2020-09-16 15:39:53.201,12919,12921,12920,2
2020-09-16 15:40:05.129,12919,12920,12919,22
2020-09-16 15:40:05.226,12918,12919,12919,2
2020-09-16 15:40:20.964,12918,12919,12918,1
2020-09-16 15:40:21.561,12918,12919,12918,1
2020-09-16 15:40:23.566,12918,12919,12919,1
2020-09-16 15:40:24.027,12918,12919,12918,1
2020-09-16 15:40:27.842,12918,12919,12918,3
2020-09-16 15:40:27.856,12918,12919,12918,4
2020-09-16 15:40:27.868,12918,12919,12919,3
2020-09-16 15:40:27.884,12918,12919,12919,4
2020-09-16 15:40:33.149,12918,12919,12919,2
2020-09-16 15:40:33.451,12919,12920,12919,1
2020-09-16 15:40:34.130,12918,12920,12918,1
2020-09-16 15:40:34.848,12918,12920,12920,1
2020-09-16 15:40:34.948,12918,12920,12918,1
2020-09-16 15:40:39.769,12918,12920,12918,2
2020-09-16 15:40:43.927,12918,12920,12918,1
2020-09-16 15:40:51.692,12918,12919,12919,2
2020-09-16 15:40:53.683,12918,12919,12918,1
2020-09-16 15:40:59.587,12918,12919,12918,1
2020-09-16 15:41:06.816,12918,12919,12918,1
2020-09-16 15:41:34.338,12918,12919,12918,1
2020-09-16 15:41:34.390,12918,12919,12919,1
2020-09-16 15:41:37.745,12918,12919,12918,1
2020-09-16 15:41:41.533,12918,12919,12918,1
2020-09-16 15:41:54.386,12918,12919,12918,1
2020-09-16 15:41:57.069,12918,12919,12919,1
2020-09-16 15:42:02.361,12918,12919,12918,2
2020-09-16 15:42:02.702,12918,12919,12919,2
2020-09-16 15:42:08.656,12918,12919,12918,1
2020-09-16 15:42:13.891,12918,12919,12919,1
2020-09-16 15:42:17.252,12918,12919,12919,1
2020-09-16 15:42:25.777,12918,12919,12918,1
2020-09-16 15:42:32.001,12918,12919,12919,1
2020-09-16 15:42:32.001,12918,12919,12919,1
2020-09-16 15:42:32.002,12918,12919,12919,1
2020-09-16 15:42:32.002,12918,12919,12919,5
2020-09-16 15:42:32.002,12918,12919,12919,5
2020-09-16 15:42:33.118,12919,12920,12920,1
2020-09-16 15:42:48.338,12919,12920,12920,1
2020-09-16 15:43:00.021,12919,12920,12920,10
2020-09-16 15:43:02.264,12919,12920,12919,1
2020-09-16 15:43:10.793,12919,12920,12920,1
2020-09-16 15:43:14.483,12919,12920,12920,1
2020-09-16 15:43:22.436,12920,12921,12920,1
2020-09-16 15:43:25.784,12919,12920,12920,1
2020-09-16 15:43:26.233,12919,12921,12921,1
2020-09-16 15:43:28.116,12919,12921,12919,1
2020-09-16 15:43:28.738,12919,12921,12919,1
2020-09-16 15:43:33.779,12919,12920,12920,1
2020-09-16 15:43:36.264,12920,12921,12920,1
2020-09-16 15:43:42.241,12920,12921,12920,2
2020-09-16 15:43:42.241,12920,12921,12920,2
2020-09-16 15:43:42.241,12920,12921,12920,1
2020-09-16 15:43:59.463,12919,12920,12920,1
2020-09-16 15:44:04.210,12919,12921,12919,1
2020-09-16 15:44:04.212,12919,12921,12919,1
2020-09-16 15:44:11.517,12919,12920,12920,1
2020-09-16 15:44:13.289,12919,12921,12921,1
2020-09-16 15:44:14.949,12920,12921,12920,1
2020-09-16 15:44:15.454,12919,12920,12920,1
2020-09-16 15:44:17.898,12919,12921,12921,2
2020-09-16 15:44:24.240,12920,12921,12920,1
2020-09-16 15:44:24.240,12920,12921,12919,1
2020-09-16 15:44:32.747,12920,12921,12920,1
2020-09-16 15:44:35.913,12920,12921,12920,2
2020-09-16 15:44:42.496,12919,12920,12920,1
2020-09-16 15:44:42.975,12919,12921,12921,1
2020-09-16 15:44:59.148,12920,12921,12920,2
2020-09-16 15:45:54.002,12919,12920,12920,1
2020-09-16 15:45:56.770,12919,12920,12920,1
2020-09-16 15:45:59.347,12919,12920,12920,1
2020-09-16 15:46:02.097,12919,12920,12920,1
2020-09-16 15:46:02.244,12919,12920,12919,4
2020-09-16 15:46:02.262,12919,12920,12919,2
2020-09-16 15:46:02.558,12919,12920,12920,1
2020-09-16 15:46:11.647,12919,12920,12919,1
2020-09-16 15:46:22.367,12919,12920,12920,1
2020-09-16 15:46:22.393,12919,12920,12920,3
2020-09-16 15:46:22.701,12919,12921,12919,1
2020-09-16 15:46:26.708,12919,12921,12921,1
2020-09-16 15:46:27.027,12919,12921,12921,1
2020-09-16 15:46:27.386,12919,12921,12921,1
2020-09-16 15:46:27.739,12919,12921,12921,1
2020-09-16 15:46:28.156,12919,12921,12921,1
2020-09-16 15:46:28.771,12919,12920,12920,1
2020-09-16 15:46:47.198,12920,12921,12920,30
2020-09-16 15:47:07.613,12919,12920,12919,5
2020-09-16 15:47:08.013,12919,12920,12919,5
2020-09-16 15:47:18.436,12919,12920,12919,2
2020-09-16 15:47:18.437,12919,12920,12919,1
2020-09-16 15:47:57.944,12919,12920,12919,1
2020-09-16 15:48:10.862,12919,12920,12919,1
2020-09-16 15:48:25.636,12919,12920,12919,1
2020-09-16 15:48:37.979,12919,12920,12919,1
2020-09-16 15:48:52.868,12919,12920,12919,1
2020-09-16 15:48:53.936,12919,12920,12919,1
2020-09-16 15:48:57.531,12919,12920,12919,1
2020-09-16 15:49:01.135,12919,12920,12919,3
2020-09-16 15:49:20.952,12918,12919,12918,1
2020-09-16 15:49:21.086,12918,12919,12918,1
2020-09-16 15:49:21.092,12918,12919,12918,2
2020-09-16 15:49:21.594,12918,12919,12918,3
2020-09-16 15:49:30.242,12918,12919,12918,3
2020-09-16 15:49:41.575,12918,12919,12918,1
2020-09-16 15:49:43.836,12918,12919,12918,1
2020-09-16 15:49:57.754,12918,12919,12918,4
2020-09-16 15:49:58.016,12918,12919,12918,1
2020-09-16 15:50:04.295,12918,12919,12918,3
2020-09-16 15:50:04.849,12918,12919,12918,11
2020-09-16 15:50:06.100,12917,12918,12917,23
2020-09-16 15:50:06.226,12916,12917,12917,2
2020-09-16 15:50:06.547,12916,12917,12916,1
2020-09-16 15:50:06.632,12916,12917,12916,1
2020-09-16 15:50:08.952,12916,12917,12916,2
2020-09-16 15:50:10.014,12916,12917,12917,2
2020-09-16 15:50:19.134,12917,12918,12917,2
2020-09-16 15:50:23.811,12916,12918,12916,2
2020-09-16 15:50:40.955,12917,12918,12917,1
2020-09-16 15:50:45.260,12917,12918,12917,1
2020-09-16 15:50:47.436,12917,12918,12917,1
2020-09-16 15:50:48.983,12917,12918,12917,1
2020-09-16 15:50:58.269,12916,12917,12917,1
2020-09-16 15:50:58.728,12916,12917,12917,1
2020-09-16 15:50:59.076,12917,12918,12917,1
2020-09-16 15:51:01.335,12917,12918,12917,1
2020-09-16 15:51:09.801,12916,12917,12917,2
2020-09-16 15:51:22.623,12917,12918,12917,1
2020-09-16 15:51:26.497,12916,12917,12917,1
2020-09-16 15:51:35.544,12917,12918,12917,3
2020-09-16 15:51:37.142,12916,12917,12917,1
2020-09-16 15:51:39.236,12916,12917,12917,1
2020-09-16 15:51:41.614,12916,12917,12917,1
2020-09-16 15:51:43.560,12916,12917,12917,1
2020-09-16 15:51:48.483,12916,12917,12916,1
2020-09-16 15:51:56.061,12916,12917,12917,1
2020-09-16 15:51:56.558,12916,12917,12916,1
2020-09-16 15:51:56.558,12916,12917,12917,1
2020-09-16 15:52:17.961,12916,12917,12917,1
2020-09-16 15:52:17.995,12916,12917,12917,1
2020-09-16 15:52:18.586,12917,12918,12918,9
2020-09-16 15:52:18.586,12917,12918,12918,2
2020-09-16 15:52:18.586,12917,12918,12918,4
2020-09-16 15:52:18.586,12917,12918,12918,17
2020-09-16 15:52:18.586,12917,12918,12918,4
2020-09-16 15:52:18.586,12917,12918,12918,1
2020-09-16 15:52:18.887,12918,12919,12918,1
2020-09-16 15:52:20.785,12917,12919,12917,2
2020-09-16 15:52:29.866,12917,12919,12919,2
2020-09-16 15:52:44.034,12918,12919,12919,2
2020-09-16 15:53:20.282,12919,12920,12920,13
2020-09-16 15:53:20.282,12919,12920,12920,1
2020-09-16 15:53:20.283,12919,12920,12920,13
2020-09-16 15:53:24.098,12920,12921,12921,1
2020-09-16 15:53:33.537,12920,12921,12921,1
2020-09-16 15:53:33.866,12920,12921,12921,1
2020-09-16 15:53:42.951,12920,12921,12921,1
2020-09-16 15:53:44.659,12920,12921,12920,1
2020-09-16 15:53:52.527,12920,12921,12920,1
2020-09-16 15:53:53.460,12920,12921,12921,2
2020-09-16 15:54:15.546,12920,12921,12921,1
2020-09-16 15:54:15.547,12920,12921,12921,8
2020-09-16 15:54:15.547,12920,12921,12921,4
2020-09-16 15:54:15.547,12920,12921,12921,2
2020-09-16 15:54:22.205,12921,12922,12922,2
2020-09-16 15:54:23.561,12921,12922,12921,1
2020-09-16 15:54:25.488,12921,12922,12922,1
2020-09-16 15:54:25.558,12921,12922,12921,1
2020-09-16 15:54:28.830,12921,12922,12921,1
2020-09-16 15:54:34.750,12921,12922,12921,1
2020-09-16 15:54:36.006,12920,12921,12921,1
2020-09-16 15:54:39.514,12920,12921,12921,1
2020-09-16 15:54:41.818,12921,12922,12921,1
2020-09-16 15:54:41.818,12921,12922,12921,3
2020-09-16 15:54:41.819,12921,12922,12921,1
2020-09-16 15:54:46.834,12920,12921,12921,4
2020-09-16 15:54:59.120,12920,12921,12921,1
2020-09-16 15:55:01.112,12920,12921,12921,1
2020-09-16 15:55:02.038,12920,12921,12921,1
2020-09-16 15:55:06.135,12920,12921,12921,1
2020-09-16 15:55:09.149,12920,12921,12921,1
2020-09-16 15:55:11.617,12920,12921,12921,1
2020-09-16 15:55:17.541,12920,12921,12921,2
2020-09-16 15:55:17.541,12920,12921,12921,1
2020-09-16 15:55:21.670,12920,12921,12921,1
2020-09-16 15:55:23.401,12920,12922,12921,1
2020-09-16 15:55:29.724,12920,12921,12921,1
2020-09-16 15:55:31.228,12920,12921,12921,1
2020-09-16 15:55:34.276,12920,12921,12921,2
2020-09-16 15:55:39.708,12920,12921,12921,1
2020-09-16 15:55:58.282,12921,12922,12921,1
2020-09-16 15:56:01.004,12921,12922,12922,2
2020-09-16 15:56:02.644,12921,12922,12921,1
2020-09-16 15:56:04.592,12921,12922,12921,3
2020-09-16 15:56:07.422,12920,12921,12921,2
2020-09-16 15:56:17.112,12920,12921,12921,1
2020-09-16 15:56:21.321,12920,12921,12921,2
2020-09-16 15:56:24.791,12920,12921,12920,5
2020-09-16 15:56:24.791,12920,12921,12920,1
2020-09-16 15:56:24.791,12920,12921,12920,6
2020-09-16 15:56:25.401,12919,12920,12920,1
2020-09-16 15:56:51.781,12919,12920,12920,2
2020-09-16 15:56:54.436,12919,12920,12920,1
2020-09-16 15:56:59.617,12919,12920,12919,1
2020-09-16 15:57:02.154,12919,12920,12920,1
2020-09-16 15:58:03.927,12920,12921,12920,2
2020-09-16 15:58:06.463,12920,12921,12920,1
2020-09-16 15:58:14.554,12920,12921,12920,1
2020-09-16 15:58:31.496,12920,12921,12920,1
2020-09-16 15:58:40.810,12920,12921,12921,1
2020-09-16 15:58:48.603,12920,12921,12920,1
2020-09-16 15:59:15.988,12920,12921,12921,1
2020-09-16 15:59:40.832,12920,12921,12921,1
2020-09-16 15:59:41.583,12920,12921,12921,5
2020-09-16 15:59:43.468,12920,12921,12921,1
2020-09-16 15:59:55.801,12920,12921,12921,1
2020-09-16 15:59:58.358,12920,12921,12921,1
2020-09-16 16:00:00.211,12921,12922,12921,1
2020-09-16 16:00:00.480,12920,12921,12920,1
2020-09-16 16:00:00.482,12920,12921,12920,1
2020-09-16 16:00:00.506,12920,12921,12920,2
2020-09-16 16:00:00.566,12920,12921,12920,2
2020-09-16 16:00:00.584,12920,12921,12919,1
2020-09-16 16:00:00.613,12919,12921,12919,1
2020-09-16 16:00:00.666,12919,12921,12919,3
2020-09-16 16:00:00.684,12919,12921,12919,1
2020-09-16 16:00:00.755,12919,12921,12919,3
2020-09-16 16:00:11.573,12920,12921,12921,1
2020-09-16 16:00:11.812,12920,12921,12921,1
2020-09-16 16:00:11.951,12920,12921,12920,1
2020-09-16 16:00:12.036,12919,12921,12921,1
2020-09-16 16:00:12.101,12919,12921,12919,1
2020-09-16 16:00:12.102,12919,12921,12919,1
2020-09-16 16:00:12.141,12919,12921,12921,1
2020-09-16 16:00:12.154,12919,12921,12921,1
2020-09-16 16:00:12.222,12919,12921,12919,3
2020-09-16 16:00:12.270,12919,12921,12921,1
2020-09-16 16:00:12.508,12919,12921,12921,1
2020-09-16 16:00:12.700,12919,12921,12921,1
2020-09-16 16:00:12.917,12919,12921,12921,1
2020-09-16 16:00:13.063,12919,12921,12919,1
2020-09-16 16:00:13.164,12919,12921,12921,1
2020-09-16 16:00:13.380,12919,12921,12921,1
2020-09-16 16:00:13.612,12919,12921,12921,1
2020-09-16 16:00:13.613,12919,12921,12921,2
2020-09-16 16:00:13.675,12919,12921,12920,1
2020-09-16 16:00:13.932,12920,12921,12921,1
2020-09-16 16:00:14.260,12920,12921,12921,1
2020-09-16 16:00:14.796,12920,12921,12921,1
2020-09-16 16:00:15.733,12920,12921,12921,1
2020-09-16 16:00:24.092,12920,12921,12920,1
2020-09-16 16:00:35.348,12920,12921,12920,2
2020-09-16 16:00:37.600,12919,12920,12920,1
2020-09-16 16:00:37.726,12919,12920,12919,1
2020-09-16 16:01:04.572,12919,12920,12920,2
2020-09-16 16:01:04.603,12919,12921,12919,1
2020-09-16 16:01:43.344,12919,12920,12920,1
2020-09-16 16:01:43.353,12919,12921,12921,1
2020-09-16 16:01:52.226,12919,12920,12920,1
2020-09-16 16:01:57.735,12920,12921,12920,1
2020-09-16 16:01:59.168,12920,12921,12920,1
2020-09-16 16:01:59.641,12920,12921,12920,1
2020-09-16 16:02:02.977,12920,12921,12920,2
2020-09-16 16:02:03.177,12920,12921,12921,1
2020-09-16 16:02:06.106,12920,12921,12921,9
2020-09-16 16:02:06.106,12920,12921,12921,2
2020-09-16 16:02:09.568,12921,12922,12921,2
2020-09-16 16:02:09.568,12921,12922,12921,1
2020-09-16 16:02:50.892,12920,12921,12921,5
2020-09-16 16:02:50.892,12920,12921,12921,1
2020-09-16 16:03:02.410,12921,12922,12921,1
2020-09-16 16:03:05.939,12921,12922,12922,2
2020-09-16 16:03:05.992,12921,12922,12921,1
2020-09-16 16:03:06.747,12920,12922,12922,1
2020-09-16 16:03:11.537,12920,12922,12920,2
2020-09-16 16:03:40.371,12921,12922,12922,3
2020-09-16 16:03:40.371,12921,12922,12922,2
2020-09-16 16:03:40.372,12921,12922,12922,14
2020-09-16 16:03:44.416,12922,12923,12922,1
2020-09-16 16:03:49.800,12921,12923,12922,1
2020-09-16 16:03:59.680,12921,12923,12922,1
2020-09-16 16:04:02.082,12921,12923,12922,1
2020-09-16 16:04:06.521,12921,12923,12923,1
2020-09-16 16:04:17.013,12922,12923,12923,1
2020-09-16 16:04:21.697,12922,12923,12923,1
2020-09-16 16:04:21.697,12922,12923,12923,1
2020-09-16 16:04:21.697,12922,12923,12923,4
2020-09-16 16:04:21.697,12922,12923,12923,6
2020-09-16 16:04:21.697,12922,12923,12923,5
2020-09-16 16:04:21.697,12922,12923,12923,6
2020-09-16 16:04:29.947,12923,12924,12923,1
2020-09-16 16:04:31.107,12923,12924,12923,1
2020-09-16 16:04:31.945,12923,12924,12924,1
2020-09-16 16:04:32.054,12923,12924,12924,1
2020-09-16 16:04:33.618,12923,12924,12923,1
2020-09-16 16:04:44.831,12923,12924,12923,1
2020-09-16 16:04:46.646,12923,12924,12924,1
2020-09-16 16:04:49.963,12923,12924,12924,1
2020-09-16 16:04:50.711,12923,12924,12924,1
2020-09-16 16:04:50.725,12923,12924,12924,15
2020-09-16 16:04:50.998,12924,12925,12924,5
2020-09-16 16:04:55.913,12924,12925,12924,1
2020-09-16 16:04:59.661,12924,12925,12924,1
2020-09-16 16:04:59.687,12924,12925,12924,1
2020-09-16 16:05:17.377,12924,12925,12924,1
2020-09-16 16:05:17.733,12924,12925,12924,2
2020-09-16 16:05:20.829,12924,12925,12924,9
2020-09-16 16:05:20.851,12923,12924,12924,1
2020-09-16 16:05:28.217,12923,12924,12924,1
2020-09-16 16:05:32.877,12923,12925,12923,1
2020-09-16 16:05:35.387,12923,12925,12925,5
2020-09-16 16:05:37.762,12923,12925,12924,1
2020-09-16 16:05:39.049,12924,12925,12924,1
2020-09-16 16:05:47.951,12924,12925,12924,1
2020-09-16 16:05:51.122,12924,12925,12924,1
2020-09-16 16:05:51.408,12924,12925,12925,1
2020-09-16 16:05:51.411,12924,12925,12925,37
2020-09-16 16:05:51.475,12925,12926,12926,8
2020-09-16 16:05:51.508,12925,12926,12926,2
2020-09-16 16:05:51.508,12925,12926,12926,3
2020-09-16 16:05:51.508,12925,12926,12926,9
2020-09-16 16:05:51.652,12926,12927,12927,1
2020-09-16 16:05:51.690,12926,12927,12927,2
2020-09-16 16:05:52.108,12926,12927,12927,1
2020-09-16 16:05:52.237,12926,12927,12927,1
2020-09-16 16:05:52.247,12926,12927,12927,1
2020-09-16 16:05:52.258,12926,12927,12927,1
2020-09-16 16:05:52.282,12926,12927,12927,2
2020-09-16 16:05:52.285,12926,12927,12927,1
2020-09-16 16:05:52.301,12926,12927,12927,1
2020-09-16 16:06:02.959,12925,12927,12927,1
2020-09-16 16:06:03.407,12926,12927,12927,4
2020-09-16 16:06:03.418,12926,12927,12927,1
2020-09-16 16:06:03.477,12926,12927,12927,1
2020-09-16 16:06:03.502,12926,12927,12928,1
2020-09-16 16:06:03.600,12926,12927,12927,1
2020-09-16 16:06:03.650,12926,12927,12928,2
2020-09-16 16:06:03.839,12926,12928,12928,1
2020-09-16 16:06:03.839,12926,12928,12928,1
2020-09-16 16:06:10.250,12926,12927,12927,1
2020-09-16 16:06:12.448,12926,12927,12927,1
2020-09-16 16:06:12.477,12926,12927,12927,1
2020-09-16 16:06:12.477,12926,12927,12927,1
2020-09-16 16:06:15.584,12926,12927,12927,1
2020-09-16 16:06:16.065,12926,12927,12927,1
2020-09-16 16:06:17.514,12927,12928,12927,2
2020-09-16 16:06:17.601,12926,12927,12927,1
2020-09-16 16:06:17.603,12926,12927,12927,1
2020-09-16 16:06:18.402,12926,12927,12926,1
2020-09-16 16:06:22.214,12926,12927,12927,1
2020-09-16 16:06:33.330,12926,12927,12927,1
2020-09-16 16:06:34.526,12926,12927,12927,1
2020-09-16 16:06:34.601,12926,12927,12927,1
2020-09-16 16:06:34.783,12926,12927,12927,2
2020-09-16 16:06:34.784,12926,12927,12927,2
2020-09-16 16:06:36.378,12927,12928,12927,2
2020-09-16 16:06:36.379,12927,12928,12927,5
2020-09-16 16:06:36.790,12926,12928,12926,1
2020-09-16 16:06:39.784,12927,12928,12927,2
2020-09-16 16:06:40.787,12927,12928,12927,1
2020-09-16 16:06:44.107,12927,12928,12927,1
2020-09-16 16:06:47.920,12927,12928,12927,1
2020-09-16 16:07:00.153,12927,12928,12927,1
2020-09-16 16:07:04.362,12927,12928,12927,1
2020-09-16 16:07:04.587,12927,12928,12928,1
2020-09-16 16:07:06.979,12927,12928,12928,1
2020-09-16 16:07:11.895,12927,12928,12928,1
2020-09-16 16:07:14.539,12927,12928,12928,1
2020-09-16 16:07:15.518,12927,12928,12928,1
2020-09-16 16:07:19.441,12927,12928,12928,1
2020-09-16 16:07:20.464,12927,12928,12928,12
2020-09-16 16:07:20.464,12927,12928,12928,4
2020-09-16 16:07:20.464,12927,12928,12928,2
2020-09-16 16:07:20.464,12927,12928,12928,5
2020-09-16 16:07:20.465,12927,12928,12928,2
2020-09-16 16:07:20.465,12927,12928,12928,7
2020-09-16 16:07:20.465,12927,12928,12928,9
2020-09-16 16:07:22.328,12928,12929,12928,1
2020-09-16 16:07:22.409,12927,12929,12928,1
2020-09-16 16:07:26.024,12928,12929,12928,1
2020-09-16 16:07:29.505,12927,12928,12928,1
2020-09-16 16:07:31.367,12927,12928,12928,1
2020-09-16 16:07:33.938,12927,12928,12928,1
2020-09-16 16:07:39.225,12927,12928,12928,1
2020-09-16 16:07:42.682,12927,12928,12928,1
2020-09-16 16:07:44.944,12927,12928,12927,2
2020-09-16 16:07:45.769,12927,12928,12928,6
2020-09-16 16:07:45.769,12927,12928,12929,2
2020-09-16 16:07:45.860,12927,12928,12927,1
2020-09-16 16:07:46.126,12927,12928,12928,1
2020-09-16 16:07:51.937,12927,12928,12927,1
2020-09-16 16:07:52.104,12927,12928,12927,1
2020-09-16 16:07:52.692,12927,12928,12927,1
2020-09-16 16:07:56.559,12927,12928,12928,1
2020-09-16 16:07:58.293,12927,12928,12928,7
2020-09-16 16:07:58.293,12927,12928,12929,27
2020-09-16 16:07:58.293,12927,12928,12930,26
2020-09-16 16:07:58.295,12927,12928,12929,4
2020-09-16 16:07:58.391,12928,12930,12930,1
2020-09-16 16:07:58.568,12928,12929,12929,1
2020-09-16 16:07:58.831,12928,12929,12928,1
2020-09-16 16:07:59.161,12928,12929,12928,1
2020-09-16 16:07:59.607,12928,12929,12928,1
2020-09-16 16:08:02.820,12927,12929,12928,2
2020-09-16 16:08:03.377,12928,12929,12929,1
2020-09-16 16:08:05.452,12928,12929,12929,1
2020-09-16 16:08:06.308,12928,12929,12929,1
2020-09-16 16:08:08.467,12928,12930,12928,1
2020-09-16 16:08:11.446,12928,12929,12929,1
2020-09-16 16:08:12.965,12928,12930,12930,1
2020-09-16 16:08:15.378,12928,12929,12929,1
2020-09-16 16:08:15.395,12928,12929,12929,1
2020-09-16 16:08:15.638,12928,12930,12930,1
2020-09-16 16:08:16.285,12928,12929,12929,1
2020-09-16 16:08:16.617,12928,12929,12929,1
2020-09-16 16:08:17.103,12928,12929,12929,1
2020-09-16 16:08:19.104,12928,12929,12929,1
2020-09-16 16:08:20.231,12928,12929,12929,1
2020-09-16 16:08:22.655,12928,12929,12929,2
2020-09-16 16:08:24.180,12928,12929,12929,1
2020-09-16 16:08:28.356,12928,12929,12929,1
2020-09-16 16:08:32.132,12928,12929,12929,1
2020-09-16 16:08:32.214,12928,12929,12929,1
2020-09-16 16:08:34.016,12928,12929,12928,1
2020-09-16 16:08:37.327,12928,12929,12929,1
2020-09-16 16:08:38.622,12928,12929,12928,1
2020-09-16 16:08:41.337,12928,12929,12929,1
2020-09-16 16:08:49.046,12928,12929,12929,2
2020-09-16 16:08:55.672,12928,12929,12928,4
2020-09-16 16:08:55.672,12928,12929,12928,16
2020-09-16 16:08:58.107,12927,12928,12928,1
2020-09-16 16:08:59.323,12927,12928,12929,1
2020-09-16 16:08:59.663,12927,12929,12929,1
2020-09-16 16:09:07.159,12928,12929,12928,3
2020-09-16 16:09:15.236,12928,12929,12928,4
2020-09-16 16:09:18.756,12928,12929,12928,3
2020-09-16 16:09:22.202,12927,12928,12928,8
2020-09-16 16:09:22.202,12927,12928,12928,1
2020-09-16 16:09:23.436,12927,12928,12928,1
2020-09-16 16:09:30.722,12928,12929,12929,26
2020-09-16 16:09:30.722,12928,12929,12930,14
2020-09-16 16:09:39.648,12929,12930,12930,1
2020-09-16 16:09:43.664,12929,12930,12930,1
2020-09-16 16:09:46.029,12929,12930,12930,1
2020-09-16 16:09:46.826,12929,12930,12930,1
2020-09-16 16:09:48.131,12929,12930,12930,1
2020-09-16 16:09:50.125,12929,12930,12930,1
2020-09-16 16:09:50.733,12929,12930,12929,1
2020-09-16 16:09:52.487,12928,12930,12929,1
2020-09-16 16:09:53.940,12928,12930,12930,1
2020-09-16 16:09:58.523,12928,12929,12929,1
2020-09-16 16:09:59.661,12928,12929,12929,1
2020-09-16 16:09:59.926,12928,12929,12929,1
2020-09-16 16:10:00.374,12928,12930,12930,1
2020-09-16 16:10:00.389,12928,12930,12928,1
2020-09-16 16:10:00.614,12928,12930,12930,1
2020-09-16 16:10:00.829,12928,12930,12930,1
2020-09-16 16:10:01.341,12929,12930,12930,1
2020-09-16 16:10:01.542,12929,12930,12930,1
2020-09-16 16:10:02.173,12929,12930,12930,1
2020-09-16 16:10:02.389,12929,12930,12930,1
2020-09-16 16:10:03.311,12929,12930,12930,1
2020-09-16 16:10:03.931,12929,12930,12930,1
2020-09-16 16:10:04.299,12929,12930,12929,1
2020-09-16 16:10:06.013,12929,12930,12929,2
2020-09-16 16:10:06.013,12929,12930,12928,3
2020-09-16 16:10:06.040,12929,12930,12930,1
2020-09-16 16:10:06.049,12929,12930,12928,5
2020-09-16 16:10:06.491,12928,12930,12930,1
2020-09-16 16:10:14.721,12929,12930,12930,1
2020-09-16 16:10:18.931,12929,12930,12930,20
2020-09-16 16:10:18.932,12929,12930,12930,9
2020-09-16 16:10:18.932,12929,12930,12930,4
2020-09-16 16:10:18.932,12929,12930,12930,4
2020-09-16 16:10:18.933,12929,12930,12930,3
2020-09-16 16:10:18.933,12929,12930,12930,11
2020-09-16 16:10:18.933,12929,12930,12930,4
2020-09-16 16:10:18.933,12929,12930,12930,2
2020-09-16 16:10:20.330,12930,12931,12930,1
2020-09-16 16:10:20.471,12930,12931,12930,5
2020-09-16 16:10:21.220,12929,12930,12930,1
2020-09-16 16:10:26.333,12930,12931,12931,2
2020-09-16 16:10:26.415,12930,12931,12931,5
2020-09-16 16:10:26.427,12930,12931,12931,1
2020-09-16 16:10:26.538,12930,12931,12931,4
2020-09-16 16:10:26.549,12930,12931,12931,6
2020-09-16 16:10:26.575,12930,12931,12930,1
2020-09-16 16:10:26.586,12930,12931,12931,1
2020-09-16 16:10:27.561,12930,12931,12930,1
2020-09-16 16:10:28.167,12930,12931,12931,1
2020-09-16 16:10:28.167,12930,12931,12932,4
2020-09-16 16:10:28.284,12930,12932,12932,10
2020-09-16 16:10:28.285,12930,12932,12932,2
2020-09-16 16:10:28.423,12931,12932,12932,1
2020-09-16 16:10:30.092,12931,12932,12931,1
2020-09-16 16:10:30.647,12931,12932,12932,1
2020-09-16 16:10:32.194,12931,12932,12931,1
2020-09-16 16:10:33.294,12930,12931,12931,1
2020-09-16 16:10:34.754,12930,12932,12932,1
2020-09-16 16:10:37.403,12930,12931,12931,4
2020-09-16 16:10:37.704,12931,12932,12932,2
2020-09-16 16:10:38.611,12931,12932,12932,1
2020-09-16 16:10:40.099,12931,12932,12931,1
2020-09-16 16:10:41.402,12930,12932,12932,2
2020-09-16 16:10:51.744,12931,12932,12932,1
2020-09-16 16:10:51.873,12931,12932,12931,4
2020-09-16 16:10:51.873,12931,12932,12930,25
2020-09-16 16:10:52.098,12929,12930,12929,1
2020-09-16 16:10:52.101,12929,12930,12929,1
2020-09-16 16:10:52.102,12929,12930,12929,2
2020-09-16 16:10:52.107,12929,12930,12929,1
2020-09-16 16:10:52.112,12929,12930,12929,1
2020-09-16 16:10:52.112,12929,12930,12929,2
2020-09-16 16:10:53.112,12928,12929,12929,2
2020-09-16 16:10:53.536,12929,12930,12929,2
2020-09-16 16:10:53.536,12929,12930,12929,2
2020-09-16 16:10:53.537,12929,12930,12929,1
2020-09-16 16:10:58.499,12928,12929,12929,1
2020-09-16 16:11:03.075,12928,12929,12929,1
2020-09-16 16:11:07.634,12929,12930,12930,1
2020-09-16 16:11:15.368,12929,12930,12929,1
2020-09-16 16:11:15.368,12929,12930,12929,3
2020-09-16 16:11:18.814,12928,12929,12929,4
2020-09-16 16:11:19.507,12929,12930,12929,1
2020-09-16 16:11:21.784,12928,12929,12928,1
2020-09-16 16:11:24.574,12928,12929,12928,1
2020-09-16 16:11:27.905,12928,12929,12929,1
2020-09-16 16:11:29.292,12928,12929,12929,5
2020-09-16 16:11:36.581,12928,12929,12929,1
2020-09-16 16:11:42.189,12928,12929,12929,1
2020-09-16 16:11:53.455,12928,12929,12929,1
2020-09-16 16:11:58.485,12928,12929,12929,2
2020-09-16 16:11:58.859,12928,12929,12929,2
2020-09-16 16:11:58.860,12928,12929,12929,1
2020-09-16 16:11:58.860,12928,12929,12929,1
2020-09-16 16:12:03.232,12929,12930,12929,1
2020-09-16 16:12:03.592,12929,12930,12930,2
2020-09-16 16:12:03.602,12929,12930,12930,4
2020-09-16 16:12:03.632,12929,12930,12930,1
2020-09-16 16:12:03.670,12929,12930,12930,4
2020-09-16 16:12:03.671,12929,12930,12930,5
2020-09-16 16:12:03.671,12929,12930,12930,4
2020-09-16 16:12:03.671,12929,12930,12930,2
2020-09-16 16:12:03.695,12929,12930,12931,1
2020-09-16 16:12:03.771,12930,12931,12931,1
2020-09-16 16:12:03.857,12930,12931,12931,1
2020-09-16 16:12:03.886,12930,12931,12931,1
2020-09-16 16:12:07.136,12930,12931,12931,1
2020-09-16 16:12:09.029,12930,12931,12931,1
2020-09-16 16:12:09.590,12930,12931,12931,1
2020-09-16 16:12:11.957,12930,12931,12931,2
2020-09-16 16:12:15.366,12930,12931,12931,1
2020-09-16 16:12:16.863,12931,12932,12931,1
2020-09-16 16:12:25.413,12930,12931,12931,2
2020-09-16 16:12:25.753,12930,12931,12931,2
2020-09-16 16:12:25.753,12930,12931,12931,1
2020-09-16 16:12:30.477,12931,12932,12932,2
2020-09-16 16:12:31.589,12931,12932,12931,1
2020-09-16 16:12:38.804,12930,12932,12932,3
2020-09-16 16:12:40.079,12931,12932,12932,2
2020-09-16 16:12:41.719,12931,12932,12932,27
2020-09-16 16:12:43.119,12932,12933,12933,1
2020-09-16 16:12:45.579,12932,12933,12933,1
2020-09-16 16:12:46.848,12932,12933,12933,1
2020-09-16 16:12:51.195,12932,12933,12932,21
2020-09-16 16:12:51.238,12931,12932,12931,1
2020-09-16 16:12:52.206,12930,12932,12932,1
2020-09-16 16:13:00.657,12931,12932,12932,1
2020-09-16 16:13:01.707,12932,12933,12932,1
2020-09-16 16:13:03.704,12932,12933,12933,1
2020-09-16 16:13:06.960,12932,12933,12932,2
2020-09-16 16:13:08.609,12932,12933,12932,1
2020-09-16 16:13:14.423,12932,12933,12932,5
2020-09-16 16:13:14.747,12932,12933,12933,1
2020-09-16 16:13:18.193,12932,12933,12932,1
2020-09-16 16:13:18.439,12932,12933,12933,1
2020-09-16 16:13:19.032,12932,12933,12932,1
2020-09-16 16:13:22.565,12932,12933,12932,1
2020-09-16 16:13:26.310,12932,12933,12933,1
2020-09-16 16:13:32.743,12932,12933,12933,1
2020-09-16 16:13:33.438,12932,12933,12932,1
2020-09-16 16:13:38.525,12932,12933,12933,2
2020-09-16 16:13:38.795,12932,12933,12932,19
2020-09-16 16:13:38.870,12931,12932,12931,2
2020-09-16 16:13:38.870,12931,12932,12931,2
2020-09-16 16:13:38.870,12931,12932,12931,5
2020-09-16 16:13:38.871,12931,12932,12931,1
2020-09-16 16:13:39.533,12930,12932,12932,1
2020-09-16 16:13:40.921,12931,12932,12932,1
2020-09-16 16:13:43.588,12932,12933,12932,1
2020-09-16 16:13:44.254,12931,12932,12932,1
2020-09-16 16:13:44.483,12931,12933,12933,2
2020-09-16 16:13:45.781,12931,12933,12933,1
2020-09-16 16:13:46.662,12931,12933,12933,1
2020-09-16 16:13:48.668,12931,12933,12933,1
2020-09-16 16:13:50.994,12932,12933,12933,1
2020-09-16 16:13:52.390,12932,12933,12933,1
2020-09-16 16:14:01.078,12932,12933,12932,8
2020-09-16 16:14:09.597,12931,12932,12931,1
2020-09-16 16:14:12.872,12931,12932,12932,2
2020-09-16 16:14:23.805,12931,12932,12931,1
2020-09-16 16:14:31.178,12931,12932,12932,1
2020-09-16 16:14:33.043,12931,12932,12932,1
2020-09-16 16:14:33.043,12931,12932,12932,2
2020-09-16 16:14:33.044,12931,12932,12932,2
2020-09-16 16:14:57.362,12932,12933,12933,1
2020-09-16 16:14:58.514,12932,12933,12933,1
2020-09-16 16:15:00.302,12932,12933,12933,1
2020-09-16 16:15:00.948,12932,12933,12933,1
2020-09-16 16:15:03.014,12932,12933,12933,1
2020-09-16 16:15:03.903,12932,12933,12933,2
2020-09-16 16:15:04.605,12932,12933,12933,1
2020-09-16 16:15:06.697,12932,12933,12933,2
2020-09-16 16:15:06.697,12932,12933,12933,2
2020-09-16 16:15:06.698,12932,12933,12933,2
2020-09-16 16:15:06.698,12932,12933,12933,1
2020-09-16 16:15:06.698,12932,12933,12933,1
2020-09-16 16:15:06.698,12932,12933,12933,2
2020-09-16 16:15:06.698,12932,12933,12933,1
2020-09-16 16:15:06.698,12932,12933,12933,2
2020-09-16 16:15:07.392,12933,12934,12933,1
2020-09-16 16:15:09.487,12933,12934,12933,3
2020-09-16 16:15:10.608,12933,12934,12933,1
2020-09-16 16:15:11.738,12933,12934,12933,1
2020-09-16 16:15:18.859,12933,12934,12934,6
2020-09-16 16:15:19.162,12933,12934,12934,1
2020-09-16 16:15:19.614,12933,12934,12934,3
2020-09-16 16:15:19.614,12933,12934,12934,4
2020-09-16 16:15:23.837,12933,12934,12934,1
2020-09-16 16:15:24.385,12933,12934,12934,3
2020-09-16 16:15:24.385,12933,12934,12934,4
2020-09-16 16:15:25.513,12934,12935,12935,1
2020-09-16 16:15:25.961,12934,12935,12935,3
2020-09-16 16:15:26.546,12934,12935,12934,1
2020-09-16 16:15:30.219,12933,12934,12934,1
2020-09-16 16:15:30.676,12934,12935,12935,1
2020-09-16 16:15:30.941,12934,12935,12934,1
2020-09-16 16:15:32.726,12934,12935,12934,1
2020-09-16 16:15:33.190,12933,12935,12933,1
2020-09-16 16:15:33.789,12934,12935,12934,1
2020-09-16 16:15:33.790,12934,12935,12934,1
2020-09-16 16:15:35.995,12933,12934,12934,1
2020-09-16 16:15:36.687,12933,12934,12934,1
2020-09-16 16:15:37.325,12933,12934,12933,1
2020-09-16 16:15:37.710,12933,12934,12934,3
2020-09-16 16:15:37.710,12933,12934,12934,2
2020-09-16 16:15:39.121,12933,12934,12934,1
2020-09-16 16:15:41.808,12933,12934,12934,2
2020-09-16 16:15:46.032,12933,12934,12934,2
2020-09-16 16:15:47.025,12933,12934,12934,1
2020-09-16 16:15:49.555,12933,12934,12933,12
2020-09-16 16:15:49.556,12933,12934,12933,1
2020-09-16 16:15:50.321,12932,12934,12933,2
2020-09-16 16:15:53.162,12933,12934,12933,4
2020-09-16 16:15:53.162,12933,12934,12933,2
2020-09-16 16:15:58.893,12933,12934,12933,1
2020-09-16 16:16:04.498,12932,12933,12932,1
2020-09-16 16:16:05.630,12932,12933,12933,1
2020-09-16 16:16:07.317,12932,12933,12933,1
2020-09-16 16:16:07.770,12932,12933,12932,1
2020-09-16 16:16:11.718,12932,12933,12933,1
2020-09-16 16:16:12.107,12932,12933,12933,2
2020-09-16 16:16:19.567,12932,12933,12933,1
2020-09-16 16:16:24.383,12932,12933,12932,1
2020-09-16 16:16:26.107,12932,12933,12933,1
2020-09-16 16:16:42.576,12932,12933,12932,1
2020-09-16 16:16:45.886,12932,12933,12932,1
2020-09-16 16:16:48.219,12932,12933,12932,23
2020-09-16 16:16:54.967,12931,12932,12932,1
2020-09-16 16:16:58.789,12931,12932,12932,6
2020-09-16 16:17:00.133,12932,12933,12932,1
2020-09-16 16:17:01.757,12932,12933,12932,1
2020-09-16 16:17:05.333,12932,12933,12933,3
2020-09-16 16:17:05.878,12932,12933,12932,1
2020-09-16 16:17:14.267,12932,12933,12932,1
2020-09-16 16:17:14.438,12932,12933,12932,1
2020-09-16 16:17:16.932,12932,12933,12933,4
2020-09-16 16:17:28.028,12932,12933,12933,1
2020-09-16 16:17:30.851,12932,12933,12933,4
2020-09-16 16:17:33.916,12932,12933,12933,3
2020-09-16 16:17:37.746,12933,12934,12933,1
2020-09-16 16:17:40.691,12933,12934,12933,1
2020-09-16 16:17:41.746,12933,12934,12933,1
2020-09-16 16:17:53.757,12933,12934,12933,1
2020-09-16 16:17:59.909,12933,12934,12934,2
2020-09-16 16:18:00.538,12933,12934,12933,1
2020-09-16 16:18:03.301,12933,12934,12933,1
2020-09-16 16:18:05.945,12933,12934,12934,3
2020-09-16 16:18:16.676,12933,12934,12934,1
2020-09-16 16:18:23.754,12933,12934,12934,1
2020-09-16 16:18:30.834,12933,12934,12934,3
2020-09-16 16:18:31.222,12933,12934,12934,17
2020-09-16 16:18:40.922,12933,12934,12934,1
2020-09-16 16:18:42.838,12933,12935,12935,67
2020-09-16 16:18:42.840,12933,12935,12936,1
2020-09-16 16:18:42.890,12935,12936,12936,1
2020-09-16 16:18:43.041,12935,12936,12936,4
2020-09-16 16:18:44.831,12934,12936,12936,8
2020-09-16 16:18:45.183,12935,12936,12936,1
2020-09-16 16:18:47.381,12935,12936,12936,1
2020-09-16 16:18:52.370,12935,12936,12936,2
2020-09-16 16:18:52.370,12935,12936,12936,2
2020-09-16 16:18:53.164,12935,12936,12936,1
2020-09-16 16:18:57.636,12935,12936,12936,1
2020-09-16 16:18:59.092,12935,12936,12936,2
2020-09-16 16:18:59.538,12935,12936,12935,1
2020-09-16 16:19:00.308,12935,12936,12936,4
2020-09-16 16:19:00.308,12935,12936,12936,2
2020-09-16 16:19:01.429,12935,12936,12936,1
2020-09-16 16:19:03.636,12935,12937,12935,1
2020-09-16 16:19:05.716,12935,12936,12936,1
2020-09-16 16:19:05.986,12936,12937,12936,2
2020-09-16 16:19:07.771,12935,12937,12937,1
2020-09-16 16:19:07.999,12935,12937,12937,1
2020-09-16 16:19:09.749,12936,12937,12936,1
2020-09-16 16:19:11.754,12935,12937,12937,1
2020-09-16 16:19:12.350,12935,12937,12937,3
2020-09-16 16:19:16.916,12935,12936,12936,1
2020-09-16 16:19:18.486,12935,12936,12936,1
2020-09-16 16:19:18.758,12936,12937,12936,2
2020-09-16 16:19:19.973,12935,12937,12937,2
2020-09-16 16:19:22.936,12936,12937,12936,1
2020-09-16 16:19:23.369,12935,12937,12935,1
2020-09-16 16:19:23.492,12935,12937,12936,2
2020-09-16 16:19:25.796,12936,12937,12937,2
2020-09-16 16:19:31.887,12936,12937,12937,1
2020-09-16 16:19:32.148,12936,12937,12937,1
2020-09-16 16:19:32.390,12936,12937,12936,5
2020-09-16 16:19:40.709,12935,12936,12936,4
2020-09-16 16:19:40.980,12936,12937,12936,1
2020-09-16 16:19:43.824,12935,12937,12937,5
2020-09-16 16:19:48.163,12936,12937,12936,1
2020-09-16 16:19:53.020,12936,12937,12936,1
2020-09-16 16:19:57.085,12935,12936,12936,1
2020-09-16 16:19:57.555,12936,12937,12937,1
2020-09-16 16:19:59.561,12936,12937,12937,1
2020-09-16 16:20:01.048,12936,12937,12936,1
2020-09-16 16:20:01.512,12936,12937,12937,1
2020-09-16 16:20:02.041,12936,12937,12937,2
2020-09-16 16:20:02.042,12936,12937,12937,3
2020-09-16 16:20:02.063,12936,12937,12937,1
2020-09-16 16:20:02.070,12936,12937,12937,2
2020-09-16 16:20:02.071,12936,12937,12937,2
2020-09-16 16:20:02.072,12936,12937,12937,12
2020-09-16 16:20:02.077,12936,12937,12938,2
2020-09-16 16:20:02.087,12936,12937,12938,1
2020-09-16 16:20:02.183,12936,12938,12938,1
2020-09-16 16:20:02.222,12936,12938,12938,1
2020-09-16 16:20:02.278,12936,12938,12938,4
2020-09-16 16:20:02.405,12936,12938,12938,5
2020-09-16 16:20:05.930,12936,12938,12938,1
2020-09-16 16:20:08.849,12936,12938,12938,1
2020-09-16 16:20:10.504,12937,12938,12937,1
2020-09-16 16:20:10.949,12936,12938,12936,1
2020-09-16 16:20:20.057,12936,12938,12937,1
2020-09-16 16:20:24.267,12937,12938,12938,30
2020-09-16 16:20:24.267,12937,12938,12938,1
2020-09-16 16:20:24.268,12937,12938,12938,2
2020-09-16 16:20:24.352,12938,12939,12939,1
2020-09-16 16:20:24.352,12938,12939,12939,1
2020-09-16 16:20:24.352,12938,12939,12939,1
2020-09-16 16:20:24.353,12938,12939,12939,1
2020-09-16 16:20:24.353,12938,12939,12939,1
2020-09-16 16:20:24.353,12938,12939,12939,1
2020-09-16 16:20:24.353,12938,12939,12939,1
2020-09-16 16:20:24.353,12938,12939,12939,1
2020-09-16 16:20:24.463,12938,12939,12939,2
2020-09-16 16:20:24.508,12938,12939,12939,1
2020-09-16 16:20:24.722,12938,12939,12939,1
2020-09-16 16:20:24.734,12938,12939,12939,3
2020-09-16 16:20:24.744,12938,12939,12939,2
2020-09-16 16:20:24.840,12938,12939,12939,1
2020-09-16 16:20:25.415,12938,12939,12938,1
2020-09-16 16:20:25.472,12938,12939,12938,1
2020-09-16 16:20:25.505,12938,12939,12938,1
2020-09-16 16:20:25.638,12938,12939,12938,1
2020-09-16 16:20:28.095,12938,12939,12938,1
2020-09-16 16:20:29.234,12938,12939,12939,2
2020-09-16 16:20:30.029,12938,12939,12939,1
2020-09-16 16:20:30.513,12938,12939,12939,1
2020-09-16 16:20:32.508,12938,12939,12938,1
2020-09-16 16:20:33.762,12938,12939,12938,1
2020-09-16 16:20:37.052,12938,12939,12938,1
2020-09-16 16:20:44.153,12938,12939,12938,1
2020-09-16 16:20:46.444,12938,12939,12938,2
2020-09-16 16:20:52.327,12938,12939,12939,1
2020-09-16 16:20:52.895,12938,12939,12938,1
2020-09-16 16:20:55.700,12938,12939,12939,1
2020-09-16 16:20:58.922,12938,12939,12939,1
2020-09-16 16:21:02.143,12938,12939,12939,1
2020-09-16 16:21:02.426,12938,12939,12939,2
2020-09-16 16:21:02.904,12938,12939,12939,1
2020-09-16 16:21:05.753,12938,12939,12939,2
2020-09-16 16:21:05.908,12938,12939,12939,1
2020-09-16 16:21:07.040,12938,12939,12939,10
2020-09-16 16:21:07.041,12938,12939,12939,2
2020-09-16 16:21:07.312,12939,12940,12939,4
2020-09-16 16:21:08.715,12938,12940,12939,1
2020-09-16 16:21:10.499,12938,12939,12939,4
2020-09-16 16:21:12.365,12938,12939,12939,2
2020-09-16 16:21:13.066,12938,12939,12939,1
2020-09-16 16:21:13.076,12938,12939,12939,1
2020-09-16 16:21:14.190,12938,12940,12939,1
2020-09-16 16:21:14.634,12938,12939,12938,1
2020-09-16 16:21:14.690,12938,12939,12938,1
2020-09-16 16:21:14.782,12938,12939,12938,8
2020-09-16 16:21:14.783,12938,12939,12938,16
2020-09-16 16:21:15.237,12937,12938,12938,1
2020-09-16 16:21:15.745,12937,12938,12938,1
2020-09-16 16:21:16.410,12938,12939,12938,1
2020-09-16 16:21:16.643,12937,12939,12939,1
2020-09-16 16:21:18.158,12937,12939,12939,10
2020-09-16 16:21:18.179,12937,12939,12939,1
2020-09-16 16:21:18.864,12938,12939,12938,4
2020-09-16 16:21:19.034,12937,12938,12937,4
2020-09-16 16:21:19.213,12937,12938,12939,1
2020-09-16 16:21:19.288,12937,12939,12937,4
2020-09-16 16:21:23.623,12938,12939,12938,1
2020-09-16 16:21:23.920,12938,12939,12938,2
2020-09-16 16:21:30.700,12938,12939,12938,1
2020-09-16 16:21:31.891,12938,12939,12938,1
2020-09-16 16:21:35.584,12938,12939,12938,2
2020-09-16 16:21:35.907,12937,12938,12937,3
2020-09-16 16:21:36.831,12937,12938,12938,2
2020-09-16 16:21:36.831,12937,12938,12938,1
2020-09-16 16:21:41.201,12937,12938,12938,1
2020-09-16 16:21:45.832,12937,12938,12938,2
2020-09-16 16:21:45.892,12937,12938,12938,5
2020-09-16 16:21:46.685,12937,12938,12938,1
2020-09-16 16:21:46.896,12937,12939,12937,2
2020-09-16 16:22:02.110,12937,12938,12937,10
2020-09-16 16:22:02.110,12937,12938,12937,1
2020-09-16 16:22:02.397,12936,12937,12936,3
2020-09-16 16:22:03.552,12936,12937,12937,2
2020-09-16 16:22:04.367,12936,12937,12936,1
2020-09-16 16:22:10.880,12936,12937,12936,2
2020-09-16 16:22:13.606,12936,12937,12936,1
2020-09-16 16:22:15.114,12936,12937,12937,1
2020-09-16 16:22:15.117,12936,12937,12937,2
2020-09-16 16:22:17.646,12936,12937,12937,2
2020-09-16 16:22:18.079,12937,12938,12938,5
2020-09-16 16:22:20.175,12937,12939,12938,1
2020-09-16 16:22:32.008,12937,12939,12939,20
2020-09-16 16:22:32.311,12938,12939,12938,1
2020-09-16 16:22:37.895,12938,12939,12939,6
2020-09-16 16:22:37.895,12938,12939,12940,44
2020-09-16 16:22:38.126,12939,12940,12940,1
2020-09-16 16:22:43.690,12939,12940,12940,1
2020-09-16 16:22:43.897,12939,12940,12940,1
2020-09-16 16:22:45.415,12939,12940,12940,1
2020-09-16 16:22:51.776,12939,12940,12939,1
2020-09-16 16:22:55.012,12939,12940,12939,1
2020-09-16 16:22:55.500,12939,12940,12940,1
2020-09-16 16:22:58.272,12939,12940,12940,2
2020-09-16 16:23:00.968,12939,12940,12940,1
2020-09-16 16:23:02.503,12939,12940,12940,1
2020-09-16 16:23:04.121,12939,12940,12940,2
2020-09-16 16:23:07.409,12939,12940,12939,1
2020-09-16 16:23:08.203,12939,12940,12940,2
2020-09-16 16:23:08.362,12939,12940,12940,1
2020-09-16 16:23:08.931,12939,12940,12940,3
2020-09-16 16:23:12.315,12940,12941,12940,1
2020-09-16 16:23:14.521,12940,12941,12940,1
2020-09-16 16:23:15.728,12939,12940,12940,1
2020-09-16 16:23:19.763,12939,12940,12940,2
