2020-11-06 15:00:00.085,12941,12942,12942,69
2020-11-06 15:00:00.122,12942,12943,12942,1
2020-11-06 15:00:00.122,12942,12943,12942,3
2020-11-06 15:00:00.122,12942,12943,12942,5
2020-11-06 15:00:00.663,12941,12942,12941,1
2020-11-06 15:00:00.726,12941,12942,12941,1
2020-11-06 15:00:01.014,12941,12943,12943,1
2020-11-06 15:00:01.175,12941,12943,12943,1
2020-11-06 15:00:01.190,12941,12943,12941,1
2020-11-06 15:00:01.191,12941,12943,12941,1
2020-11-06 15:00:01.350,12942,12943,12942,1
2020-11-06 15:00:01.353,12942,12943,12943,2
2020-11-06 15:00:01.378,12942,12943,12942,1
2020-11-06 15:00:01.409,12942,12943,12943,1
2020-11-06 15:00:01.409,12942,12943,12944,1
2020-11-06 15:00:01.506,12942,12943,12942,1
2020-11-06 15:00:01.533,12942,12944,12944,1
2020-11-06 15:00:01.541,12942,12944,12944,1
2020-11-06 15:00:01.564,12942,12944,12942,1
2020-11-06 15:00:01.611,12942,12944,12944,1
2020-11-06 15:00:01.637,12942,12944,12944,1
2020-11-06 15:00:01.806,12942,12944,12944,1
2020-11-06 15:00:01.806,12942,12944,12945,2
2020-11-06 15:00:01.841,12942,12944,12945,2
2020-11-06 15:00:02.057,12942,12945,12945,1
2020-11-06 15:00:02.611,12942,12945,12942,1
2020-11-06 15:00:02.707,12942,12944,12944,1
2020-11-06 15:00:02.958,12942,12944,12944,3
2020-11-06 15:00:03.451,12942,12944,12944,1
2020-11-06 15:00:03.573,12942,12943,12942,1
2020-11-06 15:00:04.480,12942,12943,12943,1
2020-11-06 15:00:04.764,12941,12943,12943,1
2020-11-06 15:00:04.949,12941,12943,12943,1
2020-11-06 15:00:05.270,12942,12943,12942,1
2020-11-06 15:00:05.352,12942,12943,12943,2
2020-11-06 15:00:05.369,12942,12943,12942,2
2020-11-06 15:00:05.663,12941,12942,12942,1
2020-11-06 15:00:06.055,12941,12943,12943,3
2020-11-06 15:00:06.112,12941,12943,12942,1
2020-11-06 15:00:06.260,12941,12942,12942,2
2020-11-06 15:00:06.277,12941,12942,12942,2
2020-11-06 15:00:06.750,12941,12943,12943,2
2020-11-06 15:00:07.540,12942,12944,12942,1
2020-11-06 15:00:09.953,12942,12943,12943,2
2020-11-06 15:00:10.064,12942,12944,12942,2
2020-11-06 15:00:10.343,12942,12944,12944,1
2020-11-06 15:00:10.473,12942,12944,12943,1
2020-11-06 15:00:12.958,12943,12944,12943,1
2020-11-06 15:00:13.902,12943,12944,12943,2
2020-11-06 15:00:15.027,12943,12944,12944,1
2020-11-06 15:00:16.452,12943,12944,12944,2
2020-11-06 15:00:16.452,12943,12944,12944,3
2020-11-06 15:00:16.454,12943,12944,12944,1
2020-11-06 15:00:16.976,12944,12945,12945,1
2020-11-06 15:00:18.454,12944,12945,12945,1
2020-11-06 15:00:18.517,12944,12945,12945,4
2020-11-06 15:00:18.694,12944,12945,12945,3
2020-11-06 15:00:18.756,12944,12945,12945,1
2020-11-06 15:00:18.771,12944,12945,12945,2
2020-11-06 15:00:18.772,12944,12945,12945,1
2020-11-06 15:00:18.930,12944,12946,12946,1
2020-11-06 15:00:19.088,12944,12946,12946,1
2020-11-06 15:00:19.204,12944,12946,12946,1
2020-11-06 15:00:19.683,12944,12946,12944,1
2020-11-06 15:00:19.723,12944,12946,12944,1
2020-11-06 15:00:19.750,12944,12946,12946,1
2020-11-06 15:00:19.998,12944,12946,12946,2
2020-11-06 15:00:20.963,12944,12946,12946,1
2020-11-06 15:00:21.244,12944,12946,12946,1
2020-11-06 15:00:21.499,12944,12946,12944,1
2020-11-06 15:00:21.880,12944,12946,12946,4
2020-11-06 15:00:23.413,12944,12946,12946,2
2020-11-06 15:00:23.906,12944,12946,12946,1
2020-11-06 15:00:24.150,12944,12946,12946,1
2020-11-06 15:00:24.461,12944,12946,12944,1
2020-11-06 15:00:24.935,12945,12946,12945,2
2020-11-06 15:00:26.589,12945,12946,12946,1
2020-11-06 15:00:26.952,12945,12946,12945,2
2020-11-06 15:00:26.952,12945,12946,12944,3
2020-11-06 15:00:27.367,12944,12946,12946,2
2020-11-06 15:00:27.730,12944,12946,12946,1
2020-11-06 15:00:29.294,12945,12946,12945,3
2020-11-06 15:00:29.862,12944,12945,12945,1
2020-11-06 15:00:30.103,12945,12946,12945,1
2020-11-06 15:00:31.398,12945,12946,12945,1
2020-11-06 15:00:31.398,12945,12946,12944,1
2020-11-06 15:00:34.264,12944,12945,12944,5
2020-11-06 15:00:34.960,12943,12945,12945,2
2020-11-06 15:00:36.749,12944,12945,12944,1
2020-11-06 15:00:38.312,12943,12944,12944,2
2020-11-06 15:00:39.263,12944,12945,12944,1
2020-11-06 15:00:40.788,12943,12944,12944,1
2020-11-06 15:00:40.857,12943,12944,12945,1
2020-11-06 15:00:42.267,12944,12945,12944,2
2020-11-06 15:00:44.455,12943,12945,12945,1
2020-11-06 15:00:44.677,12944,12945,12944,1
2020-11-06 15:00:44.787,12944,12945,12945,5
2020-11-06 15:00:47.894,12944,12945,12945,2
2020-11-06 15:00:48.818,12944,12945,12945,1
2020-11-06 15:00:51.360,12944,12945,12945,3
2020-11-06 15:00:52.237,12944,12945,12945,1
2020-11-06 15:00:55.388,12944,12945,12944,1
2020-11-06 15:00:58.344,12944,12945,12944,8
2020-11-06 15:00:58.345,12944,12945,12944,1
2020-11-06 15:00:58.641,12943,12944,12944,1
2020-11-06 15:01:00.034,12943,12944,12943,3
2020-11-06 15:01:00.107,12943,12944,12945,1
2020-11-06 15:01:00.237,12943,12945,12943,1
2020-11-06 15:01:00.415,12943,12945,12945,2
2020-11-06 15:01:00.582,12943,12945,12945,1
2020-11-06 15:01:00.750,12943,12945,12945,1
2020-11-06 15:01:01.188,12943,12944,12944,1
2020-11-06 15:01:01.188,12943,12944,12944,1
2020-11-06 15:01:01.188,12943,12944,12944,1
2020-11-06 15:01:01.189,12943,12944,12945,1
2020-11-06 15:01:01.198,12943,12944,12945,1
2020-11-06 15:01:01.198,12943,12944,12945,1
2020-11-06 15:01:01.198,12943,12944,12945,2
2020-11-06 15:01:01.206,12943,12944,12945,1
2020-11-06 15:01:01.207,12943,12944,12945,1
2020-11-06 15:01:04.398,12944,12945,12944,1
2020-11-06 15:01:15.798,12944,12945,12945,2
2020-11-06 15:01:16.725,12944,12945,12945,2
2020-11-06 15:01:17.331,12944,12945,12944,2
2020-11-06 15:01:17.390,12944,12945,12945,2
2020-11-06 15:01:17.402,12944,12945,12945,1
2020-11-06 15:01:17.906,12944,12945,12945,2
2020-11-06 15:01:21.271,12944,12945,12944,10
2020-11-06 15:01:21.497,12944,12945,12945,1
2020-11-06 15:01:21.586,12944,12945,12944,1
2020-11-06 15:01:23.337,12944,12945,12944,1
2020-11-06 15:01:24.393,12944,12945,12945,2
2020-11-06 15:01:26.180,12944,12945,12944,1
2020-11-06 15:01:32.703,12944,12945,12944,1
2020-11-06 15:01:36.474,12944,12945,12944,2
2020-11-06 15:01:43.691,12944,12945,12944,1
2020-11-06 15:01:46.480,12944,12945,12944,1
2020-11-06 15:01:47.550,12944,12945,12945,1
2020-11-06 15:01:47.550,12944,12945,12945,2
2020-11-06 15:01:47.550,12944,12945,12945,2
2020-11-06 15:01:47.550,12944,12945,12945,8
2020-11-06 15:01:48.467,12945,12946,12945,1
2020-11-06 15:01:49.125,12945,12946,12945,2
2020-11-06 15:01:49.411,12945,12946,12945,1
2020-11-06 15:01:52.043,12945,12946,12946,1
2020-11-06 15:01:52.233,12945,12946,12946,1
2020-11-06 15:01:54.049,12945,12946,12946,10
2020-11-06 15:01:54.166,12945,12946,12945,1
2020-11-06 15:01:59.994,12945,12946,12946,2
2020-11-06 15:02:00.084,12945,12946,12946,2
2020-11-06 15:02:00.085,12945,12946,12946,1
2020-11-06 15:02:00.085,12945,12946,12946,4
2020-11-06 15:02:00.085,12945,12946,12946,5
2020-11-06 15:02:00.406,12946,12947,12947,1
2020-11-06 15:02:00.815,12946,12947,12947,2
2020-11-06 15:02:03.478,12946,12947,12947,1
2020-11-06 15:02:04.142,12946,12947,12947,1
2020-11-06 15:02:05.030,12946,12947,12947,1
2020-11-06 15:02:07.847,12946,12947,12947,11
2020-11-06 15:02:08.015,12947,12948,12947,2
2020-11-06 15:02:10.641,12947,12948,12947,1
2020-11-06 15:02:10.763,12947,12948,12947,2
2020-11-06 15:02:12.075,12946,12947,12947,1
2020-11-06 15:02:13.548,12947,12948,12947,1
2020-11-06 15:02:14.202,12947,12948,12947,1
2020-11-06 15:02:14.314,12947,12948,12947,1
2020-11-06 15:02:15.469,12947,12948,12947,1
2020-11-06 15:02:15.975,12946,12947,12947,1
2020-11-06 15:02:16.287,12946,12947,12947,1
2020-11-06 15:02:17.683,12947,12948,12947,1
2020-11-06 15:02:18.279,12946,12947,12947,1
2020-11-06 15:02:18.695,12946,12948,12947,3
2020-11-06 15:02:20.904,12946,12947,12946,1
2020-11-06 15:02:21.033,12946,12947,12947,1
2020-11-06 15:02:21.333,12946,12947,12947,3
2020-11-06 15:02:22.282,12946,12947,12946,1
2020-11-06 15:02:22.313,12946,12947,12946,1
2020-11-06 15:02:22.438,12945,12947,12945,1
2020-11-06 15:02:22.855,12945,12946,12946,1
2020-11-06 15:02:23.983,12945,12946,12946,1
2020-11-06 15:02:25.262,12945,12946,12945,5
2020-11-06 15:02:26.361,12945,12946,12946,1
2020-11-06 15:02:30.081,12945,12946,12946,1
2020-11-06 15:02:30.625,12945,12946,12946,1
2020-11-06 15:02:36.981,12945,12946,12946,1
2020-11-06 15:02:37.901,12945,12946,12946,1
2020-11-06 15:02:38.889,12945,12946,12945,8
2020-11-06 15:02:39.274,12944,12945,12945,1
2020-11-06 15:02:42.286,12944,12945,12945,1
2020-11-06 15:02:46.494,12944,12945,12945,1
2020-11-06 15:02:46.665,12944,12945,12945,1
2020-11-06 15:02:46.665,12944,12945,12946,4
2020-11-06 15:02:46.851,12944,12946,12945,1
2020-11-06 15:02:49.152,12944,12945,12944,8
2020-11-06 15:02:49.484,12943,12944,12943,1
2020-11-06 15:02:50.383,12943,12944,12943,1
2020-11-06 15:02:50.383,12943,12944,12943,1
2020-11-06 15:02:50.383,12943,12944,12943,4
2020-11-06 15:02:50.383,12943,12944,12943,7
2020-11-06 15:02:52.452,12942,12943,12942,1
2020-11-06 15:02:58.413,12942,12943,12942,1
2020-11-06 15:03:02.207,12942,12943,12942,10
2020-11-06 15:03:02.388,12942,12943,12942,1
2020-11-06 15:03:05.638,12942,12943,12942,9
2020-11-06 15:03:05.641,12942,12943,12941,11
2020-11-06 15:03:05.642,12942,12943,12941,1
2020-11-06 15:03:05.642,12942,12943,12941,5
2020-11-06 15:03:05.778,12940,12941,12940,4
2020-11-06 15:03:05.794,12940,12941,12940,1
2020-11-06 15:03:06.140,12940,12941,12940,1
2020-11-06 15:03:09.194,12940,12941,12940,1
2020-11-06 15:03:09.476,12940,12941,12940,1
2020-11-06 15:03:10.965,12940,12941,12940,1
2020-11-06 15:03:11.322,12939,12941,12941,1
2020-11-06 15:03:11.978,12939,12940,12939,1
2020-11-06 15:03:12.137,12939,12940,12939,4
2020-11-06 15:03:12.580,12939,12940,12939,3
2020-11-06 15:03:15.129,12938,12939,12939,1
2020-11-06 15:03:15.431,12938,12939,12938,1
2020-11-06 15:03:15.993,12938,12939,12939,1
2020-11-06 15:03:16.213,12938,12939,12938,1
2020-11-06 15:03:19.098,12938,12939,12939,1
2020-11-06 15:03:19.935,12938,12939,12938,1
2020-11-06 15:03:20.016,12938,12939,12938,1
2020-11-06 15:03:20.336,12938,12939,12939,1
2020-11-06 15:03:21.043,12938,12939,12939,1
2020-11-06 15:03:21.043,12938,12939,12939,2
2020-11-06 15:03:21.043,12938,12939,12939,4
2020-11-06 15:03:21.369,12939,12940,12939,1
2020-11-06 15:03:21.487,12939,12940,12939,5
2020-11-06 15:03:27.606,12939,12940,12939,2
2020-11-06 15:03:34.373,12939,12940,12940,9
2020-11-06 15:03:40.546,12940,12941,12941,1
2020-11-06 15:03:40.546,12940,12941,12941,1
2020-11-06 15:03:40.547,12940,12941,12941,2
2020-11-06 15:03:43.422,12940,12941,12940,2
2020-11-06 15:03:45.642,12940,12941,12941,1
2020-11-06 15:03:47.412,12940,12941,12941,6
2020-11-06 15:03:50.716,12940,12941,12941,1
2020-11-06 15:03:51.453,12940,12941,12941,3
2020-11-06 15:03:52.843,12941,12942,12941,1
2020-11-06 15:03:55.077,12941,12942,12942,1
2020-11-06 15:04:03.288,12942,12943,12942,2
2020-11-06 15:04:04.135,12941,12942,12942,1
2020-11-06 15:04:10.837,12941,12942,12942,1
2020-11-06 15:04:12.462,12941,12942,12941,1
2020-11-06 15:04:14.410,12941,12942,12942,1
2020-11-06 15:04:15.804,12941,12942,12942,1
2020-11-06 15:04:22.076,12941,12942,12942,1
2020-11-06 15:04:30.422,12941,12942,12942,1
2020-11-06 15:04:30.433,12941,12942,12942,3
2020-11-06 15:04:37.324,12942,12943,12943,1
2020-11-06 15:04:39.298,12942,12943,12942,1
2020-11-06 15:04:39.349,12942,12943,12942,1
2020-11-06 15:04:39.398,12942,12943,12942,1
2020-11-06 15:04:48.732,12941,12942,12942,1
2020-11-06 15:04:48.764,12942,12943,12942,1
2020-11-06 15:04:48.815,12942,12943,12942,1
2020-11-06 15:04:48.865,12942,12943,12942,1
2020-11-06 15:04:48.903,12942,12943,12942,1
2020-11-06 15:04:55.268,12942,12943,12943,1
2020-11-06 15:04:55.268,12942,12943,12943,1
2020-11-06 15:04:55.268,12942,12943,12943,1
2020-11-06 15:04:55.268,12942,12943,12943,2
2020-11-06 15:04:55.268,12942,12943,12943,1
2020-11-06 15:04:55.268,12942,12943,12943,4
2020-11-06 15:04:55.268,12942,12943,12943,1
2020-11-06 15:04:57.576,12943,12944,12944,1
2020-11-06 15:04:57.666,12943,12944,12944,3
2020-11-06 15:05:01.171,12944,12945,12945,1
2020-11-06 15:05:02.333,12944,12945,12945,5
2020-11-06 15:05:03.071,12944,12945,12945,1
2020-11-06 15:05:03.690,12944,12945,12945,1
2020-11-06 15:05:07.706,12944,12945,12945,1
2020-11-06 15:05:08.420,12944,12945,12945,29
2020-11-06 15:05:09.916,12945,12946,12946,3
2020-11-06 15:05:11.504,12945,12947,12945,1
2020-11-06 15:05:14.165,12946,12947,12947,7
2020-11-06 15:05:19.885,12947,12948,12948,1
2020-11-06 15:05:20.143,12947,12948,12948,1
2020-11-06 15:05:20.543,12947,12948,12948,2
2020-11-06 15:05:20.855,12947,12948,12948,1
2020-11-06 15:05:20.855,12947,12948,12948,1
2020-11-06 15:05:20.897,12947,12948,12948,1
2020-11-06 15:05:21.026,12947,12948,12948,1
2020-11-06 15:05:21.027,12947,12948,12948,1
2020-11-06 15:05:21.093,12947,12948,12948,1
2020-11-06 15:05:21.251,12947,12948,12948,1
2020-11-06 15:05:22.152,12947,12948,12948,5
2020-11-06 15:05:23.398,12948,12949,12949,1
2020-11-06 15:05:25.470,12948,12949,12948,3
2020-11-06 15:05:25.472,12948,12949,12948,7
2020-11-06 15:05:25.803,12947,12949,12947,1
2020-11-06 15:05:27.076,12948,12949,12948,1
2020-11-06 15:05:30.261,12947,12948,12947,1
2020-11-06 15:05:34.508,12947,12948,12947,1
2020-11-06 15:05:36.730,12947,12948,12947,1
2020-11-06 15:05:37.063,12947,12948,12947,1
2020-11-06 15:05:39.557,12947,12948,12948,4
2020-11-06 15:05:40.845,12948,12949,12948,1
2020-11-06 15:05:41.046,12948,12949,12949,1
2020-11-06 15:05:44.716,12948,12949,12948,1
2020-11-06 15:05:44.767,12948,12949,12948,1
2020-11-06 15:05:52.294,12948,12949,12949,1
2020-11-06 15:05:53.895,12948,12949,12949,2
2020-11-06 15:05:56.474,12948,12949,12949,1
2020-11-06 15:05:56.488,12948,12949,12949,1
2020-11-06 15:05:56.883,12948,12949,12949,1
2020-11-06 15:05:57.435,12948,12949,12949,1
2020-11-06 15:05:58.189,12948,12949,12949,1
2020-11-06 15:05:58.557,12948,12949,12949,1
2020-11-06 15:05:59.381,12948,12949,12949,1
2020-11-06 15:06:00.957,12948,12949,12949,5
2020-11-06 15:06:01.101,12948,12949,12949,7
2020-11-06 15:06:01.101,12948,12949,12950,3
2020-11-06 15:06:01.144,12948,12950,12950,1
2020-11-06 15:06:01.210,12948,12950,12950,1
2020-11-06 15:06:01.673,12949,12950,12950,1
2020-11-06 15:06:01.942,12949,12950,12950,5
2020-11-06 15:06:02.196,12949,12950,12950,1
2020-11-06 15:06:02.924,12949,12950,12950,1
2020-11-06 15:06:03.129,12949,12950,12950,1
2020-11-06 15:06:03.320,12949,12950,12950,1
2020-11-06 15:06:03.386,12949,12950,12949,1
2020-11-06 15:06:03.840,12949,12950,12950,1
2020-11-06 15:06:03.856,12949,12950,12950,1
2020-11-06 15:06:04.088,12949,12950,12950,1
2020-11-06 15:06:04.224,12949,12950,12950,1
2020-11-06 15:06:04.907,12949,12950,12949,1
2020-11-06 15:06:07.133,12949,12950,12949,2
2020-11-06 15:06:07.135,12949,12950,12949,1
2020-11-06 15:06:09.981,12949,12950,12950,1
2020-11-06 15:06:10.370,12949,12950,12949,1
2020-11-06 15:06:11.085,12949,12950,12949,1
2020-11-06 15:06:12.650,12949,12950,12950,1
2020-11-06 15:06:14.138,12949,12950,12950,1
2020-11-06 15:06:14.655,12949,12950,12949,1
2020-11-06 15:06:17.636,12949,12950,12949,2
2020-11-06 15:06:18.455,12949,12950,12950,1
2020-11-06 15:06:19.415,12949,12950,12949,1
2020-11-06 15:06:20.467,12949,12950,12950,1
2020-11-06 15:06:21.923,12949,12950,12949,4
2020-11-06 15:06:24.013,12949,12950,12950,1
2020-11-06 15:06:25.699,12949,12950,12949,2
2020-11-06 15:06:26.796,12949,12950,12949,1
2020-11-06 15:06:26.796,12949,12950,12949,3
2020-11-06 15:06:26.796,12949,12950,12949,1
2020-11-06 15:06:26.796,12949,12950,12949,1
2020-11-06 15:06:27.718,12948,12949,12948,8
2020-11-06 15:06:28.496,12947,12948,12947,1
2020-11-06 15:06:30.634,12947,12948,12948,1
2020-11-06 15:06:31.378,12947,12948,12947,7
2020-11-06 15:06:31.646,12947,12948,12947,1
2020-11-06 15:06:31.646,12947,12948,12947,1
2020-11-06 15:06:31.646,12947,12948,12947,2
2020-11-06 15:06:35.023,12946,12947,12947,4
2020-11-06 15:06:35.023,12946,12947,12948,11
2020-11-06 15:06:35.985,12947,12948,12947,1
2020-11-06 15:06:39.098,12946,12947,12947,2
2020-11-06 15:06:39.099,12946,12947,12947,2
2020-11-06 15:06:42.296,12946,12947,12946,1
2020-11-06 15:07:00.189,12947,12948,12947,2
2020-11-06 15:07:06.149,12947,12948,12947,1
2020-11-06 15:07:06.231,12947,12948,12947,5
2020-11-06 15:07:11.450,12947,12948,12947,4
2020-11-06 15:07:11.516,12946,12947,12947,1
2020-11-06 15:07:12.721,12946,12947,12947,1
2020-11-06 15:07:22.531,12946,12947,12947,1
2020-11-06 15:07:24.872,12946,12947,12947,1
2020-11-06 15:07:32.102,12947,12948,12948,9
2020-11-06 15:07:37.434,12948,12949,12948,2
2020-11-06 15:07:37.499,12948,12949,12948,2
2020-11-06 15:07:45.855,12947,12948,12947,1
2020-11-06 15:07:45.876,12947,12948,12948,1
2020-11-06 15:07:45.889,12947,12948,12947,1
2020-11-06 15:07:45.909,12947,12948,12947,1
2020-11-06 15:07:45.914,12947,12948,12947,2
2020-11-06 15:07:45.915,12947,12948,12947,1
2020-11-06 15:07:45.967,12947,12948,12948,1
2020-11-06 15:07:45.969,12947,12948,12948,1
2020-11-06 15:07:45.997,12947,12948,12948,1
2020-11-06 15:07:46.936,12946,12948,12948,1
2020-11-06 15:07:46.936,12946,12948,12948,1
2020-11-06 15:07:53.000,12946,12948,12946,1
2020-11-06 15:08:02.209,12947,12948,12948,3
2020-11-06 15:08:06.938,12948,12949,12948,1
2020-11-06 15:08:18.919,12948,12949,12948,1
2020-11-06 15:08:30.562,12948,12949,12948,1
2020-11-06 15:08:44.338,12947,12948,12947,1
2020-11-06 15:08:49.051,12947,12948,12947,1
2020-11-06 15:08:50.730,12947,12948,12947,4
2020-11-06 15:08:50.731,12947,12948,12947,2
2020-11-06 15:08:53.990,12946,12947,12946,6
2020-11-06 15:08:59.705,12946,12947,12946,2
2020-11-06 15:09:01.949,12945,12946,12945,8
2020-11-06 15:09:03.047,12944,12945,12945,1
2020-11-06 15:09:11.605,12944,12945,12945,1
2020-11-06 15:09:14.260,12944,12945,12945,2
2020-11-06 15:09:17.050,12944,12945,12945,4
2020-11-06 15:09:19.410,12945,12947,12945,1
2020-11-06 15:09:25.480,12944,12945,12944,1
2020-11-06 15:09:30.215,12944,12945,12944,1
2020-11-06 15:09:31.728,12944,12945,12945,3
2020-11-06 15:09:33.712,12944,12946,12945,1
2020-11-06 15:09:34.821,12944,12946,12944,5
2020-11-06 15:09:45.478,12944,12945,12945,1
2020-11-06 15:09:51.594,12944,12945,12945,1
2020-11-06 15:09:55.932,12945,12946,12946,2
2020-11-06 15:09:55.933,12945,12946,12946,1
2020-11-06 15:10:00.337,12946,12947,12946,2
2020-11-06 15:10:04.328,12946,12947,12946,1
2020-11-06 15:10:05.599,12946,12947,12947,5
2020-11-06 15:10:06.266,12947,12948,12948,1
2020-11-06 15:10:13.903,12947,12948,12947,1
2020-11-06 15:10:14.080,12947,12948,12948,1
2020-11-06 15:10:14.165,12947,12948,12948,7
2020-11-06 15:10:14.165,12947,12948,12948,2
2020-11-06 15:10:14.774,12948,12949,12949,3
2020-11-06 15:10:14.775,12948,12949,12949,1
2020-11-06 15:10:14.775,12948,12949,12949,2
2020-11-06 15:10:14.775,12948,12949,12949,11
2020-11-06 15:10:14.776,12948,12949,12949,1
2020-11-06 15:10:15.855,12949,12950,12949,1
2020-11-06 15:10:15.914,12949,12950,12950,1
2020-11-06 15:10:16.457,12949,12950,12949,1
2020-11-06 15:10:16.706,12949,12950,12950,1
2020-11-06 15:10:23.271,12949,12950,12950,2
2020-11-06 15:10:24.685,12949,12950,12950,1
2020-11-06 15:10:25.650,12949,12950,12949,2
2020-11-06 15:10:26.472,12949,12950,12949,1
2020-11-06 15:10:27.301,12948,12949,12949,1
2020-11-06 15:10:29.632,12948,12949,12948,2
2020-11-06 15:10:34.127,12947,12948,12948,2
2020-11-06 15:10:34.541,12947,12948,12948,2
2020-11-06 15:10:34.863,12947,12949,12947,1
2020-11-06 15:10:38.727,12948,12949,12949,1
2020-11-06 15:10:38.727,12948,12949,12949,1
2020-11-06 15:10:38.728,12948,12949,12949,3
2020-11-06 15:10:38.728,12948,12949,12949,2
2020-11-06 15:10:38.728,12948,12949,12949,1
2020-11-06 15:10:38.764,12949,12950,12949,1
2020-11-06 15:10:38.815,12949,12950,12949,1
2020-11-06 15:10:38.865,12949,12950,12949,1
2020-11-06 15:10:42.224,12948,12949,12948,1
2020-11-06 15:10:45.925,12948,12949,12948,1
2020-11-06 15:10:47.520,12947,12948,12948,1
2020-11-06 15:10:49.363,12947,12949,12949,1
2020-11-06 15:10:49.368,12947,12949,12949,1
2020-11-06 15:10:50.964,12948,12949,12949,1
2020-11-06 15:10:56.275,12948,12949,12949,1
2020-11-06 15:10:56.622,12948,12949,12949,2
2020-11-06 15:10:57.102,12948,12949,12949,2
2020-11-06 15:10:58.654,12949,12950,12949,2
2020-11-06 15:11:00.413,12949,12950,12949,1
2020-11-06 15:11:00.619,12948,12950,12950,1
2020-11-06 15:11:01.991,12949,12950,12949,1
2020-11-06 15:11:02.446,12948,12949,12949,1
2020-11-06 15:11:06.476,12948,12950,12950,2
2020-11-06 15:11:07.458,12949,12950,12950,1
2020-11-06 15:11:17.271,12949,12950,12950,2
2020-11-06 15:11:18.339,12949,12950,12950,1
2020-11-06 15:11:20.321,12949,12950,12949,1
2020-11-06 15:11:24.974,12949,12950,12949,1
2020-11-06 15:11:25.438,12948,12949,12949,1
2020-11-06 15:11:30.358,12948,12949,12948,2
2020-11-06 15:11:48.693,12948,12949,12949,2
2020-11-06 15:11:55.497,12948,12949,12949,1
2020-11-06 15:11:55.994,12948,12949,12949,1
2020-11-06 15:12:11.271,12949,12950,12950,2
2020-11-06 15:12:21.060,12949,12950,12950,3
2020-11-06 15:12:24.012,12949,12950,12950,1
2020-11-06 15:12:27.445,12949,12950,12949,4
2020-11-06 15:12:27.832,12948,12949,12949,2
2020-11-06 15:12:32.264,12948,12949,12949,1
2020-11-06 15:12:33.208,12948,12949,12949,1
2020-11-06 15:12:45.303,12949,12950,12949,1
2020-11-06 15:12:45.303,12949,12950,12949,2
2020-11-06 15:12:46.350,12948,12949,12948,2
2020-11-06 15:12:46.350,12948,12949,12948,9
2020-11-06 15:12:47.505,12947,12949,12949,1
2020-11-06 15:12:55.630,12948,12949,12949,1
2020-11-06 15:12:55.762,12948,12949,12948,1
2020-11-06 15:12:58.470,12948,12949,12948,1
2020-11-06 15:13:04.163,12947,12948,12947,3
2020-11-06 15:13:04.163,12947,12948,12947,1
2020-11-06 15:13:06.251,12946,12948,12948,1
2020-11-06 15:13:10.599,12947,12948,12948,1
2020-11-06 15:13:11.070,12947,12948,12948,4
2020-11-06 15:13:21.872,12948,12949,12948,1
2020-11-06 15:13:24.171,12948,12949,12948,1
2020-11-06 15:13:25.820,12947,12948,12948,1
2020-11-06 15:13:26.102,12947,12948,12948,1
2020-11-06 15:13:27.615,12947,12948,12947,1
2020-11-06 15:13:28.356,12946,12947,12947,1
2020-11-06 15:13:30.870,12946,12947,12946,5
2020-11-06 15:13:32.603,12946,12947,12946,1
2020-11-06 15:13:38.224,12945,12946,12946,1
2020-11-06 15:13:42.914,12945,12946,12946,4
2020-11-06 15:13:44.929,12946,12947,12946,1
2020-11-06 15:13:48.819,12946,12947,12946,1
2020-11-06 15:13:49.670,12946,12947,12946,1
2020-11-06 15:13:49.954,12946,12947,12946,1
2020-11-06 15:13:50.318,12945,12947,12947,1
2020-11-06 15:14:12.392,12945,12946,12945,3
2020-11-06 15:14:12.393,12945,12946,12945,10
2020-11-06 15:14:14.685,12944,12945,12944,5
2020-11-06 15:14:15.011,12943,12944,12944,2
2020-11-06 15:14:15.051,12943,12944,12944,1
2020-11-06 15:14:16.748,12944,12945,12944,1
2020-11-06 15:14:19.181,12943,12944,12944,1
2020-11-06 15:14:20.643,12943,12944,12944,2
2020-11-06 15:14:22.704,12943,12945,12945,1
2020-11-06 15:14:23.896,12944,12945,12944,2
2020-11-06 15:14:25.884,12943,12944,12943,1
2020-11-06 15:14:26.027,12943,12944,12943,4
2020-11-06 15:14:26.029,12943,12944,12943,8
2020-11-06 15:14:26.029,12943,12944,12943,9
2020-11-06 15:14:26.261,12942,12944,12944,1
2020-11-06 15:14:26.386,12942,12944,12944,1
2020-11-06 15:14:27.424,12943,12944,12943,1
2020-11-06 15:14:32.651,12943,12944,12944,1
2020-11-06 15:14:33.319,12944,12945,12944,1
2020-11-06 15:14:33.464,12944,12945,12944,1
2020-11-06 15:14:34.089,12944,12945,12944,1
2020-11-06 15:14:38.163,12943,12945,12943,1
2020-11-06 15:14:40.474,12943,12944,12943,1
2020-11-06 15:14:40.745,12943,12944,12943,1
2020-11-06 15:14:41.670,12943,12944,12943,1
2020-11-06 15:14:41.824,12943,12944,12943,1
2020-11-06 15:14:43.713,12943,12944,12943,1
2020-11-06 15:14:44.160,12943,12944,12944,1
2020-11-06 15:14:46.862,12943,12944,12943,4
2020-11-06 15:14:47.184,12943,12944,12943,1
2020-11-06 15:14:47.927,12943,12944,12943,1
2020-11-06 15:14:51.867,12943,12944,12943,1
2020-11-06 15:14:52.446,12943,12944,12943,1
2020-11-06 15:14:53.667,12942,12944,12942,1
2020-11-06 15:14:53.838,12942,12944,12942,1
2020-11-06 15:14:58.923,12943,12944,12943,1
2020-11-06 15:15:00.415,12943,12944,12943,1
2020-11-06 15:15:01.079,12943,12944,12944,5
2020-11-06 15:15:01.079,12943,12944,12944,5
2020-11-06 15:15:01.894,12943,12944,12943,1
2020-11-06 15:15:12.215,12943,12944,12944,6
2020-11-06 15:15:16.015,12944,12945,12944,1
2020-11-06 15:15:16.420,12944,12945,12945,1
2020-11-06 15:15:16.420,12944,12945,12945,4
2020-11-06 15:15:17.050,12944,12946,12944,8
2020-11-06 15:15:19.961,12944,12946,12944,1
2020-11-06 15:15:23.764,12944,12945,12945,1
2020-11-06 15:15:29.321,12945,12946,12945,1
2020-11-06 15:15:35.381,12945,12946,12945,1
2020-11-06 15:15:38.741,12944,12945,12945,1
2020-11-06 15:15:46.817,12944,12945,12945,1
2020-11-06 15:15:51.058,12945,12946,12945,1
2020-11-06 15:15:51.762,12944,12946,12946,1
2020-11-06 15:15:55.331,12944,12945,12944,5
2020-11-06 15:16:00.792,12943,12944,12944,1
2020-11-06 15:16:06.503,12944,12945,12944,1
2020-11-06 15:16:09.322,12943,12944,12944,1
2020-11-06 15:16:21.014,12945,12946,12945,1
2020-11-06 15:16:28.638,12944,12946,12944,1
2020-11-06 15:16:32.419,12944,12946,12944,1
2020-11-06 15:16:44.717,12945,12946,12946,7
2020-11-06 15:16:44.717,12945,12946,12946,1
2020-11-06 15:16:45.066,12946,12947,12946,3
2020-11-06 15:16:45.066,12946,12947,12945,2
2020-11-06 15:16:47.859,12945,12946,12945,1
2020-11-06 15:16:51.769,12945,12946,12945,4
2020-11-06 15:16:52.649,12944,12945,12945,1
2020-11-06 15:16:54.286,12945,12946,12945,5
2020-11-06 15:16:55.633,12945,12946,12945,5
2020-11-06 15:16:56.646,12945,12946,12945,5
2020-11-06 15:16:57.632,12945,12946,12945,5
2020-11-06 15:16:58.617,12945,12946,12945,5
2020-11-06 15:17:08.390,12944,12946,12944,3
2020-11-06 15:17:26.931,12944,12945,12944,3
2020-11-06 15:17:28.259,12943,12945,12944,2
2020-11-06 15:17:30.242,12943,12944,12943,4
2020-11-06 15:17:30.242,12943,12944,12943,6
2020-11-06 15:17:35.232,12942,12944,12943,1
2020-11-06 15:17:41.042,12942,12943,12942,1
2020-11-06 15:17:50.291,12942,12943,12943,3
2020-11-06 15:18:02.826,12942,12943,12943,4
2020-11-06 15:18:02.826,12942,12943,12943,2
2020-11-06 15:18:03.150,12943,12944,12943,1
2020-11-06 15:18:08.994,12943,12944,12943,1
2020-11-06 15:18:09.649,12943,12944,12943,1
2020-11-06 15:18:11.589,12942,12943,12943,2
2020-11-06 15:18:20.948,12943,12944,12943,2
2020-11-06 15:18:23.132,12943,12944,12944,2
2020-11-06 15:18:24.495,12943,12944,12944,1
2020-11-06 15:18:28.377,12943,12944,12943,1
2020-11-06 15:18:30.281,12943,12944,12944,4
2020-11-06 15:18:34.791,12943,12945,12943,14
2020-11-06 15:18:34.792,12943,12945,12943,1
2020-11-06 15:19:04.187,12943,12944,12943,3
2020-11-06 15:19:12.604,12943,12944,12943,1
2020-11-06 15:19:23.536,12943,12944,12943,5
2020-11-06 15:19:25.106,12943,12944,12943,5
2020-11-06 15:19:27.457,12943,12944,12943,3
2020-11-06 15:19:27.458,12943,12944,12943,1
2020-11-06 15:19:27.459,12943,12944,12943,1
2020-11-06 15:19:31.827,12942,12943,12943,1
2020-11-06 15:19:35.836,12942,12943,12943,1
2020-11-06 15:19:39.895,12942,12943,12942,5
2020-11-06 15:19:41.250,12942,12943,12943,1
2020-11-06 15:19:41.419,12942,12943,12943,1
2020-11-06 15:19:50.294,12942,12943,12943,1
2020-11-06 15:19:50.573,12942,12943,12943,1
2020-11-06 15:19:50.615,12942,12943,12943,1
2020-11-06 15:19:50.690,12942,12943,12943,1
2020-11-06 15:19:50.862,12942,12943,12943,2
2020-11-06 15:19:53.639,12943,12944,12943,5
2020-11-06 15:19:56.368,12943,12944,12943,5
2020-11-06 15:19:58.623,12943,12944,12943,5
2020-11-06 15:19:59.270,12942,12944,12943,1
2020-11-06 15:20:00.154,12942,12944,12942,3
2020-11-06 15:20:00.265,12942,12943,12942,1
2020-11-06 15:20:01.028,12942,12943,12942,5
2020-11-06 15:20:07.425,12942,12943,12942,5
2020-11-06 15:20:14.062,12942,12944,12944,2
2020-11-06 15:20:18.727,12943,12945,12945,5
2020-11-06 15:20:20.154,12945,12946,12945,4
2020-11-06 15:20:20.155,12945,12946,12945,1
2020-11-06 15:20:20.791,12944,12946,12946,1
2020-11-06 15:20:24.792,12944,12946,12946,3
2020-11-06 15:20:24.795,12944,12946,12946,5
2020-11-06 15:20:25.838,12946,12947,12946,5
2020-11-06 15:20:27.537,12945,12947,12947,1
2020-11-06 15:20:27.868,12945,12947,12946,5
2020-11-06 15:20:27.971,12945,12947,12947,1
2020-11-06 15:20:28.900,12945,12947,12947,3
2020-11-06 15:20:29.791,12946,12947,12946,5
2020-11-06 15:20:30.840,12945,12947,12947,1
2020-11-06 15:20:31.394,12946,12947,12946,5
2020-11-06 15:20:31.394,12946,12947,12946,1
2020-11-06 15:20:31.843,12946,12947,12947,4
2020-11-06 15:20:33.220,12946,12947,12947,1
2020-11-06 15:20:33.707,12946,12947,12947,3
2020-11-06 15:20:34.211,12946,12948,12948,1
2020-11-06 15:20:35.511,12947,12948,12947,4
2020-11-06 15:20:35.512,12947,12948,12947,1
2020-11-06 15:20:36.608,12946,12948,12948,3
2020-11-06 15:20:38.708,12946,12947,12947,2
2020-11-06 15:20:39.923,12946,12948,12948,1
2020-11-06 15:20:40.097,12946,12948,12948,2
2020-11-06 15:20:43.871,12946,12947,12947,1
2020-11-06 15:20:47.372,12946,12947,12947,1
2020-11-06 15:20:50.308,12946,12947,12947,1
2020-11-06 15:20:53.260,12946,12947,12946,5
2020-11-06 15:20:53.806,12946,12947,12946,4
2020-11-06 15:20:53.807,12946,12947,12946,1
2020-11-06 15:20:53.807,12946,12947,12946,2
2020-11-06 15:20:53.807,12946,12947,12946,1
2020-11-06 15:20:53.807,12946,12947,12946,4
2020-11-06 15:20:57.215,12945,12946,12945,1
2020-11-06 15:20:57.722,12945,12946,12946,1
2020-11-06 15:21:00.371,12945,12946,12946,1
2020-11-06 15:21:00.585,12945,12946,12946,1
2020-11-06 15:21:00.587,12945,12946,12946,2
2020-11-06 15:21:02.227,12946,12947,12946,1
2020-11-06 15:21:08.376,12945,12946,12946,1
2020-11-06 15:21:13.260,12945,12946,12945,5
2020-11-06 15:21:16.740,12945,12946,12945,5
2020-11-06 15:21:19.204,12945,12946,12945,2
2020-11-06 15:21:19.565,12944,12945,12945,1
2020-11-06 15:21:22.064,12944,12945,12945,2
2020-11-06 15:21:23.702,12945,12946,12945,3
2020-11-06 15:21:27.472,12945,12946,12945,4
2020-11-06 15:21:27.473,12945,12946,12945,1
2020-11-06 15:21:30.072,12945,12946,12945,2
2020-11-06 15:21:35.512,12945,12946,12946,1
2020-11-06 15:21:35.756,12945,12946,12945,2
2020-11-06 15:21:39.295,12945,12946,12945,1
2020-11-06 15:21:39.539,12945,12946,12946,10
2020-11-06 15:21:41.333,12946,12947,12947,2
2020-11-06 15:21:47.570,12947,12948,12948,1
2020-11-06 15:21:50.139,12947,12948,12948,1
2020-11-06 15:21:52.151,12947,12948,12948,2
2020-11-06 15:21:52.152,12947,12948,12948,3
2020-11-06 15:21:57.246,12948,12949,12948,1
2020-11-06 15:22:13.517,12948,12949,12949,10
2020-11-06 15:22:22.200,12948,12949,12948,4
2020-11-06 15:22:22.200,12948,12949,12948,4
2020-11-06 15:22:22.688,12947,12948,12948,1
2020-11-06 15:22:29.158,12947,12948,12948,1
2020-11-06 15:22:42.019,12947,12948,12948,2
2020-11-06 15:22:45.137,12947,12948,12947,2
2020-11-06 15:22:50.567,12946,12948,12946,1
2020-11-06 15:23:00.870,12946,12947,12947,1
2020-11-06 15:23:06.875,12946,12947,12947,1
2020-11-06 15:23:13.159,12946,12948,12948,1
2020-11-06 15:23:15.821,12947,12948,12947,1
2020-11-06 15:23:18.567,12947,12948,12947,1
2020-11-06 15:23:22.172,12947,12948,12948,2
2020-11-06 15:23:22.172,12947,12948,12948,2
2020-11-06 15:23:28.160,12948,12949,12949,7
2020-11-06 15:23:28.687,12949,12950,12949,2
2020-11-06 15:23:32.245,12949,12950,12949,1
2020-11-06 15:23:32.719,12949,12950,12950,5
2020-11-06 15:23:33.824,12949,12950,12950,1
2020-11-06 15:23:34.064,12949,12950,12950,2
2020-11-06 15:23:40.781,12949,12950,12950,3
2020-11-06 15:23:41.647,12949,12950,12950,1
2020-11-06 15:23:42.003,12949,12950,12950,2
2020-11-06 15:23:42.674,12949,12950,12950,2
2020-11-06 15:23:43.522,12949,12950,12950,1
2020-11-06 15:23:43.916,12949,12950,12950,7
2020-11-06 15:23:44.961,12949,12951,12951,1
2020-11-06 15:23:45.460,12949,12951,12951,2
2020-11-06 15:23:46.079,12949,12951,12951,1
2020-11-06 15:23:46.686,12949,12951,12950,1
2020-11-06 15:23:47.181,12949,12951,12950,1
2020-11-06 15:23:47.298,12949,12951,12951,1
2020-11-06 15:23:48.408,12950,12951,12951,5
2020-11-06 15:23:48.410,12950,12951,12951,4
2020-11-06 15:23:49.580,12949,12951,12950,2
2020-11-06 15:23:51.946,12950,12951,12951,8
2020-11-06 15:23:51.947,12950,12951,12951,7
2020-11-06 15:23:52.340,12950,12951,12951,1
2020-11-06 15:23:54.688,12950,12951,12950,4
2020-11-06 15:23:54.756,12950,12951,12951,7
2020-11-06 15:23:56.542,12950,12951,12950,1
2020-11-06 15:23:57.617,12949,12950,12950,1
2020-11-06 15:23:57.617,12949,12950,12951,1
2020-11-06 15:24:05.185,12950,12951,12950,3
2020-11-06 15:24:05.471,12950,12951,12950,1
2020-11-06 15:24:05.751,12950,12951,12950,4
2020-11-06 15:24:13.712,12950,12951,12950,1
2020-11-06 15:24:13.712,12950,12951,12950,2
2020-11-06 15:24:13.712,12950,12951,12950,1
2020-11-06 15:24:14.337,12949,12950,12950,1
2020-11-06 15:24:14.390,12949,12950,12950,1
2020-11-06 15:24:15.183,12949,12950,12950,1
2020-11-06 15:24:17.029,12950,12951,12950,1
2020-11-06 15:24:26.476,12949,12950,12949,1
2020-11-06 15:24:27.399,12949,12950,12949,1
2020-11-06 15:24:35.757,12949,12950,12949,1
2020-11-06 15:24:37.894,12949,12950,12949,1
2020-11-06 15:24:38.994,12949,12950,12949,1
2020-11-06 15:24:39.016,12949,12950,12950,1
2020-11-06 15:24:41.755,12949,12950,12950,2
2020-11-06 15:24:46.853,12949,12950,12950,1
2020-11-06 15:24:51.911,12949,12950,12949,5
2020-11-06 15:24:52.198,12949,12950,12949,5
2020-11-06 15:24:53.132,12949,12950,12949,2
2020-11-06 15:24:53.477,12948,12949,12949,1
2020-11-06 15:24:53.477,12948,12949,12949,2
2020-11-06 15:24:54.720,12949,12950,12949,5
2020-11-06 15:25:02.752,12949,12950,12949,1
2020-11-06 15:25:02.952,12948,12949,12949,1
2020-11-06 15:25:02.952,12948,12949,12949,3
2020-11-06 15:25:03.954,12949,12950,12949,5
2020-11-06 15:25:04.608,12948,12949,12949,1
2020-11-06 15:25:04.761,12948,12949,12949,2
2020-11-06 15:25:05.380,12949,12950,12949,5
2020-11-06 15:25:14.090,12949,12950,12950,1
2020-11-06 15:25:22.849,12949,12950,12949,1
2020-11-06 15:25:31.337,12949,12950,12950,1
2020-11-06 15:25:34.473,12949,12950,12949,1
2020-11-06 15:25:34.559,12949,12950,12949,2
2020-11-06 15:25:49.441,12948,12950,12948,1
2020-11-06 15:25:52.659,12948,12950,12948,1
2020-11-06 15:25:58.240,12948,12949,12949,1
2020-11-06 15:25:58.240,12948,12949,12949,2
2020-11-06 15:26:00.302,12948,12949,12949,2
2020-11-06 15:26:02.381,12949,12950,12950,1
2020-11-06 15:26:03.842,12949,12950,12950,2
2020-11-06 15:26:07.656,12949,12950,12950,1
2020-11-06 15:26:10.069,12949,12950,12950,10
2020-11-06 15:26:10.069,12949,12950,12950,1
2020-11-06 15:26:10.140,12949,12951,12949,1
2020-11-06 15:26:14.022,12949,12950,12950,1
2020-11-06 15:26:15.804,12949,12950,12950,3
2020-11-06 15:26:15.804,12949,12950,12950,1
2020-11-06 15:26:15.804,12949,12950,12950,1
2020-11-06 15:26:16.927,12949,12950,12950,7
2020-11-06 15:26:16.928,12949,12950,12950,4
2020-11-06 15:26:16.928,12949,12950,12950,1
2020-11-06 15:26:16.929,12949,12950,12950,1
2020-11-06 15:26:16.929,12949,12950,12950,2
2020-11-06 15:26:17.592,12950,12951,12950,1
2020-11-06 15:26:27.959,12949,12950,12950,1
2020-11-06 15:26:28.078,12950,12951,12951,1
2020-11-06 15:26:28.460,12950,12951,12951,1
2020-11-06 15:26:28.544,12950,12951,12951,1
2020-11-06 15:26:29.048,12950,12951,12951,1
2020-11-06 15:26:30.832,12950,12951,12951,1
2020-11-06 15:26:32.862,12950,12951,12950,1
2020-11-06 15:26:33.718,12950,12951,12951,1
2020-11-06 15:26:33.906,12950,12951,12951,1
2020-11-06 15:26:34.895,12950,12951,12951,1
2020-11-06 15:26:34.989,12950,12951,12951,1
2020-11-06 15:26:37.179,12950,12951,12951,1
2020-11-06 15:26:37.486,12950,12951,12950,1
2020-11-06 15:26:38.740,12950,12951,12951,1
2020-11-06 15:26:38.741,12950,12951,12951,1
2020-11-06 15:26:41.140,12950,12951,12951,4
2020-11-06 15:26:43.790,12950,12951,12950,1
2020-11-06 15:26:47.043,12950,12951,12950,1
2020-11-06 15:26:50.727,12950,12951,12951,2
2020-11-06 15:26:58.225,12950,12951,12950,1
2020-11-06 15:26:58.980,12950,12951,12951,2
2020-11-06 15:27:01.132,12951,12952,12951,3
2020-11-06 15:27:01.466,12950,12951,12951,1
2020-11-06 15:27:02.299,12950,12951,12951,7
2020-11-06 15:27:06.014,12951,12952,12952,1
2020-11-06 15:27:06.193,12951,12952,12952,1
2020-11-06 15:27:06.195,12951,12952,12952,1
2020-11-06 15:27:06.195,12951,12952,12952,1
2020-11-06 15:27:06.195,12951,12952,12952,1
2020-11-06 15:27:06.195,12951,12952,12952,1
2020-11-06 15:27:06.195,12951,12952,12952,1
2020-11-06 15:27:06.573,12951,12952,12952,1
2020-11-06 15:27:06.773,12951,12952,12952,2
2020-11-06 15:27:06.912,12951,12952,12952,1
2020-11-06 15:27:08.315,12951,12952,12952,4
2020-11-06 15:27:08.315,12951,12952,12952,3
2020-11-06 15:27:12.639,12952,12953,12953,24
2020-11-06 15:27:12.639,12952,12953,12953,18
2020-11-06 15:27:13.033,12952,12954,12952,2
2020-11-06 15:27:16.660,12952,12954,12954,1
2020-11-06 15:27:16.886,12952,12954,12954,5
2020-11-06 15:27:17.024,12952,12954,12952,2
2020-11-06 15:27:17.028,12952,12954,12954,1
2020-11-06 15:27:17.332,12953,12954,12954,1
2020-11-06 15:27:17.365,12953,12954,12954,38
2020-11-06 15:27:18.620,12954,12955,12955,1
2020-11-06 15:27:18.805,12954,12955,12954,1
2020-11-06 15:27:19.027,12954,12955,12955,4
2020-11-06 15:27:19.178,12954,12955,12955,2
2020-11-06 15:27:20.460,12954,12955,12954,1
2020-11-06 15:27:20.525,12953,12955,12955,25
2020-11-06 15:27:21.137,12954,12955,12954,1
2020-11-06 15:27:21.897,12953,12955,12955,1
2020-11-06 15:27:23.186,12953,12955,12953,1
2020-11-06 15:27:24.098,12953,12955,12955,2
2020-11-06 15:27:25.427,12955,12956,12956,2
2020-11-06 15:27:25.628,12955,12956,12956,1
2020-11-06 15:27:25.776,12955,12956,12956,1
2020-11-06 15:27:25.835,12955,12956,12956,2
2020-11-06 15:27:26.180,12955,12956,12956,1
2020-11-06 15:27:26.406,12955,12956,12956,1
2020-11-06 15:27:26.641,12955,12956,12956,1
2020-11-06 15:27:27.255,12955,12956,12956,1
2020-11-06 15:27:27.598,12955,12956,12956,1
2020-11-06 15:27:28.008,12955,12956,12956,1
2020-11-06 15:27:28.426,12955,12956,12956,2
2020-11-06 15:27:28.881,12955,12956,12956,1
2020-11-06 15:27:28.912,12955,12956,12956,1
2020-11-06 15:27:29.193,12955,12956,12956,1
2020-11-06 15:27:29.245,12955,12956,12956,1
2020-11-06 15:27:29.615,12955,12956,12956,2
2020-11-06 15:27:29.792,12955,12956,12956,1
2020-11-06 15:27:30.664,12955,12956,12956,1
2020-11-06 15:27:31.518,12956,12957,12956,1
2020-11-06 15:27:31.587,12956,12957,12957,1
2020-11-06 15:27:32.110,12956,12957,12957,1
2020-11-06 15:27:32.131,12956,12957,12957,1
2020-11-06 15:27:33.058,12956,12957,12957,1
2020-11-06 15:27:33.341,12956,12957,12957,1
2020-11-06 15:27:33.670,12956,12957,12956,10
2020-11-06 15:27:33.671,12956,12957,12956,4
2020-11-06 15:27:33.671,12956,12957,12956,3
2020-11-06 15:27:38.388,12955,12956,12956,1
2020-11-06 15:27:38.743,12955,12956,12956,3
2020-11-06 15:27:40.647,12956,12957,12957,1
2020-11-06 15:27:40.976,12956,12957,12956,1
2020-11-06 15:27:41.428,12955,12957,12957,1
2020-11-06 15:27:47.113,12955,12956,12956,5
2020-11-06 15:27:47.113,12955,12956,12956,1
2020-11-06 15:27:47.114,12955,12956,12956,1
2020-11-06 15:27:47.432,12955,12957,12955,1
2020-11-06 15:27:47.642,12955,12957,12955,1
2020-11-06 15:27:48.065,12955,12957,12955,1
2020-11-06 15:27:50.235,12956,12957,12956,1
2020-11-06 15:27:55.161,12955,12956,12956,1
2020-11-06 15:27:57.435,12956,12957,12957,10
2020-11-06 15:27:57.468,12956,12957,12957,1
2020-11-06 15:28:00.871,12955,12956,12956,2
2020-11-06 15:28:03.977,12956,12957,12956,1
2020-11-06 15:28:05.788,12955,12957,12957,1
2020-11-06 15:28:06.174,12955,12957,12957,1
2020-11-06 15:28:07.207,12955,12957,12955,1
2020-11-06 15:28:07.265,12955,12956,12956,1
2020-11-06 15:28:08.810,12955,12956,12956,2
2020-11-06 15:28:10.408,12955,12956,12956,1
2020-11-06 15:28:10.892,12955,12956,12956,1
2020-11-06 15:28:11.562,12955,12956,12956,4
2020-11-06 15:28:11.567,12955,12956,12956,2
2020-11-06 15:28:16.188,12955,12956,12955,1
2020-11-06 15:28:17.405,12955,12956,12956,2
2020-11-06 15:28:19.552,12955,12956,12956,1
2020-11-06 15:28:21.019,12955,12956,12955,24
2020-11-06 15:28:21.869,12954,12955,12955,2
2020-11-06 15:28:22.826,12954,12955,12955,1
2020-11-06 15:28:24.363,12954,12955,12954,1
2020-11-06 15:28:25.701,12954,12955,12954,1
2020-11-06 15:28:27.584,12953,12955,12955,1
2020-11-06 15:28:28.397,12953,12955,12955,5
2020-11-06 15:28:29.001,12953,12955,12955,1
2020-11-06 15:28:29.617,12953,12955,12955,2
2020-11-06 15:28:31.016,12953,12955,12955,5
2020-11-06 15:28:32.080,12953,12955,12955,2
2020-11-06 15:28:33.225,12953,12955,12953,6
2020-11-06 15:28:34.292,12953,12954,12954,4
2020-11-06 15:28:34.292,12953,12954,12955,1
2020-11-06 15:28:36.173,12954,12955,12955,3
2020-11-06 15:28:36.786,12954,12955,12955,3
2020-11-06 15:28:39.432,12954,12955,12955,1
2020-11-06 15:28:40.765,12954,12955,12955,1
2020-11-06 15:28:40.845,12954,12955,12954,1
2020-11-06 15:28:44.645,12955,12956,12955,3
2020-11-06 15:28:44.711,12955,12956,12954,1
2020-11-06 15:28:46.654,12955,12956,12955,1
2020-11-06 15:28:48.409,12954,12955,12955,1
2020-11-06 15:28:49.459,12955,12956,12956,3
2020-11-06 15:28:49.682,12955,12956,12956,1
2020-11-06 15:28:51.962,12955,12956,12956,1
2020-11-06 15:28:52.006,12955,12956,12955,1
2020-11-06 15:29:02.414,12955,12956,12956,2
2020-11-06 15:29:03.180,12956,12957,12956,1
2020-11-06 15:29:03.488,12955,12957,12957,1
2020-11-06 15:29:03.604,12956,12957,12956,1
2020-11-06 15:29:09.116,12956,12957,12956,1
2020-11-06 15:29:09.623,12956,12957,12956,1
2020-11-06 15:29:11.170,12956,12957,12956,1
2020-11-06 15:29:11.319,12956,12957,12957,5
2020-11-06 15:29:15.387,12956,12957,12957,2
2020-11-06 15:29:17.734,12956,12957,12957,2
2020-11-06 15:29:18.059,12957,12958,12957,1
2020-11-06 15:29:18.777,12957,12958,12957,1
2020-11-06 15:29:21.243,12957,12958,12958,5
2020-11-06 15:29:21.611,12957,12958,12958,1
2020-11-06 15:29:21.706,12957,12958,12958,1
2020-11-06 15:29:21.750,12957,12958,12958,5
2020-11-06 15:29:22.077,12957,12958,12957,1
2020-11-06 15:29:26.445,12957,12958,12957,2
2020-11-06 15:29:31.689,12957,12958,12957,1
2020-11-06 15:29:33.708,12957,12958,12958,4
2020-11-06 15:29:34.653,12957,12958,12958,1
2020-11-06 15:29:36.095,12957,12958,12958,2
2020-11-06 15:29:40.418,12957,12958,12958,1
2020-11-06 15:29:41.358,12957,12958,12958,1
2020-11-06 15:29:41.913,12957,12958,12958,1
2020-11-06 15:29:45.147,12957,12958,12958,1
2020-11-06 15:29:45.618,12957,12958,12958,8
2020-11-06 15:29:45.843,12957,12958,12958,1
2020-11-06 15:29:46.711,12957,12958,12958,1
2020-11-06 15:29:47.701,12957,12958,12958,1
2020-11-06 15:29:50.438,12957,12958,12957,1
2020-11-06 15:29:51.817,12957,12958,12957,4
2020-11-06 15:29:51.817,12957,12958,12957,27
2020-11-06 15:29:52.893,12956,12957,12956,1
2020-11-06 15:29:56.130,12956,12957,12957,3
2020-11-06 15:29:56.748,12956,12957,12957,1
2020-11-06 15:30:01.070,12957,12958,12958,1
2020-11-06 15:30:01.071,12957,12958,12958,9
2020-11-06 15:30:01.071,12957,12958,12958,4
2020-11-06 15:30:01.071,12957,12958,12958,1
2020-11-06 15:30:01.071,12957,12958,12958,2
2020-11-06 15:30:01.632,12958,12959,12959,1
2020-11-06 15:30:01.636,12958,12959,12959,1
2020-11-06 15:30:01.671,12958,12959,12959,1
2020-11-06 15:30:01.675,12958,12959,12958,1
2020-11-06 15:30:01.936,12958,12959,12959,4
2020-11-06 15:30:02.123,12958,12959,12958,1
2020-11-06 15:30:02.140,12958,12959,12959,1
2020-11-06 15:30:02.629,12958,12959,12959,1
2020-11-06 15:30:05.249,12958,12959,12959,1
2020-11-06 15:30:06.549,12958,12959,12958,1
2020-11-06 15:30:08.710,12957,12958,12957,1
2020-11-06 15:30:09.182,12957,12958,12958,1
2020-11-06 15:30:09.884,12958,12959,12958,1
2020-11-06 15:30:10.026,12957,12958,12958,1
2020-11-06 15:30:10.377,12958,12959,12958,1
2020-11-06 15:30:10.696,12958,12959,12959,9
2020-11-06 15:30:10.696,12958,12959,12959,2
2020-11-06 15:30:10.696,12958,12959,12959,2
2020-11-06 15:30:13.273,12958,12960,12960,1
2020-11-06 15:30:13.432,12958,12960,12960,3
2020-11-06 15:30:13.597,12958,12960,12960,3
2020-11-06 15:30:13.777,12958,12960,12960,4
2020-11-06 15:30:13.796,12958,12960,12960,1
2020-11-06 15:30:13.830,12958,12960,12960,1
2020-11-06 15:30:14.060,12958,12960,12960,1
2020-11-06 15:30:14.512,12958,12960,12958,5
2020-11-06 15:30:14.605,12958,12960,12960,4
2020-11-06 15:30:14.703,12958,12960,12960,1
2020-11-06 15:30:15.207,12958,12960,12960,1
2020-11-06 15:30:15.217,12958,12960,12960,1
2020-11-06 15:30:15.219,12958,12960,12960,1
2020-11-06 15:30:15.566,12958,12960,12959,1
2020-11-06 15:30:18.435,12958,12959,12959,1
2020-11-06 15:30:19.648,12958,12959,12959,3
2020-11-06 15:30:19.765,12959,12960,12960,1
2020-11-06 15:30:20.258,12959,12960,12959,1
2020-11-06 15:30:20.366,12958,12960,12960,7
2020-11-06 15:30:20.695,12959,12960,12960,1
2020-11-06 15:30:23.007,12959,12960,12960,1
2020-11-06 15:30:23.569,12959,12960,12959,2
2020-11-06 15:30:24.228,12958,12960,12960,1
2020-11-06 15:30:24.356,12959,12960,12959,1
2020-11-06 15:30:31.319,12958,12959,12958,1
2020-11-06 15:30:31.442,12958,12959,12959,2
2020-11-06 15:30:34.162,12959,12960,12959,2
2020-11-06 15:30:34.163,12959,12960,12959,1
2020-11-06 15:30:34.265,12958,12959,12959,1
2020-11-06 15:30:34.266,12958,12959,12959,1
2020-11-06 15:30:37.258,12958,12959,12959,4
2020-11-06 15:30:39.970,12958,12959,12958,1
2020-11-06 15:30:39.970,12958,12959,12958,15
2020-11-06 15:30:40.260,12957,12958,12958,1
2020-11-06 15:30:40.485,12957,12958,12958,1
2020-11-06 15:30:42.098,12957,12958,12957,1
2020-11-06 15:30:42.099,12957,12958,12957,2
2020-11-06 15:30:42.099,12957,12958,12957,3
2020-11-06 15:30:42.099,12957,12958,12957,1
2020-11-06 15:30:42.099,12957,12958,12957,2
2020-11-06 15:30:42.099,12957,12958,12957,1
2020-11-06 15:30:42.099,12957,12958,12957,6
2020-11-06 15:30:42.681,12956,12957,12957,1
2020-11-06 15:30:42.681,12956,12957,12958,3
2020-11-06 15:30:44.640,12956,12957,12957,1
2020-11-06 15:30:47.070,12956,12957,12957,1
2020-11-06 15:30:47.118,12956,12957,12957,1
2020-11-06 15:30:47.118,12956,12957,12958,1
2020-11-06 15:30:48.345,12956,12958,12958,4
2020-11-06 15:30:49.460,12957,12958,12957,2
2020-11-06 15:30:49.460,12957,12958,12957,2
2020-11-06 15:30:49.460,12957,12958,12957,1
2020-11-06 15:30:57.658,12957,12958,12958,1
2020-11-06 15:30:58.085,12957,12959,12957,1
2020-11-06 15:31:00.387,12958,12959,12958,1
2020-11-06 15:31:02.685,12957,12958,12957,1
2020-11-06 15:31:03.526,12957,12958,12958,2
2020-11-06 15:31:04.580,12958,12959,12959,5
2020-11-06 15:31:04.580,12958,12959,12959,1
2020-11-06 15:31:06.893,12959,12960,12960,2
2020-11-06 15:31:09.938,12958,12960,12960,15
2020-11-06 15:31:12.785,12959,12960,12959,2
2020-11-06 15:31:14.098,12958,12960,12959,1
2020-11-06 15:31:14.810,12958,12960,12960,3
2020-11-06 15:31:14.992,12958,12960,12960,1
2020-11-06 15:31:19.750,12959,12960,12960,3
2020-11-06 15:31:19.750,12959,12960,12960,1
2020-11-06 15:31:19.750,12959,12960,12960,5
2020-11-06 15:31:19.750,12959,12960,12960,4
2020-11-06 15:31:19.750,12959,12960,12960,3
2020-11-06 15:31:20.306,12960,12961,12960,1
2020-11-06 15:31:20.390,12960,12961,12961,1
2020-11-06 15:31:20.392,12960,12961,12961,1
2020-11-06 15:31:20.657,12960,12961,12961,2
2020-11-06 15:31:20.898,12960,12961,12961,1
2020-11-06 15:31:21.940,12961,12962,12961,2
2020-11-06 15:31:22.167,12961,12962,12961,2
2020-11-06 15:31:22.539,12961,12962,12961,2
2020-11-06 15:31:22.888,12961,12962,12962,1
2020-11-06 15:31:23.226,12961,12962,12962,1
2020-11-06 15:31:23.250,12961,12962,12962,1
2020-11-06 15:31:23.252,12961,12962,12962,2
2020-11-06 15:31:23.582,12961,12962,12962,4
2020-11-06 15:31:23.813,12961,12962,12961,2
2020-11-06 15:31:24.092,12961,12962,12962,3
2020-11-06 15:31:28.178,12961,12962,12961,1
2020-11-06 15:31:28.631,12960,12961,12961,2
2020-11-06 15:31:29.445,12960,12961,12961,1
2020-11-06 15:31:30.593,12960,12961,12961,1
2020-11-06 15:31:30.632,12960,12961,12961,1
2020-11-06 15:31:31.951,12960,12962,12962,1
2020-11-06 15:31:32.145,12960,12962,12960,2
2020-11-06 15:31:34.065,12961,12962,12961,2
2020-11-06 15:31:34.600,12960,12962,12961,1
2020-11-06 15:31:41.565,12960,12961,12960,1
2020-11-06 15:31:42.057,12960,12961,12961,1
2020-11-06 15:31:42.140,12961,12962,12962,1
2020-11-06 15:31:43.275,12961,12962,12961,1
2020-11-06 15:31:43.953,12960,12962,12960,1
2020-11-06 15:31:45.502,12961,12962,12961,1
2020-11-06 15:31:51.241,12961,12962,12961,1
2020-11-06 15:31:51.409,12961,12962,12961,1
2020-11-06 15:31:51.539,12961,12962,12961,1
2020-11-06 15:31:51.540,12961,12962,12961,1
2020-11-06 15:31:51.540,12961,12962,12961,2
2020-11-06 15:31:52.145,12960,12961,12961,1
2020-11-06 15:31:52.490,12960,12961,12961,2
2020-11-06 15:31:54.994,12960,12961,12961,5
2020-11-06 15:31:59.328,12960,12961,12961,2
2020-11-06 15:31:59.948,12961,12962,12961,2
2020-11-06 15:32:00.482,12961,12962,12961,1
2020-11-06 15:32:01.404,12961,12962,12961,1
2020-11-06 15:32:03.651,12961,12962,12961,1
2020-11-06 15:32:05.564,12961,12962,12962,5
2020-11-06 15:32:05.894,12961,12962,12962,1
2020-11-06 15:32:08.300,12961,12962,12961,1
2020-11-06 15:32:09.225,12961,12962,12961,1
2020-11-06 15:32:12.925,12961,12962,12961,1
2020-11-06 15:32:14.944,12960,12961,12961,1
2020-11-06 15:32:18.548,12960,12961,12961,1
2020-11-06 15:32:19.794,12960,12961,12960,1
2020-11-06 15:32:21.147,12960,12961,12960,1
2020-11-06 15:32:25.297,12960,12961,12960,1
2020-11-06 15:32:25.856,12960,12961,12960,1
2020-11-06 15:32:29.635,12960,12961,12961,5
2020-11-06 15:32:33.152,12960,12961,12960,1
2020-11-06 15:32:36.752,12960,12961,12960,2
2020-11-06 15:32:36.752,12960,12961,12960,5
2020-11-06 15:32:36.752,12960,12961,12960,4
2020-11-06 15:32:41.536,12959,12960,12960,8
2020-11-06 15:32:45.857,12959,12960,12960,1
2020-11-06 15:32:54.948,12959,12960,12960,1
2020-11-06 15:32:57.080,12959,12960,12960,1
2020-11-06 15:33:01.644,12959,12960,12960,1
2020-11-06 15:33:02.091,12959,12960,12960,3
2020-11-06 15:33:05.466,12960,12961,12960,2
2020-11-06 15:33:07.534,12959,12960,12960,2
2020-11-06 15:33:11.070,12959,12960,12960,1
2020-11-06 15:33:20.094,12959,12960,12960,1
2020-11-06 15:33:20.810,12959,12960,12960,2
2020-11-06 15:33:24.075,12959,12960,12960,1
2020-11-06 15:33:25.527,12959,12960,12959,1
2020-11-06 15:33:25.915,12959,12960,12960,1
2020-11-06 15:33:28.901,12959,12960,12960,1
2020-11-06 15:33:29.955,12959,12960,12960,1
2020-11-06 15:33:37.511,12959,12960,12959,1
2020-11-06 15:33:37.512,12959,12960,12959,2
2020-11-06 15:33:37.512,12959,12960,12959,4
2020-11-06 15:33:37.512,12959,12960,12959,2
2020-11-06 15:33:37.512,12959,12960,12959,24
2020-11-06 15:33:37.512,12959,12960,12959,4
2020-11-06 15:33:37.513,12959,12960,12959,1
2020-11-06 15:33:37.513,12959,12960,12959,5
2020-11-06 15:33:41.059,12959,12960,12959,1
2020-11-06 15:33:41.414,12958,12960,12958,2
2020-11-06 15:33:54.010,12959,12960,12960,1
2020-11-06 15:34:01.219,12959,12960,12960,15
2020-11-06 15:34:08.471,12959,12960,12960,1
2020-11-06 15:34:15.084,12960,12961,12960,6
2020-11-06 15:34:21.066,12960,12961,12960,1
2020-11-06 15:34:23.950,12960,12961,12960,1
2020-11-06 15:34:24.195,12960,12961,12960,1
2020-11-06 15:34:25.229,12960,12961,12960,2
2020-11-06 15:34:25.589,12960,12961,12961,1
2020-11-06 15:34:28.129,12960,12961,12961,1
2020-11-06 15:34:29.281,12960,12961,12960,1
2020-11-06 15:34:29.477,12960,12961,12960,1
2020-11-06 15:34:33.368,12959,12960,12959,1
2020-11-06 15:34:45.396,12959,12960,12960,1
2020-11-06 15:34:57.174,12960,12961,12960,1
2020-11-06 15:34:58.818,12960,12961,12960,1
2020-11-06 15:34:59.873,12960,12961,12960,2
2020-11-06 15:34:59.873,12960,12961,12959,1
2020-11-06 15:35:10.009,12959,12960,12960,2
2020-11-06 15:35:10.278,12960,12961,12960,1
2020-11-06 15:35:18.671,12960,12961,12960,1
2020-11-06 15:35:19.436,12960,12961,12960,1
2020-11-06 15:35:22.895,12960,12961,12960,1
2020-11-06 15:35:27.891,12959,12960,12960,2
2020-11-06 15:35:27.892,12959,12960,12960,1
2020-11-06 15:35:34.830,12960,12961,12961,12
2020-11-06 15:35:34.830,12960,12961,12961,6
2020-11-06 15:35:37.629,12961,12962,12962,1
2020-11-06 15:35:37.630,12961,12962,12962,11
2020-11-06 15:35:37.630,12961,12962,12962,1
2020-11-06 15:35:37.951,12962,12963,12963,1
2020-11-06 15:35:38.013,12962,12963,12963,2
2020-11-06 15:35:38.016,12962,12963,12963,2
2020-11-06 15:35:38.016,12962,12963,12963,1
2020-11-06 15:35:38.016,12962,12963,12963,1
2020-11-06 15:35:38.016,12962,12963,12963,2
2020-11-06 15:35:38.016,12962,12963,12963,9
2020-11-06 15:35:38.017,12962,12963,12963,11
2020-11-06 15:35:38.017,12962,12963,12963,1
2020-11-06 15:35:38.017,12962,12963,12964,1
2020-11-06 15:35:38.018,12962,12963,12964,1
2020-11-06 15:35:38.019,12962,12963,12964,1
2020-11-06 15:35:38.020,12962,12963,12964,1
2020-11-06 15:35:38.021,12962,12963,12964,1
2020-11-06 15:35:38.108,12962,12963,12964,2
2020-11-06 15:35:38.123,12962,12963,12964,1
2020-11-06 15:35:38.159,12963,12964,12964,2
2020-11-06 15:35:38.241,12963,12964,12964,1
2020-11-06 15:35:38.581,12963,12964,12964,1
2020-11-06 15:35:41.239,12963,12965,12965,2
2020-11-06 15:35:41.381,12963,12965,12965,1
2020-11-06 15:35:41.494,12963,12965,12965,2
2020-11-06 15:35:45.224,12962,12964,12964,2
2020-11-06 15:35:45.916,12962,12964,12962,1
2020-11-06 15:35:46.289,12962,12964,12962,1
2020-11-06 15:35:55.634,12962,12964,12964,1
2020-11-06 15:35:55.640,12962,12964,12964,1
2020-11-06 15:35:55.640,12962,12964,12964,1
2020-11-06 15:35:57.422,12963,12964,12963,1
2020-11-06 15:35:58.022,12962,12963,12963,1
2020-11-06 15:36:03.938,12962,12964,12963,4
2020-11-06 15:36:04.257,12962,12964,12964,1
2020-11-06 15:36:04.278,12962,12964,12964,2
2020-11-06 15:36:04.403,12962,12964,12964,1
2020-11-06 15:36:04.555,12963,12964,12964,1
2020-11-06 15:36:04.752,12963,12964,12963,1
2020-11-06 15:36:05.039,12962,12963,12963,1
2020-11-06 15:36:08.910,12962,12963,12963,1
2020-11-06 15:36:09.355,12962,12963,12963,1
2020-11-06 15:36:09.510,12962,12963,12963,2
2020-11-06 15:36:10.078,12962,12963,12963,3
2020-11-06 15:36:10.402,12962,12963,12963,2
2020-11-06 15:36:11.020,12962,12963,12963,2
2020-11-06 15:36:11.131,12962,12963,12962,2
2020-11-06 15:36:11.131,12962,12963,12962,3
2020-11-06 15:36:11.132,12962,12963,12962,3
2020-11-06 15:36:11.433,12961,12962,12961,1
2020-11-06 15:36:11.522,12961,12962,12961,2
2020-11-06 15:36:13.032,12961,12962,12961,1
2020-11-06 15:36:21.215,12961,12962,12961,1
2020-11-06 15:36:24.823,12961,12962,12962,1
2020-11-06 15:36:28.261,12962,12963,12962,1
2020-11-06 15:36:29.852,12962,12963,12962,1
2020-11-06 15:36:30.904,12961,12963,12963,1
2020-11-06 15:36:33.803,12961,12962,12962,9
2020-11-06 15:36:33.804,12961,12962,12962,1
2020-11-06 15:36:41.250,12962,12963,12962,1
2020-11-06 15:36:41.722,12962,12963,12962,1
2020-11-06 15:36:42.283,12961,12963,12961,1
2020-11-06 15:36:51.639,12961,12962,12961,1
2020-11-06 15:36:55.048,12961,12962,12962,5
2020-11-06 15:37:00.953,12962,12963,12963,2
2020-11-06 15:37:02.267,12962,12963,12963,1
2020-11-06 15:37:02.268,12962,12963,12963,1
2020-11-06 15:37:02.268,12962,12963,12963,2
2020-11-06 15:37:03.663,12963,12964,12963,3
2020-11-06 15:37:03.880,12963,12964,12964,1
2020-11-06 15:37:05.947,12963,12964,12963,3
2020-11-06 15:37:10.023,12962,12964,12964,1
2020-11-06 15:37:13.165,12962,12964,12962,12
2020-11-06 15:37:13.165,12962,12964,12961,3
2020-11-06 15:37:13.166,12962,12964,12962,2
2020-11-06 15:37:14.486,12961,12963,12963,2
2020-11-06 15:37:22.668,12962,12963,12962,1
2020-11-06 15:37:23.070,12962,12963,12963,1
2020-11-06 15:37:28.019,12962,12963,12963,2
2020-11-06 15:37:28.019,12962,12963,12963,1
2020-11-06 15:37:42.267,12962,12963,12962,1
2020-11-06 15:37:43.091,12962,12963,12962,8
2020-11-06 15:37:45.782,12961,12963,12963,1
2020-11-06 15:37:49.926,12961,12963,12961,1
2020-11-06 15:38:08.164,12961,12962,12962,5
2020-11-06 15:38:11.545,12961,12962,12961,1
2020-11-06 15:38:11.545,12961,12962,12961,9
2020-11-06 15:38:13.108,12960,12961,12961,1
2020-11-06 15:38:18.007,12960,12961,12961,1
2020-11-06 15:38:29.494,12960,12961,12961,2
2020-11-06 15:38:29.890,12961,12962,12961,1
2020-11-06 15:38:35.190,12961,12962,12962,1
2020-11-06 15:38:40.313,12961,12962,12961,1
2020-11-06 15:38:44.880,12961,12962,12962,3
2020-11-06 15:38:47.128,12962,12963,12962,1
2020-11-06 15:38:49.971,12962,12963,12963,13
2020-11-06 15:38:55.318,12963,12964,12964,2
2020-11-06 15:39:06.356,12963,12964,12964,4
2020-11-06 15:39:06.745,12964,12965,12965,4
2020-11-06 15:39:06.750,12964,12965,12965,1
2020-11-06 15:39:06.927,12964,12965,12965,1
2020-11-06 15:39:06.927,12964,12965,12965,3
2020-11-06 15:39:06.928,12964,12965,12965,2
2020-11-06 15:39:06.928,12964,12965,12965,1
2020-11-06 15:39:06.928,12964,12965,12965,1
2020-11-06 15:39:06.928,12964,12965,12965,4
2020-11-06 15:39:09.649,12964,12966,12964,1
2020-11-06 15:39:10.331,12964,12965,12964,4
2020-11-06 15:39:11.498,12964,12965,12965,2
2020-11-06 15:39:18.952,12964,12965,12965,1
2020-11-06 15:39:27.320,12964,12965,12964,3
2020-11-06 15:39:27.320,12964,12965,12964,2
2020-11-06 15:39:27.320,12964,12965,12964,1
2020-11-06 15:39:32.357,12962,12963,12963,1
2020-11-06 15:39:33.227,12963,12965,12963,1
2020-11-06 15:39:36.384,12963,12964,12964,1
2020-11-06 15:39:38.408,12963,12965,12964,1
2020-11-06 15:39:41.691,12963,12964,12963,1
2020-11-06 15:39:47.367,12963,12964,12964,1
2020-11-06 15:39:47.367,12963,12964,12964,1
2020-11-06 15:39:47.367,12963,12964,12964,2
2020-11-06 15:39:47.367,12963,12964,12964,1
2020-11-06 15:39:47.367,12963,12964,12964,1
2020-11-06 15:39:47.368,12963,12964,12964,8
2020-11-06 15:39:47.824,12964,12965,12964,1
2020-11-06 15:39:53.946,12964,12965,12965,1
2020-11-06 15:39:54.439,12964,12965,12964,1
2020-11-06 15:39:55.720,12964,12965,12965,1
2020-11-06 15:39:58.612,12964,12965,12965,2
2020-11-06 15:39:58.992,12964,12965,12964,1
2020-11-06 15:39:59.085,12964,12965,12965,4
2020-11-06 15:40:00.486,12964,12965,12965,1
2020-11-06 15:40:00.522,12964,12965,12965,1
2020-11-06 15:40:00.678,12964,12965,12965,3
2020-11-06 15:40:00.678,12964,12965,12966,1
2020-11-06 15:40:00.771,12964,12966,12966,4
2020-11-06 15:40:00.800,12964,12966,12966,3
2020-11-06 15:40:00.825,12964,12966,12966,1
2020-11-06 15:40:01.357,12964,12966,12966,1
2020-11-06 15:40:01.391,12964,12966,12966,1
2020-11-06 15:40:01.392,12964,12966,12966,1
2020-11-06 15:40:01.797,12964,12966,12966,1
2020-11-06 15:40:01.950,12964,12966,12966,2
2020-11-06 15:40:02.661,12965,12966,12965,2
2020-11-06 15:40:04.163,12965,12966,12966,4
2020-11-06 15:40:05.080,12965,12966,12966,3
2020-11-06 15:40:05.494,12965,12966,12965,3
2020-11-06 15:40:05.751,12965,12966,12966,1
2020-11-06 15:40:07.766,12965,12966,12966,3
2020-11-06 15:40:13.672,12966,12967,12967,1
2020-11-06 15:40:13.765,12966,12967,12967,1
2020-11-06 15:40:13.765,12966,12967,12967,1
2020-11-06 15:40:14.055,12966,12967,12967,2
2020-11-06 15:40:15.005,12966,12967,12967,2
2020-11-06 15:40:15.039,12966,12967,12967,1
2020-11-06 15:40:15.424,12966,12967,12967,1
2020-11-06 15:40:15.432,12966,12967,12967,1
2020-11-06 15:40:15.525,12966,12967,12967,1
2020-11-06 15:40:19.871,12966,12967,12967,1
2020-11-06 15:40:21.237,12966,12967,12966,1
2020-11-06 15:40:21.265,12966,12967,12967,1
2020-11-06 15:40:21.265,12966,12967,12967,1
2020-11-06 15:40:22.942,12966,12967,12967,1
2020-11-06 15:40:23.186,12966,12967,12966,1
2020-11-06 15:40:23.186,12966,12967,12966,4
2020-11-06 15:40:23.186,12966,12967,12966,5
2020-11-06 15:40:23.186,12966,12967,12966,1
2020-11-06 15:40:23.186,12966,12967,12966,2
2020-11-06 15:40:23.810,12965,12966,12965,1
2020-11-06 15:40:23.810,12965,12966,12964,1
2020-11-06 15:40:24.582,12964,12966,12966,2
2020-11-06 15:40:26.474,12965,12967,12967,5
2020-11-06 15:40:36.670,12966,12967,12966,3
2020-11-06 15:40:36.766,12966,12967,12967,1
2020-11-06 15:40:38.051,12966,12967,12966,4
2020-11-06 15:40:38.051,12966,12967,12966,1
2020-11-06 15:40:38.052,12966,12967,12966,1
2020-11-06 15:40:38.140,12965,12966,12966,1
2020-11-06 15:40:38.140,12965,12966,12966,1
2020-11-06 15:40:38.140,12965,12966,12966,1
2020-11-06 15:40:38.141,12965,12966,12966,1
2020-11-06 15:40:38.141,12965,12966,12966,1
2020-11-06 15:40:38.142,12965,12966,12966,1
2020-11-06 15:40:38.142,12965,12966,12966,1
2020-11-06 15:40:38.142,12965,12966,12966,1
2020-11-06 15:40:38.143,12965,12966,12966,1
2020-11-06 15:40:38.143,12965,12966,12966,1
2020-11-06 15:40:38.143,12965,12966,12966,1
2020-11-06 15:40:38.144,12965,12966,12966,1
2020-11-06 15:40:38.145,12965,12966,12966,1
2020-11-06 15:40:38.146,12965,12966,12966,1
2020-11-06 15:40:38.146,12965,12966,12966,1
2020-11-06 15:40:38.147,12965,12966,12966,1
2020-11-06 15:40:38.147,12965,12966,12967,1
2020-11-06 15:40:38.316,12965,12966,12966,1
2020-11-06 15:40:38.577,12965,12966,12965,2
2020-11-06 15:40:38.577,12965,12966,12965,2
2020-11-06 15:40:38.577,12965,12966,12965,3
2020-11-06 15:40:38.729,12964,12966,12964,1
2020-11-06 15:40:41.185,12964,12965,12965,1
2020-11-06 15:40:42.653,12964,12965,12965,2
2020-11-06 15:40:42.653,12964,12965,12966,13
2020-11-06 15:40:42.979,12964,12966,12965,3
2020-11-06 15:40:46.215,12964,12965,12965,2
2020-11-06 15:40:49.763,12964,12965,12964,2
2020-11-06 15:40:54.844,12963,12964,12964,1
2020-11-06 15:40:57.138,12963,12964,12963,5
2020-11-06 15:40:57.287,12962,12964,12964,2
2020-11-06 15:40:58.412,12963,12964,12963,1
2020-11-06 15:40:58.418,12963,12964,12963,1
2020-11-06 15:40:59.745,12963,12964,12964,1
2020-11-06 15:41:07.519,12963,12964,12964,6
2020-11-06 15:41:07.519,12963,12964,12964,1
2020-11-06 15:41:07.519,12963,12964,12964,1
2020-11-06 15:41:07.519,12963,12964,12964,5
2020-11-06 15:41:07.519,12963,12964,12964,3
2020-11-06 15:41:09.129,12964,12965,12964,1
2020-11-06 15:41:10.675,12964,12965,12964,1
2020-11-06 15:41:14.346,12964,12965,12964,1
2020-11-06 15:41:15.242,12964,12965,12964,2
2020-11-06 15:41:23.721,12964,12965,12964,1
2020-11-06 15:41:23.721,12964,12965,12963,1
2020-11-06 15:41:24.110,12963,12965,12965,1
2020-11-06 15:41:25.574,12964,12965,12964,1
2020-11-06 15:41:26.488,12964,12965,12964,2
2020-11-06 15:41:26.874,12964,12965,12964,1
2020-11-06 15:41:26.875,12964,12965,12964,1
2020-11-06 15:41:29.086,12964,12965,12965,1
2020-11-06 15:41:29.088,12964,12965,12965,1
2020-11-06 15:41:29.799,12964,12965,12964,2
2020-11-06 15:41:33.605,12963,12964,12964,1
2020-11-06 15:41:33.719,12963,12964,12963,1
2020-11-06 15:41:38.246,12963,12964,12964,1
2020-11-06 15:41:41.171,12963,12964,12964,1
2020-11-06 15:41:46.169,12963,12964,12964,2
2020-11-06 15:41:46.732,12963,12964,12963,3
2020-11-06 15:41:46.950,12962,12963,12963,1
2020-11-06 15:41:53.367,12962,12963,12962,2
2020-11-06 15:41:58.459,12962,12963,12962,1
2020-11-06 15:42:01.633,12962,12963,12962,1
2020-11-06 15:42:01.888,12962,12963,12963,1
2020-11-06 15:42:01.936,12962,12963,12963,2
2020-11-06 15:42:02.489,12962,12963,12963,2
2020-11-06 15:42:03.631,12962,12963,12962,1
2020-11-06 15:42:06.964,12962,12963,12962,1
2020-11-06 15:42:12.995,12962,12963,12962,1
2020-11-06 15:42:14.262,12962,12963,12962,1
2020-11-06 15:42:16.655,12962,12963,12962,2
2020-11-06 15:42:22.434,12962,12963,12963,1
2020-11-06 15:42:34.777,12962,12963,12962,1
2020-11-06 15:42:47.723,12962,12963,12963,2
2020-11-06 15:42:50.169,12962,12963,12963,3
2020-11-06 15:42:55.535,12962,12963,12963,1
2020-11-06 15:42:56.876,12962,12963,12963,5
2020-11-06 15:43:09.731,12962,12963,12963,1
2020-11-06 15:43:15.525,12963,12964,12964,1
2020-11-06 15:43:19.602,12963,12964,12963,1
2020-11-06 15:43:19.603,12963,12964,12963,1
2020-11-06 15:43:20.530,12962,12963,12963,1
2020-11-06 15:43:35.171,12962,12963,12963,1
2020-11-06 15:43:53.127,12962,12963,12962,7
2020-11-06 15:43:53.127,12962,12963,12962,2
2020-11-06 15:43:53.127,12962,12963,12962,9
2020-11-06 15:43:59.571,12961,12962,12962,1
2020-11-06 15:44:01.207,12961,12962,12962,1
2020-11-06 15:44:02.215,12961,12962,12962,1
2020-11-06 15:44:02.681,12961,12962,12962,1
2020-11-06 15:44:06.221,12961,12962,12962,1
2020-11-06 15:44:06.856,12962,12963,12962,2
2020-11-06 15:44:08.177,12962,12963,12962,2
2020-11-06 15:44:17.493,12962,12963,12962,2
2020-11-06 15:44:24.848,12961,12962,12962,1
2020-11-06 15:44:25.939,12961,12962,12962,1
2020-11-06 15:44:27.449,12961,12963,12963,1
2020-11-06 15:44:29.508,12961,12962,12962,1
2020-11-06 15:44:31.875,12961,12962,12962,1
2020-11-06 15:44:32.138,12961,12962,12961,3
2020-11-06 15:44:32.244,12961,12962,12962,2
2020-11-06 15:44:32.499,12962,12963,12962,1
2020-11-06 15:44:32.499,12962,12963,12962,4
2020-11-06 15:44:39.158,12961,12962,12961,2
2020-11-06 15:44:42.398,12961,12962,12961,2
2020-11-06 15:44:42.399,12961,12962,12961,11
2020-11-06 15:44:42.399,12961,12962,12961,1
2020-11-06 15:44:46.251,12960,12961,12960,2
2020-11-06 15:44:46.479,12960,12961,12960,1
2020-11-06 15:44:47.456,12960,12961,12960,2
2020-11-06 15:44:47.759,12960,12961,12960,1
2020-11-06 15:44:51.860,12960,12961,12960,6
2020-11-06 15:44:59.180,12960,12961,12960,1
2020-11-06 15:45:02.514,12960,12961,12961,5
2020-11-06 15:45:02.563,12960,12961,12960,2
2020-11-06 15:45:05.125,12960,12961,12960,3
2020-11-06 15:45:07.728,12960,12961,12960,1
2020-11-06 15:45:18.379,12960,12961,12961,9
2020-11-06 15:45:22.511,12961,12962,12961,1
2020-11-06 15:45:23.959,12961,12962,12961,1
2020-11-06 15:45:24.880,12961,12962,12961,1
2020-11-06 15:45:30.592,12961,12962,12962,2
2020-11-06 15:45:30.592,12961,12962,12962,1
2020-11-06 15:45:30.592,12961,12962,12962,1
2020-11-06 15:45:30.592,12961,12962,12962,1
2020-11-06 15:45:30.592,12961,12962,12962,2
2020-11-06 15:45:31.691,12962,12963,12962,8
2020-11-06 15:45:32.302,12962,12963,12963,1
2020-11-06 15:45:32.303,12962,12963,12963,9
2020-11-06 15:45:32.303,12962,12963,12963,2
2020-11-06 15:45:32.303,12962,12963,12963,2
2020-11-06 15:45:45.738,12962,12963,12962,1
2020-11-06 15:45:47.726,12962,12963,12962,2
2020-11-06 15:45:51.579,12962,12963,12962,1
2020-11-06 15:45:53.220,12962,12963,12962,2
2020-11-06 15:46:02.881,12961,12962,12962,1
2020-11-06 15:46:19.678,12962,12963,12963,2
2020-11-06 15:46:27.865,12962,12963,12962,3
2020-11-06 15:46:36.499,12962,12963,12962,1
2020-11-06 15:46:39.702,12962,12963,12963,2
2020-11-06 15:46:42.106,12962,12963,12962,1
2020-11-06 15:46:46.793,12962,12963,12962,2
2020-11-06 15:46:47.643,12962,12963,12963,1
2020-11-06 15:46:48.013,12962,12963,12963,5
2020-11-06 15:46:49.288,12963,12964,12963,1
2020-11-06 15:47:01.983,12963,12964,12963,1
2020-11-06 15:47:09.612,12963,12964,12963,1
2020-11-06 15:47:09.805,12962,12963,12963,1
2020-11-06 15:47:10.628,12962,12963,12963,2
2020-11-06 15:47:28.257,12963,12964,12963,2
2020-11-06 15:47:36.764,12963,12964,12964,14
2020-11-06 15:47:36.764,12963,12964,12964,3
2020-11-06 15:47:36.765,12963,12964,12964,1
2020-11-06 15:47:36.765,12963,12964,12964,1
2020-11-06 15:47:36.765,12963,12964,12964,4
2020-11-06 15:47:36.765,12963,12964,12964,8
2020-11-06 15:47:40.836,12964,12965,12964,1
2020-11-06 15:47:49.293,12963,12964,12964,1
2020-11-06 15:47:49.293,12963,12964,12965,1
2020-11-06 15:47:50.552,12964,12965,12964,1
2020-11-06 15:48:09.276,12963,12964,12963,1
2020-11-06 15:48:09.276,12963,12964,12963,12
2020-11-06 15:48:09.714,12962,12963,12963,1
2020-11-06 15:48:09.771,12962,12963,12963,1
2020-11-06 15:48:10.067,12962,12964,12964,1
2020-11-06 15:48:10.586,12962,12964,12964,6
2020-11-06 15:48:19.050,12962,12963,12962,1
2020-11-06 15:48:19.050,12962,12963,12962,4
2020-11-06 15:48:19.050,12962,12963,12962,3
2020-11-06 15:48:25.523,12961,12962,12961,1
2020-11-06 15:48:25.524,12961,12962,12961,4
2020-11-06 15:48:25.524,12961,12962,12961,3
2020-11-06 15:48:25.549,12961,12962,12961,2
2020-11-06 15:48:25.574,12961,12962,12961,2
2020-11-06 15:48:25.600,12961,12962,12961,2
2020-11-06 15:48:25.638,12961,12962,12961,2
2020-11-06 15:48:25.733,12961,12962,12961,2
2020-11-06 15:48:25.758,12961,12962,12961,2
2020-11-06 15:48:25.764,12960,12961,12961,2
2020-11-06 15:48:25.790,12960,12961,12961,1
2020-11-06 15:48:28.934,12961,12962,12961,5
2020-11-06 15:48:30.577,12960,12961,12961,1
2020-11-06 15:48:41.370,12960,12961,12960,1
2020-11-06 15:48:44.578,12960,12961,12960,1
2020-11-06 15:48:44.697,12960,12961,12960,1
2020-11-06 15:48:44.791,12960,12961,12960,1
2020-11-06 15:48:46.409,12960,12961,12960,9
2020-11-06 15:48:46.409,12960,12961,12960,9
2020-11-06 15:48:46.776,12959,12960,12959,1
2020-11-06 15:48:46.794,12959,12960,12959,1
2020-11-06 15:48:46.808,12959,12960,12959,2
2020-11-06 15:48:46.823,12959,12960,12959,3
2020-11-06 15:48:46.837,12959,12960,12959,1
2020-11-06 15:48:48.316,12959,12960,12960,2
2020-11-06 15:48:48.500,12959,12960,12960,1
2020-11-06 15:48:48.501,12959,12960,12960,1
2020-11-06 15:48:49.672,12960,12961,12960,1
2020-11-06 15:48:53.874,12959,12960,12960,1
2020-11-06 15:48:53.931,12959,12961,12960,1
2020-11-06 15:48:59.594,12959,12960,12959,1
2020-11-06 15:49:03.184,12959,12960,12960,3
2020-11-06 15:49:03.477,12959,12961,12961,1
2020-11-06 15:49:05.262,12960,12961,12960,1
2020-11-06 15:49:10.149,12960,12961,12960,1
2020-11-06 15:49:15.893,12960,12961,12960,2
2020-11-06 15:49:17.511,12960,12961,12960,1
2020-11-06 15:49:19.695,12960,12961,12961,1
2020-11-06 15:49:25.036,12960,12961,12960,3
2020-11-06 15:49:31.976,12959,12960,12959,1
2020-11-06 15:49:41.415,12959,12960,12959,3
2020-11-06 15:49:41.702,12959,12960,12960,1
2020-11-06 15:49:48.795,12959,12960,12959,1
2020-11-06 15:49:50.990,12959,12960,12959,2
2020-11-06 15:49:50.991,12959,12960,12959,1
2020-11-06 15:49:50.991,12959,12960,12959,1
2020-11-06 15:49:50.991,12959,12960,12959,4
2020-11-06 15:49:51.789,12958,12959,12958,1
2020-11-06 15:49:52.316,12958,12959,12959,1
2020-11-06 15:49:52.773,12958,12959,12959,2
2020-11-06 15:49:53.220,12958,12959,12959,3
2020-11-06 15:50:01.197,12958,12959,12959,2
2020-11-06 15:50:04.238,12958,12959,12959,3
2020-11-06 15:50:04.239,12958,12959,12959,1
2020-11-06 15:50:10.208,12958,12959,12959,1
2020-11-06 15:50:14.140,12958,12959,12958,2
2020-11-06 15:50:15.120,12958,12959,12958,2
2020-11-06 15:50:18.980,12958,12959,12958,3
2020-11-06 15:50:23.290,12958,12959,12958,6
2020-11-06 15:50:24.619,12958,12959,12959,1
2020-11-06 15:50:27.092,12958,12959,12958,1
2020-11-06 15:50:30.513,12958,12959,12958,1
2020-11-06 15:50:33.474,12958,12959,12958,1
2020-11-06 15:50:33.474,12958,12959,12958,4
2020-11-06 15:50:33.474,12958,12959,12958,3
2020-11-06 15:50:33.474,12958,12959,12958,1
2020-11-06 15:50:33.474,12958,12959,12958,3
2020-11-06 15:50:33.475,12958,12959,12958,10
2020-11-06 15:50:37.487,12957,12958,12957,1
2020-11-06 15:50:37.544,12957,12958,12957,1
2020-11-06 15:50:40.336,12957,12958,12957,1
2020-11-06 15:50:43.844,12957,12958,12957,1
2020-11-06 15:50:48.793,12957,12958,12957,2
2020-11-06 15:50:49.942,12957,12958,12958,1
2020-11-06 15:50:54.217,12957,12958,12958,1
2020-11-06 15:50:55.591,12957,12958,12957,10
2020-11-06 15:50:59.030,12957,12958,12957,5
2020-11-06 15:50:59.031,12957,12958,12957,1
2020-11-06 15:50:59.031,12957,12958,12957,4
2020-11-06 15:50:59.031,12957,12958,12957,1
2020-11-06 15:50:59.031,12957,12958,12957,4
2020-11-06 15:50:59.032,12957,12958,12957,3
2020-11-06 15:50:59.888,12956,12957,12957,1
2020-11-06 15:51:00.090,12956,12957,12957,1
2020-11-06 15:51:07.764,12956,12957,12956,1
2020-11-06 15:51:08.014,12956,12957,12956,1
2020-11-06 15:51:11.158,12956,12957,12956,1
2020-11-06 15:51:11.883,12956,12957,12957,1
2020-11-06 15:51:12.927,12956,12957,12957,1
2020-11-06 15:51:13.314,12956,12957,12957,1
2020-11-06 15:51:13.738,12956,12957,12956,4
2020-11-06 15:51:16.643,12956,12957,12956,1
2020-11-06 15:51:17.795,12956,12957,12956,4
2020-11-06 15:51:20.034,12956,12957,12956,1
2020-11-06 15:51:26.055,12956,12957,12956,1
2020-11-06 15:51:26.673,12956,12957,12957,2
2020-11-06 15:51:26.874,12956,12957,12957,2
2020-11-06 15:51:26.874,12956,12957,12957,7
2020-11-06 15:51:26.874,12956,12957,12957,3
2020-11-06 15:51:31.427,12957,12958,12957,1
2020-11-06 15:51:35.813,12957,12958,12958,18
2020-11-06 15:51:35.813,12957,12958,12958,2
2020-11-06 15:51:35.813,12957,12958,12958,2
2020-11-06 15:51:51.653,12958,12959,12959,1
2020-11-06 15:52:00.058,12959,12960,12959,1
2020-11-06 15:52:00.592,12959,12960,12960,4
2020-11-06 15:52:01.958,12959,12960,12960,1
2020-11-06 15:52:01.959,12959,12960,12960,5
2020-11-06 15:52:01.959,12959,12960,12960,8
2020-11-06 15:52:01.959,12959,12960,12960,1
2020-11-06 15:52:01.959,12959,12960,12960,3
2020-11-06 15:52:02.417,12960,12961,12960,1
2020-11-06 15:52:03.283,12960,12961,12960,3
2020-11-06 15:52:09.189,12960,12961,12960,1
2020-11-06 15:52:12.161,12960,12961,12960,1
2020-11-06 15:52:15.220,12960,12961,12960,1
2020-11-06 15:52:16.827,12960,12961,12960,1
2020-11-06 15:52:16.857,12960,12961,12960,1
2020-11-06 15:52:17.995,12959,12960,12960,2
2020-11-06 15:52:26.558,12959,12960,12959,2
2020-11-06 15:52:26.559,12959,12960,12959,3
2020-11-06 15:52:32.490,12958,12959,12959,1
2020-11-06 15:52:35.564,12958,12960,12958,4
2020-11-06 15:52:42.477,12959,12960,12959,4
2020-11-06 15:52:50.806,12959,12960,12959,1
2020-11-06 15:52:59.189,12959,12960,12960,3
2020-11-06 15:53:01.912,12959,12961,12959,1
2020-11-06 15:53:09.068,12959,12960,12960,1
2020-11-06 15:53:16.192,12959,12960,12959,2
2020-11-06 15:53:17.725,12958,12960,12959,1
2020-11-06 15:53:34.600,12959,12960,12960,1
2020-11-06 15:53:35.966,12959,12960,12960,1
2020-11-06 15:53:50.979,12959,12960,12960,2
2020-11-06 15:53:55.139,12959,12960,12960,3
2020-11-06 15:53:55.230,12959,12960,12960,3
2020-11-06 15:53:58.961,12959,12960,12960,1
2020-11-06 15:54:02.206,12959,12960,12959,8
2020-11-06 15:54:05.148,12959,12960,12959,1
2020-11-06 15:54:05.148,12959,12960,12959,1
2020-11-06 15:54:12.236,12958,12960,12958,1
2020-11-06 15:54:17.074,12958,12959,12959,2
2020-11-06 15:54:45.963,12958,12959,12958,16
2020-11-06 15:54:48.920,12957,12958,12957,1
2020-11-06 15:54:54.968,12957,12959,12957,2
2020-11-06 15:54:56.743,12957,12958,12957,1
2020-11-06 15:54:58.934,12957,12959,12957,2
2020-11-06 15:55:03.618,12958,12959,12958,2
2020-11-06 15:55:07.475,12958,12959,12958,2
2020-11-06 15:55:08.188,12958,12959,12958,2
2020-11-06 15:55:09.205,12958,12959,12959,1
2020-11-06 15:55:09.205,12958,12959,12959,1
2020-11-06 15:55:09.205,12958,12959,12959,3
2020-11-06 15:55:09.205,12958,12959,12959,2
2020-11-06 15:55:09.205,12958,12959,12959,2
2020-11-06 15:55:09.205,12958,12959,12959,1
2020-11-06 15:55:09.564,12959,12960,12959,1
2020-11-06 15:55:12.896,12959,12960,12959,1
2020-11-06 15:55:18.033,12959,12960,12960,1
2020-11-06 15:55:25.193,12959,12960,12960,1
2020-11-06 15:55:25.194,12959,12960,12960,1
2020-11-06 15:55:44.392,12960,12961,12960,1
2020-11-06 15:55:53.338,12960,12961,12960,2
2020-11-06 15:55:54.386,12960,12961,12960,1
2020-11-06 15:55:57.134,12959,12960,12959,4
2020-11-06 15:55:57.920,12958,12960,12960,1
2020-11-06 15:56:11.150,12958,12959,12959,2
2020-11-06 15:56:11.979,12958,12959,12959,1
2020-11-06 15:56:11.986,12958,12959,12959,1
2020-11-06 15:56:12.202,12958,12959,12959,1
2020-11-06 15:56:12.202,12958,12959,12960,2
2020-11-06 15:56:12.292,12959,12960,12960,3
2020-11-06 15:56:12.403,12959,12960,12960,1
2020-11-06 15:56:12.607,12959,12960,12960,2
2020-11-06 15:56:12.893,12959,12960,12960,2
2020-11-06 15:56:12.906,12959,12960,12960,2
2020-11-06 15:56:13.084,12959,12960,12960,2
2020-11-06 15:56:13.375,12959,12961,12961,1
2020-11-06 15:56:15.026,12959,12961,12961,2
2020-11-06 15:56:38.997,12960,12961,12961,1
2020-11-06 15:56:45.654,12960,12961,12961,11
2020-11-06 15:56:51.854,12961,12962,12961,1
2020-11-06 15:56:52.467,12961,12962,12961,1
2020-11-06 15:56:52.634,12961,12962,12961,1
2020-11-06 15:56:52.917,12961,12962,12961,1
2020-11-06 15:57:22.267,12961,12962,12961,1
2020-11-06 15:57:24.360,12961,12962,12961,1
2020-11-06 15:57:25.572,12960,12961,12961,2
2020-11-06 15:57:25.572,12960,12961,12961,1
2020-11-06 15:57:31.851,12961,12962,12962,15
2020-11-06 15:57:31.851,12961,12962,12962,3
2020-11-06 15:57:31.886,12961,12962,12962,1
2020-11-06 15:57:31.889,12962,12963,12962,1
2020-11-06 15:57:35.071,12961,12962,12962,1
2020-11-06 15:57:38.206,12961,12963,12961,1
2020-11-06 15:57:42.115,12961,12963,12961,1
2020-11-06 15:57:50.748,12962,12963,12963,4
2020-11-06 15:57:50.748,12962,12963,12963,10
2020-11-06 15:57:50.987,12963,12964,12963,2
2020-11-06 15:57:53.833,12963,12964,12963,1
2020-11-06 15:57:56.742,12963,12964,12963,2
2020-11-06 15:57:57.282,12963,12964,12963,1
2020-11-06 15:58:11.814,12962,12963,12963,1
2020-11-06 15:58:14.201,12963,12964,12963,1
2020-11-06 15:58:23.760,12963,12964,12963,1
2020-11-06 15:58:25.077,12963,12964,12964,1
2020-11-06 15:58:25.274,12963,12964,12964,1
2020-11-06 15:58:26.779,12963,12964,12964,4
2020-11-06 15:58:27.364,12963,12964,12964,4
2020-11-06 15:58:27.388,12963,12964,12964,4
2020-11-06 15:58:30.267,12963,12964,12964,1
2020-11-06 15:58:35.012,12963,12964,12964,1
2020-11-06 15:58:36.016,12964,12965,12964,2
2020-11-06 15:58:36.128,12964,12965,12964,2
2020-11-06 15:58:38.578,12963,12965,12963,1
2020-11-06 15:58:43.624,12964,12965,12964,1
2020-11-06 15:58:51.584,12964,12965,12964,1
2020-11-06 15:58:53.491,12963,12964,12964,2
2020-11-06 15:58:54.849,12963,12964,12964,1
2020-11-06 15:58:58.169,12963,12964,12963,1
2020-11-06 15:59:02.615,12963,12964,12963,1
2020-11-06 15:59:02.616,12963,12964,12963,10
2020-11-06 15:59:04.676,12962,12963,12963,5
2020-11-06 15:59:08.799,12962,12963,12963,1
2020-11-06 15:59:22.075,12962,12963,12962,2
2020-11-06 15:59:22.075,12962,12963,12962,5
2020-11-06 15:59:22.075,12962,12963,12962,4
2020-11-06 15:59:22.075,12962,12963,12962,1
2020-11-06 15:59:22.850,12961,12962,12962,2
2020-11-06 15:59:36.815,12962,12963,12962,1
2020-11-06 15:59:38.327,12962,12963,12963,2
2020-11-06 15:59:38.343,12962,12963,12963,1
2020-11-06 15:59:44.046,12962,12964,12963,1
2020-11-06 15:59:45.382,12963,12964,12963,1
2020-11-06 15:59:45.445,12963,12964,12963,1
2020-11-06 15:59:46.361,12963,12964,12963,1
2020-11-06 15:59:58.228,12962,12963,12963,1
2020-11-06 15:59:58.228,12962,12963,12963,1
2020-11-06 15:59:59.162,12963,12964,12964,2
2020-11-06 15:59:59.162,12963,12964,12964,1
2020-11-06 15:59:59.162,12963,12964,12964,4
2020-11-06 15:59:59.772,12964,12965,12965,14
2020-11-06 15:59:59.772,12964,12965,12965,1
2020-11-06 15:59:59.772,12964,12965,12965,4
2020-11-06 15:59:59.772,12964,12965,12965,6
2020-11-06 16:00:00.542,12965,12966,12966,17
2020-11-06 16:00:00.778,12966,12967,12966,2
2020-11-06 16:00:00.867,12966,12967,12967,1
2020-11-06 16:00:00.875,12966,12967,12967,1
2020-11-06 16:00:00.883,12966,12967,12967,1
2020-11-06 16:00:00.887,12966,12967,12967,1
2020-11-06 16:00:00.887,12966,12967,12967,1
2020-11-06 16:00:00.897,12966,12967,12967,1
2020-11-06 16:00:00.920,12966,12967,12966,1
2020-11-06 16:00:00.945,12966,12967,12967,1
2020-11-06 16:00:00.947,12966,12967,12966,1
2020-11-06 16:00:00.960,12966,12967,12967,1
2020-11-06 16:00:00.974,12966,12967,12967,1
2020-11-06 16:00:01.012,12966,12967,12965,1
2020-11-06 16:00:01.039,12965,12967,12967,2
2020-11-06 16:00:01.045,12965,12967,12967,2
2020-11-06 16:00:01.079,12965,12967,12965,1
2020-11-06 16:00:01.104,12965,12967,12967,1
2020-11-06 16:00:01.152,12965,12967,12967,1
2020-11-06 16:00:01.209,12965,12967,12967,1
2020-11-06 16:00:01.210,12965,12967,12967,1
2020-11-06 16:00:01.223,12965,12967,12965,1
2020-11-06 16:00:01.233,12965,12967,12967,1
2020-11-06 16:00:01.234,12965,12967,12967,1
2020-11-06 16:00:01.252,12965,12967,12966,1
2020-11-06 16:00:01.253,12965,12967,12966,1
2020-11-06 16:00:01.265,12966,12967,12967,1
2020-11-06 16:00:01.311,12966,12967,12966,1
2020-11-06 16:00:01.336,12966,12967,12967,2
2020-11-06 16:00:01.336,12966,12967,12968,2
2020-11-06 16:00:01.449,12966,12968,12968,1
2020-11-06 16:00:01.488,12966,12968,12968,4
2020-11-06 16:00:01.494,12966,12968,12966,2
2020-11-06 16:00:01.571,12966,12968,12968,1
2020-11-06 16:00:01.581,12966,12968,12968,4
2020-11-06 16:00:01.590,12966,12968,12968,1
2020-11-06 16:00:01.602,12966,12968,12968,1
2020-11-06 16:00:01.630,12966,12968,12968,1
2020-11-06 16:00:01.867,12966,12968,12966,1
2020-11-06 16:00:01.869,12966,12968,12968,3
2020-11-06 16:00:01.872,12966,12968,12966,1
2020-11-06 16:00:01.939,12966,12968,12968,1
2020-11-06 16:00:02.684,12966,12967,12967,1
2020-11-06 16:00:02.891,12966,12967,12967,1
2020-11-06 16:00:04.099,12965,12967,12966,1
2020-11-06 16:00:04.102,12965,12967,12967,1
2020-11-06 16:00:04.126,12965,12967,12967,1
2020-11-06 16:00:04.126,12965,12967,12967,1
2020-11-06 16:00:04.144,12965,12967,12967,1
2020-11-06 16:00:04.156,12965,12967,12967,1
2020-11-06 16:00:04.162,12965,12967,12967,1
2020-11-06 16:00:04.976,12965,12966,12966,1
2020-11-06 16:00:05.200,12965,12967,12966,1
2020-11-06 16:00:05.256,12965,12967,12966,1
2020-11-06 16:00:05.637,12965,12967,12966,4
2020-11-06 16:00:06.293,12965,12967,12967,3
2020-11-06 16:00:06.473,12965,12967,12966,1
2020-11-06 16:00:06.689,12965,12967,12967,1
2020-11-06 16:00:07.031,12967,12968,12968,1
2020-11-06 16:00:07.171,12967,12969,12969,1
2020-11-06 16:00:07.185,12967,12969,12967,1
2020-11-06 16:00:07.800,12967,12969,12967,2
2020-11-06 16:00:08.975,12967,12969,12967,1
2020-11-06 16:00:10.096,12967,12968,12967,1
2020-11-06 16:00:10.142,12967,12968,12967,1
2020-11-06 16:00:11.605,12966,12967,12967,1
2020-11-06 16:00:12.597,12966,12968,12968,5
2020-11-06 16:00:12.599,12966,12968,12968,1
2020-11-06 16:00:15.175,12966,12968,12968,2
2020-11-06 16:00:15.217,12966,12968,12968,1
2020-11-06 16:00:16.734,12966,12967,12967,1
2020-11-06 16:00:17.806,12966,12967,12967,1
2020-11-06 16:00:17.827,12966,12967,12968,1
2020-11-06 16:00:18.322,12967,12968,12968,1
2020-11-06 16:00:20.693,12967,12968,12967,1
2020-11-06 16:00:21.599,12967,12968,12967,1
2020-11-06 16:00:23.457,12966,12967,12967,2
2020-11-06 16:00:25.576,12966,12967,12967,1
2020-11-06 16:00:28.785,12967,12968,12968,2
2020-11-06 16:00:28.788,12967,12968,12968,3
2020-11-06 16:00:29.553,12968,12969,12969,1
2020-11-06 16:00:29.639,12968,12969,12968,1
2020-11-06 16:00:30.027,12967,12969,12969,1
2020-11-06 16:00:32.405,12967,12968,12967,1
2020-11-06 16:00:33.377,12967,12968,12968,1
2020-11-06 16:00:33.456,12967,12968,12968,1
2020-11-06 16:00:35.229,12968,12969,12968,1
2020-11-06 16:00:37.665,12967,12968,12968,2
2020-11-06 16:00:39.071,12967,12969,12969,5
2020-11-06 16:00:42.971,12968,12969,12969,21
2020-11-06 16:00:43.539,12969,12970,12970,40
2020-11-06 16:00:43.539,12969,12970,12970,6
2020-11-06 16:00:43.539,12969,12970,12970,2
2020-11-06 16:00:43.539,12969,12970,12970,1
2020-11-06 16:00:43.731,12970,12971,12971,4
2020-11-06 16:00:43.734,12970,12971,12971,1
2020-11-06 16:00:43.760,12970,12971,12971,1
2020-11-06 16:00:43.794,12970,12971,12971,5
2020-11-06 16:00:43.794,12970,12971,12971,1
2020-11-06 16:00:43.810,12970,12971,12971,4
2020-11-06 16:00:43.836,12970,12971,12971,1
2020-11-06 16:00:43.836,12970,12971,12971,1
2020-11-06 16:00:43.966,12970,12971,12971,1
2020-11-06 16:00:43.974,12970,12971,12971,1
2020-11-06 16:00:44.006,12970,12971,12971,1
2020-11-06 16:00:44.050,12970,12971,12971,2
2020-11-06 16:00:44.050,12970,12971,12971,5
2020-11-06 16:00:44.050,12970,12971,12972,8
2020-11-06 16:00:44.096,12970,12971,12972,1
2020-11-06 16:00:44.116,12970,12971,12972,2
2020-11-06 16:00:44.151,12971,12972,12972,1
2020-11-06 16:00:44.178,12971,12972,12972,1
2020-11-06 16:00:44.208,12971,12972,12972,1
2020-11-06 16:00:44.316,12971,12972,12972,1
2020-11-06 16:00:44.529,12971,12972,12971,1
2020-11-06 16:00:44.614,12971,12972,12971,1
2020-11-06 16:00:44.766,12971,12972,12971,2
2020-11-06 16:00:44.852,12971,12972,12972,1
2020-11-06 16:00:45.172,12969,12971,12971,2
2020-11-06 16:00:45.229,12969,12971,12971,1
2020-11-06 16:00:45.288,12969,12971,12969,1
2020-11-06 16:00:45.438,12969,12971,12971,2
2020-11-06 16:00:46.087,12969,12970,12970,1
2020-11-06 16:00:46.753,12969,12970,12970,1
2020-11-06 16:00:46.825,12969,12970,12970,1
2020-11-06 16:00:47.354,12969,12970,12970,1
2020-11-06 16:00:47.398,12969,12971,12971,1
2020-11-06 16:00:50.198,12969,12970,12969,1
2020-11-06 16:00:53.450,12970,12971,12971,1
2020-11-06 16:00:54.802,12970,12971,12971,2
2020-11-06 16:00:55.935,12970,12971,12971,8
2020-11-06 16:00:55.936,12970,12971,12971,2
2020-11-06 16:00:57.002,12970,12971,12971,3
2020-11-06 16:00:58.139,12970,12971,12970,1
2020-11-06 16:00:58.921,12970,12971,12970,1
2020-11-06 16:00:59.464,12969,12971,12971,2
2020-11-06 16:01:03.272,12969,12970,12969,1
2020-11-06 16:01:03.272,12969,12970,12969,1
2020-11-06 16:01:03.272,12969,12970,12969,13
2020-11-06 16:01:03.479,12968,12970,12970,10
2020-11-06 16:01:03.652,12969,12970,12969,1
2020-11-06 16:01:04.374,12968,12969,12969,1
2020-11-06 16:01:12.237,12969,12970,12969,1
2020-11-06 16:01:14.335,12969,12970,12970,1
2020-11-06 16:01:14.335,12969,12970,12970,1
2020-11-06 16:01:14.390,12970,12971,12971,1
2020-11-06 16:01:14.426,12970,12971,12970,1
2020-11-06 16:01:14.990,12969,12971,12969,1
2020-11-06 16:01:16.799,12969,12970,12969,1
2020-11-06 16:01:19.482,12969,12970,12970,4
2020-11-06 16:01:19.483,12969,12970,12970,7
2020-11-06 16:01:20.103,12970,12971,12970,1
2020-11-06 16:01:22.426,12969,12970,12970,1
2020-11-06 16:01:26.183,12969,12970,12970,1
2020-11-06 16:01:27.575,12969,12970,12970,10
2020-11-06 16:01:27.928,12970,12971,12971,1
2020-11-06 16:01:30.392,12970,12971,12970,1
2020-11-06 16:01:31.435,12970,12971,12970,1
2020-11-06 16:01:32.387,12970,12971,12971,6
2020-11-06 16:01:32.387,12970,12971,12971,4
2020-11-06 16:01:32.388,12970,12971,12971,2
2020-11-06 16:01:32.388,12970,12971,12971,9
2020-11-06 16:01:32.487,12971,12972,12972,2
2020-11-06 16:01:32.639,12971,12972,12971,1
2020-11-06 16:01:33.068,12971,12972,12972,1
2020-11-06 16:01:33.068,12971,12972,12972,1
2020-11-06 16:01:33.465,12971,12972,12971,1
2020-11-06 16:01:35.648,12971,12972,12971,3
2020-11-06 16:01:35.811,12971,12972,12972,1
2020-11-06 16:01:35.916,12971,12973,12973,1
2020-11-06 16:01:36.064,12971,12973,12973,1
2020-11-06 16:01:36.067,12971,12973,12973,1
2020-11-06 16:01:36.180,12972,12973,12973,1
2020-11-06 16:01:36.197,12972,12973,12973,2
2020-11-06 16:01:36.204,12972,12973,12973,14
2020-11-06 16:01:36.204,12972,12973,12974,11
2020-11-06 16:01:36.204,12972,12973,12974,1
2020-11-06 16:01:36.209,12972,12973,12973,1
2020-11-06 16:01:36.222,12972,12973,12974,11
2020-11-06 16:01:36.222,12972,12973,12975,1
2020-11-06 16:01:36.260,12972,12973,12973,3
2020-11-06 16:01:36.355,12973,12974,12974,1
2020-11-06 16:01:36.359,12973,12974,12974,2
2020-11-06 16:01:36.366,12973,12974,12974,1
2020-11-06 16:01:36.369,12973,12974,12974,1
2020-11-06 16:01:36.386,12973,12974,12974,1
2020-11-06 16:01:36.445,12973,12974,12974,2
2020-11-06 16:01:36.542,12973,12974,12974,1
2020-11-06 16:01:36.582,12973,12974,12973,1
2020-11-06 16:01:36.582,12973,12974,12972,1
2020-11-06 16:01:36.587,12973,12974,12974,1
2020-11-06 16:01:36.596,12973,12974,12974,1
2020-11-06 16:01:36.639,12972,12974,12974,1
2020-11-06 16:01:36.666,12972,12974,12974,1
2020-11-06 16:01:36.716,12972,12974,12974,1
2020-11-06 16:01:37.061,12972,12974,12974,1
2020-11-06 16:01:37.064,12972,12974,12974,1
2020-11-06 16:01:37.441,12972,12973,12973,1
2020-11-06 16:01:40.882,12971,12973,12973,1
2020-11-06 16:01:41.233,12971,12973,12973,1
2020-11-06 16:01:42.721,12972,12973,12973,1
2020-11-06 16:01:43.749,12972,12974,12972,1
2020-11-06 16:01:44.021,12971,12973,12971,1
2020-11-06 16:01:44.168,12971,12973,12972,1
2020-11-06 16:01:45.364,12971,12973,12973,1
2020-11-06 16:01:46.205,12971,12973,12972,1
2020-11-06 16:01:47.405,12971,12973,12973,1
2020-11-06 16:01:48.805,12971,12973,12972,2
2020-11-06 16:01:50.290,12972,12973,12973,1
2020-11-06 16:01:50.522,12972,12973,12973,1
2020-11-06 16:01:50.697,12972,12973,12973,1
2020-11-06 16:01:50.913,12972,12973,12973,1
2020-11-06 16:01:51.041,12972,12973,12973,1
2020-11-06 16:01:51.298,12972,12973,12973,1
2020-11-06 16:01:53.641,12972,12973,12973,3
2020-11-06 16:01:54.885,12972,12974,12974,1
2020-11-06 16:01:56.650,12973,12974,12974,1
2020-11-06 16:01:57.081,12973,12974,12974,1
2020-11-06 16:01:57.466,12973,12974,12973,1
2020-11-06 16:01:58.001,12973,12974,12974,1
2020-11-06 16:01:58.066,12973,12974,12973,2
2020-11-06 16:02:00.223,12972,12973,12973,1
2020-11-06 16:02:00.414,12972,12974,12972,1
2020-11-06 16:02:00.689,12972,12973,12973,1
2020-11-06 16:02:02.483,12972,12973,12973,1
2020-11-06 16:02:02.681,12973,12974,12973,2
2020-11-06 16:02:05.013,12972,12973,12973,1
2020-11-06 16:02:05.186,12972,12973,12973,2
2020-11-06 16:02:05.891,12973,12974,12973,1
2020-11-06 16:02:07.376,12973,12974,12973,1
2020-11-06 16:02:08.517,12972,12973,12973,1
2020-11-06 16:02:10.761,12972,12973,12973,1
2020-11-06 16:02:12.522,12972,12973,12973,5
2020-11-06 16:02:12.630,12972,12973,12973,2
2020-11-06 16:02:12.969,12972,12973,12972,1
2020-11-06 16:02:13.224,12972,12973,12973,1
2020-11-06 16:02:16.743,12972,12973,12972,13
2020-11-06 16:02:16.743,12972,12973,12971,2
2020-11-06 16:02:17.695,12972,12973,12973,2
2020-11-06 16:02:18.435,12972,12974,12972,1
2020-11-06 16:02:24.812,12971,12972,12972,1
2020-11-06 16:02:30.176,12972,12973,12972,1
2020-11-06 16:02:32.350,12972,12973,12972,4
2020-11-06 16:02:32.888,12972,12973,12972,1
2020-11-06 16:02:32.888,12972,12973,12972,18
2020-11-06 16:02:32.889,12972,12973,12972,2
2020-11-06 16:02:32.889,12972,12973,12972,4
2020-11-06 16:02:32.889,12972,12973,12972,6
2020-11-06 16:02:32.889,12972,12973,12972,1
2020-11-06 16:02:32.889,12972,12973,12972,4
2020-11-06 16:02:32.889,12972,12973,12972,11
2020-11-06 16:02:34.161,12971,12972,12972,1
2020-11-06 16:02:34.375,12971,12972,12972,1
2020-11-06 16:02:34.375,12971,12972,12973,1
2020-11-06 16:02:35.507,12971,12973,12972,1
2020-11-06 16:02:47.224,12972,12973,12972,1
2020-11-06 16:02:47.452,12972,12973,12973,1
2020-11-06 16:02:49.462,12972,12973,12973,1
2020-11-06 16:02:54.993,12972,12973,12972,2
2020-11-06 16:02:55.990,12972,12973,12973,7
2020-11-06 16:02:56.073,12973,12974,12973,1
2020-11-06 16:02:56.592,12973,12974,12973,2
2020-11-06 16:02:59.492,12973,12974,12974,1
2020-11-06 16:02:59.492,12973,12974,12974,17
2020-11-06 16:03:00.186,12974,12975,12975,1
2020-11-06 16:03:00.212,12974,12975,12975,10
2020-11-06 16:03:00.470,12974,12975,12975,1
2020-11-06 16:03:00.563,12974,12975,12975,4
2020-11-06 16:03:00.576,12974,12975,12975,4
2020-11-06 16:03:00.613,12974,12975,12975,1
2020-11-06 16:03:01.050,12974,12976,12976,1
2020-11-06 16:03:01.207,12974,12976,12976,1
2020-11-06 16:03:01.227,12974,12976,12976,1
2020-11-06 16:03:01.253,12974,12976,12976,1
2020-11-06 16:03:01.292,12974,12976,12976,1
2020-11-06 16:03:01.349,12974,12976,12976,2
2020-11-06 16:03:01.405,12974,12976,12976,1
2020-11-06 16:03:02.222,12975,12976,12976,1
2020-11-06 16:03:02.241,12975,12976,12976,1
2020-11-06 16:03:05.481,12976,12977,12976,1
2020-11-06 16:03:07.817,12975,12977,12975,1
2020-11-06 16:03:09.977,12975,12976,12976,3
2020-11-06 16:03:09.978,12975,12976,12976,1
2020-11-06 16:03:11.426,12975,12976,12976,1
2020-11-06 16:03:11.889,12975,12977,12977,1
2020-11-06 16:03:12.063,12975,12977,12975,1
2020-11-06 16:03:12.292,12975,12977,12977,1
2020-11-06 16:03:12.490,12975,12977,12975,1
2020-11-06 16:03:12.547,12975,12977,12976,1
2020-11-06 16:03:14.342,12976,12977,12976,2
2020-11-06 16:03:15.354,12975,12976,12976,1
2020-11-06 16:03:17.715,12975,12976,12975,1
2020-11-06 16:03:18.180,12974,12976,12976,1
2020-11-06 16:03:18.731,12974,12976,12976,15
2020-11-06 16:03:22.044,12974,12975,12975,1
2020-11-06 16:03:22.760,12974,12975,12974,2
2020-11-06 16:03:22.761,12974,12975,12974,4
2020-11-06 16:03:23.440,12973,12974,12973,1
2020-11-06 16:03:24.396,12973,12974,12973,1
2020-11-06 16:03:25.206,12973,12974,12974,3
2020-11-06 16:03:25.207,12973,12974,12974,2
2020-11-06 16:03:25.207,12973,12974,12974,4
2020-11-06 16:03:25.207,12973,12974,12974,1
2020-11-06 16:03:25.264,12973,12975,12973,1
2020-11-06 16:03:29.235,12974,12975,12975,1
2020-11-06 16:03:29.377,12974,12975,12974,2
2020-11-06 16:03:30.856,12973,12975,12974,1
2020-11-06 16:03:36.404,12973,12974,12974,1
2020-11-06 16:03:36.674,12973,12974,12974,2
2020-11-06 16:03:37.114,12973,12975,12975,1
2020-11-06 16:03:38.521,12973,12974,12974,3
2020-11-06 16:03:40.012,12974,12975,12974,1
2020-11-06 16:03:41.442,12974,12975,12975,2
2020-11-06 16:03:42.106,12974,12975,12974,1
2020-11-06 16:03:42.106,12974,12975,12974,2
2020-11-06 16:03:42.107,12974,12975,12974,4
2020-11-06 16:03:42.107,12974,12975,12974,1
2020-11-06 16:03:42.307,12973,12974,12974,1
2020-11-06 16:03:45.012,12973,12974,12974,1
2020-11-06 16:03:47.782,12974,12975,12974,1
2020-11-06 16:03:54.748,12974,12975,12974,1
2020-11-06 16:03:56.692,12974,12975,12975,2
2020-11-06 16:03:56.692,12974,12975,12975,9
2020-11-06 16:03:57.474,12974,12976,12974,1
2020-11-06 16:04:00.699,12975,12976,12975,1
2020-11-06 16:04:02.531,12975,12976,12975,1
2020-11-06 16:04:03.475,12975,12976,12976,1
2020-11-06 16:04:05.230,12975,12976,12975,4
2020-11-06 16:04:05.231,12975,12976,12975,5
2020-11-06 16:04:05.400,12974,12975,12975,4
2020-11-06 16:04:16.114,12975,12976,12975,1
2020-11-06 16:04:16.298,12975,12976,12976,1
2020-11-06 16:04:17.219,12975,12976,12976,4
2020-11-06 16:04:17.219,12975,12976,12976,3
2020-11-06 16:04:17.484,12975,12977,12976,1
2020-11-06 16:04:18.052,12975,12977,12975,3
2020-11-06 16:04:18.531,12975,12976,12976,1
2020-11-06 16:04:23.005,12975,12976,12975,1
2020-11-06 16:04:23.412,12975,12976,12975,1
2020-11-06 16:04:26.898,12975,12976,12975,1
2020-11-06 16:04:27.068,12975,12976,12976,3
2020-11-06 16:04:27.068,12975,12976,12976,1
2020-11-06 16:04:27.069,12975,12976,12976,1
2020-11-06 16:04:27.367,12975,12977,12975,1
2020-11-06 16:04:28.151,12976,12977,12976,2
2020-11-06 16:04:33.405,12975,12976,12976,1
2020-11-06 16:04:34.544,12975,12976,12976,1
2020-11-06 16:04:37.525,12975,12976,12976,2
2020-11-06 16:04:38.909,12975,12976,12976,1
2020-11-06 16:04:39.188,12975,12976,12976,1
2020-11-06 16:04:44.709,12976,12977,12977,2
2020-11-06 16:04:45.226,12976,12977,12977,1
2020-11-06 16:04:45.667,12976,12977,12977,30
2020-11-06 16:04:45.667,12976,12977,12977,1
2020-11-06 16:04:45.765,12976,12977,12977,1
2020-11-06 16:04:47.457,12976,12977,12977,1
2020-11-06 16:04:47.919,12976,12977,12976,1
2020-11-06 16:04:48.410,12976,12977,12977,1
2020-11-06 16:04:48.518,12976,12977,12977,1
2020-11-06 16:04:48.518,12976,12977,12977,2
2020-11-06 16:04:49.946,12977,12978,12977,1
2020-11-06 16:04:49.946,12977,12978,12976,12
2020-11-06 16:04:57.496,12976,12977,12977,2
2020-11-06 16:04:58.703,12976,12977,12977,1
2020-11-06 16:05:00.203,12976,12977,12977,1
2020-11-06 16:05:00.271,12976,12977,12977,1
2020-11-06 16:05:00.505,12976,12977,12977,1
2020-11-06 16:05:00.505,12976,12977,12978,1
2020-11-06 16:05:00.740,12976,12978,12978,4
2020-11-06 16:05:00.795,12977,12978,12978,2
2020-11-06 16:05:00.906,12977,12978,12978,4
2020-11-06 16:05:01.111,12977,12978,12978,1
2020-11-06 16:05:01.283,12977,12978,12978,1
2020-11-06 16:05:01.283,12977,12978,12978,6
2020-11-06 16:05:01.283,12977,12978,12978,1
2020-11-06 16:05:01.283,12977,12978,12978,3
2020-11-06 16:05:01.283,12977,12978,12978,10
2020-11-06 16:05:01.285,12977,12978,12977,1
2020-11-06 16:05:02.026,12977,12978,12977,2
2020-11-06 16:05:02.172,12977,12978,12978,2
2020-11-06 16:05:02.178,12977,12978,12977,2
2020-11-06 16:05:02.298,12977,12978,12978,1
2020-11-06 16:05:02.398,12977,12978,12978,6
2020-11-06 16:05:02.590,12977,12978,12977,1
2020-11-06 16:05:06.970,12976,12978,12978,10
2020-11-06 16:05:07.554,12977,12979,12978,1
2020-11-06 16:05:07.554,12977,12979,12979,35
2020-11-06 16:05:07.554,12977,12979,12980,64
2020-11-06 16:05:07.640,12978,12980,12980,1
2020-11-06 16:05:07.711,12978,12980,12978,1
2020-11-06 16:05:07.714,12978,12980,12980,1
2020-11-06 16:05:07.769,12978,12980,12980,2
2020-11-06 16:05:07.885,12978,12980,12979,1
2020-11-06 16:05:08.122,12978,12979,12979,2
2020-11-06 16:05:08.199,12978,12980,12980,1
2020-11-06 16:05:08.295,12979,12980,12980,1
2020-11-06 16:05:08.364,12979,12980,12980,1
2020-11-06 16:05:08.506,12979,12980,12980,1
2020-11-06 16:05:08.687,12979,12980,12980,1
2020-11-06 16:05:10.961,12978,12979,12979,3
2020-11-06 16:05:10.990,12978,12979,12978,1
2020-11-06 16:05:11.499,12978,12979,12979,1
2020-11-06 16:05:11.584,12978,12979,12979,1
2020-11-06 16:05:15.307,12978,12979,12979,1
2020-11-06 16:05:15.495,12978,12979,12979,1
2020-11-06 16:05:19.336,12978,12979,12978,1
2020-11-06 16:05:19.701,12978,12979,12979,2
2020-11-06 16:05:20.337,12978,12979,12979,3
2020-11-06 16:05:20.390,12978,12980,12980,1
2020-11-06 16:05:22.797,12978,12980,12979,3
2020-11-06 16:05:23.423,12978,12979,12979,1
2020-11-06 16:05:23.929,12978,12979,12979,1
2020-11-06 16:05:26.135,12978,12979,12978,4
2020-11-06 16:05:26.714,12978,12979,12979,1
2020-11-06 16:05:27.173,12978,12979,12979,4
2020-11-06 16:05:27.227,12978,12979,12979,1
2020-11-06 16:05:27.265,12978,12979,12979,1
2020-11-06 16:05:27.429,12978,12979,12979,1
2020-11-06 16:05:27.429,12978,12979,12980,1
2020-11-06 16:05:30.185,12978,12979,12979,1
2020-11-06 16:05:30.873,12978,12979,12979,2
2020-11-06 16:05:31.034,12979,12980,12979,1
2020-11-06 16:05:31.035,12979,12980,12979,3
2020-11-06 16:05:31.035,12979,12980,12979,2
2020-11-06 16:05:31.143,12978,12979,12979,4
2020-11-06 16:05:31.584,12979,12980,12979,1
2020-11-06 16:05:31.644,12979,12980,12980,2
2020-11-06 16:05:34.691,12979,12980,12980,1
2020-11-06 16:05:35.735,12979,12980,12980,40
2020-11-06 16:05:35.736,12979,12980,12980,19
2020-11-06 16:05:35.737,12979,12980,12981,1
2020-11-06 16:05:35.739,12979,12980,12981,1
2020-11-06 16:05:36.094,12980,12981,12981,1
2020-11-06 16:05:36.126,12980,12981,12981,2
2020-11-06 16:05:36.126,12980,12981,12981,1
2020-11-06 16:05:36.272,12980,12981,12981,1
2020-11-06 16:05:36.301,12980,12981,12981,1
2020-11-06 16:05:36.336,12980,12981,12981,1
2020-11-06 16:05:36.583,12980,12981,12980,1
2020-11-06 16:05:36.623,12980,12981,12980,1
2020-11-06 16:05:36.948,12980,12981,12981,1
2020-11-06 16:05:37.069,12980,12981,12981,1
2020-11-06 16:05:37.215,12980,12981,12980,1
2020-11-06 16:05:38.269,12980,12981,12980,2
2020-11-06 16:05:39.300,12980,12981,12980,1
2020-11-06 16:05:41.472,12980,12981,12980,1
2020-11-06 16:05:42.443,12979,12980,12980,2
2020-11-06 16:05:43.074,12979,12980,12980,1
2020-11-06 16:05:43.088,12979,12980,12979,1
2020-11-06 16:05:43.375,12979,12980,12979,1
2020-11-06 16:05:44.282,12979,12980,12979,2
2020-11-06 16:05:44.482,12979,12980,12979,1
2020-11-06 16:05:44.862,12979,12980,12980,1
2020-11-06 16:05:45.710,12979,12980,12980,1
2020-11-06 16:05:46.566,12979,12980,12979,1
2020-11-06 16:05:47.035,12979,12980,12979,1
2020-11-06 16:05:47.036,12979,12980,12979,1
2020-11-06 16:05:47.129,12979,12980,12979,1
2020-11-06 16:05:47.268,12978,12979,12979,1
2020-11-06 16:05:47.641,12978,12979,12979,3
2020-11-06 16:05:48.965,12978,12979,12979,1
2020-11-06 16:05:49.002,12978,12979,12978,1
2020-11-06 16:05:50.749,12978,12979,12979,1
2020-11-06 16:05:54.818,12979,12980,12980,1
2020-11-06 16:05:57.463,12979,12980,12980,1
2020-11-06 16:05:58.962,12979,12980,12979,1
2020-11-06 16:05:59.884,12979,12980,12980,2
2020-11-06 16:06:00.207,12979,12980,12980,1
2020-11-06 16:06:00.432,12979,12980,12980,7
2020-11-06 16:06:00.432,12979,12980,12981,3
2020-11-06 16:06:00.484,12979,12980,12981,1
2020-11-06 16:06:00.641,12980,12981,12980,1
2020-11-06 16:06:00.706,12980,12981,12980,1
2020-11-06 16:06:00.768,12979,12981,12981,2
2020-11-06 16:06:01.019,12979,12981,12981,3
2020-11-06 16:06:01.023,12979,12981,12981,3
2020-11-06 16:06:01.221,12980,12981,12981,1
2020-11-06 16:06:01.420,12980,12981,12981,4
2020-11-06 16:06:01.420,12980,12981,12981,1
2020-11-06 16:06:01.420,12980,12981,12981,3
2020-11-06 16:06:01.420,12980,12981,12981,1
2020-11-06 16:06:01.420,12980,12981,12981,7
2020-11-06 16:06:01.565,12980,12981,12981,1
2020-11-06 16:06:01.570,12980,12981,12980,1
2020-11-06 16:06:01.636,12980,12981,12980,1
2020-11-06 16:06:01.692,12980,12982,12982,2
2020-11-06 16:06:01.780,12980,12982,12982,1
2020-11-06 16:06:01.791,12980,12982,12982,4
2020-11-06 16:06:01.802,12980,12982,12982,1
2020-11-06 16:06:01.919,12980,12982,12980,1
2020-11-06 16:06:01.925,12980,12982,12982,2
2020-11-06 16:06:02.021,12980,12982,12980,2
2020-11-06 16:06:02.152,12980,12982,12982,1
2020-11-06 16:06:02.289,12980,12982,12982,2
2020-11-06 16:06:02.397,12980,12982,12982,2
2020-11-06 16:06:02.817,12980,12981,12981,2
2020-11-06 16:06:03.498,12980,12981,12981,1
2020-11-06 16:06:05.052,12979,12981,12979,1
2020-11-06 16:06:06.587,12980,12981,12981,1
2020-11-06 16:06:07.916,12980,12981,12981,2
2020-11-06 16:06:09.621,12980,12981,12980,1
2020-11-06 16:06:09.621,12980,12981,12980,2
2020-11-06 16:06:09.621,12980,12981,12980,1
2020-11-06 16:06:10.011,12979,12980,12980,1
2020-11-06 16:06:10.032,12979,12980,12980,1
2020-11-06 16:06:11.432,12979,12980,12980,1
2020-11-06 16:06:12.142,12979,12980,12979,1
2020-11-06 16:06:12.142,12979,12980,12979,1
2020-11-06 16:06:13.491,12978,12980,12980,1
2020-11-06 16:06:14.227,12979,12980,12979,2
2020-11-06 16:06:16.654,12979,12980,12979,1
2020-11-06 16:06:17.036,12978,12980,12978,1
2020-11-06 16:06:18.780,12978,12979,12979,1
2020-11-06 16:06:19.003,12978,12979,12979,1
2020-11-06 16:06:21.135,12978,12979,12979,1
2020-11-06 16:06:23.517,12978,12979,12979,2
2020-11-06 16:06:25.255,12978,12979,12978,2
2020-11-06 16:06:28.201,12978,12979,12978,1
2020-11-06 16:06:28.255,12978,12979,12979,1
