2021-11-29 15:00:00,17368,17368,17368,334,334
2021-11-29 15:00:00,17367,17367,17367,2,-2
2021-11-29 15:00:00,17368,17368,17368,2,2
2021-11-29 15:00:00,17368,17368,17368,4,4
2021-11-29 15:00:00,17368,17368,17368,4,4
2021-11-29 15:00:00,17368,17368,17368,8,8
2021-11-29 15:00:00,17369,17369,17369,4,4
2021-11-29 15:00:00,17369,17369,17369,2,2
2021-11-29 15:00:00,17369,17369,17369,2,2
2021-11-29 15:00:00,17369,17369,17369,6,6
2021-11-29 15:00:00,17369,17369,17369,22,22
2021-11-29 15:00:00,17370,17370,17370,2,2
2021-11-29 15:00:00,17370,17370,17370,4,4
2021-11-29 15:00:00,17370,17370,17370,2,2
2021-11-29 15:00:00,17370,17370,17370,2,2
2021-11-29 15:00:00,17370,17370,17370,4,4
2021-11-29 15:00:00,17370,17370,17370,4,4
2021-11-29 15:00:00,17371,17371,17371,2,2
2021-11-29 15:00:00,17371,17371,17371,2,2
2021-11-29 15:00:00,17371,17371,17371,2,2
2021-11-29 15:00:00,17372,17372,17372,6,6
2021-11-29 15:00:00,17373,17373,17373,12,12
2021-11-29 15:00:00,17373,17373,17373,2,2
2021-11-29 15:00:00,17374,17374,17374,2,2
2021-11-29 15:00:00,17374,17374,17374,2,2
2021-11-29 15:00:00,17373,17373,17373,2,-2
2021-11-29 15:00:00,17370,17370,17370,2,-2
2021-11-29 15:00:00,17369,17369,17369,2,-2
2021-11-29 15:00:00,17373,17373,17373,2,2
2021-11-29 15:00:00,17374,17374,17374,10,10
2021-11-29 15:00:00,17375,17375,17375,18,18
2021-11-29 15:00:00,17376,17376,17376,6,6
2021-11-29 15:00:00,17377,17377,17377,4,4
2021-11-29 15:00:00,17376,17376,17376,2,-2
2021-11-29 15:00:00,17376,17376,17376,2,2
2021-11-29 15:00:00,17377,17377,17377,2,2
2021-11-29 15:00:00,17375,17375,17375,2,-2
2021-11-29 15:00:00,17376,17376,17376,2,2
2021-11-29 15:00:00,17377,17377,17377,2,2
2021-11-29 15:00:00,17377,17377,17377,2,2
2021-11-29 15:00:00,17377,17377,17377,4,4
2021-11-29 15:00:00,17378,17378,17378,2,2
2021-11-29 15:00:00,17377,17377,17377,2,-2
2021-11-29 15:00:00,17378,17378,17378,8,8
2021-11-29 15:00:00,17378,17378,17378,2,2
2021-11-29 15:00:00,17377,17377,17377,2,-2
2021-11-29 15:00:00,17377,17377,17377,2,2
2021-11-29 15:00:00,17376,17376,17376,2,-2
2021-11-29 15:00:00,17376,17376,17376,2,2
2021-11-29 15:00:00,17375,17375,17375,2,-2
2021-11-29 15:00:00,17375,17375,17375,2,2
2021-11-29 15:00:00,17374,17374,17374,2,-2
2021-11-29 15:00:00,17374,17374,17374,2,2
2021-11-29 15:00:00,17374,17374,17374,2,2
2021-11-29 15:00:00,17373,17373,17373,2,-2
2021-11-29 15:00:00,17373,17373,17373,2,2
2021-11-29 15:00:00,17373,17373,17373,2,2
2021-11-29 15:00:00,17372,17372,17372,2,-2
2021-11-29 15:00:00,17372,17372,17372,2,2
2021-11-29 15:00:00,17372,17372,17372,2,2
2021-11-29 15:00:00,17370,17370,17370,2,-2
2021-11-29 15:00:00,17374,17374,17374,4,4
2021-11-29 15:00:00,17374,17374,17374,4,4
2021-11-29 15:00:00,17375,17375,17375,2,2
2021-11-29 15:00:00,17373,17373,17373,2,-2
2021-11-29 15:00:00,17371,17371,17371,2,-2
2021-11-29 15:00:00,17373,17373,17373,4,4
2021-11-29 15:00:00,17374,17374,17374,12,12
2021-11-29 15:00:00,17374,17374,17374,4,4
2021-11-29 15:00:00,17375,17375,17375,2,2
2021-11-29 15:00:00,17375,17375,17375,2,2
2021-11-29 15:00:01,17374,17374,17374,2,-2
2021-11-29 15:00:01,17371,17371,17371,2,-2
2021-11-29 15:00:01,17374,17374,17374,2,2
2021-11-29 15:00:01,17373,17373,17373,2,-2
2021-11-29 15:00:01,17372,17372,17372,2,-2
2021-11-29 15:00:01,17373,17373,17373,2,2
2021-11-29 15:00:01,17372,17372,17372,2,-2
2021-11-29 15:00:01,17371,17371,17371,2,-2
2021-11-29 15:00:01,17370,17370,17370,2,-2
2021-11-29 15:00:01,17370,17370,17370,2,2
2021-11-29 15:00:01,17370,17370,17370,2,2
2021-11-29 15:00:01,17374,17374,17374,2,2
2021-11-29 15:00:01,17374,17374,17374,2,2
2021-11-29 15:00:01,17375,17375,17375,4,4
2021-11-29 15:00:01,17375,17375,17375,2,2
2021-11-29 15:00:01,17375,17375,17375,12,12
2021-11-29 15:00:01,17371,17371,17371,2,-2
2021-11-29 15:00:01,17371,17371,17371,2,2
2021-11-29 15:00:01,17370,17370,17370,2,-2
2021-11-29 15:00:01,17371,17371,17371,2,2
2021-11-29 15:00:01,17372,17372,17372,4,4
2021-11-29 15:00:01,17373,17373,17373,2,2
2021-11-29 15:00:01,17373,17373,17373,2,2
2021-11-29 15:00:01,17374,17374,17374,4,4
2021-11-29 15:00:01,17375,17375,17375,2,2
2021-11-29 15:00:01,17372,17372,17372,2,-2
2021-11-29 15:00:01,17373,17373,17373,2,2
2021-11-29 15:00:01,17373,17373,17373,4,4
2021-11-29 15:00:01,17373,17373,17373,4,4
2021-11-29 15:00:01,17374,17374,17374,2,2
2021-11-29 15:00:01,17374,17374,17374,2,2
2021-11-29 15:00:01,17375,17375,17375,4,4
2021-11-29 15:00:01,17373,17373,17373,2,-2
2021-11-29 15:00:01,17374,17374,17374,2,2
2021-11-29 15:00:01,17372,17372,17372,2,-2
2021-11-29 15:00:01,17372,17372,17372,2,2
2021-11-29 15:00:01,17372,17372,17372,6,6
2021-11-29 15:00:01,17372,17372,17372,2,2
2021-11-29 15:00:01,17371,17371,17371,2,-2
2021-11-29 15:00:01,17374,17374,17374,2,2
2021-11-29 15:00:01,17370,17370,17370,2,-2
2021-11-29 15:00:01,17369,17369,17369,4,-4
2021-11-29 15:00:01,17367,17367,17367,6,-6
2021-11-29 15:00:01,17367,17367,17367,8,8
2021-11-29 15:00:01,17367,17367,17367,2,2
2021-11-29 15:00:01,17367,17367,17367,2,2
2021-11-29 15:00:02,17371,17371,17371,2,2
2021-11-29 15:00:02,17368,17368,17368,2,-2
2021-11-29 15:00:02,17367,17367,17367,8,-8
2021-11-29 15:00:02,17366,17366,17366,2,-2
2021-11-29 15:00:02,17366,17366,17366,2,2
2021-11-29 15:00:02,17365,17365,17365,2,-2
2021-11-29 15:00:02,17365,17365,17365,4,4
2021-11-29 15:00:02,17366,17366,17366,2,2
2021-11-29 15:00:02,17369,17369,17369,4,4
2021-11-29 15:00:02,17369,17369,17369,2,2
2021-11-29 15:00:02,17370,17370,17370,2,2
2021-11-29 15:00:02,17372,17372,17372,4,4
2021-11-29 15:00:02,17371,17371,17371,2,-2
2021-11-29 15:00:02,17371,17371,17371,2,2
2021-11-29 15:00:02,17370,17370,17370,2,-2
2021-11-29 15:00:02,17370,17370,17370,2,2
2021-11-29 15:00:02,17370,17370,17370,2,2
2021-11-29 15:00:02,17369,17369,17369,2,-2
2021-11-29 15:00:02,17370,17370,17370,4,4
2021-11-29 15:00:03,17369,17369,17369,2,-2
2021-11-29 15:00:03,17370,17370,17370,2,2
2021-11-29 15:00:03,17368,17368,17368,2,-2
2021-11-29 15:00:03,17368,17368,17368,2,2
2021-11-29 15:00:03,17367,17367,17367,2,-2
2021-11-29 15:00:03,17367,17367,17367,4,4
2021-11-29 15:00:03,17366,17366,17366,2,-2
2021-11-29 15:00:03,17366,17366,17366,2,2
2021-11-29 15:00:03,17366,17366,17366,4,4
2021-11-29 15:00:03,17365,17365,17365,2,-2
2021-11-29 15:00:03,17365,17365,17365,8,8
2021-11-29 15:00:03,17367,17367,17367,2,2
2021-11-29 15:00:03,17367,17367,17367,2,2
2021-11-29 15:00:03,17365,17365,17365,2,-2
2021-11-29 15:00:03,17366,17366,17366,2,2
2021-11-29 15:00:03,17367,17367,17367,2,2
2021-11-29 15:00:03,17368,17368,17368,2,2
2021-11-29 15:00:03,17365,17365,17365,2,-2
2021-11-29 15:00:03,17366,17366,17366,2,2
2021-11-29 15:00:03,17368,17368,17368,2,2
2021-11-29 15:00:03,17366,17366,17366,2,-2
2021-11-29 15:00:03,17365,17365,17365,2,-2
2021-11-29 15:00:03,17365,17365,17365,2,2
2021-11-29 15:00:03,17366,17366,17366,2,2
2021-11-29 15:00:03,17367,17367,17367,4,4
2021-11-29 15:00:03,17368,17368,17368,4,4
2021-11-29 15:00:03,17368,17368,17368,8,8
2021-11-29 15:00:03,17369,17369,17369,4,4
2021-11-29 15:00:03,17367,17367,17367,2,-2
2021-11-29 15:00:03,17368,17368,17368,6,6
2021-11-29 15:00:03,17366,17366,17366,2,-2
2021-11-29 15:00:04,17368,17368,17368,2,2
2021-11-29 15:00:04,17367,17367,17367,2,-2
2021-11-29 15:00:04,17366,17366,17366,2,-2
2021-11-29 15:00:04,17366,17366,17366,2,2
2021-11-29 15:00:04,17369,17369,17369,2,2
2021-11-29 15:00:04,17368,17368,17368,2,-2
2021-11-29 15:00:04,17370,17370,17370,4,4
2021-11-29 15:00:04,17369,17369,17369,2,-2
2021-11-29 15:00:04,17370,17370,17370,6,6
2021-11-29 15:00:04,17370,17370,17370,2,2
2021-11-29 15:00:04,17370,17370,17370,2,2
2021-11-29 15:00:04,17370,17370,17370,2,2
2021-11-29 15:00:04,17369,17369,17369,2,-2
2021-11-29 15:00:04,17369,17369,17369,2,2
2021-11-29 15:00:04,17368,17368,17368,2,-2
2021-11-29 15:00:04,17369,17369,17369,2,2
2021-11-29 15:00:05,17370,17370,17370,4,4
2021-11-29 15:00:05,17368,17368,17368,2,-2
2021-11-29 15:00:05,17370,17370,17370,2,2
2021-11-29 15:00:05,17371,17371,17371,2,2
2021-11-29 15:00:05,17368,17368,17368,2,-2
2021-11-29 15:00:05,17370,17370,17370,2,2
2021-11-29 15:00:05,17369,17369,17369,2,-2
2021-11-29 15:00:05,17371,17371,17371,2,2
2021-11-29 15:00:06,17371,17371,17371,2,2
2021-11-29 15:00:06,17372,17372,17372,2,2
2021-11-29 15:00:06,17371,17371,17371,2,-2
2021-11-29 15:00:06,17373,17373,17373,2,2
2021-11-29 15:00:06,17373,17373,17373,2,2
2021-11-29 15:00:06,17373,17373,17373,2,2
2021-11-29 15:00:06,17373,17373,17373,2,2
2021-11-29 15:00:07,17374,17374,17374,10,10
2021-11-29 15:00:07,17373,17373,17373,2,-2
2021-11-29 15:00:07,17373,17373,17373,4,4
2021-11-29 15:00:07,17372,17372,17372,2,-2
2021-11-29 15:00:07,17371,17371,17371,2,-2
2021-11-29 15:00:07,17374,17374,17374,2,2
2021-11-29 15:00:08,17373,17373,17373,2,-2
2021-11-29 15:00:09,17373,17373,17373,2,2
2021-11-29 15:00:09,17372,17372,17372,2,-2
2021-11-29 15:00:09,17373,17373,17373,2,2
2021-11-29 15:00:09,17374,17374,17374,4,4
2021-11-29 15:00:09,17374,17374,17374,2,2
2021-11-29 15:00:09,17373,17373,17373,2,-2
2021-11-29 15:00:10,17374,17374,17374,2,2
2021-11-29 15:00:10,17372,17372,17372,2,-2
2021-11-29 15:00:10,17372,17372,17372,2,2
2021-11-29 15:00:10,17373,17373,17373,2,2
2021-11-29 15:00:10,17372,17372,17372,2,-2
2021-11-29 15:00:11,17373,17373,17373,2,2
2021-11-29 15:00:11,17373,17373,17373,2,2
2021-11-29 15:00:12,17372,17372,17372,2,-2
2021-11-29 15:00:12,17373,17373,17373,2,2
2021-11-29 15:00:12,17372,17372,17372,2,-2
2021-11-29 15:00:12,17371,17371,17371,2,-2
2021-11-29 15:00:13,17373,17373,17373,2,2
2021-11-29 15:00:13,17372,17372,17372,2,-2
2021-11-29 15:00:13,17373,17373,17373,2,2
2021-11-29 15:00:13,17372,17372,17372,2,-2
2021-11-29 15:00:14,17372,17372,17372,4,4
2021-11-29 15:00:14,17372,17372,17372,4,4
2021-11-29 15:00:15,17370,17370,17370,20,-20
2021-11-29 15:00:17,17369,17369,17369,2,-2
2021-11-29 15:00:17,17370,17370,17370,2,2
2021-11-29 15:00:17,17368,17368,17368,2,-2
2021-11-29 15:00:18,17369,17369,17369,4,4
2021-11-29 15:00:18,17368,17368,17368,2,-2
2021-11-29 15:00:18,17370,17370,17370,4,4
2021-11-29 15:00:19,17368,17368,17368,2,-2
2021-11-29 15:00:19,17368,17368,17368,2,2
2021-11-29 15:00:19,17368,17368,17368,2,2
2021-11-29 15:00:20,17367,17367,17367,2,-2
2021-11-29 15:00:20,17368,17368,17368,2,2
2021-11-29 15:00:20,17369,17369,17369,2,2
2021-11-29 15:00:20,17367,17367,17367,2,-2
2021-11-29 15:00:20,17367,17367,17367,2,2
2021-11-29 15:00:20,17368,17368,17368,4,4
2021-11-29 15:00:22,17368,17368,17368,2,2
2021-11-29 15:00:22,17368,17368,17368,2,2
2021-11-29 15:00:22,17367,17367,17367,2,-2
2021-11-29 15:00:22,17367,17367,17367,2,2
2021-11-29 15:00:22,17367,17367,17367,2,2
2021-11-29 15:00:23,17367,17367,17367,2,2
2021-11-29 15:00:23,17367,17367,17367,4,4
2021-11-29 15:00:24,17366,17366,17366,2,-2
2021-11-29 15:00:24,17368,17368,17368,4,4
2021-11-29 15:00:24,17366,17366,17366,2,-2
2021-11-29 15:00:24,17366,17366,17366,2,2
2021-11-29 15:00:24,17366,17366,17366,4,4
2021-11-29 15:00:24,17366,17366,17366,2,2
2021-11-29 15:00:25,17366,17366,17366,2,2
2021-11-29 15:00:25,17366,17366,17366,2,2
2021-11-29 15:00:27,17367,17367,17367,2,2
2021-11-29 15:00:27,17368,17368,17368,2,2
2021-11-29 15:00:27,17366,17366,17366,2,-2
2021-11-29 15:00:27,17366,17366,17366,2,2
2021-11-29 15:00:27,17365,17365,17365,6,-6
2021-11-29 15:00:27,17365,17365,17365,2,2
2021-11-29 15:00:28,17365,17365,17365,2,2
2021-11-29 15:00:28,17365,17365,17365,2,2
2021-11-29 15:00:28,17365,17365,17365,2,2
2021-11-29 15:00:28,17365,17365,17365,2,2
2021-11-29 15:00:28,17365,17365,17365,2,2
2021-11-29 15:00:28,17365,17365,17365,2,2
2021-11-29 15:00:28,17365,17365,17365,2,2
2021-11-29 15:00:28,17364,17364,17364,2,-2
2021-11-29 15:00:28,17366,17366,17366,10,10
2021-11-29 15:00:28,17366,17366,17366,2,2
2021-11-29 15:00:29,17367,17367,17367,2,2
2021-11-29 15:00:29,17366,17366,17366,2,-2
2021-11-29 15:00:30,17366,17366,17366,2,2
2021-11-29 15:00:31,17366,17366,17366,2,2
2021-11-29 15:00:31,17366,17366,17366,2,2
2021-11-29 15:00:32,17365,17365,17365,2,-2
2021-11-29 15:00:34,17366,17366,17366,2,2
2021-11-29 15:00:34,17365,17365,17365,2,-2
2021-11-29 15:00:34,17365,17365,17365,2,2
2021-11-29 15:00:35,17365,17365,17365,2,2
2021-11-29 15:00:36,17365,17365,17365,2,2
2021-11-29 15:00:36,17365,17365,17365,2,2
2021-11-29 15:00:36,17365,17365,17365,4,4
2021-11-29 15:00:36,17365,17365,17365,2,2
2021-11-29 15:00:38,17365,17365,17365,2,2
2021-11-29 15:00:38,17364,17364,17364,8,-8
2021-11-29 15:00:38,17364,17364,17364,2,2
2021-11-29 15:00:38,17364,17364,17364,2,2
2021-11-29 15:00:38,17364,17364,17364,2,2
2021-11-29 15:00:38,17364,17364,17364,16,16
2021-11-29 15:00:38,17364,17364,17364,2,2
2021-11-29 15:00:39,17364,17364,17364,2,2
2021-11-29 15:00:40,17364,17364,17364,4,4
2021-11-29 15:00:42,17364,17364,17364,2,2
2021-11-29 15:00:43,17364,17364,17364,2,2
2021-11-29 15:00:44,17364,17364,17364,2,2
2021-11-29 15:00:44,17364,17364,17364,2,2
2021-11-29 15:00:44,17364,17364,17364,2,2
2021-11-29 15:00:44,17364,17364,17364,2,2
2021-11-29 15:00:45,17364,17364,17364,2,2
2021-11-29 15:00:46,17364,17364,17364,2,2
2021-11-29 15:00:46,17364,17364,17364,10,10
2021-11-29 15:00:47,17364,17364,17364,2,2
2021-11-29 15:00:47,17364,17364,17364,2,2
2021-11-29 15:00:48,17364,17364,17364,2,2
2021-11-29 15:00:49,17364,17364,17364,2,2
2021-11-29 15:00:49,17363,17363,17363,2,-2
2021-11-29 15:00:49,17363,17363,17363,2,2
2021-11-29 15:00:49,17363,17363,17363,2,2
2021-11-29 15:00:49,17364,17364,17364,2,2
2021-11-29 15:00:49,17364,17364,17364,2,2
2021-11-29 15:00:49,17364,17364,17364,2,2
2021-11-29 15:00:50,17363,17363,17363,2,-2
2021-11-29 15:00:50,17363,17363,17363,2,2
2021-11-29 15:00:50,17363,17363,17363,2,2
2021-11-29 15:00:50,17364,17364,17364,2,2
2021-11-29 15:00:50,17364,17364,17364,2,2
2021-11-29 15:00:50,17362,17362,17362,2,-2
2021-11-29 15:00:50,17362,17362,17362,2,2
2021-11-29 15:00:51,17363,17363,17363,4,4
2021-11-29 15:00:51,17364,17364,17364,6,6
2021-11-29 15:00:51,17363,17363,17363,2,-2
2021-11-29 15:00:52,17362,17362,17362,2,-2
2021-11-29 15:00:52,17363,17363,17363,2,2
2021-11-29 15:00:54,17362,17362,17362,2,-2
2021-11-29 15:00:59,17362,17362,17362,2,2
2021-11-29 15:00:59,17362,17362,17362,2,2
2021-11-29 15:00:59,17361,17361,17361,2,-2
2021-11-29 15:00:59,17362,17362,17362,2,2
2021-11-29 15:00:59,17362,17362,17362,2,2
2021-11-29 15:01:00,17362,17362,17362,2,2
2021-11-29 15:01:00,17362,17362,17362,2,2
2021-11-29 15:01:00,17362,17362,17362,2,2
2021-11-29 15:01:00,17362,17362,17362,2,2
2021-11-29 15:01:00,17362,17362,17362,2,2
2021-11-29 15:01:00,17362,17362,17362,2,2
2021-11-29 15:01:00,17362,17362,17362,2,2
2021-11-29 15:01:00,17362,17362,17362,2,2
2021-11-29 15:01:00,17362,17362,17362,2,2
2021-11-29 15:01:00,17362,17362,17362,2,2
2021-11-29 15:01:01,17362,17362,17362,10,10
2021-11-29 15:01:02,17362,17362,17362,2,2
2021-11-29 15:01:02,17361,17361,17361,2,-2
2021-11-29 15:01:02,17361,17361,17361,2,2
2021-11-29 15:01:02,17361,17361,17361,2,2
2021-11-29 15:01:02,17361,17361,17361,2,2
2021-11-29 15:01:02,17361,17361,17361,2,2
2021-11-29 15:01:02,17361,17361,17361,2,2
2021-11-29 15:01:02,17361,17361,17361,2,2
2021-11-29 15:01:03,17361,17361,17361,2,2
2021-11-29 15:01:04,17361,17361,17361,2,2
2021-11-29 15:01:04,17360,17360,17360,2,-2
2021-11-29 15:01:04,17360,17360,17360,2,2
2021-11-29 15:01:04,17360,17360,17360,4,4
2021-11-29 15:01:04,17360,17360,17360,2,2
2021-11-29 15:01:05,17359,17359,17359,2,-2
2021-11-29 15:01:06,17359,17359,17359,2,2
2021-11-29 15:01:06,17359,17359,17359,2,2
2021-11-29 15:01:08,17358,17358,17358,2,-2
2021-11-29 15:01:08,17358,17358,17358,4,4
2021-11-29 15:01:08,17358,17358,17358,2,2
2021-11-29 15:01:08,17358,17358,17358,2,2
2021-11-29 15:01:09,17358,17358,17358,2,2
2021-11-29 15:01:09,17358,17358,17358,2,2
2021-11-29 15:01:09,17358,17358,17358,2,2
2021-11-29 15:01:10,17357,17357,17357,2,-2
2021-11-29 15:01:10,17357,17357,17357,2,2
2021-11-29 15:01:10,17357,17357,17357,2,2
2021-11-29 15:01:10,17358,17358,17358,2,2
2021-11-29 15:01:11,17359,17359,17359,2,2
2021-11-29 15:01:11,17358,17358,17358,2,-2
2021-11-29 15:01:11,17358,17358,17358,4,4
2021-11-29 15:01:11,17358,17358,17358,32,32
2021-11-29 15:01:11,17358,17358,17358,2,2
2021-11-29 15:01:12,17357,17357,17357,2,-2
2021-11-29 15:01:12,17357,17357,17357,2,2
2021-11-29 15:01:12,17356,17356,17356,2,-2
2021-11-29 15:01:12,17357,17357,17357,2,2
2021-11-29 15:01:13,17358,17358,17358,2,2
2021-11-29 15:01:13,17357,17357,17357,2,-2
2021-11-29 15:01:13,17357,17357,17357,2,2
2021-11-29 15:01:13,17357,17357,17357,2,2
2021-11-29 15:01:13,17357,17357,17357,2,2
2021-11-29 15:01:16,17356,17356,17356,2,-2
2021-11-29 15:01:16,17356,17356,17356,2,2
2021-11-29 15:01:16,17356,17356,17356,2,2
2021-11-29 15:01:16,17356,17356,17356,2,2
2021-11-29 15:01:16,17356,17356,17356,2,2
2021-11-29 15:01:16,17356,17356,17356,2,2
2021-11-29 15:01:16,17356,17356,17356,6,6
2021-11-29 15:01:16,17356,17356,17356,2,2
2021-11-29 15:01:16,17356,17356,17356,6,6
2021-11-29 15:01:16,17358,17358,17358,2,2
2021-11-29 15:01:16,17358,17358,17358,2,2
2021-11-29 15:01:17,17358,17358,17358,2,2
2021-11-29 15:01:18,17358,17358,17358,2,2
2021-11-29 15:01:18,17358,17358,17358,2,2
2021-11-29 15:01:19,17357,17357,17357,2,-2
2021-11-29 15:01:19,17358,17358,17358,2,2
2021-11-29 15:01:21,17356,17356,17356,2,-2
2021-11-29 15:01:21,17357,17357,17357,6,6
2021-11-29 15:01:23,17358,17358,17358,12,12
2021-11-29 15:01:24,17357,17357,17357,2,-2
2021-11-29 15:01:24,17358,17358,17358,2,2
2021-11-29 15:01:25,17356,17356,17356,2,-2
2021-11-29 15:01:25,17357,17357,17357,2,2
2021-11-29 15:01:25,17357,17357,17357,8,8
2021-11-29 15:01:25,17358,17358,17358,2,2
2021-11-29 15:01:26,17357,17357,17357,6,-6
2021-11-29 15:01:29,17356,17356,17356,2,-2
2021-11-29 15:01:29,17356,17356,17356,4,4
2021-11-29 15:01:31,17355,17355,17355,2,-2
2021-11-29 15:01:31,17355,17355,17355,4,4
2021-11-29 15:01:31,17355,17355,17355,2,2
2021-11-29 15:01:32,17354,17354,17354,2,-2
2021-11-29 15:01:32,17354,17354,17354,2,2
2021-11-29 15:01:32,17354,17354,17354,2,2
2021-11-29 15:01:32,17353,17353,17353,2,-2
2021-11-29 15:01:32,17353,17353,17353,2,2
2021-11-29 15:01:34,17353,17353,17353,2,2
2021-11-29 15:01:34,17353,17353,17353,2,2
2021-11-29 15:01:35,17353,17353,17353,2,2
2021-11-29 15:01:35,17353,17353,17353,2,2
2021-11-29 15:01:35,17352,17352,17352,2,-2
2021-11-29 15:01:35,17352,17352,17352,2,2
2021-11-29 15:01:35,17351,17351,17351,2,-2
2021-11-29 15:01:35,17352,17352,17352,2,2
2021-11-29 15:01:35,17353,17353,17353,2,2
2021-11-29 15:01:38,17351,17351,17351,2,-2
2021-11-29 15:01:38,17351,17351,17351,2,2
2021-11-29 15:01:39,17353,17353,17353,10,10
2021-11-29 15:01:39,17351,17351,17351,2,-2
2021-11-29 15:01:40,17352,17352,17352,2,2
2021-11-29 15:01:40,17352,17352,17352,2,2
2021-11-29 15:01:41,17351,17351,17351,2,-2
2021-11-29 15:01:41,17353,17353,17353,2,2
2021-11-29 15:01:42,17352,17352,17352,2,-2
2021-11-29 15:01:42,17351,17351,17351,2,-2
2021-11-29 15:01:45,17351,17351,17351,2,2
2021-11-29 15:01:48,17352,17352,17352,2,2
2021-11-29 15:01:48,17352,17352,17352,2,2
2021-11-29 15:01:49,17351,17351,17351,2,-2
2021-11-29 15:01:50,17351,17351,17351,2,2
2021-11-29 15:01:50,17351,17351,17351,4,4
2021-11-29 15:01:50,17351,17351,17351,2,2
2021-11-29 15:01:51,17351,17351,17351,6,6
2021-11-29 15:01:51,17351,17351,17351,4,4
2021-11-29 15:01:51,17351,17351,17351,2,2
2021-11-29 15:01:51,17352,17352,17352,2,2
2021-11-29 15:01:52,17351,17351,17351,2,-2
2021-11-29 15:01:52,17351,17351,17351,2,2
2021-11-29 15:01:52,17351,17351,17351,2,2
2021-11-29 15:01:52,17351,17351,17351,2,2
2021-11-29 15:01:52,17351,17351,17351,2,2
2021-11-29 15:01:52,17352,17352,17352,2,2
2021-11-29 15:01:52,17351,17351,17351,2,-2
2021-11-29 15:01:53,17351,17351,17351,2,2
2021-11-29 15:01:54,17351,17351,17351,2,2
2021-11-29 15:01:54,17351,17351,17351,2,2
2021-11-29 15:01:54,17350,17350,17350,6,-6
2021-11-29 15:01:54,17351,17351,17351,2,2
2021-11-29 15:01:56,17350,17350,17350,2,-2
2021-11-29 15:01:56,17350,17350,17350,2,2
2021-11-29 15:01:56,17350,17350,17350,2,2
2021-11-29 15:01:56,17350,17350,17350,2,2
2021-11-29 15:01:57,17350,17350,17350,2,2
2021-11-29 15:01:58,17350,17350,17350,2,2
2021-11-29 15:01:59,17350,17350,17350,2,2
2021-11-29 15:01:59,17349,17349,17349,2,-2
2021-11-29 15:02:00,17349,17349,17349,4,4
2021-11-29 15:02:00,17349,17349,17349,2,2
2021-11-29 15:02:00,17349,17349,17349,2,2
2021-11-29 15:02:00,17349,17349,17349,2,2
2021-11-29 15:02:00,17349,17349,17349,2,2
2021-11-29 15:02:00,17348,17348,17348,2,-2
2021-11-29 15:02:00,17348,17348,17348,2,2
2021-11-29 15:02:00,17348,17348,17348,2,2
2021-11-29 15:02:00,17348,17348,17348,2,2
2021-11-29 15:02:01,17349,17349,17349,2,2
2021-11-29 15:02:01,17349,17349,17349,4,4
2021-11-29 15:02:01,17350,17350,17350,2,2
2021-11-29 15:02:02,17348,17348,17348,2,-2
2021-11-29 15:02:02,17348,17348,17348,2,2
2021-11-29 15:02:02,17348,17348,17348,2,2
2021-11-29 15:02:02,17348,17348,17348,2,2
2021-11-29 15:02:02,17349,17349,17349,2,2
2021-11-29 15:02:02,17350,17350,17350,2,2
2021-11-29 15:02:03,17350,17350,17350,2,2
2021-11-29 15:02:04,17349,17349,17349,2,-2
2021-11-29 15:02:06,17349,17349,17349,2,2
2021-11-29 15:02:06,17350,17350,17350,2,2
2021-11-29 15:02:09,17348,17348,17348,2,-2
2021-11-29 15:02:09,17348,17348,17348,2,2
2021-11-29 15:02:09,17348,17348,17348,4,4
2021-11-29 15:02:10,17347,17347,17347,2,-2
2021-11-29 15:02:10,17348,17348,17348,2,2
2021-11-29 15:02:11,17347,17347,17347,2,-2
2021-11-29 15:02:12,17348,17348,17348,2,2
2021-11-29 15:02:12,17349,17349,17349,2,2
2021-11-29 15:02:12,17348,17348,17348,2,-2
2021-11-29 15:02:13,17349,17349,17349,2,2
2021-11-29 15:02:14,17348,17348,17348,2,-2
2021-11-29 15:02:14,17348,17348,17348,2,2
2021-11-29 15:02:16,17348,17348,17348,2,2
2021-11-29 15:02:16,17347,17347,17347,2,-2
2021-11-29 15:02:16,17347,17347,17347,2,2
2021-11-29 15:02:16,17347,17347,17347,2,2
2021-11-29 15:02:17,17347,17347,17347,2,2
2021-11-29 15:02:17,17348,17348,17348,2,2
2021-11-29 15:02:19,17347,17347,17347,2,-2
2021-11-29 15:02:19,17347,17347,17347,2,2
2021-11-29 15:02:19,17346,17346,17346,2,-2
2021-11-29 15:02:19,17347,17347,17347,2,2
2021-11-29 15:02:20,17346,17346,17346,2,-2
2021-11-29 15:02:20,17346,17346,17346,8,8
2021-11-29 15:02:20,17346,17346,17346,10,10
2021-11-29 15:02:20,17346,17346,17346,2,2
2021-11-29 15:02:24,17346,17346,17346,2,2
2021-11-29 15:02:25,17345,17345,17345,2,-2
2021-11-29 15:02:26,17345,17345,17345,2,2
2021-11-29 15:02:26,17345,17345,17345,2,2
2021-11-29 15:02:26,17345,17345,17345,2,2
2021-11-29 15:02:27,17345,17345,17345,2,2
2021-11-29 15:02:30,17344,17344,17344,2,-2
2021-11-29 15:02:30,17344,17344,17344,2,2
2021-11-29 15:02:30,17344,17344,17344,2,2
2021-11-29 15:02:31,17343,17343,17343,2,-2
2021-11-29 15:02:31,17343,17343,17343,18,18
2021-11-29 15:02:31,17343,17343,17343,2,2
2021-11-29 15:02:31,17343,17343,17343,2,2
2021-11-29 15:02:31,17343,17343,17343,2,2
2021-11-29 15:02:31,17343,17343,17343,4,4
2021-11-29 15:02:31,17342,17342,17342,2,-2
2021-11-29 15:02:31,17342,17342,17342,2,2
2021-11-29 15:02:31,17341,17341,17341,2,-2
2021-11-29 15:02:31,17341,17341,17341,2,2
2021-11-29 15:02:32,17343,17343,17343,2,2
2021-11-29 15:02:33,17343,17343,17343,2,2
2021-11-29 15:02:33,17343,17343,17343,6,6
2021-11-29 15:02:35,17342,17342,17342,2,-2
2021-11-29 15:02:36,17342,17342,17342,2,2
2021-11-29 15:02:36,17342,17342,17342,2,2
2021-11-29 15:02:36,17341,17341,17341,2,-2
2021-11-29 15:02:36,17341,17341,17341,2,2
2021-11-29 15:02:36,17341,17341,17341,2,2
2021-11-29 15:02:37,17342,17342,17342,2,2
2021-11-29 15:02:38,17340,17340,17340,2,-2
2021-11-29 15:02:39,17341,17341,17341,2,2
2021-11-29 15:02:41,17341,17341,17341,2,2
2021-11-29 15:02:41,17340,17340,17340,2,-2
2021-11-29 15:02:42,17340,17340,17340,2,2
2021-11-29 15:02:43,17341,17341,17341,2,2
2021-11-29 15:02:44,17342,17342,17342,10,10
2021-11-29 15:02:45,17341,17341,17341,2,-2
2021-11-29 15:02:46,17342,17342,17342,2,2
2021-11-29 15:02:48,17342,17342,17342,2,2
2021-11-29 15:02:48,17343,17343,17343,2,2
2021-11-29 15:02:48,17344,17344,17344,2,2
2021-11-29 15:02:48,17344,17344,17344,4,4
2021-11-29 15:02:49,17343,17343,17343,2,-2
2021-11-29 15:02:49,17343,17343,17343,2,2
2021-11-29 15:02:49,17343,17343,17343,2,2
2021-11-29 15:02:49,17342,17342,17342,2,-2
2021-11-29 15:02:49,17342,17342,17342,2,2
2021-11-29 15:02:49,17344,17344,17344,2,2
2021-11-29 15:02:49,17344,17344,17344,2,2
2021-11-29 15:02:49,17345,17345,17345,2,2
2021-11-29 15:02:49,17345,17345,17345,2,2
2021-11-29 15:02:49,17345,17345,17345,6,6
2021-11-29 15:02:50,17343,17343,17343,2,-2
2021-11-29 15:02:50,17343,17343,17343,2,2
2021-11-29 15:02:50,17343,17343,17343,2,2
2021-11-29 15:02:50,17345,17345,17345,2,2
2021-11-29 15:02:52,17346,17346,17346,2,2
2021-11-29 15:02:52,17346,17346,17346,2,2
2021-11-29 15:02:54,17346,17346,17346,2,2
2021-11-29 15:02:54,17345,17345,17345,2,-2
2021-11-29 15:02:54,17345,17345,17345,2,2
2021-11-29 15:02:55,17344,17344,17344,2,-2
2021-11-29 15:02:56,17344,17344,17344,2,2
2021-11-29 15:02:56,17344,17344,17344,2,2
2021-11-29 15:02:56,17345,17345,17345,2,2
2021-11-29 15:02:57,17344,17344,17344,2,-2
2021-11-29 15:02:57,17343,17343,17343,2,-2
2021-11-29 15:03:00,17344,17344,17344,2,2
2021-11-29 15:03:00,17345,17345,17345,2,2
2021-11-29 15:03:00,17345,17345,17345,2,2
2021-11-29 15:03:00,17345,17345,17345,2,2
2021-11-29 15:03:00,17344,17344,17344,2,-2
2021-11-29 15:03:00,17344,17344,17344,2,2
2021-11-29 15:03:01,17345,17345,17345,2,2
2021-11-29 15:03:01,17345,17345,17345,8,8
2021-11-29 15:03:01,17345,17345,17345,8,8
2021-11-29 15:03:01,17346,17346,17346,2,2
2021-11-29 15:03:02,17345,17345,17345,2,-2
2021-11-29 15:03:03,17345,17345,17345,4,4
2021-11-29 15:03:03,17345,17345,17345,2,2
2021-11-29 15:03:04,17345,17345,17345,2,2
2021-11-29 15:03:05,17345,17345,17345,2,2
2021-11-29 15:03:07,17345,17345,17345,2,2
2021-11-29 15:03:07,17346,17346,17346,2,2
2021-11-29 15:03:07,17346,17346,17346,2,2
2021-11-29 15:03:09,17346,17346,17346,2,2
2021-11-29 15:03:10,17346,17346,17346,2,2
2021-11-29 15:03:12,17346,17346,17346,4,4
2021-11-29 15:03:13,17346,17346,17346,2,2
2021-11-29 15:03:13,17346,17346,17346,2,2
2021-11-29 15:03:13,17347,17347,17347,8,8
2021-11-29 15:03:14,17345,17345,17345,2,-2
2021-11-29 15:03:14,17345,17345,17345,2,2
2021-11-29 15:03:15,17345,17345,17345,2,2
2021-11-29 15:03:15,17345,17345,17345,2,2
2021-11-29 15:03:16,17345,17345,17345,2,2
2021-11-29 15:03:16,17345,17345,17345,2,2
2021-11-29 15:03:18,17347,17347,17347,2,2
2021-11-29 15:03:25,17347,17347,17347,2,2
2021-11-29 15:03:25,17346,17346,17346,2,-2
2021-11-29 15:03:26,17345,17345,17345,2,-2
2021-11-29 15:03:29,17346,17346,17346,2,2
2021-11-29 15:03:29,17347,17347,17347,2,2
2021-11-29 15:03:30,17347,17347,17347,4,4
2021-11-29 15:03:32,17346,17346,17346,2,-2
2021-11-29 15:03:32,17345,17345,17345,2,-2
2021-11-29 15:03:32,17345,17345,17345,2,2
2021-11-29 15:03:33,17345,17345,17345,2,2
2021-11-29 15:03:33,17345,17345,17345,2,2
2021-11-29 15:03:33,17345,17345,17345,2,2
2021-11-29 15:03:33,17345,17345,17345,4,4
2021-11-29 15:03:35,17345,17345,17345,2,2
2021-11-29 15:03:37,17345,17345,17345,2,2
2021-11-29 15:03:39,17344,17344,17344,2,-2
2021-11-29 15:03:39,17344,17344,17344,2,2
2021-11-29 15:03:40,17344,17344,17344,2,2
2021-11-29 15:03:40,17343,17343,17343,2,-2
2021-11-29 15:03:40,17343,17343,17343,4,4
2021-11-29 15:03:49,17343,17343,17343,2,2
2021-11-29 15:03:49,17343,17343,17343,2,2
2021-11-29 15:03:50,17342,17342,17342,2,-2
2021-11-29 15:03:52,17342,17342,17342,2,2
2021-11-29 15:03:52,17342,17342,17342,2,2
2021-11-29 15:03:53,17344,17344,17344,2,2
2021-11-29 15:03:53,17344,17344,17344,6,6
2021-11-29 15:03:53,17345,17345,17345,4,4
2021-11-29 15:03:56,17346,17346,17346,2,2
2021-11-29 15:03:56,17347,17347,17347,4,4
2021-11-29 15:03:56,17347,17347,17347,2,2
2021-11-29 15:03:56,17347,17347,17347,2,2
2021-11-29 15:04:00,17348,17348,17348,2,2
2021-11-29 15:04:00,17348,17348,17348,6,6
2021-11-29 15:04:00,17348,17348,17348,4,4
2021-11-29 15:04:00,17349,17349,17349,2,2
2021-11-29 15:04:00,17349,17349,17349,2,2
2021-11-29 15:04:00,17349,17349,17349,2,2
2021-11-29 15:04:00,17349,17349,17349,2,2
2021-11-29 15:04:00,17349,17349,17349,2,2
2021-11-29 15:04:00,17349,17349,17349,2,2
2021-11-29 15:04:00,17349,17349,17349,2,2
2021-11-29 15:04:00,17349,17349,17349,2,2
2021-11-29 15:04:01,17347,17347,17347,2,-2
2021-11-29 15:04:01,17349,17349,17349,2,2
2021-11-29 15:04:01,17349,17349,17349,8,8
2021-11-29 15:04:03,17349,17349,17349,4,4
2021-11-29 15:04:04,17347,17347,17347,2,-2
2021-11-29 15:04:05,17346,17346,17346,2,-2
2021-11-29 15:04:06,17346,17346,17346,2,2
2021-11-29 15:04:06,17346,17346,17346,6,6
2021-11-29 15:04:06,17346,17346,17346,2,2
2021-11-29 15:04:07,17346,17346,17346,2,2
2021-11-29 15:04:09,17346,17346,17346,4,4
2021-11-29 15:04:11,17347,17347,17347,2,2
2021-11-29 15:04:11,17347,17347,17347,4,4
2021-11-29 15:04:11,17348,17348,17348,4,4
2021-11-29 15:04:13,17348,17348,17348,2,2
2021-11-29 15:04:13,17347,17347,17347,2,-2
2021-11-29 15:04:13,17347,17347,17347,2,2
2021-11-29 15:04:13,17347,17347,17347,2,2
2021-11-29 15:04:13,17347,17347,17347,2,2
2021-11-29 15:04:13,17347,17347,17347,2,2
2021-11-29 15:04:14,17349,17349,17349,12,12
2021-11-29 15:04:15,17349,17349,17349,2,2
2021-11-29 15:04:16,17349,17349,17349,2,2
2021-11-29 15:04:18,17350,17350,17350,2,2
2021-11-29 15:04:23,17348,17348,17348,4,-4
2021-11-29 15:04:26,17348,17348,17348,2,2
2021-11-29 15:04:29,17348,17348,17348,4,4
2021-11-29 15:04:33,17349,17349,17349,10,10
2021-11-29 15:04:35,17348,17348,17348,2,-2
2021-11-29 15:04:37,17350,17350,17350,12,12
2021-11-29 15:04:37,17349,17349,17349,2,-2
2021-11-29 15:04:37,17349,17349,17349,2,2
2021-11-29 15:04:39,17348,17348,17348,2,-2
2021-11-29 15:04:42,17349,17349,17349,2,2
2021-11-29 15:04:42,17349,17349,17349,38,38
2021-11-29 15:04:42,17350,17350,17350,2,2
2021-11-29 15:04:42,17350,17350,17350,6,6
2021-11-29 15:04:42,17350,17350,17350,2,2
2021-11-29 15:04:42,17350,17350,17350,10,10
2021-11-29 15:04:42,17350,17350,17350,2,2
2021-11-29 15:04:42,17350,17350,17350,2,2
2021-11-29 15:04:42,17350,17350,17350,2,2
2021-11-29 15:04:42,17350,17350,17350,16,16
2021-11-29 15:04:42,17351,17351,17351,10,10
2021-11-29 15:04:42,17352,17352,17352,2,2
2021-11-29 15:04:42,17351,17351,17351,2,-2
2021-11-29 15:04:42,17351,17351,17351,2,2
2021-11-29 15:04:42,17350,17350,17350,4,-4
2021-11-29 15:04:42,17350,17350,17350,2,2
2021-11-29 15:04:44,17352,17352,17352,2,2
2021-11-29 15:04:47,17352,17352,17352,8,8
2021-11-29 15:04:50,17352,17352,17352,2,2
2021-11-29 15:04:52,17353,17353,17353,14,14
2021-11-29 15:04:53,17353,17353,17353,2,2
2021-11-29 15:04:54,17354,17354,17354,2,2
2021-11-29 15:04:54,17354,17354,17354,22,22
2021-11-29 15:04:58,17354,17354,17354,2,2
2021-11-29 15:04:59,17355,17355,17355,4,4
2021-11-29 15:05:00,17355,17355,17355,2,2
2021-11-29 15:05:01,17354,17354,17354,2,-2
2021-11-29 15:05:01,17355,17355,17355,2,2
2021-11-29 15:05:01,17354,17354,17354,2,-2
2021-11-29 15:05:02,17355,17355,17355,2,2
2021-11-29 15:05:02,17356,17356,17356,2,2
2021-11-29 15:05:03,17356,17356,17356,2,2
2021-11-29 15:05:03,17357,17357,17357,2,2
2021-11-29 15:05:04,17354,17354,17354,2,-2
2021-11-29 15:05:04,17354,17354,17354,4,4
2021-11-29 15:05:05,17355,17355,17355,2,2
2021-11-29 15:05:05,17356,17356,17356,2,2
2021-11-29 15:05:07,17355,17355,17355,2,-2
2021-11-29 15:05:08,17354,17354,17354,2,-2
2021-11-29 15:05:08,17354,17354,17354,2,2
2021-11-29 15:05:08,17354,17354,17354,2,2
2021-11-29 15:05:13,17354,17354,17354,6,6
2021-11-29 15:05:16,17354,17354,17354,4,4
2021-11-29 15:05:18,17355,17355,17355,8,8
2021-11-29 15:05:18,17356,17356,17356,20,20
2021-11-29 15:05:18,17355,17355,17355,2,-2
2021-11-29 15:05:18,17354,17354,17354,2,-2
2021-11-29 15:05:19,17354,17354,17354,48,48
2021-11-29 15:05:19,17354,17354,17354,2,2
2021-11-29 15:05:19,17353,17353,17353,4,-4
2021-11-29 15:05:19,17353,17353,17353,2,2
2021-11-29 15:05:19,17352,17352,17352,2,-2
2021-11-29 15:05:20,17351,17351,17351,2,-2
2021-11-29 15:05:28,17350,17350,17350,2,-2
2021-11-29 15:05:32,17351,17351,17351,2,2
2021-11-29 15:05:32,17352,17352,17352,2,2
2021-11-29 15:05:32,17352,17352,17352,8,8
2021-11-29 15:05:32,17352,17352,17352,8,8
2021-11-29 15:05:32,17352,17352,17352,2,2
2021-11-29 15:05:32,17352,17352,17352,2,2
2021-11-29 15:05:33,17352,17352,17352,2,2
2021-11-29 15:05:34,17351,17351,17351,2,-2
2021-11-29 15:05:36,17351,17351,17351,2,2
2021-11-29 15:05:39,17352,17352,17352,2,2
2021-11-29 15:05:40,17352,17352,17352,2,2
2021-11-29 15:05:40,17353,17353,17353,4,4
2021-11-29 15:05:41,17352,17352,17352,2,-2
2021-11-29 15:05:41,17352,17352,17352,2,2
2021-11-29 15:05:45,17353,17353,17353,2,2
2021-11-29 15:05:46,17353,17353,17353,2,2
2021-11-29 15:05:49,17352,17352,17352,2,-2
2021-11-29 15:05:50,17355,17355,17355,4,4
2021-11-29 15:05:51,17353,17353,17353,12,-12
2021-11-29 15:05:55,17353,17353,17353,2,2
2021-11-29 15:05:56,17353,17353,17353,2,2
2021-11-29 15:05:56,17353,17353,17353,2,2
2021-11-29 15:06:00,17354,17354,17354,2,2
2021-11-29 15:06:00,17354,17354,17354,4,4
2021-11-29 15:06:00,17355,17355,17355,4,4
2021-11-29 15:06:00,17355,17355,17355,2,2
2021-11-29 15:06:00,17356,17356,17356,2,2
2021-11-29 15:06:05,17355,17355,17355,2,-2
2021-11-29 15:06:05,17354,17354,17354,2,-2
2021-11-29 15:06:10,17354,17354,17354,2,2
2021-11-29 15:06:10,17354,17354,17354,2,2
2021-11-29 15:06:11,17353,17353,17353,2,-2
2021-11-29 15:06:11,17353,17353,17353,2,2
2021-11-29 15:06:11,17353,17353,17353,2,2
2021-11-29 15:06:11,17353,17353,17353,2,2
2021-11-29 15:06:11,17353,17353,17353,2,2
2021-11-29 15:06:11,17354,17354,17354,2,2
2021-11-29 15:06:11,17354,17354,17354,2,2
2021-11-29 15:06:16,17354,17354,17354,2,2
2021-11-29 15:06:17,17353,17353,17353,2,-2
2021-11-29 15:06:17,17353,17353,17353,20,20
2021-11-29 15:06:17,17353,17353,17353,2,2
2021-11-29 15:06:17,17352,17352,17352,2,-2
2021-11-29 15:06:17,17352,17352,17352,2,2
2021-11-29 15:06:24,17352,17352,17352,2,2
2021-11-29 15:06:24,17352,17352,17352,2,2
2021-11-29 15:06:28,17351,17351,17351,6,-6
2021-11-29 15:06:28,17352,17352,17352,2,2
2021-11-29 15:06:28,17350,17350,17350,2,-2
2021-11-29 15:06:32,17350,17350,17350,2,2
2021-11-29 15:06:32,17350,17350,17350,2,2
2021-11-29 15:06:32,17350,17350,17350,10,10
2021-11-29 15:06:32,17350,17350,17350,2,2
2021-11-29 15:06:32,17350,17350,17350,2,2
2021-11-29 15:06:32,17350,17350,17350,2,2
2021-11-29 15:06:32,17350,17350,17350,2,2
2021-11-29 15:06:32,17350,17350,17350,2,2
2021-11-29 15:06:32,17350,17350,17350,2,2
2021-11-29 15:06:32,17349,17349,17349,2,-2
2021-11-29 15:06:32,17349,17349,17349,2,2
2021-11-29 15:06:32,17348,17348,17348,2,-2
2021-11-29 15:06:32,17348,17348,17348,2,2
2021-11-29 15:06:32,17348,17348,17348,2,2
2021-11-29 15:06:33,17347,17347,17347,2,-2
2021-11-29 15:06:33,17348,17348,17348,2,2
2021-11-29 15:06:34,17348,17348,17348,2,2
2021-11-29 15:06:35,17349,17349,17349,2,2
2021-11-29 15:06:40,17348,17348,17348,2,-2
2021-11-29 15:06:40,17347,17347,17347,2,-2
2021-11-29 15:06:40,17347,17347,17347,2,2
2021-11-29 15:06:40,17347,17347,17347,2,2
2021-11-29 15:06:40,17347,17347,17347,2,2
2021-11-29 15:06:43,17346,17346,17346,2,-2
2021-11-29 15:06:43,17346,17346,17346,2,2
2021-11-29 15:06:43,17345,17345,17345,2,-2
2021-11-29 15:06:43,17345,17345,17345,2,2
2021-11-29 15:06:43,17345,17345,17345,2,2
2021-11-29 15:06:44,17344,17344,17344,10,-10
2021-11-29 15:06:44,17343,17343,17343,2,-2
2021-11-29 15:06:44,17343,17343,17343,2,2
2021-11-29 15:06:46,17342,17342,17342,2,-2
2021-11-29 15:06:47,17344,17344,17344,2,2
2021-11-29 15:06:48,17342,17342,17342,2,-2
2021-11-29 15:06:48,17343,17343,17343,2,2
2021-11-29 15:06:48,17342,17342,17342,2,-2
2021-11-29 15:06:48,17342,17342,17342,2,2
2021-11-29 15:06:48,17342,17342,17342,2,2
2021-11-29 15:06:48,17342,17342,17342,2,2
2021-11-29 15:06:48,17342,17342,17342,2,2
2021-11-29 15:06:48,17342,17342,17342,2,2
2021-11-29 15:06:48,17342,17342,17342,2,2
2021-11-29 15:06:48,17342,17342,17342,2,2
2021-11-29 15:06:48,17344,17344,17344,2,2
2021-11-29 15:06:50,17342,17342,17342,2,-2
2021-11-29 15:06:51,17343,17343,17343,2,2
2021-11-29 15:06:51,17344,17344,17344,8,8
2021-11-29 15:06:51,17345,17345,17345,2,2
2021-11-29 15:06:51,17345,17345,17345,2,2
2021-11-29 15:06:53,17345,17345,17345,2,2
2021-11-29 15:06:56,17347,17347,17347,4,4
2021-11-29 15:06:57,17347,17347,17347,2,2
2021-11-29 15:06:57,17347,17347,17347,6,6
2021-11-29 15:06:59,17347,17347,17347,2,2
2021-11-29 15:06:59,17348,17348,17348,2,2
2021-11-29 15:07:00,17347,17347,17347,2,-2
2021-11-29 15:07:01,17346,17346,17346,2,-2
2021-11-29 15:07:01,17346,17346,17346,2,2
2021-11-29 15:07:12,17347,17347,17347,2,2
2021-11-29 15:07:18,17347,17347,17347,18,18
2021-11-29 15:07:19,17348,17348,17348,2,2
2021-11-29 15:07:22,17349,17349,17349,4,4
2021-11-29 15:07:24,17350,17350,17350,2,2
2021-11-29 15:07:24,17350,17350,17350,4,4
2021-11-29 15:07:25,17350,17350,17350,2,2
2021-11-29 15:07:26,17350,17350,17350,2,2
2021-11-29 15:07:29,17351,17351,17351,10,10
2021-11-29 15:07:31,17352,17352,17352,2,2
2021-11-29 15:07:32,17351,17351,17351,2,-2
2021-11-29 15:07:32,17353,17353,17353,2,2
2021-11-29 15:07:32,17353,17353,17353,2,2
2021-11-29 15:07:35,17352,17352,17352,2,-2
2021-11-29 15:07:35,17352,17352,17352,2,2
2021-11-29 15:07:36,17350,17350,17350,2,-2
2021-11-29 15:07:36,17350,17350,17350,2,2
2021-11-29 15:07:36,17350,17350,17350,2,2
2021-11-29 15:07:37,17351,17351,17351,2,2
2021-11-29 15:07:40,17351,17351,17351,2,2
2021-11-29 15:07:42,17350,17350,17350,2,-2
2021-11-29 15:07:43,17350,17350,17350,4,4
2021-11-29 15:07:45,17350,17350,17350,2,2
2021-11-29 15:07:48,17350,17350,17350,2,2
2021-11-29 15:07:56,17350,17350,17350,2,2
2021-11-29 15:07:56,17350,17350,17350,2,2
2021-11-29 15:07:57,17351,17351,17351,2,2
2021-11-29 15:08:05,17350,17350,17350,2,-2
2021-11-29 15:08:06,17350,17350,17350,2,2
2021-11-29 15:08:06,17349,17349,17349,2,-2
2021-11-29 15:08:06,17349,17349,17349,2,2
2021-11-29 15:08:06,17349,17349,17349,2,2
2021-11-29 15:08:06,17349,17349,17349,4,4
2021-11-29 15:08:06,17349,17349,17349,2,2
2021-11-29 15:08:09,17350,17350,17350,2,2
2021-11-29 15:08:09,17350,17350,17350,4,4
2021-11-29 15:08:11,17351,17351,17351,2,2
2021-11-29 15:08:13,17351,17351,17351,6,6
2021-11-29 15:08:13,17352,17352,17352,4,4
2021-11-29 15:08:14,17351,17351,17351,2,-2
2021-11-29 15:08:16,17352,17352,17352,4,4
2021-11-29 15:08:17,17353,17353,17353,4,4
2021-11-29 15:08:17,17353,17353,17353,8,8
2021-11-29 15:08:18,17352,17352,17352,2,-2
2021-11-29 15:08:19,17354,17354,17354,2,2
2021-11-29 15:08:19,17354,17354,17354,8,8
2021-11-29 15:08:19,17355,17355,17355,14,14
2021-11-29 15:08:19,17355,17355,17355,18,18
2021-11-29 15:08:21,17355,17355,17355,2,2
2021-11-29 15:08:21,17355,17355,17355,2,2
2021-11-29 15:08:21,17355,17355,17355,2,2
2021-11-29 15:08:21,17354,17354,17354,2,-2
2021-11-29 15:08:21,17354,17354,17354,2,2
2021-11-29 15:08:21,17354,17354,17354,2,2
2021-11-29 15:08:21,17354,17354,17354,2,2
2021-11-29 15:08:21,17353,17353,17353,2,-2
2021-11-29 15:08:21,17353,17353,17353,2,2
2021-11-29 15:08:21,17353,17353,17353,2,2
2021-11-29 15:08:21,17353,17353,17353,2,2
2021-11-29 15:08:22,17353,17353,17353,2,2
2021-11-29 15:08:26,17355,17355,17355,4,4
2021-11-29 15:08:27,17355,17355,17355,2,2
2021-11-29 15:08:27,17355,17355,17355,2,2
2021-11-29 15:08:28,17356,17356,17356,12,12
2021-11-29 15:08:28,17356,17356,17356,2,2
2021-11-29 15:08:28,17357,17357,17357,10,10
2021-11-29 15:08:28,17357,17357,17357,4,4
2021-11-29 15:08:28,17357,17357,17357,4,4
2021-11-29 15:08:31,17357,17357,17357,2,2
2021-11-29 15:08:32,17355,17355,17355,2,-2
2021-11-29 15:08:33,17356,17356,17356,2,2
2021-11-29 15:08:34,17356,17356,17356,2,2
2021-11-29 15:08:35,17356,17356,17356,2,2
2021-11-29 15:08:35,17356,17356,17356,2,2
2021-11-29 15:08:38,17356,17356,17356,2,2
2021-11-29 15:08:38,17355,17355,17355,2,-2
2021-11-29 15:08:39,17356,17356,17356,2,2
2021-11-29 15:08:40,17356,17356,17356,2,2
2021-11-29 15:08:41,17355,17355,17355,2,-2
2021-11-29 15:08:42,17356,17356,17356,8,8
2021-11-29 15:08:43,17355,17355,17355,2,-2
2021-11-29 15:08:48,17355,17355,17355,2,2
2021-11-29 15:08:51,17355,17355,17355,2,2
2021-11-29 15:08:58,17356,17356,17356,4,4
2021-11-29 15:09:01,17355,17355,17355,2,-2
2021-11-29 15:09:01,17356,17356,17356,6,6
2021-11-29 15:09:01,17356,17356,17356,2,2
2021-11-29 15:09:01,17357,17357,17357,2,2
2021-11-29 15:09:01,17357,17357,17357,4,4
2021-11-29 15:09:01,17358,17358,17358,8,8
2021-11-29 15:09:01,17358,17358,17358,2,2
2021-11-29 15:09:01,17358,17358,17358,8,8
2021-11-29 15:09:01,17358,17358,17358,2,2
2021-11-29 15:09:01,17358,17358,17358,2,2
2021-11-29 15:09:02,17359,17359,17359,14,14
2021-11-29 15:09:02,17360,17360,17360,2,2
2021-11-29 15:09:02,17360,17360,17360,2,2
2021-11-29 15:09:02,17360,17360,17360,2,2
2021-11-29 15:09:02,17360,17360,17360,2,2
2021-11-29 15:09:02,17360,17360,17360,2,2
2021-11-29 15:09:02,17360,17360,17360,2,2
2021-11-29 15:09:02,17360,17360,17360,4,4
2021-11-29 15:09:02,17361,17361,17361,6,6
2021-11-29 15:09:02,17360,17360,17360,2,-2
2021-11-29 15:09:02,17361,17361,17361,2,2
2021-11-29 15:09:02,17360,17360,17360,2,-2
2021-11-29 15:09:02,17361,17361,17361,2,2
2021-11-29 15:09:02,17360,17360,17360,2,-2
2021-11-29 15:09:03,17359,17359,17359,2,-2
2021-11-29 15:09:04,17360,17360,17360,4,4
2021-11-29 15:09:05,17360,17360,17360,2,2
2021-11-29 15:09:05,17360,17360,17360,4,4
2021-11-29 15:09:05,17360,17360,17360,2,2
2021-11-29 15:09:05,17360,17360,17360,2,2
2021-11-29 15:09:07,17360,17360,17360,6,6
2021-11-29 15:09:08,17359,17359,17359,2,-2
2021-11-29 15:09:09,17358,17358,17358,2,-2
2021-11-29 15:09:09,17358,17358,17358,2,2
2021-11-29 15:09:13,17358,17358,17358,2,2
2021-11-29 15:09:16,17358,17358,17358,2,2
2021-11-29 15:09:18,17359,17359,17359,2,2
2021-11-29 15:09:24,17359,17359,17359,2,2
2021-11-29 15:09:31,17359,17359,17359,2,2
2021-11-29 15:09:31,17358,17358,17358,2,-2
2021-11-29 15:09:35,17358,17358,17358,2,2
2021-11-29 15:09:36,17359,17359,17359,2,2
2021-11-29 15:09:39,17359,17359,17359,4,4
2021-11-29 15:09:40,17359,17359,17359,2,2
2021-11-29 15:09:41,17359,17359,17359,2,2
2021-11-29 15:09:41,17359,17359,17359,2,2
2021-11-29 15:09:42,17360,17360,17360,2,2
2021-11-29 15:09:42,17359,17359,17359,2,-2
2021-11-29 15:09:43,17359,17359,17359,2,2
2021-11-29 15:09:44,17359,17359,17359,2,2
2021-11-29 15:09:45,17359,17359,17359,2,2
2021-11-29 15:09:45,17359,17359,17359,2,2
2021-11-29 15:09:46,17359,17359,17359,2,2
2021-11-29 15:09:49,17358,17358,17358,2,-2
2021-11-29 15:09:56,17357,17357,17357,2,-2
2021-11-29 15:09:57,17356,17356,17356,2,-2
2021-11-29 15:10:02,17356,17356,17356,2,2
2021-11-29 15:10:02,17356,17356,17356,2,2
2021-11-29 15:10:08,17355,17355,17355,2,-2
2021-11-29 15:10:08,17355,17355,17355,10,10
2021-11-29 15:10:08,17355,17355,17355,2,2
2021-11-29 15:10:10,17355,17355,17355,2,2
2021-11-29 15:10:12,17354,17354,17354,2,-2
2021-11-29 15:10:13,17353,17353,17353,2,-2
2021-11-29 15:10:16,17354,17354,17354,2,2
2021-11-29 15:10:17,17354,17354,17354,2,2
2021-11-29 15:10:18,17353,17353,17353,2,-2
2021-11-29 15:10:18,17353,17353,17353,2,2
2021-11-29 15:10:34,17354,17354,17354,2,2
2021-11-29 15:10:37,17353,17353,17353,2,-2
2021-11-29 15:10:37,17353,17353,17353,4,4
2021-11-29 15:10:37,17353,17353,17353,2,2
2021-11-29 15:10:37,17353,17353,17353,2,2
2021-11-29 15:10:46,17352,17352,17352,2,-2
2021-11-29 15:10:46,17352,17352,17352,4,4
2021-11-29 15:10:46,17352,17352,17352,2,2
2021-11-29 15:10:46,17352,17352,17352,2,2
2021-11-29 15:10:46,17351,17351,17351,2,-2
2021-11-29 15:10:46,17351,17351,17351,2,2
2021-11-29 15:10:46,17351,17351,17351,2,2
2021-11-29 15:10:46,17351,17351,17351,2,2
2021-11-29 15:10:47,17351,17351,17351,2,2
2021-11-29 15:10:47,17350,17350,17350,2,-2
2021-11-29 15:10:47,17350,17350,17350,6,6
2021-11-29 15:10:48,17350,17350,17350,2,2
2021-11-29 15:10:48,17350,17350,17350,2,2
2021-11-29 15:10:48,17349,17349,17349,2,-2
2021-11-29 15:10:48,17349,17349,17349,2,2
2021-11-29 15:10:48,17349,17349,17349,2,2
2021-11-29 15:10:50,17349,17349,17349,2,2
2021-11-29 15:10:50,17348,17348,17348,2,-2
2021-11-29 15:10:50,17348,17348,17348,2,2
2021-11-29 15:10:51,17348,17348,17348,4,4
2021-11-29 15:10:54,17349,17349,17349,2,2
2021-11-29 15:10:55,17348,17348,17348,2,-2
2021-11-29 15:10:55,17349,17349,17349,2,2
2021-11-29 15:10:56,17347,17347,17347,2,-2
2021-11-29 15:10:57,17348,17348,17348,2,2
2021-11-29 15:11:04,17348,17348,17348,6,6
2021-11-29 15:11:04,17347,17347,17347,2,-2
2021-11-29 15:11:07,17347,17347,17347,2,2
2021-11-29 15:11:08,17347,17347,17347,2,2
2021-11-29 15:11:08,17348,17348,17348,8,8
2021-11-29 15:11:11,17347,17347,17347,2,-2
2021-11-29 15:11:13,17346,17346,17346,2,-2
2021-11-29 15:11:13,17347,17347,17347,2,2
2021-11-29 15:11:15,17347,17347,17347,2,2
2021-11-29 15:11:16,17348,17348,17348,2,2
2021-11-29 15:11:16,17348,17348,17348,4,4
2021-11-29 15:11:16,17348,17348,17348,8,8
2021-11-29 15:11:18,17349,17349,17349,2,2
2021-11-29 15:11:24,17349,17349,17349,2,2
2021-11-29 15:11:27,17348,17348,17348,2,-2
2021-11-29 15:11:28,17348,17348,17348,2,2
2021-11-29 15:11:28,17348,17348,17348,2,2
2021-11-29 15:11:31,17348,17348,17348,2,2
2021-11-29 15:11:37,17348,17348,17348,6,6
2021-11-29 15:11:37,17348,17348,17348,4,4
2021-11-29 15:11:38,17348,17348,17348,2,2
2021-11-29 15:11:38,17348,17348,17348,8,8
2021-11-29 15:11:38,17347,17347,17347,2,-2
2021-11-29 15:11:38,17347,17347,17347,2,2
2021-11-29 15:11:38,17347,17347,17347,4,4
2021-11-29 15:11:38,17347,17347,17347,2,2
2021-11-29 15:11:38,17346,17346,17346,2,-2
2021-11-29 15:11:38,17346,17346,17346,2,2
2021-11-29 15:11:38,17346,17346,17346,2,2
2021-11-29 15:11:38,17346,17346,17346,2,2
2021-11-29 15:11:38,17346,17346,17346,2,2
2021-11-29 15:11:44,17347,17347,17347,2,2
2021-11-29 15:11:45,17345,17345,17345,2,-2
2021-11-29 15:11:45,17345,17345,17345,2,2
2021-11-29 15:11:45,17345,17345,17345,2,2
2021-11-29 15:11:45,17345,17345,17345,2,2
2021-11-29 15:11:45,17345,17345,17345,2,2
2021-11-29 15:11:45,17345,17345,17345,2,2
2021-11-29 15:11:51,17345,17345,17345,2,2
2021-11-29 15:11:51,17345,17345,17345,2,2
2021-11-29 15:11:51,17345,17345,17345,2,2
2021-11-29 15:11:51,17345,17345,17345,2,2
2021-11-29 15:11:51,17345,17345,17345,6,6
2021-11-29 15:11:51,17345,17345,17345,2,2
2021-11-29 15:11:51,17344,17344,17344,2,-2
2021-11-29 15:11:51,17344,17344,17344,2,2
2021-11-29 15:11:51,17344,17344,17344,2,2
2021-11-29 15:11:51,17345,17345,17345,2,2
2021-11-29 15:11:51,17343,17343,17343,2,-2
2021-11-29 15:11:51,17343,17343,17343,2,2
2021-11-29 15:11:51,17343,17343,17343,6,6
2021-11-29 15:11:52,17343,17343,17343,2,2
2021-11-29 15:11:52,17343,17343,17343,2,2
2021-11-29 15:11:52,17343,17343,17343,2,2
2021-11-29 15:11:53,17343,17343,17343,2,2
2021-11-29 15:11:53,17343,17343,17343,2,2
2021-11-29 15:12:00,17344,17344,17344,2,2
2021-11-29 15:12:00,17343,17343,17343,2,-2
2021-11-29 15:12:01,17343,17343,17343,2,2
2021-11-29 15:12:08,17344,17344,17344,2,2
2021-11-29 15:12:09,17343,17343,17343,2,-2
2021-11-29 15:12:12,17343,17343,17343,2,2
2021-11-29 15:12:12,17343,17343,17343,2,2
2021-11-29 15:12:12,17342,17342,17342,2,-2
2021-11-29 15:12:12,17342,17342,17342,2,2
2021-11-29 15:12:12,17342,17342,17342,2,2
2021-11-29 15:12:12,17342,17342,17342,2,2
2021-11-29 15:12:13,17341,17341,17341,2,-2
2021-11-29 15:12:13,17341,17341,17341,4,4
2021-11-29 15:12:13,17341,17341,17341,2,2
2021-11-29 15:12:13,17341,17341,17341,2,2
2021-11-29 15:12:13,17341,17341,17341,2,2
2021-11-29 15:12:13,17341,17341,17341,2,2
2021-11-29 15:12:13,17341,17341,17341,2,2
2021-11-29 15:12:13,17341,17341,17341,2,2
2021-11-29 15:12:13,17341,17341,17341,2,2
2021-11-29 15:12:13,17341,17341,17341,10,10
2021-11-29 15:12:13,17341,17341,17341,2,2
2021-11-29 15:12:13,17341,17341,17341,2,2
2021-11-29 15:12:13,17340,17340,17340,2,-2
2021-11-29 15:12:13,17340,17340,17340,2,2
2021-11-29 15:12:13,17340,17340,17340,2,2
2021-11-29 15:12:13,17340,17340,17340,2,2
2021-11-29 15:12:13,17340,17340,17340,2,2
2021-11-29 15:12:13,17340,17340,17340,4,4
2021-11-29 15:12:13,17340,17340,17340,2,2
2021-11-29 15:12:13,17339,17339,17339,2,-2
2021-11-29 15:12:13,17339,17339,17339,2,2
2021-11-29 15:12:13,17339,17339,17339,2,2
2021-11-29 15:12:14,17340,17340,17340,2,2
2021-11-29 15:12:14,17340,17340,17340,2,2
2021-11-29 15:12:14,17340,17340,17340,2,2
2021-11-29 15:12:14,17340,17340,17340,4,4
2021-11-29 15:12:14,17340,17340,17340,4,4
2021-11-29 15:12:15,17340,17340,17340,2,2
2021-11-29 15:12:16,17342,17342,17342,2,2
2021-11-29 15:12:16,17343,17343,17343,2,2
2021-11-29 15:12:16,17344,17344,17344,2,2
2021-11-29 15:12:17,17344,17344,17344,2,2
2021-11-29 15:12:17,17344,17344,17344,4,4
2021-11-29 15:12:17,17343,17343,17343,2,-2
2021-11-29 15:12:17,17343,17343,17343,2,2
2021-11-29 15:12:21,17343,17343,17343,2,2
2021-11-29 15:12:22,17344,17344,17344,10,10
2021-11-29 15:12:23,17343,17343,17343,2,-2
2021-11-29 15:12:25,17345,17345,17345,2,2
2021-11-29 15:12:25,17346,17346,17346,2,2
2021-11-29 15:12:25,17348,17348,17348,2,2
2021-11-29 15:12:25,17348,17348,17348,2,2
2021-11-29 15:12:27,17348,17348,17348,2,2
2021-11-29 15:12:27,17346,17346,17346,2,-2
2021-11-29 15:12:30,17346,17346,17346,2,2
2021-11-29 15:12:33,17345,17345,17345,2,-2
2021-11-29 15:12:35,17346,17346,17346,2,2
2021-11-29 15:12:35,17346,17346,17346,2,2
2021-11-29 15:12:40,17343,17343,17343,2,-2
2021-11-29 15:12:41,17343,17343,17343,2,2
2021-11-29 15:12:41,17342,17342,17342,2,-2
2021-11-29 15:12:41,17342,17342,17342,2,2
2021-11-29 15:12:41,17342,17342,17342,2,2
2021-11-29 15:12:41,17342,17342,17342,2,2
2021-11-29 15:12:42,17343,17343,17343,2,2
2021-11-29 15:12:43,17343,17343,17343,4,4
2021-11-29 15:12:43,17344,17344,17344,8,8
2021-11-29 15:12:44,17344,17344,17344,2,2
2021-11-29 15:12:44,17344,17344,17344,2,2
2021-11-29 15:12:45,17343,17343,17343,2,-2
2021-11-29 15:12:45,17343,17343,17343,2,2
2021-11-29 15:12:45,17343,17343,17343,2,2
2021-11-29 15:12:45,17343,17343,17343,2,2
2021-11-29 15:12:50,17344,17344,17344,4,4
2021-11-29 15:12:50,17344,17344,17344,2,2
2021-11-29 15:12:50,17344,17344,17344,2,2
2021-11-29 15:12:50,17344,17344,17344,2,2
2021-11-29 15:12:54,17343,17343,17343,2,-2
2021-11-29 15:12:55,17342,17342,17342,2,-2
2021-11-29 15:12:55,17342,17342,17342,2,2
2021-11-29 15:12:55,17342,17342,17342,2,2
2021-11-29 15:12:55,17341,17341,17341,2,-2
2021-11-29 15:12:55,17341,17341,17341,2,2
2021-11-29 15:12:55,17343,17343,17343,2,2
2021-11-29 15:12:58,17343,17343,17343,6,6
2021-11-29 15:13:00,17344,17344,17344,2,2
2021-11-29 15:13:00,17344,17344,17344,2,2
2021-11-29 15:13:00,17343,17343,17343,2,-2
2021-11-29 15:13:05,17342,17342,17342,2,-2
2021-11-29 15:13:12,17344,17344,17344,2,2
2021-11-29 15:13:13,17343,17343,17343,2,-2
2021-11-29 15:13:13,17343,17343,17343,2,2
2021-11-29 15:13:13,17343,17343,17343,2,2
2021-11-29 15:13:19,17343,17343,17343,2,2
2021-11-29 15:13:24,17342,17342,17342,2,-2
2021-11-29 15:13:24,17342,17342,17342,2,2
2021-11-29 15:13:24,17342,17342,17342,2,2
2021-11-29 15:13:24,17342,17342,17342,2,2
2021-11-29 15:13:25,17341,17341,17341,2,-2
2021-11-29 15:13:25,17341,17341,17341,2,2
2021-11-29 15:13:25,17341,17341,17341,4,4
2021-11-29 15:13:26,17340,17340,17340,2,-2
2021-11-29 15:13:26,17340,17340,17340,2,2
2021-11-29 15:13:28,17341,17341,17341,2,2
2021-11-29 15:13:28,17342,17342,17342,8,8
2021-11-29 15:13:28,17340,17340,17340,2,-2
2021-11-29 15:13:29,17340,17340,17340,18,18
2021-11-29 15:13:30,17339,17339,17339,2,-2
2021-11-29 15:13:32,17339,17339,17339,2,2
2021-11-29 15:13:32,17339,17339,17339,2,2
2021-11-29 15:13:32,17338,17338,17338,2,-2
2021-11-29 15:13:32,17338,17338,17338,2,2
2021-11-29 15:13:34,17338,17338,17338,2,2
2021-11-29 15:13:35,17338,17338,17338,2,2
2021-11-29 15:13:35,17338,17338,17338,2,2
2021-11-29 15:13:35,17338,17338,17338,2,2
2021-11-29 15:13:38,17339,17339,17339,10,10
2021-11-29 15:13:38,17339,17339,17339,6,6
2021-11-29 15:13:40,17340,17340,17340,2,2
2021-11-29 15:13:41,17341,17341,17341,2,2
2021-11-29 15:13:43,17339,17339,17339,2,-2
2021-11-29 15:13:45,17339,17339,17339,2,2
2021-11-29 15:13:50,17341,17341,17341,2,2
2021-11-29 15:13:52,17342,17342,17342,2,2
2021-11-29 15:13:52,17342,17342,17342,2,2
2021-11-29 15:13:52,17342,17342,17342,2,2
2021-11-29 15:13:54,17342,17342,17342,2,2
2021-11-29 15:13:55,17343,17343,17343,2,2
2021-11-29 15:13:57,17343,17343,17343,4,4
2021-11-29 15:13:57,17343,17343,17343,2,2
2021-11-29 15:13:58,17344,17344,17344,2,2
2021-11-29 15:13:59,17345,17345,17345,4,4
2021-11-29 15:14:03,17343,17343,17343,2,-2
2021-11-29 15:14:03,17342,17342,17342,2,-2
2021-11-29 15:14:03,17342,17342,17342,2,2
2021-11-29 15:14:04,17342,17342,17342,4,4
2021-11-29 15:14:06,17342,17342,17342,2,2
2021-11-29 15:14:09,17343,17343,17343,2,2
2021-11-29 15:14:11,17343,17343,17343,4,4
2021-11-29 15:14:13,17345,17345,17345,8,8
2021-11-29 15:14:13,17345,17345,17345,4,4
2021-11-29 15:14:13,17346,17346,17346,2,2
2021-11-29 15:14:13,17346,17346,17346,4,4
2021-11-29 15:14:13,17346,17346,17346,2,2
2021-11-29 15:14:13,17346,17346,17346,2,2
2021-11-29 15:14:13,17346,17346,17346,2,2
2021-11-29 15:14:14,17346,17346,17346,2,2
2021-11-29 15:14:14,17346,17346,17346,2,2
2021-11-29 15:14:18,17347,17347,17347,2,2
2021-11-29 15:14:19,17346,17346,17346,2,-2
2021-11-29 15:14:19,17347,17347,17347,2,2
2021-11-29 15:14:21,17347,17347,17347,2,2
2021-11-29 15:14:21,17346,17346,17346,2,-2
2021-11-29 15:14:21,17346,17346,17346,2,2
2021-11-29 15:14:24,17347,17347,17347,2,2
2021-11-29 15:14:26,17347,17347,17347,2,2
2021-11-29 15:14:28,17347,17347,17347,2,2
2021-11-29 15:14:30,17347,17347,17347,10,10
2021-11-29 15:14:30,17348,17348,17348,14,14
2021-11-29 15:14:31,17349,17349,17349,2,2
2021-11-29 15:14:31,17349,17349,17349,8,8
2021-11-29 15:14:32,17350,17350,17350,2,2
2021-11-29 15:14:32,17350,17350,17350,2,2
2021-11-29 15:14:32,17350,17350,17350,4,4
2021-11-29 15:14:32,17349,17349,17349,2,-2
2021-11-29 15:14:32,17349,17349,17349,2,2
2021-11-29 15:14:35,17350,17350,17350,2,2
2021-11-29 15:14:36,17351,17351,17351,2,2
2021-11-29 15:14:37,17351,17351,17351,6,6
2021-11-29 15:14:37,17350,17350,17350,2,-2
2021-11-29 15:14:41,17351,17351,17351,2,2
2021-11-29 15:14:42,17351,17351,17351,2,2
2021-11-29 15:14:43,17351,17351,17351,2,2
2021-11-29 15:14:43,17351,17351,17351,2,2
2021-11-29 15:14:43,17351,17351,17351,2,2
2021-11-29 15:14:45,17351,17351,17351,2,2
2021-11-29 15:14:48,17352,17352,17352,8,8
2021-11-29 15:14:49,17353,17353,17353,2,2
2021-11-29 15:14:49,17352,17352,17352,2,-2
2021-11-29 15:14:54,17352,17352,17352,2,2
2021-11-29 15:14:55,17352,17352,17352,2,2
2021-11-29 15:14:56,17353,17353,17353,4,4
2021-11-29 15:15:00,17353,17353,17353,2,2
2021-11-29 15:15:04,17352,17352,17352,2,-2
2021-11-29 15:15:04,17352,17352,17352,2,2
2021-11-29 15:15:04,17352,17352,17352,2,2
2021-11-29 15:15:04,17352,17352,17352,2,2
2021-11-29 15:15:04,17351,17351,17351,4,-4
2021-11-29 15:15:04,17350,17350,17350,2,-2
2021-11-29 15:15:04,17350,17350,17350,2,2
2021-11-29 15:15:10,17349,17349,17349,2,-2
2021-11-29 15:15:11,17345,17345,17345,2,-2
2021-11-29 15:15:11,17344,17344,17344,2,-2
2021-11-29 15:15:12,17344,17344,17344,2,2
2021-11-29 15:15:12,17344,17344,17344,2,2
2021-11-29 15:15:14,17344,17344,17344,2,2
2021-11-29 15:15:19,17343,17343,17343,2,-2
2021-11-29 15:15:19,17343,17343,17343,2,2
2021-11-29 15:15:21,17343,17343,17343,2,2
2021-11-29 15:15:23,17343,17343,17343,2,2
2021-11-29 15:15:23,17343,17343,17343,2,2
2021-11-29 15:15:24,17343,17343,17343,2,2
2021-11-29 15:15:34,17343,17343,17343,2,2
2021-11-29 15:15:34,17343,17343,17343,2,2
2021-11-29 15:15:34,17343,17343,17343,2,2
2021-11-29 15:15:34,17343,17343,17343,2,2
2021-11-29 15:15:34,17342,17342,17342,2,-2
2021-11-29 15:15:34,17342,17342,17342,2,2
2021-11-29 15:15:34,17342,17342,17342,2,2
2021-11-29 15:15:34,17342,17342,17342,2,2
2021-11-29 15:15:35,17341,17341,17341,2,-2
2021-11-29 15:15:35,17341,17341,17341,2,2
2021-11-29 15:15:35,17341,17341,17341,2,2
2021-11-29 15:15:35,17341,17341,17341,2,2
2021-11-29 15:15:35,17341,17341,17341,2,2
2021-11-29 15:15:35,17341,17341,17341,2,2
2021-11-29 15:15:35,17341,17341,17341,2,2
2021-11-29 15:15:39,17342,17342,17342,6,6
2021-11-29 15:15:40,17341,17341,17341,2,-2
2021-11-29 15:15:40,17340,17340,17340,2,-2
2021-11-29 15:15:41,17340,17340,17340,2,2
2021-11-29 15:15:41,17340,17340,17340,2,2
2021-11-29 15:15:41,17340,17340,17340,2,2
2021-11-29 15:15:41,17340,17340,17340,2,2
2021-11-29 15:15:42,17341,17341,17341,2,2
2021-11-29 15:15:57,17342,17342,17342,2,2
2021-11-29 15:15:57,17341,17341,17341,2,-2
2021-11-29 15:15:58,17344,17344,17344,2,2
2021-11-29 15:16:00,17345,17345,17345,2,2
2021-11-29 15:16:01,17346,17346,17346,2,2
2021-11-29 15:16:01,17346,17346,17346,8,8
2021-11-29 15:16:01,17347,17347,17347,2,2
2021-11-29 15:16:01,17348,17348,17348,2,2
2021-11-29 15:16:02,17348,17348,17348,2,2
2021-11-29 15:16:02,17348,17348,17348,2,2
2021-11-29 15:16:03,17347,17347,17347,2,-2
2021-11-29 15:16:07,17345,17345,17345,2,-2
2021-11-29 15:16:07,17343,17343,17343,2,-2
2021-11-29 15:16:09,17341,17341,17341,2,-2
2021-11-29 15:16:09,17341,17341,17341,2,2
2021-11-29 15:16:09,17341,17341,17341,2,2
2021-11-29 15:16:11,17341,17341,17341,2,2
2021-11-29 15:16:11,17341,17341,17341,2,2
2021-11-29 15:16:11,17341,17341,17341,2,2
2021-11-29 15:16:12,17341,17341,17341,2,2
2021-11-29 15:16:13,17341,17341,17341,2,2
2021-11-29 15:16:14,17341,17341,17341,10,10
2021-11-29 15:16:14,17342,17342,17342,20,20
2021-11-29 15:16:16,17344,17344,17344,4,4
2021-11-29 15:16:19,17344,17344,17344,2,2
2021-11-29 15:16:21,17345,17345,17345,2,2
2021-11-29 15:16:28,17346,17346,17346,2,2
2021-11-29 15:16:28,17346,17346,17346,2,2
2021-11-29 15:16:29,17346,17346,17346,2,2
2021-11-29 15:16:29,17346,17346,17346,2,2
2021-11-29 15:16:29,17346,17346,17346,2,2
2021-11-29 15:16:29,17345,17345,17345,2,-2
2021-11-29 15:16:31,17345,17345,17345,2,2
2021-11-29 15:16:35,17346,17346,17346,4,4
2021-11-29 15:16:41,17344,17344,17344,2,-2
2021-11-29 15:16:41,17344,17344,17344,2,2
2021-11-29 15:16:41,17344,17344,17344,8,8
2021-11-29 15:16:41,17344,17344,17344,2,2
2021-11-29 15:16:41,17343,17343,17343,2,-2
2021-11-29 15:16:44,17342,17342,17342,2,-2
2021-11-29 15:16:45,17341,17341,17341,6,-6
2021-11-29 15:16:45,17341,17341,17341,2,2
2021-11-29 15:16:45,17341,17341,17341,2,2
2021-11-29 15:16:46,17340,17340,17340,2,-2
2021-11-29 15:16:46,17340,17340,17340,4,4
2021-11-29 15:16:46,17340,17340,17340,2,2
2021-11-29 15:16:46,17340,17340,17340,2,2
2021-11-29 15:16:46,17340,17340,17340,2,2
2021-11-29 15:16:46,17340,17340,17340,2,2
2021-11-29 15:16:46,17340,17340,17340,2,2
2021-11-29 15:16:46,17340,17340,17340,2,2
2021-11-29 15:16:47,17339,17339,17339,2,-2
2021-11-29 15:16:47,17339,17339,17339,2,2
2021-11-29 15:16:47,17339,17339,17339,2,2
2021-11-29 15:16:50,17338,17338,17338,2,-2
2021-11-29 15:16:50,17338,17338,17338,2,2
2021-11-29 15:16:50,17338,17338,17338,2,2
2021-11-29 15:16:50,17338,17338,17338,2,2
2021-11-29 15:16:50,17338,17338,17338,2,2
2021-11-29 15:16:50,17338,17338,17338,2,2
2021-11-29 15:16:50,17338,17338,17338,2,2
2021-11-29 15:16:50,17338,17338,17338,2,2
2021-11-29 15:16:50,17338,17338,17338,2,2
2021-11-29 15:16:50,17338,17338,17338,16,16
2021-11-29 15:16:50,17338,17338,17338,2,2
2021-11-29 15:16:50,17338,17338,17338,2,2
2021-11-29 15:16:50,17338,17338,17338,10,10
2021-11-29 15:16:50,17337,17337,17337,2,-2
2021-11-29 15:16:50,17337,17337,17337,4,4
2021-11-29 15:16:50,17337,17337,17337,2,2
2021-11-29 15:16:50,17337,17337,17337,2,2
2021-11-29 15:16:50,17337,17337,17337,2,2
2021-11-29 15:16:50,17337,17337,17337,2,2
2021-11-29 15:16:51,17336,17336,17336,2,-2
2021-11-29 15:16:51,17336,17336,17336,2,2
2021-11-29 15:16:51,17336,17336,17336,2,2
2021-11-29 15:16:53,17336,17336,17336,4,4
2021-11-29 15:16:53,17336,17336,17336,2,2
2021-11-29 15:16:53,17336,17336,17336,2,2
2021-11-29 15:16:53,17336,17336,17336,2,2
2021-11-29 15:16:53,17336,17336,17336,2,2
2021-11-29 15:16:53,17336,17336,17336,2,2
2021-11-29 15:16:54,17335,17335,17335,2,-2
2021-11-29 15:16:54,17335,17335,17335,2,2
2021-11-29 15:16:54,17335,17335,17335,2,2
2021-11-29 15:16:54,17335,17335,17335,20,20
2021-11-29 15:16:54,17335,17335,17335,2,2
2021-11-29 15:16:54,17335,17335,17335,2,2
2021-11-29 15:16:54,17335,17335,17335,2,2
2021-11-29 15:16:54,17335,17335,17335,6,6
2021-11-29 15:16:54,17335,17335,17335,2,2
2021-11-29 15:16:54,17334,17334,17334,2,-2
2021-11-29 15:16:54,17334,17334,17334,2,2
2021-11-29 15:16:54,17334,17334,17334,2,2
2021-11-29 15:16:54,17334,17334,17334,4,4
2021-11-29 15:16:54,17335,17335,17335,2,2
2021-11-29 15:16:54,17333,17333,17333,2,-2
2021-11-29 15:16:54,17333,17333,17333,2,2
2021-11-29 15:16:54,17333,17333,17333,2,2
2021-11-29 15:16:55,17335,17335,17335,4,4
2021-11-29 15:16:56,17335,17335,17335,2,2
2021-11-29 15:16:56,17336,17336,17336,14,14
2021-11-29 15:16:57,17336,17336,17336,2,2
2021-11-29 15:16:57,17336,17336,17336,2,2
2021-11-29 15:16:57,17336,17336,17336,2,2
2021-11-29 15:16:59,17336,17336,17336,2,2
2021-11-29 15:16:59,17336,17336,17336,2,2
2021-11-29 15:16:59,17336,17336,17336,2,2
2021-11-29 15:16:59,17336,17336,17336,2,2
2021-11-29 15:16:59,17336,17336,17336,2,2
2021-11-29 15:17:01,17336,17336,17336,4,4
2021-11-29 15:17:02,17337,17337,17337,4,4
2021-11-29 15:17:02,17338,17338,17338,6,6
2021-11-29 15:17:03,17340,17340,17340,2,2
2021-11-29 15:17:03,17341,17341,17341,2,2
2021-11-29 15:17:04,17341,17341,17341,4,4
2021-11-29 15:17:05,17342,17342,17342,2,2
2021-11-29 15:17:05,17342,17342,17342,6,6
2021-11-29 15:17:05,17342,17342,17342,14,14
2021-11-29 15:17:11,17340,17340,17340,2,-2
2021-11-29 15:17:11,17341,17341,17341,2,2
2021-11-29 15:17:18,17341,17341,17341,2,2
2021-11-29 15:17:18,17341,17341,17341,4,4
2021-11-29 15:17:18,17340,17340,17340,2,-2
2021-11-29 15:17:22,17341,17341,17341,2,2
2021-11-29 15:17:22,17341,17341,17341,2,2
2021-11-29 15:17:23,17341,17341,17341,2,2
2021-11-29 15:17:26,17340,17340,17340,2,-2
2021-11-29 15:17:34,17342,17342,17342,10,10
2021-11-29 15:17:34,17341,17341,17341,2,-2
2021-11-29 15:17:34,17340,17340,17340,2,-2
2021-11-29 15:17:35,17342,17342,17342,6,6
2021-11-29 15:17:35,17343,17343,17343,4,4
2021-11-29 15:17:48,17343,17343,17343,4,4
2021-11-29 15:17:52,17343,17343,17343,2,2
2021-11-29 15:17:52,17343,17343,17343,2,2
2021-11-29 15:17:52,17342,17342,17342,2,-2
2021-11-29 15:17:52,17342,17342,17342,2,2
2021-11-29 15:17:52,17342,17342,17342,2,2
2021-11-29 15:17:56,17344,17344,17344,10,10
2021-11-29 15:17:56,17343,17343,17343,2,-2
2021-11-29 15:17:56,17342,17342,17342,2,-2
2021-11-29 15:17:57,17342,17342,17342,2,2
2021-11-29 15:17:59,17344,17344,17344,2,2
2021-11-29 15:18:00,17344,17344,17344,4,4
2021-11-29 15:18:01,17344,17344,17344,2,2
2021-11-29 15:18:02,17344,17344,17344,2,2
2021-11-29 15:18:02,17343,17343,17343,2,-2
2021-11-29 15:18:02,17343,17343,17343,2,2
2021-11-29 15:18:02,17343,17343,17343,2,2
2021-11-29 15:18:02,17343,17343,17343,2,2
2021-11-29 15:18:02,17343,17343,17343,2,2
2021-11-29 15:18:02,17343,17343,17343,2,2
2021-11-29 15:18:05,17345,17345,17345,2,2
2021-11-29 15:18:05,17345,17345,17345,8,8
2021-11-29 15:18:06,17345,17345,17345,2,2
2021-11-29 15:18:10,17345,17345,17345,6,6
2021-11-29 15:18:12,17346,17346,17346,2,2
2021-11-29 15:18:12,17346,17346,17346,2,2
2021-11-29 15:18:13,17346,17346,17346,2,2
2021-11-29 15:18:13,17346,17346,17346,2,2
2021-11-29 15:18:14,17346,17346,17346,2,2
2021-11-29 15:18:15,17347,17347,17347,2,2
2021-11-29 15:18:26,17345,17345,17345,2,-2
2021-11-29 15:18:28,17342,17342,17342,2,-2
2021-11-29 15:18:31,17342,17342,17342,4,4
2021-11-29 15:18:31,17342,17342,17342,4,4
2021-11-29 15:18:31,17342,17342,17342,2,2
2021-11-29 15:18:37,17342,17342,17342,2,2
2021-11-29 15:18:37,17343,17343,17343,4,4
2021-11-29 15:18:38,17342,17342,17342,2,-2
2021-11-29 15:18:40,17342,17342,17342,2,2
2021-11-29 15:18:40,17342,17342,17342,2,2
2021-11-29 15:18:41,17341,17341,17341,2,-2
2021-11-29 15:18:44,17343,17343,17343,2,2
2021-11-29 15:18:44,17343,17343,17343,2,2
2021-11-29 15:18:48,17343,17343,17343,2,2
2021-11-29 15:18:53,17343,17343,17343,2,2
2021-11-29 15:18:56,17343,17343,17343,2,2
2021-11-29 15:19:00,17345,17345,17345,8,8
2021-11-29 15:19:00,17345,17345,17345,2,2
2021-11-29 15:19:00,17345,17345,17345,6,6
2021-11-29 15:19:02,17345,17345,17345,2,2
2021-11-29 15:19:03,17346,17346,17346,2,2
2021-11-29 15:19:03,17346,17346,17346,6,6
2021-11-29 15:19:03,17346,17346,17346,2,2
2021-11-29 15:19:12,17346,17346,17346,2,2
2021-11-29 15:19:12,17347,17347,17347,8,8
2021-11-29 15:19:12,17347,17347,17347,2,2
2021-11-29 15:19:12,17347,17347,17347,2,2
2021-11-29 15:19:12,17347,17347,17347,2,2
2021-11-29 15:19:13,17348,17348,17348,4,4
2021-11-29 15:19:13,17349,17349,17349,2,2
2021-11-29 15:19:13,17349,17349,17349,2,2
2021-11-29 15:19:13,17349,17349,17349,4,4
2021-11-29 15:19:13,17350,17350,17350,12,12
2021-11-29 15:19:13,17350,17350,17350,2,2
2021-11-29 15:19:13,17350,17350,17350,2,2
2021-11-29 15:19:13,17350,17350,17350,2,2
2021-11-29 15:19:13,17351,17351,17351,2,2
2021-11-29 15:19:13,17349,17349,17349,2,-2
2021-11-29 15:19:13,17349,17349,17349,2,2
2021-11-29 15:19:13,17349,17349,17349,2,2
2021-11-29 15:19:13,17349,17349,17349,2,2
2021-11-29 15:19:13,17349,17349,17349,2,2
2021-11-29 15:19:13,17351,17351,17351,8,8
2021-11-29 15:19:14,17349,17349,17349,4,-4
2021-11-29 15:19:14,17349,17349,17349,2,2
2021-11-29 15:19:14,17349,17349,17349,2,2
2021-11-29 15:19:15,17350,17350,17350,6,6
2021-11-29 15:19:16,17350,17350,17350,2,2
2021-11-29 15:19:16,17350,17350,17350,2,2
2021-11-29 15:19:16,17350,17350,17350,2,2
2021-11-29 15:19:17,17350,17350,17350,4,4
2021-11-29 15:19:19,17350,17350,17350,6,6
2021-11-29 15:19:19,17350,17350,17350,4,4
2021-11-29 15:19:20,17349,17349,17349,2,-2
2021-11-29 15:19:20,17348,17348,17348,2,-2
2021-11-29 15:19:21,17348,17348,17348,2,2
2021-11-29 15:19:21,17350,17350,17350,4,4
2021-11-29 15:19:25,17349,17349,17349,2,-2
2021-11-29 15:19:31,17349,17349,17349,2,2
2021-11-29 15:19:32,17350,17350,17350,4,4
2021-11-29 15:19:32,17350,17350,17350,6,6
2021-11-29 15:19:32,17350,17350,17350,2,2
2021-11-29 15:19:33,17350,17350,17350,2,2
2021-11-29 15:19:34,17351,17351,17351,10,10
2021-11-29 15:19:35,17352,17352,17352,2,2
2021-11-29 15:19:35,17352,17352,17352,8,8
2021-11-29 15:19:35,17352,17352,17352,6,6
2021-11-29 15:19:37,17352,17352,17352,2,2
2021-11-29 15:19:38,17353,17353,17353,2,2
2021-11-29 15:19:43,17352,17352,17352,2,-2
2021-11-29 15:19:45,17353,17353,17353,8,8
2021-11-29 15:19:49,17353,17353,17353,2,2
2021-11-29 15:19:50,17354,17354,17354,4,4
2021-11-29 15:19:56,17353,17353,17353,2,-2
2021-11-29 15:19:56,17354,17354,17354,2,2
2021-11-29 15:19:58,17353,17353,17353,2,-2
2021-11-29 15:19:59,17354,17354,17354,2,2
2021-11-29 15:20:01,17354,17354,17354,20,20
2021-11-29 15:20:01,17355,17355,17355,2,2
2021-11-29 15:20:01,17353,17353,17353,2,-2
2021-11-29 15:20:01,17353,17353,17353,2,2
2021-11-29 15:20:01,17353,17353,17353,2,2
2021-11-29 15:20:01,17353,17353,17353,2,2
2021-11-29 15:20:01,17352,17352,17352,2,-2
2021-11-29 15:20:05,17355,17355,17355,2,2
2021-11-29 15:20:05,17354,17354,17354,2,-2
2021-11-29 15:20:05,17353,17353,17353,2,-2
2021-11-29 15:20:05,17353,17353,17353,2,2
2021-11-29 15:20:05,17353,17353,17353,2,2
2021-11-29 15:20:05,17353,17353,17353,2,2
2021-11-29 15:20:05,17355,17355,17355,2,2
2021-11-29 15:20:05,17355,17355,17355,2,2
2021-11-29 15:20:05,17353,17353,17353,2,-2
2021-11-29 15:20:07,17353,17353,17353,2,2
2021-11-29 15:20:08,17354,17354,17354,2,2
2021-11-29 15:20:11,17354,17354,17354,2,2
2021-11-29 15:20:11,17354,17354,17354,2,2
2021-11-29 15:20:12,17354,17354,17354,2,2
2021-11-29 15:20:13,17354,17354,17354,2,2
2021-11-29 15:20:13,17353,17353,17353,2,-2
2021-11-29 15:20:13,17354,17354,17354,4,4
2021-11-29 15:20:14,17354,17354,17354,2,2
2021-11-29 15:20:16,17355,17355,17355,2,2
2021-11-29 15:20:20,17355,17355,17355,2,2
2021-11-29 15:20:20,17354,17354,17354,2,-2
2021-11-29 15:20:20,17354,17354,17354,2,2
2021-11-29 15:20:20,17354,17354,17354,2,2
2021-11-29 15:20:20,17354,17354,17354,2,2
2021-11-29 15:20:20,17355,17355,17355,10,10
2021-11-29 15:20:21,17354,17354,17354,2,-2
2021-11-29 15:20:21,17353,17353,17353,2,-2
2021-11-29 15:20:21,17353,17353,17353,2,2
2021-11-29 15:20:21,17353,17353,17353,2,2
2021-11-29 15:20:21,17353,17353,17353,2,2
2021-11-29 15:20:21,17353,17353,17353,2,2
2021-11-29 15:20:21,17353,17353,17353,2,2
2021-11-29 15:20:21,17353,17353,17353,2,2
2021-11-29 15:20:21,17353,17353,17353,18,18
2021-11-29 15:20:21,17353,17353,17353,2,2
2021-11-29 15:20:21,17353,17353,17353,2,2
2021-11-29 15:20:21,17352,17352,17352,2,-2
2021-11-29 15:20:21,17352,17352,17352,2,2
2021-11-29 15:20:21,17352,17352,17352,2,2
2021-11-29 15:20:21,17352,17352,17352,2,2
2021-11-29 15:20:21,17352,17352,17352,2,2
2021-11-29 15:20:21,17352,17352,17352,2,2
2021-11-29 15:20:23,17351,17351,17351,2,-2
2021-11-29 15:20:23,17351,17351,17351,2,2
2021-11-29 15:20:23,17351,17351,17351,2,2
2021-11-29 15:20:23,17350,17350,17350,2,-2
2021-11-29 15:20:23,17350,17350,17350,2,2
2021-11-29 15:20:23,17350,17350,17350,2,2
2021-11-29 15:20:23,17350,17350,17350,2,2
2021-11-29 15:20:23,17350,17350,17350,2,2
2021-11-29 15:20:23,17350,17350,17350,2,2
2021-11-29 15:20:23,17350,17350,17350,2,2
2021-11-29 15:20:27,17350,17350,17350,2,2
2021-11-29 15:20:27,17350,17350,17350,6,6
2021-11-29 15:20:27,17350,17350,17350,4,4
2021-11-29 15:20:27,17350,17350,17350,2,2
2021-11-29 15:20:28,17350,17350,17350,2,2
2021-11-29 15:20:28,17348,17348,17348,2,-2
2021-11-29 15:20:28,17348,17348,17348,2,2
2021-11-29 15:20:30,17350,17350,17350,2,2
2021-11-29 15:20:30,17351,17351,17351,2,2
2021-11-29 15:20:31,17351,17351,17351,2,2
2021-11-29 15:20:33,17350,17350,17350,2,-2
2021-11-29 15:20:33,17349,17349,17349,2,-2
2021-11-29 15:20:35,17350,17350,17350,2,2
2021-11-29 15:20:36,17350,17350,17350,2,2
2021-11-29 15:20:38,17350,17350,17350,2,2
2021-11-29 15:20:39,17350,17350,17350,4,4
2021-11-29 15:20:40,17351,17351,17351,2,2
2021-11-29 15:20:40,17351,17351,17351,2,2
2021-11-29 15:20:40,17351,17351,17351,2,2
2021-11-29 15:20:40,17351,17351,17351,4,4
2021-11-29 15:20:40,17352,17352,17352,2,2
2021-11-29 15:20:44,17351,17351,17351,10,-10
2021-11-29 15:20:44,17351,17351,17351,4,4
2021-11-29 15:20:44,17351,17351,17351,2,2
2021-11-29 15:20:44,17351,17351,17351,4,4
2021-11-29 15:20:44,17350,17350,17350,2,-2
2021-11-29 15:20:44,17351,17351,17351,12,12
2021-11-29 15:20:44,17352,17352,17352,2,2
2021-11-29 15:20:45,17352,17352,17352,2,2
2021-11-29 15:20:45,17353,17353,17353,2,2
2021-11-29 15:20:46,17351,17351,17351,2,-2
2021-11-29 15:20:49,17353,17353,17353,2,2
2021-11-29 15:20:50,17353,17353,17353,4,4
2021-11-29 15:20:57,17351,17351,17351,6,-6
2021-11-29 15:20:57,17351,17351,17351,2,2
2021-11-29 15:20:57,17351,17351,17351,2,2
2021-11-29 15:21:00,17350,17350,17350,2,-2
2021-11-29 15:21:01,17349,17349,17349,2,-2
2021-11-29 15:21:01,17349,17349,17349,6,6
2021-11-29 15:21:01,17348,17348,17348,2,-2
2021-11-29 15:21:01,17348,17348,17348,2,2
2021-11-29 15:21:01,17347,17347,17347,2,-2
2021-11-29 15:21:07,17349,17349,17349,2,2
2021-11-29 15:21:09,17348,17348,17348,2,-2
2021-11-29 15:21:11,17349,17349,17349,2,2
2021-11-29 15:21:14,17350,17350,17350,2,2
2021-11-29 15:21:16,17350,17350,17350,6,6
2021-11-29 15:21:18,17352,17352,17352,2,2
2021-11-29 15:21:32,17350,17350,17350,2,-2
2021-11-29 15:21:41,17350,17350,17350,2,2
2021-11-29 15:21:44,17351,17351,17351,2,2
2021-11-29 15:21:44,17352,17352,17352,2,2
2021-11-29 15:21:44,17352,17352,17352,2,2
2021-11-29 15:21:44,17352,17352,17352,2,2
2021-11-29 15:21:47,17351,17351,17351,2,-2
2021-11-29 15:21:47,17350,17350,17350,2,-2
2021-11-29 15:21:57,17352,17352,17352,4,4
2021-11-29 15:21:57,17352,17352,17352,2,2
2021-11-29 15:21:57,17352,17352,17352,2,2
2021-11-29 15:22:01,17350,17350,17350,2,-2
2021-11-29 15:22:01,17350,17350,17350,2,2
2021-11-29 15:22:03,17349,17349,17349,2,-2
2021-11-29 15:22:07,17349,17349,17349,2,2
2021-11-29 15:22:07,17349,17349,17349,4,4
2021-11-29 15:22:07,17349,17349,17349,2,2
2021-11-29 15:22:08,17348,17348,17348,2,-2
2021-11-29 15:22:08,17348,17348,17348,2,2
2021-11-29 15:22:08,17348,17348,17348,2,2
2021-11-29 15:22:08,17348,17348,17348,2,2
2021-11-29 15:22:12,17347,17347,17347,2,-2
2021-11-29 15:22:12,17347,17347,17347,2,2
2021-11-29 15:22:12,17347,17347,17347,2,2
2021-11-29 15:22:12,17347,17347,17347,2,2
2021-11-29 15:22:12,17347,17347,17347,2,2
2021-11-29 15:22:12,17347,17347,17347,2,2
2021-11-29 15:22:12,17348,17348,17348,4,4
2021-11-29 15:22:14,17347,17347,17347,2,-2
2021-11-29 15:22:19,17347,17347,17347,4,4
2021-11-29 15:22:23,17348,17348,17348,2,2
2021-11-29 15:22:24,17347,17347,17347,2,-2
2021-11-29 15:22:24,17347,17347,17347,2,2
2021-11-29 15:22:27,17348,17348,17348,2,2
2021-11-29 15:22:32,17350,17350,17350,2,2
2021-11-29 15:22:32,17352,17352,17352,2,2
2021-11-29 15:22:33,17352,17352,17352,2,2
2021-11-29 15:22:33,17351,17351,17351,2,-2
2021-11-29 15:22:33,17351,17351,17351,2,2
2021-11-29 15:22:39,17350,17350,17350,2,-2
2021-11-29 15:23:00,17351,17351,17351,2,2
2021-11-29 15:23:00,17351,17351,17351,2,2
2021-11-29 15:23:00,17350,17350,17350,2,-2
2021-11-29 15:23:00,17350,17350,17350,2,2
2021-11-29 15:23:00,17350,17350,17350,2,2
2021-11-29 15:23:00,17350,17350,17350,2,2
2021-11-29 15:23:00,17350,17350,17350,2,2
2021-11-29 15:23:07,17348,17348,17348,2,-2
2021-11-29 15:23:26,17350,17350,17350,2,2
2021-11-29 15:23:28,17349,17349,17349,2,-2
2021-11-29 15:23:46,17347,17347,17347,2,-2
2021-11-29 15:23:49,17347,17347,17347,2,2
2021-11-29 15:23:50,17346,17346,17346,2,-2
2021-11-29 15:23:50,17346,17346,17346,2,2
2021-11-29 15:23:50,17346,17346,17346,6,6
2021-11-29 15:23:50,17346,17346,17346,2,2
2021-11-29 15:23:50,17346,17346,17346,2,2
2021-11-29 15:23:55,17346,17346,17346,2,2
2021-11-29 15:23:55,17346,17346,17346,2,2
2021-11-29 15:24:00,17347,17347,17347,4,4
2021-11-29 15:24:01,17348,17348,17348,2,2
2021-11-29 15:24:01,17347,17347,17347,2,-2
2021-11-29 15:24:03,17347,17347,17347,2,2
2021-11-29 15:24:04,17346,17346,17346,2,-2
2021-11-29 15:24:05,17346,17346,17346,2,2
2021-11-29 15:24:14,17346,17346,17346,2,2
2021-11-29 15:24:15,17346,17346,17346,2,2
2021-11-29 15:24:24,17347,17347,17347,2,2
2021-11-29 15:24:24,17347,17347,17347,2,2
2021-11-29 15:24:24,17346,17346,17346,2,-2
2021-11-29 15:24:30,17346,17346,17346,2,2
2021-11-29 15:24:30,17346,17346,17346,2,2
2021-11-29 15:24:30,17346,17346,17346,2,2
2021-11-29 15:24:30,17346,17346,17346,2,2
2021-11-29 15:24:30,17346,17346,17346,4,4
2021-11-29 15:24:33,17346,17346,17346,2,2
2021-11-29 15:24:40,17345,17345,17345,2,-2
2021-11-29 15:24:40,17345,17345,17345,2,2
2021-11-29 15:24:45,17345,17345,17345,2,2
2021-11-29 15:24:45,17345,17345,17345,6,6
2021-11-29 15:24:45,17345,17345,17345,2,2
2021-11-29 15:24:45,17345,17345,17345,2,2
2021-11-29 15:24:45,17345,17345,17345,2,2
2021-11-29 15:24:45,17345,17345,17345,2,2
2021-11-29 15:24:45,17345,17345,17345,2,2
2021-11-29 15:24:45,17344,17344,17344,2,-2
2021-11-29 15:24:45,17344,17344,17344,2,2
2021-11-29 15:24:48,17343,17343,17343,2,-2
2021-11-29 15:24:48,17343,17343,17343,2,2
2021-11-29 15:24:52,17344,17344,17344,2,2
2021-11-29 15:24:53,17344,17344,17344,2,2
2021-11-29 15:24:56,17346,17346,17346,2,2
2021-11-29 15:24:56,17346,17346,17346,2,2
2021-11-29 15:24:56,17347,17347,17347,2,2
2021-11-29 15:24:56,17347,17347,17347,2,2
2021-11-29 15:24:57,17348,17348,17348,2,2
2021-11-29 15:24:59,17349,17349,17349,14,14
2021-11-29 15:25:01,17349,17349,17349,2,2
2021-11-29 15:25:01,17351,17351,17351,2,2
2021-11-29 15:25:01,17351,17351,17351,4,4
2021-11-29 15:25:01,17351,17351,17351,2,2
2021-11-29 15:25:14,17346,17346,17346,2,-2
2021-11-29 15:25:35,17349,17349,17349,2,2
2021-11-29 15:25:43,17348,17348,17348,2,-2
2021-11-29 15:25:48,17349,17349,17349,2,2
2021-11-29 15:25:51,17350,17350,17350,4,4
2021-11-29 15:25:51,17351,17351,17351,2,2
2021-11-29 15:25:51,17351,17351,17351,12,12
2021-11-29 15:25:51,17351,17351,17351,2,2
2021-11-29 15:25:51,17351,17351,17351,8,8
2021-11-29 15:25:51,17351,17351,17351,2,2
2021-11-29 15:25:51,17351,17351,17351,2,2
2021-11-29 15:25:51,17351,17351,17351,2,2
2021-11-29 15:25:51,17351,17351,17351,2,2
2021-11-29 15:25:51,17351,17351,17351,2,2
2021-11-29 15:25:57,17351,17351,17351,2,2
2021-11-29 15:26:01,17350,17350,17350,4,-4
2021-11-29 15:26:01,17350,17350,17350,2,2
2021-11-29 15:26:02,17351,17351,17351,2,2
2021-11-29 15:26:04,17351,17351,17351,2,2
2021-11-29 15:26:06,17350,17350,17350,2,-2
2021-11-29 15:26:08,17349,17349,17349,2,-2
2021-11-29 15:26:11,17350,17350,17350,6,6
2021-11-29 15:26:13,17349,17349,17349,2,-2
2021-11-29 15:26:14,17348,17348,17348,2,-2
2021-11-29 15:26:15,17350,17350,17350,2,2
2021-11-29 15:26:15,17348,17348,17348,2,-2
2021-11-29 15:26:20,17348,17348,17348,2,2
2021-11-29 15:26:22,17347,17347,17347,2,-2
2021-11-29 15:26:22,17347,17347,17347,2,2
2021-11-29 15:26:37,17348,17348,17348,2,2
2021-11-29 15:26:37,17347,17347,17347,2,-2
2021-11-29 15:26:38,17346,17346,17346,2,-2
2021-11-29 15:26:40,17348,17348,17348,2,2
2021-11-29 15:26:41,17348,17348,17348,4,4
2021-11-29 15:26:44,17347,17347,17347,2,-2
2021-11-29 15:26:46,17348,17348,17348,2,2
2021-11-29 15:26:48,17347,17347,17347,2,-2
2021-11-29 15:26:49,17348,17348,17348,2,2
2021-11-29 15:26:51,17348,17348,17348,6,6
2021-11-29 15:26:51,17348,17348,17348,2,2
2021-11-29 15:26:55,17348,17348,17348,2,2
2021-11-29 15:27:01,17349,17349,17349,2,2
2021-11-29 15:27:01,17350,17350,17350,2,2
2021-11-29 15:27:07,17349,17349,17349,2,-2
2021-11-29 15:27:11,17348,17348,17348,2,-2
2021-11-29 15:27:17,17348,17348,17348,2,2
2021-11-29 15:27:23,17349,17349,17349,2,2
2021-11-29 15:27:23,17348,17348,17348,4,-4
2021-11-29 15:27:26,17347,17347,17347,2,-2
2021-11-29 15:27:28,17347,17347,17347,2,2
2021-11-29 15:27:31,17348,17348,17348,2,2
2021-11-29 15:27:40,17347,17347,17347,2,-2
2021-11-29 15:27:40,17346,17346,17346,2,-2
2021-11-29 15:27:40,17346,17346,17346,2,2
2021-11-29 15:27:53,17349,17349,17349,4,4
2021-11-29 15:28:05,17349,17349,17349,2,2
2021-11-29 15:28:08,17350,17350,17350,8,8
2021-11-29 15:28:10,17349,17349,17349,2,-2
2021-11-29 15:28:10,17349,17349,17349,2,2
2021-11-29 15:28:10,17349,17349,17349,8,8
2021-11-29 15:28:10,17350,17350,17350,16,16
2021-11-29 15:28:10,17350,17350,17350,2,2
2021-11-29 15:28:10,17351,17351,17351,2,2
2021-11-29 15:28:12,17351,17351,17351,2,2
2021-11-29 15:28:12,17351,17351,17351,4,4
2021-11-29 15:28:12,17351,17351,17351,2,2
2021-11-29 15:28:13,17352,17352,17352,2,2
2021-11-29 15:28:14,17352,17352,17352,2,2
2021-11-29 15:28:14,17352,17352,17352,2,2
2021-11-29 15:28:14,17352,17352,17352,2,2
2021-11-29 15:28:15,17350,17350,17350,2,-2
2021-11-29 15:28:21,17351,17351,17351,2,2
2021-11-29 15:28:25,17350,17350,17350,2,-2
2021-11-29 15:28:26,17350,17350,17350,2,2
2021-11-29 15:28:26,17350,17350,17350,2,2
2021-11-29 15:28:26,17350,17350,17350,4,4
2021-11-29 15:28:30,17349,17349,17349,2,-2
2021-11-29 15:28:30,17349,17349,17349,4,4
2021-11-29 15:28:33,17350,17350,17350,2,2
2021-11-29 15:28:36,17349,17349,17349,2,-2
2021-11-29 15:28:40,17348,17348,17348,2,-2
2021-11-29 15:28:43,17348,17348,17348,10,10
2021-11-29 15:28:43,17348,17348,17348,2,2
2021-11-29 15:28:43,17347,17347,17347,2,-2
2021-11-29 15:28:43,17347,17347,17347,2,2
2021-11-29 15:28:43,17347,17347,17347,2,2
2021-11-29 15:28:43,17347,17347,17347,2,2
2021-11-29 15:28:43,17347,17347,17347,2,2
2021-11-29 15:28:43,17347,17347,17347,2,2
2021-11-29 15:28:43,17347,17347,17347,2,2
2021-11-29 15:28:43,17347,17347,17347,2,2
2021-11-29 15:28:43,17347,17347,17347,2,2
2021-11-29 15:28:43,17346,17346,17346,2,-2
2021-11-29 15:28:43,17346,17346,17346,2,2
2021-11-29 15:28:43,17346,17346,17346,2,2
2021-11-29 15:28:43,17346,17346,17346,2,2
2021-11-29 15:28:43,17346,17346,17346,2,2
2021-11-29 15:28:43,17346,17346,17346,2,2
2021-11-29 15:28:43,17346,17346,17346,2,2
2021-11-29 15:28:43,17346,17346,17346,2,2
2021-11-29 15:28:43,17346,17346,17346,2,2
2021-11-29 15:28:43,17346,17346,17346,2,2
2021-11-29 15:28:50,17347,17347,17347,2,2
2021-11-29 15:28:50,17347,17347,17347,2,2
2021-11-29 15:28:57,17347,17347,17347,14,14
2021-11-29 15:28:57,17347,17347,17347,2,2
2021-11-29 15:28:57,17347,17347,17347,2,2
2021-11-29 15:28:57,17349,17349,17349,2,2
2021-11-29 15:28:58,17349,17349,17349,2,2
2021-11-29 15:28:59,17348,17348,17348,2,-2
2021-11-29 15:29:00,17346,17346,17346,2,-2
2021-11-29 15:29:00,17346,17346,17346,2,2
2021-11-29 15:29:00,17346,17346,17346,2,2
2021-11-29 15:29:01,17345,17345,17345,2,-2
2021-11-29 15:29:02,17345,17345,17345,2,2
2021-11-29 15:29:02,17345,17345,17345,4,4
2021-11-29 15:29:02,17345,17345,17345,2,2
2021-11-29 15:29:02,17345,17345,17345,2,2
2021-11-29 15:29:02,17345,17345,17345,2,2
2021-11-29 15:29:03,17344,17344,17344,2,-2
2021-11-29 15:29:03,17346,17346,17346,2,2
2021-11-29 15:29:12,17346,17346,17346,6,6
2021-11-29 15:29:12,17347,17347,17347,2,2
2021-11-29 15:29:12,17347,17347,17347,2,2
2021-11-29 15:29:12,17348,17348,17348,2,2
2021-11-29 15:29:13,17348,17348,17348,2,2
2021-11-29 15:29:18,17346,17346,17346,2,-2
2021-11-29 15:29:20,17346,17346,17346,2,2
2021-11-29 15:29:39,17348,17348,17348,4,4
2021-11-29 15:29:39,17347,17347,17347,2,-2
2021-11-29 15:29:39,17347,17347,17347,2,2
2021-11-29 15:29:46,17349,17349,17349,6,6
2021-11-29 15:29:46,17349,17349,17349,2,2
2021-11-29 15:29:49,17349,17349,17349,2,2
2021-11-29 15:29:55,17349,17349,17349,2,2
2021-11-29 15:29:55,17350,17350,17350,24,24
2021-11-29 15:29:55,17350,17350,17350,2,2
2021-11-29 15:29:55,17351,17351,17351,2,2
2021-11-29 15:29:56,17352,17352,17352,2,2
2021-11-29 15:30:01,17351,17351,17351,2,-2
2021-11-29 15:30:01,17351,17351,17351,2,2
2021-11-29 15:30:09,17350,17350,17350,2,-2
2021-11-29 15:30:09,17350,17350,17350,2,2
2021-11-29 15:30:09,17350,17350,17350,6,6
2021-11-29 15:30:10,17348,17348,17348,2,-2
2021-11-29 15:30:10,17348,17348,17348,2,2
2021-11-29 15:30:10,17348,17348,17348,2,2
2021-11-29 15:30:11,17349,17349,17349,4,4
2021-11-29 15:30:14,17346,17346,17346,4,-4
2021-11-29 15:30:14,17346,17346,17346,2,2
2021-11-29 15:30:14,17345,17345,17345,2,-2
2021-11-29 15:30:14,17345,17345,17345,2,2
2021-11-29 15:30:14,17345,17345,17345,2,2
2021-11-29 15:30:20,17348,17348,17348,10,10
2021-11-29 15:30:38,17351,17351,17351,2,2
2021-11-29 15:30:38,17351,17351,17351,2,2
2021-11-29 15:30:38,17351,17351,17351,2,2
2021-11-29 15:30:38,17350,17350,17350,2,-2
2021-11-29 15:30:38,17350,17350,17350,2,2
2021-11-29 15:30:38,17350,17350,17350,2,2
2021-11-29 15:30:38,17350,17350,17350,2,2
2021-11-29 15:30:39,17352,17352,17352,10,10
2021-11-29 15:30:39,17352,17352,17352,18,18
2021-11-29 15:30:39,17353,17353,17353,16,16
2021-11-29 15:30:39,17353,17353,17353,2,2
2021-11-29 15:30:39,17353,17353,17353,10,10
2021-11-29 15:30:39,17353,17353,17353,2,2
2021-11-29 15:30:40,17353,17353,17353,2,2
2021-11-29 15:30:46,17351,17351,17351,2,-2
2021-11-29 15:30:53,17352,17352,17352,2,2
2021-11-29 15:30:54,17350,17350,17350,4,-4
2021-11-29 15:30:54,17350,17350,17350,6,6
2021-11-29 15:30:54,17350,17350,17350,2,2
2021-11-29 15:30:55,17350,17350,17350,2,2
2021-11-29 15:30:56,17351,17351,17351,2,2
2021-11-29 15:31:02,17350,17350,17350,2,-2
2021-11-29 15:31:02,17350,17350,17350,2,2
2021-11-29 15:31:03,17350,17350,17350,2,2
2021-11-29 15:31:03,17349,17349,17349,2,-2
2021-11-29 15:31:03,17348,17348,17348,2,-2
2021-11-29 15:31:03,17348,17348,17348,2,2
2021-11-29 15:31:03,17348,17348,17348,2,2
2021-11-29 15:31:03,17348,17348,17348,2,2
2021-11-29 15:31:03,17348,17348,17348,2,2
2021-11-29 15:31:03,17348,17348,17348,2,2
2021-11-29 15:31:03,17348,17348,17348,2,2
2021-11-29 15:31:03,17348,17348,17348,2,2
2021-11-29 15:31:05,17346,17346,17346,2,-2
2021-11-29 15:31:05,17346,17346,17346,2,2
2021-11-29 15:31:05,17346,17346,17346,2,2
2021-11-29 15:31:05,17346,17346,17346,2,2
2021-11-29 15:31:05,17346,17346,17346,2,2
2021-11-29 15:31:07,17345,17345,17345,4,-4
2021-11-29 15:31:07,17345,17345,17345,2,2
2021-11-29 15:31:07,17345,17345,17345,2,2
2021-11-29 15:31:09,17345,17345,17345,2,2
2021-11-29 15:31:09,17345,17345,17345,2,2
2021-11-29 15:31:09,17346,17346,17346,2,2
2021-11-29 15:31:11,17347,17347,17347,2,2
2021-11-29 15:31:14,17347,17347,17347,2,2
2021-11-29 15:31:20,17344,17344,17344,2,-2
2021-11-29 15:31:20,17344,17344,17344,2,2
2021-11-29 15:31:20,17344,17344,17344,4,4
2021-11-29 15:31:23,17344,17344,17344,4,4
2021-11-29 15:31:34,17344,17344,17344,2,2
2021-11-29 15:31:34,17343,17343,17343,2,-2
2021-11-29 15:31:40,17345,17345,17345,2,2
2021-11-29 15:31:40,17345,17345,17345,2,2
2021-11-29 15:31:40,17345,17345,17345,2,2
2021-11-29 15:31:42,17346,17346,17346,2,2
2021-11-29 15:32:06,17347,17347,17347,2,2
2021-11-29 15:32:10,17348,17348,17348,2,2
2021-11-29 15:32:10,17347,17347,17347,2,-2
2021-11-29 15:32:14,17346,17346,17346,2,-2
2021-11-29 15:32:14,17346,17346,17346,10,10
2021-11-29 15:32:16,17345,17345,17345,2,-2
2021-11-29 15:32:18,17347,17347,17347,18,18
2021-11-29 15:32:27,17348,17348,17348,2,2
2021-11-29 15:32:27,17348,17348,17348,12,12
2021-11-29 15:32:29,17350,17350,17350,2,2
2021-11-29 15:32:32,17350,17350,17350,14,14
2021-11-29 15:32:32,17350,17350,17350,2,2
2021-11-29 15:32:36,17351,17351,17351,6,6
2021-11-29 15:32:36,17351,17351,17351,4,4
2021-11-29 15:32:36,17351,17351,17351,4,4
2021-11-29 15:32:37,17349,17349,17349,2,-2
2021-11-29 15:32:44,17350,17350,17350,4,4
2021-11-29 15:32:48,17350,17350,17350,2,2
2021-11-29 15:32:51,17350,17350,17350,2,2
2021-11-29 15:32:52,17351,17351,17351,8,8
2021-11-29 15:32:53,17351,17351,17351,2,2
2021-11-29 15:32:53,17351,17351,17351,2,2
2021-11-29 15:32:57,17350,17350,17350,2,-2
2021-11-29 15:32:59,17349,17349,17349,2,-2
2021-11-29 15:33:00,17350,17350,17350,2,2
2021-11-29 15:33:07,17351,17351,17351,4,4
2021-11-29 15:33:07,17351,17351,17351,2,2
2021-11-29 15:33:07,17351,17351,17351,2,2
2021-11-29 15:33:07,17351,17351,17351,2,2
2021-11-29 15:33:17,17352,17352,17352,8,8
2021-11-29 15:33:17,17353,17353,17353,6,6
2021-11-29 15:33:18,17354,17354,17354,2,2
2021-11-29 15:33:18,17353,17353,17353,2,-2
2021-11-29 15:33:19,17354,17354,17354,6,6
2021-11-29 15:33:19,17354,17354,17354,8,8
2021-11-29 15:33:19,17354,17354,17354,2,2
2021-11-29 15:33:19,17354,17354,17354,4,4
2021-11-29 15:33:19,17354,17354,17354,2,2
2021-11-29 15:33:19,17354,17354,17354,2,2
2021-11-29 15:33:23,17355,17355,17355,8,8
2021-11-29 15:33:23,17355,17355,17355,2,2
2021-11-29 15:33:23,17355,17355,17355,2,2
2021-11-29 15:33:23,17355,17355,17355,4,4
2021-11-29 15:33:23,17355,17355,17355,24,24
2021-11-29 15:33:23,17355,17355,17355,8,8
2021-11-29 15:33:23,17355,17355,17355,2,2
2021-11-29 15:33:23,17355,17355,17355,2,2
2021-11-29 15:33:23,17355,17355,17355,2,2
2021-11-29 15:33:24,17354,17354,17354,2,-2
2021-11-29 15:33:25,17354,17354,17354,2,2
2021-11-29 15:33:27,17354,17354,17354,2,2
2021-11-29 15:33:27,17354,17354,17354,2,2
2021-11-29 15:33:27,17354,17354,17354,6,6
2021-11-29 15:33:27,17355,17355,17355,2,2
2021-11-29 15:33:31,17355,17355,17355,2,2
2021-11-29 15:33:31,17356,17356,17356,4,4
2021-11-29 15:33:31,17356,17356,17356,2,2
2021-11-29 15:33:32,17356,17356,17356,2,2
2021-11-29 15:33:33,17356,17356,17356,4,4
2021-11-29 15:33:34,17355,17355,17355,2,-2
2021-11-29 15:33:34,17355,17355,17355,2,2
2021-11-29 15:33:37,17356,17356,17356,2,2
2021-11-29 15:33:40,17356,17356,17356,4,4
2021-11-29 15:33:42,17356,17356,17356,2,2
2021-11-29 15:33:42,17356,17356,17356,12,12
2021-11-29 15:33:50,17356,17356,17356,2,2
2021-11-29 15:33:50,17356,17356,17356,2,2
2021-11-29 15:33:50,17356,17356,17356,4,4
2021-11-29 15:33:50,17356,17356,17356,2,2
2021-11-29 15:33:50,17356,17356,17356,2,2
2021-11-29 15:33:50,17356,17356,17356,4,4
2021-11-29 15:33:51,17356,17356,17356,4,4
2021-11-29 15:33:52,17355,17355,17355,2,-2
2021-11-29 15:33:52,17355,17355,17355,2,2
2021-11-29 15:33:55,17355,17355,17355,4,4
2021-11-29 15:33:58,17354,17354,17354,2,-2
2021-11-29 15:33:58,17354,17354,17354,2,2
2021-11-29 15:34:01,17352,17352,17352,2,-2
2021-11-29 15:34:04,17354,17354,17354,2,2
2021-11-29 15:34:11,17353,17353,17353,2,-2
2021-11-29 15:34:13,17352,17352,17352,2,-2
2021-11-29 15:34:23,17352,17352,17352,4,4
2021-11-29 15:34:23,17353,17353,17353,14,14
2021-11-29 15:34:23,17354,17354,17354,14,14
2021-11-29 15:34:23,17352,17352,17352,2,-2
2021-11-29 15:34:23,17352,17352,17352,2,2
2021-11-29 15:34:25,17352,17352,17352,6,6
2021-11-29 15:34:34,17352,17352,17352,4,4
2021-11-29 15:34:34,17352,17352,17352,6,6
2021-11-29 15:34:43,17353,17353,17353,2,2
2021-11-29 15:34:48,17353,17353,17353,2,2
2021-11-29 15:34:51,17354,17354,17354,2,2
2021-11-29 15:34:51,17354,17354,17354,6,6
2021-11-29 15:34:51,17354,17354,17354,2,2
2021-11-29 15:34:58,17354,17354,17354,8,8
2021-11-29 15:34:59,17354,17354,17354,4,4
2021-11-29 15:35:08,17354,17354,17354,2,2
2021-11-29 15:35:09,17355,17355,17355,4,4
2021-11-29 15:35:10,17354,17354,17354,2,-2
2021-11-29 15:35:13,17355,17355,17355,4,4
2021-11-29 15:35:17,17355,17355,17355,2,2
2021-11-29 15:35:24,17355,17355,17355,2,2
2021-11-29 15:35:27,17354,17354,17354,2,-2
2021-11-29 15:35:28,17355,17355,17355,2,2
2021-11-29 15:35:29,17355,17355,17355,2,2
2021-11-29 15:35:29,17355,17355,17355,2,2
2021-11-29 15:35:30,17355,17355,17355,2,2
2021-11-29 15:35:35,17355,17355,17355,2,2
2021-11-29 15:35:37,17356,17356,17356,4,4
2021-11-29 15:35:37,17356,17356,17356,6,6
2021-11-29 15:35:39,17355,17355,17355,2,-2
2021-11-29 15:35:39,17355,17355,17355,16,16
2021-11-29 15:35:40,17353,17353,17353,2,-2
2021-11-29 15:35:40,17353,17353,17353,2,2
2021-11-29 15:35:42,17355,17355,17355,12,12
2021-11-29 15:35:43,17355,17355,17355,2,2
2021-11-29 15:35:47,17354,17354,17354,4,-4
2021-11-29 15:35:47,17354,17354,17354,2,2
2021-11-29 15:35:47,17354,17354,17354,2,2
2021-11-29 15:35:47,17354,17354,17354,2,2
2021-11-29 15:35:48,17354,17354,17354,2,2
2021-11-29 15:35:50,17353,17353,17353,2,-2
2021-11-29 15:35:56,17354,17354,17354,2,2
2021-11-29 15:36:00,17355,17355,17355,2,2
2021-11-29 15:36:03,17354,17354,17354,2,-2
2021-11-29 15:36:11,17354,17354,17354,2,2
2021-11-29 15:36:14,17355,17355,17355,16,16
2021-11-29 15:36:19,17355,17355,17355,2,2
2021-11-29 15:36:25,17353,17353,17353,2,-2
2021-11-29 15:36:28,17354,17354,17354,2,2
2021-11-29 15:36:28,17354,17354,17354,2,2
2021-11-29 15:36:45,17355,17355,17355,2,2
2021-11-29 15:36:53,17355,17355,17355,2,2
2021-11-29 15:36:53,17354,17354,17354,2,-2
2021-11-29 15:36:53,17354,17354,17354,2,2
2021-11-29 15:36:53,17354,17354,17354,2,2
2021-11-29 15:36:53,17354,17354,17354,2,2
2021-11-29 15:36:53,17353,17353,17353,2,-2
2021-11-29 15:36:53,17353,17353,17353,2,2
2021-11-29 15:36:53,17353,17353,17353,2,2
2021-11-29 15:36:55,17353,17353,17353,2,2
2021-11-29 15:36:58,17353,17353,17353,2,2
2021-11-29 15:37:09,17352,17352,17352,2,-2
2021-11-29 15:37:09,17352,17352,17352,2,2
2021-11-29 15:37:09,17352,17352,17352,2,2
2021-11-29 15:37:09,17352,17352,17352,2,2
2021-11-29 15:37:11,17351,17351,17351,4,-4
2021-11-29 15:37:11,17351,17351,17351,2,2
2021-11-29 15:37:11,17351,17351,17351,2,2
2021-11-29 15:37:17,17351,17351,17351,2,2
2021-11-29 15:37:19,17350,17350,17350,2,-2
2021-11-29 15:37:19,17350,17350,17350,2,2
2021-11-29 15:37:19,17350,17350,17350,2,2
2021-11-29 15:37:19,17350,17350,17350,2,2
2021-11-29 15:37:19,17350,17350,17350,2,2
2021-11-29 15:37:21,17350,17350,17350,2,2
2021-11-29 15:37:28,17350,17350,17350,6,6
2021-11-29 15:37:31,17350,17350,17350,4,4
2021-11-29 15:37:31,17349,17349,17349,2,-2
2021-11-29 15:37:36,17350,17350,17350,2,2
2021-11-29 15:37:41,17354,17354,17354,2,2
2021-11-29 15:37:52,17351,17351,17351,2,-2
2021-11-29 15:38:02,17351,17351,17351,2,2
2021-11-29 15:38:25,17352,17352,17352,2,2
2021-11-29 15:38:28,17352,17352,17352,2,2
2021-11-29 15:38:30,17352,17352,17352,2,2
2021-11-29 15:38:30,17351,17351,17351,2,-2
2021-11-29 15:38:40,17351,17351,17351,2,2
2021-11-29 15:38:40,17350,17350,17350,2,-2
2021-11-29 15:38:44,17351,17351,17351,2,2
2021-11-29 15:38:49,17351,17351,17351,2,2
2021-11-29 15:38:51,17350,17350,17350,2,-2
2021-11-29 15:38:51,17350,17350,17350,2,2
2021-11-29 15:38:51,17350,17350,17350,2,2
2021-11-29 15:38:51,17350,17350,17350,2,2
2021-11-29 15:38:52,17349,17349,17349,2,-2
2021-11-29 15:38:52,17349,17349,17349,4,4
2021-11-29 15:38:52,17349,17349,17349,2,2
2021-11-29 15:38:55,17348,17348,17348,2,-2
2021-11-29 15:38:56,17348,17348,17348,2,2
2021-11-29 15:38:56,17348,17348,17348,2,2
2021-11-29 15:39:07,17348,17348,17348,2,2
2021-11-29 15:39:12,17348,17348,17348,2,2
2021-11-29 15:39:20,17348,17348,17348,2,2
2021-11-29 15:39:24,17347,17347,17347,2,-2
2021-11-29 15:39:24,17347,17347,17347,2,2
2021-11-29 15:39:24,17347,17347,17347,2,2
2021-11-29 15:39:24,17347,17347,17347,2,2
2021-11-29 15:39:24,17347,17347,17347,2,2
2021-11-29 15:39:24,17347,17347,17347,2,2
2021-11-29 15:39:24,17347,17347,17347,2,2
2021-11-29 15:39:24,17347,17347,17347,2,2
2021-11-29 15:39:26,17347,17347,17347,2,2
2021-11-29 15:39:28,17347,17347,17347,2,2
2021-11-29 15:39:28,17346,17346,17346,2,-2
2021-11-29 15:39:29,17346,17346,17346,2,2
2021-11-29 15:39:29,17346,17346,17346,2,2
2021-11-29 15:39:31,17348,17348,17348,2,2
2021-11-29 15:39:36,17347,17347,17347,2,-2
2021-11-29 15:39:36,17347,17347,17347,2,2
2021-11-29 15:39:36,17347,17347,17347,2,2
2021-11-29 15:39:36,17346,17346,17346,4,-4
2021-11-29 15:39:36,17346,17346,17346,2,2
2021-11-29 15:39:36,17346,17346,17346,2,2
2021-11-29 15:39:36,17346,17346,17346,6,6
2021-11-29 15:39:36,17346,17346,17346,2,2
2021-11-29 15:39:36,17346,17346,17346,2,2
2021-11-29 15:39:36,17347,17347,17347,2,2
2021-11-29 15:39:36,17346,17346,17346,2,-2
2021-11-29 15:39:39,17346,17346,17346,2,2
2021-11-29 15:39:40,17346,17346,17346,2,2
2021-11-29 15:39:43,17346,17346,17346,2,2
2021-11-29 15:39:46,17345,17345,17345,2,-2
2021-11-29 15:39:46,17345,17345,17345,4,4
2021-11-29 15:39:46,17345,17345,17345,2,2
2021-11-29 15:39:47,17345,17345,17345,2,2
2021-11-29 15:39:47,17345,17345,17345,4,4
2021-11-29 15:39:49,17345,17345,17345,2,2
2021-11-29 15:39:51,17345,17345,17345,2,2
2021-11-29 15:39:55,17345,17345,17345,2,2
2021-11-29 15:39:57,17344,17344,17344,2,-2
2021-11-29 15:39:57,17345,17345,17345,2,2
2021-11-29 15:39:58,17345,17345,17345,2,2
2021-11-29 15:40:00,17344,17344,17344,2,-2
2021-11-29 15:40:00,17345,17345,17345,2,2
2021-11-29 15:40:00,17345,17345,17345,2,2
2021-11-29 15:40:00,17345,17345,17345,2,2
2021-11-29 15:40:02,17344,17344,17344,2,-2
2021-11-29 15:40:02,17344,17344,17344,2,2
2021-11-29 15:40:02,17344,17344,17344,2,2
2021-11-29 15:40:02,17344,17344,17344,2,2
2021-11-29 15:40:04,17345,17345,17345,4,4
2021-11-29 15:40:19,17345,17345,17345,2,2
2021-11-29 15:40:19,17345,17345,17345,2,2
2021-11-29 15:40:31,17344,17344,17344,2,-2
2021-11-29 15:40:31,17344,17344,17344,2,2
2021-11-29 15:40:32,17345,17345,17345,2,2
2021-11-29 15:40:36,17344,17344,17344,2,-2
2021-11-29 15:40:39,17344,17344,17344,2,2
2021-11-29 15:40:40,17345,17345,17345,2,2
2021-11-29 15:40:42,17344,17344,17344,2,-2
2021-11-29 15:40:52,17345,17345,17345,2,2
2021-11-29 15:41:00,17345,17345,17345,2,2
2021-11-29 15:41:00,17345,17345,17345,4,4
2021-11-29 15:41:01,17346,17346,17346,2,2
2021-11-29 15:41:01,17346,17346,17346,10,10
2021-11-29 15:41:02,17345,17345,17345,2,-2
2021-11-29 15:41:05,17345,17345,17345,2,2
2021-11-29 15:41:05,17345,17345,17345,2,2
2021-11-29 15:41:15,17346,17346,17346,2,2
2021-11-29 15:41:20,17345,17345,17345,2,-2
2021-11-29 15:41:29,17346,17346,17346,2,2
2021-11-29 15:41:32,17346,17346,17346,2,2
2021-11-29 15:41:49,17349,17349,17349,2,2
2021-11-29 15:41:50,17348,17348,17348,2,-2
2021-11-29 15:41:53,17349,17349,17349,2,2
2021-11-29 15:41:54,17350,17350,17350,8,8
2021-11-29 15:42:00,17350,17350,17350,2,2
2021-11-29 15:42:09,17349,17349,17349,2,-2
2021-11-29 15:42:09,17349,17349,17349,2,2
2021-11-29 15:42:12,17348,17348,17348,2,-2
2021-11-29 15:42:25,17349,17349,17349,2,2
2021-11-29 15:42:33,17350,17350,17350,4,4
2021-11-29 15:42:37,17348,17348,17348,2,-2
2021-11-29 15:42:46,17347,17347,17347,4,-4
2021-11-29 15:42:46,17347,17347,17347,4,4
2021-11-29 15:42:53,17346,17346,17346,2,-2
2021-11-29 15:42:54,17346,17346,17346,2,2
2021-11-29 15:43:02,17345,17345,17345,2,-2
2021-11-29 15:43:02,17345,17345,17345,4,4
2021-11-29 15:43:03,17346,17346,17346,2,2
2021-11-29 15:43:15,17344,17344,17344,2,-2
2021-11-29 15:43:15,17344,17344,17344,2,2
2021-11-29 15:43:15,17344,17344,17344,2,2
2021-11-29 15:43:15,17344,17344,17344,2,2
2021-11-29 15:43:15,17344,17344,17344,8,8
2021-11-29 15:43:15,17344,17344,17344,2,2
2021-11-29 15:43:15,17344,17344,17344,2,2
2021-11-29 15:43:18,17343,17343,17343,2,-2
2021-11-29 15:43:19,17343,17343,17343,2,2
2021-11-29 15:43:28,17343,17343,17343,2,2
2021-11-29 15:43:28,17344,17344,17344,2,2
2021-11-29 15:43:28,17344,17344,17344,12,12
2021-11-29 15:43:28,17344,17344,17344,4,4
2021-11-29 15:43:28,17344,17344,17344,2,2
2021-11-29 15:43:30,17343,17343,17343,2,-2
2021-11-29 15:43:36,17345,17345,17345,2,2
2021-11-29 15:43:39,17345,17345,17345,2,2
2021-11-29 15:43:44,17345,17345,17345,2,2
2021-11-29 15:43:46,17345,17345,17345,2,2
2021-11-29 15:43:56,17344,17344,17344,2,-2
2021-11-29 15:44:00,17343,17343,17343,2,-2
2021-11-29 15:44:00,17343,17343,17343,4,4
2021-11-29 15:44:00,17343,17343,17343,2,2
2021-11-29 15:44:00,17343,17343,17343,2,2
2021-11-29 15:44:00,17343,17343,17343,2,2
2021-11-29 15:44:00,17343,17343,17343,2,2
2021-11-29 15:44:00,17343,17343,17343,2,2
2021-11-29 15:44:00,17343,17343,17343,2,2
2021-11-29 15:44:00,17343,17343,17343,4,4
2021-11-29 15:44:00,17343,17343,17343,2,2
2021-11-29 15:44:07,17343,17343,17343,2,2
2021-11-29 15:44:08,17343,17343,17343,2,2
2021-11-29 15:44:08,17343,17343,17343,2,2
2021-11-29 15:44:12,17343,17343,17343,2,2
2021-11-29 15:44:17,17343,17343,17343,2,2
2021-11-29 15:44:17,17342,17342,17342,2,-2
2021-11-29 15:44:17,17342,17342,17342,2,2
2021-11-29 15:44:19,17343,17343,17343,2,2
2021-11-29 15:44:21,17344,17344,17344,2,2
2021-11-29 15:44:27,17343,17343,17343,2,-2
2021-11-29 15:44:31,17344,17344,17344,2,2
2021-11-29 15:44:31,17344,17344,17344,2,2
2021-11-29 15:44:34,17345,17345,17345,2,2
2021-11-29 15:44:36,17343,17343,17343,2,-2
2021-11-29 15:44:44,17344,17344,17344,4,4
2021-11-29 15:44:50,17343,17343,17343,2,-2
2021-11-29 15:44:54,17342,17342,17342,2,-2
2021-11-29 15:44:58,17342,17342,17342,2,2
2021-11-29 15:44:59,17342,17342,17342,2,2
2021-11-29 15:44:59,17342,17342,17342,2,2
2021-11-29 15:44:59,17342,17342,17342,8,8
2021-11-29 15:44:59,17342,17342,17342,2,2
2021-11-29 15:44:59,17342,17342,17342,2,2
2021-11-29 15:44:59,17342,17342,17342,6,6
2021-11-29 15:44:59,17341,17341,17341,2,-2
2021-11-29 15:44:59,17341,17341,17341,2,2
2021-11-29 15:44:59,17341,17341,17341,2,2
2021-11-29 15:44:59,17341,17341,17341,2,2
2021-11-29 15:44:59,17341,17341,17341,2,2
2021-11-29 15:45:00,17342,17342,17342,2,2
2021-11-29 15:45:00,17344,17344,17344,2,2
2021-11-29 15:45:00,17344,17344,17344,2,2
2021-11-29 15:45:00,17344,17344,17344,2,2
2021-11-29 15:45:00,17342,17342,17342,2,-2
2021-11-29 15:45:03,17343,17343,17343,2,2
2021-11-29 15:45:05,17343,17343,17343,2,2
2021-11-29 15:45:05,17343,17343,17343,2,2
2021-11-29 15:45:05,17343,17343,17343,4,4
2021-11-29 15:45:05,17342,17342,17342,2,-2
2021-11-29 15:45:12,17343,17343,17343,4,4
2021-11-29 15:45:22,17344,17344,17344,2,2
2021-11-29 15:45:22,17345,17345,17345,4,4
2021-11-29 15:45:22,17345,17345,17345,4,4
2021-11-29 15:45:26,17346,17346,17346,2,2
2021-11-29 15:45:27,17346,17346,17346,14,14
2021-11-29 15:45:27,17346,17346,17346,2,2
2021-11-29 15:45:27,17346,17346,17346,2,2
2021-11-29 15:45:27,17346,17346,17346,8,8
2021-11-29 15:45:27,17346,17346,17346,2,2
2021-11-29 15:45:27,17346,17346,17346,2,2
2021-11-29 15:45:36,17345,17345,17345,2,-2
2021-11-29 15:45:36,17344,17344,17344,2,-2
2021-11-29 15:45:55,17346,17346,17346,2,2
2021-11-29 15:45:55,17346,17346,17346,2,2
2021-11-29 15:45:57,17346,17346,17346,2,2
2021-11-29 15:46:08,17348,17348,17348,2,2
2021-11-29 15:46:26,17348,17348,17348,2,2
2021-11-29 15:46:31,17348,17348,17348,2,2
2021-11-29 15:46:32,17348,17348,17348,2,2
2021-11-29 15:46:38,17348,17348,17348,2,2
2021-11-29 15:46:45,17347,17347,17347,2,-2
2021-11-29 15:46:45,17348,17348,17348,2,2
2021-11-29 15:46:49,17348,17348,17348,2,2
2021-11-29 15:46:49,17349,17349,17349,8,8
2021-11-29 15:46:50,17349,17349,17349,2,2
2021-11-29 15:46:55,17349,17349,17349,2,2
2021-11-29 15:47:00,17350,17350,17350,2,2
2021-11-29 15:47:11,17349,17349,17349,2,-2
2021-11-29 15:47:18,17350,17350,17350,2,2
2021-11-29 15:47:29,17349,17349,17349,2,-2
2021-11-29 15:47:29,17349,17349,17349,2,2
2021-11-29 15:47:29,17349,17349,17349,2,2
2021-11-29 15:47:29,17349,17349,17349,2,2
2021-11-29 15:47:30,17349,17349,17349,2,2
2021-11-29 15:47:40,17347,17347,17347,2,-2
2021-11-29 15:47:40,17346,17346,17346,2,-2
2021-11-29 15:47:41,17347,17347,17347,8,8
2021-11-29 15:47:54,17346,17346,17346,4,-4
2021-11-29 15:47:54,17345,17345,17345,2,-2
2021-11-29 15:48:01,17345,17345,17345,2,2
2021-11-29 15:48:01,17345,17345,17345,2,2
2021-11-29 15:48:01,17345,17345,17345,2,2
2021-11-29 15:48:03,17344,17344,17344,2,-2
2021-11-29 15:48:03,17344,17344,17344,10,10
