2024-01-15 15:00:00.001,17569,17569,17569,358,0
2024-01-15 15:00:00.001,17568,17568,17568,2,-2
2024-01-15 15:00:00.001,17568,17568,17568,4,0
2024-01-15 15:00:00.001,17568,17568,17568,6,0
2024-01-15 15:00:00.001,17568,17568,17568,2,0
2024-01-15 15:00:00.001,17568,17568,17568,2,0
2024-01-15 15:00:00.001,17569,17569,17569,4,4
2024-01-15 15:00:00.001,17570,17570,17570,2,2
2024-01-15 15:00:00.001,17567,17567,17567,2,-2
2024-01-15 15:00:00.001,17569,17569,17569,2,2
2024-01-15 15:00:00.001,17569,17569,17569,2,0
2024-01-15 15:00:00.001,17566,17566,17566,2,-2
2024-01-15 15:00:00.001,17568,17568,17568,2,2
2024-01-15 15:00:00.001,17570,17570,17570,2,2
2024-01-15 15:00:00.001,17570,17570,17570,2,0
2024-01-15 15:00:00.001,17570,17570,17570,2,0
2024-01-15 15:00:00.001,17566,17566,17566,2,-2
2024-01-15 15:00:00.001,17566,17566,17566,2,0
2024-01-15 15:00:00.001,17570,17570,17570,2,2
2024-01-15 15:00:00.001,17570,17570,17570,2,0
2024-01-15 15:00:00.001,17570,17570,17570,4,0
2024-01-15 15:00:00.001,17566,17566,17566,2,-2
2024-01-15 15:00:00.001,17566,17566,17566,2,0
2024-01-15 15:00:00.001,17566,17566,17566,2,0
2024-01-15 15:00:00.001,17570,17570,17570,2,2
2024-01-15 15:00:00.001,17566,17566,17566,2,-2
2024-01-15 15:00:00.001,17567,17567,17567,2,2
2024-01-15 15:00:01.001,17568,17568,17568,2,2
2024-01-15 15:00:01.001,17567,17567,17567,2,-2
2024-01-15 15:00:01.001,17568,17568,17568,4,4
2024-01-15 15:00:01.001,17569,17569,17569,8,8
2024-01-15 15:00:01.001,17570,17570,17570,8,8
2024-01-15 15:00:01.001,17570,17570,17570,8,0
2024-01-15 15:00:01.001,17570,17570,17570,2,0
2024-01-15 15:00:01.001,17570,17570,17570,2,0
2024-01-15 15:00:01.001,17569,17569,17569,2,-2
2024-01-15 15:00:02.001,17568,17568,17568,2,-2
2024-01-15 15:00:02.001,17570,17570,17570,8,8
2024-01-15 15:00:02.001,17570,17570,17570,4,0
2024-01-15 15:00:02.001,17568,17568,17568,2,-2
2024-01-15 15:00:02.001,17568,17568,17568,2,0
2024-01-15 15:00:02.001,17568,17568,17568,2,0
2024-01-15 15:00:03.001,17569,17569,17569,8,8
2024-01-15 15:00:03.001,17569,17569,17569,2,0
2024-01-15 15:00:03.001,17569,17569,17569,4,0
2024-01-15 15:00:03.001,17569,17569,17569,2,0
2024-01-15 15:00:03.001,17570,17570,17570,4,4
2024-01-15 15:00:04.001,17568,17568,17568,2,-2
2024-01-15 15:00:04.001,17568,17568,17568,2,0
2024-01-15 15:00:04.001,17568,17568,17568,2,0
2024-01-15 15:00:04.001,17569,17569,17569,4,4
2024-01-15 15:00:04.001,17569,17569,17569,2,0
2024-01-15 15:00:05.001,17567,17567,17567,2,-2
2024-01-15 15:00:05.001,17566,17566,17566,2,-2
2024-01-15 15:00:05.001,17566,17566,17566,2,0
2024-01-15 15:00:05.001,17566,17566,17566,2,0
2024-01-15 15:00:05.001,17566,17566,17566,2,0
2024-01-15 15:00:05.001,17566,17566,17566,4,0
2024-01-15 15:00:05.001,17566,17566,17566,2,0
2024-01-15 15:00:05.001,17566,17566,17566,2,0
2024-01-15 15:00:05.001,17566,17566,17566,2,0
2024-01-15 15:00:05.001,17566,17566,17566,2,0
2024-01-15 15:00:05.001,17566,17566,17566,2,0
2024-01-15 15:00:05.001,17567,17567,17567,2,2
2024-01-15 15:00:05.001,17567,17567,17567,4,0
2024-01-15 15:00:05.001,17568,17568,17568,2,2
2024-01-15 15:00:06.001,17567,17567,17567,2,-2
2024-01-15 15:00:06.001,17567,17567,17567,2,0
2024-01-15 15:00:06.001,17567,17567,17567,2,0
2024-01-15 15:00:06.001,17567,17567,17567,4,0
2024-01-15 15:00:06.001,17567,17567,17567,4,0
2024-01-15 15:00:06.001,17566,17566,17566,2,-2
2024-01-15 15:00:06.001,17566,17566,17566,4,0
2024-01-15 15:00:06.001,17566,17566,17566,2,0
2024-01-15 15:00:06.001,17565,17565,17565,2,-2
2024-01-15 15:00:06.001,17565,17565,17565,4,0
2024-01-15 15:00:06.001,17565,17565,17565,2,0
2024-01-15 15:00:07.001,17565,17565,17565,2,0
2024-01-15 15:00:07.001,17565,17565,17565,2,0
2024-01-15 15:00:07.001,17566,17566,17566,2,2
2024-01-15 15:00:07.001,17566,17566,17566,4,0
2024-01-15 15:00:07.001,17565,17565,17565,2,-2
2024-01-15 15:00:08.001,17565,17565,17565,4,0
2024-01-15 15:00:09.001,17566,17566,17566,6,6
2024-01-15 15:00:09.001,17565,17565,17565,4,-4
2024-01-15 15:00:09.001,17565,17565,17565,2,0
2024-01-15 15:00:09.001,17565,17565,17565,2,0
2024-01-15 15:00:10.001,17566,17566,17566,2,2
2024-01-15 15:00:10.001,17566,17566,17566,4,0
2024-01-15 15:00:10.001,17566,17566,17566,12,0
2024-01-15 15:00:10.001,17567,17567,17567,4,4
2024-01-15 15:00:11.001,17565,17565,17565,2,-2
2024-01-15 15:00:11.001,17566,17566,17566,2,2
2024-01-15 15:00:11.001,17566,17566,17566,2,0
2024-01-15 15:00:12.001,17566,17566,17566,2,0
2024-01-15 15:00:13.001,17565,17565,17565,2,-2
2024-01-15 15:00:13.001,17565,17565,17565,2,0
2024-01-15 15:00:13.001,17566,17566,17566,4,4
2024-01-15 15:00:14.001,17568,17568,17568,2,2
2024-01-15 15:00:15.001,17567,17567,17567,2,-2
2024-01-15 15:00:16.001,17567,17567,17567,2,0
2024-01-15 15:00:17.001,17568,17568,17568,4,4
2024-01-15 15:00:20.001,17568,17568,17568,2,0
2024-01-15 15:00:21.001,17568,17568,17568,2,0
2024-01-15 15:00:21.001,17567,17567,17567,2,-2
2024-01-15 15:00:21.001,17568,17568,17568,2,2
2024-01-15 15:00:22.001,17568,17568,17568,14,0
2024-01-15 15:00:22.001,17568,17568,17568,4,0
2024-01-15 15:00:22.001,17568,17568,17568,8,0
2024-01-15 15:00:22.001,17568,17568,17568,2,0
2024-01-15 15:00:22.001,17569,17569,17569,10,10
2024-01-15 15:00:22.001,17570,17570,17570,26,26
2024-01-15 15:00:23.001,17571,17571,17571,22,22
2024-01-15 15:00:23.001,17572,17572,17572,4,4
2024-01-15 15:00:23.001,17570,17570,17570,2,-2
2024-01-15 15:00:23.001,17572,17572,17572,2,2
2024-01-15 15:00:23.001,17570,17570,17570,2,-2
2024-01-15 15:00:23.001,17570,17570,17570,2,0
2024-01-15 15:00:23.001,17571,17571,17571,2,2
2024-01-15 15:00:23.001,17570,17570,17570,4,-4
2024-01-15 15:00:24.001,17570,17570,17570,2,0
2024-01-15 15:00:25.001,17571,17571,17571,2,2
2024-01-15 15:00:25.001,17569,17569,17569,2,-2
2024-01-15 15:00:26.001,17571,17571,17571,2,2
2024-01-15 15:00:27.001,17571,17571,17571,2,0
2024-01-15 15:00:27.001,17571,17571,17571,2,0
2024-01-15 15:00:27.001,17571,17571,17571,2,0
2024-01-15 15:00:28.001,17571,17571,17571,2,0
2024-01-15 15:00:29.001,17570,17570,17570,2,-2
2024-01-15 15:00:29.001,17570,17570,17570,4,0
2024-01-15 15:00:29.001,17571,17571,17571,2,2
2024-01-15 15:00:29.001,17571,17571,17571,2,0
2024-01-15 15:00:31.001,17570,17570,17570,2,-2
2024-01-15 15:00:31.001,17570,17570,17570,2,0
2024-01-15 15:00:31.001,17570,17570,17570,2,0
2024-01-15 15:00:32.001,17570,17570,17570,2,0
2024-01-15 15:00:32.001,17569,17569,17569,2,-2
2024-01-15 15:00:32.001,17569,17569,17569,2,0
2024-01-15 15:00:34.001,17569,17569,17569,2,0
2024-01-15 15:00:37.001,17567,17567,17567,2,-2
2024-01-15 15:00:40.001,17569,17569,17569,4,4
2024-01-15 15:00:42.001,17568,17568,17568,2,-2
2024-01-15 15:00:42.001,17568,17568,17568,2,0
2024-01-15 15:00:43.001,17567,17567,17567,2,-2
2024-01-15 15:00:43.001,17569,17569,17569,4,4
2024-01-15 15:00:44.001,17567,17567,17567,2,-2
2024-01-15 15:00:44.001,17567,17567,17567,4,0
2024-01-15 15:00:44.001,17567,17567,17567,4,0
2024-01-15 15:00:45.001,17567,17567,17567,2,0
2024-01-15 15:00:47.001,17568,17568,17568,2,2
2024-01-15 15:00:48.001,17567,17567,17567,2,-2
2024-01-15 15:00:50.001,17569,17569,17569,10,10
2024-01-15 15:00:51.001,17568,17568,17568,2,-2
2024-01-15 15:00:51.001,17568,17568,17568,2,0
2024-01-15 15:00:52.001,17568,17568,17568,4,0
2024-01-15 15:00:53.001,17568,17568,17568,2,0
2024-01-15 15:00:57.001,17569,17569,17569,18,18
2024-01-15 15:00:58.001,17570,17570,17570,2,2
2024-01-15 15:00:59.001,17569,17569,17569,2,-2
2024-01-15 15:00:59.001,17569,17569,17569,2,0
2024-01-15 15:01:00.001,17570,17570,17570,6,6
2024-01-15 15:01:00.001,17570,17570,17570,4,0
2024-01-15 15:01:00.001,17570,17570,17570,2,0
2024-01-15 15:01:00.001,17570,17570,17570,2,0
2024-01-15 15:01:00.001,17569,17569,17569,2,-2
2024-01-15 15:01:01.001,17569,17569,17569,2,0
2024-01-15 15:01:01.001,17569,17569,17569,2,0
2024-01-15 15:01:01.001,17570,17570,17570,2,2
2024-01-15 15:01:02.001,17571,17571,17571,16,16
2024-01-15 15:01:03.001,17571,17571,17571,2,0
2024-01-15 15:01:03.001,17572,17572,17572,2,2
2024-01-15 15:01:05.001,17571,17571,17571,2,-2
2024-01-15 15:01:06.001,17572,17572,17572,4,4
2024-01-15 15:01:08.001,17571,17571,17571,4,-4
2024-01-15 15:01:08.001,17571,17571,17571,2,0
2024-01-15 15:01:08.001,17571,17571,17571,4,0
2024-01-15 15:01:08.001,17571,17571,17571,4,0
2024-01-15 15:01:08.001,17571,17571,17571,2,0
2024-01-15 15:01:08.001,17571,17571,17571,2,0
2024-01-15 15:01:08.001,17570,17570,17570,2,-2
2024-01-15 15:01:08.001,17571,17571,17571,2,2
2024-01-15 15:01:08.001,17571,17571,17571,2,0
2024-01-15 15:01:09.001,17571,17571,17571,12,0
2024-01-15 15:01:11.001,17570,17570,17570,2,-2
2024-01-15 15:01:11.001,17571,17571,17571,2,2
2024-01-15 15:01:12.001,17571,17571,17571,2,0
2024-01-15 15:01:12.001,17571,17571,17571,6,0
2024-01-15 15:01:13.001,17570,17570,17570,2,-2
2024-01-15 15:01:16.001,17570,17570,17570,6,0
2024-01-15 15:01:16.001,17571,17571,17571,4,4
2024-01-15 15:01:17.001,17570,17570,17570,2,-2
2024-01-15 15:01:17.001,17569,17569,17569,2,-2
2024-01-15 15:01:17.001,17569,17569,17569,2,0
2024-01-15 15:01:18.001,17571,17571,17571,32,32
2024-01-15 15:01:18.001,17570,17570,17570,2,-2
2024-01-15 15:01:18.001,17570,17570,17570,2,0
2024-01-15 15:01:18.001,17570,17570,17570,2,0
2024-01-15 15:01:19.001,17571,17571,17571,6,6
2024-01-15 15:01:20.001,17571,17571,17571,10,0
2024-01-15 15:01:21.001,17571,17571,17571,2,0
2024-01-15 15:01:21.001,17572,17572,17572,2,2
2024-01-15 15:01:24.001,17571,17571,17571,2,-2
2024-01-15 15:01:24.001,17572,17572,17572,6,6
2024-01-15 15:01:24.001,17572,17572,17572,2,0
2024-01-15 15:01:25.001,17572,17572,17572,46,0
2024-01-15 15:01:25.001,17572,17572,17572,2,0
2024-01-15 15:01:25.001,17572,17572,17572,2,0
2024-01-15 15:01:26.001,17572,17572,17572,2,0
2024-01-15 15:01:28.001,17572,17572,17572,4,0
2024-01-15 15:01:28.001,17572,17572,17572,4,0
2024-01-15 15:01:28.001,17572,17572,17572,2,0
2024-01-15 15:01:29.001,17573,17573,17573,2,2
2024-01-15 15:01:29.001,17573,17573,17573,2,0
2024-01-15 15:01:29.001,17573,17573,17573,4,0
2024-01-15 15:01:29.001,17573,17573,17573,2,0
2024-01-15 15:01:33.001,17573,17573,17573,2,0
2024-01-15 15:01:33.001,17573,17573,17573,2,0
2024-01-15 15:01:33.001,17573,17573,17573,2,0
2024-01-15 15:01:35.001,17573,17573,17573,2,0
2024-01-15 15:01:36.001,17573,17573,17573,2,0
2024-01-15 15:01:36.001,17572,17572,17572,2,-2
2024-01-15 15:01:36.001,17572,17572,17572,2,0
2024-01-15 15:01:36.001,17572,17572,17572,2,0
2024-01-15 15:01:37.001,17572,17572,17572,2,0
2024-01-15 15:01:37.001,17572,17572,17572,2,0
2024-01-15 15:01:38.001,17572,17572,17572,4,0
2024-01-15 15:01:38.001,17572,17572,17572,4,0
2024-01-15 15:01:38.001,17572,17572,17572,2,0
2024-01-15 15:01:39.001,17572,17572,17572,2,0
2024-01-15 15:01:40.001,17572,17572,17572,2,0
2024-01-15 15:01:40.001,17573,17573,17573,44,44
2024-01-15 15:01:40.001,17574,17574,17574,48,48
2024-01-15 15:01:40.001,17575,17575,17575,6,6
2024-01-15 15:01:41.001,17573,17573,17573,2,-2
2024-01-15 15:01:41.001,17575,17575,17575,2,2
2024-01-15 15:01:41.001,17575,17575,17575,2,0
2024-01-15 15:01:42.001,17573,17573,17573,2,-2
2024-01-15 15:01:42.001,17575,17575,17575,2,2
2024-01-15 15:01:42.001,17575,17575,17575,2,0
2024-01-15 15:01:42.001,17575,17575,17575,4,0
2024-01-15 15:01:42.001,17575,17575,17575,2,0
2024-01-15 15:01:42.001,17574,17574,17574,2,-2
2024-01-15 15:01:43.001,17574,17574,17574,4,0
2024-01-15 15:01:43.001,17574,17574,17574,2,0
2024-01-15 15:01:45.001,17573,17573,17573,2,-2
2024-01-15 15:01:45.001,17573,17573,17573,4,0
2024-01-15 15:01:46.001,17573,17573,17573,10,0
2024-01-15 15:01:47.001,17573,17573,17573,2,0
2024-01-15 15:01:48.001,17573,17573,17573,2,0
2024-01-15 15:01:48.001,17574,17574,17574,2,2
2024-01-15 15:01:48.001,17574,17574,17574,4,0
2024-01-15 15:01:48.001,17574,17574,17574,2,0
2024-01-15 15:01:49.001,17574,17574,17574,10,0
2024-01-15 15:01:51.001,17573,17573,17573,2,-2
2024-01-15 15:01:51.001,17574,17574,17574,8,8
2024-01-15 15:01:51.001,17574,17574,17574,8,0
2024-01-15 15:01:52.001,17575,17575,17575,4,4
2024-01-15 15:01:54.001,17574,17574,17574,2,-2
2024-01-15 15:01:55.001,17575,17575,17575,2,2
2024-01-15 15:01:55.001,17575,17575,17575,2,0
2024-01-15 15:01:57.001,17575,17575,17575,2,0
2024-01-15 15:01:58.001,17574,17574,17574,4,-4
2024-01-15 15:01:58.001,17574,17574,17574,4,0
2024-01-15 15:01:58.001,17574,17574,17574,4,0
2024-01-15 15:01:58.001,17574,17574,17574,2,0
2024-01-15 15:01:59.001,17575,17575,17575,4,4
2024-01-15 15:02:00.001,17573,17573,17573,2,-2
2024-01-15 15:02:00.001,17573,17573,17573,4,0
2024-01-15 15:02:00.001,17573,17573,17573,2,0
2024-01-15 15:02:02.001,17574,17574,17574,2,2
2024-01-15 15:02:02.001,17574,17574,17574,2,0
2024-01-15 15:02:06.001,17573,17573,17573,2,-2
2024-01-15 15:02:07.001,17572,17572,17572,2,-2
2024-01-15 15:02:13.001,17573,17573,17573,2,2
2024-01-15 15:02:13.001,17573,17573,17573,2,0
2024-01-15 15:02:13.001,17572,17572,17572,10,-10
2024-01-15 15:02:13.001,17572,17572,17572,2,0
2024-01-15 15:02:13.001,17572,17572,17572,2,0
2024-01-15 15:02:13.001,17572,17572,17572,2,0
2024-01-15 15:02:13.001,17572,17572,17572,4,0
2024-01-15 15:02:13.001,17572,17572,17572,2,0
2024-01-15 15:02:13.001,17572,17572,17572,2,0
2024-01-15 15:02:13.001,17572,17572,17572,2,0
2024-01-15 15:02:13.001,17572,17572,17572,2,0
2024-01-15 15:02:13.001,17572,17572,17572,2,0
2024-01-15 15:02:14.001,17572,17572,17572,2,0
2024-01-15 15:02:14.001,17572,17572,17572,12,0
2024-01-15 15:02:16.001,17572,17572,17572,2,0
2024-01-15 15:02:17.001,17571,17571,17571,2,-2
2024-01-15 15:02:17.001,17571,17571,17571,2,0
2024-01-15 15:02:17.001,17571,17571,17571,4,0
2024-01-15 15:02:17.001,17571,17571,17571,2,0
2024-01-15 15:02:17.001,17571,17571,17571,2,0
2024-01-15 15:02:17.001,17571,17571,17571,2,0
2024-01-15 15:02:17.001,17571,17571,17571,8,0
2024-01-15 15:02:17.001,17571,17571,17571,2,0
2024-01-15 15:02:17.001,17571,17571,17571,2,0
2024-01-15 15:02:17.001,17571,17571,17571,6,0
2024-01-15 15:02:19.001,17572,17572,17572,2,2
2024-01-15 15:02:21.001,17571,17571,17571,2,-2
2024-01-15 15:02:21.001,17571,17571,17571,4,0
2024-01-15 15:02:21.001,17572,17572,17572,2,2
2024-01-15 15:02:22.001,17571,17571,17571,4,-4
2024-01-15 15:02:32.001,17571,17571,17571,2,0
2024-01-15 15:02:32.001,17572,17572,17572,4,4
2024-01-15 15:02:37.001,17572,17572,17572,2,0
2024-01-15 15:02:37.001,17572,17572,17572,2,0
2024-01-15 15:02:37.001,17572,17572,17572,2,0
2024-01-15 15:02:44.001,17573,17573,17573,2,2
2024-01-15 15:02:45.001,17573,17573,17573,2,0
2024-01-15 15:02:48.001,17573,17573,17573,4,0
2024-01-15 15:02:48.001,17573,17573,17573,8,0
2024-01-15 15:02:50.001,17574,17574,17574,12,12
2024-01-15 15:02:50.001,17574,17574,17574,2,0
2024-01-15 15:02:57.001,17574,17574,17574,2,0
2024-01-15 15:02:57.001,17575,17575,17575,6,6
2024-01-15 15:02:58.001,17574,17574,17574,2,-2
2024-01-15 15:02:59.001,17574,17574,17574,2,0
2024-01-15 15:03:00.001,17574,17574,17574,2,0
2024-01-15 15:03:00.001,17575,17575,17575,2,2
2024-01-15 15:03:00.001,17576,17576,17576,2,2
2024-01-15 15:03:00.001,17574,17574,17574,6,-6
2024-01-15 15:03:00.001,17574,17574,17574,6,0
2024-01-15 15:03:00.001,17574,17574,17574,2,0
2024-01-15 15:03:00.001,17574,17574,17574,2,0
2024-01-15 15:03:00.001,17575,17575,17575,2,2
2024-01-15 15:03:00.001,17574,17574,17574,2,-2
2024-01-15 15:03:00.001,17574,17574,17574,2,0
2024-01-15 15:03:00.001,17575,17575,17575,2,2
2024-01-15 15:03:00.001,17574,17574,17574,4,-4
2024-01-15 15:03:00.001,17575,17575,17575,2,2
2024-01-15 15:03:00.001,17575,17575,17575,4,0
2024-01-15 15:03:00.001,17575,17575,17575,2,0
2024-01-15 15:03:00.001,17575,17575,17575,2,0
2024-01-15 15:03:00.001,17575,17575,17575,12,0
2024-01-15 15:03:00.001,17574,17574,17574,2,-2
2024-01-15 15:03:00.001,17575,17575,17575,2,2
2024-01-15 15:03:00.001,17575,17575,17575,2,0
2024-01-15 15:03:00.001,17576,17576,17576,2,2
2024-01-15 15:03:00.001,17576,17576,17576,2,0
2024-01-15 15:03:00.001,17574,17574,17574,2,-2
2024-01-15 15:03:00.001,17574,17574,17574,2,0
2024-01-15 15:03:00.001,17574,17574,17574,2,0
2024-01-15 15:03:01.001,17574,17574,17574,2,0
2024-01-15 15:03:01.001,17574,17574,17574,2,0
2024-01-15 15:03:01.001,17574,17574,17574,2,0
2024-01-15 15:03:01.001,17574,17574,17574,2,0
2024-01-15 15:03:01.001,17574,17574,17574,2,0
2024-01-15 15:03:01.001,17574,17574,17574,2,0
2024-01-15 15:03:01.001,17574,17574,17574,2,0
2024-01-15 15:03:02.001,17574,17574,17574,2,0
2024-01-15 15:03:02.001,17574,17574,17574,2,0
2024-01-15 15:03:02.001,17574,17574,17574,2,0
2024-01-15 15:03:02.001,17574,17574,17574,2,0
2024-01-15 15:03:03.001,17575,17575,17575,2,2
2024-01-15 15:03:03.001,17575,17575,17575,2,0
2024-01-15 15:03:05.001,17575,17575,17575,2,0
2024-01-15 15:03:05.001,17575,17575,17575,2,0
2024-01-15 15:03:10.001,17576,17576,17576,2,2
2024-01-15 15:03:10.001,17575,17575,17575,2,-2
2024-01-15 15:03:10.001,17575,17575,17575,2,0
2024-01-15 15:03:16.001,17575,17575,17575,10,0
2024-01-15 15:03:16.001,17575,17575,17575,2,0
2024-01-15 15:03:16.001,17575,17575,17575,2,0
2024-01-15 15:03:16.001,17575,17575,17575,2,0
2024-01-15 15:03:16.001,17575,17575,17575,2,0
2024-01-15 15:03:19.001,17576,17576,17576,4,4
2024-01-15 15:03:20.001,17575,17575,17575,2,-2
2024-01-15 15:03:21.001,17575,17575,17575,2,0
2024-01-15 15:03:21.001,17574,17574,17574,2,-2
2024-01-15 15:03:21.001,17574,17574,17574,2,0
2024-01-15 15:03:21.001,17574,17574,17574,2,0
2024-01-15 15:03:21.001,17574,17574,17574,2,0
2024-01-15 15:03:25.001,17574,17574,17574,2,0
2024-01-15 15:03:26.001,17573,17573,17573,2,-2
2024-01-15 15:03:28.001,17573,17573,17573,2,0
2024-01-15 15:03:31.001,17573,17573,17573,2,0
2024-01-15 15:03:32.001,17573,17573,17573,2,0
2024-01-15 15:03:35.001,17574,17574,17574,6,6
2024-01-15 15:03:38.001,17572,17572,17572,2,-2
2024-01-15 15:03:44.001,17572,17572,17572,2,0
2024-01-15 15:03:44.001,17573,17573,17573,2,2
2024-01-15 15:03:47.001,17572,17572,17572,2,-2
2024-01-15 15:03:48.001,17572,17572,17572,2,0
2024-01-15 15:03:48.001,17572,17572,17572,4,0
2024-01-15 15:03:48.001,17572,17572,17572,2,0
2024-01-15 15:03:48.001,17572,17572,17572,2,0
2024-01-15 15:03:48.001,17572,17572,17572,2,0
2024-01-15 15:03:50.001,17572,17572,17572,24,0
2024-01-15 15:03:56.001,17571,17571,17571,2,-2
2024-01-15 15:03:57.001,17572,17572,17572,8,8
2024-01-15 15:03:58.001,17572,17572,17572,2,0
2024-01-15 15:04:01.001,17572,17572,17572,2,0
2024-01-15 15:04:07.001,17572,17572,17572,2,0
2024-01-15 15:04:07.001,17572,17572,17572,2,0
2024-01-15 15:04:14.001,17572,17572,17572,10,0
2024-01-15 15:04:18.001,17573,17573,17573,6,6
2024-01-15 15:04:20.001,17572,17572,17572,2,-2
2024-01-15 15:04:21.001,17572,17572,17572,2,0
2024-01-15 15:04:25.001,17572,17572,17572,2,0
2024-01-15 15:04:28.001,17572,17572,17572,2,0
2024-01-15 15:04:28.001,17573,17573,17573,6,6
2024-01-15 15:04:37.001,17571,17571,17571,2,-2
2024-01-15 15:04:39.001,17572,17572,17572,2,2
2024-01-15 15:04:44.001,17572,17572,17572,4,0
2024-01-15 15:04:45.001,17573,17573,17573,4,4
2024-01-15 15:04:50.001,17572,17572,17572,4,-4
2024-01-15 15:04:59.001,17572,17572,17572,2,0
2024-01-15 15:05:00.001,17572,17572,17572,4,0
2024-01-15 15:05:00.001,17573,17573,17573,4,4
2024-01-15 15:05:00.001,17573,17573,17573,4,0
2024-01-15 15:05:00.001,17573,17573,17573,2,0
2024-01-15 15:05:00.001,17573,17573,17573,2,0
2024-01-15 15:05:00.001,17573,17573,17573,6,0
2024-01-15 15:05:00.001,17573,17573,17573,2,0
2024-01-15 15:05:05.001,17573,17573,17573,4,0
2024-01-15 15:05:05.001,17573,17573,17573,4,0
2024-01-15 15:05:05.001,17573,17573,17573,2,0
2024-01-15 15:05:07.001,17573,17573,17573,2,0
2024-01-15 15:05:09.001,17574,17574,17574,6,6
2024-01-15 15:05:15.001,17574,17574,17574,2,0
2024-01-15 15:05:15.001,17574,17574,17574,2,0
2024-01-15 15:05:15.001,17574,17574,17574,4,0
2024-01-15 15:05:15.001,17574,17574,17574,12,0
2024-01-15 15:05:18.001,17575,17575,17575,2,2
2024-01-15 15:05:19.001,17575,17575,17575,2,0
2024-01-15 15:05:19.001,17574,17574,17574,2,-2
2024-01-15 15:05:21.001,17575,17575,17575,2,2
2024-01-15 15:05:21.001,17575,17575,17575,2,0
2024-01-15 15:05:22.001,17575,17575,17575,2,0
2024-01-15 15:05:22.001,17575,17575,17575,2,0
2024-01-15 15:05:22.001,17575,17575,17575,2,0
2024-01-15 15:05:23.001,17575,17575,17575,2,0
2024-01-15 15:05:28.001,17575,17575,17575,10,0
2024-01-15 15:05:30.001,17575,17575,17575,2,0
2024-01-15 15:05:30.001,17575,17575,17575,2,0
2024-01-15 15:05:37.001,17575,17575,17575,10,0
2024-01-15 15:05:42.001,17575,17575,17575,10,0
2024-01-15 15:05:46.001,17575,17575,17575,10,0
2024-01-15 15:05:51.001,17575,17575,17575,2,0
2024-01-15 15:05:51.001,17575,17575,17575,2,0
2024-01-15 15:05:52.001,17576,17576,17576,4,4
2024-01-15 15:05:56.001,17575,17575,17575,2,-2
2024-01-15 15:05:56.001,17575,17575,17575,2,0
2024-01-15 15:05:56.001,17575,17575,17575,2,0
2024-01-15 15:05:56.001,17576,17576,17576,2,2
2024-01-15 15:06:03.001,17576,17576,17576,2,0
2024-01-15 15:06:05.001,17575,17575,17575,2,-2
2024-01-15 15:06:05.001,17575,17575,17575,2,0
2024-01-15 15:06:09.001,17575,17575,17575,2,0
2024-01-15 15:06:11.001,17575,17575,17575,2,0
2024-01-15 15:06:13.001,17575,17575,17575,2,0
2024-01-15 15:06:16.001,17575,17575,17575,2,0
2024-01-15 15:06:23.001,17576,17576,17576,2,2
2024-01-15 15:06:26.001,17576,17576,17576,2,0
2024-01-15 15:06:26.001,17576,17576,17576,2,0
2024-01-15 15:06:26.001,17576,17576,17576,2,0
2024-01-15 15:06:27.001,17576,17576,17576,2,0
2024-01-15 15:06:27.001,17575,17575,17575,2,-2
2024-01-15 15:06:27.001,17575,17575,17575,2,0
2024-01-15 15:06:32.001,17576,17576,17576,2,2
2024-01-15 15:06:34.001,17575,17575,17575,2,-2
2024-01-15 15:06:39.001,17576,17576,17576,2,2
2024-01-15 15:06:40.001,17575,17575,17575,2,-2
2024-01-15 15:06:42.001,17575,17575,17575,2,0
2024-01-15 15:06:42.001,17575,17575,17575,2,0
2024-01-15 15:06:42.001,17575,17575,17575,2,0
2024-01-15 15:06:42.001,17575,17575,17575,4,0
2024-01-15 15:06:47.001,17575,17575,17575,2,0
2024-01-15 15:06:47.001,17574,17574,17574,2,-2
2024-01-15 15:06:47.001,17574,17574,17574,2,0
2024-01-15 15:06:47.001,17574,17574,17574,4,0
2024-01-15 15:06:47.001,17574,17574,17574,2,0
2024-01-15 15:06:50.001,17575,17575,17575,4,4
2024-01-15 15:06:51.001,17575,17575,17575,4,0
2024-01-15 15:06:51.001,17573,17573,17573,4,-4
2024-01-15 15:06:51.001,17573,17573,17573,4,0
2024-01-15 15:06:51.001,17573,17573,17573,2,0
2024-01-15 15:06:51.001,17575,17575,17575,2,2
2024-01-15 15:06:53.001,17575,17575,17575,2,0
2024-01-15 15:06:53.001,17573,17573,17573,2,-2
2024-01-15 15:06:53.001,17574,17574,17574,2,2
2024-01-15 15:06:53.001,17574,17574,17574,2,0
2024-01-15 15:06:55.001,17573,17573,17573,2,-2
2024-01-15 15:07:02.001,17571,17571,17571,2,-2
2024-01-15 15:07:02.001,17571,17571,17571,2,0
2024-01-15 15:07:02.001,17572,17572,17572,4,4
2024-01-15 15:07:11.001,17571,17571,17571,2,-2
2024-01-15 15:07:12.001,17572,17572,17572,4,4
2024-01-15 15:07:18.001,17571,17571,17571,2,-2
2024-01-15 15:07:18.001,17571,17571,17571,2,0
2024-01-15 15:07:18.001,17571,17571,17571,2,0
2024-01-15 15:07:18.001,17571,17571,17571,2,0
2024-01-15 15:07:18.001,17571,17571,17571,2,0
2024-01-15 15:07:21.001,17571,17571,17571,2,0
2024-01-15 15:07:25.001,17571,17571,17571,2,0
2024-01-15 15:07:28.001,17571,17571,17571,10,0
2024-01-15 15:07:28.001,17572,17572,17572,2,2
2024-01-15 15:07:30.001,17570,17570,17570,4,-4
2024-01-15 15:07:30.001,17570,17570,17570,4,0
2024-01-15 15:07:30.001,17570,17570,17570,2,0
2024-01-15 15:07:30.001,17571,17571,17571,2,2
2024-01-15 15:07:37.001,17572,17572,17572,14,14
2024-01-15 15:07:37.001,17573,17573,17573,2,2
2024-01-15 15:07:37.001,17573,17573,17573,2,0
2024-01-15 15:07:39.001,17572,17572,17572,2,-2
2024-01-15 15:07:41.001,17573,17573,17573,2,2
2024-01-15 15:07:42.001,17574,17574,17574,2,2
2024-01-15 15:07:55.001,17572,17572,17572,2,-2
2024-01-15 15:07:55.001,17572,17572,17572,2,0
2024-01-15 15:08:00.001,17573,17573,17573,18,18
2024-01-15 15:08:01.001,17573,17573,17573,2,0
2024-01-15 15:08:04.001,17573,17573,17573,2,0
2024-01-15 15:08:05.001,17573,17573,17573,2,0
2024-01-15 15:08:10.001,17573,17573,17573,2,0
2024-01-15 15:08:13.001,17573,17573,17573,2,0
2024-01-15 15:08:14.001,17573,17573,17573,2,0
2024-01-15 15:08:33.001,17573,17573,17573,4,0
2024-01-15 15:08:34.001,17573,17573,17573,4,0
2024-01-15 15:08:36.001,17573,17573,17573,2,0
2024-01-15 15:08:36.001,17573,17573,17573,2,0
2024-01-15 15:08:41.001,17574,17574,17574,2,2
2024-01-15 15:08:47.001,17573,17573,17573,2,-2
2024-01-15 15:08:47.001,17574,17574,17574,6,6
2024-01-15 15:08:54.001,17573,17573,17573,2,-2
2024-01-15 15:08:54.001,17573,17573,17573,2,0
2024-01-15 15:09:09.001,17572,17572,17572,2,-2
2024-01-15 15:09:09.001,17572,17572,17572,2,0
2024-01-15 15:09:09.001,17572,17572,17572,2,0
2024-01-15 15:09:09.001,17572,17572,17572,2,0
2024-01-15 15:09:15.001,17571,17571,17571,2,-2
2024-01-15 15:09:15.001,17571,17571,17571,6,0
2024-01-15 15:09:15.001,17571,17571,17571,2,0
2024-01-15 15:09:15.001,17571,17571,17571,2,0
2024-01-15 15:09:15.001,17571,17571,17571,2,0
2024-01-15 15:09:15.001,17571,17571,17571,2,0
2024-01-15 15:09:15.001,17571,17571,17571,2,0
2024-01-15 15:09:17.001,17570,17570,17570,2,-2
2024-01-15 15:09:23.001,17571,17571,17571,2,2
2024-01-15 15:09:24.001,17571,17571,17571,2,0
2024-01-15 15:09:24.001,17572,17572,17572,4,4
2024-01-15 15:09:25.001,17570,17570,17570,2,-2
2024-01-15 15:09:25.001,17570,17570,17570,2,0
2024-01-15 15:09:27.001,17570,17570,17570,2,0
2024-01-15 15:09:30.001,17571,17571,17571,2,2
2024-01-15 15:09:31.001,17572,17572,17572,10,10
2024-01-15 15:09:43.001,17571,17571,17571,2,-2
2024-01-15 15:09:44.001,17573,17573,17573,2,2
2024-01-15 15:09:56.001,17573,17573,17573,2,0
2024-01-15 15:10:05.001,17572,17572,17572,4,-4
2024-01-15 15:10:05.001,17572,17572,17572,4,0
2024-01-15 15:10:05.001,17573,17573,17573,2,2
2024-01-15 15:10:10.001,17572,17572,17572,2,-2
2024-01-15 15:10:28.001,17572,17572,17572,10,0
2024-01-15 15:10:28.001,17572,17572,17572,10,0
2024-01-15 15:10:35.001,17573,17573,17573,2,2
2024-01-15 15:10:48.001,17572,17572,17572,2,-2
2024-01-15 15:10:50.001,17573,17573,17573,10,10
2024-01-15 15:10:50.001,17573,17573,17573,2,0
2024-01-15 15:10:56.001,17573,17573,17573,2,0
2024-01-15 15:10:59.001,17572,17572,17572,2,-2
2024-01-15 15:11:00.001,17573,17573,17573,2,2
2024-01-15 15:11:15.001,17573,17573,17573,2,0
2024-01-15 15:11:16.001,17573,17573,17573,2,0
2024-01-15 15:11:17.001,17573,17573,17573,2,0
2024-01-15 15:11:17.001,17573,17573,17573,2,0
2024-01-15 15:11:18.001,17573,17573,17573,2,0
2024-01-15 15:11:20.001,17573,17573,17573,2,0
2024-01-15 15:11:26.001,17573,17573,17573,18,0
2024-01-15 15:11:29.001,17573,17573,17573,2,0
2024-01-15 15:11:34.001,17572,17572,17572,2,-2
2024-01-15 15:11:34.001,17572,17572,17572,2,0
2024-01-15 15:12:21.001,17572,17572,17572,2,0
2024-01-15 15:12:22.001,17572,17572,17572,2,0
2024-01-15 15:12:29.001,17573,17573,17573,2,2
2024-01-15 15:12:35.001,17573,17573,17573,2,0
2024-01-15 15:12:36.001,17573,17573,17573,2,0
2024-01-15 15:12:36.001,17573,17573,17573,2,0
2024-01-15 15:12:37.001,17572,17572,17572,2,-2
2024-01-15 15:12:41.001,17572,17572,17572,2,0
2024-01-15 15:12:41.001,17572,17572,17572,4,0
2024-01-15 15:12:46.001,17572,17572,17572,2,0
2024-01-15 15:12:46.001,17572,17572,17572,4,0
2024-01-15 15:12:46.001,17572,17572,17572,4,0
2024-01-15 15:12:46.001,17572,17572,17572,4,0
2024-01-15 15:12:46.001,17572,17572,17572,4,0
2024-01-15 15:12:46.001,17572,17572,17572,2,0
2024-01-15 15:12:47.001,17573,17573,17573,10,10
2024-01-15 15:12:54.001,17572,17572,17572,4,-4
2024-01-15 15:12:54.001,17572,17572,17572,4,0
2024-01-15 15:12:54.001,17571,17571,17571,4,-4
2024-01-15 15:12:54.001,17571,17571,17571,2,0
2024-01-15 15:12:54.001,17571,17571,17571,4,0
2024-01-15 15:12:54.001,17571,17571,17571,4,0
2024-01-15 15:12:54.001,17571,17571,17571,4,0
2024-01-15 15:12:54.001,17571,17571,17571,2,0
2024-01-15 15:12:54.001,17571,17571,17571,2,0
2024-01-15 15:12:54.001,17571,17571,17571,4,0
2024-01-15 15:12:54.001,17571,17571,17571,2,0
2024-01-15 15:12:54.001,17571,17571,17571,4,0
2024-01-15 15:12:54.001,17571,17571,17571,2,0
2024-01-15 15:12:54.001,17571,17571,17571,2,0
2024-01-15 15:13:01.001,17572,17572,17572,4,4
2024-01-15 15:13:03.001,17571,17571,17571,2,-2
2024-01-15 15:13:03.001,17571,17571,17571,2,0
2024-01-15 15:13:03.001,17571,17571,17571,4,0
2024-01-15 15:13:03.001,17571,17571,17571,4,0
2024-01-15 15:13:03.001,17571,17571,17571,8,0
2024-01-15 15:13:03.001,17571,17571,17571,2,0
2024-01-15 15:13:03.001,17571,17571,17571,2,0
2024-01-15 15:13:03.001,17572,17572,17572,2,2
2024-01-15 15:13:07.001,17571,17571,17571,2,-2
2024-01-15 15:13:07.001,17571,17571,17571,4,0
2024-01-15 15:13:07.001,17571,17571,17571,4,0
2024-01-15 15:13:07.001,17571,17571,17571,2,0
2024-01-15 15:13:07.001,17571,17571,17571,4,0
2024-01-15 15:13:07.001,17571,17571,17571,2,0
2024-01-15 15:13:07.001,17571,17571,17571,2,0
2024-01-15 15:13:07.001,17571,17571,17571,2,0
2024-01-15 15:13:10.001,17571,17571,17571,2,0
2024-01-15 15:13:10.001,17570,17570,17570,2,-2
2024-01-15 15:13:10.001,17570,17570,17570,4,0
2024-01-15 15:13:10.001,17570,17570,17570,2,0
2024-01-15 15:13:10.001,17570,17570,17570,2,0
2024-01-15 15:13:10.001,17570,17570,17570,4,0
2024-01-15 15:13:15.001,17570,17570,17570,6,0
2024-01-15 15:13:15.001,17570,17570,17570,2,0
2024-01-15 15:13:15.001,17570,17570,17570,4,0
2024-01-15 15:13:15.001,17570,17570,17570,4,0
2024-01-15 15:13:15.001,17570,17570,17570,2,0
2024-01-15 15:13:15.001,17570,17570,17570,2,0
2024-01-15 15:13:15.001,17570,17570,17570,4,0
2024-01-15 15:13:15.001,17570,17570,17570,2,0
2024-01-15 15:13:15.001,17570,17570,17570,2,0
2024-01-15 15:13:15.001,17570,17570,17570,2,0
2024-01-15 15:13:15.001,17570,17570,17570,2,0
2024-01-15 15:13:15.001,17570,17570,17570,2,0
2024-01-15 15:13:20.001,17570,17570,17570,8,0
2024-01-15 15:13:20.001,17570,17570,17570,2,0
2024-01-15 15:13:20.001,17570,17570,17570,2,0
2024-01-15 15:13:20.001,17570,17570,17570,2,0
2024-01-15 15:13:20.001,17570,17570,17570,2,0
2024-01-15 15:13:20.001,17570,17570,17570,2,0
2024-01-15 15:13:20.001,17570,17570,17570,2,0
2024-01-15 15:13:20.001,17569,17569,17569,4,-4
2024-01-15 15:13:20.001,17569,17569,17569,4,0
2024-01-15 15:13:20.001,17569,17569,17569,4,0
2024-01-15 15:13:20.001,17569,17569,17569,4,0
2024-01-15 15:13:20.001,17569,17569,17569,2,0
2024-01-15 15:13:20.001,17569,17569,17569,2,0
2024-01-15 15:13:20.001,17569,17569,17569,2,0
2024-01-15 15:13:20.001,17569,17569,17569,2,0
2024-01-15 15:13:20.001,17569,17569,17569,2,0
2024-01-15 15:13:20.001,17569,17569,17569,2,0
2024-01-15 15:13:20.001,17569,17569,17569,2,0
2024-01-15 15:13:20.001,17569,17569,17569,2,0
2024-01-15 15:13:20.001,17569,17569,17569,6,0
2024-01-15 15:13:20.001,17569,17569,17569,2,0
2024-01-15 15:13:20.001,17569,17569,17569,2,0
2024-01-15 15:13:20.001,17569,17569,17569,14,0
2024-01-15 15:13:20.001,17569,17569,17569,6,0
2024-01-15 15:13:20.001,17569,17569,17569,4,0
2024-01-15 15:13:20.001,17569,17569,17569,4,0
2024-01-15 15:13:24.001,17569,17569,17569,2,0
2024-01-15 15:13:24.001,17569,17569,17569,2,0
2024-01-15 15:13:31.001,17569,17569,17569,2,0
2024-01-15 15:13:32.001,17569,17569,17569,2,0
2024-01-15 15:13:34.001,17569,17569,17569,2,0
2024-01-15 15:13:35.001,17569,17569,17569,2,0
2024-01-15 15:13:36.001,17569,17569,17569,2,0
2024-01-15 15:13:37.001,17569,17569,17569,2,0
2024-01-15 15:13:40.001,17569,17569,17569,2,0
2024-01-15 15:13:44.001,17568,17568,17568,2,-2
2024-01-15 15:13:44.001,17568,17568,17568,2,0
2024-01-15 15:13:47.001,17569,17569,17569,2,2
2024-01-15 15:13:48.001,17569,17569,17569,2,0
2024-01-15 15:13:48.001,17569,17569,17569,2,0
2024-01-15 15:13:48.001,17569,17569,17569,2,0
2024-01-15 15:13:52.001,17568,17568,17568,2,-2
2024-01-15 15:13:52.001,17568,17568,17568,2,0
2024-01-15 15:13:52.001,17568,17568,17568,2,0
2024-01-15 15:14:04.001,17569,17569,17569,2,2
2024-01-15 15:14:05.001,17568,17568,17568,2,-2
2024-01-15 15:14:05.001,17568,17568,17568,4,0
2024-01-15 15:14:05.001,17568,17568,17568,2,0
2024-01-15 15:14:10.001,17570,17570,17570,2,2
2024-01-15 15:14:24.001,17571,17571,17571,2,2
2024-01-15 15:14:27.001,17571,17571,17571,30,0
2024-01-15 15:14:27.001,17571,17571,17571,28,0
2024-01-15 15:14:46.001,17571,17571,17571,2,0
2024-01-15 15:14:46.001,17571,17571,17571,2,0
2024-01-15 15:14:56.001,17570,17570,17570,2,-2
2024-01-15 15:14:56.001,17570,17570,17570,2,0
2024-01-15 15:14:56.001,17570,17570,17570,2,0
2024-01-15 15:14:56.001,17571,17571,17571,2,2
2024-01-15 15:15:00.001,17571,17571,17571,8,0
2024-01-15 15:15:00.001,17570,17570,17570,2,-2
2024-01-15 15:15:00.001,17569,17569,17569,2,-2
2024-01-15 15:15:00.001,17569,17569,17569,2,0
2024-01-15 15:15:12.001,17569,17569,17569,2,0
2024-01-15 15:15:15.001,17569,17569,17569,2,0
2024-01-15 15:15:18.001,17569,17569,17569,2,0
2024-01-15 15:15:21.001,17569,17569,17569,2,0
2024-01-15 15:15:21.001,17569,17569,17569,2,0
2024-01-15 15:15:21.001,17569,17569,17569,2,0
2024-01-15 15:15:26.001,17568,17568,17568,2,-2
2024-01-15 15:15:26.001,17568,17568,17568,2,0
2024-01-15 15:15:26.001,17568,17568,17568,2,0
2024-01-15 15:15:26.001,17568,17568,17568,2,0
2024-01-15 15:15:26.001,17569,17569,17569,2,2
2024-01-15 15:15:27.001,17569,17569,17569,6,0
2024-01-15 15:15:27.001,17569,17569,17569,6,0
2024-01-15 15:15:27.001,17569,17569,17569,4,0
2024-01-15 15:15:27.001,17569,17569,17569,4,0
2024-01-15 15:15:27.001,17569,17569,17569,4,0
2024-01-15 15:15:39.001,17569,17569,17569,2,0
2024-01-15 15:15:40.001,17568,17568,17568,2,-2
2024-01-15 15:15:40.001,17568,17568,17568,2,0
2024-01-15 15:15:52.001,17568,17568,17568,2,0
2024-01-15 15:16:07.001,17567,17567,17567,2,-2
2024-01-15 15:16:07.001,17567,17567,17567,2,0
2024-01-15 15:16:16.001,17569,17569,17569,2,2
2024-01-15 15:16:16.001,17567,17567,17567,2,-2
2024-01-15 15:16:16.001,17567,17567,17567,2,0
2024-01-15 15:16:16.001,17567,17567,17567,2,0
2024-01-15 15:16:16.001,17567,17567,17567,2,0
2024-01-15 15:16:16.001,17567,17567,17567,2,0
2024-01-15 15:16:16.001,17569,17569,17569,2,2
2024-01-15 15:16:17.001,17568,17568,17568,2,-2
2024-01-15 15:16:18.001,17569,17569,17569,2,2
2024-01-15 15:16:18.001,17569,17569,17569,2,0
2024-01-15 15:16:18.001,17569,17569,17569,2,0
2024-01-15 15:16:18.001,17569,17569,17569,2,0
2024-01-15 15:16:18.001,17569,17569,17569,2,0
2024-01-15 15:16:23.001,17569,17569,17569,4,0
2024-01-15 15:16:24.001,17568,17568,17568,2,-2
2024-01-15 15:16:33.001,17568,17568,17568,10,0
2024-01-15 15:16:41.001,17568,17568,17568,4,0
2024-01-15 15:16:41.001,17568,17568,17568,2,0
2024-01-15 15:16:41.001,17568,17568,17568,2,0
2024-01-15 15:17:02.001,17568,17568,17568,10,0
2024-01-15 15:17:03.001,17567,17567,17567,2,-2
2024-01-15 15:17:03.001,17567,17567,17567,2,0
2024-01-15 15:17:03.001,17567,17567,17567,6,0
2024-01-15 15:17:03.001,17567,17567,17567,2,0
2024-01-15 15:17:07.001,17566,17566,17566,2,-2
2024-01-15 15:17:07.001,17566,17566,17566,2,0
2024-01-15 15:17:07.001,17566,17566,17566,2,0
2024-01-15 15:17:07.001,17566,17566,17566,2,0
2024-01-15 15:17:07.001,17566,17566,17566,2,0
2024-01-15 15:17:13.001,17565,17565,17565,2,-2
2024-01-15 15:17:13.001,17565,17565,17565,2,0
2024-01-15 15:17:13.001,17565,17565,17565,2,0
2024-01-15 15:17:13.001,17565,17565,17565,10,0
2024-01-15 15:17:13.001,17565,17565,17565,2,0
2024-01-15 15:17:13.001,17565,17565,17565,2,0
2024-01-15 15:17:13.001,17565,17565,17565,2,0
2024-01-15 15:17:13.001,17565,17565,17565,2,0
2024-01-15 15:17:13.001,17565,17565,17565,2,0
2024-01-15 15:17:13.001,17565,17565,17565,8,0
2024-01-15 15:17:13.001,17564,17564,17564,2,-2
2024-01-15 15:17:13.001,17564,17564,17564,2,0
2024-01-15 15:17:13.001,17564,17564,17564,2,0
2024-01-15 15:17:13.001,17564,17564,17564,2,0
2024-01-15 15:17:13.001,17564,17564,17564,2,0
2024-01-15 15:17:13.001,17564,17564,17564,2,0
2024-01-15 15:17:13.001,17564,17564,17564,2,0
2024-01-15 15:17:13.001,17564,17564,17564,2,0
2024-01-15 15:17:13.001,17563,17563,17563,2,-2
2024-01-15 15:17:13.001,17563,17563,17563,2,0
2024-01-15 15:17:13.001,17563,17563,17563,2,0
2024-01-15 15:17:13.001,17563,17563,17563,4,0
2024-01-15 15:17:13.001,17563,17563,17563,2,0
2024-01-15 15:17:13.001,17563,17563,17563,2,0
2024-01-15 15:17:13.001,17563,17563,17563,2,0
2024-01-15 15:17:13.001,17563,17563,17563,2,0
2024-01-15 15:17:14.001,17563,17563,17563,2,0
2024-01-15 15:17:14.001,17563,17563,17563,2,0
2024-01-15 15:17:14.001,17563,17563,17563,2,0
2024-01-15 15:17:14.001,17563,17563,17563,2,0
2024-01-15 15:17:15.001,17563,17563,17563,2,0
2024-01-15 15:17:16.001,17563,17563,17563,2,0
2024-01-15 15:17:16.001,17563,17563,17563,2,0
2024-01-15 15:17:17.001,17564,17564,17564,6,6
2024-01-15 15:17:17.001,17565,17565,17565,10,10
2024-01-15 15:17:19.001,17564,17564,17564,2,-2
2024-01-15 15:17:21.001,17565,17565,17565,6,6
2024-01-15 15:17:23.001,17566,17566,17566,2,2
2024-01-15 15:17:33.001,17567,17567,17567,2,2
2024-01-15 15:17:33.001,17568,17568,17568,6,6
2024-01-15 15:17:33.001,17566,17566,17566,2,-2
2024-01-15 15:17:40.001,17566,17566,17566,2,0
2024-01-15 15:17:40.001,17566,17566,17566,2,0
2024-01-15 15:17:50.001,17565,17565,17565,2,-2
2024-01-15 15:18:00.001,17565,17565,17565,2,0
2024-01-15 15:18:12.001,17565,17565,17565,2,0
2024-01-15 15:18:20.001,17565,17565,17565,2,0
2024-01-15 15:18:25.001,17565,17565,17565,2,0
2024-01-15 15:18:25.001,17565,17565,17565,2,0
2024-01-15 15:18:25.001,17565,17565,17565,2,0
2024-01-15 15:18:36.001,17565,17565,17565,2,0
2024-01-15 15:18:40.001,17564,17564,17564,2,-2
2024-01-15 15:18:52.001,17565,17565,17565,18,18
2024-01-15 15:18:52.001,17565,17565,17565,12,0
2024-01-15 15:18:53.001,17565,17565,17565,2,0
2024-01-15 15:18:59.001,17565,17565,17565,2,0
2024-01-15 15:19:05.001,17564,17564,17564,4,-4
2024-01-15 15:19:05.001,17564,17564,17564,4,0
2024-01-15 15:19:06.001,17565,17565,17565,2,2
2024-01-15 15:19:12.001,17564,17564,17564,2,-2
2024-01-15 15:19:13.001,17564,17564,17564,2,0
2024-01-15 15:19:13.001,17564,17564,17564,12,0
2024-01-15 15:19:19.001,17564,17564,17564,2,0
2024-01-15 15:19:20.001,17564,17564,17564,2,0
2024-01-15 15:19:20.001,17564,17564,17564,2,0
2024-01-15 15:19:30.001,17563,17563,17563,2,-2
2024-01-15 15:19:30.001,17563,17563,17563,2,0
2024-01-15 15:19:31.001,17563,17563,17563,2,0
2024-01-15 15:19:32.001,17563,17563,17563,2,0
2024-01-15 15:19:34.001,17563,17563,17563,2,0
2024-01-15 15:19:37.001,17563,17563,17563,2,0
2024-01-15 15:19:37.001,17563,17563,17563,2,0
2024-01-15 15:19:37.001,17563,17563,17563,32,0
2024-01-15 15:19:37.001,17563,17563,17563,2,0
2024-01-15 15:19:37.001,17563,17563,17563,2,0
2024-01-15 15:19:40.001,17563,17563,17563,10,0
2024-01-15 15:19:40.001,17563,17563,17563,6,0
2024-01-15 15:19:40.001,17563,17563,17563,2,0
2024-01-15 15:19:40.001,17563,17563,17563,4,0
2024-01-15 15:19:40.001,17563,17563,17563,2,0
2024-01-15 15:19:45.001,17563,17563,17563,2,0
2024-01-15 15:19:45.001,17562,17562,17562,4,-4
2024-01-15 15:19:47.001,17563,17563,17563,4,4
2024-01-15 15:19:47.001,17562,17562,17562,2,-2
2024-01-15 15:19:47.001,17562,17562,17562,2,0
2024-01-15 15:19:48.001,17562,17562,17562,2,0
2024-01-15 15:19:48.001,17563,17563,17563,2,2
2024-01-15 15:19:48.001,17563,17563,17563,2,0
2024-01-15 15:19:51.001,17563,17563,17563,2,0
2024-01-15 15:19:51.001,17563,17563,17563,2,0
2024-01-15 15:19:53.001,17564,17564,17564,12,12
2024-01-15 15:19:53.001,17565,17565,17565,2,2
2024-01-15 15:19:53.001,17565,17565,17565,4,0
2024-01-15 15:19:53.001,17565,17565,17565,4,0
2024-01-15 15:19:53.001,17564,17564,17564,2,-2
2024-01-15 15:19:54.001,17564,17564,17564,2,0
2024-01-15 15:19:54.001,17564,17564,17564,2,0
2024-01-15 15:20:11.001,17565,17565,17565,4,4
2024-01-15 15:20:12.001,17564,17564,17564,2,-2
2024-01-15 15:20:12.001,17564,17564,17564,2,0
2024-01-15 15:20:15.001,17565,17565,17565,2,2
2024-01-15 15:20:15.001,17565,17565,17565,2,0
2024-01-15 15:20:22.001,17564,17564,17564,2,-2
2024-01-15 15:20:27.001,17565,17565,17565,4,4
2024-01-15 15:20:28.001,17564,17564,17564,4,-4
2024-01-15 15:20:45.001,17564,17564,17564,2,0
2024-01-15 15:20:52.001,17564,17564,17564,2,0
2024-01-15 15:20:57.001,17564,17564,17564,2,0
2024-01-15 15:20:57.001,17565,17565,17565,4,4
2024-01-15 15:20:57.001,17565,17565,17565,2,0
2024-01-15 15:20:57.001,17565,17565,17565,2,0
2024-01-15 15:20:57.001,17565,17565,17565,8,0
2024-01-15 15:21:01.001,17565,17565,17565,4,0
2024-01-15 15:21:01.001,17566,17566,17566,4,4
2024-01-15 15:21:01.001,17566,17566,17566,8,0
2024-01-15 15:21:13.001,17566,17566,17566,2,0
2024-01-15 15:21:14.001,17566,17566,17566,2,0
2024-01-15 15:21:26.001,17566,17566,17566,2,0
2024-01-15 15:21:26.001,17566,17566,17566,2,0
2024-01-15 15:21:26.001,17566,17566,17566,2,0
2024-01-15 15:21:26.001,17566,17566,17566,2,0
2024-01-15 15:21:29.001,17565,17565,17565,2,-2
2024-01-15 15:21:46.001,17565,17565,17565,2,0
2024-01-15 15:21:46.001,17565,17565,17565,2,0
2024-01-15 15:21:46.001,17565,17565,17565,2,0
2024-01-15 15:21:46.001,17565,17565,17565,4,0
2024-01-15 15:21:46.001,17565,17565,17565,2,0
2024-01-15 15:21:46.001,17565,17565,17565,2,0
2024-01-15 15:21:46.001,17565,17565,17565,2,0
2024-01-15 15:21:46.001,17565,17565,17565,2,0
2024-01-15 15:21:46.001,17565,17565,17565,2,0
2024-01-15 15:21:46.001,17565,17565,17565,2,0
2024-01-15 15:21:46.001,17565,17565,17565,2,0
2024-01-15 15:21:46.001,17564,17564,17564,2,-2
2024-01-15 15:21:59.001,17565,17565,17565,2,2
2024-01-15 15:22:00.001,17564,17564,17564,2,-2
2024-01-15 15:22:05.001,17565,17565,17565,20,20
2024-01-15 15:22:10.001,17565,17565,17565,2,0
2024-01-15 15:22:16.001,17566,17566,17566,2,2
2024-01-15 15:22:17.001,17565,17565,17565,2,-2
2024-01-15 15:22:17.001,17566,17566,17566,8,8
2024-01-15 15:22:20.001,17566,17566,17566,2,0
2024-01-15 15:22:20.001,17566,17566,17566,4,0
2024-01-15 15:22:23.001,17566,17566,17566,4,0
2024-01-15 15:22:23.001,17566,17566,17566,2,0
2024-01-15 15:22:37.001,17565,17565,17565,4,-4
2024-01-15 15:22:37.001,17565,17565,17565,10,0
2024-01-15 15:22:37.001,17565,17565,17565,22,0
2024-01-15 15:22:37.001,17565,17565,17565,2,0
2024-01-15 15:22:40.001,17564,17564,17564,2,-2
2024-01-15 15:22:40.001,17564,17564,17564,2,0
2024-01-15 15:22:40.001,17564,17564,17564,2,0
2024-01-15 15:22:40.001,17564,17564,17564,2,0
2024-01-15 15:22:40.001,17564,17564,17564,2,0
2024-01-15 15:22:40.001,17564,17564,17564,2,0
2024-01-15 15:22:53.001,17564,17564,17564,4,0
2024-01-15 15:22:59.001,17563,17563,17563,2,-2
2024-01-15 15:23:05.001,17563,17563,17563,2,0
2024-01-15 15:23:12.001,17563,17563,17563,2,0
2024-01-15 15:23:15.001,17563,17563,17563,2,0
2024-01-15 15:23:18.001,17563,17563,17563,6,0
2024-01-15 15:23:18.001,17563,17563,17563,2,0
2024-01-15 15:23:18.001,17562,17562,17562,2,-2
2024-01-15 15:23:18.001,17562,17562,17562,2,0
2024-01-15 15:23:20.001,17563,17563,17563,2,2
2024-01-15 15:23:20.001,17562,17562,17562,4,-4
2024-01-15 15:23:25.001,17563,17563,17563,8,8
2024-01-15 15:23:25.001,17563,17563,17563,2,0
2024-01-15 15:23:32.001,17564,17564,17564,2,2
2024-01-15 15:23:32.001,17563,17563,17563,2,-2
2024-01-15 15:23:33.001,17563,17563,17563,2,0
2024-01-15 15:23:40.001,17563,17563,17563,2,0
2024-01-15 15:23:40.001,17563,17563,17563,8,0
2024-01-15 15:23:55.001,17563,17563,17563,2,0
2024-01-15 15:23:56.001,17563,17563,17563,2,0
2024-01-15 15:23:56.001,17562,17562,17562,4,-4
2024-01-15 15:23:56.001,17562,17562,17562,2,0
2024-01-15 15:23:56.001,17562,17562,17562,2,0
2024-01-15 15:23:56.001,17562,17562,17562,4,0
2024-01-15 15:23:56.001,17562,17562,17562,4,0
2024-01-15 15:23:56.001,17562,17562,17562,4,0
2024-01-15 15:23:56.001,17562,17562,17562,2,0
2024-01-15 15:23:56.001,17562,17562,17562,2,0
2024-01-15 15:23:56.001,17562,17562,17562,2,0
2024-01-15 15:23:56.001,17562,17562,17562,2,0
2024-01-15 15:23:56.001,17562,17562,17562,4,0
2024-01-15 15:23:56.001,17562,17562,17562,2,0
2024-01-15 15:23:56.001,17561,17561,17561,2,-2
2024-01-15 15:23:56.001,17561,17561,17561,2,0
2024-01-15 15:23:56.001,17561,17561,17561,2,0
2024-01-15 15:23:56.001,17561,17561,17561,2,0
2024-01-15 15:24:03.001,17561,17561,17561,2,0
2024-01-15 15:24:04.001,17561,17561,17561,2,0
2024-01-15 15:24:05.001,17561,17561,17561,2,0
2024-01-15 15:24:06.001,17562,17562,17562,6,6
2024-01-15 15:24:07.001,17562,17562,17562,2,0
2024-01-15 15:24:07.001,17562,17562,17562,2,0
2024-01-15 15:24:24.001,17562,17562,17562,2,0
2024-01-15 15:24:24.001,17562,17562,17562,2,0
2024-01-15 15:24:24.001,17562,17562,17562,2,0
2024-01-15 15:24:36.001,17562,17562,17562,2,0
2024-01-15 15:24:36.001,17562,17562,17562,2,0
2024-01-15 15:24:36.001,17562,17562,17562,4,0
2024-01-15 15:24:36.001,17562,17562,17562,2,0
2024-01-15 15:24:38.001,17562,17562,17562,2,0
2024-01-15 15:24:38.001,17562,17562,17562,2,0
2024-01-15 15:24:39.001,17562,17562,17562,2,0
2024-01-15 15:24:42.001,17562,17562,17562,2,0
2024-01-15 15:24:48.001,17562,17562,17562,4,0
2024-01-15 15:24:48.001,17562,17562,17562,2,0
2024-01-15 15:24:48.001,17562,17562,17562,2,0
2024-01-15 15:24:48.001,17562,17562,17562,2,0
2024-01-15 15:24:52.001,17562,17562,17562,2,0
2024-01-15 15:25:02.001,17562,17562,17562,2,0
2024-01-15 15:25:02.001,17563,17563,17563,2,2
2024-01-15 15:25:02.001,17563,17563,17563,2,0
2024-01-15 15:25:02.001,17563,17563,17563,2,0
2024-01-15 15:25:02.001,17563,17563,17563,6,0
2024-01-15 15:25:02.001,17564,17564,17564,4,4
2024-01-15 15:25:02.001,17562,17562,17562,2,-2
2024-01-15 15:25:22.001,17562,17562,17562,2,0
2024-01-15 15:25:22.001,17562,17562,17562,2,0
2024-01-15 15:25:22.001,17562,17562,17562,2,0
2024-01-15 15:25:22.001,17562,17562,17562,4,0
2024-01-15 15:25:22.001,17562,17562,17562,4,0
2024-01-15 15:25:22.001,17562,17562,17562,2,0
2024-01-15 15:25:25.001,17562,17562,17562,2,0
2024-01-15 15:25:31.001,17563,17563,17563,4,4
2024-01-15 15:26:07.001,17562,17562,17562,2,-2
2024-01-15 15:26:07.001,17562,17562,17562,2,0
2024-01-15 15:26:07.001,17563,17563,17563,2,2
2024-01-15 15:26:07.001,17563,17563,17563,2,0
2024-01-15 15:26:29.001,17563,17563,17563,2,0
2024-01-15 15:26:29.001,17563,17563,17563,2,0
2024-01-15 15:26:29.001,17562,17562,17562,2,-2
2024-01-15 15:26:29.001,17562,17562,17562,2,0
2024-01-15 15:26:34.001,17563,17563,17563,4,4
2024-01-15 15:26:40.001,17562,17562,17562,2,-2
2024-01-15 15:26:42.001,17562,17562,17562,2,0
2024-01-15 15:26:43.001,17562,17562,17562,2,0
2024-01-15 15:26:44.001,17562,17562,17562,2,0
2024-01-15 15:26:56.001,17561,17561,17561,2,-2
2024-01-15 15:27:00.001,17561,17561,17561,2,0
2024-01-15 15:27:00.001,17561,17561,17561,2,0
2024-01-15 15:27:00.001,17562,17562,17562,2,2
2024-01-15 15:27:05.001,17562,17562,17562,2,0
2024-01-15 15:27:11.001,17561,17561,17561,2,-2
2024-01-15 15:27:37.001,17561,17561,17561,6,0
2024-01-15 15:27:51.001,17562,17562,17562,4,4
2024-01-15 15:27:52.001,17562,17562,17562,2,0
2024-01-15 15:27:53.001,17561,17561,17561,2,-2
2024-01-15 15:28:02.001,17562,17562,17562,4,4
2024-01-15 15:28:04.001,17562,17562,17562,2,0
2024-01-15 15:28:05.001,17562,17562,17562,2,0
2024-01-15 15:28:06.001,17562,17562,17562,2,0
2024-01-15 15:28:38.001,17563,17563,17563,2,2
2024-01-15 15:28:43.001,17562,17562,17562,2,-2
2024-01-15 15:28:43.001,17562,17562,17562,2,0
2024-01-15 15:28:43.001,17562,17562,17562,2,0
2024-01-15 15:28:43.001,17562,17562,17562,12,0
2024-01-15 15:28:43.001,17562,17562,17562,8,0
2024-01-15 15:28:49.001,17562,17562,17562,2,0
2024-01-15 15:28:50.001,17562,17562,17562,2,0
2024-01-15 15:28:52.001,17562,17562,17562,2,0
2024-01-15 15:29:31.001,17562,17562,17562,6,0
2024-01-15 15:29:34.001,17563,17563,17563,2,2
2024-01-15 15:29:48.001,17562,17562,17562,2,-2
2024-01-15 15:29:58.001,17562,17562,17562,2,0
2024-01-15 15:30:02.001,17562,17562,17562,2,0
2024-01-15 15:30:02.001,17562,17562,17562,2,0
2024-01-15 15:30:02.001,17562,17562,17562,4,0
2024-01-15 15:30:02.001,17562,17562,17562,2,0
2024-01-15 15:30:02.001,17562,17562,17562,2,0
2024-01-15 15:30:02.001,17562,17562,17562,2,0
2024-01-15 15:30:03.001,17561,17561,17561,8,-8
2024-01-15 15:30:03.001,17561,17561,17561,2,0
2024-01-15 15:30:03.001,17561,17561,17561,2,0
2024-01-15 15:30:03.001,17561,17561,17561,6,0
2024-01-15 15:30:03.001,17561,17561,17561,4,0
2024-01-15 15:30:03.001,17561,17561,17561,2,0
2024-01-15 15:30:03.001,17561,17561,17561,2,0
2024-01-15 15:30:03.001,17561,17561,17561,2,0
2024-01-15 15:30:05.001,17561,17561,17561,4,0
2024-01-15 15:30:05.001,17561,17561,17561,4,0
2024-01-15 15:30:05.001,17561,17561,17561,2,0
2024-01-15 15:30:05.001,17561,17561,17561,12,0
2024-01-15 15:30:05.001,17561,17561,17561,2,0
2024-01-15 15:30:05.001,17561,17561,17561,2,0
2024-01-15 15:30:05.001,17561,17561,17561,2,0
2024-01-15 15:30:05.001,17561,17561,17561,2,0
2024-01-15 15:30:05.001,17561,17561,17561,2,0
2024-01-15 15:30:15.001,17560,17560,17560,2,-2
2024-01-15 15:30:17.001,17560,17560,17560,2,0
2024-01-15 15:30:17.001,17560,17560,17560,4,0
2024-01-15 15:30:17.001,17560,17560,17560,2,0
2024-01-15 15:30:17.001,17560,17560,17560,4,0
2024-01-15 15:30:17.001,17560,17560,17560,2,0
2024-01-15 15:30:17.001,17560,17560,17560,2,0
2024-01-15 15:30:17.001,17560,17560,17560,8,0
2024-01-15 15:30:17.001,17560,17560,17560,2,0
2024-01-15 15:30:17.001,17560,17560,17560,6,0
2024-01-15 15:30:17.001,17560,17560,17560,2,0
2024-01-15 15:30:18.001,17559,17559,17559,2,-2
2024-01-15 15:30:18.001,17560,17560,17560,2,2
2024-01-15 15:30:18.001,17559,17559,17559,2,-2
2024-01-15 15:30:18.001,17559,17559,17559,2,0
2024-01-15 15:30:18.001,17559,17559,17559,2,0
2024-01-15 15:30:18.001,17559,17559,17559,4,0
2024-01-15 15:30:18.001,17559,17559,17559,4,0
2024-01-15 15:30:21.001,17560,17560,17560,4,4
2024-01-15 15:30:23.001,17559,17559,17559,2,-2
2024-01-15 15:30:23.001,17559,17559,17559,2,0
2024-01-15 15:30:23.001,17561,17561,17561,2,2
2024-01-15 15:30:25.001,17560,17560,17560,2,-2
2024-01-15 15:30:25.001,17560,17560,17560,2,0
2024-01-15 15:30:25.001,17560,17560,17560,2,0
2024-01-15 15:30:26.001,17560,17560,17560,2,0
2024-01-15 15:30:32.001,17561,17561,17561,2,2
2024-01-15 15:30:32.001,17561,17561,17561,2,0
2024-01-15 15:30:33.001,17560,17560,17560,2,-2
2024-01-15 15:30:33.001,17560,17560,17560,2,0
2024-01-15 15:30:43.001,17560,17560,17560,2,0
2024-01-15 15:30:46.001,17560,17560,17560,2,0
2024-01-15 15:30:46.001,17560,17560,17560,2,0
2024-01-15 15:30:46.001,17560,17560,17560,2,0
2024-01-15 15:30:46.001,17560,17560,17560,2,0
2024-01-15 15:30:47.001,17559,17559,17559,2,-2
2024-01-15 15:30:53.001,17560,17560,17560,4,4
2024-01-15 15:30:53.001,17560,17560,17560,4,0
2024-01-15 15:30:53.001,17560,17560,17560,2,0
2024-01-15 15:30:56.001,17560,17560,17560,2,0
2024-01-15 15:30:58.001,17560,17560,17560,2,0
2024-01-15 15:31:13.001,17560,17560,17560,2,0
2024-01-15 15:31:13.001,17560,17560,17560,2,0
2024-01-15 15:31:13.001,17560,17560,17560,4,0
2024-01-15 15:31:22.001,17560,17560,17560,2,0
2024-01-15 15:31:22.001,17560,17560,17560,2,0
2024-01-15 15:31:22.001,17560,17560,17560,2,0
2024-01-15 15:31:22.001,17560,17560,17560,2,0
2024-01-15 15:31:32.001,17560,17560,17560,2,0
2024-01-15 15:31:44.001,17560,17560,17560,2,0
2024-01-15 15:31:45.001,17560,17560,17560,2,0
2024-01-15 15:31:56.001,17560,17560,17560,2,0
2024-01-15 15:32:00.001,17560,17560,17560,2,0
2024-01-15 15:32:14.001,17560,17560,17560,2,0
2024-01-15 15:32:18.001,17559,17559,17559,2,-2
2024-01-15 15:32:20.001,17560,17560,17560,2,2
2024-01-15 15:32:20.001,17561,17561,17561,2,2
2024-01-15 15:32:43.001,17560,17560,17560,2,-2
2024-01-15 15:32:43.001,17560,17560,17560,2,0
2024-01-15 15:32:58.001,17560,17560,17560,2,0
2024-01-15 15:33:00.001,17560,17560,17560,2,0
2024-01-15 15:33:00.001,17560,17560,17560,2,0
2024-01-15 15:33:00.001,17560,17560,17560,2,0
2024-01-15 15:33:03.001,17560,17560,17560,2,0
2024-01-15 15:33:17.001,17560,17560,17560,2,0
2024-01-15 15:33:26.001,17560,17560,17560,2,0
2024-01-15 15:33:37.001,17561,17561,17561,4,4
2024-01-15 15:33:37.001,17561,17561,17561,4,0
2024-01-15 15:33:37.001,17561,17561,17561,18,0
2024-01-15 15:33:37.001,17561,17561,17561,4,0
2024-01-15 15:33:37.001,17561,17561,17561,2,0
2024-01-15 15:33:37.001,17561,17561,17561,2,0
2024-01-15 15:33:45.001,17562,17562,17562,6,6
2024-01-15 15:34:02.001,17562,17562,17562,2,0
2024-01-15 15:34:09.001,17562,17562,17562,2,0
2024-01-15 15:34:19.001,17561,17561,17561,2,-2
2024-01-15 15:34:19.001,17561,17561,17561,2,0
2024-01-15 15:34:19.001,17561,17561,17561,4,0
2024-01-15 15:34:19.001,17561,17561,17561,2,0
2024-01-15 15:34:25.001,17563,17563,17563,6,6
2024-01-15 15:34:27.001,17563,17563,17563,4,0
2024-01-15 15:34:27.001,17563,17563,17563,2,0
2024-01-15 15:34:28.001,17563,17563,17563,2,0
2024-01-15 15:34:28.001,17563,17563,17563,2,0
2024-01-15 15:34:31.001,17562,17562,17562,2,-2
2024-01-15 15:34:44.001,17563,17563,17563,2,2
2024-01-15 15:34:47.001,17562,17562,17562,2,-2
2024-01-15 15:34:47.001,17562,17562,17562,2,0
2024-01-15 15:34:47.001,17562,17562,17562,2,0
2024-01-15 15:34:47.001,17562,17562,17562,2,0
2024-01-15 15:34:47.001,17562,17562,17562,2,0
2024-01-15 15:35:12.001,17563,17563,17563,2,2
2024-01-15 15:35:15.001,17562,17562,17562,2,-2
2024-01-15 15:35:23.001,17562,17562,17562,2,0
2024-01-15 15:35:23.001,17562,17562,17562,2,0
2024-01-15 15:35:23.001,17562,17562,17562,2,0
2024-01-15 15:35:23.001,17562,17562,17562,2,0
2024-01-15 15:35:54.001,17562,17562,17562,2,0
2024-01-15 15:35:55.001,17562,17562,17562,2,0
2024-01-15 15:35:55.001,17562,17562,17562,2,0
2024-01-15 15:36:19.001,17562,17562,17562,10,0
2024-01-15 15:36:19.001,17562,17562,17562,4,0
2024-01-15 15:36:52.001,17562,17562,17562,2,0
2024-01-15 15:37:00.001,17561,17561,17561,2,-2
2024-01-15 15:37:00.001,17561,17561,17561,2,0
2024-01-15 15:37:00.001,17561,17561,17561,6,0
2024-01-15 15:37:00.001,17561,17561,17561,4,0
2024-01-15 15:37:00.001,17561,17561,17561,2,0
2024-01-15 15:37:00.001,17561,17561,17561,2,0
2024-01-15 15:37:35.001,17561,17561,17561,2,0
2024-01-15 15:37:50.001,17561,17561,17561,2,0
2024-01-15 15:37:57.001,17561,17561,17561,2,0
2024-01-15 15:37:57.001,17561,17561,17561,2,0
2024-01-15 15:38:19.001,17560,17560,17560,2,-2
2024-01-15 15:38:19.001,17560,17560,17560,2,0
2024-01-15 15:38:19.001,17560,17560,17560,2,0
2024-01-15 15:38:19.001,17560,17560,17560,2,0
2024-01-15 15:38:19.001,17560,17560,17560,2,0
2024-01-15 15:38:19.001,17560,17560,17560,2,0
2024-01-15 15:38:19.001,17560,17560,17560,4,0
2024-01-15 15:38:19.001,17560,17560,17560,2,0
2024-01-15 15:38:19.001,17560,17560,17560,2,0
2024-01-15 15:38:19.001,17560,17560,17560,2,0
2024-01-15 15:38:19.001,17560,17560,17560,4,0
2024-01-15 15:38:19.001,17559,17559,17559,2,-2
2024-01-15 15:38:19.001,17559,17559,17559,2,0
2024-01-15 15:38:19.001,17559,17559,17559,2,0
2024-01-15 15:38:23.001,17559,17559,17559,2,0
2024-01-15 15:38:23.001,17559,17559,17559,4,0
2024-01-15 15:38:27.001,17559,17559,17559,2,0
2024-01-15 15:38:38.001,17559,17559,17559,2,0
2024-01-15 15:38:40.001,17559,17559,17559,2,0
2024-01-15 15:38:40.001,17559,17559,17559,2,0
2024-01-15 15:38:40.001,17559,17559,17559,2,0
2024-01-15 15:38:45.001,17559,17559,17559,2,0
2024-01-15 15:38:45.001,17559,17559,17559,2,0
2024-01-15 15:38:45.001,17559,17559,17559,2,0
2024-01-15 15:38:50.001,17560,17560,17560,6,6
2024-01-15 15:38:50.001,17560,17560,17560,6,0
2024-01-15 15:38:50.001,17559,17559,17559,2,-2
2024-01-15 15:38:57.001,17559,17559,17559,2,0
2024-01-15 15:38:59.001,17559,17559,17559,2,0
2024-01-15 15:39:02.001,17559,17559,17559,2,0
2024-01-15 15:39:02.001,17558,17558,17558,2,-2
2024-01-15 15:39:02.001,17558,17558,17558,2,0
2024-01-15 15:39:29.001,17560,17560,17560,12,12
2024-01-15 15:39:29.001,17559,17559,17559,2,-2
2024-01-15 15:39:30.001,17560,17560,17560,2,2
2024-01-15 15:39:41.001,17560,17560,17560,2,0
2024-01-15 15:39:41.001,17559,17559,17559,2,-2
2024-01-15 15:39:41.001,17559,17559,17559,2,0
2024-01-15 15:39:42.001,17560,17560,17560,10,10
2024-01-15 15:39:50.001,17559,17559,17559,2,-2
2024-01-15 15:39:50.001,17559,17559,17559,2,0
2024-01-15 15:39:50.001,17559,17559,17559,2,0
2024-01-15 15:39:54.001,17558,17558,17558,2,-2
2024-01-15 15:39:58.001,17558,17558,17558,2,0
2024-01-15 15:39:58.001,17558,17558,17558,6,0
2024-01-15 15:39:58.001,17558,17558,17558,6,0
2024-01-15 15:39:58.001,17558,17558,17558,8,0
2024-01-15 15:39:58.001,17558,17558,17558,2,0
2024-01-15 15:39:58.001,17558,17558,17558,2,0
2024-01-15 15:39:58.001,17558,17558,17558,4,0
2024-01-15 15:39:58.001,17558,17558,17558,2,0
2024-01-15 15:39:58.001,17558,17558,17558,2,0
2024-01-15 15:39:58.001,17557,17557,17557,2,-2
2024-01-15 15:39:58.001,17557,17557,17557,8,0
2024-01-15 15:39:58.001,17557,17557,17557,4,0
2024-01-15 15:39:58.001,17557,17557,17557,4,0
2024-01-15 15:39:58.001,17557,17557,17557,2,0
2024-01-15 15:39:58.001,17557,17557,17557,2,0
2024-01-15 15:39:58.001,17556,17556,17556,2,-2
2024-01-15 15:39:58.001,17556,17556,17556,2,0
2024-01-15 15:39:58.001,17557,17557,17557,2,2
2024-01-15 15:39:58.001,17557,17557,17557,2,0
2024-01-15 15:39:59.001,17557,17557,17557,2,0
2024-01-15 15:39:59.001,17557,17557,17557,2,0
2024-01-15 15:39:59.001,17556,17556,17556,2,-2
2024-01-15 15:39:59.001,17556,17556,17556,2,0
2024-01-15 15:39:59.001,17556,17556,17556,2,0
2024-01-15 15:39:59.001,17556,17556,17556,2,0
2024-01-15 15:39:59.001,17557,17557,17557,2,2
2024-01-15 15:39:59.001,17556,17556,17556,2,-2
2024-01-15 15:39:59.001,17557,17557,17557,2,2
2024-01-15 15:39:59.001,17556,17556,17556,2,-2
2024-01-15 15:39:59.001,17556,17556,17556,2,0
2024-01-15 15:39:59.001,17557,17557,17557,4,4
2024-01-15 15:40:00.001,17558,17558,17558,4,4
2024-01-15 15:40:00.001,17557,17557,17557,2,-2
2024-01-15 15:40:00.001,17557,17557,17557,2,0
2024-01-15 15:40:00.001,17557,17557,17557,4,0
2024-01-15 15:40:00.001,17556,17556,17556,4,-4
2024-01-15 15:40:00.001,17556,17556,17556,2,0
2024-01-15 15:40:00.001,17556,17556,17556,2,0
2024-01-15 15:40:00.001,17556,17556,17556,2,0
2024-01-15 15:40:01.001,17557,17557,17557,2,2
2024-01-15 15:40:01.001,17557,17557,17557,8,0
2024-01-15 15:40:02.001,17557,17557,17557,2,0
2024-01-15 15:40:03.001,17557,17557,17557,2,0
2024-01-15 15:40:03.001,17557,17557,17557,2,0
2024-01-15 15:40:03.001,17557,17557,17557,4,0
2024-01-15 15:40:03.001,17557,17557,17557,2,0
2024-01-15 15:40:03.001,17557,17557,17557,2,0
2024-01-15 15:40:04.001,17557,17557,17557,2,0
2024-01-15 15:40:04.001,17557,17557,17557,2,0
2024-01-15 15:40:07.001,17556,17556,17556,2,-2
2024-01-15 15:40:13.001,17556,17556,17556,2,0
2024-01-15 15:40:13.001,17556,17556,17556,2,0
2024-01-15 15:40:13.001,17555,17555,17555,2,-2
2024-01-15 15:40:15.001,17557,17557,17557,2,2
2024-01-15 15:40:19.001,17557,17557,17557,2,0
2024-01-15 15:40:22.001,17558,17558,17558,8,8
2024-01-15 15:40:24.001,17558,17558,17558,2,0
2024-01-15 15:40:32.001,17558,17558,17558,2,0
2024-01-15 15:40:37.001,17559,17559,17559,2,2
2024-01-15 15:40:37.001,17559,17559,17559,2,0
2024-01-15 15:40:38.001,17559,17559,17559,2,0
2024-01-15 15:40:38.001,17558,17558,17558,2,-2
2024-01-15 15:40:39.001,17558,17558,17558,2,0
2024-01-15 15:40:45.001,17558,17558,17558,2,0
2024-01-15 15:40:45.001,17558,17558,17558,2,0
2024-01-15 15:40:45.001,17557,17557,17557,2,-2
2024-01-15 15:40:48.001,17557,17557,17557,2,0
2024-01-15 15:40:49.001,17557,17557,17557,2,0
2024-01-15 15:40:53.001,17557,17557,17557,4,0
2024-01-15 15:40:53.001,17557,17557,17557,6,0
2024-01-15 15:40:58.001,17558,17558,17558,6,6
2024-01-15 15:40:59.001,17557,17557,17557,2,-2
2024-01-15 15:41:00.001,17557,17557,17557,2,0
2024-01-15 15:41:01.001,17557,17557,17557,2,0
2024-01-15 15:41:02.001,17559,17559,17559,20,20
2024-01-15 15:41:13.001,17558,17558,17558,2,-2
2024-01-15 15:41:13.001,17558,17558,17558,2,0
2024-01-15 15:41:22.001,17558,17558,17558,2,0
2024-01-15 15:41:22.001,17557,17557,17557,4,-4
2024-01-15 15:41:23.001,17557,17557,17557,4,0
2024-01-15 15:41:23.001,17557,17557,17557,4,0
2024-01-15 15:41:23.001,17557,17557,17557,2,0
2024-01-15 15:41:26.001,17558,17558,17558,2,2
2024-01-15 15:41:27.001,17557,17557,17557,2,-2
2024-01-15 15:41:28.001,17558,17558,17558,2,2
2024-01-15 15:41:30.001,17558,17558,17558,2,0
2024-01-15 15:41:30.001,17557,17557,17557,2,-2
2024-01-15 15:41:33.001,17557,17557,17557,2,0
2024-01-15 15:41:39.001,17557,17557,17557,2,0
2024-01-15 15:41:42.001,17557,17557,17557,2,0
2024-01-15 15:41:42.001,17557,17557,17557,2,0
2024-01-15 15:41:45.001,17557,17557,17557,2,0
2024-01-15 15:41:50.001,17557,17557,17557,2,0
2024-01-15 15:41:50.001,17557,17557,17557,2,0
2024-01-15 15:41:50.001,17556,17556,17556,2,-2
2024-01-15 15:41:50.001,17556,17556,17556,10,0
2024-01-15 15:41:50.001,17556,17556,17556,2,0
2024-01-15 15:41:51.001,17556,17556,17556,2,0
2024-01-15 15:41:56.001,17556,17556,17556,4,0
2024-01-15 15:41:57.001,17556,17556,17556,2,0
2024-01-15 15:41:57.001,17556,17556,17556,2,0
2024-01-15 15:41:58.001,17556,17556,17556,2,0
2024-01-15 15:42:00.001,17556,17556,17556,2,0
2024-01-15 15:42:00.001,17556,17556,17556,4,0
2024-01-15 15:42:09.001,17556,17556,17556,2,0
2024-01-15 15:42:18.001,17556,17556,17556,2,0
2024-01-15 15:42:18.001,17556,17556,17556,2,0
2024-01-15 15:42:18.001,17556,17556,17556,2,0
2024-01-15 15:42:21.001,17556,17556,17556,2,0
2024-01-15 15:42:21.001,17556,17556,17556,2,0
2024-01-15 15:42:25.001,17556,17556,17556,2,0
2024-01-15 15:42:26.001,17556,17556,17556,2,0
2024-01-15 15:42:31.001,17557,17557,17557,6,6
2024-01-15 15:42:31.001,17556,17556,17556,2,-2
2024-01-15 15:42:36.001,17556,17556,17556,2,0
2024-01-15 15:43:02.001,17557,17557,17557,2,2
2024-01-15 15:43:02.001,17556,17556,17556,2,-2
2024-01-15 15:43:04.001,17556,17556,17556,4,0
2024-01-15 15:43:06.001,17556,17556,17556,2,0
2024-01-15 15:43:12.001,17556,17556,17556,4,0
2024-01-15 15:43:19.001,17556,17556,17556,4,0
2024-01-15 15:43:19.001,17556,17556,17556,6,0
2024-01-15 15:43:23.001,17557,17557,17557,2,2
2024-01-15 15:43:25.001,17557,17557,17557,2,0
2024-01-15 15:43:25.001,17557,17557,17557,12,0
2024-01-15 15:43:25.001,17557,17557,17557,2,0
2024-01-15 15:43:25.001,17557,17557,17557,4,0
2024-01-15 15:43:26.001,17557,17557,17557,2,0
2024-01-15 15:43:26.001,17557,17557,17557,4,0
2024-01-15 15:43:26.001,17557,17557,17557,2,0
2024-01-15 15:43:29.001,17557,17557,17557,6,0
2024-01-15 15:43:29.001,17557,17557,17557,4,0
2024-01-15 15:43:30.001,17557,17557,17557,4,0
2024-01-15 15:43:32.001,17557,17557,17557,2,0
2024-01-15 15:43:32.001,17556,17556,17556,2,-2
2024-01-15 15:43:32.001,17556,17556,17556,2,0
2024-01-15 15:43:40.001,17556,17556,17556,2,0
2024-01-15 15:43:48.001,17557,17557,17557,2,2
2024-01-15 15:43:48.001,17556,17556,17556,2,-2
2024-01-15 15:43:49.001,17556,17556,17556,2,0
2024-01-15 15:43:49.001,17556,17556,17556,2,0
2024-01-15 15:43:49.001,17556,17556,17556,2,0
2024-01-15 15:43:49.001,17556,17556,17556,2,0
2024-01-15 15:43:49.001,17556,17556,17556,2,0
2024-01-15 15:43:49.001,17556,17556,17556,2,0
2024-01-15 15:43:49.001,17556,17556,17556,2,0
2024-01-15 15:43:49.001,17556,17556,17556,2,0
2024-01-15 15:43:59.001,17556,17556,17556,4,0
2024-01-15 15:44:01.001,17557,17557,17557,4,4
2024-01-15 15:44:01.001,17558,17558,17558,6,6
2024-01-15 15:44:01.001,17557,17557,17557,2,-2
2024-01-15 15:44:03.001,17557,17557,17557,2,0
2024-01-15 15:44:14.001,17558,17558,17558,2,2
2024-01-15 15:44:27.001,17557,17557,17557,2,-2
2024-01-15 15:44:27.001,17557,17557,17557,2,0
2024-01-15 15:44:38.001,17558,17558,17558,4,4
2024-01-15 15:44:48.001,17559,17559,17559,2,2
2024-01-15 15:44:57.001,17559,17559,17559,2,0
2024-01-15 15:45:03.001,17559,17559,17559,2,0
2024-01-15 15:45:11.001,17559,17559,17559,2,0
2024-01-15 15:45:11.001,17558,17558,17558,2,-2
2024-01-15 15:45:11.001,17559,17559,17559,2,2
2024-01-15 15:45:12.001,17559,17559,17559,8,0
2024-01-15 15:45:13.001,17559,17559,17559,16,0
2024-01-15 15:45:14.001,17559,17559,17559,2,0
2024-01-15 15:45:15.001,17560,17560,17560,10,10
2024-01-15 15:45:16.001,17560,17560,17560,2,0
2024-01-15 15:45:20.001,17560,17560,17560,2,0
2024-01-15 15:45:34.001,17559,17559,17559,2,-2
2024-01-15 15:45:34.001,17559,17559,17559,2,0
2024-01-15 15:45:34.001,17559,17559,17559,2,0
2024-01-15 15:45:34.001,17559,17559,17559,2,0
2024-01-15 15:45:34.001,17559,17559,17559,2,0
2024-01-15 15:45:35.001,17558,17558,17558,2,-2
2024-01-15 15:45:35.001,17558,17558,17558,2,0
2024-01-15 15:45:35.001,17558,17558,17558,2,0
2024-01-15 15:45:37.001,17558,17558,17558,2,0
2024-01-15 15:45:38.001,17559,17559,17559,2,2
2024-01-15 15:45:40.001,17560,17560,17560,2,2
2024-01-15 15:45:45.001,17560,17560,17560,20,0
2024-01-15 15:45:46.001,17560,17560,17560,2,0
2024-01-15 15:45:48.001,17560,17560,17560,20,0
2024-01-15 15:45:50.001,17558,17558,17558,4,-4
2024-01-15 15:45:50.001,17558,17558,17558,4,0
2024-01-15 15:45:50.001,17558,17558,17558,4,0
2024-01-15 15:45:50.001,17558,17558,17558,2,0
2024-01-15 15:45:50.001,17558,17558,17558,2,0
2024-01-15 15:45:52.001,17559,17559,17559,2,2
2024-01-15 15:46:20.001,17559,17559,17559,2,0
2024-01-15 15:46:20.001,17559,17559,17559,2,0
2024-01-15 15:46:26.001,17559,17559,17559,2,0
2024-01-15 15:46:26.001,17559,17559,17559,2,0
2024-01-15 15:46:30.001,17558,17558,17558,10,-10
2024-01-15 15:46:43.001,17559,17559,17559,2,2
2024-01-15 15:46:47.001,17558,17558,17558,2,-2
2024-01-15 15:47:03.001,17558,17558,17558,2,0
2024-01-15 15:47:20.001,17558,17558,17558,2,0
2024-01-15 15:47:31.001,17557,17557,17557,2,-2
2024-01-15 15:47:36.001,17557,17557,17557,2,0
2024-01-15 15:47:36.001,17557,17557,17557,4,0
2024-01-15 15:47:36.001,17557,17557,17557,2,0
2024-01-15 15:47:36.001,17557,17557,17557,4,0
2024-01-15 15:47:36.001,17557,17557,17557,2,0
2024-01-15 15:47:36.001,17557,17557,17557,2,0
2024-01-15 15:47:41.001,17558,17558,17558,2,2
2024-01-15 15:47:41.001,17559,17559,17559,4,4
2024-01-15 15:47:45.001,17559,17559,17559,2,0
2024-01-15 15:47:45.001,17560,17560,17560,8,8
2024-01-15 15:47:48.001,17560,17560,17560,6,0
2024-01-15 15:47:49.001,17560,17560,17560,2,0
2024-01-15 15:47:49.001,17561,17561,17561,4,4
2024-01-15 15:47:50.001,17559,17559,17559,2,-2
2024-01-15 15:47:50.001,17559,17559,17559,4,0
2024-01-15 15:47:50.001,17559,17559,17559,4,0
2024-01-15 15:47:50.001,17559,17559,17559,4,0
2024-01-15 15:47:50.001,17559,17559,17559,2,0
2024-01-15 15:48:00.001,17560,17560,17560,2,2
2024-01-15 15:48:08.001,17560,17560,17560,4,0
2024-01-15 15:48:11.001,17560,17560,17560,2,0
2024-01-15 15:48:17.001,17560,17560,17560,2,0
2024-01-15 15:48:20.001,17560,17560,17560,2,0
2024-01-15 15:48:22.001,17561,17561,17561,2,2
2024-01-15 15:48:25.001,17561,17561,17561,4,0
2024-01-15 15:48:29.001,17561,17561,17561,2,0
2024-01-15 15:48:29.001,17561,17561,17561,2,0
2024-01-15 15:48:29.001,17561,17561,17561,2,0
2024-01-15 15:48:29.001,17561,17561,17561,2,0
2024-01-15 15:48:29.001,17561,17561,17561,4,0
2024-01-15 15:48:29.001,17561,17561,17561,2,0
2024-01-15 15:48:30.001,17562,17562,17562,6,6
2024-01-15 15:48:31.001,17562,17562,17562,2,0
2024-01-15 15:48:35.001,17562,17562,17562,2,0
2024-01-15 15:48:36.001,17562,17562,17562,20,0
2024-01-15 15:48:36.001,17563,17563,17563,6,6
2024-01-15 15:48:40.001,17563,17563,17563,4,0
2024-01-15 15:48:42.001,17562,17562,17562,2,-2
2024-01-15 15:48:48.001,17563,17563,17563,16,16
2024-01-15 15:48:48.001,17562,17562,17562,4,-4
2024-01-15 15:48:48.001,17562,17562,17562,2,0
2024-01-15 15:48:48.001,17562,17562,17562,4,0
2024-01-15 15:48:48.001,17562,17562,17562,4,0
2024-01-15 15:48:48.001,17562,17562,17562,2,0
2024-01-15 15:48:50.001,17562,17562,17562,2,0
2024-01-15 15:48:52.001,17562,17562,17562,2,0
2024-01-15 15:48:59.001,17562,17562,17562,8,0
2024-01-15 15:49:00.001,17562,17562,17562,4,0
2024-01-15 15:49:00.001,17563,17563,17563,6,6
2024-01-15 15:49:08.001,17561,17561,17561,2,-2
2024-01-15 15:49:08.001,17561,17561,17561,2,0
2024-01-15 15:49:08.001,17561,17561,17561,2,0
2024-01-15 15:49:08.001,17561,17561,17561,2,0
2024-01-15 15:49:08.001,17561,17561,17561,2,0
2024-01-15 15:49:08.001,17561,17561,17561,2,0
2024-01-15 15:49:17.001,17562,17562,17562,6,6
2024-01-15 15:49:21.001,17561,17561,17561,2,-2
2024-01-15 15:49:25.001,17562,17562,17562,2,2
2024-01-15 15:49:30.001,17563,17563,17563,2,2
2024-01-15 15:49:35.001,17563,17563,17563,6,0
2024-01-15 15:49:36.001,17563,17563,17563,2,0
2024-01-15 15:49:39.001,17562,17562,17562,4,-4
2024-01-15 15:49:39.001,17562,17562,17562,4,0
2024-01-15 15:49:39.001,17562,17562,17562,2,0
2024-01-15 15:49:46.001,17562,17562,17562,2,0
2024-01-15 15:50:01.001,17562,17562,17562,2,0
2024-01-15 15:50:01.001,17563,17563,17563,4,4
2024-01-15 15:50:01.001,17562,17562,17562,4,-4
2024-01-15 15:50:01.001,17562,17562,17562,4,0
2024-01-15 15:50:01.001,17562,17562,17562,4,0
2024-01-15 15:50:05.001,17564,17564,17564,6,6
2024-01-15 15:50:05.001,17564,17564,17564,26,0
2024-01-15 15:50:11.001,17564,17564,17564,4,0
2024-01-15 15:50:11.001,17564,17564,17564,2,0
2024-01-15 15:50:15.001,17564,17564,17564,6,0
2024-01-15 15:50:15.001,17565,17565,17565,4,4
2024-01-15 15:50:17.001,17564,17564,17564,2,-2
2024-01-15 15:50:20.001,17564,17564,17564,2,0
2024-01-15 15:50:24.001,17564,17564,17564,6,0
2024-01-15 15:50:45.001,17564,17564,17564,2,0
2024-01-15 15:50:46.001,17564,17564,17564,2,0
2024-01-15 15:50:55.001,17564,17564,17564,2,0
2024-01-15 15:51:05.001,17564,17564,17564,10,0
2024-01-15 15:51:08.001,17564,17564,17564,4,0
2024-01-15 15:51:14.001,17564,17564,17564,2,0
2024-01-15 15:51:17.001,17563,17563,17563,2,-2
2024-01-15 15:51:18.001,17563,17563,17563,2,0
2024-01-15 15:51:27.001,17563,17563,17563,4,0
2024-01-15 15:51:27.001,17563,17563,17563,4,0
2024-01-15 15:51:27.001,17563,17563,17563,2,0
2024-01-15 15:51:30.001,17564,17564,17564,10,10
2024-01-15 15:51:30.001,17564,17564,17564,8,0
2024-01-15 15:51:31.001,17565,17565,17565,2,2
2024-01-15 15:51:46.001,17563,17563,17563,2,-2
2024-01-15 15:51:47.001,17563,17563,17563,2,0
2024-01-15 15:51:47.001,17563,17563,17563,2,0
2024-01-15 15:51:47.001,17563,17563,17563,2,0
2024-01-15 15:51:47.001,17563,17563,17563,4,0
2024-01-15 15:51:47.001,17563,17563,17563,2,0
2024-01-15 15:51:52.001,17564,17564,17564,2,2
2024-01-15 15:51:55.001,17562,17562,17562,2,-2
2024-01-15 15:51:55.001,17562,17562,17562,2,0
2024-01-15 15:52:03.001,17562,17562,17562,2,0
2024-01-15 15:52:04.001,17563,17563,17563,4,4
2024-01-15 15:52:04.001,17564,17564,17564,2,2
2024-01-15 15:52:11.001,17562,17562,17562,2,-2
2024-01-15 15:52:30.001,17563,17563,17563,2,2
2024-01-15 15:52:31.001,17564,17564,17564,12,12
2024-01-15 15:52:45.001,17563,17563,17563,2,-2
2024-01-15 15:52:45.001,17564,17564,17564,8,8
2024-01-15 15:53:18.001,17564,17564,17564,2,0
2024-01-15 15:53:21.001,17564,17564,17564,2,0
2024-01-15 15:53:50.001,17563,17563,17563,2,-2
2024-01-15 15:54:00.001,17564,17564,17564,10,10
2024-01-15 15:54:25.001,17564,17564,17564,2,0
2024-01-15 15:54:28.001,17563,17563,17563,2,-2
2024-01-15 15:54:28.001,17563,17563,17563,2,0
2024-01-15 15:54:28.001,17563,17563,17563,4,0
2024-01-15 15:54:28.001,17563,17563,17563,4,0
2024-01-15 15:54:32.001,17562,17562,17562,8,-8
2024-01-15 15:54:45.001,17563,17563,17563,2,2
2024-01-15 15:54:53.001,17563,17563,17563,2,0
2024-01-15 15:55:01.001,17562,17562,17562,2,-2
2024-01-15 15:55:05.001,17562,17562,17562,2,0
2024-01-15 15:55:08.001,17562,17562,17562,2,0
2024-01-15 15:55:11.001,17562,17562,17562,2,0
2024-01-15 15:55:15.001,17563,17563,17563,10,10
2024-01-15 15:55:15.001,17562,17562,17562,2,-2
2024-01-15 15:55:34.001,17563,17563,17563,4,4
2024-01-15 15:55:38.001,17563,17563,17563,4,0
2024-01-15 15:55:48.001,17563,17563,17563,2,0
2024-01-15 15:55:59.001,17563,17563,17563,4,0
2024-01-15 15:56:02.001,17562,17562,17562,2,-2
2024-01-15 15:56:05.001,17562,17562,17562,2,0
2024-01-15 15:56:06.001,17561,17561,17561,2,-2
2024-01-15 15:56:14.001,17561,17561,17561,2,0
2024-01-15 15:56:19.001,17562,17562,17562,2,2
2024-01-15 15:56:19.001,17562,17562,17562,2,0
2024-01-15 15:56:30.001,17563,17563,17563,10,10
2024-01-15 15:56:30.001,17561,17561,17561,2,-2
2024-01-15 15:56:30.001,17561,17561,17561,2,0
2024-01-15 15:56:38.001,17561,17561,17561,2,0
2024-01-15 15:56:41.001,17561,17561,17561,2,0
2024-01-15 15:56:51.001,17561,17561,17561,2,0
2024-01-15 15:56:51.001,17561,17561,17561,2,0
2024-01-15 15:56:53.001,17560,17560,17560,2,-2
2024-01-15 15:56:55.001,17562,17562,17562,2,2
2024-01-15 15:57:00.001,17562,17562,17562,2,0
2024-01-15 15:57:13.001,17560,17560,17560,2,-2
2024-01-15 15:57:20.001,17561,17561,17561,4,4
2024-01-15 15:57:20.001,17561,17561,17561,2,0
2024-01-15 15:57:20.001,17561,17561,17561,2,0
2024-01-15 15:57:20.001,17561,17561,17561,4,0
2024-01-15 15:57:20.001,17561,17561,17561,2,0
2024-01-15 15:57:20.001,17561,17561,17561,2,0
2024-01-15 15:57:20.001,17561,17561,17561,2,0
2024-01-15 15:57:26.001,17561,17561,17561,2,0
2024-01-15 15:57:45.001,17561,17561,17561,8,0
2024-01-15 15:57:45.001,17562,17562,17562,2,2
2024-01-15 15:58:02.001,17561,17561,17561,2,-2
2024-01-15 15:58:11.001,17562,17562,17562,8,8
2024-01-15 15:58:43.001,17562,17562,17562,2,0
2024-01-15 15:58:49.001,17561,17561,17561,2,-2
2024-01-15 15:59:00.001,17562,17562,17562,10,10
2024-01-15 15:59:08.001,17561,17561,17561,2,-2
2024-01-15 15:59:08.001,17561,17561,17561,2,0
2024-01-15 15:59:22.001,17562,17562,17562,4,4
2024-01-15 15:59:22.001,17562,17562,17562,8,0
2024-01-15 15:59:33.001,17562,17562,17562,2,0
2024-01-15 15:59:44.001,17562,17562,17562,2,0
2024-01-15 16:00:00.001,17561,17561,17561,2,-2
2024-01-15 16:00:01.001,17562,17562,17562,4,4
2024-01-15 16:00:01.001,17560,17560,17560,4,-4
2024-01-15 16:00:01.001,17561,17561,17561,2,2
2024-01-15 16:00:15.001,17562,17562,17562,10,10
2024-01-15 16:00:33.001,17561,17561,17561,2,-2
2024-01-15 16:00:33.001,17561,17561,17561,4,0
2024-01-15 16:00:33.001,17561,17561,17561,2,0
2024-01-15 16:00:50.001,17561,17561,17561,2,0
2024-01-15 16:00:51.001,17561,17561,17561,2,0
2024-01-15 16:00:54.001,17561,17561,17561,2,0
2024-01-15 16:00:54.001,17561,17561,17561,2,0
2024-01-15 16:00:55.001,17561,17561,17561,2,0
2024-01-15 16:01:13.001,17560,17560,17560,2,-2
2024-01-15 16:01:13.001,17560,17560,17560,2,0
2024-01-15 16:01:13.001,17560,17560,17560,2,0
2024-01-15 16:01:13.001,17560,17560,17560,2,0
2024-01-15 16:01:13.001,17560,17560,17560,2,0
2024-01-15 16:01:13.001,17560,17560,17560,2,0
2024-01-15 16:01:13.001,17560,17560,17560,2,0
2024-01-15 16:01:13.001,17560,17560,17560,2,0
2024-01-15 16:01:13.001,17560,17560,17560,4,0
2024-01-15 16:01:13.001,17560,17560,17560,2,0
2024-01-15 16:01:13.001,17560,17560,17560,2,0
2024-01-15 16:01:13.001,17560,17560,17560,2,0
2024-01-15 16:01:23.001,17560,17560,17560,2,0
2024-01-15 16:01:28.001,17560,17560,17560,2,0
2024-01-15 16:01:30.001,17561,17561,17561,10,10
2024-01-15 16:01:34.001,17560,17560,17560,2,-2
2024-01-15 16:01:54.001,17562,17562,17562,2,2
2024-01-15 16:01:54.001,17562,17562,17562,8,0
2024-01-15 16:02:01.001,17563,17563,17563,10,10
2024-01-15 16:02:11.001,17564,17564,17564,2,2
2024-01-15 16:02:11.001,17564,17564,17564,2,0
2024-01-15 16:02:13.001,17563,17563,17563,2,-2
2024-01-15 16:02:25.001,17563,17563,17563,2,0
2024-01-15 16:02:25.001,17561,17561,17561,2,-2
2024-01-15 16:02:25.001,17561,17561,17561,4,0
2024-01-15 16:02:25.001,17561,17561,17561,4,0
2024-01-15 16:02:25.001,17561,17561,17561,2,0
2024-01-15 16:02:25.001,17561,17561,17561,2,0
2024-01-15 16:02:25.001,17561,17561,17561,2,0
2024-01-15 16:02:25.001,17561,17561,17561,6,0
2024-01-15 16:02:25.001,17561,17561,17561,2,0
2024-01-15 16:02:25.001,17561,17561,17561,2,0
2024-01-15 16:02:25.001,17561,17561,17561,2,0
2024-01-15 16:02:25.001,17561,17561,17561,4,0
2024-01-15 16:02:25.001,17561,17561,17561,4,0
2024-01-15 16:02:25.001,17561,17561,17561,2,0
2024-01-15 16:02:25.001,17561,17561,17561,4,0
2024-01-15 16:02:25.001,17560,17560,17560,4,-4
2024-01-15 16:02:25.001,17560,17560,17560,4,0
2024-01-15 16:02:25.001,17560,17560,17560,2,0
2024-01-15 16:02:26.001,17560,17560,17560,2,0
2024-01-15 16:02:26.001,17560,17560,17560,2,0
2024-01-15 16:02:26.001,17560,17560,17560,4,0
2024-01-15 16:02:26.001,17560,17560,17560,2,0
2024-01-15 16:02:26.001,17560,17560,17560,2,0
2024-01-15 16:02:26.001,17560,17560,17560,4,0
2024-01-15 16:02:26.001,17560,17560,17560,6,0
2024-01-15 16:02:36.001,17561,17561,17561,10,10
2024-01-15 16:02:36.001,17561,17561,17561,12,0
2024-01-15 16:02:36.001,17561,17561,17561,8,0
2024-01-15 16:02:36.001,17561,17561,17561,2,0
2024-01-15 16:02:36.001,17561,17561,17561,12,0
2024-01-15 16:02:36.001,17561,17561,17561,2,0
2024-01-15 16:02:36.001,17561,17561,17561,2,0
2024-01-15 16:02:37.001,17561,17561,17561,4,0
2024-01-15 16:02:40.001,17562,17562,17562,4,4
2024-01-15 16:02:42.001,17561,17561,17561,4,-4
2024-01-15 16:02:42.001,17561,17561,17561,4,0
2024-01-15 16:02:42.001,17561,17561,17561,2,0
2024-01-15 16:02:42.001,17561,17561,17561,2,0
2024-01-15 16:02:42.001,17560,17560,17560,2,-2
2024-01-15 16:02:42.001,17560,17560,17560,2,0
2024-01-15 16:02:42.001,17560,17560,17560,4,0
2024-01-15 16:02:42.001,17560,17560,17560,4,0
2024-01-15 16:02:42.001,17560,17560,17560,6,0
2024-01-15 16:02:42.001,17560,17560,17560,4,0
2024-01-15 16:02:42.001,17560,17560,17560,2,0
2024-01-15 16:02:42.001,17560,17560,17560,2,0
2024-01-15 16:02:42.001,17560,17560,17560,2,0
2024-01-15 16:02:42.001,17560,17560,17560,2,0
2024-01-15 16:02:42.001,17560,17560,17560,6,0
2024-01-15 16:02:44.001,17561,17561,17561,2,2
2024-01-15 16:02:45.001,17562,17562,17562,10,10
2024-01-15 16:02:46.001,17561,17561,17561,2,-2
2024-01-15 16:02:46.001,17561,17561,17561,2,0
2024-01-15 16:02:46.001,17561,17561,17561,2,0
2024-01-15 16:02:46.001,17561,17561,17561,2,0
2024-01-15 16:02:46.001,17561,17561,17561,4,0
2024-01-15 16:02:46.001,17561,17561,17561,6,0
2024-01-15 16:02:46.001,17561,17561,17561,2,0
2024-01-15 16:02:46.001,17561,17561,17561,4,0
2024-01-15 16:02:46.001,17561,17561,17561,2,0
2024-01-15 16:02:46.001,17561,17561,17561,4,0
2024-01-15 16:02:46.001,17561,17561,17561,4,0
2024-01-15 16:02:46.001,17561,17561,17561,2,0
2024-01-15 16:02:46.001,17560,17560,17560,4,-4
2024-01-15 16:02:46.001,17560,17560,17560,4,0
2024-01-15 16:02:49.001,17560,17560,17560,2,0
2024-01-15 16:02:50.001,17561,17561,17561,2,2
2024-01-15 16:02:58.001,17561,17561,17561,4,0
2024-01-15 16:02:59.001,17561,17561,17561,2,0
2024-01-15 16:03:22.001,17562,17562,17562,2,2
2024-01-15 16:03:34.001,17562,17562,17562,2,0
2024-01-15 16:03:47.001,17562,17562,17562,2,0
2024-01-15 16:03:52.001,17563,17563,17563,2,2
2024-01-15 16:03:57.001,17563,17563,17563,2,0
2024-01-15 16:04:00.001,17563,17563,17563,10,0
2024-01-15 16:04:00.001,17563,17563,17563,4,0
2024-01-15 16:04:01.001,17563,17563,17563,2,0
2024-01-15 16:04:03.001,17564,17564,17564,4,4
2024-01-15 16:04:08.001,17563,17563,17563,2,-2
2024-01-15 16:04:09.001,17563,17563,17563,2,0
2024-01-15 16:04:23.001,17563,17563,17563,2,0
2024-01-15 16:04:34.001,17564,17564,17564,6,6
2024-01-15 16:04:37.001,17564,17564,17564,8,0
2024-01-15 16:04:52.001,17564,17564,17564,2,0
2024-01-15 16:04:58.001,17564,17564,17564,2,0
2024-01-15 16:05:07.001,17565,17565,17565,4,4
2024-01-15 16:05:07.001,17565,17565,17565,32,0
2024-01-15 16:05:15.001,17566,17566,17566,10,10
2024-01-15 16:05:15.001,17566,17566,17566,10,0
2024-01-15 16:05:18.001,17566,17566,17566,2,0
2024-01-15 16:05:21.001,17566,17566,17566,2,0
2024-01-15 16:05:21.001,17566,17566,17566,4,0
2024-01-15 16:05:26.001,17567,17567,17567,2,2
2024-01-15 16:05:26.001,17567,17567,17567,4,0
2024-01-15 16:05:27.001,17567,17567,17567,2,0
2024-01-15 16:05:27.001,17567,17567,17567,12,0
2024-01-15 16:05:27.001,17568,17568,17568,2,2
2024-01-15 16:05:27.001,17568,17568,17568,2,0
2024-01-15 16:05:28.001,17568,17568,17568,10,0
2024-01-15 16:05:31.001,17568,17568,17568,4,0
2024-01-15 16:05:33.001,17568,17568,17568,20,0
2024-01-15 16:05:36.001,17568,17568,17568,14,0
2024-01-15 16:05:37.001,17569,17569,17569,4,4
2024-01-15 16:05:39.001,17569,17569,17569,20,0
2024-01-15 16:05:40.001,17569,17569,17569,2,0
2024-01-15 16:05:42.001,17569,17569,17569,2,0
2024-01-15 16:05:45.001,17569,17569,17569,2,0
2024-01-15 16:05:46.001,17569,17569,17569,2,0
2024-01-15 16:05:47.001,17569,17569,17569,2,0
2024-01-15 16:05:49.001,17569,17569,17569,4,0
2024-01-15 16:05:53.001,17570,17570,17570,4,4
2024-01-15 16:05:53.001,17570,17570,17570,2,0
2024-01-15 16:05:53.001,17570,17570,17570,16,0
2024-01-15 16:05:53.001,17569,17569,17569,2,-2
2024-01-15 16:05:54.001,17570,17570,17570,4,4
2024-01-15 16:05:55.001,17570,17570,17570,30,0
2024-01-15 16:05:57.001,17570,17570,17570,2,0
2024-01-15 16:05:58.001,17570,17570,17570,4,0
2024-01-15 16:05:58.001,17570,17570,17570,26,0
2024-01-15 16:06:06.001,17569,17569,17569,2,-2
2024-01-15 16:06:06.001,17570,17570,17570,4,4
2024-01-15 16:06:06.001,17570,17570,17570,4,0
2024-01-15 16:06:06.001,17570,17570,17570,2,0
2024-01-15 16:06:06.001,17570,17570,17570,4,0
2024-01-15 16:06:06.001,17570,17570,17570,2,0
2024-01-15 16:06:06.001,17570,17570,17570,2,0
2024-01-15 16:06:06.001,17570,17570,17570,2,0
2024-01-15 16:06:06.001,17570,17570,17570,4,0
2024-01-15 16:06:06.001,17570,17570,17570,4,0
2024-01-15 16:06:06.001,17570,17570,17570,4,0
2024-01-15 16:06:06.001,17570,17570,17570,2,0
2024-01-15 16:06:10.001,17570,17570,17570,2,0
2024-01-15 16:06:10.001,17570,17570,17570,2,0
2024-01-15 16:06:10.001,17570,17570,17570,2,0
2024-01-15 16:06:12.001,17570,17570,17570,2,0
2024-01-15 16:06:13.001,17571,17571,17571,6,6
2024-01-15 16:06:14.001,17570,17570,17570,2,-2
2024-01-15 16:06:14.001,17571,17571,17571,6,6
2024-01-15 16:06:15.001,17570,17570,17570,2,-2
2024-01-15 16:06:17.001,17570,17570,17570,2,0
2024-01-15 16:06:17.001,17570,17570,17570,2,0
2024-01-15 16:06:19.001,17570,17570,17570,2,0
2024-01-15 16:06:19.001,17571,17571,17571,2,2
2024-01-15 16:06:21.001,17570,17570,17570,4,-4
2024-01-15 16:06:23.001,17570,17570,17570,10,0
2024-01-15 16:06:28.001,17569,17569,17569,2,-2
2024-01-15 16:06:30.001,17570,17570,17570,6,6
2024-01-15 16:06:30.001,17571,17571,17571,4,4
2024-01-15 16:06:40.001,17571,17571,17571,2,0
2024-01-15 16:06:49.001,17570,17570,17570,2,-2
2024-01-15 16:06:49.001,17571,17571,17571,2,2
2024-01-15 16:06:51.001,17571,17571,17571,6,0
2024-01-15 16:06:55.001,17571,17571,17571,2,0
2024-01-15 16:07:01.001,17571,17571,17571,2,0
2024-01-15 16:07:01.001,17571,17571,17571,4,0
2024-01-15 16:07:07.001,17571,17571,17571,2,0
2024-01-15 16:07:13.001,17570,17570,17570,2,-2
2024-01-15 16:07:15.001,17570,17570,17570,2,0
2024-01-15 16:07:19.001,17570,17570,17570,2,0
2024-01-15 16:07:19.001,17570,17570,17570,2,0
2024-01-15 16:07:20.001,17571,17571,17571,2,2
2024-01-15 16:07:21.001,17570,17570,17570,2,-2
2024-01-15 16:07:25.001,17571,17571,17571,2,2
2024-01-15 16:07:31.001,17571,17571,17571,2,0
2024-01-15 16:07:31.001,17571,17571,17571,12,0
2024-01-15 16:07:35.001,17571,17571,17571,2,0
2024-01-15 16:07:45.001,17571,17571,17571,8,0
2024-01-15 16:07:45.001,17572,17572,17572,2,2
2024-01-15 16:07:45.001,17571,17571,17571,2,-2
2024-01-15 16:07:45.001,17571,17571,17571,2,0
2024-01-15 16:07:45.001,17570,17570,17570,2,-2
2024-01-15 16:07:45.001,17570,17570,17570,4,0
2024-01-15 16:07:45.001,17570,17570,17570,4,0
2024-01-15 16:07:45.001,17570,17570,17570,2,0
2024-01-15 16:07:45.001,17570,17570,17570,2,0
2024-01-15 16:07:54.001,17569,17569,17569,8,-8
2024-01-15 16:07:54.001,17569,17569,17569,8,0
2024-01-15 16:07:54.001,17569,17569,17569,8,0
2024-01-15 16:07:54.001,17569,17569,17569,2,0
2024-01-15 16:07:54.001,17569,17569,17569,2,0
2024-01-15 16:07:54.001,17569,17569,17569,2,0
2024-01-15 16:08:22.001,17569,17569,17569,2,0
2024-01-15 16:08:33.001,17568,17568,17568,4,-4
2024-01-15 16:08:33.001,17568,17568,17568,4,0
2024-01-15 16:08:33.001,17568,17568,17568,2,0
2024-01-15 16:08:33.001,17568,17568,17568,4,0
2024-01-15 16:08:33.001,17568,17568,17568,2,0
2024-01-15 16:08:33.001,17568,17568,17568,2,0
2024-01-15 16:08:33.001,17568,17568,17568,16,0
2024-01-15 16:08:33.001,17568,17568,17568,2,0
2024-01-15 16:08:33.001,17568,17568,17568,4,0
2024-01-15 16:08:33.001,17568,17568,17568,2,0
2024-01-15 16:08:33.001,17568,17568,17568,4,0
2024-01-15 16:08:33.001,17568,17568,17568,6,0
2024-01-15 16:08:33.001,17568,17568,17568,2,0
2024-01-15 16:08:33.001,17568,17568,17568,6,0
2024-01-15 16:08:33.001,17568,17568,17568,2,0
2024-01-15 16:08:33.001,17568,17568,17568,2,0
2024-01-15 16:08:33.001,17568,17568,17568,2,0
2024-01-15 16:08:33.001,17567,17567,17567,2,-2
2024-01-15 16:08:33.001,17567,17567,17567,2,0
2024-01-15 16:08:33.001,17567,17567,17567,4,0
2024-01-15 16:08:33.001,17567,17567,17567,4,0
2024-01-15 16:08:33.001,17567,17567,17567,4,0
2024-01-15 16:08:33.001,17567,17567,17567,2,0
2024-01-15 16:08:33.001,17567,17567,17567,2,0
2024-01-15 16:08:33.001,17567,17567,17567,4,0
2024-01-15 16:08:33.001,17567,17567,17567,2,0
2024-01-15 16:08:33.001,17567,17567,17567,6,0
2024-01-15 16:08:33.001,17567,17567,17567,2,0
2024-01-15 16:08:33.001,17567,17567,17567,4,0
2024-01-15 16:08:33.001,17567,17567,17567,2,0
2024-01-15 16:08:33.001,17567,17567,17567,2,0
2024-01-15 16:08:33.001,17567,17567,17567,2,0
2024-01-15 16:08:38.001,17567,17567,17567,2,0
2024-01-15 16:08:41.001,17567,17567,17567,4,0
2024-01-15 16:08:42.001,17567,17567,17567,4,0
2024-01-15 16:08:42.001,17568,17568,17568,2,2
2024-01-15 16:08:44.001,17567,17567,17567,2,-2
2024-01-15 16:08:49.001,17566,17566,17566,2,-2
2024-01-15 16:08:49.001,17566,17566,17566,4,0
2024-01-15 16:08:49.001,17566,17566,17566,2,0
2024-01-15 16:08:49.001,17566,17566,17566,4,0
2024-01-15 16:08:49.001,17566,17566,17566,6,0
2024-01-15 16:08:49.001,17566,17566,17566,4,0
2024-01-15 16:08:49.001,17566,17566,17566,4,0
2024-01-15 16:08:49.001,17566,17566,17566,2,0
2024-01-15 16:08:49.001,17566,17566,17566,2,0
2024-01-15 16:08:49.001,17566,17566,17566,4,0
2024-01-15 16:08:52.001,17565,17565,17565,4,-4
2024-01-15 16:08:54.001,17566,17566,17566,4,4
2024-01-15 16:08:54.001,17565,17565,17565,2,-2
2024-01-15 16:08:55.001,17566,17566,17566,8,8
2024-01-15 16:09:00.001,17567,17567,17567,10,10
2024-01-15 16:09:00.001,17567,17567,17567,2,0
2024-01-15 16:09:05.001,17565,17565,17565,2,-2
2024-01-15 16:09:08.001,17565,17565,17565,2,0
2024-01-15 16:09:14.001,17566,17566,17566,2,2
2024-01-15 16:09:20.001,17566,17566,17566,2,0
2024-01-15 16:09:27.001,17568,17568,17568,4,4
2024-01-15 16:09:28.001,17568,17568,17568,2,0
2024-01-15 16:09:35.001,17568,17568,17568,2,0
2024-01-15 16:09:39.001,17568,17568,17568,2,0
2024-01-15 16:09:39.001,17568,17568,17568,2,0
2024-01-15 16:09:40.001,17569,17569,17569,40,40
2024-01-15 16:09:54.001,17570,17570,17570,4,4
2024-01-15 16:09:54.001,17570,17570,17570,8,0
2024-01-15 16:09:55.001,17570,17570,17570,2,0
2024-01-15 16:09:56.001,17570,17570,17570,2,0
2024-01-15 16:10:09.001,17571,17571,17571,10,10
2024-01-15 16:10:10.001,17570,17570,17570,2,-2
2024-01-15 16:10:11.001,17571,17571,17571,2,2
2024-01-15 16:10:13.001,17570,17570,17570,2,-2
2024-01-15 16:10:15.001,17571,17571,17571,10,10
2024-01-15 16:10:15.001,17571,17571,17571,2,0
2024-01-15 16:10:20.001,17571,17571,17571,2,0
2024-01-15 16:10:24.001,17571,17571,17571,2,0
2024-01-15 16:10:24.001,17571,17571,17571,2,0
2024-01-15 16:10:24.001,17570,17570,17570,4,-4
2024-01-15 16:10:24.001,17570,17570,17570,4,0
2024-01-15 16:10:24.001,17570,17570,17570,2,0
2024-01-15 16:10:24.001,17570,17570,17570,2,0
2024-01-15 16:10:34.001,17570,17570,17570,2,0
2024-01-15 16:10:40.001,17571,17571,17571,2,2
2024-01-15 16:10:52.001,17571,17571,17571,10,0
2024-01-15 16:11:00.001,17571,17571,17571,4,0
2024-01-15 16:11:05.001,17570,17570,17570,4,-4
2024-01-15 16:11:06.001,17570,17570,17570,2,0
2024-01-15 16:11:06.001,17570,17570,17570,2,0
2024-01-15 16:11:06.001,17570,17570,17570,2,0
2024-01-15 16:11:06.001,17570,17570,17570,2,0
2024-01-15 16:11:06.001,17570,17570,17570,2,0
2024-01-15 16:11:06.001,17570,17570,17570,4,0
2024-01-15 16:11:06.001,17570,17570,17570,2,0
2024-01-15 16:11:06.001,17570,17570,17570,2,0
2024-01-15 16:11:10.001,17570,17570,17570,2,0
2024-01-15 16:11:12.001,17569,17569,17569,4,-4
2024-01-15 16:11:13.001,17569,17569,17569,2,0
2024-01-15 16:11:13.001,17570,17570,17570,2,2
2024-01-15 16:11:21.001,17568,17568,17568,2,-2
2024-01-15 16:11:21.001,17568,17568,17568,2,0
2024-01-15 16:11:30.001,17569,17569,17569,10,10
2024-01-15 16:11:30.001,17569,17569,17569,2,0
2024-01-15 16:11:32.001,17567,17567,17567,2,-2
2024-01-15 16:11:35.001,17567,17567,17567,2,0
2024-01-15 16:11:50.001,17569,17569,17569,2,2
2024-01-15 16:11:59.001,17569,17569,17569,4,0
2024-01-15 16:12:07.001,17568,17568,17568,2,-2
2024-01-15 16:12:11.001,17567,17567,17567,6,-6
2024-01-15 16:12:11.001,17567,17567,17567,8,0
2024-01-15 16:12:11.001,17567,17567,17567,2,0
2024-01-15 16:12:11.001,17567,17567,17567,2,0
2024-01-15 16:12:11.001,17567,17567,17567,2,0
2024-01-15 16:12:11.001,17567,17567,17567,2,0
2024-01-15 16:12:22.001,17566,17566,17566,2,-2
2024-01-15 16:12:23.001,17567,17567,17567,2,2
2024-01-15 16:12:23.001,17566,17566,17566,2,-2
2024-01-15 16:12:29.001,17565,17565,17565,2,-2
2024-01-15 16:12:29.001,17565,17565,17565,4,0
2024-01-15 16:12:30.001,17565,17565,17565,2,0
2024-01-15 16:12:30.001,17565,17565,17565,2,0
2024-01-15 16:12:30.001,17565,17565,17565,2,0
2024-01-15 16:12:30.001,17565,17565,17565,2,0
2024-01-15 16:12:30.001,17565,17565,17565,2,0
2024-01-15 16:12:45.001,17566,17566,17566,12,12
2024-01-15 16:13:00.001,17566,17566,17566,4,0
2024-01-15 16:13:07.001,17566,17566,17566,2,0
2024-01-15 16:13:24.001,17567,17567,17567,4,4
2024-01-15 16:13:24.001,17567,17567,17567,2,0
2024-01-15 16:13:24.001,17567,17567,17567,12,0
2024-01-15 16:13:24.001,17567,17567,17567,6,0
2024-01-15 16:13:24.001,17567,17567,17567,6,0
2024-01-15 16:13:24.001,17567,17567,17567,2,0
2024-01-15 16:13:26.001,17568,17568,17568,2,2
2024-01-15 16:13:28.001,17567,17567,17567,2,-2
2024-01-15 16:13:30.001,17567,17567,17567,2,0
2024-01-15 16:13:30.001,17567,17567,17567,2,0
2024-01-15 16:13:34.001,17568,17568,17568,2,2
2024-01-15 16:13:40.001,17569,17569,17569,2,2
2024-01-15 16:13:46.001,17569,17569,17569,2,0
2024-01-15 16:13:47.001,17569,17569,17569,2,0
2024-01-15 16:13:57.001,17568,17568,17568,2,-2
2024-01-15 16:14:00.001,17569,17569,17569,12,12
2024-01-15 16:14:02.001,17569,17569,17569,2,0
2024-01-15 16:14:15.001,17569,17569,17569,6,0
2024-01-15 16:14:22.001,17568,17568,17568,2,-2
2024-01-15 16:14:42.001,17568,17568,17568,2,0
2024-01-15 16:14:46.001,17568,17568,17568,2,0
2024-01-15 16:14:46.001,17569,17569,17569,2,2
2024-01-15 16:15:09.001,17568,17568,17568,2,-2
2024-01-15 16:15:09.001,17568,17568,17568,2,0
2024-01-15 16:15:09.001,17568,17568,17568,2,0
2024-01-15 16:15:09.001,17568,17568,17568,2,0
2024-01-15 16:15:09.001,17568,17568,17568,2,0
2024-01-15 16:15:10.001,17568,17568,17568,2,0
2024-01-15 16:15:10.001,17568,17568,17568,2,0
2024-01-15 16:15:11.001,17568,17568,17568,2,0
2024-01-15 16:15:15.001,17568,17568,17568,2,0
2024-01-15 16:15:39.001,17567,17567,17567,2,-2
2024-01-15 16:15:41.001,17567,17567,17567,2,0
2024-01-15 16:15:41.001,17568,17568,17568,4,4
2024-01-15 16:15:51.001,17567,17567,17567,2,-2
2024-01-15 16:16:02.001,17568,17568,17568,4,4
2024-01-15 16:16:02.001,17568,17568,17568,2,0
2024-01-15 16:16:03.001,17568,17568,17568,2,0
2024-01-15 16:16:03.001,17569,17569,17569,4,4
2024-01-15 16:16:20.001,17568,17568,17568,4,-4
2024-01-15 16:16:24.001,17568,17568,17568,2,0
2024-01-15 16:16:25.001,17567,17567,17567,2,-2
2024-01-15 16:16:34.001,17567,17567,17567,2,0
2024-01-15 16:16:34.001,17567,17567,17567,2,0
2024-01-15 16:16:40.001,17566,17566,17566,2,-2
2024-01-15 16:16:41.001,17566,17566,17566,2,0
2024-01-15 16:16:51.001,17566,17566,17566,2,0
2024-01-15 16:17:07.001,17567,17567,17567,2,2
2024-01-15 16:17:09.001,17567,17567,17567,2,0
2024-01-15 16:17:10.001,17567,17567,17567,2,0
2024-01-15 16:17:13.001,17567,17567,17567,2,0
2024-01-15 16:17:28.001,17566,17566,17566,4,-4
2024-01-15 16:17:28.001,17566,17566,17566,2,0
2024-01-15 16:17:28.001,17566,17566,17566,2,0
2024-01-15 16:17:56.001,17566,17566,17566,2,0
2024-01-15 16:17:58.001,17566,17566,17566,2,0
2024-01-15 16:18:05.001,17565,17565,17565,2,-2
2024-01-15 16:18:05.001,17565,17565,17565,2,0
2024-01-15 16:18:11.001,17566,17566,17566,2,2
2024-01-15 16:18:12.001,17566,17566,17566,2,0
2024-01-15 16:18:15.001,17566,17566,17566,2,0
2024-01-15 16:18:45.001,17567,17567,17567,2,2
2024-01-15 16:18:45.001,17567,17567,17567,2,0
2024-01-15 16:18:45.001,17567,17567,17567,12,0
2024-01-15 16:18:54.001,17567,17567,17567,2,0
2024-01-15 16:19:02.001,17566,17566,17566,2,-2
2024-01-15 16:19:02.001,17566,17566,17566,2,0
2024-01-15 16:19:14.001,17565,17565,17565,2,-2
2024-01-15 16:19:14.001,17565,17565,17565,2,0
2024-01-15 16:19:14.001,17565,17565,17565,4,0
2024-01-15 16:19:14.001,17565,17565,17565,2,0
2024-01-15 16:19:14.001,17565,17565,17565,4,0
2024-01-15 16:19:18.001,17565,17565,17565,2,0
2024-01-15 16:19:18.001,17565,17565,17565,8,0
2024-01-15 16:19:24.001,17565,17565,17565,2,0
2024-01-15 16:19:31.001,17565,17565,17565,2,0
2024-01-15 16:19:31.001,17565,17565,17565,4,0
2024-01-15 16:19:42.001,17565,17565,17565,2,0
2024-01-15 16:19:50.001,17565,17565,17565,2,0
2024-01-15 16:20:00.001,17565,17565,17565,2,0
2024-01-15 16:20:16.001,17565,17565,17565,2,0
2024-01-15 16:20:49.001,17567,17567,17567,2,2
2024-01-15 16:21:00.001,17568,17568,17568,2,2
2024-01-15 16:21:04.001,17567,17567,17567,2,-2
2024-01-15 16:21:05.001,17568,17568,17568,4,4
2024-01-15 16:21:05.001,17568,17568,17568,4,0
2024-01-15 16:21:33.001,17569,17569,17569,8,8
2024-01-15 16:21:42.001,17569,17569,17569,4,0
2024-01-15 16:22:12.001,17568,17568,17568,2,-2
2024-01-15 16:22:12.001,17568,17568,17568,2,0
2024-01-15 16:22:12.001,17568,17568,17568,2,0
2024-01-15 16:22:12.001,17568,17568,17568,2,0
2024-01-15 16:22:12.001,17568,17568,17568,2,0
2024-01-15 16:22:12.001,17568,17568,17568,2,0
2024-01-15 16:22:22.001,17569,17569,17569,2,2
2024-01-15 16:22:22.001,17569,17569,17569,2,0
2024-01-15 16:22:22.001,17569,17569,17569,6,0
2024-01-15 16:22:22.001,17569,17569,17569,4,0
2024-01-15 16:22:22.001,17569,17569,17569,2,0
2024-01-15 16:22:22.001,17569,17569,17569,2,0
2024-01-15 16:22:22.001,17569,17569,17569,16,0
2024-01-15 16:22:22.001,17569,17569,17569,2,0
2024-01-15 16:22:22.001,17569,17569,17569,2,0
2024-01-15 16:22:35.001,17570,17570,17570,2,2
2024-01-15 16:22:35.001,17570,17570,17570,2,0
2024-01-15 16:22:35.001,17570,17570,17570,4,0
2024-01-15 16:22:35.001,17570,17570,17570,4,0
2024-01-15 16:22:35.001,17570,17570,17570,2,0
2024-01-15 16:22:35.001,17570,17570,17570,2,0
2024-01-15 16:22:35.001,17570,17570,17570,2,0
2024-01-15 16:22:35.001,17570,17570,17570,2,0
2024-01-15 16:22:35.001,17570,17570,17570,22,0
2024-01-15 16:22:35.001,17570,17570,17570,4,0
2024-01-15 16:22:35.001,17570,17570,17570,2,0
2024-01-15 16:22:35.001,17570,17570,17570,2,0
2024-01-15 16:22:35.001,17570,17570,17570,2,0
2024-01-15 16:22:35.001,17570,17570,17570,2,0
2024-01-15 16:22:35.001,17570,17570,17570,2,0
2024-01-15 16:22:39.001,17570,17570,17570,4,0
2024-01-15 16:22:40.001,17570,17570,17570,2,0
2024-01-15 16:22:44.001,17569,17569,17569,2,-2
2024-01-15 16:23:00.001,17568,17568,17568,2,-2
2024-01-15 16:23:00.001,17568,17568,17568,2,0
2024-01-15 16:23:00.001,17568,17568,17568,2,0
2024-01-15 16:23:00.001,17568,17568,17568,2,0
2024-01-15 16:23:06.001,17568,17568,17568,2,0
2024-01-15 16:23:08.001,17568,17568,17568,2,0
2024-01-15 16:23:14.001,17568,17568,17568,2,0
2024-01-15 16:23:25.001,17569,17569,17569,2,2
2024-01-15 16:23:26.001,17568,17568,17568,2,-2
2024-01-15 16:23:26.001,17567,17567,17567,2,-2
2024-01-15 16:23:26.001,17567,17567,17567,2,0
2024-01-15 16:23:29.001,17567,17567,17567,2,0
2024-01-15 16:23:29.001,17567,17567,17567,2,0
2024-01-15 16:23:32.001,17568,17568,17568,2,2
2024-01-15 16:23:32.001,17568,17568,17568,2,0
2024-01-15 16:23:34.001,17567,17567,17567,2,-2
2024-01-15 16:23:35.001,17568,17568,17568,2,2
2024-01-15 16:23:35.001,17568,17568,17568,2,0
2024-01-15 16:23:36.001,17568,17568,17568,2,0
2024-01-15 16:23:40.001,17567,17567,17567,2,-2
2024-01-15 16:23:40.001,17568,17568,17568,2,2
2024-01-15 16:23:41.001,17569,17569,17569,2,2
2024-01-15 16:23:43.001,17568,17568,17568,2,-2
2024-01-15 16:23:43.001,17567,17567,17567,2,-2
2024-01-15 16:24:21.001,17567,17567,17567,2,0
2024-01-15 16:24:21.001,17567,17567,17567,4,0
2024-01-15 16:24:22.001,17566,17566,17566,2,-2
2024-01-15 16:24:26.001,17567,17567,17567,2,2
2024-01-15 16:24:34.001,17566,17566,17566,2,-2
2024-01-15 16:24:43.001,17566,17566,17566,2,0
2024-01-15 16:24:47.001,17566,17566,17566,2,0
2024-01-15 16:25:07.001,17567,17567,17567,2,2
2024-01-15 16:25:13.001,17567,17567,17567,2,0
2024-01-15 16:25:37.001,17568,17568,17568,2,2
2024-01-15 16:26:11.001,17567,17567,17567,2,-2
2024-01-15 16:26:11.001,17567,17567,17567,2,0
2024-01-15 16:26:11.001,17567,17567,17567,2,0
2024-01-15 16:26:11.001,17567,17567,17567,2,0
2024-01-15 16:26:11.001,17567,17567,17567,2,0
2024-01-15 16:26:11.001,17567,17567,17567,2,0
2024-01-15 16:26:19.001,17566,17566,17566,2,-2
2024-01-15 16:26:25.001,17567,17567,17567,2,2
2024-01-15 16:26:25.001,17567,17567,17567,2,0
2024-01-15 16:26:52.001,17567,17567,17567,2,0
2024-01-15 16:27:00.001,17567,17567,17567,10,0
2024-01-15 16:27:01.001,17567,17567,17567,2,0
2024-01-15 16:27:13.001,17567,17567,17567,2,0
2024-01-15 16:27:21.001,17568,17568,17568,2,2
2024-01-15 16:27:30.001,17567,17567,17567,2,-2
2024-01-15 16:27:36.001,17568,17568,17568,2,2
2024-01-15 16:27:36.001,17568,17568,17568,2,0
2024-01-15 16:27:36.001,17568,17568,17568,8,0
2024-01-15 16:27:36.001,17568,17568,17568,2,0
2024-01-15 16:27:36.001,17568,17568,17568,4,0
2024-01-15 16:27:36.001,17568,17568,17568,2,0
2024-01-15 16:27:45.001,17569,17569,17569,2,2
2024-01-15 16:27:52.001,17569,17569,17569,2,0
2024-01-15 16:27:57.001,17568,17568,17568,2,-2
2024-01-15 16:28:18.001,17568,17568,17568,6,0
2024-01-15 16:28:18.001,17568,17568,17568,8,0
2024-01-15 16:28:18.001,17568,17568,17568,4,0
2024-01-15 16:28:18.001,17568,17568,17568,8,0
2024-01-15 16:28:18.001,17568,17568,17568,2,0
2024-01-15 16:28:18.001,17568,17568,17568,2,0
2024-01-15 16:28:18.001,17568,17568,17568,2,0
2024-01-15 16:28:18.001,17568,17568,17568,2,0
2024-01-15 16:28:59.001,17569,17569,17569,2,2
2024-01-15 16:29:02.001,17568,17568,17568,2,-2
2024-01-15 16:29:05.001,17568,17568,17568,2,0
2024-01-15 16:29:05.001,17569,17569,17569,4,4
2024-01-15 16:29:23.001,17569,17569,17569,2,0
2024-01-15 16:29:26.001,17569,17569,17569,2,0
2024-01-15 16:29:29.001,17569,17569,17569,2,0
2024-01-15 16:29:37.001,17569,17569,17569,2,0
2024-01-15 16:29:45.001,17570,17570,17570,6,6
2024-01-15 16:29:50.001,17569,17569,17569,2,-2
2024-01-15 16:29:50.001,17569,17569,17569,2,0
2024-01-15 16:29:50.001,17569,17569,17569,2,0
2024-01-15 16:29:50.001,17569,17569,17569,2,0
2024-01-15 16:29:50.001,17569,17569,17569,4,0
2024-01-15 16:29:53.001,17569,17569,17569,2,0
2024-01-15 16:29:53.001,17569,17569,17569,2,0
2024-01-15 16:29:54.001,17569,17569,17569,2,0
2024-01-15 16:29:54.001,17569,17569,17569,2,0
2024-01-15 16:30:01.001,17569,17569,17569,8,0
2024-01-15 16:30:01.001,17568,17568,17568,2,-2
2024-01-15 16:30:01.001,17568,17568,17568,2,0
2024-01-15 16:30:05.001,17568,17568,17568,2,0
2024-01-15 16:30:07.001,17568,17568,17568,2,0
2024-01-15 16:30:13.001,17568,17568,17568,2,0
2024-01-15 16:30:15.001,17568,17568,17568,10,0
2024-01-15 16:30:18.001,17567,17567,17567,12,-12
2024-01-15 16:30:18.001,17567,17567,17567,2,0
2024-01-15 16:30:18.001,17567,17567,17567,2,0
2024-01-15 16:30:18.001,17567,17567,17567,2,0
2024-01-15 16:30:18.001,17567,17567,17567,2,0
2024-01-15 16:30:18.001,17567,17567,17567,2,0
2024-01-15 16:30:18.001,17567,17567,17567,2,0
2024-01-15 16:30:18.001,17567,17567,17567,2,0
2024-01-15 16:30:18.001,17567,17567,17567,2,0
2024-01-15 16:30:18.001,17567,17567,17567,4,0
2024-01-15 16:30:26.001,17566,17566,17566,10,-10
2024-01-15 16:30:26.001,17566,17566,17566,2,0
2024-01-15 16:30:26.001,17566,17566,17566,2,0
2024-01-15 16:30:26.001,17566,17566,17566,4,0
2024-01-15 16:30:26.001,17566,17566,17566,2,0
2024-01-15 16:30:26.001,17566,17566,17566,2,0
2024-01-15 16:30:26.001,17566,17566,17566,2,0
2024-01-15 16:30:26.001,17566,17566,17566,2,0
2024-01-15 16:30:26.001,17566,17566,17566,2,0
2024-01-15 16:30:26.001,17566,17566,17566,2,0
2024-01-15 16:30:27.001,17565,17565,17565,2,-2
2024-01-15 16:30:28.001,17566,17566,17566,2,2
2024-01-15 16:30:38.001,17565,17565,17565,2,-2
2024-01-15 16:30:38.001,17565,17565,17565,2,0
2024-01-15 16:30:38.001,17565,17565,17565,4,0
2024-01-15 16:30:38.001,17565,17565,17565,2,0
2024-01-15 16:30:38.001,17565,17565,17565,4,0
2024-01-15 16:30:38.001,17565,17565,17565,2,0
2024-01-15 16:30:38.001,17565,17565,17565,2,0
2024-01-15 16:30:43.001,17564,17564,17564,2,-2
2024-01-15 16:30:54.001,17564,17564,17564,2,0
2024-01-15 16:30:54.001,17564,17564,17564,4,0
2024-01-15 16:30:54.001,17564,17564,17564,2,0
2024-01-15 16:30:54.001,17564,17564,17564,2,0
2024-01-15 16:30:54.001,17564,17564,17564,4,0
2024-01-15 16:30:54.001,17564,17564,17564,2,0
2024-01-15 16:30:54.001,17564,17564,17564,2,0
2024-01-15 16:30:55.001,17564,17564,17564,2,0
2024-01-15 16:31:00.001,17563,17563,17563,2,-2
2024-01-15 16:31:00.001,17563,17563,17563,2,0
2024-01-15 16:31:01.001,17563,17563,17563,2,0
2024-01-15 16:31:01.001,17563,17563,17563,2,0
2024-01-15 16:31:01.001,17563,17563,17563,2,0
2024-01-15 16:31:02.001,17564,17564,17564,2,2
