2024-05-08 15:00:00.022,20750,20751,20750,251,-251
2024-05-08 15:00:00.024,20750,20751,20750,2,-2
2024-05-08 15:00:00.024,20750,20751,20750,2,-2
2024-05-08 15:00:00.025,20750,20751,20750,2,-2
2024-05-08 15:00:00.025,20750,20751,20750,1,-1
2024-05-08 15:00:00.025,20750,20751,20750,2,-2
2024-05-08 15:00:00.025,20750,20751,20750,12,-12
2024-05-08 15:00:00.025,20750,20751,20750,2,-2
2024-05-08 15:00:00.026,20750,20751,20750,1,-1
2024-05-08 15:00:00.026,20750,20751,20750,2,-2
2024-05-08 15:00:00.033,20750,20751,20751,1,1
2024-05-08 15:00:00.033,20750,20751,20751,1,1
2024-05-08 15:00:00.036,20750,20751,20750,1,-1
2024-05-08 15:00:00.040,20750,20751,20750,1,-1
2024-05-08 15:00:00.040,20750,20751,20750,1,-1
2024-05-08 15:00:00.040,20750,20751,20750,1,-1
2024-05-08 15:00:00.041,20750,20751,20750,1,-1
2024-05-08 15:00:00.043,20750,20751,20750,2,-2
2024-05-08 15:00:00.043,20750,20751,20750,1,-1
2024-05-08 15:00:00.068,20750,20751,20751,1,1
2024-05-08 15:00:00.072,20750,20751,20751,4,4
2024-05-08 15:00:00.096,20750,20751,20751,5,5
2024-05-08 15:00:00.096,20750,20751,20751,5,5
2024-05-08 15:00:00.097,20750,20751,20752,1,1
2024-05-08 15:00:00.097,20750,20751,20752,5,5
2024-05-08 15:00:00.108,20750,20751,20752,1,1
2024-05-08 15:00:00.108,20750,20751,20753,4,4
2024-05-08 15:00:00.108,20750,20751,20751,1,1
2024-05-08 15:00:00.109,20750,20751,20751,3,3
2024-05-08 15:00:00.109,20750,20751,20752,1,1
2024-05-08 15:00:00.109,20750,20751,20752,1,1
2024-05-08 15:00:00.109,20750,20751,20750,1,-1
2024-05-08 15:00:00.109,20750,20751,20750,1,-1
2024-05-08 15:00:00.111,20750,20751,20752,2,2
2024-05-08 15:00:00.111,20750,20751,20753,3,3
2024-05-08 15:00:00.117,20750,20751,20752,1,1
2024-05-08 15:00:00.119,20750,20751,20753,1,1
2024-05-08 15:00:00.120,20750,20751,20753,3,3
2024-05-08 15:00:00.120,20750,20751,20754,2,2
2024-05-08 15:00:00.121,20750,20751,20754,1,1
2024-05-08 15:00:00.133,20750,20751,20753,1,1
2024-05-08 15:00:00.174,20750,20751,20752,1,1
2024-05-08 15:00:00.229,20751,20752,20752,1,1
2024-05-08 15:00:00.230,20751,20752,20752,1,1
2024-05-08 15:00:00.234,20751,20752,20753,1,1
2024-05-08 15:00:00.273,20751,20752,20752,2,2
2024-05-08 15:00:00.294,20751,20752,20753,1,1
2024-05-08 15:00:00.297,20751,20752,20753,1,1
2024-05-08 15:00:00.298,20751,20752,20753,1,1
2024-05-08 15:00:00.301,20751,20752,20753,1,1
2024-05-08 15:00:00.303,20751,20752,20754,1,1
2024-05-08 15:00:00.308,20751,20752,20752,1,1
2024-05-08 15:00:00.332,20751,20752,20754,2,2
2024-05-08 15:00:00.348,20752,20754,20754,1,1
2024-05-08 15:00:00.348,20752,20754,20754,1,1
2024-05-08 15:00:00.432,20752,20754,20754,2,2
2024-05-08 15:00:00.438,20752,20754,20752,1,-1
2024-05-08 15:00:00.441,20752,20754,20752,1,-1
2024-05-08 15:00:00.442,20752,20754,20754,1,1
2024-05-08 15:00:00.442,20752,20754,20754,1,1
2024-05-08 15:00:00.445,20752,20754,20751,1,-1
2024-05-08 15:00:00.450,20752,20754,20754,1,1
2024-05-08 15:00:00.463,20752,20754,20754,1,1
2024-05-08 15:00:00.484,20751,20754,20751,1,-1
2024-05-08 15:00:00.495,20751,20754,20751,1,-1
2024-05-08 15:00:00.521,20751,20754,20754,1,1
2024-05-08 15:00:00.538,20751,20754,20754,1,1
2024-05-08 15:00:00.549,20751,20754,20754,1,1
2024-05-08 15:00:00.560,20751,20754,20754,1,1
2024-05-08 15:00:00.615,20752,20754,20754,1,1
2024-05-08 15:00:00.684,20752,20754,20754,2,2
2024-05-08 15:00:00.684,20752,20754,20755,7,7
2024-05-08 15:00:00.684,20752,20754,20755,1,1
2024-05-08 15:00:00.690,20752,20754,20755,1,1
2024-05-08 15:00:00.705,20752,20754,20755,1,1
2024-05-08 15:00:00.710,20752,20754,20753,1,1
2024-05-08 15:00:00.726,20752,20754,20752,4,-4
2024-05-08 15:00:00.776,20752,20754,20754,3,3
2024-05-08 15:00:00.776,20752,20754,20755,2,2
2024-05-08 15:00:00.893,20753,20754,20753,1,-1
2024-05-08 15:00:00.924,20753,20754,20754,2,2
2024-05-08 15:00:00.935,20753,20754,20755,2,2
2024-05-08 15:00:00.949,20753,20754,20755,1,1
2024-05-08 15:00:00.949,20753,20754,20755,1,1
2024-05-08 15:00:01.005,20753,20755,20755,1,1
2024-05-08 15:00:01.024,20753,20755,20754,1,1
2024-05-08 15:00:01.403,20753,20755,20755,1,1
2024-05-08 15:00:01.458,20753,20755,20756,1,1
2024-05-08 15:00:01.533,20754,20756,20756,1,1
2024-05-08 15:00:01.578,20754,20756,20756,3,3
2024-05-08 15:00:01.950,20754,20756,20756,4,4
2024-05-08 15:00:01.959,20754,20756,20756,1,1
2024-05-08 15:00:02.108,20754,20756,20755,1,1
2024-05-08 15:00:02.110,20754,20756,20754,2,-2
2024-05-08 15:00:02.111,20754,20756,20754,1,-1
2024-05-08 15:00:02.114,20754,20756,20754,4,-4
2024-05-08 15:00:02.114,20754,20756,20753,1,-1
2024-05-08 15:00:02.123,20754,20756,20753,1,-1
2024-05-08 15:00:02.185,20754,20756,20754,1,-1
2024-05-08 15:00:02.198,20754,20756,20753,1,-1
2024-05-08 15:00:02.199,20754,20756,20753,1,-1
2024-05-08 15:00:02.202,20754,20756,20753,1,-1
2024-05-08 15:00:02.206,20754,20756,20752,2,-2
2024-05-08 15:00:02.410,20753,20755,20755,1,1
2024-05-08 15:00:02.465,20753,20755,20753,1,-1
2024-05-08 15:00:02.488,20753,20756,20753,1,-1
2024-05-08 15:00:02.491,20753,20756,20754,1,-1
2024-05-08 15:00:02.757,20753,20754,20754,1,1
2024-05-08 15:00:03.254,20754,20755,20755,1,1
2024-05-08 15:00:03.272,20754,20755,20754,1,-1
2024-05-08 15:00:03.282,20754,20755,20754,1,-1
2024-05-08 15:00:03.283,20754,20755,20754,1,-1
2024-05-08 15:00:04.626,20754,20755,20755,2,2
2024-05-08 15:00:05.626,20754,20756,20754,1,-1
2024-05-08 15:00:05.866,20753,20755,20754,1,-1
2024-05-08 15:00:06.055,20754,20755,20755,1,1
2024-05-08 15:00:06.062,20754,20755,20754,1,-1
2024-05-08 15:00:07.272,20753,20755,20753,2,-2
2024-05-08 15:00:07.272,20753,20755,20752,3,-3
2024-05-08 15:00:07.640,20752,20755,20755,1,1
2024-05-08 15:00:08.604,20752,20754,20752,2,-2
2024-05-08 15:00:08.765,20752,20754,20752,4,-4
2024-05-08 15:00:08.765,20752,20754,20751,9,-9
2024-05-08 15:00:08.765,20752,20754,20750,1,-1
2024-05-08 15:00:08.766,20752,20754,20753,2,-2
2024-05-08 15:00:08.957,20752,20754,20754,1,1
2024-05-08 15:00:09.670,20752,20755,20753,1,-1
2024-05-08 15:00:10.149,20753,20755,20753,1,-1
2024-05-08 15:00:10.645,20752,20755,20754,1,1
2024-05-08 15:00:10.855,20753,20755,20753,1,-1
2024-05-08 15:00:11.732,20753,20755,20754,1,-1
2024-05-08 15:00:12.195,20753,20755,20755,1,1
2024-05-08 15:00:12.235,20753,20755,20755,5,5
2024-05-08 15:00:12.236,20753,20755,20755,1,1
2024-05-08 15:00:12.237,20753,20755,20755,1,1
2024-05-08 15:00:12.237,20753,20755,20756,11,11
2024-05-08 15:00:12.460,20755,20757,20755,2,-2
2024-05-08 15:00:12.525,20755,20757,20755,1,-1
2024-05-08 15:00:12.933,20755,20757,20755,2,-2
2024-05-08 15:00:13.395,20755,20757,20755,2,-2
2024-05-08 15:00:13.610,20755,20757,20755,1,-1
2024-05-08 15:00:13.610,20755,20757,20755,1,-1
2024-05-08 15:00:13.627,20755,20757,20756,1,-1
2024-05-08 15:00:13.658,20755,20757,20755,1,-1
2024-05-08 15:00:13.693,20755,20757,20755,1,-1
2024-05-08 15:00:13.886,20754,20757,20754,1,-1
2024-05-08 15:00:14.002,20754,20757,20754,1,-1
2024-05-08 15:00:14.572,20754,20757,20754,1,-1
2024-05-08 15:00:14.908,20754,20757,20755,1,-1
2024-05-08 15:00:15.061,20754,20757,20754,1,-1
2024-05-08 15:00:15.090,20754,20757,20754,1,-1
2024-05-08 15:00:15.739,20754,20755,20755,2,2
2024-05-08 15:00:15.831,20754,20755,20756,1,1
2024-05-08 15:00:16.258,20755,20757,20755,1,-1
2024-05-08 15:00:16.586,20755,20757,20756,1,-1
2024-05-08 15:00:17.143,20755,20757,20755,1,-1
2024-05-08 15:00:20.200,20755,20756,20755,1,-1
2024-05-08 15:00:21.637,20754,20756,20754,2,-2
2024-05-08 15:00:22.978,20754,20755,20755,2,2
2024-05-08 15:00:22.995,20754,20755,20754,1,-1
2024-05-08 15:00:23.105,20754,20756,20754,2,-2
2024-05-08 15:00:23.271,20754,20756,20755,1,-1
2024-05-08 15:00:23.335,20754,20756,20754,1,-1
2024-05-08 15:00:23.500,20754,20756,20755,2,-2
2024-05-08 15:00:23.679,20754,20756,20754,1,-1
2024-05-08 15:00:23.857,20754,20756,20755,1,-1
2024-05-08 15:00:23.959,20754,20756,20754,1,-1
2024-05-08 15:00:24.199,20754,20756,20755,1,-1
2024-05-08 15:00:24.200,20754,20756,20755,2,-2
2024-05-08 15:00:25.193,20754,20756,20755,1,-1
2024-05-08 15:00:26.892,20754,20755,20754,1,-1
2024-05-08 15:00:27.081,20754,20755,20754,1,-1
2024-05-08 15:00:27.082,20754,20755,20754,4,-4
2024-05-08 15:00:27.625,20753,20755,20753,3,-3
2024-05-08 15:00:27.625,20753,20755,20752,10,-10
2024-05-08 15:00:27.625,20753,20755,20751,17,-17
2024-05-08 15:00:27.708,20753,20755,20753,1,-1
2024-05-08 15:00:27.723,20751,20754,20754,1,1
2024-05-08 15:00:27.864,20751,20753,20751,1,-1
2024-05-08 15:00:28.900,20751,20753,20753,2,2
2024-05-08 15:00:31.294,20753,20754,20754,1,1
2024-05-08 15:00:32.952,20753,20754,20753,1,-1
2024-05-08 15:00:33.639,20752,20754,20754,1,1
2024-05-08 15:00:34.276,20752,20754,20752,3,-3
2024-05-08 15:00:34.305,20752,20754,20751,6,-6
2024-05-08 15:00:34.824,20750,20752,20751,1,-1
2024-05-08 15:00:35.625,20750,20752,20750,6,-6
2024-05-08 15:00:36.287,20750,20752,20750,2,-2
2024-05-08 15:00:37.265,20750,20751,20750,1,-1
2024-05-08 15:00:37.266,20750,20751,20750,5,-5
2024-05-08 15:00:37.266,20750,20751,20750,100,-100
2024-05-08 15:00:37.266,20750,20751,20750,3,-3
2024-05-08 15:00:37.266,20750,20751,20750,19,-19
2024-05-08 15:00:37.266,20750,20751,20749,1,-1
2024-05-08 15:00:37.267,20750,20751,20749,1,-1
2024-05-08 15:00:37.268,20750,20751,20748,1,-1
2024-05-08 15:00:37.301,20750,20751,20748,1,-1
2024-05-08 15:00:37.771,20747,20749,20748,1,-1
2024-05-08 15:00:38.455,20747,20749,20748,1,-1
2024-05-08 15:00:38.471,20747,20749,20747,1,-1
2024-05-08 15:00:38.477,20746,20749,20748,1,1
2024-05-08 15:00:39.145,20746,20748,20746,1,-1
2024-05-08 15:00:39.211,20746,20748,20746,2,-2
2024-05-08 15:00:39.840,20746,20747,20746,1,-1
2024-05-08 15:00:41.233,20745,20746,20745,1,-1
2024-05-08 15:00:41.234,20745,20746,20745,2,-2
2024-05-08 15:00:41.894,20743,20746,20743,1,-1
2024-05-08 15:00:42.148,20743,20744,20744,1,1
2024-05-08 15:00:42.365,20743,20744,20744,1,1
2024-05-08 15:00:42.583,20743,20744,20744,1,1
2024-05-08 15:00:42.649,20743,20744,20744,2,2
2024-05-08 15:00:42.914,20743,20745,20743,3,-3
2024-05-08 15:00:43.647,20743,20745,20743,2,-2
2024-05-08 15:00:43.647,20743,20745,20742,3,-3
2024-05-08 15:00:44.344,20742,20743,20743,3,3
2024-05-08 15:00:44.390,20743,20744,20744,1,1
2024-05-08 15:00:44.437,20743,20744,20744,1,1
2024-05-08 15:00:44.505,20743,20744,20745,1,1
2024-05-08 15:00:44.720,20743,20744,20743,1,-1
2024-05-08 15:00:45.278,20743,20744,20743,3,-3
2024-05-08 15:00:45.568,20742,20744,20742,1,-1
2024-05-08 15:00:46.813,20742,20744,20742,1,-1
2024-05-08 15:00:47.867,20742,20744,20742,1,-1
2024-05-08 15:00:48.312,20742,20744,20742,1,-1
2024-05-08 15:00:49.141,20743,20744,20743,1,-1
2024-05-08 15:00:49.141,20743,20744,20742,1,-1
2024-05-08 15:00:51.435,20742,20743,20743,1,1
2024-05-08 15:00:51.580,20742,20743,20743,1,1
2024-05-08 15:00:51.592,20742,20743,20742,1,-1
2024-05-08 15:00:52.269,20742,20744,20744,5,5
2024-05-08 15:00:52.269,20742,20744,20745,3,3
2024-05-08 15:00:53.921,20744,20745,20745,1,1
2024-05-08 15:00:55.275,20745,20746,20745,3,-3
2024-05-08 15:00:56.076,20745,20746,20746,1,1
2024-05-08 15:00:56.076,20745,20746,20746,1,1
2024-05-08 15:00:56.076,20745,20746,20746,2,2
2024-05-08 15:00:56.889,20745,20746,20746,1,1
2024-05-08 15:00:56.912,20745,20746,20745,1,-1
2024-05-08 15:00:57.212,20745,20747,20747,1,1
2024-05-08 15:00:57.799,20746,20747,20746,1,-1
2024-05-08 15:00:58.239,20745,20747,20747,1,1
2024-05-08 15:00:58.529,20746,20747,20746,1,-1
2024-05-08 15:00:59.188,20746,20747,20746,1,-1
2024-05-08 15:00:59.435,20746,20747,20746,1,-1
2024-05-08 15:01:00.057,20746,20747,20747,2,2
2024-05-08 15:01:00.109,20747,20749,20750,2,2
2024-05-08 15:01:00.109,20747,20749,20749,4,4
2024-05-08 15:01:00.109,20747,20749,20749,4,4
2024-05-08 15:01:00.110,20747,20749,20750,4,4
2024-05-08 15:01:00.122,20747,20749,20750,4,4
2024-05-08 15:01:00.136,20747,20749,20750,9,9
2024-05-08 15:01:00.144,20747,20749,20750,2,2
2024-05-08 15:01:00.144,20747,20749,20750,1,1
2024-05-08 15:01:00.144,20747,20749,20750,11,11
2024-05-08 15:01:00.145,20747,20749,20750,1,1
2024-05-08 15:01:00.145,20747,20749,20750,11,11
2024-05-08 15:01:00.145,20747,20749,20750,3,3
2024-05-08 15:01:00.145,20747,20749,20750,2,2
2024-05-08 15:01:00.145,20747,20749,20750,2,2
2024-05-08 15:01:00.197,20747,20749,20750,5,5
2024-05-08 15:01:00.198,20747,20749,20751,6,6
2024-05-08 15:01:00.253,20749,20751,20749,1,-1
2024-05-08 15:01:00.380,20748,20750,20750,1,1
2024-05-08 15:01:00.596,20748,20750,20750,1,1
2024-05-08 15:01:00.607,20748,20750,20750,2,2
2024-05-08 15:01:00.685,20748,20750,20750,1,1
2024-05-08 15:01:00.700,20748,20750,20751,1,1
2024-05-08 15:01:00.796,20748,20751,20751,2,2
2024-05-08 15:01:00.828,20748,20751,20749,1,-1
2024-05-08 15:01:00.879,20749,20751,20751,2,2
2024-05-08 15:01:00.894,20749,20751,20751,1,1
2024-05-08 15:01:00.922,20749,20751,20751,6,6
2024-05-08 15:01:00.922,20749,20751,20752,4,4
2024-05-08 15:01:00.939,20749,20751,20752,3,3
2024-05-08 15:01:00.946,20749,20751,20752,1,1
2024-05-08 15:01:00.946,20749,20751,20753,1,1
2024-05-08 15:01:00.983,20751,20753,20751,1,-1
2024-05-08 15:01:00.983,20751,20753,20750,3,-3
2024-05-08 15:01:00.986,20751,20753,20752,1,-1
2024-05-08 15:01:00.988,20751,20753,20752,4,-4
2024-05-08 15:01:00.996,20751,20753,20752,4,-4
2024-05-08 15:01:00.996,20751,20753,20753,4,4
2024-05-08 15:01:00.999,20751,20753,20753,7,7
2024-05-08 15:01:00.999,20751,20753,20754,13,13
2024-05-08 15:01:01.042,20751,20753,20754,2,2
2024-05-08 15:01:01.066,20751,20753,20754,1,1
2024-05-08 15:01:01.083,20751,20753,20752,3,3
2024-05-08 15:01:01.166,20751,20754,20751,3,-3
2024-05-08 15:01:01.209,20751,20754,20751,1,-1
2024-05-08 15:01:01.253,20750,20753,20750,4,-4
2024-05-08 15:01:01.377,20750,20752,20752,2,2
2024-05-08 15:01:01.919,20750,20752,20750,1,-1
2024-05-08 15:01:01.919,20750,20752,20750,4,-4
2024-05-08 15:01:01.922,20750,20752,20749,1,-1
2024-05-08 15:01:02.077,20751,20753,20754,1,1
2024-05-08 15:01:02.077,20751,20753,20753,3,3
2024-05-08 15:01:02.162,20752,20754,20752,1,-1
2024-05-08 15:01:03.279,20751,20753,20751,4,-4
2024-05-08 15:01:03.280,20751,20753,20751,1,-1
2024-05-08 15:01:03.414,20751,20753,20751,1,-1
2024-05-08 15:01:03.784,20751,20753,20751,1,-1
2024-05-08 15:01:03.875,20751,20753,20751,2,-2
2024-05-08 15:01:03.875,20751,20753,20751,1,-1
2024-05-08 15:01:03.921,20751,20753,20753,2,2
2024-05-08 15:01:03.993,20751,20753,20751,3,-3
2024-05-08 15:01:04.092,20751,20753,20751,1,-1
2024-05-08 15:01:04.707,20751,20753,20751,5,-5
2024-05-08 15:01:04.804,20750,20753,20751,1,-1
2024-05-08 15:01:05.129,20751,20753,20753,1,1
2024-05-08 15:01:05.189,20751,20753,20751,2,-2
2024-05-08 15:01:05.895,20751,20753,20751,1,-1
2024-05-08 15:01:05.895,20751,20753,20753,1,1
2024-05-08 15:01:06.449,20750,20753,20753,1,1
2024-05-08 15:01:06.450,20750,20753,20751,1,-1
2024-05-08 15:01:07.407,20750,20752,20751,1,-1
2024-05-08 15:01:07.951,20750,20752,20751,4,-4
2024-05-08 15:01:08.322,20750,20751,20751,1,1
2024-05-08 15:01:08.608,20750,20751,20751,1,1
2024-05-08 15:01:08.951,20750,20751,20750,1,-1
2024-05-08 15:01:09.120,20750,20751,20750,1,-1
2024-05-08 15:01:09.174,20750,20751,20751,1,1
2024-05-08 15:01:10.095,20750,20751,20751,1,1
2024-05-08 15:01:10.141,20750,20751,20751,2,2
2024-05-08 15:01:10.240,20750,20752,20752,1,1
2024-05-08 15:01:10.927,20750,20752,20752,1,1
2024-05-08 15:01:11.713,20750,20752,20752,2,2
2024-05-08 15:01:12.088,20750,20752,20750,1,-1
2024-05-08 15:01:12.386,20750,20751,20750,1,-1
2024-05-08 15:01:12.517,20750,20751,20751,1,1
2024-05-08 15:01:12.707,20750,20752,20751,1,1
2024-05-08 15:01:13.608,20751,20752,20751,1,-1
2024-05-08 15:01:13.608,20751,20752,20750,4,-4
2024-05-08 15:01:18.483,20751,20752,20751,1,-1
2024-05-08 15:01:18.717,20750,20752,20751,2,-2
2024-05-08 15:01:18.902,20750,20751,20751,5,5
2024-05-08 15:01:19.525,20750,20752,20752,1,1
2024-05-08 15:01:20.211,20750,20751,20750,7,-7
2024-05-08 15:01:20.212,20750,20751,20750,2,-2
2024-05-08 15:01:20.212,20750,20751,20750,2,-2
2024-05-08 15:01:20.212,20750,20751,20750,1,-1
2024-05-08 15:01:20.212,20750,20751,20750,6,-6
2024-05-08 15:01:20.212,20750,20751,20750,2,-2
2024-05-08 15:01:20.212,20750,20751,20750,9,-9
2024-05-08 15:01:20.212,20750,20751,20750,2,-2
2024-05-08 15:01:20.212,20750,20751,20750,10,-10
2024-05-08 15:01:20.212,20750,20751,20750,35,-35
2024-05-08 15:01:20.212,20750,20751,20750,28,-28
2024-05-08 15:01:20.286,20749,20750,20749,1,-1
2024-05-08 15:01:20.403,20749,20750,20749,1,-1
2024-05-08 15:01:20.487,20749,20750,20749,1,-1
2024-05-08 15:01:21.583,20748,20750,20750,1,1
2024-05-08 15:01:23.995,20748,20750,20750,1,1
2024-05-08 15:01:26.167,20748,20749,20749,1,1
2024-05-08 15:01:26.168,20748,20749,20749,2,2
2024-05-08 15:01:26.168,20748,20749,20749,1,1
2024-05-08 15:01:26.200,20748,20749,20749,1,1
2024-05-08 15:01:26.201,20748,20749,20749,2,2
2024-05-08 15:01:26.201,20748,20749,20749,1,1
2024-05-08 15:01:26.208,20748,20749,20749,1,1
2024-05-08 15:01:27.847,20749,20750,20749,1,-1
2024-05-08 15:01:27.847,20749,20750,20748,1,-1
2024-05-08 15:01:28.230,20749,20750,20750,1,1
2024-05-08 15:01:28.230,20749,20750,20750,6,6
2024-05-08 15:01:29.807,20750,20752,20750,1,-1
2024-05-08 15:01:31.106,20750,20751,20750,1,-1
2024-05-08 15:01:31.638,20750,20751,20750,1,-1
2024-05-08 15:01:34.435,20750,20751,20750,1,-1
2024-05-08 15:01:35.042,20750,20751,20751,1,1
2024-05-08 15:01:37.150,20750,20751,20751,1,1
2024-05-08 15:01:37.332,20750,20751,20751,3,3
2024-05-08 15:01:38.406,20750,20751,20750,2,-2
2024-05-08 15:01:38.622,20750,20751,20751,1,1
2024-05-08 15:01:39.991,20750,20751,20751,3,3
2024-05-08 15:01:40.200,20751,20752,20750,1,-1
2024-05-08 15:01:40.200,20751,20752,20751,2,-2
2024-05-08 15:01:41.138,20751,20752,20751,1,-1
2024-05-08 15:01:42.854,20750,20751,20751,1,1
2024-05-08 15:01:44.229,20750,20751,20751,1,1
2024-05-08 15:01:45.687,20750,20751,20751,1,1
2024-05-08 15:01:46.429,20751,20752,20751,1,-1
2024-05-08 15:01:46.671,20751,20752,20751,1,-1
2024-05-08 15:01:47.793,20751,20752,20751,1,-1
2024-05-08 15:01:49.457,20751,20752,20751,1,-1
2024-05-08 15:01:49.921,20751,20752,20752,5,5
2024-05-08 15:01:50.229,20751,20752,20751,1,-1
2024-05-08 15:01:50.972,20751,20752,20751,1,-1
2024-05-08 15:01:52.207,20751,20752,20750,2,-2
2024-05-08 15:01:52.207,20751,20752,20750,10,-10
2024-05-08 15:01:52.207,20751,20752,20751,8,-8
2024-05-08 15:01:53.607,20749,20750,20749,1,-1
2024-05-08 15:01:58.140,20748,20750,20750,2,2
2024-05-08 15:01:58.441,20748,20750,20748,2,-2
2024-05-08 15:02:00.133,20748,20749,20749,1,1
2024-05-08 15:02:00.195,20748,20749,20748,1,-1
2024-05-08 15:02:00.253,20748,20749,20748,1,-1
2024-05-08 15:02:00.335,20748,20749,20748,1,-1
2024-05-08 15:02:00.360,20747,20749,20749,1,1
2024-05-08 15:02:00.367,20747,20749,20749,1,1
2024-05-08 15:02:00.463,20747,20749,20747,1,-1
2024-05-08 15:02:00.466,20747,20749,20749,4,4
2024-05-08 15:02:00.469,20747,20749,20749,1,1
2024-05-08 15:02:00.668,20748,20750,20747,1,-1
2024-05-08 15:02:00.668,20748,20750,20748,3,-3
2024-05-08 15:02:01.138,20748,20749,20749,1,1
2024-05-08 15:02:01.970,20748,20749,20749,5,5
2024-05-08 15:02:03.414,20749,20750,20750,6,6
2024-05-08 15:02:05.309,20749,20750,20749,2,-2
2024-05-08 15:02:05.999,20749,20750,20749,1,-1
2024-05-08 15:02:06.084,20749,20750,20749,1,-1
2024-05-08 15:02:07.020,20748,20749,20749,1,1
2024-05-08 15:02:07.076,20748,20749,20749,1,1
2024-05-08 15:02:10.391,20749,20750,20749,1,-1
2024-05-08 15:02:11.355,20749,20750,20750,29,29
2024-05-08 15:02:11.356,20749,20750,20751,12,12
2024-05-08 15:02:11.356,20749,20750,20751,15,15
2024-05-08 15:02:11.356,20749,20750,20751,1,1
2024-05-08 15:02:11.357,20749,20750,20751,19,19
2024-05-08 15:02:11.357,20749,20750,20751,1,1
2024-05-08 15:02:11.357,20749,20750,20751,7,7
2024-05-08 15:02:11.357,20749,20750,20751,1,1
2024-05-08 15:02:11.357,20749,20750,20751,9,9
2024-05-08 15:02:11.357,20749,20750,20751,1,1
2024-05-08 15:02:11.357,20749,20750,20751,4,4
2024-05-08 15:02:11.357,20749,20750,20751,3,3
2024-05-08 15:02:11.358,20749,20750,20751,14,14
2024-05-08 15:02:11.358,20749,20750,20751,3,3
2024-05-08 15:02:11.358,20749,20750,20751,3,3
2024-05-08 15:02:11.359,20749,20750,20751,2,2
2024-05-08 15:02:11.359,20749,20750,20751,2,2
2024-05-08 15:02:11.360,20749,20750,20751,1,1
2024-05-08 15:02:11.397,20749,20750,20751,1,1
2024-05-08 15:02:11.397,20749,20750,20751,5,5
2024-05-08 15:02:11.398,20749,20750,20751,5,5
2024-05-08 15:02:11.398,20749,20750,20751,4,4
2024-05-08 15:02:11.608,20750,20752,20750,1,-1
2024-05-08 15:02:13.068,20750,20752,20750,1,-1
2024-05-08 15:02:13.264,20751,20752,20752,2,2
2024-05-08 15:02:13.411,20751,20752,20751,1,-1
2024-05-08 15:02:16.931,20751,20752,20751,1,-1
2024-05-08 15:02:18.242,20750,20752,20750,2,-2
2024-05-08 15:02:21.687,20750,20751,20751,1,1
2024-05-08 15:02:24.128,20750,20751,20751,1,1
2024-05-08 15:02:25.096,20750,20751,20750,1,-1
2024-05-08 15:02:25.096,20750,20751,20750,11,-11
2024-05-08 15:02:25.096,20750,20751,20750,9,-9
2024-05-08 15:02:25.096,20750,20751,20750,3,-3
2024-05-08 15:02:25.096,20750,20751,20750,1,-1
2024-05-08 15:02:25.096,20750,20751,20750,2,-2
2024-05-08 15:02:25.096,20750,20751,20750,2,-2
2024-05-08 15:02:25.096,20750,20751,20750,2,-2
2024-05-08 15:02:25.096,20750,20751,20750,6,-6
2024-05-08 15:02:25.097,20750,20751,20750,1,-1
2024-05-08 15:02:25.097,20750,20751,20750,7,-7
2024-05-08 15:02:25.097,20750,20751,20750,2,-2
2024-05-08 15:02:25.097,20750,20751,20750,3,-3
2024-05-08 15:02:25.097,20750,20751,20750,2,-2
2024-05-08 15:02:25.097,20750,20751,20750,12,-12
2024-05-08 15:02:25.097,20750,20751,20750,2,-2
2024-05-08 15:02:25.097,20750,20751,20750,2,-2
2024-05-08 15:02:25.098,20750,20751,20750,1,-1
2024-05-08 15:02:25.100,20750,20751,20750,1,-1
2024-05-08 15:02:25.257,20750,20751,20751,2,2
2024-05-08 15:02:25.257,20750,20751,20751,3,3
2024-05-08 15:02:25.801,20751,20752,20751,2,-2
2024-05-08 15:02:28.474,20750,20751,20751,1,1
2024-05-08 15:02:28.649,20750,20752,20751,1,1
2024-05-08 15:02:29.694,20751,20752,20751,1,-1
2024-05-08 15:02:29.695,20751,20752,20751,1,-1
2024-05-08 15:02:30.897,20751,20752,20752,1,1
2024-05-08 15:02:30.939,20751,20752,20752,1,1
2024-05-08 15:02:30.939,20751,20752,20752,6,6
2024-05-08 15:02:30.939,20751,20752,20752,1,1
2024-05-08 15:02:30.939,20751,20752,20752,10,10
2024-05-08 15:02:34.893,20752,20753,20752,1,-1
2024-05-08 15:02:38.597,20751,20752,20751,1,-1
2024-05-08 15:02:38.732,20751,20752,20752,1,1
2024-05-08 15:02:40.264,20751,20752,20751,1,-1
2024-05-08 15:02:40.721,20751,20752,20751,2,-2
2024-05-08 15:02:41.713,20750,20751,20751,1,1
2024-05-08 15:02:42.375,20750,20751,20750,1,-1
2024-05-08 15:02:44.049,20749,20751,20751,2,2
2024-05-08 15:02:44.653,20750,20751,20751,2,2
2024-05-08 15:02:49.412,20751,20752,20752,1,1
2024-05-08 15:02:50.425,20751,20752,20751,1,-1
2024-05-08 15:02:50.689,20751,20752,20751,1,-1
2024-05-08 15:02:51.833,20750,20752,20750,1,-1
2024-05-08 15:02:52.254,20750,20751,20751,1,1
2024-05-08 15:02:57.900,20750,20751,20751,1,1
2024-05-08 15:02:58.233,20751,20752,20751,1,-1
2024-05-08 15:03:00.048,20751,20752,20751,1,-1
2024-05-08 15:03:00.054,20751,20752,20751,1,-1
2024-05-08 15:03:00.061,20751,20752,20751,1,-1
2024-05-08 15:03:00.061,20751,20752,20750,1,-1
2024-05-08 15:03:00.065,20751,20752,20752,1,1
2024-05-08 15:03:00.069,20751,20752,20752,1,1
2024-05-08 15:03:00.070,20751,20752,20750,2,-2
2024-05-08 15:03:00.071,20751,20752,20750,1,-1
2024-05-08 15:03:00.072,20751,20752,20752,1,1
2024-05-08 15:03:00.076,20751,20752,20750,1,-1
2024-05-08 15:03:00.078,20751,20752,20752,2,2
2024-05-08 15:03:00.115,20750,20752,20750,1,-1
2024-05-08 15:03:01.812,20751,20752,20751,1,-1
2024-05-08 15:03:03.038,20751,20752,20751,1,-1
2024-05-08 15:03:03.451,20751,20752,20751,2,-2
2024-05-08 15:03:05.423,20751,20752,20751,5,-5
2024-05-08 15:03:07.488,20750,20752,20750,1,-1
2024-05-08 15:03:10.214,20750,20752,20750,1,-1
2024-05-08 15:03:13.776,20751,20752,20751,1,-1
2024-05-08 15:03:17.479,20750,20751,20751,2,2
2024-05-08 15:03:26.924,20750,20751,20750,1,-1
2024-05-08 15:03:27.107,20750,20751,20751,4,4
2024-05-08 15:03:27.108,20750,20751,20751,1,1
2024-05-08 15:03:29.083,20750,20751,20750,1,-1
2024-05-08 15:03:29.883,20750,20751,20751,1,1
2024-05-08 15:03:32.303,20750,20751,20751,1,1
2024-05-08 15:03:35.580,20750,20751,20751,1,1
2024-05-08 15:03:35.581,20750,20751,20751,1,1
2024-05-08 15:03:35.581,20750,20751,20751,2,2
2024-05-08 15:03:37.697,20751,20752,20752,1,1
2024-05-08 15:03:42.444,20751,20752,20751,1,-1
2024-05-08 15:03:42.444,20751,20752,20750,46,-46
2024-05-08 15:03:42.444,20751,20752,20750,1,-1
2024-05-08 15:03:42.444,20751,20752,20750,1,-1
2024-05-08 15:03:42.444,20751,20752,20750,4,-4
2024-05-08 15:03:42.444,20751,20752,20750,2,-2
2024-05-08 15:03:42.445,20751,20752,20750,1,-1
2024-05-08 15:03:42.445,20751,20752,20750,4,-4
2024-05-08 15:03:42.448,20751,20752,20750,1,-1
2024-05-08 15:03:43.449,20749,20750,20749,2,-2
2024-05-08 15:03:43.450,20749,20750,20749,4,-4
2024-05-08 15:03:44.172,20748,20749,20748,6,-6
2024-05-08 15:03:46.293,20747,20748,20748,1,1
2024-05-08 15:03:47.928,20747,20748,20747,1,-1
2024-05-08 15:03:47.929,20747,20748,20747,1,-1
2024-05-08 15:03:51.000,20746,20747,20746,1,-1
2024-05-08 15:03:54.097,20746,20747,20746,7,-7
2024-05-08 15:03:54.238,20746,20747,20746,1,-1
2024-05-08 15:03:55.461,20746,20747,20747,1,1
2024-05-08 15:03:57.004,20746,20747,20746,1,-1
2024-05-08 15:03:59.926,20746,20747,20746,1,-1
2024-05-08 15:04:01.892,20745,20746,20746,1,1
2024-05-08 15:04:02.681,20746,20747,20747,1,1
2024-05-08 15:04:02.681,20746,20747,20747,1,1
2024-05-08 15:04:03.590,20746,20748,20746,7,-7
2024-05-08 15:04:03.590,20746,20748,20745,3,-3
2024-05-08 15:04:06.494,20746,20747,20747,1,1
2024-05-08 15:04:06.712,20746,20747,20746,1,-1
2024-05-08 15:04:08.580,20746,20747,20746,1,-1
2024-05-08 15:04:09.083,20746,20747,20746,1,-1
2024-05-08 15:04:09.510,20746,20747,20747,1,1
2024-05-08 15:04:09.878,20746,20748,20746,1,-1
2024-05-08 15:04:10.752,20746,20748,20746,1,-1
2024-05-08 15:04:11.514,20746,20748,20748,1,1
2024-05-08 15:04:20.154,20747,20748,20747,1,-1
2024-05-08 15:04:28.466,20746,20747,20746,2,-2
2024-05-08 15:04:28.466,20746,20747,20745,15,-15
2024-05-08 15:04:28.468,20746,20747,20744,8,-8
2024-05-08 15:04:29.159,20743,20745,20745,2,2
2024-05-08 15:04:30.863,20743,20745,20743,1,-1
2024-05-08 15:04:31.927,20744,20745,20745,1,1
2024-05-08 15:04:32.796,20744,20745,20744,1,-1
2024-05-08 15:04:34.890,20744,20745,20744,1,-1
2024-05-08 15:04:35.556,20743,20745,20745,7,7
2024-05-08 15:04:35.886,20743,20745,20745,2,2
2024-05-08 15:04:35.893,20743,20745,20745,1,1
2024-05-08 15:04:36.511,20743,20744,20744,1,1
2024-05-08 15:04:40.452,20745,20746,20746,2,2
2024-05-08 15:04:40.452,20745,20746,20746,5,5
2024-05-08 15:04:40.954,20745,20748,20745,4,-4
2024-05-08 15:04:46.145,20745,20747,20745,2,-2
2024-05-08 15:04:49.667,20745,20747,20747,1,1
2024-05-08 15:04:50.650,20746,20747,20746,2,-2
2024-05-08 15:04:50.650,20746,20747,20745,11,-11
2024-05-08 15:04:50.650,20746,20747,20744,9,-9
2024-05-08 15:04:54.642,20745,20746,20745,1,-1
2024-05-08 15:04:57.809,20744,20746,20744,1,-1
2024-05-08 15:04:57.927,20744,20746,20744,2,-2
2024-05-08 15:05:00.108,20744,20745,20745,1,1
2024-05-08 15:05:00.122,20744,20745,20745,2,2
2024-05-08 15:05:00.299,20744,20745,20745,1,1
2024-05-08 15:05:00.725,20744,20745,20745,1,1
2024-05-08 15:05:00.888,20744,20745,20745,1,1
2024-05-08 15:05:00.951,20744,20745,20745,2,2
2024-05-08 15:05:00.984,20744,20745,20745,1,1
2024-05-08 15:05:02.642,20744,20746,20744,2,-2
2024-05-08 15:05:11.657,20744,20745,20744,1,-1
2024-05-08 15:05:11.669,20744,20745,20744,5,-5
2024-05-08 15:05:12.401,20743,20745,20743,5,-5
2024-05-08 15:05:12.401,20743,20745,20743,1,-1
2024-05-08 15:05:13.180,20742,20743,20742,1,-1
2024-05-08 15:05:15.813,20742,20743,20742,6,-6
2024-05-08 15:05:15.813,20742,20743,20742,2,-2
2024-05-08 15:05:15.814,20742,20743,20742,1,-1
2024-05-08 15:05:15.814,20742,20743,20742,4,-4
2024-05-08 15:05:15.814,20742,20743,20742,2,-2
2024-05-08 15:05:15.814,20742,20743,20742,3,-3
2024-05-08 15:05:15.814,20742,20743,20742,1,-1
2024-05-08 15:05:15.814,20742,20743,20742,1,-1
2024-05-08 15:05:15.973,20741,20742,20742,2,2
2024-05-08 15:05:15.973,20741,20742,20743,8,8
2024-05-08 15:05:16.842,20742,20743,20743,1,1
2024-05-08 15:05:17.999,20742,20744,20742,3,-3
2024-05-08 15:05:20.107,20742,20744,20742,1,-1
2024-05-08 15:05:21.347,20742,20744,20742,1,-1
2024-05-08 15:05:25.044,20741,20743,20743,1,1
2024-05-08 15:05:25.818,20742,20743,20742,1,-1
2024-05-08 15:05:30.281,20742,20743,20743,1,1
2024-05-08 15:05:31.478,20742,20743,20743,1,1
2024-05-08 15:05:31.600,20742,20744,20743,1,1
2024-05-08 15:05:32.650,20742,20744,20742,1,-1
2024-05-08 15:05:35.052,20743,20744,20743,1,-1
2024-05-08 15:05:35.977,20743,20744,20744,2,2
2024-05-08 15:05:40.524,20744,20745,20745,1,1
2024-05-08 15:05:41.937,20744,20745,20745,1,1
2024-05-08 15:05:47.744,20744,20745,20744,1,-1
2024-05-08 15:05:48.872,20744,20745,20744,1,-1
2024-05-08 15:05:48.942,20744,20745,20744,1,-1
2024-05-08 15:05:49.219,20744,20745,20744,1,-1
2024-05-08 15:05:52.585,20743,20745,20745,2,2
2024-05-08 15:05:52.807,20743,20745,20743,3,-3
2024-05-08 15:05:57.287,20743,20745,20743,1,-1
2024-05-08 15:06:06.795,20743,20744,20743,1,-1
2024-05-08 15:06:06.833,20743,20744,20743,1,-1
2024-05-08 15:06:06.834,20743,20744,20742,5,-5
2024-05-08 15:06:10.490,20741,20742,20741,1,-1
2024-05-08 15:06:10.682,20741,20742,20741,4,-4
2024-05-08 15:06:10.682,20741,20742,20740,1,-1
2024-05-08 15:06:10.740,20740,20742,20740,7,-7
2024-05-08 15:06:10.803,20740,20742,20739,7,-7
2024-05-08 15:06:10.804,20740,20742,20739,1,-1
2024-05-08 15:06:10.825,20740,20742,20738,4,-4
2024-05-08 15:06:10.841,20740,20742,20738,4,-4
2024-05-08 15:06:10.858,20737,20739,20737,1,-1
2024-05-08 15:06:12.230,20738,20740,20740,1,1
2024-05-08 15:06:13.722,20739,20741,20739,1,-1
2024-05-08 15:06:15.466,20739,20741,20740,1,-1
2024-05-08 15:06:20.200,20740,20741,20740,1,-1
2024-05-08 15:06:22.915,20739,20740,20740,1,1
2024-05-08 15:06:24.235,20739,20740,20739,1,-1
2024-05-08 15:06:25.087,20739,20740,20740,1,1
2024-05-08 15:06:25.308,20739,20740,20739,1,-1
2024-05-08 15:06:25.523,20739,20740,20740,2,2
2024-05-08 15:06:29.453,20740,20741,20741,1,1
2024-05-08 15:06:33.602,20740,20742,20740,5,-5
2024-05-08 15:06:36.729,20741,20742,20741,2,-2
2024-05-08 15:06:37.574,20740,20741,20740,2,-2
2024-05-08 15:06:38.994,20740,20741,20740,1,-1
2024-05-08 15:06:39.976,20740,20741,20740,1,-1
2024-05-08 15:06:39.977,20740,20741,20739,2,-2
2024-05-08 15:06:49.191,20738,20739,20738,3,-3
2024-05-08 15:06:49.234,20737,20738,20737,2,-2
2024-05-08 15:06:49.235,20737,20738,20737,1,-1
2024-05-08 15:06:49.470,20736,20738,20736,1,-1
2024-05-08 15:06:49.747,20736,20738,20736,1,-1
2024-05-08 15:06:49.747,20736,20738,20736,2,-2
2024-05-08 15:06:49.747,20736,20738,20736,1,-1
2024-05-08 15:06:49.764,20736,20738,20736,2,-2
2024-05-08 15:06:49.764,20736,20738,20736,1,-1
2024-05-08 15:06:49.776,20736,20738,20736,1,-1
2024-05-08 15:06:49.776,20736,20738,20735,1,-1
2024-05-08 15:06:49.791,20736,20738,20735,1,-1
2024-05-08 15:06:49.834,20736,20738,20735,1,-1
2024-05-08 15:06:49.834,20736,20738,20735,1,-1
2024-05-08 15:06:50.390,20735,20737,20737,1,1
2024-05-08 15:06:51.293,20735,20737,20736,1,1
2024-05-08 15:06:53.460,20735,20736,20735,1,-1
2024-05-08 15:06:54.456,20735,20736,20735,2,-2
2024-05-08 15:06:54.723,20735,20736,20735,1,-1
2024-05-08 15:06:55.275,20735,20736,20735,1,-1
2024-05-08 15:06:55.660,20735,20736,20736,1,1
2024-05-08 15:06:55.660,20735,20736,20736,1,1
2024-05-08 15:06:55.715,20735,20736,20735,1,-1
2024-05-08 15:06:56.175,20735,20737,20735,1,-1
2024-05-08 15:06:57.430,20736,20738,20736,1,-1
2024-05-08 15:06:59.379,20736,20738,20736,1,-1
2024-05-08 15:07:01.682,20737,20739,20737,5,-5
2024-05-08 15:07:01.859,20736,20738,20738,1,1
2024-05-08 15:07:02.004,20736,20738,20738,1,1
2024-05-08 15:07:02.351,20736,20738,20738,1,1
2024-05-08 15:07:02.351,20736,20738,20738,2,2
2024-05-08 15:07:02.351,20736,20738,20738,1,1
2024-05-08 15:07:02.386,20736,20738,20739,1,1
2024-05-08 15:07:02.386,20736,20738,20739,1,1
2024-05-08 15:07:02.389,20736,20738,20739,1,1
2024-05-08 15:07:02.389,20736,20738,20739,2,2
2024-05-08 15:07:02.393,20736,20738,20739,2,2
2024-05-08 15:07:02.406,20736,20738,20740,1,1
2024-05-08 15:07:05.799,20739,20740,20740,1,1
2024-05-08 15:07:06.231,20739,20740,20739,1,-1
2024-05-08 15:07:07.294,20739,20740,20739,1,-1
2024-05-08 15:07:09.583,20738,20740,20739,4,-4
2024-05-08 15:07:13.476,20737,20739,20737,5,-5
2024-05-08 15:07:13.852,20737,20739,20737,1,-1
2024-05-08 15:07:13.852,20737,20739,20737,1,-1
2024-05-08 15:07:13.852,20737,20739,20737,2,-2
2024-05-08 15:07:13.869,20737,20739,20736,2,-2
2024-05-08 15:07:13.874,20737,20739,20736,1,-1
2024-05-08 15:07:13.882,20737,20739,20736,2,-2
2024-05-08 15:07:13.895,20737,20739,20736,1,-1
2024-05-08 15:07:13.911,20737,20739,20736,1,-1
2024-05-08 15:07:13.911,20737,20739,20736,3,-3
2024-05-08 15:07:13.911,20737,20739,20736,1,-1
2024-05-08 15:07:15.178,20736,20738,20738,2,2
2024-05-08 15:07:15.178,20736,20738,20739,4,4
2024-05-08 15:07:15.715,20737,20739,20739,1,1
2024-05-08 15:07:15.715,20737,20739,20739,2,2
2024-05-08 15:07:15.716,20737,20739,20740,1,1
2024-05-08 15:07:15.742,20737,20740,20740,1,1
2024-05-08 15:07:15.744,20737,20740,20740,2,2
2024-05-08 15:07:15.749,20737,20740,20740,1,1
2024-05-08 15:07:15.750,20737,20740,20740,1,1
2024-05-08 15:07:15.754,20737,20740,20740,2,2
2024-05-08 15:07:15.762,20737,20740,20740,1,1
2024-05-08 15:07:21.634,20738,20740,20738,1,-1
2024-05-08 15:07:21.802,20737,20739,20739,2,2
2024-05-08 15:07:22.475,20737,20739,20738,1,1
2024-05-08 15:07:29.260,20737,20739,20737,1,-1
2024-05-08 15:07:31.830,20736,20738,20738,2,2
2024-05-08 15:07:35.026,20738,20739,20738,1,-1
2024-05-08 15:07:35.219,20738,20739,20738,1,-1
2024-05-08 15:07:37.223,20738,20739,20739,2,2
2024-05-08 15:07:38.138,20738,20740,20738,1,-1
2024-05-08 15:07:42.336,20738,20740,20740,6,6
2024-05-08 15:07:45.631,20738,20740,20740,2,2
2024-05-08 15:07:45.632,20738,20740,20740,4,4
2024-05-08 15:07:50.264,20739,20740,20739,1,-1
2024-05-08 15:07:50.406,20739,20740,20740,1,1
2024-05-08 15:07:51.213,20739,20741,20739,1,-1
2024-05-08 15:07:51.384,20739,20741,20741,1,1
2024-05-08 15:07:52.016,20739,20740,20739,1,-1
2024-05-08 15:07:52.547,20739,20740,20739,1,-1
2024-05-08 15:07:52.547,20739,20740,20739,1,-1
2024-05-08 15:07:52.547,20739,20740,20739,2,-2
2024-05-08 15:07:52.570,20739,20740,20738,1,-1
2024-05-08 15:07:52.571,20739,20740,20738,2,-2
2024-05-08 15:07:52.579,20739,20740,20738,2,-2
2024-05-08 15:07:52.599,20738,20740,20738,1,-1
2024-05-08 15:07:52.619,20738,20740,20738,1,-1
2024-05-08 15:07:52.619,20738,20740,20738,1,-1
2024-05-08 15:07:53.873,20738,20739,20739,1,1
2024-05-08 15:07:55.654,20738,20740,20740,1,1
2024-05-08 15:07:57.013,20740,20741,20740,1,-1
2024-05-08 15:07:58.167,20740,20741,20741,1,1
2024-05-08 15:07:58.167,20740,20741,20741,2,2
2024-05-08 15:08:00.417,20740,20742,20741,1,1
2024-05-08 15:08:00.470,20740,20742,20741,1,1
2024-05-08 15:08:00.676,20741,20742,20741,2,-2
2024-05-08 15:08:01.024,20740,20742,20742,1,1
2024-05-08 15:08:01.708,20740,20741,20741,1,1
2024-05-08 15:08:03.866,20740,20741,20741,2,2
2024-05-08 15:08:05.400,20741,20742,20741,6,-6
2024-05-08 15:08:07.478,20740,20741,20741,1,1
2024-05-08 15:08:07.479,20740,20741,20741,3,3
2024-05-08 15:08:13.740,20740,20742,20741,1,1
2024-05-08 15:08:17.259,20740,20742,20740,1,-1
2024-05-08 15:08:17.427,20740,20742,20742,1,1
2024-05-08 15:08:20.202,20741,20742,20741,5,-5
2024-05-08 15:08:20.429,20741,20742,20741,1,-1
2024-05-08 15:08:30.718,20741,20742,20741,1,-1
2024-05-08 15:08:37.431,20741,20742,20742,1,1
2024-05-08 15:08:37.433,20741,20742,20742,2,2
2024-05-08 15:08:40.764,20742,20744,20744,1,1
2024-05-08 15:08:45.243,20743,20744,20744,1,1
2024-05-08 15:08:50.295,20743,20744,20743,1,-1
2024-05-08 15:08:52.773,20743,20744,20743,3,-3
2024-05-08 15:08:53.160,20742,20743,20743,1,1
2024-05-08 15:08:55.377,20742,20743,20743,1,1
2024-05-08 15:08:59.468,20742,20743,20743,1,1
2024-05-08 15:09:00.190,20742,20743,20742,1,-1
2024-05-08 15:09:06.679,20742,20743,20742,1,-1
2024-05-08 15:09:08.022,20742,20743,20742,1,-1
2024-05-08 15:09:08.184,20741,20742,20741,1,-1
2024-05-08 15:09:08.185,20741,20742,20741,1,-1
2024-05-08 15:09:08.194,20741,20742,20740,1,-1
2024-05-08 15:09:09.433,20740,20742,20742,2,2
2024-05-08 15:09:16.050,20740,20742,20740,1,-1
2024-05-08 15:09:16.951,20740,20742,20740,5,-5
2024-05-08 15:09:21.718,20740,20741,20740,3,-3
2024-05-08 15:09:31.812,20739,20741,20739,3,-3
2024-05-08 15:09:31.943,20738,20741,20738,1,-1
2024-05-08 15:09:34.998,20739,20741,20739,1,-1
2024-05-08 15:09:35.658,20739,20741,20739,1,-1
2024-05-08 15:09:36.974,20739,20741,20739,1,-1
2024-05-08 15:09:40.198,20739,20740,20739,3,-3
2024-05-08 15:09:43.366,20739,20740,20739,1,-1
2024-05-08 15:09:48.954,20739,20740,20740,2,2
2024-05-08 15:09:49.134,20739,20741,20739,1,-1
2024-05-08 15:09:51.785,20739,20741,20739,1,-1
2024-05-08 15:10:00.060,20739,20741,20740,1,-1
2024-05-08 15:10:00.590,20740,20741,20740,1,-1
2024-05-08 15:10:19.769,20740,20741,20741,2,2
2024-05-08 15:10:19.850,20740,20741,20741,1,1
2024-05-08 15:10:21.171,20740,20742,20742,2,2
2024-05-08 15:10:21.394,20740,20742,20740,5,-5
2024-05-08 15:10:21.395,20740,20742,20740,1,-1
2024-05-08 15:10:28.202,20740,20741,20742,1,1
2024-05-08 15:10:28.202,20740,20741,20741,1,1
2024-05-08 15:10:28.802,20739,20742,20742,2,2
2024-05-08 15:10:30.454,20740,20742,20742,2,2
2024-05-08 15:10:30.779,20740,20742,20742,2,2
2024-05-08 15:10:32.781,20740,20742,20742,2,2
2024-05-08 15:10:32.881,20740,20742,20740,2,-2
2024-05-08 15:10:33.458,20740,20742,20742,2,2
2024-05-08 15:10:40.594,20741,20742,20741,1,-1
2024-05-08 15:10:42.665,20740,20742,20740,2,-2
2024-05-08 15:10:42.665,20740,20742,20739,2,-2
2024-05-08 15:10:43.201,20739,20742,20739,4,-4
2024-05-08 15:10:50.249,20740,20742,20740,1,-1
2024-05-08 15:10:54.036,20740,20742,20742,1,1
2024-05-08 15:11:01.768,20741,20742,20741,1,-1
2024-05-08 15:11:01.966,20740,20742,20740,1,-1
2024-05-08 15:11:05.876,20741,20742,20741,1,-1
2024-05-08 15:11:07.230,20741,20742,20741,4,-4
2024-05-08 15:11:07.803,20740,20742,20742,3,3
2024-05-08 15:11:19.204,20740,20742,20742,3,3
2024-05-08 15:11:20.961,20740,20742,20742,1,1
2024-05-08 15:11:22.744,20741,20742,20741,2,-2
2024-05-08 15:11:26.908,20742,20743,20742,1,-1
2024-05-08 15:11:26.908,20742,20743,20741,1,-1
2024-05-08 15:11:30.057,20742,20743,20742,1,-1
2024-05-08 15:11:34.066,20741,20742,20742,1,1
2024-05-08 15:11:39.821,20741,20742,20741,6,-6
2024-05-08 15:11:42.616,20741,20742,20741,5,-5
2024-05-08 15:11:44.028,20740,20741,20740,4,-4
2024-05-08 15:11:44.028,20740,20741,20740,2,-2
2024-05-08 15:11:44.029,20740,20741,20739,3,-3
2024-05-08 15:11:46.176,20738,20740,20740,1,1
2024-05-08 15:11:57.590,20738,20740,20739,1,1
2024-05-08 15:11:57.648,20738,20740,20738,1,-1
2024-05-08 15:12:00.511,20738,20739,20738,1,-1
2024-05-08 15:12:01.798,20738,20739,20738,12,-12
2024-05-08 15:12:02.047,20737,20738,20737,2,-2
2024-05-08 15:12:03.757,20737,20738,20738,1,1
2024-05-08 15:12:03.878,20737,20738,20737,1,-1
2024-05-08 15:12:05.824,20737,20738,20738,1,1
2024-05-08 15:12:05.873,20737,20738,20738,2,2
2024-05-08 15:12:05.877,20737,20738,20739,1,1
2024-05-08 15:12:05.950,20737,20738,20739,1,1
2024-05-08 15:12:05.955,20737,20738,20739,1,1
2024-05-08 15:12:05.955,20737,20738,20740,1,1
2024-05-08 15:12:05.963,20737,20738,20740,1,1
2024-05-08 15:12:05.997,20738,20740,20740,1,1
2024-05-08 15:12:25.681,20738,20739,20738,2,-2
2024-05-08 15:12:26.997,20738,20739,20738,1,-1
2024-05-08 15:12:27.224,20737,20738,20737,3,-3
2024-05-08 15:12:30.931,20736,20737,20737,2,2
2024-05-08 15:12:31.120,20737,20739,20737,4,-4
2024-05-08 15:12:31.126,20737,20739,20736,4,-4
2024-05-08 15:12:31.127,20737,20739,20736,3,-3
2024-05-08 15:12:31.128,20737,20739,20736,1,-1
2024-05-08 15:12:31.128,20737,20739,20735,3,-3
2024-05-08 15:12:31.284,20735,20737,20735,3,-3
2024-05-08 15:12:31.778,20735,20737,20737,4,4
2024-05-08 15:12:33.623,20737,20739,20737,4,-4
2024-05-08 15:12:35.714,20737,20739,20737,1,-1
2024-05-08 15:12:37.938,20736,20738,20736,1,-1
2024-05-08 15:12:41.660,20736,20738,20738,2,2
2024-05-08 15:12:41.839,20737,20738,20737,4,-4
2024-05-08 15:12:44.702,20737,20738,20737,6,-6
2024-05-08 15:12:50.490,20737,20738,20737,1,-1
2024-05-08 15:12:52.810,20737,20738,20738,2,2
2024-05-08 15:13:01.301,20737,20739,20738,1,1
2024-05-08 15:13:06.128,20737,20739,20737,1,-1
2024-05-08 15:13:06.409,20737,20739,20737,2,-2
2024-05-08 15:13:09.925,20737,20738,20738,1,1
2024-05-08 15:13:17.886,20738,20739,20738,1,-1
2024-05-08 15:13:24.804,20737,20739,20739,5,5
2024-05-08 15:13:27.142,20738,20739,20739,2,2
2024-05-08 15:13:39.672,20737,20738,20737,2,-2
2024-05-08 15:13:40.200,20737,20738,20737,4,-4
2024-05-08 15:13:40.259,20737,20738,20737,1,-1
2024-05-08 15:13:40.259,20737,20738,20737,3,-3
2024-05-08 15:13:40.733,20736,20738,20738,1,1
2024-05-08 15:13:43.525,20736,20738,20736,8,-8
2024-05-08 15:13:54.397,20736,20738,20736,1,-1
2024-05-08 15:13:54.808,20736,20738,20737,1,-1
2024-05-08 15:14:01.842,20737,20738,20737,1,-1
2024-05-08 15:14:05.923,20736,20738,20738,5,5
2024-05-08 15:14:08.016,20738,20739,20738,1,-1
2024-05-08 15:14:10.131,20738,20739,20738,1,-1
2024-05-08 15:14:11.856,20738,20739,20738,2,-2
2024-05-08 15:14:14.073,20738,20739,20739,1,1
2024-05-08 15:14:15.993,20737,20739,20738,1,1
2024-05-08 15:14:17.265,20737,20739,20739,2,2
2024-05-08 15:14:23.177,20737,20738,20738,2,2
2024-05-08 15:14:29.153,20738,20739,20738,4,-4
2024-05-08 15:14:40.568,20737,20739,20738,1,-1
2024-05-08 15:14:44.762,20738,20739,20738,1,-1
2024-05-08 15:14:49.286,20737,20738,20738,1,1
2024-05-08 15:14:53.860,20737,20739,20737,1,-1
2024-05-08 15:15:00.043,20737,20738,20738,1,1
2024-05-08 15:15:00.139,20737,20739,20739,1,1
2024-05-08 15:15:00.139,20737,20739,20739,1,1
2024-05-08 15:15:00.463,20737,20739,20738,1,1
2024-05-08 15:15:00.511,20738,20739,20738,1,-1
2024-05-08 15:15:00.539,20738,20739,20739,1,1
2024-05-08 15:15:00.648,20738,20739,20739,5,5
2024-05-08 15:15:00.648,20738,20739,20740,4,4
2024-05-08 15:15:00.762,20738,20740,20740,1,1
2024-05-08 15:15:00.915,20738,20740,20740,1,1
2024-05-08 15:15:00.919,20738,20740,20740,1,1
2024-05-08 15:15:00.919,20738,20740,20740,1,1
2024-05-08 15:15:05.524,20738,20740,20739,1,1
2024-05-08 15:15:06.082,20738,20740,20740,1,1
2024-05-08 15:15:07.888,20738,20740,20740,1,1
2024-05-08 15:15:07.975,20738,20740,20740,1,1
2024-05-08 15:15:10.807,20739,20740,20740,1,1
2024-05-08 15:15:10.819,20739,20740,20740,20,20
2024-05-08 15:15:10.821,20739,20740,20741,1,1
2024-05-08 15:15:10.821,20739,20740,20741,1,1
2024-05-08 15:15:10.822,20739,20740,20741,1,1
2024-05-08 15:15:13.293,20741,20742,20741,1,-1
2024-05-08 15:15:15.516,20741,20742,20742,1,1
2024-05-08 15:15:16.325,20741,20742,20741,2,-2
2024-05-08 15:15:20.094,20740,20742,20742,1,1
2024-05-08 15:15:25.821,20741,20742,20741,1,-1
2024-05-08 15:15:28.097,20741,20742,20742,2,2
2024-05-08 15:15:28.697,20741,20742,20742,1,1
2024-05-08 15:15:29.876,20741,20742,20742,1,1
2024-05-08 15:15:29.974,20741,20742,20743,1,1
2024-05-08 15:15:29.974,20741,20742,20743,1,1
2024-05-08 15:15:29.974,20741,20742,20742,1,1
2024-05-08 15:15:29.974,20741,20742,20743,1,1
2024-05-08 15:15:29.976,20741,20742,20743,1,1
2024-05-08 15:15:29.985,20741,20742,20743,1,1
2024-05-08 15:15:34.297,20741,20743,20743,1,1
2024-05-08 15:15:41.401,20741,20743,20741,3,-3
2024-05-08 15:15:41.402,20741,20743,20741,1,-1
2024-05-08 15:15:43.999,20740,20741,20740,1,-1
2024-05-08 15:15:44.099,20740,20741,20741,1,1
2024-05-08 15:15:51.428,20740,20741,20740,6,-6
2024-05-08 15:15:52.619,20740,20741,20740,1,-1
2024-05-08 15:16:00.028,20739,20741,20740,1,-1
2024-05-08 15:16:00.100,20739,20741,20741,1,1
2024-05-08 15:16:00.101,20739,20741,20741,1,1
2024-05-08 15:16:00.111,20739,20741,20742,1,1
2024-05-08 15:16:00.112,20739,20741,20742,1,1
2024-05-08 15:16:00.527,20741,20742,20741,1,-1
2024-05-08 15:16:06.009,20740,20742,20742,1,1
2024-05-08 15:16:06.100,20740,20742,20742,1,1
2024-05-08 15:16:13.675,20741,20742,20742,1,1
2024-05-08 15:16:25.487,20742,20743,20743,3,3
2024-05-08 15:16:25.686,20742,20743,20743,1,1
2024-05-08 15:16:25.686,20742,20743,20744,1,1
2024-05-08 15:16:29.785,20743,20744,20744,1,1
2024-05-08 15:16:29.850,20743,20744,20744,1,1
2024-05-08 15:16:29.850,20743,20744,20744,1,1
2024-05-08 15:16:31.276,20743,20745,20745,1,1
2024-05-08 15:16:31.349,20743,20745,20745,1,1
2024-05-08 15:16:31.349,20743,20745,20745,1,1
2024-05-08 15:16:31.350,20743,20745,20745,1,1
2024-05-08 15:16:31.466,20743,20745,20745,1,1
2024-05-08 15:16:33.246,20743,20745,20743,2,-2
2024-05-08 15:16:41.274,20743,20745,20743,1,-1
2024-05-08 15:16:41.736,20743,20745,20743,1,-1
2024-05-08 15:16:43.325,20743,20745,20744,1,-1
2024-05-08 15:16:44.392,20743,20744,20744,1,1
2024-05-08 15:16:46.470,20743,20745,20745,11,11
2024-05-08 15:16:46.765,20744,20746,20746,11,11
2024-05-08 15:16:49.060,20745,20746,20746,1,1
2024-05-08 15:16:49.197,20745,20746,20746,1,1
2024-05-08 15:16:49.197,20745,20746,20746,1,1
2024-05-08 15:16:49.197,20745,20746,20746,1,1
2024-05-08 15:16:49.334,20745,20747,20747,5,5
2024-05-08 15:16:49.382,20745,20747,20747,1,1
2024-05-08 15:16:49.608,20746,20747,20746,1,-1
2024-05-08 15:16:53.766,20745,20747,20745,15,-15
2024-05-08 15:16:56.396,20744,20745,20744,1,-1
2024-05-08 15:16:56.878,20744,20745,20743,12,-12
2024-05-08 15:16:56.878,20744,20745,20744,3,-3
2024-05-08 15:16:58.109,20743,20745,20743,2,-2
2024-05-08 15:17:00.286,20742,20745,20742,10,-10
2024-05-08 15:17:00.287,20742,20745,20742,2,-2
2024-05-08 15:17:00.289,20742,20745,20741,1,-1
2024-05-08 15:17:00.290,20742,20745,20741,2,-2
2024-05-08 15:17:00.442,20740,20742,20740,1,-1
2024-05-08 15:17:05.516,20740,20742,20740,1,-1
2024-05-08 15:17:06.109,20741,20742,20741,1,-1
2024-05-08 15:17:06.251,20741,20742,20741,3,-3
2024-05-08 15:17:08.269,20740,20742,20740,1,-1
2024-05-08 15:17:10.766,20740,20742,20740,1,-1
2024-05-08 15:17:15.010,20741,20742,20741,1,-1
2024-05-08 15:17:16.098,20740,20742,20740,2,-2
2024-05-08 15:17:16.100,20740,20742,20739,7,-7
2024-05-08 15:17:16.397,20738,20740,20740,1,1
2024-05-08 15:17:20.944,20738,20740,20738,1,-1
2024-05-08 15:17:29.228,20738,20740,20738,1,-1
2024-05-08 15:17:30.260,20738,20740,20738,1,-1
2024-05-08 15:17:34.216,20738,20739,20739,1,1
2024-05-08 15:17:34.788,20738,20740,20738,2,-2
2024-05-08 15:17:43.650,20739,20740,20739,1,-1
2024-05-08 15:18:02.790,20739,20740,20740,4,4
2024-05-08 15:18:02.793,20739,20740,20740,6,6
2024-05-08 15:18:02.848,20739,20741,20739,1,-1
2024-05-08 15:18:03.027,20739,20741,20739,1,-1
2024-05-08 15:18:06.840,20739,20741,20739,1,-1
2024-05-08 15:18:20.218,20739,20740,20739,1,-1
2024-05-08 15:18:21.848,20738,20740,20738,9,-9
2024-05-08 15:18:21.848,20738,20740,20737,6,-6
2024-05-08 15:18:21.997,20737,20739,20737,1,-1
2024-05-08 15:18:22.001,20737,20739,20737,1,-1
2024-05-08 15:18:24.751,20737,20739,20737,4,-4
2024-05-08 15:18:24.751,20737,20739,20736,6,-6
2024-05-08 15:18:25.286,20736,20738,20738,1,1
2024-05-08 15:18:29.775,20736,20738,20738,2,2
2024-05-08 15:18:29.797,20736,20738,20738,1,1
2024-05-08 15:18:29.797,20736,20738,20739,2,2
2024-05-08 15:18:32.342,20737,20739,20737,11,-11
2024-05-08 15:18:36.028,20737,20739,20739,1,1
2024-05-08 15:18:43.133,20737,20739,20739,3,3
2024-05-08 15:18:54.593,20737,20739,20737,1,-1
2024-05-08 15:18:59.604,20737,20738,20737,1,-1
2024-05-08 15:19:00.226,20737,20738,20737,1,-1
2024-05-08 15:19:01.797,20737,20738,20737,5,-5
2024-05-08 15:19:03.288,20737,20738,20736,4,-4
2024-05-08 15:19:03.288,20737,20738,20737,1,-1
2024-05-08 15:19:08.178,20736,20738,20736,1,-1
2024-05-08 15:19:11.424,20737,20738,20738,1,1
2024-05-08 15:19:11.429,20737,20738,20738,1,1
2024-05-08 15:19:11.981,20738,20739,20739,4,4
2024-05-08 15:19:12.022,20738,20739,20740,1,1
2024-05-08 15:19:12.023,20738,20739,20740,1,1
2024-05-08 15:19:12.065,20738,20739,20742,2,2
2024-05-08 15:19:12.111,20740,20742,20742,3,3
2024-05-08 15:19:17.767,20741,20743,20743,1,1
2024-05-08 15:19:25.420,20739,20741,20741,1,1
2024-05-08 15:19:33.001,20739,20740,20740,1,1
2024-05-08 15:19:34.695,20739,20740,20740,1,1
2024-05-08 15:19:40.191,20739,20740,20740,1,1
2024-05-08 15:19:40.247,20739,20740,20739,1,-1
2024-05-08 15:19:51.016,20739,20740,20740,1,1
2024-05-08 15:19:54.191,20739,20740,20740,1,1
2024-05-08 15:20:03.588,20739,20740,20739,1,-1
2024-05-08 15:20:03.726,20739,20740,20740,2,2
2024-05-08 15:20:03.726,20739,20740,20741,5,5
2024-05-08 15:20:03.730,20739,20740,20741,3,3
2024-05-08 15:20:07.610,20739,20741,20739,1,-1
2024-05-08 15:20:18.516,20739,20741,20740,1,-1
2024-05-08 15:20:20.827,20739,20741,20741,1,1
2024-05-08 15:20:23.808,20740,20741,20741,1,1
2024-05-08 15:20:31.624,20740,20741,20740,1,-1
2024-05-08 15:20:32.035,20739,20741,20741,1,1
2024-05-08 15:20:40.968,20740,20741,20740,1,-1
2024-05-08 15:20:50.644,20740,20741,20740,1,-1
2024-05-08 15:20:55.347,20740,20741,20740,1,-1
2024-05-08 15:21:04.935,20739,20741,20739,10,-10
2024-05-08 15:21:05.589,20738,20739,20738,1,-1
2024-05-08 15:21:06.459,20738,20739,20739,2,2
2024-05-08 15:21:10.787,20738,20739,20739,1,1
2024-05-08 15:21:15.094,20738,20739,20738,1,-1
2024-05-08 15:21:18.775,20738,20739,20738,1,-1
2024-05-08 15:21:18.991,20738,20739,20738,5,-5
2024-05-08 15:21:23.464,20737,20738,20737,5,-5
2024-05-08 15:21:28.983,20736,20737,20737,2,2
2024-05-08 15:21:29.041,20736,20737,20737,3,3
2024-05-08 15:21:29.254,20736,20737,20736,2,-2
2024-05-08 15:21:29.527,20736,20737,20736,1,-1
2024-05-08 15:21:32.916,20736,20737,20736,1,-1
2024-05-08 15:21:38.259,20736,20737,20737,2,2
2024-05-08 15:21:41.766,20736,20738,20738,1,1
2024-05-08 15:21:41.766,20736,20738,20738,1,1
2024-05-08 15:21:41.865,20737,20739,20739,2,2
2024-05-08 15:21:57.681,20738,20740,20740,3,3
2024-05-08 15:21:57.681,20738,20740,20740,1,1
2024-05-08 15:21:57.729,20739,20741,20739,1,-1
2024-05-08 15:21:59.342,20739,20741,20741,2,2
2024-05-08 15:21:59.343,20739,20741,20741,2,2
2024-05-08 15:21:59.343,20739,20741,20741,2,2
2024-05-08 15:21:59.357,20740,20741,20741,2,2
2024-05-08 15:21:59.530,20740,20741,20741,1,1
2024-05-08 15:21:59.532,20740,20741,20741,1,1
2024-05-08 15:22:01.029,20740,20741,20741,6,6
2024-05-08 15:22:01.031,20740,20741,20741,7,7
2024-05-08 15:22:01.566,20741,20742,20742,1,1
2024-05-08 15:22:04.834,20740,20742,20742,1,1
2024-05-08 15:22:08.599,20740,20742,20740,1,-1
2024-05-08 15:22:11.085,20740,20741,20741,1,1
2024-05-08 15:22:40.195,20741,20742,20742,1,1
2024-05-08 15:22:40.252,20741,20742,20741,1,-1
2024-05-08 15:22:44.976,20741,20742,20741,1,-1
2024-05-08 15:22:46.683,20741,20742,20742,2,2
2024-05-08 15:22:47.459,20741,20742,20741,3,-3
2024-05-08 15:22:47.460,20741,20742,20741,2,-2
2024-05-08 15:22:47.474,20740,20742,20740,1,-1
2024-05-08 15:22:54.847,20740,20742,20741,1,-1
2024-05-08 15:22:55.458,20741,20742,20742,1,1
2024-05-08 15:22:55.459,20741,20742,20742,2,2
2024-05-08 15:22:55.459,20741,20742,20742,11,11
2024-05-08 15:22:55.541,20742,20743,20743,3,3
2024-05-08 15:22:59.925,20743,20744,20744,1,1
2024-05-08 15:23:00.248,20744,20745,20744,1,-1
2024-05-08 15:23:01.928,20743,20745,20745,1,1
2024-05-08 15:23:06.368,20743,20744,20744,1,1
2024-05-08 15:23:08.274,20744,20745,20745,6,6
2024-05-08 15:23:08.439,20744,20746,20744,5,-5
2024-05-08 15:23:11.509,20744,20746,20744,1,-1
2024-05-08 15:23:12.898,20745,20746,20745,1,-1
2024-05-08 15:23:19.163,20743,20744,20744,2,2
2024-05-08 15:23:19.696,20743,20745,20745,1,1
2024-05-08 15:23:26.594,20744,20745,20744,2,-2
2024-05-08 15:23:28.966,20743,20745,20745,1,1
2024-05-08 15:23:31.450,20743,20744,20744,4,4
2024-05-08 15:23:31.459,20743,20744,20744,3,3
2024-05-08 15:23:35.317,20743,20745,20745,1,1
2024-05-08 15:23:36.082,20743,20744,20744,1,1
2024-05-08 15:23:40.204,20744,20745,20745,2,2
2024-05-08 15:23:42.660,20744,20745,20744,1,-1
2024-05-08 15:23:47.764,20743,20745,20745,1,1
2024-05-08 15:23:57.667,20743,20745,20745,2,2
2024-05-08 15:24:02.639,20743,20745,20745,1,1
2024-05-08 15:24:03.081,20743,20745,20743,1,-1
2024-05-08 15:24:09.336,20743,20745,20744,1,-1
2024-05-08 15:24:09.434,20743,20745,20745,2,2
2024-05-08 15:24:09.451,20743,20745,20745,2,2
2024-05-08 15:24:10.981,20743,20745,20745,1,1
2024-05-08 15:24:14.738,20743,20745,20743,1,-1
2024-05-08 15:24:17.444,20743,20745,20743,5,-5
2024-05-08 15:24:18.743,20742,20743,20743,1,1
2024-05-08 15:24:21.148,20742,20743,20743,2,2
2024-05-08 15:24:23.973,20742,20743,20743,1,1
2024-05-08 15:24:29.961,20743,20744,20744,1,1
2024-05-08 15:24:30.299,20743,20744,20744,1,1
2024-05-08 15:24:30.349,20743,20744,20744,1,1
2024-05-08 15:24:34.274,20743,20744,20745,13,13
2024-05-08 15:24:34.274,20743,20744,20746,1,1
2024-05-08 15:24:34.274,20743,20744,20744,1,1
2024-05-08 15:24:38.583,20744,20746,20746,1,1
2024-05-08 15:24:40.493,20744,20745,20744,1,-1
2024-05-08 15:24:42.741,20744,20745,20745,1,1
2024-05-08 15:24:46.978,20744,20745,20745,1,1
2024-05-08 15:24:46.978,20744,20745,20745,1,1
2024-05-08 15:24:46.978,20744,20745,20745,1,1
2024-05-08 15:24:55.085,20744,20745,20744,1,-1
2024-05-08 15:24:58.553,20743,20745,20745,2,2
2024-05-08 15:25:05.100,20743,20744,20744,2,2
2024-05-08 15:25:06.756,20743,20744,20744,1,1
2024-05-08 15:25:10.183,20743,20744,20744,1,1
2024-05-08 15:25:26.535,20743,20745,20743,1,-1
2024-05-08 15:25:26.536,20743,20745,20743,1,-1
2024-05-08 15:25:35.176,20742,20743,20743,1,1
2024-05-08 15:25:40.534,20743,20744,20743,1,-1
2024-05-08 15:25:48.843,20743,20744,20744,2,2
2024-05-08 15:25:51.459,20743,20744,20743,1,-1
2024-05-08 15:26:00.240,20743,20744,20743,1,-1
2024-05-08 15:26:04.401,20743,20744,20743,1,-1
2024-05-08 15:26:16.206,20742,20744,20742,1,-1
2024-05-08 15:26:19.374,20742,20744,20742,1,-1
2024-05-08 15:26:38.511,20741,20742,20742,1,1
2024-05-08 15:26:41.239,20741,20742,20742,1,1
2024-05-08 15:26:41.295,20741,20742,20742,1,1
2024-05-08 15:26:48.725,20742,20744,20742,1,-1
2024-05-08 15:27:16.391,20742,20744,20742,1,-1
2024-05-08 15:27:16.613,20742,20744,20742,1,-1
2024-05-08 15:27:28.907,20742,20744,20742,1,-1
2024-05-08 15:27:28.908,20742,20744,20742,5,-5
2024-05-08 15:27:34.959,20741,20743,20743,1,1
2024-05-08 15:27:40.562,20741,20743,20742,1,1
2024-05-08 15:27:40.563,20741,20743,20742,1,1
2024-05-08 15:27:41.542,20741,20743,20743,1,1
2024-05-08 15:27:59.475,20741,20743,20741,1,-1
2024-05-08 15:28:12.894,20742,20743,20742,1,-1
2024-05-08 15:28:12.913,20742,20743,20743,3,3
2024-05-08 15:28:35.020,20742,20744,20742,1,-1
2024-05-08 15:28:51.141,20741,20742,20741,6,-6
2024-05-08 15:28:57.828,20740,20742,20741,1,-1
2024-05-08 15:29:04.666,20740,20741,20741,1,1
2024-05-08 15:29:08.958,20740,20741,20740,6,-6
2024-05-08 15:29:24.485,20739,20741,20741,1,1
2024-05-08 15:29:24.489,20739,20741,20741,2,2
2024-05-08 15:29:38.768,20740,20742,20742,3,3
2024-05-08 15:29:39.684,20741,20743,20741,1,-1
2024-05-08 15:29:53.748,20739,20741,20739,1,-1
2024-05-08 15:29:58.069,20739,20741,20741,2,2
2024-05-08 15:30:00.402,20740,20741,20740,1,-1
2024-05-08 15:30:00.403,20740,20741,20740,1,-1
2024-05-08 15:30:00.677,20739,20741,20741,3,3
2024-05-08 15:30:00.741,20739,20741,20741,2,2
2024-05-08 15:30:00.741,20739,20741,20742,5,5
2024-05-08 15:30:01.385,20740,20742,20740,2,-2
2024-05-08 15:30:01.734,20740,20741,20740,1,-1
2024-05-08 15:30:11.899,20740,20741,20741,1,1
2024-05-08 15:30:11.900,20740,20741,20741,2,2
2024-05-08 15:30:29.307,20741,20742,20742,5,5
2024-05-08 15:30:34.688,20741,20742,20741,1,-1
2024-05-08 15:30:35.087,20740,20742,20742,1,1
2024-05-08 15:30:35.091,20740,20742,20742,1,1
2024-05-08 15:30:39.550,20741,20742,20741,1,-1
2024-05-08 15:30:47.314,20740,20742,20740,1,-1
2024-05-08 15:30:48.322,20740,20742,20742,4,4
2024-05-08 15:30:48.322,20740,20742,20742,5,5
2024-05-08 15:30:48.720,20742,20743,20743,8,8
2024-05-08 15:30:48.723,20742,20744,20744,3,3
2024-05-08 15:30:53.148,20743,20745,20745,2,2
2024-05-08 15:30:55.052,20743,20745,20745,1,1
2024-05-08 15:30:55.474,20744,20745,20745,1,1
2024-05-08 15:31:04.843,20743,20745,20745,1,1
2024-05-08 15:31:05.106,20743,20745,20743,1,-1
2024-05-08 15:31:12.528,20743,20745,20743,1,-1
2024-05-08 15:32:00.712,20743,20744,20743,1,-1
2024-05-08 15:32:00.712,20743,20744,20743,1,-1
2024-05-08 15:32:07.442,20742,20744,20742,1,-1
2024-05-08 15:32:25.894,20743,20744,20743,1,-1
2024-05-08 15:32:30.972,20743,20744,20743,1,-1
2024-05-08 15:32:30.979,20743,20744,20743,3,-3
2024-05-08 15:32:38.302,20743,20744,20743,2,-2
2024-05-08 15:33:07.958,20742,20744,20743,1,-1
2024-05-08 15:33:33.293,20743,20744,20744,2,2
2024-05-08 15:33:33.293,20743,20744,20745,1,1
2024-05-08 15:33:45.008,20743,20744,20743,1,-1
2024-05-08 15:33:48.835,20742,20744,20744,1,1
2024-05-08 15:33:49.428,20742,20743,20743,1,1
2024-05-08 15:33:59.499,20743,20744,20744,1,1
2024-05-08 15:34:06.724,20743,20744,20744,2,2
2024-05-08 15:34:07.139,20743,20744,20743,1,-1
2024-05-08 15:34:20.924,20742,20744,20743,1,-1
2024-05-08 15:34:28.358,20742,20743,20743,1,1
2024-05-08 15:34:29.511,20742,20743,20743,1,1
2024-05-08 15:34:32.240,20742,20743,20743,1,1
2024-05-08 15:34:34.936,20743,20744,20743,1,-1
2024-05-08 15:34:37.477,20742,20743,20743,1,1
2024-05-08 15:34:59.587,20742,20743,20742,1,-1
2024-05-08 15:34:59.939,20742,20743,20743,1,1
2024-05-08 15:35:00.669,20742,20744,20742,1,-1
2024-05-08 15:35:36.381,20742,20743,20742,7,-7
2024-05-08 15:35:36.381,20742,20743,20742,3,-3
2024-05-08 15:35:36.382,20742,20743,20741,10,-10
2024-05-08 15:35:36.426,20742,20743,20742,2,-2
2024-05-08 15:36:00.999,20740,20741,20740,1,-1
2024-05-08 15:36:01.225,20740,20741,20740,2,-2
2024-05-08 15:36:01.423,20740,20741,20741,1,1
2024-05-08 15:36:01.482,20740,20741,20741,1,1
2024-05-08 15:36:02.028,20740,20741,20741,1,1
2024-05-08 15:36:10.638,20741,20742,20741,3,-3
2024-05-08 15:36:11.099,20740,20741,20740,5,-5
2024-05-08 15:36:11.099,20740,20741,20740,4,-4
2024-05-08 15:36:11.416,20739,20741,20741,1,1
2024-05-08 15:36:21.336,20739,20740,20740,1,1
2024-05-08 15:36:23.131,20739,20740,20740,1,1
2024-05-08 15:36:30.370,20739,20741,20739,1,-1
2024-05-08 15:36:34.230,20739,20741,20739,1,-1
2024-05-08 15:36:37.051,20739,20741,20741,1,1
2024-05-08 15:36:48.857,20739,20740,20739,2,-2
2024-05-08 15:36:50.404,20738,20739,20738,7,-7
2024-05-08 15:36:50.405,20738,20739,20738,7,-7
2024-05-08 15:36:50.558,20737,20738,20737,1,-1
2024-05-08 15:36:50.558,20737,20738,20737,4,-4
2024-05-08 15:36:51.290,20736,20738,20738,1,1
2024-05-08 15:37:03.879,20737,20739,20737,1,-1
2024-05-08 15:37:04.132,20737,20739,20737,1,-1
2024-05-08 15:37:06.095,20736,20738,20738,1,1
2024-05-08 15:37:08.976,20736,20738,20736,2,-2
2024-05-08 15:37:22.216,20736,20737,20736,1,-1
2024-05-08 15:37:25.765,20736,20737,20736,1,-1
2024-05-08 15:37:28.085,20736,20737,20736,1,-1
2024-05-08 15:37:28.195,20736,20737,20736,1,-1
2024-05-08 15:37:28.673,20736,20737,20736,1,-1
2024-05-08 15:37:29.102,20736,20737,20736,1,-1
2024-05-08 15:37:32.973,20736,20737,20736,1,-1
2024-05-08 15:37:33.277,20736,20737,20737,2,2
2024-05-08 15:37:37.412,20736,20738,20736,1,-1
2024-05-08 15:37:53.776,20737,20738,20737,1,-1
2024-05-08 15:38:00.367,20737,20738,20737,1,-1
2024-05-08 15:38:00.495,20737,20738,20737,1,-1
2024-05-08 15:38:04.132,20737,20738,20737,4,-4
2024-05-08 15:38:06.924,20736,20738,20736,1,-1
2024-05-08 15:38:08.695,20736,20737,20736,1,-1
2024-05-08 15:38:12.094,20736,20737,20736,2,-2
2024-05-08 15:38:15.377,20736,20737,20736,2,-2
2024-05-08 15:38:16.065,20736,20737,20736,2,-2
2024-05-08 15:38:21.829,20736,20737,20737,1,1
2024-05-08 15:38:21.832,20736,20737,20737,1,1
2024-05-08 15:38:21.833,20736,20737,20738,3,3
2024-05-08 15:38:22.111,20736,20738,20736,1,-1
2024-05-08 15:38:32.341,20736,20737,20736,1,-1
2024-05-08 15:38:33.621,20736,20737,20736,7,-7
2024-05-08 15:38:34.494,20735,20737,20735,7,-7
2024-05-08 15:38:34.618,20735,20737,20735,1,-1
2024-05-08 15:38:37.983,20735,20737,20735,8,-8
2024-05-08 15:38:37.985,20735,20737,20735,4,-4
2024-05-08 15:38:40.608,20734,20736,20734,6,-6
2024-05-08 15:38:40.608,20734,20736,20733,6,-6
2024-05-08 15:38:40.618,20734,20736,20735,1,-1
2024-05-08 15:38:40.916,20733,20735,20733,4,-4
2024-05-08 15:38:40.938,20733,20735,20733,3,-3
2024-05-08 15:38:40.938,20733,20735,20733,1,-1
2024-05-08 15:38:41.027,20732,20734,20732,1,-1
2024-05-08 15:38:41.072,20732,20734,20734,1,1
2024-05-08 15:38:41.120,20732,20734,20732,1,-1
2024-05-08 15:38:41.218,20732,20734,20734,1,1
2024-05-08 15:38:41.259,20732,20734,20732,1,-1
2024-05-08 15:38:43.057,20732,20734,20732,6,-6
2024-05-08 15:38:46.933,20732,20733,20732,1,-1
2024-05-08 15:38:47.327,20732,20733,20732,1,-1
2024-05-08 15:38:47.534,20732,20733,20733,1,1
2024-05-08 15:38:47.724,20732,20734,20732,1,-1
2024-05-08 15:38:49.576,20733,20735,20733,1,-1
2024-05-08 15:38:50.410,20733,20735,20736,2,2
2024-05-08 15:38:52.740,20735,20736,20735,1,-1
2024-05-08 15:38:52.740,20735,20736,20734,11,-11
2024-05-08 15:38:52.740,20735,20736,20734,4,-4
2024-05-08 15:38:52.742,20735,20736,20735,2,-2
2024-05-08 15:38:53.812,20733,20735,20733,7,-7
2024-05-08 15:38:53.812,20733,20735,20733,9,-9
2024-05-08 15:38:53.814,20733,20735,20734,3,-3
2024-05-08 15:38:53.817,20733,20735,20734,1,-1
2024-05-08 15:38:56.795,20732,20734,20732,8,-8
2024-05-08 15:39:00.357,20732,20733,20732,1,-1
2024-05-08 15:39:00.822,20731,20733,20733,2,2
2024-05-08 15:39:04.690,20733,20734,20733,1,-1
2024-05-08 15:39:04.724,20733,20734,20733,1,-1
2024-05-08 15:39:04.979,20732,20733,20732,1,-1
2024-05-08 15:39:06.121,20732,20733,20733,1,1
2024-05-08 15:39:06.755,20732,20734,20732,1,-1
2024-05-08 15:39:07.468,20733,20734,20733,1,-1
2024-05-08 15:39:07.474,20732,20733,20732,1,-1
2024-05-08 15:39:07.474,20732,20733,20732,1,-1
2024-05-08 15:39:07.475,20732,20733,20732,2,-2
2024-05-08 15:39:07.477,20732,20733,20732,1,-1
2024-05-08 15:39:15.039,20732,20733,20732,2,-2
2024-05-08 15:39:15.385,20732,20733,20732,1,-1
2024-05-08 15:39:19.020,20731,20733,20733,5,5
2024-05-08 15:39:19.020,20731,20733,20734,6,6
2024-05-08 15:39:19.611,20732,20734,20732,1,-1
2024-05-08 15:39:22.805,20732,20734,20733,4,-4
2024-05-08 15:39:22.849,20732,20734,20732,1,-1
2024-05-08 15:39:22.849,20732,20734,20732,1,-1
2024-05-08 15:39:22.850,20732,20734,20732,1,-1
2024-05-08 15:39:28.364,20732,20733,20733,1,1
2024-05-08 15:39:30.617,20733,20734,20733,1,-1
2024-05-08 15:39:31.074,20733,20734,20733,1,-1
2024-05-08 15:39:31.339,20733,20734,20734,1,1
2024-05-08 15:39:31.684,20733,20734,20733,1,-1
2024-05-08 15:39:31.969,20733,20734,20734,2,2
2024-05-08 15:39:34.754,20733,20735,20734,4,4
2024-05-08 15:39:42.035,20734,20735,20735,3,3
2024-05-08 15:39:42.036,20734,20735,20735,2,2
2024-05-08 15:39:42.254,20735,20736,20735,1,-1
2024-05-08 15:39:47.100,20734,20735,20734,1,-1
2024-05-08 15:39:47.292,20733,20735,20733,1,-1
2024-05-08 15:39:47.292,20733,20735,20733,3,-3
2024-05-08 15:39:48.490,20732,20733,20733,1,1
2024-05-08 15:39:49.841,20732,20733,20733,1,1
2024-05-08 15:39:51.130,20732,20733,20733,1,1
2024-05-08 15:39:54.349,20732,20733,20733,1,1
2024-05-08 15:39:54.698,20732,20733,20733,1,1
2024-05-08 15:39:55.580,20732,20733,20732,4,-4
2024-05-08 15:39:59.881,20731,20732,20732,1,1
2024-05-08 15:40:00.437,20731,20732,20731,1,-1
2024-05-08 15:40:00.519,20731,20732,20731,1,-1
2024-05-08 15:40:00.657,20731,20732,20731,1,-1
2024-05-08 15:40:02.037,20731,20732,20732,1,1
2024-05-08 15:40:02.566,20731,20732,20731,1,-1
2024-05-08 15:40:05.003,20731,20732,20732,6,6
2024-05-08 15:40:12.417,20732,20733,20733,1,1
2024-05-08 15:40:12.417,20732,20733,20734,3,3
2024-05-08 15:40:25.116,20733,20734,20734,1,1
2024-05-08 15:40:25.117,20733,20734,20734,1,1
2024-05-08 15:40:26.556,20733,20734,20734,1,1
2024-05-08 15:40:27.527,20734,20735,20734,2,-2
2024-05-08 15:40:31.013,20733,20734,20734,1,1
2024-05-08 15:40:32.054,20733,20734,20733,3,-3
2024-05-08 15:40:32.054,20733,20734,20733,4,-4
2024-05-08 15:40:37.671,20732,20733,20732,1,-1
2024-05-08 15:40:41.358,20732,20733,20732,1,-1
2024-05-08 15:40:44.030,20732,20733,20733,1,1
2024-05-08 15:40:45.200,20732,20733,20732,1,-1
2024-05-08 15:40:48.050,20732,20734,20734,1,1
2024-05-08 15:40:54.442,20733,20734,20733,1,-1
2024-05-08 15:40:57.957,20732,20733,20732,6,-6
2024-05-08 15:40:58.261,20731,20732,20731,5,-5
2024-05-08 15:41:00.419,20731,20732,20731,1,-1
2024-05-08 15:41:01.226,20731,20732,20732,1,1
2024-05-08 15:41:05.992,20731,20732,20731,1,-1
2024-05-08 15:41:06.342,20731,20732,20731,1,-1
2024-05-08 15:41:18.182,20731,20732,20731,4,-4
2024-05-08 15:41:21.579,20731,20732,20731,2,-2
2024-05-08 15:41:21.748,20731,20732,20731,2,-2
2024-05-08 15:41:25.843,20731,20732,20731,1,-1
2024-05-08 15:41:26.356,20731,20732,20732,1,1
2024-05-08 15:41:26.356,20731,20732,20732,1,1
2024-05-08 15:41:26.356,20731,20732,20732,1,1
2024-05-08 15:41:26.356,20731,20732,20732,2,2
2024-05-08 15:41:31.431,20732,20733,20733,3,3
2024-05-08 15:41:31.451,20732,20733,20733,3,3
2024-05-08 15:41:42.694,20732,20733,20733,1,1
2024-05-08 15:41:52.416,20733,20734,20734,3,3
2024-05-08 15:41:52.416,20733,20734,20734,1,1
2024-05-08 15:41:52.416,20733,20734,20734,1,1
2024-05-08 15:41:52.416,20733,20734,20734,2,2
2024-05-08 15:41:52.522,20734,20735,20735,2,2
2024-05-08 15:41:52.753,20734,20735,20734,1,-1
2024-05-08 15:41:54.589,20733,20735,20733,1,-1
2024-05-08 15:42:02.919,20734,20735,20734,1,-1
2024-05-08 15:42:26.792,20735,20736,20736,1,1
2024-05-08 15:42:31.854,20736,20737,20736,1,-1
2024-05-08 15:42:36.805,20735,20737,20737,1,1
2024-05-08 15:42:37.919,20735,20737,20737,1,1
2024-05-08 15:42:40.114,20735,20737,20737,2,2
2024-05-08 15:42:49.240,20735,20737,20736,1,1
2024-05-08 15:42:53.227,20734,20736,20736,1,1
2024-05-08 15:43:00.692,20735,20736,20735,1,-1
2024-05-08 15:43:00.776,20735,20736,20735,1,-1
2024-05-08 15:43:01.190,20734,20736,20734,1,-1
2024-05-08 15:43:02.984,20734,20736,20734,1,-1
2024-05-08 15:43:21.143,20735,20736,20735,1,-1
2024-05-08 15:43:29.328,20735,20736,20735,4,-4
2024-05-08 15:43:45.343,20734,20735,20735,2,2
2024-05-08 15:43:45.343,20734,20735,20735,3,3
2024-05-08 15:43:48.071,20735,20736,20735,2,-2
2024-05-08 15:44:01.201,20735,20736,20735,1,-1
2024-05-08 15:44:03.476,20735,20736,20736,1,1
2024-05-08 15:44:15.471,20735,20736,20736,1,1
2024-05-08 15:44:21.341,20736,20737,20736,1,-1
2024-05-08 15:44:22.148,20736,20737,20737,2,2
2024-05-08 15:44:33.950,20737,20738,20738,5,5
2024-05-08 15:44:40.311,20737,20739,20737,1,-1
2024-05-08 15:44:41.757,20736,20738,20737,1,-1
2024-05-08 15:44:47.747,20736,20738,20737,1,-1
2024-05-08 15:44:50.243,20736,20737,20737,1,1
2024-05-08 15:45:00.300,20736,20737,20736,1,-1
2024-05-08 15:45:00.379,20736,20737,20737,1,1
2024-05-08 15:45:01.018,20736,20737,20737,1,1
2024-05-08 15:45:01.065,20736,20737,20737,1,1
2024-05-08 15:45:06.138,20736,20738,20736,5,-5
2024-05-08 15:45:12.714,20735,20736,20736,1,1
2024-05-08 15:45:15.452,20735,20736,20735,7,-7
2024-05-08 15:45:15.453,20735,20736,20735,1,-1
2024-05-08 15:45:16.033,20734,20735,20735,1,1
2024-05-08 15:45:19.324,20734,20735,20734,2,-2
2024-05-08 15:45:19.530,20734,20735,20734,2,-2
2024-05-08 15:45:19.951,20734,20735,20734,1,-1
2024-05-08 15:45:24.173,20734,20735,20734,2,-2
2024-05-08 15:45:34.745,20734,20735,20734,1,-1
2024-05-08 15:45:35.487,20734,20735,20734,1,-1
2024-05-08 15:45:35.599,20734,20735,20735,1,1
2024-05-08 15:45:35.600,20734,20735,20736,1,1
2024-05-08 15:45:35.600,20734,20735,20736,1,1
2024-05-08 15:45:47.836,20735,20736,20736,1,1
2024-05-08 15:45:47.837,20735,20736,20736,1,1
2024-05-08 15:46:06.181,20735,20737,20735,1,-1
2024-05-08 15:46:06.713,20734,20736,20735,1,-1
2024-05-08 15:46:20.920,20734,20736,20735,1,-1
2024-05-08 15:46:46.382,20735,20736,20735,1,-1
2024-05-08 15:46:52.466,20734,20736,20734,2,-2
2024-05-08 15:46:56.643,20734,20736,20736,1,1
2024-05-08 15:47:02.049,20734,20736,20735,1,1
2024-05-08 15:47:02.260,20734,20736,20734,1,-1
2024-05-08 15:47:13.753,20734,20735,20735,1,1
2024-05-08 15:47:13.755,20734,20735,20736,4,4
2024-05-08 15:47:20.322,20734,20736,20735,1,1
2024-05-08 15:47:38.618,20734,20735,20734,1,-1
2024-05-08 15:47:38.618,20734,20735,20734,11,-11
2024-05-08 15:47:44.010,20733,20734,20734,2,2
2024-05-08 15:47:45.615,20733,20734,20733,12,-12
2024-05-08 15:47:48.141,20732,20734,20734,1,1
2024-05-08 15:47:57.034,20733,20734,20733,5,-5
2024-05-08 15:47:57.885,20732,20734,20734,1,1
2024-05-08 15:47:59.532,20732,20733,20733,2,2
2024-05-08 15:48:00.098,20732,20733,20732,4,-4
2024-05-08 15:48:00.098,20732,20733,20732,2,-2
2024-05-08 15:48:00.210,20732,20733,20731,1,-1
2024-05-08 15:48:00.210,20732,20733,20731,5,-5
2024-05-08 15:48:00.252,20730,20731,20730,1,-1
2024-05-08 15:48:00.252,20730,20731,20730,1,-1
2024-05-08 15:48:00.252,20730,20731,20730,1,-1
2024-05-08 15:48:00.253,20730,20731,20730,1,-1
2024-05-08 15:48:00.253,20730,20731,20730,1,-1
2024-05-08 15:48:00.346,20730,20731,20730,4,-4
2024-05-08 15:48:00.482,20730,20731,20730,1,-1
2024-05-08 15:48:02.919,20731,20732,20732,1,1
2024-05-08 15:48:05.113,20731,20732,20732,1,1
2024-05-08 15:48:07.676,20730,20732,20730,5,-5
2024-05-08 15:48:15.276,20731,20732,20731,1,-1
2024-05-08 15:48:35.611,20731,20732,20731,2,-2
2024-05-08 15:48:40.786,20731,20732,20731,1,-1
2024-05-08 15:48:43.870,20731,20732,20731,1,-1
2024-05-08 15:49:00.202,20731,20732,20731,1,-1
2024-05-08 15:49:00.724,20730,20732,20730,1,-1
2024-05-08 15:49:01.982,20731,20732,20731,1,-1
2024-05-08 15:49:02.857,20731,20732,20732,1,1
2024-05-08 15:49:02.862,20731,20732,20732,1,1
2024-05-08 15:49:04.720,20731,20733,20731,1,-1
2024-05-08 15:49:05.387,20731,20733,20732,1,-1
2024-05-08 15:49:20.500,20732,20733,20732,1,-1
2024-05-08 15:49:36.252,20732,20733,20732,1,-1
2024-05-08 15:49:36.253,20732,20733,20732,1,-1
2024-05-08 15:49:40.204,20731,20732,20731,6,-6
2024-05-08 15:49:41.474,20730,20732,20732,1,1
2024-05-08 15:49:55.318,20730,20732,20731,1,1
2024-05-08 15:49:58.255,20731,20732,20731,1,-1
2024-05-08 15:50:02.558,20730,20732,20731,1,-1
2024-05-08 15:50:04.299,20731,20732,20731,3,-3
2024-05-08 15:50:10.759,20731,20732,20732,1,1
2024-05-08 15:50:20.191,20731,20732,20731,1,-1
2024-05-08 15:50:20.249,20731,20732,20731,1,-1
2024-05-08 15:50:24.980,20730,20732,20730,1,-1
2024-05-08 15:50:26.037,20730,20732,20730,1,-1
2024-05-08 15:50:38.812,20730,20731,20731,1,1
2024-05-08 15:50:43.151,20730,20731,20731,2,2
2024-05-08 15:50:43.151,20730,20731,20731,4,4
2024-05-08 15:50:51.625,20731,20732,20731,1,-1
2024-05-08 15:50:53.254,20731,20732,20731,1,-1
2024-05-08 15:50:54.031,20731,20733,20731,1,-1
2024-05-08 15:51:00.435,20731,20733,20731,1,-1
2024-05-08 15:51:13.777,20731,20732,20731,1,-1
2024-05-08 15:51:14.931,20731,20732,20732,1,1
2024-05-08 15:51:21.074,20731,20733,20732,1,1
2024-05-08 15:51:21.401,20731,20733,20733,3,3
2024-05-08 15:51:21.401,20731,20733,20734,2,2
2024-05-08 15:51:21.645,20732,20734,20735,2,2
2024-05-08 15:51:21.693,20732,20734,20735,1,1
2024-05-08 15:51:31.507,20733,20735,20735,1,1
2024-05-08 15:51:31.696,20733,20735,20735,4,4
2024-05-08 15:51:35.292,20733,20735,20734,1,1
2024-05-08 15:51:45.824,20734,20735,20735,4,4
2024-05-08 15:51:45.824,20734,20735,20736,2,2
2024-05-08 15:51:46.768,20734,20736,20736,1,1
2024-05-08 15:51:47.708,20734,20736,20736,1,1
2024-05-08 15:51:48.792,20735,20736,20735,2,-2
2024-05-08 15:51:48.957,20734,20736,20735,1,-1
2024-05-08 15:51:50.294,20734,20735,20734,1,-1
2024-05-08 15:51:56.081,20734,20735,20735,6,6
2024-05-08 15:51:59.468,20734,20735,20735,1,1
2024-05-08 15:52:01.070,20734,20736,20734,1,-1
2024-05-08 15:52:18.726,20734,20735,20735,1,1
2024-05-08 15:52:23.339,20734,20735,20735,1,1
2024-05-08 15:52:30.636,20734,20735,20734,14,-14
2024-05-08 15:52:30.875,20733,20734,20734,1,1
2024-05-08 15:52:30.876,20733,20734,20734,6,6
2024-05-08 15:52:31.117,20733,20734,20734,1,1
2024-05-08 15:52:35.462,20733,20734,20734,1,1
2024-05-08 15:52:41.182,20733,20734,20733,1,-1
2024-05-08 15:52:47.086,20732,20733,20732,1,-1
2024-05-08 15:52:47.690,20730,20732,20732,1,1
2024-05-08 15:52:52.941,20731,20732,20731,1,-1
2024-05-08 15:52:55.956,20730,20732,20732,1,1
2024-05-08 15:52:58.190,20730,20731,20731,1,1
2024-05-08 15:53:01.522,20730,20731,20730,1,-1
2024-05-08 15:53:02.423,20730,20731,20731,1,1
2024-05-08 15:53:02.659,20730,20731,20730,3,-3
2024-05-08 15:53:13.990,20730,20731,20730,1,-1
2024-05-08 15:53:20.674,20730,20731,20731,1,1
2024-05-08 15:53:26.675,20730,20731,20731,1,1
2024-05-08 15:53:26.842,20730,20731,20730,1,-1
2024-05-08 15:53:27.138,20730,20731,20730,1,-1
2024-05-08 15:53:27.401,20730,20731,20731,1,1
2024-05-08 15:53:27.402,20730,20731,20731,1,1
2024-05-08 15:53:27.925,20731,20732,20731,2,-2
2024-05-08 15:53:36.380,20730,20731,20730,6,-6
2024-05-08 15:53:39.495,20730,20731,20730,1,-1
2024-05-08 15:53:39.496,20730,20731,20730,1,-1
2024-05-08 15:53:39.496,20730,20731,20730,2,-2
2024-05-08 15:53:39.496,20730,20731,20730,1,-1
2024-05-08 15:53:39.496,20730,20731,20730,1,-1
2024-05-08 15:53:39.496,20730,20731,20730,1,-1
2024-05-08 15:53:39.496,20730,20731,20730,1,-1
2024-05-08 15:53:39.496,20730,20731,20730,1,-1
2024-05-08 15:53:39.497,20730,20731,20730,1,-1
2024-05-08 15:53:39.710,20730,20731,20731,1,1
2024-05-08 15:53:40.231,20730,20731,20730,1,-1
2024-05-08 15:53:41.308,20730,20731,20730,6,-6
2024-05-08 15:53:46.403,20730,20731,20730,1,-1
2024-05-08 15:53:56.665,20730,20731,20730,2,-2
2024-05-08 15:53:56.665,20730,20731,20730,5,-5
2024-05-08 15:53:56.665,20730,20731,20730,2,-2
2024-05-08 15:53:56.665,20730,20731,20730,1,-1
2024-05-08 15:53:56.665,20730,20731,20730,4,-4
2024-05-08 15:53:56.665,20730,20731,20730,1,-1
2024-05-08 15:53:56.665,20730,20731,20730,2,-2
2024-05-08 15:53:56.666,20730,20731,20730,25,-25
2024-05-08 15:53:58.533,20729,20730,20730,1,1
2024-05-08 15:54:00.820,20729,20730,20730,1,1
2024-05-08 15:54:00.879,20729,20730,20729,1,-1
2024-05-08 15:54:01.006,20729,20730,20729,1,-1
2024-05-08 15:54:01.856,20729,20730,20729,1,-1
2024-05-08 15:54:04.922,20729,20730,20730,1,1
2024-05-08 15:54:05.704,20729,20730,20730,4,4
2024-05-08 15:54:10.242,20729,20730,20730,1,1
2024-05-08 15:54:10.273,20729,20730,20730,1,1
2024-05-08 15:54:19.059,20730,20731,20730,1,-1
2024-05-08 15:54:20.224,20729,20730,20730,1,1
2024-05-08 15:54:20.225,20729,20730,20730,4,4
2024-05-08 15:54:23.435,20729,20731,20729,1,-1
2024-05-08 15:54:33.676,20730,20731,20730,1,-1
2024-05-08 15:54:36.205,20730,20731,20731,1,1
2024-05-08 15:54:36.205,20730,20731,20731,1,1
2024-05-08 15:54:48.434,20731,20732,20731,1,-1
2024-05-08 15:54:49.045,20731,20732,20732,1,1
2024-05-08 15:54:51.669,20732,20733,20732,1,-1
2024-05-08 15:54:59.198,20732,20733,20732,1,-1
2024-05-08 15:55:00.799,20732,20733,20732,1,-1
2024-05-08 15:55:01.621,20732,20733,20733,1,1
2024-05-08 15:55:01.621,20732,20733,20733,2,2
2024-05-08 15:55:01.870,20733,20734,20733,1,-1
2024-05-08 15:55:10.106,20733,20734,20733,1,-1
2024-05-08 15:55:15.780,20733,20734,20733,1,-1
2024-05-08 15:55:19.082,20732,20734,20733,1,-1
2024-05-08 15:55:20.551,20732,20733,20732,1,-1
2024-05-08 15:55:20.551,20732,20733,20732,4,-4
2024-05-08 15:55:25.476,20731,20733,20733,1,1
2024-05-08 15:55:34.476,20731,20733,20733,1,1
2024-05-08 15:55:58.934,20732,20734,20732,1,-1
2024-05-08 15:56:00.353,20732,20733,20732,1,-1
2024-05-08 15:56:00.597,20732,20733,20733,1,1
2024-05-08 15:56:05.418,20732,20733,20732,3,-3
2024-05-08 15:56:17.133,20732,20733,20732,1,-1
2024-05-08 15:56:18.018,20731,20733,20733,1,1
2024-05-08 15:56:20.222,20732,20733,20732,1,-1
2024-05-08 15:56:23.869,20731,20733,20733,1,1
2024-05-08 15:56:40.278,20732,20733,20732,1,-1
2024-05-08 15:56:40.386,20731,20733,20733,1,1
2024-05-08 15:56:40.388,20731,20733,20733,1,1
2024-05-08 15:56:40.390,20731,20733,20733,4,4
2024-05-08 15:56:53.588,20731,20732,20732,1,1
2024-05-08 15:56:57.863,20732,20733,20733,1,1
2024-05-08 15:57:04.441,20732,20734,20732,4,-4
2024-05-08 15:57:11.591,20732,20734,20734,5,5
2024-05-08 15:57:11.641,20734,20735,20734,1,-1
2024-05-08 15:57:11.707,20734,20735,20735,2,2
2024-05-08 15:57:20.084,20734,20735,20735,2,2
2024-05-08 15:57:22.311,20734,20735,20735,6,6
2024-05-08 15:57:22.313,20734,20735,20735,1,1
2024-05-08 15:57:23.178,20734,20736,20735,1,1
2024-05-08 15:57:29.609,20734,20736,20735,2,2
2024-05-08 15:57:35.270,20735,20736,20735,6,-6
2024-05-08 15:57:43.506,20735,20736,20735,1,-1
2024-05-08 15:58:00.352,20735,20736,20735,1,-1
2024-05-08 15:58:01.348,20735,20736,20736,6,6
2024-05-08 15:58:03.720,20735,20736,20736,1,1
2024-05-08 15:58:03.720,20735,20736,20736,5,5
2024-05-08 15:58:07.326,20736,20737,20736,1,-1
2024-05-08 15:58:20.164,20736,20737,20737,6,6
2024-05-08 15:58:20.222,20736,20737,20736,1,-1
2024-05-08 15:58:20.424,20736,20737,20737,1,1
2024-05-08 15:58:23.231,20736,20737,20736,10,-10
2024-05-08 15:58:50.687,20735,20736,20736,1,1
2024-05-08 15:59:01.093,20735,20736,20735,1,-1
2024-05-08 15:59:01.093,20735,20736,20735,1,-1
2024-05-08 15:59:04.490,20735,20736,20735,1,-1
2024-05-08 15:59:19.247,20734,20736,20736,2,2
2024-05-08 15:59:19.252,20734,20736,20737,1,1
2024-05-08 15:59:20.242,20736,20737,20737,4,4
2024-05-08 15:59:20.242,20736,20737,20737,1,1
2024-05-08 15:59:35.344,20737,20738,20738,1,1
2024-05-08 15:59:35.757,20737,20738,20737,3,-3
2024-05-08 15:59:37.544,20735,20737,20737,1,1
2024-05-08 16:00:00.219,20735,20737,20735,1,-1
2024-05-08 16:00:00.301,20735,20736,20735,1,-1
2024-05-08 16:00:00.330,20735,20736,20736,2,2
2024-05-08 16:00:00.344,20735,20736,20736,1,1
2024-05-08 16:00:00.349,20735,20736,20736,1,1
2024-05-08 16:00:00.695,20735,20736,20735,1,-1
2024-05-08 16:00:00.697,20735,20736,20736,1,1
2024-05-08 16:00:00.721,20735,20736,20736,1,1
2024-05-08 16:00:00.836,20735,20736,20736,2,2
2024-05-08 16:00:01.173,20735,20736,20736,1,1
2024-05-08 16:00:01.536,20735,20737,20737,5,5
2024-05-08 16:00:01.541,20735,20737,20737,1,1
2024-05-08 16:00:01.564,20735,20737,20737,1,1
2024-05-08 16:00:02.085,20735,20737,20737,1,1
2024-05-08 16:00:03.181,20735,20737,20735,1,-1
2024-05-08 16:00:04.636,20735,20737,20735,2,-2
2024-05-08 16:00:18.135,20735,20736,20735,4,-4
2024-05-08 16:00:18.738,20734,20735,20734,4,-4
2024-05-08 16:00:27.150,20733,20735,20733,1,-1
2024-05-08 16:00:40.275,20733,20734,20733,1,-1
2024-05-08 16:00:55.275,20732,20733,20732,1,-1
2024-05-08 16:01:00.190,20732,20733,20732,1,-1
2024-05-08 16:01:01.099,20731,20733,20731,1,-1
2024-05-08 16:01:03.989,20731,20733,20731,2,-2
2024-05-08 16:01:07.068,20731,20733,20731,1,-1
2024-05-08 16:01:07.978,20731,20732,20732,1,1
2024-05-08 16:01:17.615,20731,20732,20732,1,1
2024-05-08 16:01:20.206,20731,20732,20731,3,-3
2024-05-08 16:01:40.001,20732,20733,20732,1,-1
2024-05-08 16:01:40.199,20732,20733,20732,2,-2
2024-05-08 16:01:55.274,20731,20732,20731,1,-1
2024-05-08 16:02:00.228,20730,20731,20730,1,-1
2024-05-08 16:02:00.494,20730,20731,20730,1,-1
2024-05-08 16:02:00.853,20730,20731,20730,1,-1
2024-05-08 16:02:09.351,20730,20731,20730,1,-1
2024-05-08 16:02:13.233,20730,20731,20730,1,-1
2024-05-08 16:02:13.564,20730,20731,20731,2,2
2024-05-08 16:02:20.189,20731,20732,20731,7,-7
2024-05-08 16:02:38.193,20731,20732,20732,2,2
2024-05-08 16:02:38.218,20731,20732,20732,1,1
2024-05-08 16:02:41.308,20732,20733,20733,1,1
2024-05-08 16:02:41.405,20732,20734,20732,4,-4
2024-05-08 16:02:54.476,20734,20735,20734,2,-2
2024-05-08 16:03:04.568,20733,20735,20734,1,-1
2024-05-08 16:03:19.250,20734,20735,20734,1,-1
2024-05-08 16:03:24.492,20733,20734,20733,1,-1
2024-05-08 16:03:24.493,20733,20734,20733,1,-1
2024-05-08 16:04:01.438,20732,20733,20732,1,-1
2024-05-08 16:04:07.416,20732,20733,20732,1,-1
2024-05-08 16:04:11.904,20732,20733,20732,1,-1
2024-05-08 16:04:13.421,20732,20733,20732,1,-1
2024-05-08 16:04:13.582,20732,20733,20732,1,-1
2024-05-08 16:04:15.334,20732,20733,20732,5,-5
2024-05-08 16:04:20.430,20732,20733,20733,2,2
2024-05-08 16:04:30.058,20732,20733,20733,2,2
2024-05-08 16:04:30.081,20732,20733,20733,3,3
2024-05-08 16:04:44.310,20733,20734,20733,6,-6
2024-05-08 16:05:01.269,20732,20733,20732,1,-1
2024-05-08 16:05:05.856,20732,20733,20732,10,-10
2024-05-08 16:05:09.639,20731,20732,20732,1,1
2024-05-08 16:05:14.556,20731,20732,20731,3,-3
2024-05-08 16:05:14.556,20731,20732,20731,2,-2
2024-05-08 16:05:14.556,20731,20732,20731,2,-2
2024-05-08 16:05:14.882,20730,20731,20730,9,-9
2024-05-08 16:05:17.181,20729,20730,20730,1,1
2024-05-08 16:05:19.241,20729,20730,20729,1,-1
2024-05-08 16:05:19.362,20729,20730,20729,1,-1
2024-05-08 16:05:19.684,20729,20730,20729,5,-5
2024-05-08 16:05:19.809,20729,20730,20729,9,-9
2024-05-08 16:05:19.810,20729,20730,20729,3,-3
2024-05-08 16:05:19.810,20729,20730,20729,28,-28
2024-05-08 16:05:19.810,20729,20730,20728,8,-8
2024-05-08 16:05:19.862,20727,20728,20727,1,-1
2024-05-08 16:05:19.863,20727,20728,20727,3,-3
2024-05-08 16:05:19.863,20727,20728,20727,3,-3
2024-05-08 16:05:19.864,20727,20728,20727,2,-2
2024-05-08 16:05:19.864,20727,20728,20727,1,-1
2024-05-08 16:05:19.864,20727,20728,20727,2,-2
2024-05-08 16:05:19.886,20727,20728,20726,1,-1
2024-05-08 16:05:19.966,20727,20728,20726,3,-3
2024-05-08 16:05:19.980,20726,20727,20726,2,-2
2024-05-08 16:05:19.999,20726,20727,20726,3,-3
2024-05-08 16:05:20.065,20726,20727,20726,1,-1
2024-05-08 16:05:20.066,20726,20727,20726,1,-1
2024-05-08 16:05:20.066,20726,20727,20726,1,-1
2024-05-08 16:05:20.071,20726,20727,20725,1,-1
2024-05-08 16:05:20.096,20725,20726,20725,1,-1
2024-05-08 16:05:20.102,20725,20726,20725,1,-1
2024-05-08 16:05:20.165,20725,20726,20725,1,-1
2024-05-08 16:05:20.165,20725,20726,20725,1,-1
2024-05-08 16:05:20.168,20725,20726,20725,2,-2
2024-05-08 16:05:20.208,20725,20726,20725,2,-2
2024-05-08 16:05:20.219,20725,20726,20725,1,-1
2024-05-08 16:05:20.244,20725,20726,20725,1,-1
2024-05-08 16:05:20.245,20725,20726,20725,1,-1
2024-05-08 16:05:20.290,20725,20726,20724,2,-2
2024-05-08 16:05:20.290,20725,20726,20724,2,-2
2024-05-08 16:05:20.290,20725,20726,20724,3,-3
2024-05-08 16:05:20.303,20725,20726,20724,1,-1
2024-05-08 16:05:20.306,20725,20726,20724,2,-2
2024-05-08 16:05:20.307,20725,20726,20724,4,-4
2024-05-08 16:05:20.307,20725,20726,20723,1,-1
2024-05-08 16:05:20.308,20725,20726,20723,4,-4
2024-05-08 16:05:20.308,20725,20726,20723,2,-2
2024-05-08 16:05:20.309,20725,20726,20723,1,-1
2024-05-08 16:05:20.310,20725,20726,20723,1,-1
2024-05-08 16:05:20.321,20725,20726,20722,5,-5
2024-05-08 16:05:20.325,20725,20726,20722,1,-1
2024-05-08 16:05:20.329,20725,20726,20723,4,-4
2024-05-08 16:05:20.329,20725,20726,20724,1,-1
2024-05-08 16:05:20.351,20722,20724,20722,3,-3
2024-05-08 16:05:20.379,20722,20724,20722,5,-5
2024-05-08 16:05:20.379,20722,20724,20722,1,-1
2024-05-08 16:05:20.395,20722,20724,20723,1,-1
2024-05-08 16:05:20.500,20722,20724,20722,1,-1
2024-05-08 16:05:20.589,20722,20724,20723,1,-1
2024-05-08 16:05:20.998,20723,20724,20723,1,-1
2024-05-08 16:05:21.224,20723,20724,20724,2,2
2024-05-08 16:05:21.536,20723,20725,20723,1,-1
2024-05-08 16:05:23.801,20724,20725,20725,1,1
2024-05-08 16:05:23.857,20725,20726,20726,1,1
2024-05-08 16:05:26.693,20725,20727,20725,1,-1
2024-05-08 16:05:27.973,20725,20727,20725,7,-7
2024-05-08 16:05:28.821,20724,20726,20724,6,-6
2024-05-08 16:05:28.822,20724,20726,20724,1,-1
2024-05-08 16:05:29.333,20724,20725,20725,1,1
2024-05-08 16:05:30.165,20724,20726,20724,1,-1
2024-05-08 16:05:31.041,20724,20725,20725,1,1
2024-05-08 16:05:33.227,20724,20726,20724,1,-1
2024-05-08 16:05:33.813,20724,20726,20724,1,-1
2024-05-08 16:05:38.890,20722,20724,20722,1,-1
2024-05-08 16:05:42.359,20723,20724,20723,1,-1
2024-05-08 16:05:42.526,20722,20724,20722,1,-1
2024-05-08 16:05:43.932,20723,20724,20724,1,1
2024-05-08 16:05:54.807,20723,20725,20725,2,2
2024-05-08 16:05:59.668,20723,20725,20725,2,2
2024-05-08 16:06:03.287,20723,20724,20724,3,3
2024-05-08 16:06:03.350,20723,20724,20723,1,-1
2024-05-08 16:06:04.827,20723,20724,20723,3,-3
2024-05-08 16:06:04.849,20723,20724,20723,1,-1
2024-05-08 16:06:06.780,20722,20724,20722,2,-2
2024-05-08 16:06:07.044,20722,20724,20722,2,-2
2024-05-08 16:06:07.100,20722,20724,20722,1,-1
2024-05-08 16:06:07.100,20722,20724,20722,1,-1
2024-05-08 16:06:07.738,20722,20724,20723,1,-1
2024-05-08 16:06:10.503,20722,20723,20722,1,-1
2024-05-08 16:06:10.644,20722,20723,20722,1,-1
2024-05-08 16:06:11.734,20722,20723,20722,1,-1
2024-05-08 16:06:11.894,20721,20723,20721,1,-1
2024-05-08 16:06:12.380,20721,20723,20723,1,1
2024-05-08 16:06:14.527,20722,20723,20722,3,-3
2024-05-08 16:06:15.668,20722,20723,20722,1,-1
2024-05-08 16:06:16.007,20722,20723,20723,1,1
2024-05-08 16:06:24.480,20722,20723,20722,2,-2
2024-05-08 16:06:27.694,20722,20723,20723,5,5
2024-05-08 16:06:28.280,20722,20723,20722,1,-1
2024-05-08 16:06:28.313,20722,20723,20722,1,-1
2024-05-08 16:06:30.677,20721,20723,20721,2,-2
2024-05-08 16:06:31.735,20721,20722,20721,1,-1
2024-05-08 16:06:31.735,20721,20722,20721,1,-1
2024-05-08 16:06:31.735,20721,20722,20721,1,-1
2024-05-08 16:06:31.735,20721,20722,20721,1,-1
2024-05-08 16:06:31.735,20721,20722,20721,2,-2
2024-05-08 16:06:31.735,20721,20722,20721,2,-2
2024-05-08 16:06:31.735,20721,20722,20721,1,-1
2024-05-08 16:06:31.735,20721,20722,20721,1,-1
2024-05-08 16:06:31.735,20721,20722,20721,5,-5
2024-05-08 16:06:31.736,20721,20722,20721,1,-1
2024-05-08 16:06:31.736,20721,20722,20721,3,-3
2024-05-08 16:06:31.758,20721,20722,20721,1,-1
2024-05-08 16:06:31.773,20721,20722,20721,1,-1
2024-05-08 16:06:31.808,20721,20722,20722,1,1
2024-05-08 16:06:38.957,20720,20721,20721,1,1
2024-05-08 16:06:39.044,20720,20722,20722,1,1
2024-05-08 16:06:46.278,20721,20723,20721,1,-1
2024-05-08 16:06:54.897,20721,20722,20722,2,2
2024-05-08 16:07:00.324,20721,20723,20722,3,3
2024-05-08 16:07:00.505,20722,20723,20723,24,24
2024-05-08 16:07:00.505,20722,20723,20723,1,1
2024-05-08 16:07:00.506,20722,20723,20724,6,6
2024-05-08 16:07:00.506,20722,20723,20724,1,1
2024-05-08 16:07:00.507,20722,20723,20724,1,1
2024-05-08 16:07:00.508,20722,20723,20724,3,3
2024-05-08 16:07:00.508,20722,20723,20725,4,4
2024-05-08 16:07:00.508,20722,20723,20725,1,1
2024-05-08 16:07:00.509,20722,20723,20725,1,1
2024-05-08 16:07:00.518,20722,20723,20725,1,1
2024-05-08 16:07:00.680,20723,20725,20725,1,1
2024-05-08 16:07:09.724,20723,20725,20725,1,1
2024-05-08 16:07:35.866,20724,20725,20724,1,-1
2024-05-08 16:07:40.199,20724,20725,20724,4,-4
2024-05-08 16:07:47.973,20723,20724,20723,2,-2
2024-05-08 16:07:54.692,20723,20724,20723,6,-6
2024-05-08 16:07:57.800,20722,20723,20722,1,-1
2024-05-08 16:08:00.206,20722,20723,20722,1,-1
2024-05-08 16:08:00.789,20722,20723,20722,1,-1
2024-05-08 16:08:01.214,20722,20723,20723,6,6
2024-05-08 16:08:02.337,20723,20724,20723,1,-1
2024-05-08 16:08:03.903,20723,20724,20723,1,-1
2024-05-08 16:08:07.377,20723,20724,20723,1,-1
2024-05-08 16:08:08.096,20722,20724,20722,1,-1
2024-05-08 16:08:13.376,20722,20723,20723,1,1
2024-05-08 16:08:17.262,20722,20723,20722,1,-1
2024-05-08 16:08:18.290,20722,20723,20723,1,1
2024-05-08 16:08:20.209,20722,20723,20722,4,-4
2024-05-08 16:08:20.346,20722,20723,20723,1,1
2024-05-08 16:08:21.304,20722,20723,20723,1,1
2024-05-08 16:08:26.319,20722,20723,20722,1,-1
2024-05-08 16:08:32.804,20722,20723,20722,1,-1
2024-05-08 16:08:33.301,20722,20723,20723,1,1
2024-05-08 16:08:33.301,20722,20723,20723,1,1
2024-05-08 16:08:33.546,20723,20724,20724,1,1
2024-05-08 16:08:33.787,20723,20724,20723,1,-1
2024-05-08 16:08:33.934,20722,20724,20722,2,-2
2024-05-08 16:08:34.817,20723,20724,20724,1,1
2024-05-08 16:08:34.818,20723,20724,20724,1,1
2024-05-08 16:08:35.270,20724,20725,20725,1,1
2024-05-08 16:08:35.270,20724,20725,20725,2,2
2024-05-08 16:08:35.270,20724,20725,20725,2,2
2024-05-08 16:08:35.270,20724,20725,20725,7,7
2024-05-08 16:08:36.239,20725,20726,20726,3,3
2024-05-08 16:08:37.166,20726,20727,20726,4,-4
2024-05-08 16:08:37.416,20725,20727,20725,1,-1
2024-05-08 16:08:38.842,20725,20727,20725,1,-1
2024-05-08 16:08:39.277,20725,20726,20725,1,-1
2024-05-08 16:08:40.546,20724,20726,20725,1,-1
2024-05-08 16:08:43.716,20725,20726,20725,1,-1
2024-05-08 16:08:48.387,20725,20726,20725,1,-1
2024-05-08 16:08:50.711,20725,20727,20725,2,-2
2024-05-08 16:08:53.192,20725,20727,20727,2,2
2024-05-08 16:08:53.246,20725,20727,20727,1,1
2024-05-08 16:09:01.266,20726,20728,20726,1,-1
2024-05-08 16:09:12.298,20727,20729,20727,1,-1
2024-05-08 16:09:12.462,20727,20728,20728,1,1
2024-05-08 16:09:13.393,20727,20728,20728,1,1
2024-05-08 16:09:13.393,20727,20728,20729,4,4
2024-05-08 16:09:13.765,20727,20729,20729,6,6
2024-05-08 16:09:15.777,20727,20729,20729,7,7
2024-05-08 16:09:17.487,20729,20730,20730,11,11
2024-05-08 16:09:17.519,20729,20730,20730,5,5
2024-05-08 16:09:19.127,20730,20731,20730,2,-2
2024-05-08 16:09:19.128,20730,20731,20730,14,-14
2024-05-08 16:09:21.900,20727,20729,20729,2,2
2024-05-08 16:09:22.007,20728,20729,20729,1,1
2024-05-08 16:09:24.036,20728,20730,20730,1,1
2024-05-08 16:09:25.144,20729,20730,20730,1,1
2024-05-08 16:09:26.468,20729,20730,20730,1,1
2024-05-08 16:09:26.929,20729,20730,20730,2,2
2024-05-08 16:09:30.784,20729,20730,20730,1,1
2024-05-08 16:09:31.111,20729,20730,20730,3,3
2024-05-08 16:09:37.615,20729,20730,20730,1,1
2024-05-08 16:09:39.520,20729,20730,20729,1,-1
2024-05-08 16:09:39.527,20729,20730,20730,1,1
2024-05-08 16:09:40.040,20729,20730,20730,1,1
2024-05-08 16:09:40.422,20729,20730,20730,1,1
2024-05-08 16:09:41.813,20730,20731,20730,1,-1
2024-05-08 16:09:46.437,20729,20730,20730,1,1
2024-05-08 16:09:46.437,20729,20730,20730,1,1
2024-05-08 16:09:51.138,20730,20731,20731,1,1
2024-05-08 16:09:51.308,20730,20731,20731,1,1
2024-05-08 16:09:59.930,20730,20731,20731,1,1
2024-05-08 16:10:00.238,20730,20731,20730,1,-1
2024-05-08 16:10:00.556,20730,20731,20731,1,1
2024-05-08 16:10:01.374,20731,20732,20732,1,1
2024-05-08 16:10:02.509,20731,20732,20732,1,1
2024-05-08 16:10:17.371,20731,20732,20731,1,-1
2024-05-08 16:10:21.337,20730,20731,20731,1,1
2024-05-08 16:10:23.501,20730,20732,20732,1,1
2024-05-08 16:10:29.029,20730,20731,20731,1,1
2024-05-08 16:10:35.293,20730,20731,20731,1,1
2024-05-08 16:10:36.355,20731,20732,20732,11,11
2024-05-08 16:10:36.858,20732,20733,20733,2,2
2024-05-08 16:10:36.858,20732,20733,20733,3,3
2024-05-08 16:10:36.858,20732,20733,20733,2,2
2024-05-08 16:10:40.416,20731,20733,20731,1,-1
2024-05-08 16:10:43.387,20731,20733,20731,5,-5
2024-05-08 16:10:44.463,20731,20733,20733,2,2
2024-05-08 16:10:44.749,20731,20733,20733,1,1
2024-05-08 16:10:47.466,20731,20733,20733,10,10
2024-05-08 16:10:47.467,20731,20733,20733,1,1
2024-05-08 16:10:47.611,20732,20733,20732,1,-1
2024-05-08 16:10:48.539,20731,20733,20733,1,1
2024-05-08 16:10:48.705,20731,20733,20733,1,1
2024-05-08 16:10:55.917,20731,20733,20731,2,-2
2024-05-08 16:10:57.951,20730,20732,20732,3,3
2024-05-08 16:10:57.951,20730,20732,20733,7,7
2024-05-08 16:11:02.068,20730,20732,20732,2,2
2024-05-08 16:11:02.132,20731,20733,20731,1,-1
2024-05-08 16:11:16.595,20731,20732,20731,1,-1
2024-05-08 16:11:19.587,20731,20732,20731,1,-1
2024-05-08 16:11:19.587,20731,20732,20731,2,-2
2024-05-08 16:11:37.503,20730,20731,20731,1,1
2024-05-08 16:11:41.911,20731,20732,20732,1,1
2024-05-08 16:11:41.911,20731,20732,20732,1,1
2024-05-08 16:11:43.458,20732,20733,20733,1,1
2024-05-08 16:11:43.458,20732,20733,20733,11,11
2024-05-08 16:11:48.283,20733,20734,20734,2,2
2024-05-08 16:11:51.225,20734,20735,20734,1,-1
2024-05-08 16:11:54.304,20733,20734,20734,1,1
2024-05-08 16:11:54.586,20733,20734,20734,1,1
2024-05-08 16:11:59.450,20734,20735,20735,1,1
2024-05-08 16:11:59.525,20734,20735,20735,1,1
2024-05-08 16:11:59.552,20734,20735,20735,1,1
2024-05-08 16:12:01.420,20734,20735,20734,1,-1
2024-05-08 16:12:01.479,20733,20735,20733,1,-1
2024-05-08 16:12:21.019,20734,20735,20734,1,-1
2024-05-08 16:12:32.062,20734,20735,20735,1,1
2024-05-08 16:12:32.100,20734,20735,20734,1,-1
2024-05-08 16:12:33.356,20734,20735,20735,2,2
2024-05-08 16:12:33.474,20734,20735,20734,1,-1
2024-05-08 16:12:40.441,20733,20734,20733,1,-1
2024-05-08 16:12:41.692,20733,20734,20733,1,-1
2024-05-08 16:12:41.724,20733,20734,20733,1,-1
2024-05-08 16:12:41.724,20733,20734,20733,1,-1
2024-05-08 16:12:41.724,20733,20734,20732,1,-1
2024-05-08 16:12:41.725,20733,20734,20732,1,-1
2024-05-08 16:12:41.725,20733,20734,20731,1,-1
2024-05-08 16:12:41.728,20733,20734,20731,1,-1
2024-05-08 16:12:46.141,20731,20732,20731,1,-1
2024-05-08 16:13:06.236,20731,20732,20731,1,-1
2024-05-08 16:13:15.403,20731,20732,20731,1,-1
2024-05-08 16:13:19.184,20730,20731,20731,1,1
2024-05-08 16:13:20.152,20730,20732,20731,1,1
2024-05-08 16:13:28.790,20731,20732,20732,3,3
2024-05-08 16:13:32.143,20731,20732,20731,1,-1
2024-05-08 16:13:55.059,20730,20732,20730,1,-1
2024-05-08 16:14:00.234,20730,20731,20730,1,-1
2024-05-08 16:14:15.632,20730,20731,20730,1,-1
2024-05-08 16:14:23.660,20730,20731,20730,1,-1
2024-05-08 16:14:25.691,20730,20731,20731,1,1
2024-05-08 16:14:25.691,20730,20731,20731,4,4
2024-05-08 16:14:28.128,20731,20732,20731,2,-2
2024-05-08 16:14:34.800,20731,20732,20731,4,-4
2024-05-08 16:14:35.667,20730,20731,20730,5,-5
2024-05-08 16:14:36.350,20730,20731,20730,4,-4
2024-05-08 16:14:36.350,20730,20731,20729,1,-1
2024-05-08 16:14:40.372,20729,20730,20730,1,1
2024-05-08 16:14:42.332,20729,20731,20730,1,1
2024-05-08 16:14:42.554,20729,20731,20729,1,-1
2024-05-08 16:14:53.444,20729,20731,20731,1,1
2024-05-08 16:15:00.138,20729,20731,20729,1,-1
2024-05-08 16:15:00.261,20728,20730,20730,1,1
2024-05-08 16:15:00.673,20729,20731,20729,1,-1
2024-05-08 16:15:07.227,20728,20730,20730,2,2
2024-05-08 16:15:07.348,20728,20730,20730,1,1
2024-05-08 16:15:07.349,20728,20730,20730,1,1
2024-05-08 16:15:22.077,20729,20731,20731,5,5
2024-05-08 16:15:22.101,20729,20732,20732,1,1
2024-05-08 16:15:22.101,20729,20732,20732,1,1
2024-05-08 16:15:22.101,20729,20732,20732,1,1
2024-05-08 16:15:22.109,20729,20732,20732,1,1
2024-05-08 16:15:26.210,20731,20733,20733,5,5
2024-05-08 16:15:26.224,20731,20733,20733,1,1
2024-05-08 16:15:26.225,20731,20733,20733,1,1
2024-05-08 16:15:40.366,20732,20733,20733,1,1
2024-05-08 16:15:43.664,20732,20733,20733,1,1
2024-05-08 16:15:48.474,20732,20733,20732,1,-1
2024-05-08 16:15:48.474,20732,20733,20732,1,-1
2024-05-08 16:15:54.526,20731,20733,20731,3,-3
2024-05-08 16:16:07.997,20731,20733,20731,1,-1
2024-05-08 16:16:11.596,20731,20733,20731,1,-1
2024-05-08 16:16:16.430,20731,20733,20733,1,1
2024-05-08 16:16:17.855,20731,20733,20731,1,-1
2024-05-08 16:16:18.577,20731,20733,20731,1,-1
2024-05-08 16:16:18.577,20731,20733,20731,1,-1
2024-05-08 16:16:19.615,20731,20733,20733,1,1
2024-05-08 16:16:30.170,20731,20733,20731,1,-1
2024-05-08 16:16:31.474,20731,20733,20731,1,-1
2024-05-08 16:16:55.546,20731,20733,20731,1,-1
2024-05-08 16:16:55.711,20731,20732,20731,2,-2
2024-05-08 16:17:23.744,20730,20731,20730,1,-1
2024-05-08 16:17:34.780,20730,20731,20731,1,1
2024-05-08 16:17:35.463,20730,20732,20730,1,-1
2024-05-08 16:17:39.274,20730,20732,20731,1,-1
2024-05-08 16:18:22.683,20730,20731,20731,1,1
2024-05-08 16:18:26.474,20731,20732,20732,1,1
2024-05-08 16:18:26.693,20731,20732,20731,1,-1
2024-05-08 16:18:26.932,20731,20732,20731,1,-1
2024-05-08 16:18:36.261,20731,20732,20731,1,-1
2024-05-08 16:18:44.034,20731,20732,20731,1,-1
2024-05-08 16:18:44.740,20731,20732,20731,2,-2
2024-05-08 16:18:48.866,20731,20732,20731,1,-1
2024-05-08 16:19:10.492,20730,20731,20730,1,-1
2024-05-08 16:19:10.492,20730,20731,20730,1,-1
2024-05-08 16:19:12.558,20728,20730,20730,1,1
2024-05-08 16:19:19.926,20728,20730,20728,1,-1
2024-05-08 16:19:19.991,20728,20730,20728,1,-1
2024-05-08 16:19:29.109,20728,20730,20728,2,-2
2024-05-08 16:19:29.442,20728,20729,20728,1,-1
2024-05-08 16:19:30.194,20727,20728,20727,1,-1
2024-05-08 16:19:30.194,20727,20728,20726,1,-1
2024-05-08 16:19:30.294,20726,20728,20728,2,2
2024-05-08 16:19:30.296,20726,20728,20728,4,4
2024-05-08 16:19:47.947,20727,20728,20727,2,-2
2024-05-08 16:19:50.798,20726,20728,20726,6,-6
2024-05-08 16:19:51.795,20725,20727,20725,1,-1
2024-05-08 16:19:55.670,20726,20728,20726,4,-4
2024-05-08 16:19:55.670,20726,20728,20725,2,-2
2024-05-08 16:19:58.037,20725,20727,20725,1,-1
2024-05-08 16:20:00.371,20726,20727,20726,1,-1
2024-05-08 16:20:05.337,20726,20727,20726,2,-2
2024-05-08 16:20:07.140,20725,20727,20725,1,-1
2024-05-08 16:20:07.283,20725,20727,20725,1,-1
2024-05-08 16:20:12.987,20725,20726,20725,1,-1
2024-05-08 16:20:13.407,20725,20726,20726,1,1
2024-05-08 16:20:17.043,20725,20726,20725,1,-1
2024-05-08 16:20:18.599,20725,20726,20726,5,5
2024-05-08 16:20:18.775,20725,20727,20725,1,-1
2024-05-08 16:20:28.471,20725,20726,20726,1,1
2024-05-08 16:20:41.197,20726,20727,20726,1,-1
2024-05-08 16:21:03.567,20726,20727,20726,2,-2
2024-05-08 16:21:03.567,20726,20727,20726,5,-5
2024-05-08 16:21:03.568,20726,20727,20726,2,-2
2024-05-08 16:21:07.298,20726,20727,20726,1,-1
2024-05-08 16:21:11.885,20726,20727,20726,1,-1
2024-05-08 16:21:54.818,20725,20726,20725,1,-1
2024-05-08 16:21:59.525,20725,20726,20725,2,-2
2024-05-08 16:22:01.208,20725,20726,20725,1,-1
2024-05-08 16:22:01.475,20725,20726,20725,1,-1
2024-05-08 16:22:10.637,20725,20726,20726,2,2
2024-05-08 16:22:10.639,20725,20726,20727,9,9
2024-05-08 16:22:10.639,20725,20726,20727,1,1
2024-05-08 16:22:10.648,20725,20726,20728,1,1
2024-05-08 16:22:10.659,20725,20726,20727,1,1
2024-05-08 16:22:10.797,20727,20729,20729,2,2
2024-05-08 16:22:10.816,20727,20729,20729,1,1
2024-05-08 16:22:10.839,20727,20729,20727,2,-2
2024-05-08 16:22:10.848,20727,20729,20729,1,1
2024-05-08 16:22:10.869,20727,20729,20729,1,1
2024-05-08 16:22:10.872,20727,20729,20729,1,1
2024-05-08 16:22:10.901,20727,20729,20729,1,1
2024-05-08 16:22:10.925,20727,20729,20729,1,1
2024-05-08 16:22:10.940,20727,20729,20729,1,1
2024-05-08 16:22:59.988,20728,20729,20729,1,1
2024-05-08 16:22:59.988,20728,20729,20729,1,1
2024-05-08 16:22:59.996,20728,20729,20731,1,1
2024-05-08 16:23:00.097,20729,20731,20731,1,1
2024-05-08 16:23:06.788,20729,20731,20729,1,-1
2024-05-08 16:23:11.734,20729,20731,20729,1,-1
2024-05-08 16:23:17.433,20729,20731,20730,1,-1
2024-05-08 16:23:19.732,20729,20731,20731,2,2
2024-05-08 16:23:19.753,20729,20731,20731,5,5
2024-05-08 16:23:20.382,20730,20732,20730,1,-1
2024-05-08 16:23:32.428,20729,20732,20732,1,1
2024-05-08 16:23:33.824,20729,20732,20732,2,2
2024-05-08 16:24:00.150,20731,20732,20731,1,-1
2024-05-08 16:24:02.821,20731,20732,20732,1,1
2024-05-08 16:24:02.821,20731,20732,20732,2,2
2024-05-08 16:24:07.237,20732,20733,20733,4,4
2024-05-08 16:24:09.831,20733,20734,20734,1,1
2024-05-08 16:24:14.483,20733,20734,20734,1,1
2024-05-08 16:24:15.593,20733,20734,20733,1,-1
2024-05-08 16:24:16.743,20732,20734,20732,1,-1
2024-05-08 16:24:20.950,20732,20734,20732,1,-1
2024-05-08 16:24:42.888,20733,20734,20734,3,3
2024-05-08 16:24:43.838,20734,20735,20734,1,-1
2024-05-08 16:24:53.323,20734,20735,20735,1,1
2024-05-08 16:24:53.365,20734,20735,20735,1,1
2024-05-08 16:24:53.594,20734,20735,20735,1,1
2024-05-08 16:24:54.002,20734,20735,20735,1,1
2024-05-08 16:24:54.417,20734,20735,20735,1,1
2024-05-08 16:24:54.710,20734,20735,20735,1,1
2024-05-08 16:24:56.624,20734,20736,20736,1,1
2024-05-08 16:24:58.256,20734,20736,20735,1,1
2024-05-08 16:25:01.176,20734,20736,20734,1,-1
2024-05-08 16:25:01.593,20734,20736,20736,1,1
2024-05-08 16:25:01.728,20734,20736,20736,1,1
2024-05-08 16:25:01.868,20734,20736,20736,1,1
2024-05-08 16:25:02.006,20734,20736,20736,1,1
2024-05-08 16:25:02.093,20734,20736,20735,1,1
2024-05-08 16:25:02.140,20735,20736,20736,1,1
2024-05-08 16:25:02.278,20735,20736,20736,1,1
2024-05-08 16:25:02.430,20735,20736,20736,1,1
2024-05-08 16:25:02.578,20735,20736,20736,1,1
2024-05-08 16:25:02.735,20735,20736,20736,1,1
2024-05-08 16:25:02.863,20735,20736,20736,1,1
2024-05-08 16:25:03.004,20735,20736,20736,1,1
2024-05-08 16:25:03.146,20735,20736,20736,1,1
2024-05-08 16:25:03.347,20735,20736,20736,1,1
2024-05-08 16:25:03.488,20735,20736,20736,1,1
2024-05-08 16:25:03.636,20735,20736,20736,1,1
2024-05-08 16:25:08.486,20735,20736,20736,2,2
2024-05-08 16:25:10.004,20735,20736,20736,2,2
2024-05-08 16:25:10.421,20735,20736,20735,1,-1
2024-05-08 16:25:10.630,20735,20736,20736,1,1
2024-05-08 16:25:10.630,20735,20736,20737,1,1
2024-05-08 16:25:10.813,20735,20737,20737,1,1
2024-05-08 16:25:14.514,20735,20736,20735,2,-2
2024-05-08 16:25:21.060,20734,20736,20736,1,1
2024-05-08 16:25:24.359,20734,20736,20736,1,1
2024-05-08 16:25:34.988,20736,20737,20737,1,1
2024-05-08 16:25:38.160,20736,20737,20737,4,4
2024-05-08 16:25:38.193,20736,20737,20737,1,1
2024-05-08 16:25:38.840,20737,20738,20737,1,-1
2024-05-08 16:25:40.198,20737,20738,20738,6,6
2024-05-08 16:25:40.257,20737,20739,20737,1,-1
2024-05-08 16:25:40.335,20737,20739,20739,1,1
2024-05-08 16:25:45.651,20736,20739,20738,1,1
2024-05-08 16:25:46.412,20736,20738,20738,1,1
2024-05-08 16:25:55.573,20737,20739,20739,2,2
