2019-07-31 15:00:00.043,10722,10723,10722,149
2019-07-31 15:00:00.044,10722,10723,10723,1
2019-07-31 15:00:00.163,10722,10723,10722,1
2019-07-31 15:00:00.204,10722,10723,10722,1
2019-07-31 15:00:00.249,10722,10723,10722,1
2019-07-31 15:00:00.305,10722,10723,10722,2
2019-07-31 15:00:00.376,10722,10723,10722,2
2019-07-31 15:00:00.525,10722,10723,10722,1
2019-07-31 15:00:00.539,10722,10723,10722,1
2019-07-31 15:00:00.704,10722,10723,10722,1
2019-07-31 15:00:00.706,10722,10723,10723,1
2019-07-31 15:00:00.738,10722,10723,10723,1
2019-07-31 15:00:00.766,10722,10723,10723,2
2019-07-31 15:00:00.775,10722,10723,10723,2
2019-07-31 15:00:00.822,10722,10723,10723,2
2019-07-31 15:00:00.867,10722,10723,10723,1
2019-07-31 15:00:00.962,10723,10724,10723,1
2019-07-31 15:00:01.019,10723,10724,10722,1
2019-07-31 15:00:01.251,10722,10724,10724,22
2019-07-31 15:00:01.285,10723,10724,10724,2
2019-07-31 15:00:01.285,10723,10724,10724,2
2019-07-31 15:00:01.286,10723,10724,10724,2
2019-07-31 15:00:02.960,10723,10724,10723,2
2019-07-31 15:00:03.174,10723,10724,10724,15
2019-07-31 15:00:03.333,10724,10725,10724,2
2019-07-31 15:00:03.445,10724,10725,10724,1
2019-07-31 15:00:03.534,10724,10725,10725,1
2019-07-31 15:00:03.589,10724,10725,10724,1
2019-07-31 15:00:04.058,10724,10725,10724,2
2019-07-31 15:00:04.691,10724,10725,10724,1
2019-07-31 15:00:05.658,10724,10725,10724,1
2019-07-31 15:00:05.969,10724,10725,10725,1
2019-07-31 15:00:06.241,10724,10725,10725,4
2019-07-31 15:00:06.450,10724,10725,10724,1
2019-07-31 15:00:06.897,10724,10725,10724,2
2019-07-31 15:00:07.138,10724,10725,10724,1
2019-07-31 15:00:07.296,10723,10724,10723,2
2019-07-31 15:00:08.930,10723,10724,10724,1
2019-07-31 15:00:09.270,10723,10724,10723,2
2019-07-31 15:00:09.525,10723,10724,10724,1
2019-07-31 15:00:10.128,10723,10724,10724,1
2019-07-31 15:00:10.662,10723,10724,10723,3
2019-07-31 15:00:10.793,10723,10724,10723,1
2019-07-31 15:00:11.978,10723,10724,10723,4
2019-07-31 15:00:12.070,10723,10724,10723,5
2019-07-31 15:00:12.202,10722,10724,10723,1
2019-07-31 15:00:12.327,10722,10723,10723,1
2019-07-31 15:00:12.558,10722,10724,10724,1
2019-07-31 15:00:12.703,10722,10724,10724,1
2019-07-31 15:00:12.785,10722,10723,10723,2
2019-07-31 15:00:13.333,10723,10724,10724,1
2019-07-31 15:00:15.518,10723,10724,10723,1
2019-07-31 15:00:16.395,10723,10724,10723,9
2019-07-31 15:00:17.825,10723,10724,10723,1
2019-07-31 15:00:18.876,10723,10724,10723,1
2019-07-31 15:00:19.148,10723,10724,10723,1
2019-07-31 15:00:19.700,10723,10724,10723,5
2019-07-31 15:00:20.386,10723,10724,10724,1
2019-07-31 15:00:23.907,10723,10724,10723,1
2019-07-31 15:00:24.446,10723,10724,10723,1
2019-07-31 15:00:28.142,10723,10724,10723,1
2019-07-31 15:00:28.468,10723,10724,10723,1
2019-07-31 15:00:28.984,10723,10724,10723,14
2019-07-31 15:00:29.243,10722,10723,10723,1
2019-07-31 15:00:29.929,10722,10723,10723,1
2019-07-31 15:00:30.302,10722,10723,10723,1
2019-07-31 15:00:30.596,10722,10723,10723,1
2019-07-31 15:00:30.867,10722,10723,10723,1
2019-07-31 15:00:30.932,10722,10723,10723,1
2019-07-31 15:00:30.968,10722,10723,10723,1
2019-07-31 15:00:31.034,10722,10723,10723,1
2019-07-31 15:00:31.191,10722,10723,10723,1
2019-07-31 15:00:31.499,10722,10723,10723,1
2019-07-31 15:00:31.889,10722,10723,10723,1
2019-07-31 15:00:32.470,10722,10723,10722,10
2019-07-31 15:00:33.106,10722,10723,10723,1
2019-07-31 15:00:34.320,10722,10723,10723,2
2019-07-31 15:00:35.048,10722,10723,10722,5
2019-07-31 15:00:36.492,10722,10723,10723,1
2019-07-31 15:00:36.531,10722,10723,10723,3
2019-07-31 15:00:38.139,10722,10723,10722,2
2019-07-31 15:00:38.812,10722,10723,10723,2
2019-07-31 15:00:44.882,10722,10723,10723,1
2019-07-31 15:00:44.900,10722,10723,10723,1
2019-07-31 15:00:48.413,10722,10723,10723,1
2019-07-31 15:00:48.798,10722,10723,10723,1
2019-07-31 15:00:49.841,10722,10723,10723,1
2019-07-31 15:00:50.557,10722,10723,10723,10
2019-07-31 15:00:50.895,10722,10723,10722,1
2019-07-31 15:00:53.892,10722,10723,10723,1
2019-07-31 15:00:54.196,10722,10723,10723,1
2019-07-31 15:00:54.272,10722,10723,10723,15
2019-07-31 15:00:54.288,10722,10723,10723,1
2019-07-31 15:00:55.328,10722,10723,10723,2
2019-07-31 15:00:55.502,10722,10723,10722,1
2019-07-31 15:00:55.645,10722,10723,10722,1
2019-07-31 15:00:55.655,10722,10723,10723,1
2019-07-31 15:00:58.448,10722,10723,10723,1
2019-07-31 15:00:58.627,10722,10723,10723,1
2019-07-31 15:00:59.453,10722,10723,10722,1
2019-07-31 15:00:59.910,10722,10723,10723,4
2019-07-31 15:00:59.910,10722,10723,10723,2
2019-07-31 15:01:00.071,10722,10724,10723,1
2019-07-31 15:01:00.608,10723,10724,10724,7
2019-07-31 15:01:03.017,10723,10724,10723,10
2019-07-31 15:01:04.561,10723,10724,10724,3
2019-07-31 15:01:08.767,10723,10724,10724,2
2019-07-31 15:01:11.785,10723,10724,10724,1
2019-07-31 15:01:11.910,10723,10724,10724,1
2019-07-31 15:01:13.098,10723,10724,10724,1
2019-07-31 15:01:13.545,10723,10724,10724,3
2019-07-31 15:01:14.039,10723,10724,10724,5
2019-07-31 15:01:17.614,10724,10725,10724,1
2019-07-31 15:01:18.094,10724,10725,10725,1
2019-07-31 15:01:18.871,10724,10725,10724,2
2019-07-31 15:01:26.946,10724,10725,10724,1
2019-07-31 15:01:28.034,10724,10725,10725,1
2019-07-31 15:01:30.877,10724,10725,10725,1
2019-07-31 15:01:31.123,10724,10725,10724,2
2019-07-31 15:01:31.131,10724,10725,10725,1
2019-07-31 15:01:32.418,10724,10725,10725,1
2019-07-31 15:01:33.238,10724,10725,10724,1
2019-07-31 15:01:33.642,10724,10725,10724,1
2019-07-31 15:01:36.692,10724,10725,10724,2
2019-07-31 15:01:39.807,10724,10725,10725,1
2019-07-31 15:01:41.665,10724,10725,10724,1
2019-07-31 15:01:42.816,10724,10725,10724,1
2019-07-31 15:01:43.914,10724,10725,10725,1
2019-07-31 15:01:45.293,10724,10725,10725,7
2019-07-31 15:01:47.532,10724,10725,10725,1
2019-07-31 15:01:50.836,10724,10725,10725,1
2019-07-31 15:01:54.596,10724,10725,10724,2
2019-07-31 15:01:55.238,10724,10725,10724,14
2019-07-31 15:01:56.477,10723,10725,10725,1
2019-07-31 15:02:01.154,10723,10724,10723,1
2019-07-31 15:02:01.500,10723,10724,10723,1
2019-07-31 15:02:04.888,10723,10724,10724,1
2019-07-31 15:02:08.370,10723,10724,10723,27
2019-07-31 15:02:08.771,10722,10723,10723,1
2019-07-31 15:02:09.848,10722,10723,10722,1
2019-07-31 15:02:09.848,10722,10723,10723,1
2019-07-31 15:02:09.910,10722,10723,10722,10
2019-07-31 15:02:09.978,10722,10723,10722,1
2019-07-31 15:02:10.035,10722,10723,10722,24
2019-07-31 15:02:10.041,10722,10723,10722,3
2019-07-31 15:02:10.041,10722,10723,10722,2
2019-07-31 15:02:10.046,10722,10723,10722,1
2019-07-31 15:02:10.160,10722,10723,10722,1
2019-07-31 15:02:12.867,10721,10722,10721,2
2019-07-31 15:02:12.910,10721,10722,10721,4
2019-07-31 15:02:12.943,10721,10722,10721,5
2019-07-31 15:02:14.875,10721,10722,10721,2
2019-07-31 15:02:17.835,10721,10722,10721,1
2019-07-31 15:02:18.158,10721,10722,10721,2
2019-07-31 15:02:19.769,10721,10722,10722,1
2019-07-31 15:02:20.137,10721,10722,10722,1
2019-07-31 15:02:21.899,10721,10722,10721,1
2019-07-31 15:02:23.156,10721,10722,10722,6
2019-07-31 15:02:23.501,10722,10723,10723,1
2019-07-31 15:02:23.543,10722,10723,10723,2
2019-07-31 15:02:23.559,10722,10723,10723,1
2019-07-31 15:02:24.389,10723,10724,10723,2
2019-07-31 15:02:24.389,10723,10724,10722,46
2019-07-31 15:02:24.536,10722,10723,10722,2
2019-07-31 15:02:24.547,10722,10723,10722,1
2019-07-31 15:02:28.738,10722,10723,10723,1
2019-07-31 15:02:29.936,10722,10723,10722,2
2019-07-31 15:02:31.319,10722,10723,10723,1
2019-07-31 15:02:32.781,10722,10723,10723,5
2019-07-31 15:02:34.607,10723,10724,10723,1
2019-07-31 15:02:37.207,10723,10724,10723,17
2019-07-31 15:02:37.285,10722,10723,10723,3
2019-07-31 15:02:40.609,10723,10724,10723,1
2019-07-31 15:02:45.600,10723,10724,10723,1
2019-07-31 15:02:49.249,10723,10724,10723,1
2019-07-31 15:02:52.699,10723,10724,10724,1
2019-07-31 15:02:58.375,10723,10724,10724,3
2019-07-31 15:03:06.998,10723,10724,10724,4
2019-07-31 15:03:07.792,10723,10724,10724,1
2019-07-31 15:03:14.259,10723,10724,10723,1
2019-07-31 15:03:16.514,10723,10724,10724,2
2019-07-31 15:03:30.189,10723,10724,10723,19
2019-07-31 15:03:30.336,10722,10724,10723,1
2019-07-31 15:03:34.051,10722,10723,10722,3
2019-07-31 15:03:35.990,10722,10723,10723,1
2019-07-31 15:03:36.532,10722,10723,10723,15
2019-07-31 15:03:37.634,10722,10723,10723,1
2019-07-31 15:03:39.461,10722,10723,10722,1
2019-07-31 15:03:40.754,10722,10723,10723,2
2019-07-31 15:03:40.910,10722,10723,10722,1
2019-07-31 15:03:43.315,10722,10723,10723,5
2019-07-31 15:03:43.664,10722,10723,10723,8
2019-07-31 15:03:43.786,10723,10724,10723,7
2019-07-31 15:03:44.160,10722,10723,10723,1
2019-07-31 15:03:44.877,10722,10724,10722,1
2019-07-31 15:03:48.763,10723,10724,10723,2
2019-07-31 15:03:52.041,10723,10724,10723,1
2019-07-31 15:03:52.105,10723,10724,10723,3
2019-07-31 15:03:58.714,10722,10723,10723,14
2019-07-31 15:03:58.786,10723,10724,10723,1
2019-07-31 15:04:01.661,10722,10723,10723,1
2019-07-31 15:04:04.974,10723,10724,10723,1
2019-07-31 15:04:05.534,10723,10724,10723,1
2019-07-31 15:04:05.535,10722,10723,10723,1
2019-07-31 15:04:09.292,10722,10724,10723,1
2019-07-31 15:04:10.886,10722,10723,10722,20
2019-07-31 15:04:11.514,10722,10723,10723,1
2019-07-31 15:04:14.129,10722,10723,10723,1
2019-07-31 15:04:15.987,10722,10723,10723,1
2019-07-31 15:04:19.670,10722,10723,10723,1
2019-07-31 15:04:21.068,10723,10724,10723,1
2019-07-31 15:04:21.068,10723,10724,10722,23
2019-07-31 15:04:29.624,10722,10723,10722,1
2019-07-31 15:04:29.965,10722,10723,10723,1
2019-07-31 15:04:33.537,10722,10723,10723,1
2019-07-31 15:04:35.850,10722,10723,10722,2
2019-07-31 15:04:54.345,10722,10723,10722,1
2019-07-31 15:05:02.024,10722,10723,10723,2
2019-07-31 15:05:02.295,10722,10723,10723,2
2019-07-31 15:05:05.529,10722,10723,10722,1
2019-07-31 15:05:08.985,10722,10723,10722,3
2019-07-31 15:05:13.040,10722,10723,10722,1
2019-07-31 15:05:14.975,10722,10723,10723,2
2019-07-31 15:05:15.035,10722,10723,10723,4
2019-07-31 15:05:19.343,10723,10724,10723,13
2019-07-31 15:05:22.962,10722,10723,10723,2
2019-07-31 15:05:23.842,10722,10723,10723,1
2019-07-31 15:05:32.326,10722,10723,10723,1
2019-07-31 15:05:33.857,10722,10723,10723,1
2019-07-31 15:05:33.877,10722,10723,10723,7
2019-07-31 15:05:33.910,10722,10723,10723,2
2019-07-31 15:05:34.794,10722,10723,10723,1
2019-07-31 15:05:36.071,10722,10723,10723,5
2019-07-31 15:05:36.109,10722,10723,10722,1
2019-07-31 15:05:39.726,10722,10723,10723,6
2019-07-31 15:05:43.458,10723,10724,10723,1
2019-07-31 15:05:50.531,10723,10724,10724,3
2019-07-31 15:05:50.734,10723,10724,10724,3
2019-07-31 15:05:53.729,10723,10724,10723,1
2019-07-31 15:05:56.548,10723,10724,10724,1
2019-07-31 15:06:06.957,10723,10724,10724,1
2019-07-31 15:06:08.717,10723,10724,10724,1
2019-07-31 15:06:10.020,10723,10724,10724,1
2019-07-31 15:06:17.785,10723,10724,10724,7
2019-07-31 15:06:17.910,10723,10724,10724,4
2019-07-31 15:06:19.145,10723,10724,10724,3
2019-07-31 15:06:19.286,10723,10724,10724,1
2019-07-31 15:06:19.286,10723,10724,10724,1
2019-07-31 15:06:19.288,10723,10724,10724,3
2019-07-31 15:06:19.289,10723,10724,10724,1
2019-07-31 15:06:19.290,10723,10724,10724,1
2019-07-31 15:06:19.410,10723,10724,10724,1
2019-07-31 15:06:19.535,10724,10725,10724,1
2019-07-31 15:06:34.025,10724,10725,10725,1
2019-07-31 15:06:34.806,10724,10725,10724,2
2019-07-31 15:06:38.450,10724,10725,10725,15
2019-07-31 15:06:39.120,10724,10725,10724,1
2019-07-31 15:06:39.322,10724,10725,10725,5
2019-07-31 15:06:39.595,10724,10725,10725,1
2019-07-31 15:06:39.782,10724,10725,10725,3
2019-07-31 15:06:40.516,10724,10725,10725,1
2019-07-31 15:06:40.945,10724,10725,10725,1
2019-07-31 15:06:41.101,10724,10725,10725,1
2019-07-31 15:06:42.077,10724,10725,10725,1
2019-07-31 15:06:42.578,10724,10725,10725,1
2019-07-31 15:06:43.248,10724,10725,10725,2
2019-07-31 15:06:43.249,10724,10725,10725,4
2019-07-31 15:06:43.250,10724,10725,10725,4
2019-07-31 15:06:43.286,10725,10726,10725,3
2019-07-31 15:06:43.440,10725,10726,10725,2
2019-07-31 15:06:43.465,10725,10726,10725,1
2019-07-31 15:06:43.564,10725,10726,10725,5
2019-07-31 15:06:45.107,10725,10726,10725,1
2019-07-31 15:06:48.923,10725,10726,10725,1
2019-07-31 15:06:50.422,10725,10726,10725,1
2019-07-31 15:06:50.549,10725,10726,10725,2
2019-07-31 15:07:00.554,10725,10726,10725,1
2019-07-31 15:07:04.436,10725,10726,10725,2
2019-07-31 15:07:13.539,10725,10726,10725,1
2019-07-31 15:07:16.150,10725,10726,10725,1
2019-07-31 15:07:21.355,10725,10726,10725,1
2019-07-31 15:07:22.176,10725,10726,10725,2
2019-07-31 15:07:25.441,10725,10726,10725,4
2019-07-31 15:07:25.642,10725,10726,10726,2
2019-07-31 15:07:28.367,10725,10726,10726,1
2019-07-31 15:07:36.957,10725,10726,10726,1
2019-07-31 15:07:38.782,10725,10726,10726,1
2019-07-31 15:07:42.306,10725,10726,10725,1
2019-07-31 15:07:43.189,10725,10726,10725,2
2019-07-31 15:07:51.256,10725,10726,10725,1
2019-07-31 15:07:54.180,10725,10726,10725,20
2019-07-31 15:07:55.702,10725,10726,10725,1
2019-07-31 15:07:55.926,10725,10726,10726,1
2019-07-31 15:07:56.187,10725,10726,10725,1
2019-07-31 15:07:56.694,10725,10726,10725,1
2019-07-31 15:07:58.732,10725,10726,10725,1
2019-07-31 15:08:00.220,10725,10726,10725,1
2019-07-31 15:08:04.113,10725,10726,10726,20
2019-07-31 15:08:13.837,10725,10726,10725,20
2019-07-31 15:08:18.767,10725,10726,10725,3
2019-07-31 15:08:18.786,10725,10726,10725,6
2019-07-31 15:08:20.323,10724,10725,10725,1
2019-07-31 15:08:23.467,10724,10725,10725,1
2019-07-31 15:08:26.139,10724,10725,10725,3
2019-07-31 15:08:26.489,10725,10726,10725,1
2019-07-31 15:08:31.610,10724,10726,10726,2
2019-07-31 15:08:33.711,10724,10725,10725,2
2019-07-31 15:08:37.305,10724,10725,10725,1
2019-07-31 15:08:38.075,10724,10725,10725,1
2019-07-31 15:08:38.451,10724,10725,10725,1
2019-07-31 15:08:55.552,10724,10725,10725,1
2019-07-31 15:08:56.878,10724,10725,10725,2
2019-07-31 15:08:59.742,10724,10725,10725,1
2019-07-31 15:09:04.281,10724,10725,10724,2
2019-07-31 15:09:04.319,10724,10725,10725,3
2019-07-31 15:09:04.684,10724,10725,10724,2
2019-07-31 15:09:13.560,10724,10725,10724,24
2019-07-31 15:09:14.380,10724,10725,10724,2
2019-07-31 15:09:14.410,10724,10725,10724,10
2019-07-31 15:09:14.410,10724,10725,10724,1
2019-07-31 15:09:18.803,10723,10724,10724,2
2019-07-31 15:09:19.331,10723,10724,10723,1
2019-07-31 15:09:26.852,10723,10724,10724,3
2019-07-31 15:09:29.486,10723,10725,10723,10
2019-07-31 15:09:38.647,10723,10724,10723,3
2019-07-31 15:09:45.052,10723,10724,10723,1
2019-07-31 15:09:45.756,10723,10724,10724,2
2019-07-31 15:09:47.765,10724,10725,10724,1
2019-07-31 15:09:48.549,10724,10725,10724,1
2019-07-31 15:09:49.169,10723,10724,10724,2
2019-07-31 15:09:50.666,10724,10725,10724,1
2019-07-31 15:09:52.936,10724,10725,10724,5
2019-07-31 15:09:55.737,10724,10725,10724,1
2019-07-31 15:09:56.557,10724,10725,10724,2
2019-07-31 15:09:59.813,10723,10724,10724,5
2019-07-31 15:10:07.390,10723,10724,10723,1
2019-07-31 15:10:08.264,10723,10724,10724,1
2019-07-31 15:10:09.719,10723,10724,10724,4
2019-07-31 15:10:10.529,10724,10725,10724,1
2019-07-31 15:10:10.691,10724,10725,10724,1
2019-07-31 15:10:13.916,10724,10725,10724,1
2019-07-31 15:10:15.418,10724,10725,10725,6
2019-07-31 15:10:15.418,10724,10725,10725,9
2019-07-31 15:10:15.652,10724,10725,10725,3
2019-07-31 15:10:15.660,10724,10725,10725,2
2019-07-31 15:10:18.179,10724,10725,10725,1
2019-07-31 15:10:23.954,10725,10726,10725,4
2019-07-31 15:10:23.954,10725,10726,10724,16
2019-07-31 15:10:32.142,10725,10726,10725,5
2019-07-31 15:10:34.854,10724,10725,10725,1
2019-07-31 15:10:37.675,10724,10725,10725,1
2019-07-31 15:10:38.578,10724,10725,10725,1
2019-07-31 15:10:43.141,10724,10725,10725,1
2019-07-31 15:10:54.176,10724,10725,10725,1
2019-07-31 15:11:04.056,10724,10725,10725,1
2019-07-31 15:11:08.719,10724,10725,10725,1
2019-07-31 15:11:09.446,10724,10725,10725,1
2019-07-31 15:11:09.548,10724,10725,10725,1
2019-07-31 15:11:11.819,10724,10725,10725,6
2019-07-31 15:11:12.525,10725,10726,10725,1
2019-07-31 15:11:17.110,10725,10726,10725,5
2019-07-31 15:11:20.337,10725,10726,10725,5
2019-07-31 15:11:24.511,10725,10726,10725,2
2019-07-31 15:11:24.511,10725,10726,10724,3
2019-07-31 15:11:25.296,10724,10725,10724,5
2019-07-31 15:11:25.627,10724,10725,10724,5
2019-07-31 15:11:25.818,10724,10725,10724,5
2019-07-31 15:11:26.552,10724,10725,10725,1
2019-07-31 15:11:26.809,10724,10725,10724,5
2019-07-31 15:11:27.675,10724,10725,10724,5
2019-07-31 15:11:28.511,10724,10725,10725,10
2019-07-31 15:11:33.017,10724,10725,10725,1
2019-07-31 15:11:33.645,10724,10725,10725,1
2019-07-31 15:11:38.602,10724,10725,10724,10
2019-07-31 15:11:48.631,10724,10725,10724,1
2019-07-31 15:12:24.772,10724,10725,10725,1
2019-07-31 15:12:24.775,10724,10725,10725,21
2019-07-31 15:12:24.911,10725,10726,10725,1
2019-07-31 15:12:24.964,10725,10726,10725,1
2019-07-31 15:12:26.642,10725,10726,10725,3
2019-07-31 15:12:39.287,10725,10726,10726,1
2019-07-31 15:12:39.411,10725,10726,10726,26
2019-07-31 15:12:48.107,10726,10727,10726,2
2019-07-31 15:12:55.071,10726,10727,10726,2
2019-07-31 15:12:56.166,10726,10727,10726,1
2019-07-31 15:13:02.614,10726,10727,10726,1
2019-07-31 15:13:13.115,10726,10727,10727,5
2019-07-31 15:13:17.170,10726,10727,10727,1
2019-07-31 15:13:18.635,10726,10727,10726,2
2019-07-31 15:13:19.601,10726,10727,10726,1
2019-07-31 15:13:24.190,10726,10727,10726,1
2019-07-31 15:13:24.517,10726,10727,10727,1
2019-07-31 15:13:25.514,10726,10727,10727,1
2019-07-31 15:13:26.703,10726,10727,10726,1
2019-07-31 15:13:28.695,10726,10727,10726,1
2019-07-31 15:13:28.989,10726,10727,10726,1
2019-07-31 15:13:29.859,10726,10727,10726,1
2019-07-31 15:13:35.219,10726,10727,10727,5
2019-07-31 15:13:36.130,10726,10727,10727,1
2019-07-31 15:13:47.848,10726,10727,10726,1
2019-07-31 15:13:48.729,10726,10727,10727,23
2019-07-31 15:13:54.937,10726,10727,10727,1
2019-07-31 15:14:01.554,10726,10727,10727,1
2019-07-31 15:14:05.226,10726,10727,10727,5
2019-07-31 15:14:09.451,10727,10728,10727,1
2019-07-31 15:14:11.115,10727,10728,10727,1
2019-07-31 15:14:11.553,10726,10727,10727,1
2019-07-31 15:14:16.269,10726,10727,10727,1
2019-07-31 15:14:23.052,10726,10727,10727,2
2019-07-31 15:14:26.140,10726,10727,10727,1
2019-07-31 15:14:27.479,10726,10727,10727,1
2019-07-31 15:14:42.634,10726,10727,10727,3
2019-07-31 15:14:55.615,10726,10727,10727,1
2019-07-31 15:15:02.910,10726,10727,10726,39
2019-07-31 15:15:03.160,10725,10726,10725,23
2019-07-31 15:15:03.285,10725,10726,10725,6
2019-07-31 15:15:03.410,10725,10726,10725,1
2019-07-31 15:15:03.525,10725,10726,10725,1
2019-07-31 15:15:04.149,10725,10726,10725,1
2019-07-31 15:15:04.215,10724,10726,10724,1
2019-07-31 15:15:07.332,10724,10726,10726,1
2019-07-31 15:15:33.785,10724,10725,10725,8
2019-07-31 15:15:33.910,10724,10725,10725,2
2019-07-31 15:15:42.512,10725,10726,10725,2
2019-07-31 15:15:43.250,10725,10726,10725,1
2019-07-31 15:15:44.779,10724,10725,10725,2
2019-07-31 15:15:56.459,10724,10725,10725,2
2019-07-31 15:15:59.079,10724,10725,10725,3
2019-07-31 15:15:59.160,10724,10725,10725,3
2019-07-31 15:16:15.884,10725,10726,10726,2
2019-07-31 15:16:15.910,10725,10726,10726,14
2019-07-31 15:16:16.795,10725,10726,10726,1
2019-07-31 15:16:19.137,10725,10727,10725,1
2019-07-31 15:16:27.358,10726,10727,10726,1
2019-07-31 15:16:38.742,10725,10726,10726,1
2019-07-31 15:16:57.944,10725,10726,10726,1
2019-07-31 15:16:58.063,10725,10727,10726,1
2019-07-31 15:17:12.141,10725,10726,10726,1
2019-07-31 15:17:13.752,10725,10726,10726,1
2019-07-31 15:17:29.700,10726,10727,10726,1
2019-07-31 15:17:41.739,10726,10727,10727,1
2019-07-31 15:17:41.889,10726,10727,10727,1
2019-07-31 15:18:02.487,10726,10727,10727,3
2019-07-31 15:18:02.662,10726,10727,10726,1
2019-07-31 15:18:14.459,10726,10727,10726,1
2019-07-31 15:18:17.927,10726,10727,10726,1
2019-07-31 15:18:20.797,10726,10727,10726,4
2019-07-31 15:18:20.910,10726,10727,10726,3
2019-07-31 15:18:26.005,10725,10726,10725,1
2019-07-31 15:18:43.894,10725,10726,10726,2
2019-07-31 15:18:43.910,10725,10726,10726,3
2019-07-31 15:18:44.035,10725,10726,10726,4
2019-07-31 15:18:55.901,10726,10727,10726,1
2019-07-31 15:19:11.256,10725,10726,10726,1
2019-07-31 15:19:33.638,10725,10726,10725,3
2019-07-31 15:19:33.840,10725,10726,10725,3
2019-07-31 15:19:33.910,10725,10726,10725,14
2019-07-31 15:19:46.964,10724,10725,10725,1
2019-07-31 15:19:47.450,10724,10725,10725,1
2019-07-31 15:19:47.537,10724,10725,10725,1
2019-07-31 15:19:49.060,10724,10725,10725,1
2019-07-31 15:19:52.106,10724,10725,10725,1
2019-07-31 15:19:55.038,10724,10725,10724,1
2019-07-31 15:19:58.709,10724,10725,10725,1
2019-07-31 15:20:02.109,10724,10725,10725,1
2019-07-31 15:20:13.667,10724,10725,10725,1
2019-07-31 15:20:30.560,10724,10725,10724,3
2019-07-31 15:20:31.279,10724,10725,10725,1
2019-07-31 15:20:52.100,10724,10725,10724,1
2019-07-31 15:20:56.360,10724,10725,10724,2
2019-07-31 15:20:57.074,10724,10725,10725,1
2019-07-31 15:21:00.907,10724,10725,10724,10
2019-07-31 15:21:00.910,10724,10725,10724,21
2019-07-31 15:21:00.910,10724,10725,10724,4
2019-07-31 15:21:00.910,10724,10725,10724,1
2019-07-31 15:21:03.746,10723,10724,10724,1
2019-07-31 15:21:22.415,10723,10724,10724,1
2019-07-31 15:21:27.625,10723,10724,10724,1
2019-07-31 15:21:27.660,10723,10724,10724,2
2019-07-31 15:21:29.214,10723,10724,10723,2
2019-07-31 15:21:29.316,10723,10724,10723,1
2019-07-31 15:21:33.610,10723,10724,10724,1
2019-07-31 15:21:56.233,10723,10724,10723,20
2019-07-31 15:22:14.016,10723,10724,10724,7
2019-07-31 15:22:14.163,10723,10725,10724,1
2019-07-31 15:22:18.342,10724,10725,10724,5
2019-07-31 15:22:35.285,10724,10725,10725,15
2019-07-31 15:22:43.035,10725,10726,10725,9
2019-07-31 15:22:43.161,10724,10725,10725,2
2019-07-31 15:22:54.745,10724,10725,10725,1
2019-07-31 15:22:57.779,10724,10725,10725,1
2019-07-31 15:22:58.896,10724,10725,10725,1
2019-07-31 15:23:12.923,10724,10725,10725,1
2019-07-31 15:23:51.291,10724,10725,10725,1
2019-07-31 15:24:00.467,10724,10725,10724,1
2019-07-31 15:24:03.673,10724,10725,10725,1
2019-07-31 15:24:03.744,10724,10725,10724,1
2019-07-31 15:24:04.318,10724,10725,10724,1
2019-07-31 15:24:05.493,10724,10725,10724,1
2019-07-31 15:24:05.589,10724,10725,10724,1
2019-07-31 15:24:11.845,10724,10725,10724,1
2019-07-31 15:24:20.974,10724,10725,10725,1
2019-07-31 15:24:31.270,10724,10725,10725,1
2019-07-31 15:25:05.300,10724,10725,10725,2
2019-07-31 15:25:17.579,10724,10725,10724,5
2019-07-31 15:25:29.505,10724,10725,10724,1
2019-07-31 15:25:33.068,10724,10725,10724,5
2019-07-31 15:25:46.341,10724,10725,10724,1
2019-07-31 15:25:52.501,10724,10725,10724,5
2019-07-31 15:25:55.657,10724,10725,10724,4
2019-07-31 15:26:05.376,10723,10724,10724,1
2019-07-31 15:26:14.995,10723,10725,10725,1
2019-07-31 15:26:22.854,10723,10725,10725,2
2019-07-31 15:26:43.573,10724,10725,10724,2
2019-07-31 15:27:20.942,10723,10724,10724,5
2019-07-31 15:27:21.857,10723,10724,10723,1
2019-07-31 15:27:21.895,10723,10724,10723,20
2019-07-31 15:27:32.793,10723,10724,10723,5
2019-07-31 15:27:37.674,10723,10724,10723,5
2019-07-31 15:27:41.732,10723,10724,10723,4
2019-07-31 15:27:41.903,10722,10723,10723,1
2019-07-31 15:27:45.603,10722,10724,10722,20
2019-07-31 15:27:45.815,10722,10723,10722,2
2019-07-31 15:27:53.922,10722,10723,10722,2
2019-07-31 15:27:58.381,10722,10723,10723,1
2019-07-31 15:28:04.535,10722,10723,10723,5
2019-07-31 15:28:18.508,10723,10724,10723,3
2019-07-31 15:28:22.574,10723,10724,10723,1
2019-07-31 15:28:35.904,10723,10724,10723,1
2019-07-31 15:28:48.796,10722,10723,10723,1
2019-07-31 15:28:49.855,10722,10723,10723,1
2019-07-31 15:28:51.990,10722,10723,10723,1
2019-07-31 15:28:58.367,10723,10724,10723,5
2019-07-31 15:29:01.312,10723,10724,10723,1
2019-07-31 15:29:06.417,10723,10724,10723,2
2019-07-31 15:29:11.521,10723,10724,10723,1
2019-07-31 15:29:17.989,10723,10724,10723,1
2019-07-31 15:29:33.734,10722,10723,10723,1
2019-07-31 15:29:40.526,10723,10724,10723,1
2019-07-31 15:29:46.726,10722,10723,10723,1
2019-07-31 15:29:56.711,10722,10723,10723,2
2019-07-31 15:30:02.231,10722,10723,10723,1
2019-07-31 15:30:02.855,10722,10723,10722,1
2019-07-31 15:30:02.963,10722,10723,10722,2
2019-07-31 15:30:03.341,10722,10723,10723,1
2019-07-31 15:30:03.441,10722,10723,10722,1
2019-07-31 15:30:07.590,10722,10723,10722,1
2019-07-31 15:30:25.071,10722,10723,10723,4
2019-07-31 15:30:25.072,10722,10723,10723,1
2019-07-31 15:30:27.961,10723,10724,10723,2
2019-07-31 15:30:32.669,10723,10724,10723,4
2019-07-31 15:30:39.661,10722,10723,10723,3
2019-07-31 15:30:48.660,10723,10724,10724,6
2019-07-31 15:30:48.660,10723,10724,10724,2
2019-07-31 15:30:48.660,10723,10724,10724,4
2019-07-31 15:30:48.705,10723,10724,10724,9
2019-07-31 15:30:48.705,10723,10724,10724,1
2019-07-31 15:30:53.182,10724,10725,10724,2
2019-07-31 15:31:12.797,10724,10725,10724,3
2019-07-31 15:31:14.450,10724,10725,10724,4
2019-07-31 15:31:22.440,10724,10725,10724,5
2019-07-31 15:31:23.922,10724,10725,10724,1
2019-07-31 15:31:32.025,10724,10725,10724,1
2019-07-31 15:31:37.923,10724,10725,10725,1
2019-07-31 15:31:50.484,10724,10725,10724,5
2019-07-31 15:31:56.990,10724,10725,10725,1
2019-07-31 15:31:59.514,10724,10725,10724,3
2019-07-31 15:32:18.101,10724,10725,10724,1
2019-07-31 15:32:35.547,10724,10725,10724,1
2019-07-31 15:32:54.641,10724,10725,10724,1
2019-07-31 15:32:55.259,10724,10725,10724,1
2019-07-31 15:33:15.991,10724,10725,10724,2
2019-07-31 15:33:16.248,10724,10725,10725,7
2019-07-31 15:33:16.254,10724,10725,10725,2
2019-07-31 15:33:16.261,10724,10725,10725,3
2019-07-31 15:33:16.261,10724,10725,10725,2
2019-07-31 15:33:16.349,10724,10725,10725,3
2019-07-31 15:33:16.352,10724,10725,10725,3
2019-07-31 15:33:16.355,10724,10725,10725,7
2019-07-31 15:33:16.403,10724,10725,10725,3
2019-07-31 15:33:16.406,10724,10725,10725,4
2019-07-31 15:33:16.406,10724,10725,10726,4
2019-07-31 15:33:16.416,10725,10726,10726,1
2019-07-31 15:33:16.445,10725,10726,10726,1
2019-07-31 15:33:16.456,10725,10726,10726,6
2019-07-31 15:33:16.476,10725,10726,10726,5
2019-07-31 15:33:16.591,10725,10726,10726,2
2019-07-31 15:33:16.691,10725,10726,10726,3
2019-07-31 15:33:16.713,10725,10726,10726,2
2019-07-31 15:33:16.717,10725,10726,10726,1
2019-07-31 15:33:35.849,10725,10726,10725,1
2019-07-31 15:33:55.088,10725,10726,10726,1
2019-07-31 15:33:56.656,10725,10726,10726,3
2019-07-31 15:33:56.855,10725,10726,10726,3
2019-07-31 15:33:56.984,10725,10726,10726,3
2019-07-31 15:34:01.609,10726,10727,10726,1
2019-07-31 15:34:03.265,10726,10727,10726,1
2019-07-31 15:34:27.730,10726,10727,10727,1
2019-07-31 15:34:27.900,10726,10727,10727,3
2019-07-31 15:34:27.913,10726,10727,10727,1
2019-07-31 15:34:28.429,10726,10727,10727,2
2019-07-31 15:34:28.988,10726,10727,10727,1
2019-07-31 15:34:37.708,10726,10727,10727,1
2019-07-31 15:34:41.454,10726,10727,10727,1
2019-07-31 15:34:41.688,10726,10727,10727,2
2019-07-31 15:34:53.592,10726,10727,10727,1
2019-07-31 15:35:20.580,10726,10727,10726,1
2019-07-31 15:35:21.625,10726,10727,10726,1
2019-07-31 15:35:25.114,10726,10727,10726,1
2019-07-31 15:35:25.225,10726,10727,10726,2
2019-07-31 15:35:25.285,10725,10726,10726,1
2019-07-31 15:35:31.486,10725,10726,10726,1
2019-07-31 15:35:40.069,10725,10726,10726,1
2019-07-31 15:35:40.945,10725,10726,10726,11
2019-07-31 15:35:42.515,10726,10727,10726,1
2019-07-31 15:35:43.794,10726,10727,10726,3
2019-07-31 15:35:53.604,10725,10726,10726,1
2019-07-31 15:36:02.867,10726,10727,10726,10
2019-07-31 15:36:03.058,10726,10727,10726,1
2019-07-31 15:36:04.107,10726,10727,10726,5
2019-07-31 15:36:09.035,10725,10726,10726,1
2019-07-31 15:36:59.989,10726,10727,10726,1
2019-07-31 15:37:15.259,10726,10727,10726,1
2019-07-31 15:37:24.030,10725,10726,10726,1
2019-07-31 15:37:24.951,10725,10726,10726,2
2019-07-31 15:37:45.759,10725,10726,10726,1
2019-07-31 15:38:04.754,10725,10726,10726,1
2019-07-31 15:38:20.871,10725,10726,10725,5
2019-07-31 15:38:21.574,10725,10726,10725,5
2019-07-31 15:38:21.762,10725,10726,10725,4
2019-07-31 15:38:36.793,10724,10725,10724,1
2019-07-31 15:38:43.024,10724,10725,10725,1
2019-07-31 15:38:44.032,10724,10725,10725,1
2019-07-31 15:39:25.665,10725,10726,10725,1
2019-07-31 15:39:40.740,10725,10726,10726,1
2019-07-31 15:39:56.175,10725,10726,10725,1
2019-07-31 15:40:02.538,10725,10726,10726,2
2019-07-31 15:40:10.078,10725,10726,10726,1
2019-07-31 15:40:19.797,10725,10726,10726,1
2019-07-31 15:40:27.267,10725,10726,10726,2
2019-07-31 15:40:27.849,10725,10726,10726,1
2019-07-31 15:40:34.171,10725,10726,10726,1
2019-07-31 15:41:47.350,10725,10726,10726,1
2019-07-31 15:41:48.087,10725,10726,10725,2
2019-07-31 15:41:55.732,10725,10726,10725,2
2019-07-31 15:42:01.839,10725,10726,10726,2
2019-07-31 15:42:07.359,10725,10726,10725,2
2019-07-31 15:42:14.277,10725,10726,10725,1
2019-07-31 15:42:40.314,10725,10726,10725,5
2019-07-31 15:42:40.539,10725,10726,10725,1
2019-07-31 15:42:40.539,10725,10726,10725,2
2019-07-31 15:42:59.074,10725,10726,10725,4
2019-07-31 15:43:02.278,10725,10726,10725,1
2019-07-31 15:43:06.180,10725,10726,10725,2
2019-07-31 15:43:14.725,10725,10726,10726,16
2019-07-31 15:43:19.136,10725,10727,10727,1
2019-07-31 15:43:19.774,10725,10727,10727,1
2019-07-31 15:43:19.872,10725,10727,10725,5
2019-07-31 15:43:31.779,10726,10727,10726,1
2019-07-31 15:43:32.292,10725,10726,10726,1
2019-07-31 15:43:32.330,10725,10726,10726,3
2019-07-31 15:43:32.393,10725,10726,10727,1
2019-07-31 15:43:44.823,10726,10727,10726,1
2019-07-31 15:44:04.661,10726,10727,10726,3
2019-07-31 15:44:08.434,10726,10727,10726,1
2019-07-31 15:44:13.523,10725,10726,10726,1
2019-07-31 15:45:10.390,10726,10727,10726,1
2019-07-31 15:45:36.513,10726,10727,10727,2
2019-07-31 15:45:48.649,10726,10727,10726,2
2019-07-31 15:45:59.906,10726,10727,10726,1
2019-07-31 15:46:25.009,10726,10727,10726,10
2019-07-31 15:46:51.239,10726,10727,10727,2
2019-07-31 15:47:24.566,10726,10727,10727,1
2019-07-31 15:47:31.739,10726,10727,10727,1
2019-07-31 15:48:02.207,10726,10727,10726,10
2019-07-31 15:48:05.662,10726,10727,10727,1
2019-07-31 15:48:27.972,10726,10727,10727,10
2019-07-31 15:48:29.091,10726,10727,10727,10
2019-07-31 15:48:30.317,10726,10727,10727,10
2019-07-31 15:48:30.410,10726,10727,10727,9
2019-07-31 15:48:30.412,10726,10727,10727,1
2019-07-31 15:48:30.412,10726,10727,10727,1
2019-07-31 15:48:30.413,10726,10727,10727,1
2019-07-31 15:48:30.524,10726,10727,10727,1
2019-07-31 15:48:30.535,10726,10727,10727,4
2019-07-31 15:48:31.445,10727,10728,10727,1
2019-07-31 15:48:55.388,10727,10728,10727,1
2019-07-31 15:49:03.763,10727,10728,10727,15
2019-07-31 15:49:03.763,10727,10728,10727,4
2019-07-31 15:49:03.785,10727,10728,10727,1
2019-07-31 15:49:06.064,10726,10727,10727,1
2019-07-31 15:49:08.175,10726,10727,10727,1
2019-07-31 15:49:34.670,10726,10727,10727,1
2019-07-31 15:49:45.179,10726,10727,10726,22
2019-07-31 15:49:45.285,10726,10727,10726,9
2019-07-31 15:49:45.285,10726,10727,10726,3
2019-07-31 15:49:45.285,10726,10727,10726,6
2019-07-31 15:49:45.713,10725,10726,10725,3
2019-07-31 15:49:57.132,10725,10726,10725,1
2019-07-31 15:50:30.901,10725,10726,10725,1
2019-07-31 15:51:16.888,10725,10726,10725,2
2019-07-31 15:51:18.360,10725,10726,10725,1
2019-07-31 15:51:36.277,10725,10726,10725,1
2019-07-31 15:51:37.441,10725,10726,10726,12
2019-07-31 15:51:37.441,10725,10726,10726,2
2019-07-31 15:51:37.535,10725,10726,10726,8
2019-07-31 15:51:39.143,10726,10727,10726,1
2019-07-31 15:51:47.300,10726,10727,10726,1
2019-07-31 15:51:48.802,10726,10727,10726,1
2019-07-31 15:52:18.062,10726,10727,10726,1
2019-07-31 15:52:47.090,10726,10727,10726,1
2019-07-31 15:52:51.303,10726,10727,10726,1
2019-07-31 15:52:51.304,10726,10727,10726,4
2019-07-31 15:53:13.425,10725,10726,10725,5
2019-07-31 15:54:00.595,10724,10725,10725,2
2019-07-31 15:54:35.500,10724,10725,10724,1
2019-07-31 15:54:36.500,10724,10725,10724,1
2019-07-31 15:54:56.567,10724,10725,10724,1
2019-07-31 15:55:00.286,10724,10725,10725,1
2019-07-31 15:55:00.286,10724,10725,10725,1
2019-07-31 15:55:00.287,10724,10725,10725,1
2019-07-31 15:55:00.288,10724,10725,10725,1
2019-07-31 15:55:00.289,10724,10725,10725,3
2019-07-31 15:55:00.774,10725,10726,10725,1
2019-07-31 15:56:10.850,10725,10726,10725,1
2019-07-31 15:56:16.408,10724,10726,10724,1
2019-07-31 15:56:22.241,10725,10726,10725,1
2019-07-31 15:56:42.488,10725,10726,10725,1
2019-07-31 15:56:49.348,10724,10726,10724,1
2019-07-31 15:57:32.834,10724,10725,10724,3
2019-07-31 15:57:37.287,10724,10725,10724,2
2019-07-31 15:57:37.287,10724,10725,10724,1
2019-07-31 15:57:37.288,10724,10725,10724,1
2019-07-31 15:57:37.288,10724,10725,10724,1
2019-07-31 15:57:37.289,10724,10725,10724,2
2019-07-31 15:57:38.437,10724,10725,10725,1
2019-07-31 15:57:43.109,10724,10725,10724,2
2019-07-31 15:57:44.598,10724,10725,10724,3
2019-07-31 15:57:52.384,10724,10725,10724,1
2019-07-31 15:57:55.267,10724,10725,10724,2
2019-07-31 15:58:01.438,10724,10725,10724,1
2019-07-31 15:58:02.766,10724,10725,10724,3
2019-07-31 15:58:06.071,10724,10725,10724,1
2019-07-31 15:58:13.181,10724,10725,10724,2
2019-07-31 15:58:17.670,10724,10725,10724,2
2019-07-31 15:58:22.599,10724,10725,10724,1
2019-07-31 15:58:23.966,10724,10725,10724,3
2019-07-31 15:58:32.919,10724,10725,10724,2
2019-07-31 15:58:34.379,10724,10725,10724,1
2019-07-31 15:58:37.116,10723,10724,10724,2
2019-07-31 15:58:43.038,10724,10725,10724,2
2019-07-31 15:58:44.598,10724,10725,10724,1
2019-07-31 15:58:53.809,10724,10725,10724,2
2019-07-31 15:59:11.983,10724,10725,10724,3
2019-07-31 15:59:30.428,10724,10725,10724,3
2019-07-31 15:59:43.967,10724,10725,10725,1
2019-07-31 15:59:59.572,10724,10725,10724,2
2019-07-31 16:00:03.219,10724,10725,10725,1
2019-07-31 16:00:03.509,10724,10725,10725,1
2019-07-31 16:00:03.646,10724,10725,10725,3
2019-07-31 16:00:03.752,10724,10725,10725,1
2019-07-31 16:00:03.793,10724,10725,10725,2
2019-07-31 16:00:03.794,10724,10725,10725,2
2019-07-31 16:00:03.794,10724,10725,10725,4
2019-07-31 16:00:03.884,10724,10725,10726,2
2019-07-31 16:00:03.980,10725,10726,10726,2
2019-07-31 16:00:10.147,10725,10726,10725,1
2019-07-31 16:00:19.842,10725,10726,10725,2
2019-07-31 16:00:20.771,10725,10726,10726,2
2019-07-31 16:00:20.785,10725,10726,10726,15
2019-07-31 16:00:20.879,10725,10726,10726,3
2019-07-31 16:00:20.879,10725,10726,10726,2
2019-07-31 16:00:20.910,10725,10726,10726,2
2019-07-31 16:00:20.910,10725,10726,10726,9
2019-07-31 16:00:21.177,10726,10727,10727,1
2019-07-31 16:00:21.531,10726,10727,10727,2
2019-07-31 16:00:21.714,10726,10727,10726,1
2019-07-31 16:00:28.839,10726,10727,10727,4
2019-07-31 16:00:37.646,10726,10727,10726,1
2019-07-31 16:01:29.353,10726,10727,10726,1
2019-07-31 16:01:35.041,10726,10727,10726,1
2019-07-31 16:01:48.586,10726,10727,10726,1
2019-07-31 16:01:54.858,10726,10727,10726,1
2019-07-31 16:02:09.700,10726,10727,10726,2
2019-07-31 16:02:20.264,10726,10727,10726,1
2019-07-31 16:02:21.129,10726,10727,10727,1
2019-07-31 16:02:38.768,10726,10727,10726,14
2019-07-31 16:02:38.770,10726,10727,10726,2
2019-07-31 16:02:39.146,10725,10726,10726,9
2019-07-31 16:02:39.160,10725,10726,10726,1
2019-07-31 16:02:39.318,10725,10726,10726,2
2019-07-31 16:02:49.449,10725,10726,10725,2
2019-07-31 16:03:07.551,10725,10726,10725,3
2019-07-31 16:03:16.687,10725,10726,10725,1
2019-07-31 16:03:17.468,10725,10726,10725,2
2019-07-31 16:03:19.537,10725,10726,10725,21
2019-07-31 16:03:24.738,10724,10725,10725,2
2019-07-31 16:03:26.280,10724,10725,10724,2
2019-07-31 16:03:28.514,10724,10725,10724,1
2019-07-31 16:03:34.176,10724,10725,10725,1
2019-07-31 16:03:39.813,10724,10725,10725,8
2019-07-31 16:03:42.884,10725,10726,10725,4
2019-07-31 16:03:42.910,10724,10725,10725,1
2019-07-31 16:03:42.911,10724,10725,10725,5
2019-07-31 16:03:43.523,10724,10726,10726,3
2019-07-31 16:04:20.694,10725,10726,10726,2
2019-07-31 16:04:21.356,10725,10726,10726,2
2019-07-31 16:04:21.851,10725,10726,10726,2
2019-07-31 16:04:22.020,10725,10726,10726,2
2019-07-31 16:04:22.037,10725,10726,10726,3
2019-07-31 16:04:41.188,10726,10727,10726,1
2019-07-31 16:04:43.240,10726,10727,10726,1
2019-07-31 16:05:34.416,10726,10727,10726,2
2019-07-31 16:05:57.442,10726,10727,10727,1
2019-07-31 16:05:57.461,10726,10727,10726,5
2019-07-31 16:06:00.821,10726,10727,10726,1
2019-07-31 16:06:01.956,10726,10727,10726,1
2019-07-31 16:06:38.398,10726,10727,10726,1
2019-07-31 16:06:47.720,10726,10727,10727,1
2019-07-31 16:06:47.954,10726,10727,10726,1
2019-07-31 16:06:53.956,10726,10727,10726,1
2019-07-31 16:07:09.702,10726,10727,10726,1
2019-07-31 16:07:23.606,10726,10727,10726,2
2019-07-31 16:07:56.583,10726,10727,10726,2
2019-07-31 16:08:50.274,10726,10727,10727,2
2019-07-31 16:08:56.276,10726,10727,10726,2
2019-07-31 16:10:15.177,10726,10727,10726,2
2019-07-31 16:11:06.198,10726,10727,10726,5
2019-07-31 16:11:33.973,10726,10727,10726,4
2019-07-31 16:11:35.132,10726,10727,10726,2
2019-07-31 16:11:42.829,10726,10727,10726,1
2019-07-31 16:11:43.429,10726,10727,10726,1
2019-07-31 16:11:57.254,10726,10727,10726,11
2019-07-31 16:12:21.153,10725,10726,10725,5
2019-07-31 16:12:21.335,10725,10726,10725,2
2019-07-31 16:12:28.395,10725,10726,10725,2
2019-07-31 16:12:35.258,10725,10726,10725,1
2019-07-31 16:12:35.674,10725,10726,10725,3
2019-07-31 16:12:35.716,10725,10726,10725,2
2019-07-31 16:12:35.875,10725,10726,10725,3
2019-07-31 16:12:36.958,10725,10726,10726,6
2019-07-31 16:12:37.070,10725,10726,10725,2
2019-07-31 16:12:48.161,10725,10726,10726,2
2019-07-31 16:12:48.578,10725,10726,10726,2
2019-07-31 16:13:04.137,10725,10726,10726,1
2019-07-31 16:13:39.428,10725,10726,10726,2
2019-07-31 16:13:39.428,10725,10726,10726,2
2019-07-31 16:13:39.429,10725,10726,10726,2
2019-07-31 16:13:39.429,10725,10726,10726,1
2019-07-31 16:13:41.438,10726,10727,10726,1
2019-07-31 16:13:49.405,10726,10727,10726,1
2019-07-31 16:14:41.741,10726,10727,10726,1
2019-07-31 16:14:50.041,10726,10727,10726,2
2019-07-31 16:14:51.548,10726,10727,10726,2
2019-07-31 16:15:25.339,10725,10726,10726,10
2019-07-31 16:15:25.413,10725,10727,10726,1
2019-07-31 16:15:31.827,10725,10726,10726,9
2019-07-31 16:15:31.866,10725,10726,10726,1
2019-07-31 16:15:53.666,10725,10726,10726,2
2019-07-31 16:15:53.667,10725,10726,10726,3
2019-07-31 16:15:53.819,10726,10727,10726,1
2019-07-31 16:16:12.312,10726,10727,10726,1
2019-07-31 16:16:54.043,10726,10727,10727,1
2019-07-31 16:16:54.275,10726,10727,10727,1
2019-07-31 16:17:02.743,10726,10727,10726,2
2019-07-31 16:17:12.581,10726,10727,10726,2
2019-07-31 16:17:29.945,10726,10727,10726,2
2019-07-31 16:17:32.442,10726,10727,10726,3
2019-07-31 16:17:52.903,10726,10727,10726,3
2019-07-31 16:17:52.949,10726,10727,10726,4
2019-07-31 16:17:57.484,10726,10727,10726,1
2019-07-31 16:18:13.600,10726,10727,10726,2
2019-07-31 16:18:23.917,10726,10727,10726,2
2019-07-31 16:18:26.242,10726,10727,10727,1
2019-07-31 16:18:36.743,10726,10727,10727,1
2019-07-31 16:18:43.528,10726,10727,10726,2
2019-07-31 16:18:49.091,10726,10727,10727,1
2019-07-31 16:18:52.277,10726,10727,10726,1
2019-07-31 16:19:01.688,10726,10727,10727,1
2019-07-31 16:19:03.875,10726,10727,10726,3
2019-07-31 16:19:24.287,10726,10727,10726,2
2019-07-31 16:19:31.729,10726,10727,10726,1
2019-07-31 16:19:43.714,10726,10727,10726,2
2019-07-31 16:20:01.808,10726,10727,10726,6
2019-07-31 16:20:04.049,10726,10727,10726,1
2019-07-31 16:20:04.635,10725,10726,10725,2
2019-07-31 16:20:22.512,10725,10726,10725,3
2019-07-31 16:20:26.876,10725,10726,10725,2
2019-07-31 16:20:52.750,10725,10726,10725,2
2019-07-31 16:21:23.352,10725,10726,10725,2
2019-07-31 16:21:44.046,10725,10726,10725,2
2019-07-31 16:22:13.617,10725,10726,10725,2
2019-07-31 16:22:44.563,10725,10726,10725,2
2019-07-31 16:23:05.547,10725,10726,10725,2
2019-07-31 16:23:46.771,10725,10726,10725,2
2019-07-31 16:23:51.215,10725,10726,10725,1
2019-07-31 16:24:15.982,10725,10726,10725,2
2019-07-31 16:24:25.605,10725,10726,10725,1
2019-07-31 16:24:55.437,10725,10726,10725,2
2019-07-31 16:25:25.442,10725,10726,10725,2
2019-07-31 16:26:05.934,10725,10726,10726,3
2019-07-31 16:26:06.132,10725,10726,10726,3
2019-07-31 16:26:44.029,10725,10726,10726,1
2019-07-31 16:26:52.455,10725,10726,10726,1
2019-07-31 16:26:52.458,10725,10726,10726,11
2019-07-31 16:26:52.458,10725,10726,10726,3
2019-07-31 16:27:00.186,10725,10726,10726,5
2019-07-31 16:27:00.426,10726,10727,10726,2
2019-07-31 16:27:00.661,10726,10727,10726,1
2019-07-31 16:27:01.196,10726,10727,10726,2
2019-07-31 16:27:12.779,10726,10727,10726,1
2019-07-31 16:28:00.061,10725,10726,10726,1
2019-07-31 16:28:33.573,10725,10726,10726,2
2019-07-31 16:28:39.346,10725,10726,10726,1
2019-07-31 16:28:42.008,10725,10726,10726,2
2019-07-31 16:28:42.009,10725,10726,10726,2
2019-07-31 16:28:42.009,10725,10726,10726,2
2019-07-31 16:28:42.009,10725,10726,10726,1
2019-07-31 16:28:42.384,10726,10727,10727,1
2019-07-31 16:28:42.386,10726,10727,10727,7
2019-07-31 16:28:42.450,10726,10727,10727,2
2019-07-31 16:28:42.452,10726,10727,10727,1
2019-07-31 16:28:42.455,10726,10727,10727,6
2019-07-31 16:28:42.455,10726,10727,10727,1
2019-07-31 16:28:42.455,10726,10727,10727,1
2019-07-31 16:28:42.455,10726,10727,10727,7
2019-07-31 16:28:42.455,10726,10727,10727,4
2019-07-31 16:28:42.467,10726,10727,10727,2
2019-07-31 16:28:42.474,10726,10727,10727,17
2019-07-31 16:28:42.549,10727,10728,10728,1
2019-07-31 16:28:42.680,10727,10728,10727,1
2019-07-31 16:28:42.697,10727,10728,10728,1
2019-07-31 16:28:42.723,10727,10728,10728,5
2019-07-31 16:28:42.904,10727,10728,10728,3
2019-07-31 16:28:42.930,10727,10728,10728,1
2019-07-31 16:28:43.041,10727,10728,10728,1
2019-07-31 16:28:43.094,10727,10728,10728,3
2019-07-31 16:28:43.096,10727,10728,10728,4
2019-07-31 16:28:43.129,10727,10728,10728,2
2019-07-31 16:28:43.160,10727,10728,10728,6
2019-07-31 16:28:43.604,10727,10728,10728,1
2019-07-31 16:28:43.607,10727,10728,10728,7
2019-07-31 16:28:43.689,10727,10728,10728,3
2019-07-31 16:28:43.704,10727,10728,10728,1
2019-07-31 16:28:44.365,10728,10729,10728,2
2019-07-31 16:28:44.365,10728,10729,10728,6
2019-07-31 16:28:44.366,10728,10729,10728,1
2019-07-31 16:28:47.868,10727,10728,10728,1
2019-07-31 16:28:49.597,10727,10728,10728,3
2019-07-31 16:28:51.188,10727,10728,10728,1
2019-07-31 16:28:58.425,10728,10729,10728,5
2019-07-31 16:29:01.258,10727,10728,10727,1
2019-07-31 16:29:08.044,10727,10728,10728,2
2019-07-31 16:29:12.484,10727,10728,10727,2
2019-07-31 16:29:12.535,10727,10728,10727,2
2019-07-31 16:29:23.312,10727,10728,10728,1
2019-07-31 16:29:26.985,10727,10728,10728,1
2019-07-31 16:29:27.035,10727,10728,10728,3
2019-07-31 16:29:27.160,10727,10728,10728,2
2019-07-31 16:29:27.203,10727,10728,10728,3
2019-07-31 16:29:41.172,10728,10729,10729,2
2019-07-31 16:29:42.364,10728,10729,10729,4
2019-07-31 16:29:43.724,10728,10729,10729,1
2019-07-31 16:29:44.738,10728,10729,10729,4
2019-07-31 16:29:44.826,10729,10730,10729,1
2019-07-31 16:29:51.710,10728,10729,10729,1
2019-07-31 16:29:54.957,10728,10729,10729,1
2019-07-31 16:29:55.242,10728,10729,10729,1
2019-07-31 16:29:58.382,10728,10729,10729,1
2019-07-31 16:30:00.605,10728,10729,10729,1
2019-07-31 16:30:02.142,10728,10729,10729,1
2019-07-31 16:30:02.160,10729,10730,10729,1
2019-07-31 16:30:06.523,10728,10729,10729,4
2019-07-31 16:30:06.523,10728,10729,10730,44
2019-07-31 16:30:06.584,10728,10730,10730,1
2019-07-31 16:30:06.589,10728,10730,10731,1
2019-07-31 16:30:06.601,10728,10730,10731,1
2019-07-31 16:30:06.660,10730,10731,10730,1
2019-07-31 16:30:06.711,10730,10731,10730,1
2019-07-31 16:30:06.748,10730,10731,10731,2
2019-07-31 16:30:06.831,10729,10731,10730,1
2019-07-31 16:30:06.836,10729,10731,10730,1
2019-07-31 16:30:06.910,10729,10730,10730,3
2019-07-31 16:30:07.376,10729,10730,10730,1
2019-07-31 16:30:10.159,10729,10730,10729,1
2019-07-31 16:30:16.885,10729,10730,10730,1
2019-07-31 16:30:18.361,10729,10730,10730,1
2019-07-31 16:30:22.748,10729,10730,10730,1
2019-07-31 16:30:23.446,10729,10730,10730,1
2019-07-31 16:30:24.794,10729,10730,10730,2
2019-07-31 16:30:26.332,10729,10730,10730,1
2019-07-31 16:30:57.541,10729,10730,10730,2
2019-07-31 16:31:00.511,10729,10730,10730,4
2019-07-31 16:31:02.637,10729,10730,10730,1
2019-07-31 16:31:02.962,10729,10730,10729,1
2019-07-31 16:31:37.445,10729,10730,10729,1
2019-07-31 16:31:41.735,10729,10730,10729,1
2019-07-31 16:31:51.535,10729,10730,10730,3
2019-07-31 16:31:59.587,10729,10730,10730,1
2019-07-31 16:32:01.320,10729,10730,10730,1
2019-07-31 16:32:06.816,10729,10730,10730,1
2019-07-31 16:32:09.598,10729,10730,10730,1
2019-07-31 16:32:28.142,10729,10730,10730,13
2019-07-31 16:32:29.923,10729,10730,10730,1
2019-07-31 16:32:37.664,10729,10730,10730,1
2019-07-31 16:32:42.431,10730,10731,10730,1
2019-07-31 16:33:06.079,10730,10731,10731,8
2019-07-31 16:33:08.949,10730,10731,10731,1
2019-07-31 16:33:15.597,10730,10731,10731,5
2019-07-31 16:33:15.902,10730,10731,10731,2
2019-07-31 16:33:25.302,10730,10731,10731,1
2019-07-31 16:33:25.964,10730,10731,10730,2
2019-07-31 16:33:28.279,10730,10731,10730,1
2019-07-31 16:33:33.927,10730,10731,10731,4
2019-07-31 16:33:35.238,10730,10731,10730,1
2019-07-31 16:33:35.749,10730,10731,10730,1
2019-07-31 16:33:44.426,10730,10731,10730,1
2019-07-31 16:33:46.358,10730,10731,10730,1
2019-07-31 16:33:48.131,10730,10731,10731,5
2019-07-31 16:33:52.017,10730,10731,10731,1
2019-07-31 16:33:53.071,10731,10732,10732,1
2019-07-31 16:33:53.323,10731,10732,10732,1
2019-07-31 16:33:56.684,10731,10732,10732,2
2019-07-31 16:33:58.778,10731,10732,10732,1
2019-07-31 16:33:59.253,10731,10732,10732,1
2019-07-31 16:33:59.722,10731,10732,10732,1
2019-07-31 16:33:59.848,10731,10732,10732,1
2019-07-31 16:34:00.483,10731,10732,10732,1
2019-07-31 16:34:00.622,10731,10732,10732,1
2019-07-31 16:34:00.993,10731,10732,10732,1
2019-07-31 16:34:01.193,10731,10733,10733,1
2019-07-31 16:34:01.402,10731,10733,10733,1
2019-07-31 16:34:01.495,10732,10733,10733,1
2019-07-31 16:34:11.229,10732,10733,10732,9
2019-07-31 16:34:11.835,10731,10732,10732,1
2019-07-31 16:34:17.515,10731,10732,10731,1
2019-07-31 16:34:17.788,10731,10732,10732,5
2019-07-31 16:34:18.480,10731,10732,10732,1
2019-07-31 16:34:19.043,10731,10732,10732,1
2019-07-31 16:34:19.536,10731,10732,10732,2
2019-07-31 16:34:20.587,10731,10732,10732,1
2019-07-31 16:34:20.905,10731,10732,10732,1
2019-07-31 16:34:21.428,10732,10733,10732,2
2019-07-31 16:34:21.513,10732,10733,10732,1
2019-07-31 16:34:24.756,10731,10732,10732,1
2019-07-31 16:34:25.145,10731,10732,10732,1
2019-07-31 16:34:32.512,10731,10732,10731,1
2019-07-31 16:35:02.359,10731,10732,10732,5
2019-07-31 16:35:09.552,10731,10732,10732,4
2019-07-31 16:35:14.219,10731,10732,10731,1
2019-07-31 16:35:15.279,10731,10732,10732,1
2019-07-31 16:35:18.590,10731,10732,10732,4
2019-07-31 16:35:21.866,10731,10732,10732,1
2019-07-31 16:35:29.724,10731,10732,10732,1
2019-07-31 16:35:29.762,10731,10732,10732,1
2019-07-31 16:35:32.667,10731,10732,10732,2
2019-07-31 16:35:33.507,10732,10733,10732,1
2019-07-31 16:35:33.995,10732,10733,10732,1
2019-07-31 16:35:50.279,10732,10733,10733,3
2019-07-31 16:35:50.521,10732,10733,10733,1
2019-07-31 16:36:02.613,10732,10733,10732,3
2019-07-31 16:36:09.902,10732,10733,10732,1
2019-07-31 16:36:27.659,10732,10733,10733,1
2019-07-31 16:36:33.296,10732,10733,10732,1
2019-07-31 16:36:44.503,10732,10733,10732,1
2019-07-31 16:37:02.685,10732,10733,10732,1
2019-07-31 16:37:10.623,10732,10733,10732,1
2019-07-31 16:37:18.623,10732,10733,10732,2
2019-07-31 16:37:19.002,10732,10733,10732,1
2019-07-31 16:37:28.544,10732,10733,10732,2
2019-07-31 16:37:28.606,10732,10733,10732,7
2019-07-31 16:37:31.747,10732,10733,10732,1
2019-07-31 16:37:35.218,10732,10733,10733,4
2019-07-31 16:37:37.410,10732,10733,10732,1
2019-07-31 16:37:39.343,10732,10733,10732,2
2019-07-31 16:37:41.548,10732,10733,10732,1
2019-07-31 16:37:45.528,10732,10733,10732,4
2019-07-31 16:37:48.423,10732,10733,10733,3
2019-07-31 16:38:02.795,10732,10733,10732,2
2019-07-31 16:38:02.904,10732,10733,10732,1
2019-07-31 16:38:03.975,10732,10733,10732,1
2019-07-31 16:38:08.868,10732,10733,10732,2
2019-07-31 16:38:11.950,10732,10733,10733,3
2019-07-31 16:38:12.315,10732,10733,10732,1
2019-07-31 16:38:13.099,10732,10733,10732,2
2019-07-31 16:38:14.002,10732,10733,10732,1
2019-07-31 16:38:20.124,10732,10733,10733,1
2019-07-31 16:38:22.882,10732,10733,10732,2
2019-07-31 16:38:23.405,10732,10733,10732,2
2019-07-31 16:38:36.696,10732,10733,10732,2
2019-07-31 16:38:36.786,10732,10733,10732,9
2019-07-31 16:38:52.241,10731,10732,10732,4
2019-07-31 16:38:55.431,10731,10732,10732,2
2019-07-31 16:39:02.908,10731,10732,10731,1
2019-07-31 16:39:03.660,10731,10732,10731,3
2019-07-31 16:39:03.661,10731,10732,10731,7
2019-07-31 16:39:03.662,10731,10732,10731,3
2019-07-31 16:39:03.663,10731,10732,10731,6
2019-07-31 16:39:03.720,10731,10732,10731,1
2019-07-31 16:39:03.720,10731,10732,10731,5
2019-07-31 16:39:03.736,10731,10732,10731,2
2019-07-31 16:39:03.736,10731,10732,10730,5
2019-07-31 16:39:03.780,10731,10732,10730,2
2019-07-31 16:39:03.819,10730,10732,10730,3
2019-07-31 16:39:03.819,10730,10732,10730,8
2019-07-31 16:39:03.823,10730,10732,10730,3
2019-07-31 16:39:03.855,10730,10732,10730,2
2019-07-31 16:39:03.856,10730,10732,10730,3
2019-07-31 16:39:03.857,10730,10732,10730,2
2019-07-31 16:39:04.122,10730,10731,10730,2
2019-07-31 16:39:04.128,10730,10731,10730,1
2019-07-31 16:39:06.046,10730,10731,10731,2
2019-07-31 16:39:11.552,10730,10731,10731,2
2019-07-31 16:39:25.956,10730,10731,10731,1
2019-07-31 16:39:30.052,10730,10731,10731,3
2019-07-31 16:39:30.160,10731,10732,10731,1
2019-07-31 16:39:31.047,10730,10731,10730,1
2019-07-31 16:39:38.509,10730,10731,10731,1
2019-07-31 16:39:46.550,10730,10731,10731,9
2019-07-31 16:39:46.551,10730,10731,10731,5
2019-07-31 16:39:46.553,10730,10731,10731,2
2019-07-31 16:39:46.660,10731,10732,10731,1
2019-07-31 16:39:46.713,10731,10732,10731,1
2019-07-31 16:39:46.715,10731,10732,10731,1
2019-07-31 16:39:46.715,10731,10732,10731,1
2019-07-31 16:39:59.350,10730,10731,10731,1
2019-07-31 16:40:07.590,10730,10731,10731,1
2019-07-31 16:40:52.582,10730,10731,10731,1
2019-07-31 16:41:07.446,10730,10731,10731,1
2019-07-31 16:41:07.734,10730,10731,10730,1
2019-07-31 16:41:09.576,10730,10731,10730,4
2019-07-31 16:41:09.582,10730,10731,10730,14
2019-07-31 16:41:17.206,10729,10730,10729,2
2019-07-31 16:41:30.187,10729,10730,10729,1
2019-07-31 16:41:39.763,10729,10730,10729,2
2019-07-31 16:41:45.412,10729,10730,10729,1
2019-07-31 16:41:52.126,10729,10730,10729,2
2019-07-31 16:42:10.077,10729,10730,10729,1
2019-07-31 16:42:27.104,10729,10730,10729,1
2019-07-31 16:42:27.160,10729,10730,10729,11
2019-07-31 16:42:32.169,10728,10729,10729,1
2019-07-31 16:42:36.242,10728,10729,10728,3
2019-07-31 16:42:36.329,10728,10729,10728,1
2019-07-31 16:42:40.563,10728,10729,10728,2
2019-07-31 16:42:45.019,10728,10729,10728,1
2019-07-31 16:42:48.225,10728,10729,10728,1
2019-07-31 16:43:02.690,10728,10729,10728,1
2019-07-31 16:43:08.995,10728,10729,10728,1
2019-07-31 16:43:16.330,10728,10729,10728,1
2019-07-31 16:43:21.084,10728,10729,10728,3
2019-07-31 16:43:36.810,10728,10729,10729,1
2019-07-31 16:44:35.088,10728,10729,10729,3
2019-07-31 16:44:39.566,10728,10729,10729,3
2019-07-31 16:44:54.569,10728,10729,10728,1
2019-07-31 16:44:55.530,10728,10729,10729,1
2019-07-31 16:44:58.525,10728,10729,10728,5
2019-07-31 16:45:02.570,10728,10729,10728,1
2019-07-31 16:45:02.591,10728,10729,10728,4
2019-07-31 16:45:03.482,10728,10729,10729,1
2019-07-31 16:45:05.376,10728,10729,10728,2
2019-07-31 16:45:24.100,10728,10729,10728,4
2019-07-31 16:45:26.177,10728,10729,10728,1
2019-07-31 16:45:28.253,10728,10729,10728,1
2019-07-31 16:45:34.540,10728,10729,10728,2
2019-07-31 16:45:42.751,10727,10728,10728,2
2019-07-31 16:45:42.988,10728,10729,10728,2
2019-07-31 16:45:43.223,10728,10729,10728,2
2019-07-31 16:45:43.458,10728,10729,10728,2
2019-07-31 16:45:43.785,10727,10728,10728,2
2019-07-31 16:45:44.019,10728,10729,10728,2
2019-07-31 16:45:51.097,10727,10728,10728,1
2019-07-31 16:45:52.272,10727,10728,10728,1
2019-07-31 16:46:01.201,10727,10728,10727,1
2019-07-31 16:46:01.631,10727,10728,10727,1
2019-07-31 16:46:24.759,10727,10728,10727,7
2019-07-31 16:46:35.506,10727,10728,10728,1
2019-07-31 16:46:38.293,10727,10728,10727,1
2019-07-31 16:46:50.245,10727,10728,10727,2
2019-07-31 16:46:58.809,10727,10728,10727,1
2019-07-31 16:47:23.721,10727,10728,10728,3
2019-07-31 16:47:28.250,10727,10728,10728,2
2019-07-31 16:47:30.691,10727,10728,10728,3
2019-07-31 16:47:30.785,10727,10728,10728,1
2019-07-31 16:47:33.423,10728,10729,10728,1
2019-07-31 16:47:53.697,10727,10728,10728,1
2019-07-31 16:48:00.438,10727,10728,10728,3
2019-07-31 16:48:48.697,10728,10729,10728,3
2019-07-31 16:48:54.739,10728,10729,10729,1
2019-07-31 16:49:31.601,10728,10729,10729,8
2019-07-31 16:49:31.660,10728,10729,10729,5
2019-07-31 16:49:42.480,10729,10730,10729,1
2019-07-31 16:49:48.440,10729,10730,10730,1
2019-07-31 16:49:54.704,10729,10730,10729,1
2019-07-31 16:50:00.839,10729,10730,10729,2
2019-07-31 16:50:01.076,10729,10730,10729,2
2019-07-31 16:50:06.772,10729,10730,10729,1
2019-07-31 16:50:11.188,10729,10730,10730,1
2019-07-31 16:50:28.476,10729,10730,10729,2
2019-07-31 16:50:44.822,10728,10729,10729,1
2019-07-31 16:50:44.910,10728,10729,10729,3
2019-07-31 16:50:45.144,10729,10730,10729,2
2019-07-31 16:50:45.379,10729,10730,10729,2
2019-07-31 16:50:45.614,10729,10730,10729,1
2019-07-31 16:50:46.776,10728,10729,10729,1
2019-07-31 16:50:46.987,10729,10730,10729,1
2019-07-31 16:50:47.185,10728,10729,10729,1
2019-07-31 16:50:57.123,10729,10730,10729,1
2019-07-31 16:50:59.271,10729,10730,10729,1
2019-07-31 16:54:11.453,10729,10730,10730,1
2019-07-31 16:54:31.785,10729,10730,10730,1
2019-07-31 16:54:46.323,10729,10730,10730,1
2019-07-31 16:54:57.455,10729,10730,10730,1
2019-07-31 16:55:02.816,10729,10730,10730,1
2019-07-31 16:55:11.465,10729,10730,10730,5
2019-07-31 16:55:16.761,10729,10730,10729,2
2019-07-31 16:55:54.649,10729,10730,10730,1
2019-07-31 16:56:12.698,10729,10730,10730,2
2019-07-31 16:56:28.771,10729,10730,10730,1
2019-07-31 16:56:41.059,10729,10730,10729,1
2019-07-31 16:56:44.889,10729,10730,10730,1
2019-07-31 16:56:48.054,10729,10730,10729,1
2019-07-31 16:56:50.273,10729,10730,10729,4
2019-07-31 16:56:50.285,10729,10730,10729,4
2019-07-31 16:57:12.499,10729,10730,10730,1
2019-07-31 16:57:32.056,10729,10730,10730,2
2019-07-31 16:57:39.787,10729,10730,10729,1
2019-07-31 16:57:46.425,10729,10730,10729,1
2019-07-31 16:57:46.836,10729,10730,10729,1
2019-07-31 16:57:47.428,10729,10730,10729,1
2019-07-31 16:57:52.349,10729,10730,10729,1
2019-07-31 16:57:58.455,10729,10730,10729,1
2019-07-31 16:58:01.293,10729,10730,10729,1
2019-07-31 16:58:26.593,10729,10730,10729,1
2019-07-31 16:58:38.326,10729,10730,10730,1
2019-07-31 16:59:04.527,10729,10730,10729,17
2019-07-31 16:59:35.500,10728,10729,10728,1
2019-07-31 16:59:36.500,10728,10729,10728,1
2019-07-31 16:59:50.001,10728,10729,10728,1
2019-07-31 16:59:51.519,10728,10729,10728,1
2019-07-31 16:59:57.205,10728,10729,10728,1
2019-07-31 17:00:00.794,10728,10729,10728,4
2019-07-31 17:00:32.362,10728,10729,10728,3
2019-07-31 17:00:41.913,10728,10729,10729,1
2019-07-31 17:00:48.617,10728,10729,10728,1
2019-07-31 17:00:51.670,10728,10729,10729,6
2019-07-31 17:00:51.712,10728,10729,10729,1
2019-07-31 17:00:51.785,10728,10729,10729,3
2019-07-31 17:00:51.987,10729,10730,10729,1
2019-07-31 17:00:56.486,10729,10730,10729,1
2019-07-31 17:01:06.372,10729,10730,10729,7
2019-07-31 17:01:42.799,10728,10729,10729,1
2019-07-31 17:02:02.473,10728,10729,10729,2
2019-07-31 17:02:03.833,10728,10729,10729,1
2019-07-31 17:02:03.987,10729,10730,10729,1
2019-07-31 17:02:05.924,10728,10729,10728,1
2019-07-31 17:02:05.924,10728,10729,10728,18
2019-07-31 17:02:05.924,10728,10729,10728,3
2019-07-31 17:02:05.927,10728,10729,10728,4
2019-07-31 17:02:08.521,10727,10729,10728,2
2019-07-31 17:02:20.503,10727,10728,10728,1
2019-07-31 17:02:47.728,10728,10729,10728,1
2019-07-31 17:03:00.799,10728,10729,10728,1
2019-07-31 17:03:01.244,10728,10729,10728,1
2019-07-31 17:03:17.727,10728,10729,10728,1
2019-07-31 17:03:23.023,10728,10729,10728,1
2019-07-31 17:04:43.907,10728,10729,10728,1
2019-07-31 17:04:54.133,10728,10729,10729,1
2019-07-31 17:04:56.801,10728,10729,10728,1
2019-07-31 17:05:02.131,10728,10729,10728,2
2019-07-31 17:05:05.363,10728,10729,10728,3
2019-07-31 17:05:52.216,10728,10729,10728,3
2019-07-31 17:06:09.435,10727,10728,10728,1
2019-07-31 17:06:29.881,10727,10728,10727,1
2019-07-31 17:06:30.661,10727,10728,10727,1
2019-07-31 17:06:40.230,10727,10728,10727,1
2019-07-31 17:07:13.625,10727,10728,10727,1
2019-07-31 17:08:48.224,10727,10728,10727,1
2019-07-31 17:09:09.626,10727,10728,10728,1
2019-07-31 17:09:09.716,10727,10728,10728,1
2019-07-31 17:09:28.038,10727,10728,10728,1
2019-07-31 17:09:59.380,10727,10728,10728,1
2019-07-31 17:10:07.172,10727,10728,10728,4
2019-07-31 17:10:07.285,10727,10728,10728,3
2019-07-31 17:10:38.376,10728,10729,10729,2
2019-07-31 17:10:38.387,10728,10729,10729,1
2019-07-31 17:10:38.410,10728,10729,10729,1
2019-07-31 17:10:38.410,10728,10729,10729,1
2019-07-31 17:10:38.433,10728,10729,10729,5
2019-07-31 17:10:39.276,10729,10730,10730,2
2019-07-31 17:11:16.839,10729,10730,10729,8
2019-07-31 17:11:18.538,10728,10729,10729,3
2019-07-31 17:11:18.890,10728,10729,10729,3
2019-07-31 17:12:10.437,10728,10729,10729,1
2019-07-31 17:13:37.777,10728,10729,10729,1
2019-07-31 17:15:43.056,10728,10729,10729,7
2019-07-31 17:16:03.376,10729,10730,10729,2
2019-07-31 17:16:24.014,10729,10730,10729,2
2019-07-31 17:16:50.059,10729,10730,10729,2
2019-07-31 17:16:50.641,10728,10729,10729,2
2019-07-31 17:17:07.704,10728,10729,10729,1
2019-07-31 17:17:08.019,10729,10730,10729,1
2019-07-31 17:17:16.163,10729,10730,10730,3
2019-07-31 17:17:37.709,10729,10730,10730,8
2019-07-31 17:17:47.788,10729,10730,10730,1
2019-07-31 17:17:50.608,10729,10730,10730,1
2019-07-31 17:17:59.636,10729,10730,10730,1
2019-07-31 17:18:00.931,10729,10730,10730,1
2019-07-31 17:18:46.033,10729,10730,10730,4
2019-07-31 17:19:56.684,10729,10730,10729,10
2019-07-31 17:19:56.785,10729,10730,10729,21
2019-07-31 17:19:56.785,10729,10730,10729,4
2019-07-31 17:19:56.910,10729,10730,10729,4
2019-07-31 17:20:01.165,10728,10729,10729,1
2019-07-31 17:20:01.611,10728,10729,10729,1
2019-07-31 17:20:14.774,10728,10729,10729,1
2019-07-31 17:20:18.076,10728,10729,10729,2
2019-07-31 17:20:20.806,10728,10729,10729,2
2019-07-31 17:20:22.557,10728,10729,10729,1
2019-07-31 17:20:22.890,10729,10730,10729,1
2019-07-31 17:20:41.055,10728,10729,10729,1
2019-07-31 17:20:42.871,10729,10730,10729,1
2019-07-31 17:21:18.681,10729,10730,10729,1
2019-07-31 17:22:35.245,10729,10730,10729,2
2019-07-31 17:23:27.964,10729,10730,10729,1
2019-07-31 17:24:03.758,10729,10730,10729,1
2019-07-31 17:24:20.023,10729,10730,10729,1
2019-07-31 17:24:37.792,10729,10730,10729,1
2019-07-31 17:24:45.261,10729,10730,10729,1
2019-07-31 17:25:40.181,10729,10730,10729,4
2019-07-31 17:25:42.835,10729,10730,10729,1
2019-07-31 17:26:14.421,10729,10730,10729,1
2019-07-31 17:26:53.153,10728,10729,10729,1
2019-07-31 17:26:58.852,10728,10729,10729,1
2019-07-31 17:28:19.837,10728,10729,10729,1
2019-07-31 17:28:40.196,10728,10729,10728,1
2019-07-31 17:28:42.728,10728,10729,10729,1
2019-07-31 17:28:57.211,10728,10729,10729,8
2019-07-31 17:28:57.211,10728,10729,10729,5
2019-07-31 17:28:57.217,10728,10729,10729,13
2019-07-31 17:28:57.292,10729,10730,10730,1
2019-07-31 17:28:57.551,10729,10730,10730,4
2019-07-31 17:28:57.552,10729,10730,10730,1
2019-07-31 17:28:57.552,10729,10730,10730,4
2019-07-31 17:28:57.552,10729,10730,10730,7
2019-07-31 17:28:57.552,10729,10730,10730,2
2019-07-31 17:28:57.552,10729,10730,10730,1
2019-07-31 17:28:57.553,10729,10730,10730,1
2019-07-31 17:28:57.621,10729,10730,10730,1
2019-07-31 17:28:57.652,10729,10730,10730,1
2019-07-31 17:28:57.660,10729,10730,10730,6
2019-07-31 17:29:07.247,10729,10730,10729,2
2019-07-31 17:29:07.248,10729,10730,10729,1
2019-07-31 17:29:08.240,10728,10730,10730,1
2019-07-31 17:29:19.750,10729,10730,10730,1
2019-07-31 17:29:35.273,10729,10730,10730,1
2019-07-31 17:29:39.840,10729,10730,10729,2
2019-07-31 17:29:47.735,10729,10730,10729,1
2019-07-31 17:29:47.773,10729,10730,10729,1
2019-07-31 17:30:15.168,10728,10729,10729,2
2019-07-31 17:30:16.718,10728,10729,10729,2
2019-07-31 17:30:37.820,10728,10729,10729,1
2019-07-31 17:31:01.191,10729,10730,10729,1
2019-07-31 17:32:52.722,10728,10729,10729,1
2019-07-31 17:34:17.247,10728,10729,10729,1
2019-07-31 17:34:38.727,10728,10729,10729,1
2019-07-31 17:35:36.756,10728,10729,10728,8
2019-07-31 17:35:36.756,10728,10729,10728,4
2019-07-31 17:35:36.757,10728,10729,10728,5
2019-07-31 17:35:36.785,10728,10729,10728,3
2019-07-31 17:35:50.882,10727,10728,10727,1
2019-07-31 17:35:50.910,10727,10728,10727,7
2019-07-31 17:35:51.035,10727,10728,10727,3
2019-07-31 17:35:51.035,10727,10728,10727,3
2019-07-31 17:35:51.280,10726,10727,10726,3
2019-07-31 17:35:51.826,10726,10727,10726,2
2019-07-31 17:36:01.736,10726,10727,10726,8
2019-07-31 17:36:02.810,10726,10727,10726,1
2019-07-31 17:36:09.440,10726,10727,10726,1
2019-07-31 17:36:22.715,10726,10727,10726,1
2019-07-31 17:36:25.761,10726,10727,10726,1
2019-07-31 17:36:55.422,10726,10727,10726,1
2019-07-31 17:37:23.605,10726,10727,10726,23
2019-07-31 17:37:23.660,10725,10726,10726,2
2019-07-31 17:37:23.660,10725,10726,10726,2
2019-07-31 17:37:23.661,10725,10726,10726,2
2019-07-31 17:37:27.278,10726,10727,10726,1
2019-07-31 17:37:36.233,10726,10727,10726,9
2019-07-31 17:37:36.284,10726,10727,10726,3
2019-07-31 17:37:36.286,10725,10726,10726,7
2019-07-31 17:37:39.863,10726,10727,10726,2
2019-07-31 17:37:41.626,10725,10726,10726,1
2019-07-31 17:37:43.809,10725,10726,10726,1
2019-07-31 17:37:44.201,10725,10726,10726,4
2019-07-31 17:37:53.898,10726,10727,10726,19
2019-07-31 17:37:58.719,10725,10726,10725,12
2019-07-31 17:37:58.812,10725,10726,10725,1
2019-07-31 17:37:59.466,10725,10726,10725,2
2019-07-31 17:38:15.559,10725,10726,10725,2
2019-07-31 17:38:34.207,10725,10726,10726,2
2019-07-31 17:38:57.792,10725,10726,10726,4
2019-07-31 17:38:57.910,10725,10726,10726,19
2019-07-31 17:39:05.012,10726,10727,10726,2
2019-07-31 17:39:17.746,10726,10727,10726,1
2019-07-31 17:40:03.699,10726,10727,10726,2
2019-07-31 17:40:03.707,10726,10727,10726,8
2019-07-31 17:40:26.880,10725,10726,10726,2
2019-07-31 17:40:27.343,10725,10726,10726,2
2019-07-31 17:40:32.616,10726,10727,10726,3
2019-07-31 17:41:30.455,10725,10726,10726,1
2019-07-31 17:41:47.105,10725,10726,10726,1
2019-07-31 17:42:00.619,10725,10726,10726,2
2019-07-31 17:42:04.532,10725,10726,10726,10
2019-07-31 17:42:04.535,10725,10726,10726,2
2019-07-31 17:42:47.355,10726,10727,10726,5
2019-07-31 17:42:47.355,10726,10727,10725,5
2019-07-31 17:42:48.309,10725,10726,10726,2
2019-07-31 17:43:35.907,10725,10726,10726,3
2019-07-31 17:44:07.530,10725,10726,10726,4
2019-07-31 17:45:05.566,10726,10727,10727,1
2019-07-31 17:45:06.116,10726,10727,10726,1
2019-07-31 17:45:24.106,10726,10727,10726,3
2019-07-31 17:45:33.115,10726,10727,10726,1
2019-07-31 17:46:32.393,10726,10727,10726,1
2019-07-31 17:46:37.476,10726,10727,10726,1
2019-07-31 17:47:12.366,10726,10727,10726,2
2019-07-31 17:47:12.410,10726,10727,10726,1
2019-07-31 17:47:28.156,10726,10727,10726,1
2019-07-31 17:47:32.757,10726,10727,10726,1
2019-07-31 17:47:32.757,10726,10727,10726,1
2019-07-31 17:47:32.758,10726,10727,10726,2
2019-07-31 17:47:32.758,10726,10727,10726,5
2019-07-31 17:47:32.785,10726,10727,10726,11
2019-07-31 17:47:49.952,10725,10726,10726,1
2019-07-31 17:48:00.230,10725,10726,10725,1
2019-07-31 17:48:20.868,10725,10726,10725,1
2019-07-31 17:48:22.552,10725,10726,10725,3
2019-07-31 17:49:11.746,10725,10726,10726,1
2019-07-31 17:49:11.785,10725,10726,10726,1
2019-07-31 17:49:12.035,10725,10726,10726,2
2019-07-31 17:49:12.086,10725,10726,10725,1
2019-07-31 17:49:12.126,10725,10726,10726,7
2019-07-31 17:49:19.280,10725,10726,10726,1
2019-07-31 17:49:24.151,10725,10726,10726,1
2019-07-31 17:49:30.520,10725,10726,10725,2
2019-07-31 17:49:30.966,10725,10726,10725,2
2019-07-31 17:49:46.515,10725,10726,10725,1
2019-07-31 17:51:00.908,10725,10726,10726,2
2019-07-31 17:51:01.164,10725,10726,10725,3
2019-07-31 17:51:01.299,10725,10726,10725,1
2019-07-31 17:51:01.307,10725,10726,10725,1
2019-07-31 17:51:43.642,10725,10726,10725,2
2019-07-31 17:52:01.714,10725,10726,10726,9
2019-07-31 17:52:40.543,10726,10727,10726,2
2019-07-31 17:53:52.081,10726,10727,10726,1
2019-07-31 17:54:03.150,10726,10727,10726,2
2019-07-31 17:54:10.826,10726,10727,10727,1
2019-07-31 17:55:14.015,10726,10727,10727,1
2019-07-31 17:55:58.309,10726,10727,10727,1
2019-07-31 17:56:12.137,10726,10727,10726,10
2019-07-31 17:56:51.413,10726,10727,10726,3
2019-07-31 17:57:06.921,10726,10727,10726,1
2019-07-31 17:57:40.800,10726,10727,10726,1
2019-07-31 17:58:10.205,10726,10727,10727,2
2019-07-31 17:58:21.207,10726,10727,10727,1
2019-07-31 17:59:04.528,10726,10727,10727,2
2019-07-31 17:59:18.741,10726,10727,10727,2
2019-07-31 17:59:18.785,10726,10727,10727,18
2019-07-31 17:59:18.910,10726,10727,10727,6
2019-07-31 17:59:18.910,10726,10727,10727,4
2019-07-31 17:59:18.910,10726,10727,10727,2
2019-07-31 17:59:18.910,10726,10727,10727,2
2019-07-31 17:59:19.167,10727,10728,10727,10
2019-07-31 17:59:25.163,10726,10727,10727,1
2019-07-31 17:59:26.053,10726,10727,10727,1
2019-07-31 17:59:28.472,10726,10727,10727,1
2019-07-31 17:59:29.667,10726,10727,10727,3
2019-07-31 17:59:30.407,10727,10728,10728,1
2019-07-31 18:00:05.690,10727,10728,10728,2
2019-07-31 18:01:27.335,10727,10728,10728,1
2019-07-31 18:01:37.975,10727,10728,10728,3
2019-07-31 18:02:36.071,10727,10728,10728,12
2019-07-31 18:03:22.057,10727,10728,10728,12
2019-07-31 18:03:39.674,10727,10728,10728,12
2019-07-31 18:04:05.690,10727,10728,10728,1
2019-07-31 18:04:08.360,10727,10728,10728,12
2019-07-31 18:04:10.094,10727,10728,10728,1
2019-07-31 18:04:10.144,10727,10728,10728,1
2019-07-31 18:04:10.381,10727,10728,10728,2
2019-07-31 18:05:00.189,10728,10729,10728,1
2019-07-31 18:05:51.389,10728,10729,10728,5
2019-07-31 18:05:52.133,10728,10729,10728,1
2019-07-31 18:06:56.772,10728,10729,10728,11
2019-07-31 18:06:56.773,10728,10729,10728,4
2019-07-31 18:06:56.773,10728,10729,10728,2
2019-07-31 18:07:04.114,10727,10728,10728,1
2019-07-31 18:07:43.498,10727,10728,10728,1
2019-07-31 18:08:10.643,10727,10728,10727,1
2019-07-31 18:08:25.035,10727,10728,10728,1
2019-07-31 18:08:55.519,10727,10728,10727,1
2019-07-31 18:09:58.467,10727,10728,10727,1
2019-07-31 18:09:58.797,10727,10728,10727,1
2019-07-31 18:10:09.277,10727,10728,10728,1
2019-07-31 18:10:21.358,10727,10728,10728,1
2019-07-31 18:10:21.358,10727,10728,10728,1
2019-07-31 18:10:21.358,10727,10728,10728,1
2019-07-31 18:11:16.462,10727,10728,10727,1
2019-07-31 18:11:48.441,10727,10728,10727,1
2019-07-31 18:11:53.139,10727,10728,10727,1
2019-07-31 18:13:03.681,10727,10728,10727,1
2019-07-31 18:13:45.286,10727,10728,10728,1
2019-07-31 18:13:45.675,10727,10728,10727,1
2019-07-31 18:13:46.286,10727,10728,10728,1
2019-07-31 18:14:07.344,10727,10728,10728,1
2019-07-31 18:14:33.573,10727,10728,10727,1
2019-07-31 18:14:33.574,10727,10728,10727,1
2019-07-31 18:14:33.650,10727,10728,10727,1
2019-07-31 18:14:33.660,10727,10728,10727,36
2019-07-31 18:14:33.660,10727,10728,10727,2
2019-07-31 18:14:33.660,10727,10728,10727,3
2019-07-31 18:16:54.079,10726,10727,10726,2
2019-07-31 18:16:54.079,10726,10727,10726,1
2019-07-31 18:16:54.080,10726,10727,10726,1
2019-07-31 18:16:54.080,10726,10727,10726,1
2019-07-31 18:16:54.081,10726,10727,10726,7
2019-07-31 18:16:54.081,10726,10727,10726,2
2019-07-31 18:16:54.160,10726,10727,10726,3
2019-07-31 18:16:54.160,10726,10727,10726,4
2019-07-31 18:16:54.160,10726,10727,10726,2
2019-07-31 18:16:54.160,10726,10727,10726,2
2019-07-31 18:16:54.160,10726,10727,10726,3
2019-07-31 18:16:54.160,10726,10727,10726,6
2019-07-31 18:16:54.160,10726,10727,10726,3
2019-07-31 18:16:54.160,10726,10727,10726,2
2019-07-31 18:16:54.161,10726,10727,10726,2
2019-07-31 18:16:54.161,10726,10727,10726,4
2019-07-31 18:16:54.161,10726,10727,10726,19
2019-07-31 18:16:54.161,10726,10727,10726,2
2019-07-31 18:16:54.161,10726,10727,10726,1
2019-07-31 18:17:12.593,10725,10726,10725,1
2019-07-31 18:17:14.174,10725,10726,10725,1
2019-07-31 18:17:15.185,10725,10726,10726,2
2019-07-31 18:17:17.980,10725,10726,10725,1
2019-07-31 18:17:50.555,10725,10726,10726,1
2019-07-31 18:18:01.767,10725,10726,10725,2
2019-07-31 18:18:28.438,10725,10726,10725,5
2019-07-31 18:18:36.861,10725,10726,10726,12
2019-07-31 18:18:36.910,10726,10727,10726,1
2019-07-31 18:18:37.115,10726,10727,10726,1
2019-07-31 18:19:00.545,10726,10727,10726,5
2019-07-31 18:19:00.808,10726,10727,10726,5
2019-07-31 18:19:01.048,10726,10727,10726,5
2019-07-31 18:19:01.272,10726,10727,10726,5
2019-07-31 18:19:08.039,10726,10727,10726,10
2019-07-31 18:19:15.837,10726,10727,10726,1
2019-07-31 18:19:16.471,10726,10727,10726,2
2019-07-31 18:19:31.945,10726,10727,10726,3
2019-07-31 18:19:45.690,10726,10727,10726,3
2019-07-31 18:20:26.323,10725,10726,10725,32
2019-07-31 18:20:26.818,10725,10726,10725,2
2019-07-31 18:20:28.906,10725,10726,10725,28
2019-07-31 18:20:29.638,10725,10726,10725,16
2019-07-31 18:20:30.386,10725,10726,10725,2
2019-07-31 18:20:30.410,10725,10726,10725,26
2019-07-31 18:20:33.242,10724,10725,10724,1
2019-07-31 18:20:39.999,10724,10725,10724,1
2019-07-31 18:20:42.718,10724,10725,10724,5
2019-07-31 18:20:42.969,10724,10725,10724,5
2019-07-31 18:20:43.209,10724,10725,10724,5
2019-07-31 18:20:51.681,10724,10725,10724,4
2019-07-31 18:21:13.201,10724,10725,10724,17
2019-07-31 18:21:13.352,10724,10725,10724,5
2019-07-31 18:21:13.606,10724,10725,10724,5
2019-07-31 18:21:13.848,10724,10725,10724,2
2019-07-31 18:21:19.955,10723,10724,10724,1
2019-07-31 18:21:27.660,10723,10724,10724,1
2019-07-31 18:21:34.083,10723,10724,10723,2
2019-07-31 18:21:55.730,10723,10724,10724,10
2019-07-31 18:21:55.731,10723,10724,10724,10
2019-07-31 18:21:55.731,10723,10724,10724,7
2019-07-31 18:22:19.809,10724,10725,10724,3
2019-07-31 18:22:20.537,10724,10725,10724,1
2019-07-31 18:22:20.598,10724,10725,10724,1
2019-07-31 18:22:26.755,10723,10724,10724,1
2019-07-31 18:22:38.314,10724,10725,10724,2
2019-07-31 18:22:39.208,10724,10725,10724,1
2019-07-31 18:22:42.488,10724,10725,10724,1
2019-07-31 18:23:01.261,10724,10725,10724,3
2019-07-31 18:23:04.410,10724,10725,10724,1
2019-07-31 18:23:24.183,10723,10724,10723,1
2019-07-31 18:23:27.409,10723,10724,10723,1
2019-07-31 18:23:41.392,10723,10724,10723,1
2019-07-31 18:23:48.335,10723,10724,10723,25
2019-07-31 18:23:48.410,10723,10724,10723,16
2019-07-31 18:23:49.693,10723,10724,10723,4
2019-07-31 18:23:56.406,10723,10724,10723,1
2019-07-31 18:24:07.928,10723,10724,10723,3
2019-07-31 18:24:12.235,10722,10723,10722,3
2019-07-31 18:24:12.370,10722,10723,10722,1
2019-07-31 18:24:12.573,10722,10723,10722,2
2019-07-31 18:24:31.089,10722,10723,10722,1
2019-07-31 18:24:31.989,10722,10723,10723,15
2019-07-31 18:24:35.424,10723,10724,10723,1
2019-07-31 18:24:35.424,10723,10724,10722,3
2019-07-31 18:24:35.537,10722,10724,10722,1
2019-07-31 18:24:40.208,10722,10723,10722,1
2019-07-31 18:24:40.465,10722,10723,10722,1
2019-07-31 18:24:40.687,10722,10723,10722,1
2019-07-31 18:24:44.061,10722,10723,10723,1
2019-07-31 18:24:52.690,10722,10723,10723,1
2019-07-31 18:24:57.574,10722,10723,10722,48
2019-07-31 18:24:57.575,10722,10723,10722,3
2019-07-31 18:24:58.261,10721,10722,10721,1
2019-07-31 18:24:58.343,10721,10722,10721,2
2019-07-31 18:24:58.362,10721,10722,10721,1
2019-07-31 18:24:58.386,10721,10722,10721,1
2019-07-31 18:24:58.454,10721,10722,10722,1
2019-07-31 18:24:58.522,10721,10722,10721,1
2019-07-31 18:24:58.573,10721,10723,10721,1
2019-07-31 18:24:58.588,10721,10723,10721,2
2019-07-31 18:24:58.596,10721,10723,10721,1
2019-07-31 18:24:58.607,10721,10723,10721,1
2019-07-31 18:24:58.728,10721,10722,10721,1
2019-07-31 18:24:58.756,10721,10722,10721,1
2019-07-31 18:24:58.767,10721,10722,10721,1
2019-07-31 18:24:59.142,10721,10722,10721,1
2019-07-31 18:24:59.160,10721,10722,10721,1
2019-07-31 18:25:01.243,10721,10722,10721,1
2019-07-31 18:25:04.192,10721,10722,10721,1
2019-07-31 18:25:06.062,10721,10722,10721,2
2019-07-31 18:25:13.718,10721,10722,10721,3
2019-07-31 18:25:20.008,10721,10722,10722,2
2019-07-31 18:25:23.557,10721,10722,10722,2
2019-07-31 18:25:23.662,10721,10722,10722,13
2019-07-31 18:25:52.286,10722,10723,10723,2
2019-07-31 18:25:55.784,10722,10723,10722,1
2019-07-31 18:25:59.681,10722,10723,10723,1
2019-07-31 18:26:23.787,10722,10723,10723,1
2019-07-31 18:26:38.737,10722,10723,10723,2
2019-07-31 18:26:42.660,10722,10723,10722,2
2019-07-31 18:26:43.973,10722,10723,10723,2
2019-07-31 18:26:56.833,10722,10723,10722,2
2019-07-31 18:27:02.508,10722,10723,10722,2
2019-07-31 18:27:21.417,10722,10723,10723,5
2019-07-31 18:27:21.535,10722,10723,10723,12
2019-07-31 18:27:21.953,10723,10724,10723,1
2019-07-31 18:27:25.167,10722,10724,10723,2
2019-07-31 18:27:43.898,10722,10723,10723,1
2019-07-31 18:28:01.181,10723,10724,10723,5
2019-07-31 18:28:16.307,10723,10724,10723,2
2019-07-31 18:28:21.339,10723,10724,10723,1
2019-07-31 18:28:25.259,10723,10724,10724,1
2019-07-31 18:28:56.155,10723,10724,10723,1
2019-07-31 18:29:20.877,10723,10724,10724,1
2019-07-31 18:29:21.444,10723,10724,10724,2
2019-07-31 18:29:24.208,10723,10724,10724,1
2019-07-31 18:29:46.696,10723,10724,10723,2
2019-07-31 18:29:50.164,10723,10724,10724,1
2019-07-31 18:30:00.490,10723,10724,10724,1
2019-07-31 18:30:02.970,10723,10724,10723,1
2019-07-31 18:30:31.766,10723,10724,10723,1
2019-07-31 18:30:36.229,10723,10724,10723,1
2019-07-31 18:30:56.801,10723,10724,10723,3
2019-07-31 18:31:19.639,10723,10724,10723,5
2019-07-31 18:31:32.222,10723,10724,10723,1
2019-07-31 18:31:32.231,10723,10724,10723,1
2019-07-31 18:31:32.480,10723,10724,10723,1
2019-07-31 18:31:32.522,10723,10724,10723,1
2019-07-31 18:31:32.535,10723,10724,10723,3
2019-07-31 18:31:32.535,10723,10724,10723,4
2019-07-31 18:31:44.994,10722,10723,10723,1
2019-07-31 18:31:56.588,10722,10723,10723,5
2019-07-31 18:32:02.631,10722,10723,10723,2
2019-07-31 18:32:22.887,10723,10724,10723,1
2019-07-31 18:33:03.548,10723,10724,10723,1
2019-07-31 18:33:45.550,10722,10723,10723,1
2019-07-31 18:33:47.835,10722,10723,10723,1
2019-07-31 18:33:52.052,10723,10724,10723,1
2019-07-31 18:34:04.759,10722,10723,10723,1
2019-07-31 18:34:12.163,10722,10723,10723,1
2019-07-31 18:34:15.252,10722,10723,10723,1
2019-07-31 18:34:15.547,10722,10723,10723,1
2019-07-31 18:34:15.805,10722,10723,10723,1
2019-07-31 18:34:15.995,10722,10723,10723,1
2019-07-31 18:34:16.245,10722,10723,10723,1
2019-07-31 18:34:16.475,10722,10723,10723,1
2019-07-31 18:34:29.333,10723,10724,10723,3
2019-07-31 18:34:31.833,10723,10724,10723,5
2019-07-31 18:34:38.607,10723,10724,10723,1
2019-07-31 18:34:46.658,10723,10724,10723,5
2019-07-31 18:35:06.008,10723,10724,10723,1
2019-07-31 18:35:08.549,10723,10724,10723,4
2019-07-31 18:35:09.076,10722,10723,10723,1
2019-07-31 18:35:33.408,10723,10724,10723,5
2019-07-31 18:35:33.410,10723,10724,10723,1
2019-07-31 18:35:42.537,10723,10724,10723,1
2019-07-31 18:35:54.964,10722,10723,10723,2
2019-07-31 18:36:53.058,10723,10724,10723,1
2019-07-31 18:36:57.677,10723,10724,10723,1
2019-07-31 18:37:04.479,10723,10724,10723,3
2019-07-31 18:38:29.812,10723,10724,10723,1
2019-07-31 18:38:30.302,10723,10724,10723,1
2019-07-31 18:38:37.528,10723,10724,10723,1
2019-07-31 18:38:52.206,10723,10724,10723,1
2019-07-31 18:39:06.744,10723,10724,10723,1
2019-07-31 18:39:09.363,10723,10724,10723,3
2019-07-31 18:39:36.900,10723,10724,10723,1
2019-07-31 18:39:37.263,10723,10724,10723,1
2019-07-31 18:40:07.290,10723,10724,10723,1
2019-07-31 18:40:31.290,10723,10724,10723,2
2019-07-31 18:40:35.523,10723,10724,10723,1
2019-07-31 18:40:52.068,10723,10724,10723,1
2019-07-31 18:40:56.725,10723,10724,10723,1
2019-07-31 18:41:02.893,10723,10724,10723,1
2019-07-31 18:41:03.961,10723,10724,10723,2
2019-07-31 18:41:05.813,10723,10724,10723,1
2019-07-31 18:41:05.814,10723,10724,10723,2
2019-07-31 18:41:05.814,10723,10724,10723,3
2019-07-31 18:41:05.814,10723,10724,10723,2
2019-07-31 18:41:06.130,10722,10723,10722,1
2019-07-31 18:41:20.182,10722,10723,10722,1
2019-07-31 18:41:59.997,10722,10723,10722,1
2019-07-31 18:42:00.142,10722,10723,10722,2
2019-07-31 18:42:03.650,10722,10723,10722,2
2019-07-31 18:42:04.127,10722,10723,10722,1
2019-07-31 18:42:04.268,10722,10723,10722,2
2019-07-31 18:42:04.285,10722,10723,10722,9
2019-07-31 18:42:04.410,10722,10723,10722,4
2019-07-31 18:42:04.410,10722,10723,10722,1
2019-07-31 18:42:04.410,10722,10723,10722,2
2019-07-31 18:42:04.410,10722,10723,10722,6
2019-07-31 18:42:04.410,10722,10723,10722,4
2019-07-31 18:42:04.410,10722,10723,10722,3
2019-07-31 18:42:04.410,10722,10723,10722,2
2019-07-31 18:42:04.410,10722,10723,10722,2
2019-07-31 18:42:04.410,10722,10723,10722,2
2019-07-31 18:42:04.410,10722,10723,10722,1
2019-07-31 18:42:04.668,10721,10722,10721,1
2019-07-31 18:42:05.335,10721,10722,10721,2
2019-07-31 18:42:05.347,10721,10722,10721,6
2019-07-31 18:42:05.348,10721,10722,10721,8
2019-07-31 18:42:05.357,10721,10722,10721,2
2019-07-31 18:42:05.419,10721,10722,10721,8
2019-07-31 18:42:05.480,10721,10722,10721,2
2019-07-31 18:42:05.482,10721,10722,10721,4
2019-07-31 18:42:05.541,10721,10722,10721,2
2019-07-31 18:42:05.545,10721,10722,10721,2
2019-07-31 18:42:05.547,10721,10722,10721,2
2019-07-31 18:42:05.596,10721,10722,10721,4
2019-07-31 18:42:05.637,10721,10722,10721,2
2019-07-31 18:42:05.730,10721,10722,10721,2
2019-07-31 18:42:05.733,10721,10722,10721,6
2019-07-31 18:42:05.742,10721,10722,10721,2
2019-07-31 18:42:05.751,10721,10722,10721,1
2019-07-31 18:42:05.785,10721,10722,10721,2
2019-07-31 18:42:05.833,10721,10722,10721,2
2019-07-31 18:42:06.026,10721,10722,10721,1
2019-07-31 18:42:07.510,10721,10722,10721,1
2019-07-31 18:42:07.510,10721,10722,10721,1
2019-07-31 18:42:10.026,10721,10722,10721,1
2019-07-31 18:42:11.016,10720,10721,10721,1
2019-07-31 18:42:28.176,10720,10721,10721,2
2019-07-31 18:42:37.617,10720,10721,10721,1
2019-07-31 18:42:40.929,10720,10721,10720,8
2019-07-31 18:42:41.053,10720,10721,10720,1
2019-07-31 18:42:41.164,10720,10721,10720,1
2019-07-31 18:42:41.177,10720,10721,10720,1
2019-07-31 18:42:41.195,10720,10721,10720,1
2019-07-31 18:42:41.215,10720,10721,10720,1
2019-07-31 18:42:41.267,10720,10721,10720,1
2019-07-31 18:42:41.268,10720,10721,10720,1
2019-07-31 18:42:41.423,10720,10721,10720,6
2019-07-31 18:42:41.427,10720,10721,10720,5
2019-07-31 18:42:41.534,10720,10721,10720,1
2019-07-31 18:42:41.700,10720,10721,10721,1
2019-07-31 18:42:41.936,10720,10721,10720,1
2019-07-31 18:42:49.934,10720,10721,10720,1
2019-07-31 18:42:52.257,10720,10721,10720,10
2019-07-31 18:42:55.048,10720,10721,10720,8
2019-07-31 18:42:56.154,10720,10721,10720,1
2019-07-31 18:42:57.579,10720,10721,10720,1
2019-07-31 18:42:58.809,10720,10721,10720,1
2019-07-31 18:43:03.832,10720,10721,10720,2
2019-07-31 18:43:17.451,10720,10721,10720,2
2019-07-31 18:43:18.220,10720,10721,10721,1
2019-07-31 18:43:20.470,10720,10721,10720,10
2019-07-31 18:43:24.947,10720,10721,10720,8
2019-07-31 18:43:31.451,10720,10721,10720,1
2019-07-31 18:43:31.513,10720,10721,10720,3
2019-07-31 18:43:31.704,10720,10721,10720,1
2019-07-31 18:43:33.318,10720,10721,10720,4
2019-07-31 18:43:42.760,10719,10720,10720,1
2019-07-31 18:43:52.422,10719,10720,10720,20
2019-07-31 18:43:56.645,10719,10720,10719,3
2019-07-31 18:43:56.704,10719,10720,10719,1
2019-07-31 18:43:56.721,10719,10720,10719,1
2019-07-31 18:43:56.726,10719,10720,10719,1
2019-07-31 18:43:56.746,10719,10720,10719,2
2019-07-31 18:43:56.781,10719,10720,10719,1
2019-07-31 18:43:56.913,10719,10720,10719,1
2019-07-31 18:43:56.974,10719,10720,10719,1
2019-07-31 18:43:57.088,10719,10720,10719,5
2019-07-31 18:43:57.149,10719,10720,10720,1
2019-07-31 18:43:57.264,10719,10720,10719,1
2019-07-31 18:43:58.611,10719,10720,10719,5
2019-07-31 18:43:58.859,10719,10720,10719,5
2019-07-31 18:43:59.168,10719,10720,10720,1
2019-07-31 18:43:59.268,10719,10720,10719,5
2019-07-31 18:44:04.432,10719,10720,10719,1
2019-07-31 18:44:07.011,10719,10720,10719,1
2019-07-31 18:44:07.561,10719,10720,10719,1
2019-07-31 18:44:09.987,10719,10720,10719,9
2019-07-31 18:44:10.629,10719,10720,10719,1
2019-07-31 18:44:12.999,10719,10720,10719,3
2019-07-31 18:44:21.057,10719,10720,10719,1
2019-07-31 18:44:21.782,10719,10720,10719,7
2019-07-31 18:44:24.959,10718,10719,10718,1
2019-07-31 18:44:25.060,10718,10719,10718,1
2019-07-31 18:44:25.464,10718,10719,10718,1
2019-07-31 18:44:25.549,10718,10719,10719,1
2019-07-31 18:44:25.573,10718,10719,10718,5
2019-07-31 18:44:25.967,10718,10720,10718,1
2019-07-31 18:44:31.953,10718,10719,10719,2
2019-07-31 18:44:34.658,10719,10720,10719,1
2019-07-31 18:44:38.602,10719,10720,10719,1
2019-07-31 18:44:42.382,10719,10720,10719,1
2019-07-31 18:44:52.402,10718,10719,10719,1
2019-07-31 18:44:52.501,10718,10719,10718,1
2019-07-31 18:44:53.711,10718,10719,10719,1
2019-07-31 18:44:55.717,10718,10719,10719,1
2019-07-31 18:44:57.422,10718,10719,10719,1
2019-07-31 18:45:30.018,10718,10719,10718,2
2019-07-31 18:45:31.893,10718,10719,10719,1
2019-07-31 18:45:32.711,10718,10719,10718,4
2019-07-31 18:45:41.264,10718,10719,10718,4
2019-07-31 18:45:41.968,10718,10719,10719,5
2019-07-31 18:45:47.087,10718,10719,10719,2
2019-07-31 18:45:55.155,10718,10719,10719,1
2019-07-31 18:45:55.521,10718,10719,10719,1
2019-07-31 18:45:55.522,10718,10719,10719,1
2019-07-31 18:46:01.423,10719,10720,10719,1
2019-07-31 18:46:12.098,10719,10720,10719,1
2019-07-31 18:46:17.806,10719,10720,10719,1
2019-07-31 18:46:23.005,10719,10720,10719,1
2019-07-31 18:46:36.248,10719,10720,10719,2
2019-07-31 18:46:36.860,10719,10720,10719,1
2019-07-31 18:46:40.671,10719,10720,10719,4
2019-07-31 18:46:41.821,10719,10720,10719,1
2019-07-31 18:46:58.661,10719,10720,10720,1
2019-07-31 18:47:19.458,10719,10720,10720,1
2019-07-31 18:47:41.985,10719,10720,10720,2
2019-07-31 18:48:08.696,10719,10720,10719,1
2019-07-31 18:48:30.594,10719,10720,10719,1
2019-07-31 18:48:33.070,10719,10720,10719,2
2019-07-31 18:48:59.973,10719,10720,10719,2
2019-07-31 18:48:59.980,10719,10720,10719,3
2019-07-31 18:49:01.141,10719,10720,10719,5
2019-07-31 18:49:15.982,10719,10720,10719,1
2019-07-31 18:49:19.270,10719,10720,10719,1
2019-07-31 18:49:22.575,10719,10720,10719,1
2019-07-31 18:49:22.576,10719,10720,10719,2
2019-07-31 18:49:23.348,10719,10720,10719,2
2019-07-31 18:49:49.957,10718,10719,10718,1
2019-07-31 18:49:55.143,10718,10719,10719,1
2019-07-31 18:49:56.047,10718,10719,10718,1
2019-07-31 18:49:56.679,10718,10719,10718,2
2019-07-31 18:50:05.292,10718,10719,10718,1
2019-07-31 18:50:05.648,10718,10719,10718,1
2019-07-31 18:50:12.492,10718,10719,10718,1
2019-07-31 18:50:19.354,10718,10719,10718,5
2019-07-31 18:50:20.745,10718,10719,10718,1
2019-07-31 18:50:21.695,10718,10719,10718,1
2019-07-31 18:50:25.205,10718,10719,10718,10
2019-07-31 18:50:29.180,10718,10719,10718,1
2019-07-31 18:50:29.779,10718,10719,10718,1
2019-07-31 18:50:35.762,10718,10719,10718,36
2019-07-31 18:50:35.785,10718,10719,10718,2
2019-07-31 18:50:35.785,10718,10719,10718,1
2019-07-31 18:50:36.910,10718,10719,10718,1
2019-07-31 18:50:37.112,10717,10718,10718,1
2019-07-31 18:50:39.663,10718,10719,10718,2
2019-07-31 18:50:40.726,10717,10719,10717,5
2019-07-31 18:50:40.820,10717,10719,10717,1
2019-07-31 18:50:40.904,10717,10719,10717,1
2019-07-31 18:50:40.986,10717,10719,10719,2
2019-07-31 18:50:40.992,10717,10719,10717,1
2019-07-31 18:50:41.021,10717,10719,10717,5
2019-07-31 18:50:41.783,10717,10718,10717,1
2019-07-31 18:50:41.895,10717,10718,10717,2
2019-07-31 18:50:43.018,10717,10718,10718,1
2019-07-31 18:50:55.247,10717,10718,10718,2
2019-07-31 18:50:59.460,10717,10718,10717,1
2019-07-31 18:50:59.827,10717,10718,10718,2
2019-07-31 18:51:00.038,10717,10718,10718,3
2019-07-31 18:51:01.316,10718,10719,10718,1
2019-07-31 18:51:02.260,10718,10719,10718,1
2019-07-31 18:51:08.420,10718,10719,10718,1
2019-07-31 18:51:12.913,10718,10719,10718,2
2019-07-31 18:51:14.513,10718,10719,10718,1
2019-07-31 18:51:18.987,10718,10719,10718,1
2019-07-31 18:51:19.624,10718,10719,10718,2
2019-07-31 18:51:51.344,10718,10719,10718,2
2019-07-31 18:51:58.488,10718,10719,10718,5
2019-07-31 18:52:00.791,10718,10719,10718,1
2019-07-31 18:52:13.852,10718,10719,10718,1
2019-07-31 18:52:15.870,10718,10719,10718,3
2019-07-31 18:52:21.631,10718,10719,10718,1
2019-07-31 18:52:26.497,10718,10719,10719,3
2019-07-31 18:52:28.191,10718,10719,10718,5
2019-07-31 18:52:38.837,10718,10719,10718,1
2019-07-31 18:52:42.937,10718,10719,10718,1
2019-07-31 18:52:44.459,10718,10719,10718,1
2019-07-31 18:52:47.703,10717,10718,10718,1
2019-07-31 18:53:25.948,10717,10718,10718,3
2019-07-31 18:53:45.217,10717,10718,10718,2
2019-07-31 18:53:48.765,10717,10718,10717,1
2019-07-31 18:53:49.166,10717,10718,10717,1
2019-07-31 18:53:56.420,10717,10718,10717,1
2019-07-31 18:53:58.390,10717,10718,10717,10
2019-07-31 18:54:06.451,10717,10718,10717,1
2019-07-31 18:54:07.047,10717,10718,10717,1
2019-07-31 18:54:07.093,10717,10718,10717,1
2019-07-31 18:54:07.796,10717,10718,10717,10
2019-07-31 18:54:07.910,10717,10718,10717,1
2019-07-31 18:54:07.910,10717,10718,10717,2
2019-07-31 18:54:09.158,10716,10717,10717,3
2019-07-31 18:54:09.385,10716,10717,10717,2
2019-07-31 18:54:09.385,10716,10717,10718,2
2019-07-31 18:54:12.192,10716,10717,10717,1
2019-07-31 18:54:16.680,10716,10717,10717,1
2019-07-31 18:54:22.349,10716,10717,10717,1
2019-07-31 18:54:32.481,10716,10717,10716,1
2019-07-31 18:54:32.631,10716,10717,10717,1
2019-07-31 18:54:37.671,10716,10717,10716,1
2019-07-31 18:54:42.615,10716,10717,10716,1
2019-07-31 18:54:47.504,10716,10717,10716,1
2019-07-31 18:54:50.484,10716,10717,10717,1
2019-07-31 18:54:51.709,10716,10717,10717,1
2019-07-31 18:54:55.915,10716,10717,10717,1
2019-07-31 18:54:57.786,10716,10717,10717,14
2019-07-31 18:55:12.638,10717,10718,10718,1
2019-07-31 18:55:13.959,10717,10718,10717,1
2019-07-31 18:55:14.789,10717,10718,10718,1
2019-07-31 18:55:16.856,10717,10718,10718,3
2019-07-31 18:55:31.285,10717,10718,10718,12
2019-07-31 18:55:48.132,10718,10719,10718,1
2019-07-31 18:55:48.138,10718,10719,10718,1
2019-07-31 18:55:54.143,10718,10719,10718,4
2019-07-31 18:56:05.705,10718,10719,10718,20
2019-07-31 18:56:05.749,10718,10719,10718,2
2019-07-31 18:56:05.785,10717,10718,10718,3
2019-07-31 18:56:18.371,10718,10719,10718,3
2019-07-31 18:56:26.325,10718,10719,10718,2
2019-07-31 18:56:35.959,10718,10719,10719,1
2019-07-31 18:57:03.618,10718,10719,10719,1
2019-07-31 18:57:22.647,10718,10719,10718,1
2019-07-31 18:57:31.721,10718,10719,10718,5
2019-07-31 18:57:39.689,10718,10719,10718,2
2019-07-31 18:57:42.052,10718,10719,10718,1
2019-07-31 18:58:36.521,10718,10719,10718,1
2019-07-31 18:58:50.290,10718,10719,10719,1
2019-07-31 18:59:07.249,10718,10719,10719,1
2019-07-31 18:59:27.129,10718,10719,10719,1
2019-07-31 18:59:41.511,10718,10719,10719,2
2019-07-31 18:59:46.427,10718,10719,10719,30
2019-07-31 18:59:46.535,10718,10719,10719,10
2019-07-31 18:59:47.418,10719,10720,10719,1
2019-07-31 18:59:56.457,10719,10720,10719,1
2019-07-31 18:59:58.821,10719,10720,10719,2
2019-07-31 18:59:59.492,10719,10720,10719,1
2019-07-31 19:00:22.702,10719,10720,10719,4
2019-07-31 19:00:25.860,10719,10720,10719,1
2019-07-31 19:00:38.916,10719,10720,10719,2
2019-07-31 19:00:40.332,10719,10720,10719,2
2019-07-31 19:00:49.030,10718,10719,10719,1
2019-07-31 19:00:49.035,10718,10719,10719,3
2019-07-31 19:01:04.735,10719,10720,10719,1
2019-07-31 19:01:10.130,10719,10720,10719,1
2019-07-31 19:01:19.021,10719,10720,10719,2
2019-07-31 19:01:21.262,10719,10720,10719,2
2019-07-31 19:01:35.816,10719,10720,10720,1
2019-07-31 19:01:43.801,10719,10720,10719,1
2019-07-31 19:01:47.455,10719,10720,10720,1
2019-07-31 19:01:51.110,10719,10720,10720,2
2019-07-31 19:01:57.549,10719,10720,10720,1
2019-07-31 19:01:59.139,10719,10720,10720,10
2019-07-31 19:02:03.666,10719,10720,10720,1
2019-07-31 19:02:03.672,10719,10720,10720,1
2019-07-31 19:02:09.741,10719,10720,10720,2
2019-07-31 19:02:09.881,10719,10720,10720,10
2019-07-31 19:02:09.910,10719,10720,10720,11
2019-07-31 19:02:12.912,10720,10721,10720,2
2019-07-31 19:02:19.153,10720,10721,10720,1
2019-07-31 19:02:36.107,10720,10721,10721,1
2019-07-31 19:02:36.357,10720,10721,10721,1
2019-07-31 19:02:55.617,10720,10721,10721,1
2019-07-31 19:03:05.219,10720,10721,10721,1
2019-07-31 19:03:11.640,10720,10721,10721,1
2019-07-31 19:03:28.346,10720,10721,10721,1
2019-07-31 19:03:55.245,10720,10721,10720,3
2019-07-31 19:04:04.091,10720,10721,10720,2
2019-07-31 19:04:20.668,10720,10721,10720,1
2019-07-31 19:04:36.702,10720,10721,10721,1
2019-07-31 19:04:51.808,10720,10721,10721,1
2019-07-31 19:05:21.966,10720,10721,10721,3
2019-07-31 19:05:29.594,10720,10721,10721,1
2019-07-31 19:05:44.612,10720,10721,10720,1
2019-07-31 19:06:43.459,10720,10721,10720,1
2019-07-31 19:06:45.899,10720,10721,10720,7
2019-07-31 19:06:48.959,10720,10721,10721,1
2019-07-31 19:06:56.406,10720,10721,10720,1
2019-07-31 19:07:01.787,10720,10721,10720,2
2019-07-31 19:07:09.071,10720,10721,10721,2
2019-07-31 19:07:18.085,10720,10721,10720,1
2019-07-31 19:07:31.054,10720,10721,10720,5
2019-07-31 19:07:52.704,10720,10721,10720,1
2019-07-31 19:08:12.093,10720,10721,10720,6
2019-07-31 19:08:22.961,10720,10721,10720,3
2019-07-31 19:09:01.285,10720,10721,10721,2
2019-07-31 19:09:01.289,10720,10721,10721,1
2019-07-31 19:09:38.600,10720,10721,10721,1
2019-07-31 19:09:50.233,10720,10721,10721,1
2019-07-31 19:10:01.721,10720,10721,10721,1
2019-07-31 19:10:02.069,10720,10721,10721,1
2019-07-31 19:10:46.561,10720,10721,10721,2
2019-07-31 19:11:24.901,10720,10721,10720,2
2019-07-31 19:11:47.519,10720,10721,10720,1
2019-07-31 19:11:54.169,10720,10721,10720,1
2019-07-31 19:12:13.535,10720,10721,10721,14
2019-07-31 19:12:14.150,10721,10722,10721,1
2019-07-31 19:12:23.317,10721,10722,10721,2
2019-07-31 19:12:24.305,10721,10722,10722,1
2019-07-31 19:12:25.709,10721,10722,10722,1
2019-07-31 19:12:26.007,10721,10722,10722,1
2019-07-31 19:12:26.339,10721,10722,10722,1
2019-07-31 19:12:36.192,10721,10722,10722,1
2019-07-31 19:13:00.409,10721,10722,10722,1
2019-07-31 19:13:07.598,10721,10722,10722,5
2019-07-31 19:13:12.547,10721,10722,10722,7
2019-07-31 19:13:19.285,10721,10722,10722,2
2019-07-31 19:13:19.410,10721,10722,10722,12
2019-07-31 19:13:19.491,10721,10722,10722,1
2019-07-31 19:13:25.248,10722,10723,10723,1
2019-07-31 19:13:33.313,10722,10723,10723,1
2019-07-31 19:13:37.275,10722,10723,10723,15
2019-07-31 19:13:38.612,10722,10723,10723,1
2019-07-31 19:13:54.015,10722,10723,10723,10
2019-07-31 19:13:54.035,10722,10723,10723,2
2019-07-31 19:13:54.035,10722,10723,10723,5
2019-07-31 19:13:54.035,10722,10723,10723,2
2019-07-31 19:13:54.035,10722,10723,10723,1
2019-07-31 19:13:54.035,10722,10723,10723,2
2019-07-31 19:14:19.857,10723,10724,10723,1
2019-07-31 19:14:47.626,10723,10724,10723,5
2019-07-31 19:15:07.974,10723,10724,10723,1
2019-07-31 19:15:12.491,10723,10724,10724,3
2019-07-31 19:15:12.726,10723,10724,10723,1
2019-07-31 19:15:13.013,10723,10724,10723,1
2019-07-31 19:15:13.053,10723,10724,10724,1
2019-07-31 19:15:14.112,10723,10724,10724,12
2019-07-31 19:15:25.370,10723,10724,10724,2
2019-07-31 19:15:41.327,10723,10724,10724,5
2019-07-31 19:15:43.038,10723,10724,10724,1
2019-07-31 19:15:48.388,10723,10724,10724,5
2019-07-31 19:15:49.341,10723,10724,10724,1
2019-07-31 19:15:50.817,10723,10724,10724,2
2019-07-31 19:15:51.004,10723,10724,10724,4
2019-07-31 19:15:53.684,10724,10725,10724,1
2019-07-31 19:15:56.430,10724,10725,10724,1
2019-07-31 19:15:58.243,10724,10725,10724,1
2019-07-31 19:16:01.528,10724,10725,10724,1
2019-07-31 19:16:04.829,10724,10725,10724,1
2019-07-31 19:16:08.328,10724,10725,10725,2
2019-07-31 19:16:08.427,10724,10725,10725,1
2019-07-31 19:16:08.449,10724,10725,10725,1
2019-07-31 19:16:08.490,10724,10725,10725,2
2019-07-31 19:16:09.110,10724,10725,10725,1
2019-07-31 19:16:10.735,10724,10725,10725,3
2019-07-31 19:16:18.249,10724,10725,10725,1
2019-07-31 19:16:23.202,10724,10725,10725,1
2019-07-31 19:16:27.515,10724,10725,10724,10
2019-07-31 19:16:28.528,10723,10724,10724,2
2019-07-31 19:16:40.540,10723,10724,10724,1
2019-07-31 19:16:58.072,10723,10724,10724,1
2019-07-31 19:17:01.462,10723,10724,10724,3
2019-07-31 19:17:22.756,10723,10724,10724,1
2019-07-31 19:17:27.907,10723,10724,10723,1
2019-07-31 19:17:31.198,10723,10724,10724,2
2019-07-31 19:17:40.186,10723,10724,10723,1
2019-07-31 19:18:12.891,10723,10724,10724,1
2019-07-31 19:18:50.732,10723,10724,10724,5
2019-07-31 19:18:52.860,10723,10724,10723,1
2019-07-31 19:19:04.207,10723,10724,10724,2
2019-07-31 19:19:33.461,10723,10724,10724,1
2019-07-31 19:19:59.937,10723,10724,10724,1
2019-07-31 19:20:35.766,10723,10724,10724,1
2019-07-31 19:21:01.098,10723,10724,10724,8
2019-07-31 19:21:03.455,10723,10724,10724,2
2019-07-31 19:21:25.278,10723,10724,10724,1
2019-07-31 19:21:38.273,10723,10724,10724,1
2019-07-31 19:21:49.577,10723,10724,10724,1
2019-07-31 19:22:38.018,10723,10724,10724,1
2019-07-31 19:22:42.089,10723,10724,10724,1
2019-07-31 19:22:47.329,10723,10725,10723,1
2019-07-31 19:22:49.486,10723,10725,10723,1
2019-07-31 19:23:29.847,10723,10724,10723,2
2019-07-31 19:23:53.714,10723,10724,10723,2
2019-07-31 19:23:55.882,10723,10724,10723,1
2019-07-31 19:24:26.712,10723,10724,10723,2
2019-07-31 19:24:35.061,10723,10724,10724,1
2019-07-31 19:25:02.865,10723,10724,10723,1
2019-07-31 19:25:09.670,10723,10724,10723,1
2019-07-31 19:25:38.910,10723,10724,10723,2
2019-07-31 19:25:39.035,10723,10724,10723,9
2019-07-31 19:25:55.641,10722,10723,10723,2
2019-07-31 19:26:04.408,10722,10724,10724,4
2019-07-31 19:26:04.458,10722,10724,10724,2
2019-07-31 19:26:32.114,10723,10724,10724,2
2019-07-31 19:26:45.652,10723,10724,10724,1
2019-07-31 19:27:37.620,10723,10724,10724,1
2019-07-31 19:29:12.901,10723,10724,10724,1
2019-07-31 19:29:15.030,10723,10724,10724,2
2019-07-31 19:29:51.806,10723,10724,10723,1
2019-07-31 19:29:56.246,10723,10724,10723,1
2019-07-31 19:30:19.623,10723,10724,10723,1
2019-07-31 19:30:21.735,10723,10724,10723,1
2019-07-31 19:30:21.910,10723,10724,10723,1
2019-07-31 19:31:25.917,10723,10724,10723,10
2019-07-31 19:31:32.880,10723,10724,10723,5
2019-07-31 19:31:36.283,10723,10724,10723,1
2019-07-31 19:31:39.545,10722,10723,10723,2
2019-07-31 19:32:32.430,10722,10723,10723,1
2019-07-31 19:32:45.543,10722,10723,10723,2
2019-07-31 19:33:02.784,10723,10724,10723,3
2019-07-31 19:33:41.650,10722,10723,10722,3
2019-07-31 19:33:43.734,10722,10723,10723,1
2019-07-31 19:33:50.340,10722,10723,10723,1
2019-07-31 19:34:36.700,10722,10723,10723,1
2019-07-31 19:34:52.252,10722,10723,10722,2
2019-07-31 19:35:01.304,10722,10723,10722,5
2019-07-31 19:35:02.983,10722,10723,10722,4
2019-07-31 19:35:30.113,10722,10723,10723,1
2019-07-31 19:35:56.075,10722,10723,10723,1
2019-07-31 19:36:08.049,10722,10723,10722,6
2019-07-31 19:36:16.321,10722,10723,10722,1
2019-07-31 19:36:23.652,10722,10723,10722,3
2019-07-31 19:36:24.076,10721,10722,10722,2
2019-07-31 19:36:49.703,10721,10722,10721,3
2019-07-31 19:37:35.867,10721,10722,10722,1
2019-07-31 19:38:11.489,10721,10722,10722,8
2019-07-31 19:38:11.764,10722,10723,10722,1
2019-07-31 19:38:18.501,10722,10723,10722,1
2019-07-31 19:38:32.704,10721,10722,10722,2
2019-07-31 19:38:37.694,10722,10723,10722,1
2019-07-31 19:38:38.945,10722,10723,10722,1
2019-07-31 19:38:39.204,10722,10723,10722,1
2019-07-31 19:38:51.918,10722,10723,10722,1
2019-07-31 19:39:20.397,10722,10723,10722,1
2019-07-31 19:39:33.163,10722,10723,10722,1
2019-07-31 19:39:58.160,10722,10723,10722,1
2019-07-31 19:40:09.828,10722,10723,10722,1
2019-07-31 19:40:23.990,10721,10723,10723,1
2019-07-31 19:40:41.057,10721,10722,10722,1
2019-07-31 19:41:35.387,10722,10723,10722,2
2019-07-31 19:41:49.058,10722,10723,10723,2
2019-07-31 19:41:54.840,10722,10723,10722,1
2019-07-31 19:42:03.894,10722,10723,10722,1
2019-07-31 19:44:03.033,10722,10723,10723,1
2019-07-31 19:44:18.289,10722,10723,10723,1
2019-07-31 19:45:32.580,10722,10723,10723,1
2019-07-31 19:45:52.177,10722,10723,10723,5
2019-07-31 19:45:54.910,10722,10723,10723,3
2019-07-31 19:46:15.875,10722,10724,10722,3
2019-07-31 19:46:49.343,10722,10723,10723,2
2019-07-31 19:47:02.808,10722,10723,10723,1
2019-07-31 19:47:09.311,10722,10723,10722,1
2019-07-31 19:47:19.389,10722,10723,10723,1
2019-07-31 19:47:25.171,10722,10723,10723,1
2019-07-31 19:47:50.675,10722,10724,10722,1
2019-07-31 19:48:12.348,10722,10723,10722,1
2019-07-31 19:48:27.863,10722,10723,10722,1
2019-07-31 19:48:34.618,10722,10723,10722,2
2019-07-31 19:48:56.414,10722,10723,10722,2
2019-07-31 19:49:50.282,10722,10723,10722,1
2019-07-31 19:50:04.937,10722,10723,10722,1
2019-07-31 19:50:05.359,10722,10723,10723,1
2019-07-31 19:50:07.347,10722,10723,10722,1
2019-07-31 19:50:51.453,10722,10723,10723,2
2019-07-31 19:51:56.571,10722,10723,10722,1
2019-07-31 19:51:57.091,10722,10723,10722,1
2019-07-31 19:52:23.522,10722,10723,10722,1
2019-07-31 19:52:23.535,10722,10723,10722,1
2019-07-31 19:52:36.747,10722,10723,10722,5
2019-07-31 19:52:36.897,10722,10723,10722,1
2019-07-31 19:52:58.767,10722,10723,10722,1
2019-07-31 19:53:01.384,10722,10723,10722,2
2019-07-31 19:53:01.385,10722,10723,10722,1
2019-07-31 19:53:53.318,10721,10722,10722,1
2019-07-31 19:54:00.196,10721,10722,10721,1
2019-07-31 19:54:08.100,10721,10722,10722,1
2019-07-31 19:54:33.894,10721,10722,10721,1
2019-07-31 19:54:56.382,10721,10722,10721,1
2019-07-31 19:55:31.619,10721,10722,10722,1
2019-07-31 19:55:49.605,10721,10722,10722,1
2019-07-31 19:55:56.333,10721,10722,10721,1
2019-07-31 19:56:15.585,10721,10722,10721,10
2019-07-31 19:56:15.616,10721,10722,10721,1
2019-07-31 19:56:27.268,10721,10722,10721,1
2019-07-31 19:56:28.881,10721,10722,10721,1
2019-07-31 19:57:10.411,10721,10722,10721,1
2019-07-31 19:57:10.535,10721,10722,10721,1
2019-07-31 19:57:35.961,10721,10722,10721,10
2019-07-31 19:57:36.877,10721,10722,10721,10
2019-07-31 19:57:38.249,10721,10722,10721,8
2019-07-31 19:57:55.842,10720,10721,10721,5
2019-07-31 19:58:32.517,10720,10721,10720,1
2019-07-31 19:58:46.304,10720,10721,10721,1
2019-07-31 19:58:58.909,10720,10721,10720,1
2019-07-31 19:59:06.103,10720,10721,10721,8
2019-07-31 19:59:06.103,10720,10721,10721,8
2019-07-31 19:59:06.103,10720,10721,10721,6
2019-07-31 19:59:06.285,10721,10722,10722,1
2019-07-31 19:59:07.874,10721,10722,10721,2
2019-07-31 19:59:17.212,10721,10722,10722,2
2019-07-31 19:59:36.844,10721,10722,10721,1
2019-07-31 19:59:40.380,10721,10722,10721,1
2019-07-31 19:59:51.366,10721,10722,10721,1
2019-07-31 19:59:53.907,10721,10722,10721,2
2019-07-31 19:59:59.309,10721,10722,10721,1
2019-07-31 19:59:59.739,10721,10722,10721,1
2019-07-31 20:00:39.133,10720,10721,10720,1
2019-07-31 20:01:20.285,10720,10721,10721,15
2019-07-31 20:01:20.410,10720,10721,10721,3
2019-07-31 20:01:25.429,10721,10722,10721,1
2019-07-31 20:01:30.558,10721,10722,10721,1
2019-07-31 20:02:16.068,10721,10722,10721,1
2019-07-31 20:02:20.535,10721,10722,10722,3
2019-07-31 20:02:20.535,10721,10722,10722,2
2019-07-31 20:02:20.535,10721,10722,10722,1
2019-07-31 20:02:20.541,10721,10722,10722,1
2019-07-31 20:02:36.736,10721,10722,10722,1
2019-07-31 20:03:18.418,10721,10722,10722,2
2019-07-31 20:03:51.175,10721,10722,10722,2
2019-07-31 20:04:18.893,10721,10722,10722,2
2019-07-31 20:04:25.109,10721,10722,10722,1
2019-07-31 20:04:25.370,10721,10722,10722,1
2019-07-31 20:04:32.006,10721,10722,10721,3
2019-07-31 20:04:42.398,10721,10722,10722,2
2019-07-31 20:04:42.410,10721,10722,10722,9
2019-07-31 20:04:42.535,10721,10722,10722,9
2019-07-31 20:05:53.105,10721,10722,10722,1
2019-07-31 20:06:10.566,10721,10722,10722,1
2019-07-31 20:06:19.310,10722,10723,10722,1
2019-07-31 20:06:53.363,10721,10722,10722,1
2019-07-31 20:07:10.074,10721,10722,10722,1
2019-07-31 20:07:14.605,10721,10722,10722,1
2019-07-31 20:07:19.258,10721,10722,10722,1
2019-07-31 20:07:19.605,10721,10722,10721,2
2019-07-31 20:07:27.193,10721,10722,10722,1
2019-07-31 20:08:14.696,10721,10722,10722,1
2019-07-31 20:09:20.373,10721,10722,10722,2
2019-07-31 20:10:00.121,10721,10722,10721,1
2019-07-31 20:10:00.160,10721,10722,10721,8
2019-07-31 20:10:00.160,10721,10722,10721,5
2019-07-31 20:10:00.160,10721,10722,10721,5
2019-07-31 20:10:00.285,10721,10722,10721,2
2019-07-31 20:10:03.175,10721,10722,10721,1
2019-07-31 20:10:05.531,10721,10722,10721,2
2019-07-31 20:10:21.197,10720,10722,10720,2
2019-07-31 20:10:26.239,10721,10722,10721,1
