2024-11-05 15:00:00.035,23136,23140,23136,56,-56
2024-11-05 15:00:00.037,23136,23137,23136,1,-1
2024-11-05 15:00:00.037,23136,23137,23137,2,2
2024-11-05 15:00:00.037,23136,23137,23135,2,-2
2024-11-05 15:00:00.048,23136,23137,23137,1,1
2024-11-05 15:00:00.127,23135,23137,23137,1,1
2024-11-05 15:00:00.296,23135,23137,23137,13,13
2024-11-05 15:00:00.297,23135,23137,23140,1,1
2024-11-05 15:00:00.298,23135,23137,23140,2,2
2024-11-05 15:00:00.337,23141,23143,23147,1,1
2024-11-05 15:00:00.337,23141,23143,23146,1,1
2024-11-05 15:00:00.337,23141,23143,23143,1,1
2024-11-05 15:00:00.338,23141,23143,23147,2,2
2024-11-05 15:00:00.424,23141,23143,23147,1,1
2024-11-05 15:00:00.427,23141,23143,23148,1,1
2024-11-05 15:00:00.429,23141,23143,23148,1,1
2024-11-05 15:00:00.447,23141,23143,23150,1,1
2024-11-05 15:00:00.458,23147,23150,23150,1,1
2024-11-05 15:00:00.481,23147,23150,23155,1,1
2024-11-05 15:00:00.482,23147,23150,23155,1,1
2024-11-05 15:00:00.484,23147,23150,23155,1,1
2024-11-05 15:00:00.495,23147,23150,23156,17,17
2024-11-05 15:00:00.495,23147,23150,23155,1,1
2024-11-05 15:00:00.495,23147,23150,23155,1,1
2024-11-05 15:00:00.522,23147,23150,23157,2,2
2024-11-05 15:00:00.523,23147,23150,23157,14,14
2024-11-05 15:00:00.529,23147,23150,23160,1,1
2024-11-05 15:00:00.538,23147,23150,23160,1,1
2024-11-05 15:00:00.539,23147,23150,23160,1,1
2024-11-05 15:00:00.541,23147,23150,23160,1,1
2024-11-05 15:00:00.550,23147,23150,23161,1,1
2024-11-05 15:00:00.556,23147,23150,23162,1,1
2024-11-05 15:00:00.569,23147,23150,23155,1,1
2024-11-05 15:00:00.576,23147,23150,23166,1,1
2024-11-05 15:00:00.576,23147,23150,23165,1,1
2024-11-05 15:00:00.579,23147,23150,23166,1,1
2024-11-05 15:00:00.581,23155,23166,23166,1,1
2024-11-05 15:00:00.586,23155,23166,23166,1,1
2024-11-05 15:00:00.588,23155,23166,23166,1,1
2024-11-05 15:00:00.591,23155,23166,23166,10,10
2024-11-05 15:00:00.614,23155,23166,23167,1,1
2024-11-05 15:00:00.640,23155,23166,23177,7,7
2024-11-05 15:00:00.640,23155,23166,23175,6,6
2024-11-05 15:00:00.640,23155,23166,23174,6,6
2024-11-05 15:00:00.640,23155,23166,23173,2,2
2024-11-05 15:00:00.640,23155,23166,23169,3,3
2024-11-05 15:00:00.640,23155,23166,23171,1,1
2024-11-05 15:00:00.640,23155,23166,23170,4,4
2024-11-05 15:00:00.640,23155,23166,23172,5,5
2024-11-05 15:00:00.640,23155,23166,23167,6,6
2024-11-05 15:00:00.673,23155,23166,23177,1,1
2024-11-05 15:00:00.679,23155,23166,23177,1,1
2024-11-05 15:00:00.685,23155,23166,23177,1,1
2024-11-05 15:00:00.705,23155,23166,23177,1,1
2024-11-05 15:00:00.711,23160,23177,23168,1,-1
2024-11-05 15:00:00.712,23160,23177,23177,5,5
2024-11-05 15:00:00.812,23160,23177,23177,2,2
2024-11-05 15:00:00.821,23160,23177,23168,1,-1
2024-11-05 15:00:00.832,23168,23178,23178,1,1
2024-11-05 15:00:00.855,23168,23178,23180,1,1
2024-11-05 15:00:00.859,23168,23178,23177,1,1
2024-11-05 15:00:00.866,23168,23178,23180,1,1
2024-11-05 15:00:00.881,23168,23178,23180,1,1
2024-11-05 15:00:00.911,23168,23178,23178,2,2
2024-11-05 15:00:00.958,23178,23182,23182,1,1
2024-11-05 15:00:00.959,23178,23182,23183,1,1
2024-11-05 15:00:00.994,23178,23182,23184,1,1
2024-11-05 15:00:01.007,23178,23182,23185,1,1
2024-11-05 15:00:01.007,23178,23182,23185,1,1
2024-11-05 15:00:01.008,23178,23182,23186,1,1
2024-11-05 15:00:01.011,23178,23182,23187,2,2
2024-11-05 15:00:01.013,23178,23182,23187,1,1
2024-11-05 15:00:01.013,23178,23182,23187,9,9
2024-11-05 15:00:01.029,23178,23182,23182,3,3
2024-11-05 15:00:01.040,23178,23182,23182,1,1
2024-11-05 15:00:01.047,23178,23182,23182,1,1
2024-11-05 15:00:01.067,23178,23182,23188,1,1
2024-11-05 15:00:01.079,23178,23182,23182,1,1
2024-11-05 15:00:01.105,23182,23189,23185,1,-1
2024-11-05 15:00:01.114,23182,23189,23188,1,1
2024-11-05 15:00:01.114,23182,23189,23189,1,1
2024-11-05 15:00:01.117,23182,23189,23185,1,-1
2024-11-05 15:00:01.128,23182,23189,23185,1,-1
2024-11-05 15:00:01.128,23182,23189,23185,1,-1
2024-11-05 15:00:01.134,23182,23189,23189,4,4
2024-11-05 15:00:01.152,23182,23189,23183,2,-2
2024-11-05 15:00:01.155,23182,23189,23183,1,-1
2024-11-05 15:00:01.157,23182,23189,23183,1,-1
2024-11-05 15:00:01.161,23182,23189,23183,1,-1
2024-11-05 15:00:01.173,23182,23189,23183,1,-1
2024-11-05 15:00:01.209,23183,23190,23186,1,-1
2024-11-05 15:00:01.236,23183,23190,23190,1,1
2024-11-05 15:00:01.274,23183,23190,23190,1,1
2024-11-05 15:00:01.286,23183,23190,23192,1,1
2024-11-05 15:00:01.321,23183,23190,23183,1,-1
2024-11-05 15:00:01.334,23183,23192,23187,1,-1
2024-11-05 15:00:01.359,23183,23192,23192,1,1
2024-11-05 15:00:01.401,23183,23192,23183,5,-5
2024-11-05 15:00:01.403,23183,23192,23182,5,-5
2024-11-05 15:00:01.403,23183,23192,23178,2,-2
2024-11-05 15:00:01.406,23183,23192,23181,1,-1
2024-11-05 15:00:01.406,23183,23192,23182,1,-1
2024-11-05 15:00:01.410,23183,23192,23183,1,-1
2024-11-05 15:00:01.459,23173,23183,23178,1,-1
2024-11-05 15:00:01.533,23173,23183,23180,1,1
2024-11-05 15:00:01.533,23173,23183,23179,1,1
2024-11-05 15:00:01.534,23173,23183,23178,1,1
2024-11-05 15:00:01.602,23175,23179,23175,1,-1
2024-11-05 15:00:01.602,23175,23179,23179,1,1
2024-11-05 15:00:01.652,23175,23179,23180,1,1
2024-11-05 15:00:01.652,23175,23179,23181,1,1
2024-11-05 15:00:01.652,23175,23179,23182,2,2
2024-11-05 15:00:01.652,23175,23179,23183,1,1
2024-11-05 15:00:01.652,23175,23179,23183,1,1
2024-11-05 15:00:01.653,23175,23179,23173,1,-1
2024-11-05 15:00:01.655,23175,23179,23178,1,1
2024-11-05 15:00:01.706,23170,23184,23170,1,-1
2024-11-05 15:00:01.733,23170,23184,23185,1,1
2024-11-05 15:00:01.733,23170,23184,23184,2,2
2024-11-05 15:00:01.754,23170,23184,23176,1,-1
2024-11-05 15:00:01.754,23170,23184,23185,1,1
2024-11-05 15:00:01.755,23170,23184,23186,1,1
2024-11-05 15:00:01.761,23170,23184,23186,1,1
2024-11-05 15:00:01.956,23171,23187,23187,1,1
2024-11-05 15:00:01.956,23171,23187,23189,2,2
2024-11-05 15:00:01.956,23171,23187,23190,1,1
2024-11-05 15:00:02.116,23171,23190,23190,1,1
2024-11-05 15:00:02.396,23171,23190,23190,1,1
2024-11-05 15:00:02.534,23183,23191,23186,1,-1
2024-11-05 15:00:02.544,23183,23191,23185,1,-1
2024-11-05 15:00:02.544,23183,23191,23186,1,-1
2024-11-05 15:00:02.586,23185,23192,23185,1,-1
2024-11-05 15:00:02.591,23185,23192,23184,1,-1
2024-11-05 15:00:02.591,23185,23192,23183,1,-1
2024-11-05 15:00:03.050,23184,23187,23187,2,2
2024-11-05 15:00:03.050,23184,23187,23187,1,1
2024-11-05 15:00:03.051,23184,23187,23186,1,1
2024-11-05 15:00:03.051,23184,23187,23187,1,1
2024-11-05 15:00:03.078,23184,23187,23187,1,1
2024-11-05 15:00:03.177,23185,23189,23185,14,-14
2024-11-05 15:00:03.177,23185,23189,23185,1,-1
2024-11-05 15:00:03.268,23184,23189,23184,1,-1
2024-11-05 15:00:03.268,23184,23189,23183,1,-1
2024-11-05 15:00:03.303,23184,23189,23182,1,-1
2024-11-05 15:00:03.303,23184,23189,23180,1,-1
2024-11-05 15:00:03.334,23180,23189,23184,1,-1
2024-11-05 15:00:03.335,23180,23189,23184,1,-1
2024-11-05 15:00:03.336,23180,23189,23180,1,-1
2024-11-05 15:00:03.336,23180,23189,23181,2,-2
2024-11-05 15:00:03.479,23177,23188,23177,1,-1
2024-11-05 15:00:03.525,23177,23188,23166,2,-2
2024-11-05 15:00:03.525,23177,23188,23165,1,-1
2024-11-05 15:00:04.181,23162,23164,23162,2,-2
2024-11-05 15:00:04.181,23162,23164,23160,1,-1
2024-11-05 15:00:04.181,23162,23164,23161,1,-1
2024-11-05 15:00:04.184,23162,23164,23158,1,-1
2024-11-05 15:00:04.198,23162,23164,23161,1,-1
2024-11-05 15:00:04.332,23156,23162,23156,1,-1
2024-11-05 15:00:04.332,23156,23162,23155,1,-1
2024-11-05 15:00:04.713,23155,23162,23164,1,1
2024-11-05 15:00:04.713,23155,23162,23166,2,2
2024-11-05 15:00:04.713,23155,23162,23165,1,1
2024-11-05 15:00:04.713,23155,23162,23162,1,1
2024-11-05 15:00:04.713,23155,23162,23163,1,1
2024-11-05 15:00:04.749,23155,23162,23155,1,-1
2024-11-05 15:00:04.820,23155,23162,23155,1,-1
2024-11-05 15:00:05.087,23156,23168,23156,1,-1
2024-11-05 15:00:05.250,23156,23166,23170,2,2
2024-11-05 15:00:05.250,23156,23166,23169,1,1
2024-11-05 15:00:05.250,23156,23166,23171,1,1
2024-11-05 15:00:05.250,23156,23166,23166,1,1
2024-11-05 15:00:05.250,23156,23166,23167,1,1
2024-11-05 15:00:05.262,23156,23166,23174,1,1
2024-11-05 15:00:05.262,23156,23166,23171,1,1
2024-11-05 15:00:05.262,23156,23166,23173,1,1
2024-11-05 15:00:05.390,23161,23173,23173,1,1
2024-11-05 15:00:05.455,23161,23173,23173,1,1
2024-11-05 15:00:05.484,23161,23173,23173,1,1
2024-11-05 15:00:05.484,23161,23173,23174,2,2
2024-11-05 15:00:05.583,23163,23176,23176,1,1
2024-11-05 15:00:05.603,23163,23176,23176,1,1
2024-11-05 15:00:05.603,23163,23176,23177,1,1
2024-11-05 15:00:05.603,23163,23176,23178,1,1
2024-11-05 15:00:05.830,23163,23174,23174,1,1
2024-11-05 15:00:06.260,23167,23172,23172,1,1
2024-11-05 15:00:06.333,23170,23176,23176,1,1
2024-11-05 15:00:06.390,23170,23176,23179,1,1
2024-11-05 15:00:06.561,23174,23180,23180,1,1
2024-11-05 15:00:06.755,23174,23182,23183,1,1
2024-11-05 15:00:07.224,23176,23183,23176,1,-1
2024-11-05 15:00:07.224,23176,23183,23175,1,-1
2024-11-05 15:00:07.358,23176,23181,23176,1,-1
2024-11-05 15:00:07.506,23174,23179,23179,1,1
2024-11-05 15:00:07.508,23174,23179,23175,1,-1
2024-11-05 15:00:07.614,23174,23178,23174,1,-1
2024-11-05 15:00:07.735,23172,23176,23172,1,-1
2024-11-05 15:00:08.797,23170,23174,23170,1,-1
2024-11-05 15:00:08.949,23170,23174,23170,1,-1
2024-11-05 15:00:09.739,23169,23173,23173,1,1
2024-11-05 15:00:10.112,23169,23173,23170,1,-1
2024-11-05 15:00:10.115,23169,23173,23170,1,-1
2024-11-05 15:00:10.523,23169,23171,23169,2,-2
2024-11-05 15:00:10.523,23169,23171,23168,2,-2
2024-11-05 15:00:10.579,23169,23171,23166,1,-1
2024-11-05 15:00:10.579,23169,23171,23165,1,-1
2024-11-05 15:00:10.719,23165,23168,23162,1,-1
2024-11-05 15:00:10.719,23165,23168,23163,3,-3
2024-11-05 15:00:10.719,23165,23168,23165,2,-2
2024-11-05 15:00:10.719,23165,23168,23164,1,-1
2024-11-05 15:00:10.720,23165,23168,23162,1,-1
2024-11-05 15:00:10.720,23165,23168,23162,3,-3
2024-11-05 15:00:10.720,23165,23168,23162,1,-1
2024-11-05 15:00:10.720,23165,23168,23161,1,-1
2024-11-05 15:00:10.890,23162,23167,23167,1,1
2024-11-05 15:00:10.987,23165,23168,23167,1,1
2024-11-05 15:00:10.988,23165,23168,23167,1,1
2024-11-05 15:00:11.115,23165,23167,23165,1,-1
2024-11-05 15:00:11.116,23165,23167,23163,1,-1
2024-11-05 15:00:11.116,23165,23167,23162,3,-3
2024-11-05 15:00:11.116,23165,23167,23163,9,-9
2024-11-05 15:00:11.258,23161,23166,23166,2,2
2024-11-05 15:00:11.258,23161,23166,23167,1,1
2024-11-05 15:00:11.258,23161,23166,23168,1,1
2024-11-05 15:00:11.258,23161,23166,23169,1,1
2024-11-05 15:00:11.703,23164,23168,23164,1,-1
2024-11-05 15:00:11.740,23164,23166,23166,1,1
2024-11-05 15:00:12.057,23166,23169,23169,1,1
2024-11-05 15:00:12.500,23167,23169,23167,3,-3
2024-11-05 15:00:12.500,23167,23169,23166,1,-1
2024-11-05 15:00:12.501,23167,23169,23166,1,-1
2024-11-05 15:00:12.711,23164,23166,23166,1,1
2024-11-05 15:00:13.026,23164,23166,23164,1,-1
2024-11-05 15:00:13.456,23164,23166,23166,1,1
2024-11-05 15:00:13.612,23164,23166,23166,3,3
2024-11-05 15:00:13.612,23164,23166,23166,1,1
2024-11-05 15:00:13.800,23166,23169,23169,1,1
2024-11-05 15:00:13.875,23166,23169,23169,1,1
2024-11-05 15:00:14.109,23166,23169,23166,3,-3
2024-11-05 15:00:14.262,23165,23168,23164,1,-1
2024-11-05 15:00:14.434,23162,23165,23165,1,1
2024-11-05 15:00:14.434,23162,23165,23166,6,6
2024-11-05 15:00:15.788,23165,23166,23165,1,-1
2024-11-05 15:00:15.812,23165,23166,23164,1,-1
2024-11-05 15:00:15.952,23163,23166,23163,1,-1
2024-11-05 15:00:16.534,23163,23166,23165,1,1
2024-11-05 15:00:16.660,23163,23165,23163,1,-1
2024-11-05 15:00:16.749,23163,23165,23163,1,-1
2024-11-05 15:00:17.009,23161,23165,23161,3,-3
2024-11-05 15:00:17.100,23160,23162,23162,1,1
2024-11-05 15:00:17.297,23160,23163,23160,1,-1
2024-11-05 15:00:17.356,23159,23163,23159,1,-1
2024-11-05 15:00:17.839,23160,23163,23160,2,-2
2024-11-05 15:00:17.972,23160,23163,23160,1,-1
2024-11-05 15:00:18.068,23160,23163,23160,1,-1
2024-11-05 15:00:18.068,23160,23163,23159,2,-2
2024-11-05 15:00:18.068,23160,23163,23158,3,-3
2024-11-05 15:00:18.068,23160,23163,23157,3,-3
2024-11-05 15:00:18.068,23160,23163,23156,7,-7
2024-11-05 15:00:18.068,23160,23163,23155,4,-4
2024-11-05 15:00:18.115,23155,23158,23159,2,2
2024-11-05 15:00:19.041,23160,23163,23160,2,-2
2024-11-05 15:00:19.993,23161,23163,23161,1,-1
2024-11-05 15:00:20.433,23159,23163,23159,2,-2
2024-11-05 15:00:21.743,23160,23163,23160,1,-1
2024-11-05 15:00:21.833,23160,23163,23160,1,-1
2024-11-05 15:00:21.976,23160,23163,23160,1,-1
2024-11-05 15:00:22.393,23160,23163,23154,1,-1
2024-11-05 15:00:22.393,23160,23163,23155,5,-5
2024-11-05 15:00:22.393,23160,23163,23156,2,-2
2024-11-05 15:00:22.393,23160,23163,23157,4,-4
2024-11-05 15:00:22.393,23160,23163,23158,4,-4
2024-11-05 15:00:22.393,23160,23163,23159,2,-2
2024-11-05 15:00:22.393,23160,23163,23160,2,-2
2024-11-05 15:00:22.436,23160,23163,23157,1,-1
2024-11-05 15:00:23.073,23153,23158,23158,1,1
2024-11-05 15:00:23.073,23153,23158,23159,1,1
2024-11-05 15:00:23.263,23153,23159,23159,1,1
2024-11-05 15:00:23.263,23153,23159,23160,3,3
2024-11-05 15:00:26.024,23158,23159,23158,1,-1
2024-11-05 15:00:27.193,23155,23158,23158,1,1
2024-11-05 15:00:29.558,23155,23157,23155,1,-1
2024-11-05 15:00:29.597,23153,23156,23156,1,1
2024-11-05 15:00:29.825,23153,23157,23157,1,1
2024-11-05 15:00:30.700,23153,23155,23155,1,1
2024-11-05 15:00:31.152,23153,23155,23153,2,-2
2024-11-05 15:00:31.355,23152,23155,23152,3,-3
2024-11-05 15:00:31.355,23152,23155,23151,2,-2
2024-11-05 15:00:33.112,23151,23155,23155,1,1
2024-11-05 15:00:34.178,23151,23154,23151,1,-1
2024-11-05 15:00:34.178,23151,23154,23150,2,-2
2024-11-05 15:00:34.556,23150,23154,23147,2,-2
2024-11-05 15:00:34.556,23150,23154,23148,4,-4
2024-11-05 15:00:34.556,23150,23154,23149,1,-1
2024-11-05 15:00:34.556,23150,23154,23150,1,-1
2024-11-05 15:00:36.013,23145,23147,23147,1,1
2024-11-05 15:00:36.078,23145,23147,23149,1,1
2024-11-05 15:00:38.431,23145,23148,23148,1,1
2024-11-05 15:00:39.746,23146,23149,23149,3,3
2024-11-05 15:00:40.427,23147,23149,23147,3,-3
2024-11-05 15:00:40.427,23147,23149,23146,4,-4
2024-11-05 15:00:40.427,23147,23149,23145,3,-3
2024-11-05 15:00:40.755,23145,23149,23149,2,2
2024-11-05 15:00:40.755,23145,23149,23149,2,2
2024-11-05 15:00:42.372,23148,23150,23150,1,1
2024-11-05 15:00:43.023,23150,23153,23150,1,-1
2024-11-05 15:00:43.058,23150,23153,23149,1,-1
2024-11-05 15:00:44.268,23150,23152,23150,1,-1
2024-11-05 15:00:44.491,23149,23151,23149,1,-1
2024-11-05 15:00:44.740,23145,23148,23145,1,-1
2024-11-05 15:00:45.058,23144,23147,23148,2,2
2024-11-05 15:00:45.058,23144,23147,23149,1,1
2024-11-05 15:00:46.754,23147,23149,23147,1,-1
2024-11-05 15:00:46.939,23144,23148,23142,3,-3
2024-11-05 15:00:46.939,23144,23148,23144,4,-4
2024-11-05 15:00:46.939,23144,23148,23143,3,-3
2024-11-05 15:00:48.058,23142,23145,23142,1,-1
2024-11-05 15:00:48.058,23142,23145,23141,2,-2
2024-11-05 15:00:48.702,23140,23144,23144,1,1
2024-11-05 15:00:48.988,23141,23145,23145,1,1
2024-11-05 15:00:49.828,23141,23145,23145,1,1
2024-11-05 15:00:53.747,23145,23148,23149,3,3
2024-11-05 15:00:53.747,23145,23148,23148,2,2
2024-11-05 15:00:54.957,23147,23150,23150,1,1
2024-11-05 15:00:55.433,23146,23149,23149,2,2
2024-11-05 15:00:57.116,23148,23151,23151,2,2
2024-11-05 15:00:57.240,23149,23152,23148,2,-2
2024-11-05 15:00:57.241,23149,23152,23147,2,-2
2024-11-05 15:00:58.646,23145,23149,23149,1,1
2024-11-05 15:01:00.038,23146,23149,23149,2,2
2024-11-05 15:01:00.038,23146,23149,23150,2,2
2024-11-05 15:01:00.039,23146,23149,23148,1,1
2024-11-05 15:01:00.039,23146,23149,23148,1,1
2024-11-05 15:01:00.050,23146,23149,23149,1,1
2024-11-05 15:01:00.066,23146,23149,23151,1,1
2024-11-05 15:01:00.066,23146,23149,23150,1,1
2024-11-05 15:01:00.066,23146,23149,23150,1,1
2024-11-05 15:01:00.074,23146,23149,23151,2,2
2024-11-05 15:01:00.074,23146,23149,23153,1,1
2024-11-05 15:01:00.075,23146,23149,23153,1,1
2024-11-05 15:01:00.077,23146,23149,23153,1,1
2024-11-05 15:01:00.100,23152,23153,23153,1,1
2024-11-05 15:01:00.100,23152,23153,23154,1,1
2024-11-05 15:01:00.120,23152,23153,23152,1,-1
2024-11-05 15:01:00.126,23152,23153,23154,1,1
2024-11-05 15:01:00.145,23152,23153,23153,2,2
2024-11-05 15:01:00.159,23152,23153,23152,1,-1
2024-11-05 15:01:00.236,23151,23154,23152,1,-1
2024-11-05 15:01:00.576,23151,23153,23153,1,1
2024-11-05 15:01:00.576,23151,23153,23154,1,1
2024-11-05 15:01:00.590,23151,23154,23154,3,3
2024-11-05 15:01:00.590,23151,23154,23155,6,6
2024-11-05 15:01:00.656,23151,23154,23156,1,1
2024-11-05 15:01:00.678,23151,23154,23156,1,1
2024-11-05 15:01:00.694,23151,23154,23152,1,-1
2024-11-05 15:01:00.732,23152,23156,23156,1,1
2024-11-05 15:01:01.211,23152,23156,23152,1,-1
2024-11-05 15:01:01.213,23152,23156,23151,4,-4
2024-11-05 15:01:01.335,23148,23151,23151,1,1
2024-11-05 15:01:02.614,23150,23153,23153,1,1
2024-11-05 15:01:03.907,23150,23152,23150,1,-1
2024-11-05 15:01:05.809,23149,23152,23149,2,-2
2024-11-05 15:01:05.809,23149,23152,23148,2,-2
2024-11-05 15:01:08.525,23148,23150,23148,1,-1
2024-11-05 15:01:09.413,23147,23149,23149,1,1
2024-11-05 15:01:09.460,23147,23149,23149,1,1
2024-11-05 15:01:09.461,23147,23149,23150,1,1
2024-11-05 15:01:09.461,23147,23149,23150,1,1
2024-11-05 15:01:09.461,23147,23149,23149,1,1
2024-11-05 15:01:09.597,23147,23150,23147,2,-2
2024-11-05 15:01:11.152,23147,23148,23148,1,1
2024-11-05 15:01:12.198,23149,23150,23149,1,-1
2024-11-05 15:01:13.201,23147,23149,23149,1,1
2024-11-05 15:01:13.259,23149,23150,23150,2,2
2024-11-05 15:01:13.259,23149,23150,23150,1,1
2024-11-05 15:01:13.279,23149,23150,23152,1,1
2024-11-05 15:01:13.375,23150,23153,23153,1,1
2024-11-05 15:01:15.203,23152,23154,23154,2,2
2024-11-05 15:01:15.430,23154,23155,23155,1,1
2024-11-05 15:01:15.440,23154,23155,23155,1,1
2024-11-05 15:01:15.531,23154,23155,23154,1,-1
2024-11-05 15:01:15.531,23154,23155,23154,1,-1
2024-11-05 15:01:15.754,23152,23155,23155,2,2
2024-11-05 15:01:16.140,23152,23155,23152,1,-1
2024-11-05 15:01:17.741,23152,23155,23152,1,-1
2024-11-05 15:01:18.117,23152,23155,23152,1,-1
2024-11-05 15:01:18.118,23152,23155,23151,1,-1
2024-11-05 15:01:18.210,23149,23151,23152,1,1
2024-11-05 15:01:18.210,23149,23151,23151,1,1
2024-11-05 15:01:19.530,23150,23153,23153,1,1
2024-11-05 15:01:20.561,23150,23153,23150,1,-1
2024-11-05 15:01:20.949,23149,23152,23149,1,-1
2024-11-05 15:01:21.410,23149,23150,23150,1,1
2024-11-05 15:01:21.990,23148,23151,23148,2,-2
2024-11-05 15:01:21.991,23148,23151,23147,2,-2
2024-11-05 15:01:22.105,23146,23148,23148,1,1
2024-11-05 15:01:22.105,23146,23148,23149,1,1
2024-11-05 15:01:23.125,23147,23150,23147,3,-3
2024-11-05 15:01:23.125,23147,23150,23146,2,-2
2024-11-05 15:01:24.290,23145,23148,23148,1,1
2024-11-05 15:01:24.290,23145,23148,23149,3,3
2024-11-05 15:01:25.415,23147,23151,23147,1,-1
2024-11-05 15:01:25.556,23147,23150,23146,1,-1
2024-11-05 15:01:25.556,23147,23150,23147,1,-1
2024-11-05 15:01:26.050,23147,23150,23147,1,-1
2024-11-05 15:01:29.005,23146,23149,23146,1,-1
2024-11-05 15:01:29.005,23146,23149,23145,8,-8
2024-11-05 15:01:29.005,23146,23149,23144,1,-1
2024-11-05 15:01:29.015,23146,23149,23146,1,-1
2024-11-05 15:01:29.084,23144,23148,23148,1,1
2024-11-05 15:01:29.084,23144,23148,23148,1,1
2024-11-05 15:01:29.085,23144,23148,23150,1,1
2024-11-05 15:01:29.085,23144,23148,23149,1,1
2024-11-05 15:01:29.085,23144,23148,23149,1,1
2024-11-05 15:01:29.085,23144,23148,23149,1,1
2024-11-05 15:01:29.085,23144,23148,23148,1,1
2024-11-05 15:01:29.085,23144,23148,23149,1,1
2024-11-05 15:01:29.087,23144,23148,23150,1,1
2024-11-05 15:01:29.090,23144,23148,23150,1,1
2024-11-05 15:01:32.645,23148,23150,23148,1,-1
2024-11-05 15:01:32.645,23148,23150,23147,5,-5
2024-11-05 15:01:32.645,23148,23150,23146,4,-4
2024-11-05 15:01:32.645,23148,23150,23145,5,-5
2024-11-05 15:01:46.591,23146,23149,23146,1,-1
2024-11-05 15:01:47.267,23146,23149,23146,1,-1
2024-11-05 15:01:47.334,23145,23148,23148,1,1
2024-11-05 15:01:47.337,23145,23148,23149,1,1
2024-11-05 15:01:47.337,23145,23148,23149,1,1
2024-11-05 15:01:48.292,23147,23150,23148,2,-2
2024-11-05 15:01:51.071,23147,23150,23147,1,-1
2024-11-05 15:01:53.097,23145,23148,23145,8,-8
2024-11-05 15:01:53.098,23145,23148,23144,1,-1
2024-11-05 15:01:54.135,23143,23145,23143,1,-1
2024-11-05 15:01:54.136,23143,23145,23142,2,-2
2024-11-05 15:01:54.270,23141,23143,23144,1,1
2024-11-05 15:02:00.062,23142,23145,23145,1,1
2024-11-05 15:02:00.139,23142,23145,23145,1,1
2024-11-05 15:02:00.310,23143,23146,23145,3,3
2024-11-05 15:02:00.319,23143,23146,23146,1,1
2024-11-05 15:02:00.535,23143,23147,23143,1,-1
2024-11-05 15:02:00.539,23143,23147,23143,3,-3
2024-11-05 15:02:00.539,23143,23147,23142,1,-1
2024-11-05 15:02:00.622,23142,23145,23145,1,1
2024-11-05 15:02:01.981,23142,23146,23146,1,1
2024-11-05 15:02:04.717,23142,23144,23142,1,-1
2024-11-05 15:02:04.719,23142,23144,23141,2,-2
2024-11-05 15:02:05.030,23140,23142,23142,3,3
2024-11-05 15:02:08.699,23141,23144,23144,1,1
2024-11-05 15:02:09.051,23141,23144,23141,1,-1
2024-11-05 15:02:12.994,23142,23145,23142,5,-5
2024-11-05 15:02:12.994,23142,23145,23141,4,-4
2024-11-05 15:02:18.430,23144,23145,23144,1,-1
2024-11-05 15:02:20.200,23143,23145,23143,4,-4
2024-11-05 15:02:21.220,23142,23145,23142,1,-1
2024-11-05 15:02:22.918,23141,23145,23141,3,-3
2024-11-05 15:02:22.919,23141,23145,23141,5,-5
2024-11-05 15:02:22.922,23141,23145,23140,1,-1
2024-11-05 15:02:22.922,23141,23145,23140,6,-6
2024-11-05 15:02:22.995,23138,23140,23140,2,2
2024-11-05 15:02:22.995,23138,23140,23141,1,1
2024-11-05 15:02:23.018,23138,23140,23142,1,1
2024-11-05 15:02:23.018,23138,23140,23143,2,2
2024-11-05 15:02:23.090,23140,23143,23140,1,-1
2024-11-05 15:02:23.098,23140,23143,23140,3,-3
2024-11-05 15:02:23.410,23139,23141,23139,1,-1
2024-11-05 15:02:23.520,23138,23140,23138,1,-1
2024-11-05 15:02:26.023,23138,23140,23138,1,-1
2024-11-05 15:02:26.816,23138,23140,23138,4,-4
2024-11-05 15:02:26.817,23138,23140,23137,3,-3
2024-11-05 15:02:26.817,23138,23140,23137,3,-3
2024-11-05 15:02:28.212,23136,23137,23137,1,1
2024-11-05 15:02:30.574,23137,23139,23137,1,-1
2024-11-05 15:02:33.129,23139,23141,23139,1,-1
2024-11-05 15:02:33.801,23139,23140,23139,2,-2
2024-11-05 15:02:33.893,23137,23140,23140,1,1
2024-11-05 15:02:37.558,23138,23139,23138,1,-1
2024-11-05 15:02:38.978,23138,23139,23139,1,1
2024-11-05 15:02:40.726,23138,23139,23138,1,-1
2024-11-05 15:02:42.481,23137,23139,23139,1,1
2024-11-05 15:02:46.886,23138,23140,23138,1,-1
2024-11-05 15:02:47.878,23138,23140,23138,1,-1
2024-11-05 15:02:50.008,23138,23139,23138,1,-1
2024-11-05 15:02:52.054,23138,23139,23138,1,-1
2024-11-05 15:02:55.272,23138,23139,23138,1,-1
2024-11-05 15:02:56.876,23137,23139,23139,1,1
2024-11-05 15:02:56.877,23137,23139,23140,2,2
2024-11-05 15:02:56.878,23137,23139,23141,2,2
2024-11-05 15:03:00.039,23140,23143,23143,3,3
2024-11-05 15:03:00.047,23140,23143,23144,2,2
2024-11-05 15:03:00.049,23140,23143,23145,1,1
2024-11-05 15:03:00.049,23140,23143,23144,1,1
2024-11-05 15:03:00.050,23140,23143,23145,1,1
2024-11-05 15:03:00.141,23143,23145,23145,1,1
2024-11-05 15:03:00.141,23143,23145,23146,2,2
2024-11-05 15:03:00.519,23143,23146,23146,1,1
2024-11-05 15:03:00.519,23143,23146,23147,1,1
2024-11-05 15:03:00.521,23143,23146,23147,1,1
2024-11-05 15:03:00.534,23143,23146,23147,1,1
2024-11-05 15:03:00.553,23143,23146,23147,1,1
2024-11-05 15:03:00.594,23145,23148,23148,1,1
2024-11-05 15:03:00.662,23145,23148,23148,1,1
2024-11-05 15:03:04.178,23145,23148,23145,4,-4
2024-11-05 15:03:04.178,23145,23148,23144,1,-1
2024-11-05 15:03:05.313,23143,23146,23146,1,1
2024-11-05 15:03:10.993,23144,23146,23146,1,1
2024-11-05 15:03:11.160,23144,23146,23145,1,1
2024-11-05 15:03:15.793,23145,23146,23145,1,-1
2024-11-05 15:03:16.519,23143,23146,23145,1,1
2024-11-05 15:03:17.605,23144,23146,23146,4,4
2024-11-05 15:03:19.013,23145,23147,23145,2,-2
2024-11-05 15:03:19.363,23144,23147,23145,1,-1
2024-11-05 15:03:22.899,23146,23147,23147,1,1
2024-11-05 15:03:30.971,23147,23148,23147,1,-1
2024-11-05 15:03:32.621,23147,23148,23148,1,1
2024-11-05 15:03:34.071,23147,23148,23147,1,-1
2024-11-05 15:03:35.816,23147,23148,23147,1,-1
2024-11-05 15:03:38.866,23147,23148,23148,2,2
2024-11-05 15:03:43.162,23147,23148,23148,4,4
2024-11-05 15:03:43.162,23147,23148,23148,4,4
2024-11-05 15:03:43.163,23147,23148,23148,3,3
2024-11-05 15:03:43.163,23147,23148,23148,1,1
2024-11-05 15:03:44.763,23148,23150,23150,6,6
2024-11-05 15:03:44.763,23148,23150,23150,7,7
2024-11-05 15:03:44.887,23150,23151,23150,3,-3
2024-11-05 15:03:44.887,23150,23151,23149,2,-2
2024-11-05 15:03:44.933,23150,23151,23149,1,-1
2024-11-05 15:03:51.321,23149,23150,23150,1,1
2024-11-05 15:03:53.639,23150,23151,23151,5,5
2024-11-05 15:04:00.357,23150,23152,23152,1,1
2024-11-05 15:04:00.506,23150,23152,23150,1,-1
2024-11-05 15:04:01.944,23150,23152,23150,4,-4
2024-11-05 15:04:01.944,23150,23152,23149,4,-4
2024-11-05 15:04:01.945,23150,23152,23148,2,-2
2024-11-05 15:04:01.945,23150,23152,23148,6,-6
2024-11-05 15:04:01.946,23150,23152,23147,4,-4
2024-11-05 15:04:01.947,23150,23152,23146,3,-3
2024-11-05 15:04:01.948,23150,23152,23145,2,-2
2024-11-05 15:04:01.948,23150,23152,23144,6,-6
2024-11-05 15:04:01.949,23150,23152,23143,1,-1
2024-11-05 15:04:01.955,23142,23144,23142,1,-1
2024-11-05 15:04:01.956,23142,23144,23141,1,-1
2024-11-05 15:04:01.978,23142,23144,23143,3,-3
2024-11-05 15:04:02.038,23142,23144,23144,2,2
2024-11-05 15:04:02.038,23142,23144,23143,1,-1
2024-11-05 15:04:03.279,23141,23143,23143,2,2
2024-11-05 15:04:03.279,23141,23143,23144,5,5
2024-11-05 15:04:03.279,23141,23143,23145,1,1
2024-11-05 15:04:08.617,23142,23144,23142,1,-1
2024-11-05 15:04:09.672,23142,23143,23142,1,-1
2024-11-05 15:04:09.673,23142,23143,23141,1,-1
2024-11-05 15:04:17.039,23141,23144,23141,1,-1
2024-11-05 15:04:23.388,23140,23143,23140,5,-5
2024-11-05 15:04:24.307,23138,23142,23138,2,-2
2024-11-05 15:04:26.885,23138,23141,23138,2,-2
2024-11-05 15:04:30.240,23138,23140,23140,1,1
2024-11-05 15:04:30.240,23138,23140,23141,2,2
2024-11-05 15:04:30.769,23139,23141,23139,1,-1
2024-11-05 15:04:30.770,23139,23141,23139,1,-1
2024-11-05 15:04:30.909,23138,23140,23138,2,-2
2024-11-05 15:04:32.302,23137,23139,23137,1,-1
2024-11-05 15:04:32.302,23137,23139,23137,7,-7
2024-11-05 15:04:32.302,23137,23139,23137,2,-2
2024-11-05 15:04:32.488,23136,23138,23139,1,1
2024-11-05 15:04:32.488,23136,23138,23138,2,2
2024-11-05 15:04:33.817,23138,23139,23138,1,-1
2024-11-05 15:04:34.608,23136,23138,23138,3,3
2024-11-05 15:04:34.899,23136,23139,23139,3,3
2024-11-05 15:04:39.450,23138,23140,23138,1,-1
2024-11-05 15:04:41.728,23138,23139,23138,1,-1
2024-11-05 15:04:44.343,23137,23138,23138,1,1
2024-11-05 15:04:44.399,23137,23138,23137,1,-1
2024-11-05 15:04:44.618,23136,23137,23137,1,1
2024-11-05 15:04:44.618,23136,23137,23138,2,2
2024-11-05 15:04:46.594,23137,23139,23137,1,-1
2024-11-05 15:04:49.824,23136,23138,23136,18,-18
2024-11-05 15:04:49.825,23136,23138,23135,4,-4
2024-11-05 15:04:49.826,23136,23138,23134,1,-1
2024-11-05 15:04:49.827,23136,23138,23133,1,-1
2024-11-05 15:04:49.838,23132,23134,23134,2,2
2024-11-05 15:04:49.838,23132,23134,23135,1,1
2024-11-05 15:04:50.083,23132,23133,23132,1,-1
2024-11-05 15:04:50.112,23132,23133,23132,1,-1
2024-11-05 15:04:50.112,23132,23133,23133,4,4
2024-11-05 15:04:50.113,23132,23133,23133,1,1
2024-11-05 15:04:50.113,23132,23133,23134,4,4
2024-11-05 15:04:50.608,23132,23135,23135,1,1
2024-11-05 15:04:50.800,23133,23136,23136,1,1
2024-11-05 15:04:53.185,23134,23136,23135,1,1
2024-11-05 15:04:53.958,23134,23135,23135,1,1
2024-11-05 15:04:53.980,23134,23135,23134,2,-2
2024-11-05 15:04:55.129,23132,23135,23132,1,-1
2024-11-05 15:04:55.129,23132,23135,23131,1,-1
2024-11-05 15:04:55.245,23131,23134,23134,2,2
2024-11-05 15:04:55.245,23131,23134,23135,1,1
2024-11-05 15:04:55.525,23132,23135,23135,3,3
2024-11-05 15:04:59.204,23132,23134,23134,2,2
2024-11-05 15:04:59.228,23132,23135,23135,3,3
2024-11-05 15:04:59.721,23133,23134,23133,1,-1
2024-11-05 15:05:00.046,23131,23134,23131,1,-1
2024-11-05 15:05:00.233,23131,23135,23135,3,3
2024-11-05 15:05:00.285,23131,23135,23135,1,1
2024-11-05 15:05:00.293,23131,23135,23137,1,1
2024-11-05 15:05:00.358,23135,23138,23138,1,1
2024-11-05 15:05:00.382,23135,23138,23138,1,1
2024-11-05 15:05:00.504,23135,23138,23138,3,3
2024-11-05 15:05:01.272,23136,23139,23139,1,1
2024-11-05 15:05:10.240,23137,23138,23138,1,1
2024-11-05 15:05:10.240,23137,23138,23138,1,1
2024-11-05 15:05:11.187,23137,23138,23138,1,1
2024-11-05 15:05:11.395,23138,23139,23139,2,2
2024-11-05 15:05:11.395,23138,23139,23139,1,1
2024-11-05 15:05:13.220,23139,23140,23140,1,1
2024-11-05 15:05:13.220,23139,23140,23140,1,1
2024-11-05 15:05:14.668,23140,23142,23140,1,-1
2024-11-05 15:05:18.228,23139,23141,23139,1,-1
2024-11-05 15:05:18.438,23138,23139,23139,1,1
2024-11-05 15:05:21.124,23138,23139,23139,1,1
2024-11-05 15:05:22.206,23138,23139,23139,7,7
2024-11-05 15:05:22.206,23138,23139,23139,3,3
2024-11-05 15:05:22.206,23138,23139,23139,2,2
2024-11-05 15:05:22.936,23140,23141,23140,1,-1
2024-11-05 15:05:26.305,23138,23140,23138,1,-1
2024-11-05 15:05:29.175,23138,23140,23138,5,-5
2024-11-05 15:05:30.497,23138,23140,23140,1,1
2024-11-05 15:05:37.328,23138,23140,23138,2,-2
2024-11-05 15:05:37.329,23138,23140,23136,1,-1
2024-11-05 15:05:37.329,23138,23140,23137,4,-4
2024-11-05 15:05:37.329,23138,23140,23136,2,-2
2024-11-05 15:05:37.329,23138,23140,23136,2,-2
2024-11-05 15:05:37.330,23138,23140,23135,1,-1
2024-11-05 15:05:37.330,23138,23140,23135,1,-1
2024-11-05 15:05:37.332,23138,23140,23134,2,-2
2024-11-05 15:05:41.094,23130,23132,23132,1,1
2024-11-05 15:05:41.094,23130,23132,23133,2,2
2024-11-05 15:05:42.523,23130,23132,23130,2,-2
2024-11-05 15:05:42.523,23130,23132,23130,3,-3
2024-11-05 15:05:42.524,23130,23132,23129,5,-5
2024-11-05 15:05:43.059,23128,23131,23128,1,-1
2024-11-05 15:05:43.575,23127,23130,23127,1,-1
2024-11-05 15:05:43.609,23127,23130,23127,1,-1
2024-11-05 15:05:43.681,23127,23130,23127,1,-1
2024-11-05 15:05:44.291,23127,23129,23127,1,-1
2024-11-05 15:05:44.719,23126,23128,23128,1,1
2024-11-05 15:05:45.157,23126,23128,23126,1,-1
2024-11-05 15:05:46.531,23126,23128,23126,2,-2
2024-11-05 15:05:47.083,23125,23127,23127,1,1
2024-11-05 15:05:47.193,23125,23127,23125,1,-1
2024-11-05 15:05:47.789,23125,23127,23127,2,2
2024-11-05 15:05:47.789,23125,23127,23128,2,2
2024-11-05 15:05:49.660,23126,23129,23128,1,1
2024-11-05 15:05:50.639,23126,23129,23128,1,1
2024-11-05 15:05:50.895,23126,23129,23126,1,-1
2024-11-05 15:05:52.089,23126,23129,23129,1,1
2024-11-05 15:05:55.389,23128,23129,23128,1,-1
2024-11-05 15:05:55.389,23128,23129,23128,1,-1
2024-11-05 15:05:55.477,23127,23128,23128,1,1
2024-11-05 15:06:00.982,23127,23129,23128,2,2
2024-11-05 15:06:01.116,23127,23129,23127,2,-2
2024-11-05 15:06:01.318,23127,23129,23129,1,1
2024-11-05 15:06:02.853,23127,23129,23127,1,-1
2024-11-05 15:06:02.985,23126,23128,23128,1,1
2024-11-05 15:06:04.126,23126,23128,23128,1,1
2024-11-05 15:06:04.670,23126,23128,23128,1,1
2024-11-05 15:06:05.838,23126,23128,23126,1,-1
2024-11-05 15:06:05.838,23126,23128,23126,2,-2
2024-11-05 15:06:06.784,23125,23128,23128,1,1
2024-11-05 15:06:09.882,23126,23128,23126,2,-2
2024-11-05 15:06:10.527,23126,23128,23128,1,1
2024-11-05 15:06:12.651,23129,23130,23129,1,-1
2024-11-05 15:06:13.640,23129,23130,23129,1,-1
2024-11-05 15:06:15.372,23129,23130,23129,1,-1
2024-11-05 15:06:15.372,23129,23130,23129,1,-1
2024-11-05 15:06:16.208,23126,23129,23128,1,1
2024-11-05 15:06:21.731,23126,23129,23129,1,1
2024-11-05 15:06:22.002,23128,23130,23130,1,1
2024-11-05 15:06:22.791,23133,23135,23132,1,-1
2024-11-05 15:06:26.075,23131,23134,23131,1,-1
2024-11-05 15:06:27.866,23133,23136,23133,4,-4
2024-11-05 15:06:27.866,23133,23136,23132,4,-4
2024-11-05 15:06:28.412,23132,23134,23132,2,-2
2024-11-05 15:06:30.169,23132,23135,23132,3,-3
2024-11-05 15:06:34.969,23132,23135,23132,4,-4
2024-11-05 15:06:34.971,23132,23135,23132,1,-1
2024-11-05 15:06:34.971,23132,23135,23131,1,-1
2024-11-05 15:06:34.972,23132,23135,23131,3,-3
2024-11-05 15:06:35.177,23129,23132,23131,3,3
2024-11-05 15:06:39.085,23129,23132,23132,5,5
2024-11-05 15:06:39.085,23129,23132,23133,2,2
2024-11-05 15:06:39.399,23132,23135,23133,2,-2
2024-11-05 15:06:39.399,23132,23135,23132,4,-4
2024-11-05 15:06:39.399,23132,23135,23131,6,-6
2024-11-05 15:06:39.400,23132,23135,23131,1,-1
2024-11-05 15:06:41.931,23133,23136,23136,1,1
2024-11-05 15:06:42.075,23133,23136,23136,3,3
2024-11-05 15:06:43.344,23134,23137,23136,1,1
2024-11-05 15:06:45.878,23133,23136,23133,1,-1
2024-11-05 15:06:47.228,23132,23135,23135,1,1
2024-11-05 15:06:52.590,23134,23136,23136,2,2
2024-11-05 15:06:54.533,23135,23137,23135,2,-2
2024-11-05 15:06:56.418,23134,23136,23134,1,-1
2024-11-05 15:06:56.785,23134,23136,23134,1,-1
2024-11-05 15:06:58.919,23134,23136,23136,2,2
2024-11-05 15:06:58.919,23134,23136,23137,2,2
2024-11-05 15:07:00.197,23136,23138,23138,2,2
2024-11-05 15:07:00.634,23137,23140,23140,3,3
2024-11-05 15:07:00.635,23137,23140,23140,7,7
2024-11-05 15:07:01.957,23140,23142,23142,1,1
2024-11-05 15:07:04.442,23141,23143,23141,3,-3
2024-11-05 15:07:04.444,23141,23143,23140,1,-1
2024-11-05 15:07:07.874,23139,23140,23140,2,2
2024-11-05 15:07:07.875,23139,23140,23140,1,1
2024-11-05 15:07:08.055,23139,23141,23139,1,-1
2024-11-05 15:07:08.278,23140,23142,23140,1,-1
2024-11-05 15:07:09.912,23139,23140,23140,1,1
2024-11-05 15:07:09.912,23139,23140,23140,1,1
2024-11-05 15:07:11.245,23140,23142,23142,3,3
2024-11-05 15:07:11.249,23140,23142,23144,1,1
2024-11-05 15:07:11.251,23140,23142,23144,1,1
2024-11-05 15:07:14.246,23143,23144,23144,1,1
2024-11-05 15:07:14.260,23143,23144,23143,4,-4
2024-11-05 15:07:14.855,23140,23142,23142,1,1
2024-11-05 15:07:14.855,23140,23142,23143,1,1
2024-11-05 15:07:16.075,23141,23143,23143,2,2
2024-11-05 15:07:16.095,23141,23143,23141,1,-1
2024-11-05 15:07:20.327,23142,23143,23143,1,1
2024-11-05 15:07:24.057,23142,23143,23142,2,-2
2024-11-05 15:07:27.805,23140,23142,23145,3,3
2024-11-05 15:07:27.805,23140,23142,23144,7,7
2024-11-05 15:07:27.805,23140,23142,23143,9,9
2024-11-05 15:07:27.805,23140,23142,23142,1,1
2024-11-05 15:07:27.806,23140,23142,23145,1,1
2024-11-05 15:07:27.807,23140,23142,23145,1,1
2024-11-05 15:07:27.933,23144,23147,23147,1,1
2024-11-05 15:07:27.967,23146,23148,23148,1,1
2024-11-05 15:07:27.968,23146,23148,23148,1,1
2024-11-05 15:07:28.318,23147,23150,23150,1,1
2024-11-05 15:07:28.318,23147,23150,23150,3,3
2024-11-05 15:07:28.319,23147,23150,23151,3,3
2024-11-05 15:07:29.579,23148,23151,23148,1,-1
2024-11-05 15:07:32.513,23148,23151,23151,1,1
2024-11-05 15:07:34.866,23150,23151,23150,1,-1
2024-11-05 15:07:36.837,23148,23150,23148,2,-2
2024-11-05 15:07:37.436,23145,23148,23148,1,1
2024-11-05 15:07:37.686,23145,23148,23148,1,1
2024-11-05 15:07:41.807,23145,23148,23148,5,5
2024-11-05 15:07:41.807,23145,23148,23149,5,5
2024-11-05 15:07:41.807,23145,23148,23150,10,10
2024-11-05 15:07:42.745,23148,23150,23150,1,1
2024-11-05 15:07:42.745,23148,23150,23150,11,11
2024-11-05 15:07:43.929,23149,23151,23149,1,-1
2024-11-05 15:07:50.762,23149,23150,23150,1,1
2024-11-05 15:07:51.086,23149,23150,23149,1,-1
2024-11-05 15:07:53.533,23149,23150,23150,1,1
2024-11-05 15:07:57.266,23150,23151,23150,1,-1
2024-11-05 15:07:58.277,23150,23151,23150,1,-1
2024-11-05 15:08:04.437,23149,23150,23149,1,-1
2024-11-05 15:08:04.437,23149,23150,23149,2,-2
2024-11-05 15:08:04.558,23146,23149,23148,1,1
2024-11-05 15:08:20.437,23147,23148,23148,4,4
2024-11-05 15:08:20.461,23147,23149,23149,1,1
2024-11-05 15:08:23.369,23150,23151,23149,1,-1
2024-11-05 15:08:23.369,23150,23151,23150,3,-3
2024-11-05 15:08:23.959,23149,23151,23149,1,-1
2024-11-05 15:08:33.394,23149,23151,23151,2,2
2024-11-05 15:08:33.717,23150,23152,23152,1,1
2024-11-05 15:08:33.717,23150,23152,23152,1,1
2024-11-05 15:08:33.717,23150,23152,23152,1,1
2024-11-05 15:08:34.054,23151,23154,23151,1,-1
2024-11-05 15:08:34.082,23151,23154,23151,5,-5
2024-11-05 15:08:36.217,23151,23154,23151,2,-2
2024-11-05 15:08:44.850,23151,23153,23153,1,1
2024-11-05 15:08:45.998,23152,23154,23154,1,1
2024-11-05 15:08:46.056,23152,23154,23155,3,3
2024-11-05 15:08:46.295,23152,23155,23155,1,1
2024-11-05 15:08:48.247,23151,23153,23151,1,-1
2024-11-05 15:08:48.247,23151,23153,23151,2,-2
2024-11-05 15:08:48.248,23151,23153,23150,1,-1
2024-11-05 15:08:49.714,23149,23151,23149,2,-2
2024-11-05 15:08:50.139,23148,23150,23148,1,-1
2024-11-05 15:08:52.112,23147,23149,23149,1,1
2024-11-05 15:08:53.787,23147,23149,23148,1,1
2024-11-05 15:08:55.791,23147,23149,23147,3,-3
2024-11-05 15:08:56.851,23145,23148,23148,1,1
2024-11-05 15:09:01.236,23144,23147,23147,1,1
2024-11-05 15:09:01.387,23144,23147,23147,1,1
2024-11-05 15:09:01.996,23144,23147,23147,1,1
2024-11-05 15:09:02.000,23144,23147,23147,1,1
2024-11-05 15:09:03.053,23144,23147,23145,1,-1
2024-11-05 15:09:03.136,23142,23146,23145,1,1
2024-11-05 15:09:17.055,23142,23145,23142,1,-1
2024-11-05 15:09:18.289,23142,23144,23142,1,-1
2024-11-05 15:09:20.956,23140,23144,23140,1,-1
2024-11-05 15:09:23.354,23140,23144,23140,1,-1
2024-11-05 15:09:27.001,23140,23142,23142,1,1
2024-11-05 15:09:35.045,23140,23143,23143,1,1
2024-11-05 15:09:37.685,23142,23144,23144,1,1
2024-11-05 15:09:43.137,23146,23149,23146,1,-1
2024-11-05 15:09:46.283,23147,23150,23150,1,1
2024-11-05 15:09:49.701,23149,23150,23150,1,1
2024-11-05 15:09:55.084,23147,23150,23150,1,1
2024-11-05 15:10:00.071,23147,23150,23147,1,-1
2024-11-05 15:10:00.227,23146,23149,23149,2,2
2024-11-05 15:10:00.482,23148,23150,23151,2,2
2024-11-05 15:10:00.482,23148,23150,23152,2,2
2024-11-05 15:10:00.482,23148,23150,23150,2,2
2024-11-05 15:10:00.846,23151,23152,23152,1,1
2024-11-05 15:10:00.846,23151,23152,23152,1,1
2024-11-05 15:10:01.671,23152,23154,23154,2,2
2024-11-05 15:10:02.093,23152,23154,23154,1,1
2024-11-05 15:10:03.442,23152,23154,23154,1,1
2024-11-05 15:10:03.849,23152,23154,23154,1,1
2024-11-05 15:10:04.334,23152,23154,23152,1,-1
2024-11-05 15:10:06.122,23152,23154,23152,1,-1
2024-11-05 15:10:07.061,23152,23154,23154,3,3
2024-11-05 15:10:12.245,23154,23155,23155,2,2
2024-11-05 15:10:12.245,23154,23155,23155,1,1
2024-11-05 15:10:12.245,23154,23155,23155,2,2
2024-11-05 15:10:12.245,23154,23155,23155,1,1
2024-11-05 15:10:13.477,23154,23156,23156,1,1
2024-11-05 15:10:14.470,23154,23156,23156,2,2
2024-11-05 15:10:15.615,23155,23157,23155,3,-3
2024-11-05 15:10:17.271,23152,23154,23152,1,-1
2024-11-05 15:10:23.419,23151,23154,23152,2,-2
2024-11-05 15:10:23.650,23151,23154,23154,1,1
2024-11-05 15:10:36.516,23152,23154,23152,1,-1
2024-11-05 15:10:36.893,23151,23153,23151,2,-2
2024-11-05 15:10:37.366,23150,23152,23150,2,-2
2024-11-05 15:10:37.604,23148,23151,23152,2,2
2024-11-05 15:10:40.404,23149,23152,23152,1,1
2024-11-05 15:10:42.811,23149,23151,23149,1,-1
2024-11-05 15:10:46.843,23147,23150,23147,1,-1
2024-11-05 15:10:58.459,23149,23152,23152,1,1
2024-11-05 15:10:58.837,23152,23153,23153,1,1
2024-11-05 15:10:59.171,23152,23154,23152,1,-1
2024-11-05 15:11:03.881,23152,23154,23154,10,10
2024-11-05 15:11:03.882,23152,23154,23155,10,10
2024-11-05 15:11:03.883,23152,23154,23156,1,1
2024-11-05 15:11:03.883,23152,23154,23156,1,1
2024-11-05 15:11:03.990,23154,23157,23157,1,1
2024-11-05 15:11:05.094,23155,23157,23157,1,1
2024-11-05 15:11:07.752,23155,23157,23157,1,1
2024-11-05 15:11:08.634,23155,23157,23157,2,2
2024-11-05 15:11:08.708,23156,23158,23158,2,2
2024-11-05 15:11:09.707,23157,23159,23159,1,1
2024-11-05 15:11:09.853,23157,23159,23159,1,1
2024-11-05 15:11:09.869,23157,23159,23159,3,3
2024-11-05 15:11:09.870,23157,23159,23159,1,1
2024-11-05 15:11:10.028,23158,23160,23160,1,1
2024-11-05 15:11:11.863,23159,23160,23160,1,1
2024-11-05 15:11:12.103,23159,23160,23159,1,-1
2024-11-05 15:11:12.597,23159,23160,23160,1,1
2024-11-05 15:11:13.182,23159,23160,23160,1,1
2024-11-05 15:11:15.682,23158,23159,23158,1,-1
2024-11-05 15:11:16.805,23158,23159,23159,1,1
2024-11-05 15:11:19.645,23158,23160,23160,1,1
2024-11-05 15:11:19.646,23158,23160,23160,5,5
2024-11-05 15:11:19.646,23158,23160,23160,1,1
2024-11-05 15:11:20.669,23159,23162,23159,1,-1
2024-11-05 15:11:29.027,23159,23162,23159,5,-5
2024-11-05 15:11:35.082,23158,23160,23158,1,-1
2024-11-05 15:11:36.039,23159,23160,23160,1,1
2024-11-05 15:11:37.055,23159,23160,23159,1,-1
2024-11-05 15:11:41.633,23158,23159,23159,2,2
2024-11-05 15:11:44.765,23158,23160,23160,1,1
2024-11-05 15:11:44.914,23158,23160,23158,4,-4
2024-11-05 15:11:53.170,23158,23160,23160,1,1
2024-11-05 15:11:54.290,23158,23160,23160,1,1
2024-11-05 15:11:56.037,23158,23161,23161,1,1
2024-11-05 15:11:56.037,23158,23161,23161,2,2
2024-11-05 15:11:57.744,23160,23162,23162,5,5
2024-11-05 15:11:57.744,23160,23162,23162,4,4
2024-11-05 15:11:57.746,23160,23162,23163,2,2
2024-11-05 15:12:01.258,23161,23163,23163,1,1
2024-11-05 15:12:01.476,23161,23164,23164,1,1
2024-11-05 15:12:02.077,23161,23162,23162,1,1
2024-11-05 15:12:02.077,23161,23162,23164,3,3
2024-11-05 15:12:02.684,23162,23164,23162,1,-1
2024-11-05 15:12:02.975,23161,23164,23164,1,1
2024-11-05 15:12:05.438,23162,23164,23162,1,-1
2024-11-05 15:12:11.158,23161,23164,23164,1,1
2024-11-05 15:12:20.218,23163,23164,23164,5,5
2024-11-05 15:12:20.661,23163,23164,23164,1,1
2024-11-05 15:12:23.520,23164,23165,23164,1,-1
2024-11-05 15:12:27.648,23164,23165,23164,1,-1
2024-11-05 15:12:28.162,23162,23165,23165,1,1
2024-11-05 15:12:46.823,23163,23165,23165,1,1
2024-11-05 15:12:49.253,23163,23165,23165,1,1
2024-11-05 15:12:50.390,23164,23165,23164,2,-2
2024-11-05 15:12:51.228,23163,23165,23165,2,2
2024-11-05 15:12:55.115,23163,23165,23165,2,2
2024-11-05 15:13:00.194,23164,23165,23165,1,1
2024-11-05 15:13:00.570,23164,23165,23165,1,1
2024-11-05 15:13:00.921,23164,23165,23164,1,-1
2024-11-05 15:13:00.964,23164,23165,23164,1,-1
2024-11-05 15:13:01.109,23163,23165,23163,3,-3
2024-11-05 15:13:02.075,23162,23164,23162,1,-1
2024-11-05 15:13:02.075,23162,23164,23162,1,-1
2024-11-05 15:13:02.075,23162,23164,23162,2,-2
2024-11-05 15:13:06.172,23161,23162,23162,1,1
2024-11-05 15:13:15.457,23161,23163,23162,2,2
2024-11-05 15:13:16.246,23161,23162,23161,4,-4
2024-11-05 15:13:20.502,23160,23161,23161,1,1
2024-11-05 15:13:21.100,23160,23162,23160,1,-1
2024-11-05 15:13:23.744,23159,23160,23159,1,-1
2024-11-05 15:13:25.188,23159,23160,23159,2,-2
2024-11-05 15:13:36.708,23158,23159,23159,2,2
2024-11-05 15:13:38.308,23159,23160,23160,2,2
2024-11-05 15:13:38.709,23160,23162,23162,4,4
2024-11-05 15:13:38.722,23160,23162,23163,1,1
2024-11-05 15:13:42.785,23163,23164,23164,1,1
2024-11-05 15:13:43.455,23163,23165,23163,1,-1
2024-11-05 15:13:45.186,23163,23164,23163,1,-1
2024-11-05 15:13:45.186,23163,23164,23163,1,-1
2024-11-05 15:13:46.458,23162,23164,23162,1,-1
2024-11-05 15:13:47.052,23161,23163,23161,1,-1
2024-11-05 15:13:54.204,23161,23164,23161,1,-1
2024-11-05 15:13:58.905,23162,23165,23165,2,2
2024-11-05 15:14:01.315,23162,23165,23162,1,-1
2024-11-05 15:14:02.588,23162,23165,23162,1,-1
2024-11-05 15:14:07.138,23162,23163,23163,1,1
2024-11-05 15:14:08.925,23162,23164,23162,1,-1
2024-11-05 15:14:09.126,23161,23163,23161,1,-1
2024-11-05 15:14:16.114,23162,23163,23162,1,-1
2024-11-05 15:14:25.260,23160,23162,23162,1,1
2024-11-05 15:14:33.009,23160,23162,23160,3,-3
2024-11-05 15:14:36.508,23158,23160,23158,1,-1
2024-11-05 15:14:36.508,23158,23160,23157,1,-1
2024-11-05 15:14:42.611,23157,23159,23157,1,-1
2024-11-05 15:14:42.861,23157,23159,23157,1,-1
2024-11-05 15:14:46.056,23156,23157,23156,1,-1
2024-11-05 15:14:48.157,23155,23156,23155,1,-1
2024-11-05 15:14:48.157,23155,23156,23155,2,-2
2024-11-05 15:14:50.307,23153,23155,23153,1,-1
2024-11-05 15:14:54.960,23153,23156,23153,2,-2
2024-11-05 15:14:55.283,23153,23156,23153,1,-1
2024-11-05 15:15:01.572,23153,23155,23153,1,-1
2024-11-05 15:15:01.572,23153,23155,23153,1,-1
2024-11-05 15:15:01.813,23152,23154,23154,3,3
2024-11-05 15:15:01.813,23152,23154,23155,5,5
2024-11-05 15:15:01.813,23152,23154,23156,8,8
2024-11-05 15:15:01.813,23152,23154,23157,11,11
2024-11-05 15:15:01.815,23152,23154,23157,1,1
2024-11-05 15:15:01.844,23155,23158,23158,3,3
2024-11-05 15:15:01.877,23155,23158,23157,1,1
2024-11-05 15:15:01.879,23155,23158,23157,1,1
2024-11-05 15:15:01.897,23155,23158,23161,3,3
2024-11-05 15:15:01.897,23155,23158,23159,3,3
2024-11-05 15:15:01.897,23155,23158,23160,5,5
2024-11-05 15:15:01.922,23155,23158,23160,1,1
2024-11-05 15:15:01.922,23155,23158,23161,3,3
2024-11-05 15:15:01.922,23155,23158,23162,5,5
2024-11-05 15:15:01.947,23155,23158,23162,1,1
2024-11-05 15:15:02.007,23160,23164,23164,1,1
2024-11-05 15:15:02.024,23160,23164,23161,1,-1
2024-11-05 15:15:02.031,23160,23164,23160,1,-1
2024-11-05 15:15:02.034,23160,23164,23160,1,-1
2024-11-05 15:15:02.076,23160,23164,23162,1,-1
2024-11-05 15:15:02.170,23159,23162,23162,1,1
2024-11-05 15:15:02.247,23160,23163,23160,2,-2
2024-11-05 15:15:02.285,23160,23163,23160,1,-1
2024-11-05 15:15:02.285,23160,23163,23159,1,-1
2024-11-05 15:15:02.425,23159,23162,23162,1,1
2024-11-05 15:15:02.925,23159,23162,23159,3,-3
2024-11-05 15:15:02.925,23159,23162,23158,2,-2
2024-11-05 15:15:02.931,23159,23162,23158,5,-5
2024-11-05 15:15:02.932,23159,23162,23158,3,-3
2024-11-05 15:15:07.998,23158,23160,23160,1,1
2024-11-05 15:15:09.396,23156,23159,23156,1,-1
2024-11-05 15:15:09.460,23156,23159,23159,1,1
2024-11-05 15:15:10.697,23156,23159,23159,1,1
2024-11-05 15:15:10.911,23156,23159,23159,1,1
2024-11-05 15:15:21.409,23156,23159,23159,3,3
2024-11-05 15:15:23.230,23157,23160,23159,1,1
2024-11-05 15:15:23.336,23157,23160,23160,1,1
2024-11-05 15:15:23.341,23157,23160,23160,1,1
2024-11-05 15:15:23.862,23159,23162,23162,1,1
2024-11-05 15:15:24.076,23159,23162,23162,1,1
2024-11-05 15:15:24.534,23160,23163,23163,1,1
2024-11-05 15:15:24.741,23160,23163,23163,1,1
2024-11-05 15:15:24.979,23161,23164,23164,1,1
2024-11-05 15:15:28.411,23161,23164,23161,2,-2
2024-11-05 15:15:28.411,23161,23164,23161,1,-1
2024-11-05 15:15:32.686,23161,23164,23161,1,-1
2024-11-05 15:15:32.710,23161,23164,23164,1,1
2024-11-05 15:15:32.710,23161,23164,23164,1,1
2024-11-05 15:15:37.837,23161,23164,23164,1,1
2024-11-05 15:15:40.575,23161,23162,23162,1,1
2024-11-05 15:15:40.584,23161,23162,23162,1,1
2024-11-05 15:15:49.166,23161,23162,23161,4,-4
2024-11-05 15:15:51.361,23160,23162,23160,2,-2
2024-11-05 15:16:03.890,23156,23157,23156,1,-1
2024-11-05 15:16:03.890,23156,23157,23155,3,-3
2024-11-05 15:16:03.890,23156,23157,23155,1,-1
2024-11-05 15:16:03.981,23153,23156,23156,1,1
2024-11-05 15:16:04.281,23154,23156,23156,5,5
2024-11-05 15:16:04.314,23154,23156,23156,3,3
2024-11-05 15:16:04.314,23154,23156,23157,2,2
2024-11-05 15:16:04.334,23156,23158,23158,1,1
2024-11-05 15:16:04.547,23156,23159,23159,1,1
2024-11-05 15:16:04.680,23156,23159,23159,1,1
2024-11-05 15:16:04.826,23157,23159,23159,1,1
2024-11-05 15:16:04.973,23156,23159,23159,1,1
2024-11-05 15:16:05.106,23157,23160,23160,1,1
2024-11-05 15:16:05.248,23157,23160,23160,1,1
2024-11-05 15:16:05.402,23157,23160,23160,1,1
2024-11-05 15:16:05.554,23158,23161,23161,1,1
2024-11-05 15:16:05.692,23158,23161,23161,1,1
2024-11-05 15:16:05.860,23158,23161,23161,1,1
2024-11-05 15:16:06.000,23158,23161,23161,1,1
2024-11-05 15:16:06.142,23159,23161,23161,1,1
2024-11-05 15:16:06.289,23159,23162,23162,1,1
2024-11-05 15:16:06.423,23159,23162,23162,1,1
2024-11-05 15:16:06.590,23159,23162,23162,1,1
2024-11-05 15:16:06.711,23159,23162,23162,1,1
2024-11-05 15:16:06.851,23160,23162,23162,1,1
2024-11-05 15:16:06.993,23160,23162,23162,1,1
2024-11-05 15:16:07.036,23160,23162,23160,1,-1
2024-11-05 15:16:07.084,23159,23162,23162,1,1
2024-11-05 15:16:07.084,23159,23162,23162,1,1
2024-11-05 15:16:07.085,23159,23162,23163,1,1
2024-11-05 15:16:07.085,23159,23162,23163,1,1
2024-11-05 15:16:07.085,23159,23162,23162,1,1
2024-11-05 15:16:07.172,23159,23162,23163,1,1
2024-11-05 15:16:07.344,23161,23163,23163,1,1
2024-11-05 15:16:09.503,23161,23164,23161,2,-2
2024-11-05 15:16:10.717,23160,23163,23160,1,-1
2024-11-05 15:16:15.313,23160,23163,23163,1,1
2024-11-05 15:16:26.337,23160,23161,23161,1,1
2024-11-05 15:16:26.337,23160,23161,23161,1,1
2024-11-05 15:16:29.847,23160,23163,23163,6,6
2024-11-05 15:16:29.959,23161,23163,23163,1,1
2024-11-05 15:16:29.959,23161,23163,23163,1,1
2024-11-05 15:16:29.960,23161,23163,23164,1,1
2024-11-05 15:16:29.960,23161,23163,23164,1,1
2024-11-05 15:16:29.960,23161,23163,23165,1,1
2024-11-05 15:16:29.960,23161,23163,23165,1,1
2024-11-05 15:16:29.960,23161,23163,23165,1,1
2024-11-05 15:16:30.597,23164,23165,23164,1,-1
2024-11-05 15:16:30.597,23164,23165,23164,1,-1
2024-11-05 15:16:34.162,23162,23165,23165,2,2
2024-11-05 15:16:34.162,23162,23165,23165,2,2
2024-11-05 15:16:34.165,23162,23165,23166,1,1
2024-11-05 15:16:34.169,23162,23165,23166,1,1
2024-11-05 15:16:35.633,23165,23166,23165,1,-1
2024-11-05 15:16:38.714,23163,23165,23165,1,1
2024-11-05 15:16:38.832,23163,23165,23163,1,-1
2024-11-05 15:16:38.835,23163,23165,23164,1,-1
2024-11-05 15:16:38.835,23163,23165,23164,1,-1
2024-11-05 15:16:41.557,23161,23164,23164,1,1
2024-11-05 15:16:50.762,23162,23165,23164,1,1
2024-11-05 15:17:05.134,23161,23163,23163,10,10
2024-11-05 15:17:05.209,23163,23166,23166,1,1
2024-11-05 15:17:05.878,23165,23166,23166,1,1
2024-11-05 15:17:05.881,23165,23166,23166,1,1
2024-11-05 15:17:08.917,23165,23166,23166,2,2
2024-11-05 15:17:10.050,23165,23167,23167,4,4
2024-11-05 15:17:10.050,23165,23167,23167,2,2
2024-11-05 15:17:10.052,23165,23167,23168,26,26
2024-11-05 15:17:10.052,23165,23167,23169,2,2
2024-11-05 15:17:10.053,23165,23167,23170,1,1
2024-11-05 15:17:10.053,23165,23167,23170,3,3
2024-11-05 15:17:10.159,23170,23172,23172,2,2
2024-11-05 15:17:10.172,23170,23172,23171,1,1
2024-11-05 15:17:10.174,23170,23172,23171,1,1
2024-11-05 15:17:10.176,23170,23172,23171,1,1
2024-11-05 15:17:15.332,23170,23173,23170,1,-1
2024-11-05 15:17:15.429,23170,23173,23170,1,-1
2024-11-05 15:17:15.429,23170,23173,23169,1,-1
2024-11-05 15:17:17.052,23169,23172,23171,1,1
2024-11-05 15:17:17.198,23171,23172,23172,2,2
2024-11-05 15:17:17.757,23172,23173,23173,1,1
2024-11-05 15:17:17.757,23172,23173,23173,1,1
2024-11-05 15:17:17.834,23172,23173,23173,2,2
2024-11-05 15:17:17.836,23172,23173,23174,1,1
2024-11-05 15:17:17.836,23172,23173,23174,1,1
2024-11-05 15:17:17.836,23172,23173,23174,1,1
2024-11-05 15:17:17.836,23172,23173,23174,1,1
2024-11-05 15:17:17.959,23174,23175,23175,1,1
2024-11-05 15:17:18.083,23176,23177,23177,2,2
2024-11-05 15:17:18.084,23176,23177,23177,1,1
2024-11-05 15:17:18.209,23176,23178,23178,1,1
2024-11-05 15:17:18.210,23176,23178,23178,1,1
2024-11-05 15:17:18.210,23176,23178,23178,1,1
2024-11-05 15:17:19.109,23176,23178,23176,1,-1
2024-11-05 15:17:20.121,23176,23178,23176,1,-1
2024-11-05 15:17:23.194,23176,23178,23176,4,-4
2024-11-05 15:17:24.256,23177,23178,23178,1,1
2024-11-05 15:17:24.264,23177,23178,23177,1,-1
2024-11-05 15:17:25.928,23177,23178,23178,2,2
2024-11-05 15:17:25.959,23178,23179,23179,3,3
2024-11-05 15:17:27.720,23178,23179,23178,8,-8
2024-11-05 15:17:27.720,23178,23179,23178,1,-1
2024-11-05 15:17:27.723,23178,23179,23177,1,-1
2024-11-05 15:17:27.726,23178,23179,23178,1,-1
2024-11-05 15:17:27.729,23178,23179,23178,2,-2
2024-11-05 15:17:27.729,23178,23179,23178,1,-1
2024-11-05 15:17:28.168,23177,23178,23178,2,2
2024-11-05 15:17:28.177,23177,23178,23179,1,1
2024-11-05 15:17:28.261,23177,23179,23179,2,2
2024-11-05 15:17:28.261,23177,23179,23180,3,3
2024-11-05 15:17:28.553,23177,23180,23180,1,1
2024-11-05 15:17:33.074,23180,23181,23181,2,2
2024-11-05 15:17:33.074,23180,23181,23182,1,1
2024-11-05 15:17:33.074,23180,23181,23183,2,2
2024-11-05 15:17:33.074,23180,23181,23184,7,7
2024-11-05 15:17:33.575,23181,23182,23181,1,-1
2024-11-05 15:17:33.577,23181,23182,23181,4,-4
2024-11-05 15:17:39.584,23180,23181,23180,1,-1
2024-11-05 15:17:39.701,23180,23181,23179,1,-1
2024-11-05 15:17:40.233,23178,23180,23180,1,1
2024-11-05 15:17:40.233,23178,23180,23181,1,1
2024-11-05 15:17:42.633,23178,23179,23178,1,-1
2024-11-05 15:17:42.634,23178,23179,23178,1,-1
2024-11-05 15:17:43.018,23177,23179,23179,2,2
2024-11-05 15:17:43.118,23177,23180,23177,1,-1
2024-11-05 15:17:43.393,23177,23180,23177,1,-1
2024-11-05 15:17:44.184,23177,23178,23177,1,-1
2024-11-05 15:17:45.025,23177,23178,23178,1,1
2024-11-05 15:17:46.873,23177,23178,23176,1,-1
2024-11-05 15:17:46.873,23177,23178,23176,6,-6
2024-11-05 15:17:46.873,23177,23178,23177,2,-2
2024-11-05 15:17:49.457,23177,23178,23178,1,1
2024-11-05 15:17:49.457,23177,23178,23180,4,4
2024-11-05 15:17:50.717,23177,23178,23178,1,1
2024-11-05 15:17:50.718,23177,23178,23178,1,1
2024-11-05 15:17:50.718,23177,23178,23178,1,1
2024-11-05 15:17:52.636,23176,23178,23178,1,1
2024-11-05 15:17:52.933,23176,23178,23178,1,1
2024-11-05 15:17:56.185,23175,23178,23175,1,-1
2024-11-05 15:17:57.324,23175,23178,23175,3,-3
2024-11-05 15:17:57.448,23173,23176,23176,2,2
2024-11-05 15:17:59.903,23173,23176,23175,1,1
2024-11-05 15:18:03.085,23173,23176,23173,1,-1
2024-11-05 15:18:03.226,23172,23176,23176,1,1
2024-11-05 15:18:03.240,23172,23176,23176,1,1
2024-11-05 15:18:03.397,23172,23176,23176,1,1
2024-11-05 15:18:03.493,23172,23175,23172,1,-1
2024-11-05 15:18:03.495,23172,23175,23173,1,-1
2024-11-05 15:18:04.270,23170,23172,23170,1,-1
2024-11-05 15:18:04.478,23168,23170,23170,2,2
2024-11-05 15:18:04.479,23168,23170,23170,1,1
2024-11-05 15:18:05.350,23168,23169,23169,1,1
2024-11-05 15:18:05.350,23168,23169,23169,1,1
2024-11-05 15:18:05.350,23168,23169,23169,1,1
2024-11-05 15:18:05.933,23168,23171,23168,1,-1
2024-11-05 15:18:08.807,23169,23171,23169,1,-1
2024-11-05 15:18:13.088,23167,23169,23167,1,-1
2024-11-05 15:18:13.226,23166,23169,23166,1,-1
2024-11-05 15:18:18.397,23168,23169,23169,2,2
2024-11-05 15:18:21.574,23168,23169,23169,1,1
2024-11-05 15:18:22.164,23168,23169,23167,2,-2
2024-11-05 15:18:22.164,23168,23169,23168,1,-1
2024-11-05 15:18:23.087,23168,23169,23169,1,1
2024-11-05 15:18:23.087,23168,23169,23169,1,1
2024-11-05 15:18:25.767,23170,23171,23170,1,-1
2024-11-05 15:18:28.855,23169,23171,23171,1,1
2024-11-05 15:18:31.897,23171,23174,23171,1,-1
2024-11-05 15:18:36.863,23169,23172,23172,1,1
2024-11-05 15:18:39.958,23171,23172,23172,1,1
2024-11-05 15:18:40.598,23171,23172,23172,3,3
2024-11-05 15:18:40.599,23171,23172,23172,2,2
2024-11-05 15:18:42.159,23174,23175,23175,1,1
2024-11-05 15:18:44.971,23174,23177,23174,1,-1
2024-11-05 15:18:45.580,23174,23177,23177,3,3
2024-11-05 15:18:45.580,23174,23177,23178,1,1
2024-11-05 15:18:49.766,23174,23175,23174,1,-1
2024-11-05 15:18:51.771,23173,23175,23175,1,1
2024-11-05 15:18:58.482,23172,23175,23173,1,-1
2024-11-05 15:19:06.200,23172,23173,23172,4,-4
2024-11-05 15:19:06.557,23169,23172,23169,1,-1
2024-11-05 15:19:11.556,23167,23169,23169,1,1
2024-11-05 15:19:12.384,23169,23172,23172,1,1
2024-11-05 15:19:14.958,23169,23172,23172,1,1
2024-11-05 15:19:14.961,23169,23172,23172,1,1
2024-11-05 15:19:29.652,23170,23172,23170,1,-1
2024-11-05 15:19:36.973,23170,23171,23170,1,-1
2024-11-05 15:19:42.409,23169,23170,23169,1,-1
2024-11-05 15:19:53.164,23169,23170,23169,1,-1
2024-11-05 15:19:53.164,23169,23170,23169,1,-1
2024-11-05 15:19:53.164,23169,23170,23169,2,-2
2024-11-05 15:19:54.003,23168,23170,23170,1,1
2024-11-05 15:19:56.327,23168,23169,23169,1,1
2024-11-05 15:20:01.506,23168,23169,23168,1,-1
2024-11-05 15:20:01.814,23168,23169,23170,1,1
2024-11-05 15:20:01.814,23168,23169,23169,2,2
2024-11-05 15:20:01.953,23168,23171,23171,1,1
2024-11-05 15:20:03.810,23169,23171,23169,2,-2
2024-11-05 15:20:15.672,23169,23171,23169,1,-1
2024-11-05 15:20:19.491,23169,23171,23169,2,-2
2024-11-05 15:20:19.493,23169,23171,23168,1,-1
2024-11-05 15:20:25.534,23166,23169,23169,1,1
2024-11-05 15:20:27.182,23166,23169,23169,1,1
2024-11-05 15:20:27.526,23166,23169,23169,2,2
2024-11-05 15:20:36.699,23167,23169,23167,5,-5
2024-11-05 15:20:47.937,23167,23169,23169,5,5
2024-11-05 15:20:48.238,23169,23171,23171,2,2
2024-11-05 15:20:49.769,23171,23173,23171,1,-1
2024-11-05 15:20:54.493,23170,23173,23173,5,5
2024-11-05 15:20:54.493,23170,23173,23174,4,4
2024-11-05 15:20:54.493,23170,23173,23175,1,1
2024-11-05 15:20:54.540,23170,23173,23175,3,3
2024-11-05 15:20:54.540,23170,23173,23176,2,2
2024-11-05 15:20:59.542,23174,23176,23173,4,-4
2024-11-05 15:21:03.470,23172,23174,23174,1,1
2024-11-05 15:21:03.836,23173,23176,23173,1,-1
2024-11-05 15:21:03.848,23173,23176,23173,1,-1
2024-11-05 15:21:04.304,23172,23175,23173,1,-1
2024-11-05 15:21:08.699,23171,23173,23173,1,1
2024-11-05 15:21:15.056,23170,23173,23170,1,-1
2024-11-05 15:21:16.059,23169,23172,23172,1,1
2024-11-05 15:21:21.466,23168,23171,23168,1,-1
2024-11-05 15:21:32.533,23169,23170,23170,1,1
2024-11-05 15:21:56.786,23169,23170,23169,2,-2
2024-11-05 15:21:56.863,23168,23170,23168,1,-1
2024-11-05 15:21:56.864,23168,23170,23168,1,-1
2024-11-05 15:22:08.617,23168,23170,23170,1,1
2024-11-05 15:22:17.396,23168,23170,23168,2,-2
2024-11-05 15:22:31.627,23167,23170,23167,1,-1
2024-11-05 15:22:32.104,23167,23170,23170,4,4
2024-11-05 15:22:32.112,23167,23170,23170,1,1
2024-11-05 15:22:32.238,23172,23173,23173,1,1
2024-11-05 15:22:32.298,23172,23173,23172,1,-1
2024-11-05 15:22:32.726,23171,23174,23174,1,1
2024-11-05 15:23:07.072,23172,23173,23173,1,1
2024-11-05 15:23:07.086,23172,23173,23173,1,1
2024-11-05 15:23:07.087,23172,23173,23174,1,1
2024-11-05 15:23:07.183,23172,23173,23174,1,1
2024-11-05 15:23:07.536,23174,23175,23174,1,-1
2024-11-05 15:23:13.574,23173,23175,23173,1,-1
2024-11-05 15:23:26.224,23172,23173,23173,3,3
2024-11-05 15:23:26.255,23172,23173,23173,1,1
2024-11-05 15:23:26.255,23172,23173,23173,1,1
2024-11-05 15:23:26.435,23172,23174,23172,1,-1
2024-11-05 15:23:35.501,23171,23173,23172,1,-1
2024-11-05 15:23:35.501,23171,23173,23171,6,-6
2024-11-05 15:23:35.520,23171,23173,23170,1,-1
2024-11-05 15:23:35.525,23171,23173,23170,1,-1
2024-11-05 15:23:35.559,23171,23173,23171,1,-1
2024-11-05 15:23:38.564,23169,23170,23169,1,-1
2024-11-05 15:23:38.564,23169,23170,23169,1,-1
2024-11-05 15:23:38.564,23169,23170,23169,1,-1
2024-11-05 15:23:52.254,23168,23169,23169,1,1
2024-11-05 15:23:53.498,23170,23173,23170,1,-1
2024-11-05 15:23:53.790,23170,23173,23173,1,1
2024-11-05 15:23:54.045,23170,23173,23170,4,-4
2024-11-05 15:23:54.045,23170,23173,23169,1,-1
2024-11-05 15:24:00.202,23169,23172,23168,2,-2
2024-11-05 15:24:00.749,23167,23170,23167,1,-1
2024-11-05 15:24:02.106,23168,23171,23168,2,-2
2024-11-05 15:24:02.106,23168,23171,23167,1,-1
2024-11-05 15:24:02.870,23167,23171,23167,1,-1
2024-11-05 15:24:05.896,23167,23171,23167,1,-1
2024-11-05 15:24:08.991,23168,23171,23168,1,-1
2024-11-05 15:24:14.788,23166,23168,23168,1,1
2024-11-05 15:24:15.795,23166,23168,23166,1,-1
2024-11-05 15:24:15.796,23166,23168,23166,1,-1
2024-11-05 15:24:16.244,23165,23167,23165,3,-3
2024-11-05 15:24:16.619,23165,23167,23165,4,-4
2024-11-05 15:24:16.620,23165,23167,23165,1,-1
2024-11-05 15:24:19.313,23164,23165,23164,1,-1
2024-11-05 15:24:19.430,23162,23164,23162,2,-2
2024-11-05 15:24:19.430,23162,23164,23163,1,-1
2024-11-05 15:24:22.989,23162,23164,23162,1,-1
2024-11-05 15:24:37.491,23163,23165,23163,2,-2
2024-11-05 15:24:37.491,23163,23165,23162,3,-3
2024-11-05 15:24:37.528,23163,23165,23164,1,-1
2024-11-05 15:24:37.528,23163,23165,23165,1,1
2024-11-05 15:24:37.968,23163,23165,23163,1,-1
2024-11-05 15:24:42.447,23163,23164,23163,1,-1
2024-11-05 15:24:42.775,23162,23163,23163,1,1
2024-11-05 15:24:47.483,23162,23163,23162,2,-2
2024-11-05 15:24:49.121,23161,23163,23161,2,-2
2024-11-05 15:24:49.122,23161,23163,23161,1,-1
2024-11-05 15:24:49.639,23160,23161,23160,1,-1
2024-11-05 15:24:49.639,23160,23161,23160,1,-1
2024-11-05 15:24:49.639,23160,23161,23160,3,-3
2024-11-05 15:24:55.082,23159,23160,23159,3,-3
2024-11-05 15:24:56.159,23158,23159,23158,3,-3
2024-11-05 15:24:56.159,23158,23159,23158,2,-2
2024-11-05 15:24:56.352,23157,23158,23158,1,1
2024-11-05 15:24:57.180,23157,23159,23157,1,-1
2024-11-05 15:24:59.812,23156,23159,23155,1,-1
2024-11-05 15:24:59.812,23156,23159,23156,3,-3
2024-11-05 15:25:00.280,23155,23158,23155,1,-1
2024-11-05 15:25:00.673,23155,23158,23157,1,1
2024-11-05 15:25:00.774,23155,23157,23156,1,1
2024-11-05 15:25:00.776,23155,23157,23156,1,1
2024-11-05 15:25:01.474,23155,23157,23156,1,1
2024-11-05 15:25:02.073,23155,23157,23154,4,-4
2024-11-05 15:25:02.073,23155,23157,23155,1,-1
2024-11-05 15:25:02.075,23155,23157,23155,1,-1
2024-11-05 15:25:02.077,23155,23157,23153,2,-2
2024-11-05 15:25:02.077,23155,23157,23154,3,-3
2024-11-05 15:25:02.309,23154,23156,23156,1,1
2024-11-05 15:25:06.020,23154,23156,23156,1,1
2024-11-05 15:25:10.387,23156,23157,23156,1,-1
2024-11-05 15:25:12.897,23156,23157,23156,1,-1
2024-11-05 15:25:13.979,23154,23157,23157,3,3
2024-11-05 15:25:14.086,23154,23157,23154,2,-2
2024-11-05 15:25:21.771,23154,23155,23154,1,-1
2024-11-05 15:25:25.036,23153,23154,23154,1,1
2024-11-05 15:25:25.957,23153,23154,23153,2,-2
2024-11-05 15:25:25.957,23153,23154,23153,1,-1
2024-11-05 15:25:25.958,23153,23154,23153,2,-2
2024-11-05 15:25:25.984,23153,23154,23152,1,-1
2024-11-05 15:25:26.706,23151,23152,23151,1,-1
2024-11-05 15:25:26.706,23151,23152,23151,1,-1
2024-11-05 15:25:31.314,23151,23153,23151,1,-1
2024-11-05 15:25:31.990,23151,23152,23152,1,1
2024-11-05 15:25:43.679,23152,23153,23152,1,-1
2024-11-05 15:25:44.737,23152,23153,23153,1,1
2024-11-05 15:25:45.276,23153,23154,23154,1,1
2024-11-05 15:25:45.277,23153,23154,23154,1,1
2024-11-05 15:25:49.953,23153,23155,23153,1,-1
2024-11-05 15:25:52.952,23154,23155,23155,1,1
2024-11-05 15:25:52.952,23154,23155,23155,4,4
2024-11-05 15:25:52.952,23154,23155,23155,2,2
2024-11-05 15:25:52.952,23154,23155,23155,1,1
2024-11-05 15:25:52.952,23154,23155,23155,2,2
2024-11-05 15:25:53.110,23154,23156,23154,1,-1
2024-11-05 15:25:54.232,23155,23156,23156,1,1
2024-11-05 15:25:55.165,23155,23156,23155,1,-1
2024-11-05 15:25:56.773,23155,23156,23156,1,1
2024-11-05 15:25:57.799,23155,23157,23155,2,-2
2024-11-05 15:25:58.012,23155,23157,23155,1,-1
2024-11-05 15:26:01.428,23154,23156,23156,1,1
2024-11-05 15:26:06.038,23155,23156,23155,2,-2
2024-11-05 15:26:08.330,23153,23154,23153,1,-1
2024-11-05 15:26:09.449,23151,23153,23151,2,-2
2024-11-05 15:26:15.480,23151,23153,23151,1,-1
2024-11-05 15:26:21.397,23152,23153,23152,1,-1
2024-11-05 15:26:22.645,23151,23153,23151,1,-1
2024-11-05 15:26:23.739,23151,23152,23152,1,1
2024-11-05 15:26:25.557,23151,23153,23153,2,2
2024-11-05 15:26:33.465,23151,23152,23151,1,-1
2024-11-05 15:26:46.636,23151,23152,23151,1,-1
2024-11-05 15:26:46.636,23151,23152,23151,1,-1
2024-11-05 15:26:46.833,23150,23151,23150,3,-3
2024-11-05 15:26:47.119,23150,23151,23150,2,-2
2024-11-05 15:26:49.267,23150,23151,23150,1,-1
2024-11-05 15:26:49.267,23150,23151,23150,2,-2
2024-11-05 15:26:49.267,23150,23151,23150,1,-1
2024-11-05 15:26:52.881,23150,23151,23150,1,-1
2024-11-05 15:26:53.779,23149,23150,23150,1,1
2024-11-05 15:27:16.023,23151,23152,23152,1,1
2024-11-05 15:27:16.024,23151,23152,23152,1,1
2024-11-05 15:27:16.254,23153,23155,23155,1,1
2024-11-05 15:27:17.526,23153,23154,23153,2,-2
2024-11-05 15:27:19.729,23151,23153,23151,1,-1
2024-11-05 15:27:23.345,23150,23153,23150,1,-1
2024-11-05 15:27:24.121,23151,23153,23151,1,-1
2024-11-05 15:27:31.476,23151,23153,23151,1,-1
2024-11-05 15:27:41.217,23150,23152,23150,1,-1
2024-11-05 15:27:41.217,23150,23152,23150,3,-3
2024-11-05 15:27:41.875,23149,23151,23151,1,1
2024-11-05 15:27:44.130,23149,23151,23151,1,1
2024-11-05 15:27:46.112,23149,23151,23149,1,-1
2024-11-05 15:27:56.108,23149,23150,23149,1,-1
2024-11-05 15:28:02.557,23148,23150,23148,3,-3
2024-11-05 15:28:02.626,23147,23148,23147,3,-3
2024-11-05 15:28:02.761,23146,23147,23147,1,1
2024-11-05 15:28:08.879,23146,23148,23146,6,-6
2024-11-05 15:28:09.075,23146,23148,23146,1,-1
2024-11-05 15:28:09.075,23146,23148,23145,3,-3
2024-11-05 15:28:09.104,23145,23147,23145,1,-1
2024-11-05 15:28:09.125,23145,23147,23145,1,-1
2024-11-05 15:28:09.945,23145,23147,23145,11,-11
2024-11-05 15:28:10.696,23144,23145,23144,2,-2
2024-11-05 15:28:10.977,23143,23145,23143,2,-2
2024-11-05 15:28:11.565,23142,23144,23142,1,-1
2024-11-05 15:28:14.692,23143,23144,23143,1,-1
2024-11-05 15:28:14.890,23142,23144,23142,1,-1
2024-11-05 15:28:15.097,23142,23144,23142,1,-1
2024-11-05 15:28:15.291,23142,23144,23142,1,-1
2024-11-05 15:28:16.139,23141,23144,23141,5,-5
2024-11-05 15:28:16.312,23141,23143,23141,1,-1
2024-11-05 15:28:17.642,23141,23143,23142,1,-1
2024-11-05 15:28:19.849,23142,23144,23142,1,-1
2024-11-05 15:28:20.257,23142,23143,23142,1,-1
2024-11-05 15:28:21.046,23142,23143,23140,5,-5
2024-11-05 15:28:21.046,23142,23143,23141,4,-4
2024-11-05 15:28:21.046,23142,23143,23142,1,-1
2024-11-05 15:28:21.995,23139,23142,23140,1,-1
2024-11-05 15:28:22.644,23139,23140,23140,1,1
2024-11-05 15:28:22.737,23139,23142,23142,1,1
2024-11-05 15:28:27.645,23139,23140,23140,1,1
2024-11-05 15:28:28.525,23139,23142,23139,3,-3
2024-11-05 15:28:29.063,23137,23138,23139,1,1
2024-11-05 15:28:29.064,23139,23141,23139,3,-3
2024-11-05 15:28:29.076,23137,23138,23139,2,2
2024-11-05 15:28:29.078,23137,23138,23138,2,2
2024-11-05 15:28:29.078,23137,23138,23138,2,2
2024-11-05 15:28:29.078,23137,23138,23138,3,3
2024-11-05 15:28:29.078,23137,23138,23138,1,1
2024-11-05 15:28:29.079,23137,23138,23138,3,3
2024-11-05 15:28:29.112,23137,23138,23137,1,-1
2024-11-05 15:28:29.115,23137,23138,23137,1,-1
2024-11-05 15:28:29.135,23137,23138,23136,1,-1
2024-11-05 15:28:29.135,23137,23138,23135,1,-1
2024-11-05 15:28:29.142,23137,23138,23135,1,-1
2024-11-05 15:28:29.149,23137,23138,23135,1,-1
2024-11-05 15:28:29.149,23137,23138,23135,1,-1
2024-11-05 15:28:29.156,23137,23138,23134,2,-2
2024-11-05 15:28:29.157,23137,23138,23134,2,-2
2024-11-05 15:28:29.157,23137,23138,23134,1,-1
2024-11-05 15:28:29.158,23137,23138,23133,1,-1
2024-11-05 15:28:29.181,23137,23138,23133,1,-1
2024-11-05 15:28:29.214,23133,23135,23135,1,1
2024-11-05 15:28:29.214,23133,23135,23135,2,2
2024-11-05 15:28:34.662,23138,23140,23138,1,-1
2024-11-05 15:28:35.178,23137,23140,23137,2,-2
2024-11-05 15:28:35.894,23138,23140,23138,1,-1
2024-11-05 15:28:37.557,23139,23140,23140,1,1
2024-11-05 15:28:43.407,23138,23140,23140,1,1
2024-11-05 15:28:46.513,23139,23140,23140,1,1
2024-11-05 15:28:47.480,23140,23141,23140,1,-1
2024-11-05 15:28:49.488,23139,23141,23139,2,-2
2024-11-05 15:28:56.880,23137,23139,23139,2,2
2024-11-05 15:29:17.671,23139,23140,23139,1,-1
2024-11-05 15:29:17.671,23139,23140,23139,1,-1
2024-11-05 15:29:17.736,23137,23139,23137,1,-1
2024-11-05 15:29:18.354,23136,23138,23138,1,1
2024-11-05 15:29:18.363,23136,23138,23139,2,2
2024-11-05 15:29:23.188,23136,23139,23136,1,-1
2024-11-05 15:29:26.539,23137,23138,23138,2,2
2024-11-05 15:29:30.503,23137,23139,23137,2,-2
2024-11-05 15:29:31.636,23137,23139,23138,1,-1
2024-11-05 15:29:32.382,23137,23139,23139,1,1
2024-11-05 15:29:36.636,23138,23139,23139,1,1
2024-11-05 15:29:37.758,23139,23140,23140,2,2
2024-11-05 15:29:42.251,23139,23140,23140,1,1
2024-11-05 15:29:43.586,23139,23140,23139,1,-1
2024-11-05 15:29:47.312,23138,23139,23139,1,1
2024-11-05 15:29:51.226,23138,23139,23139,1,1
2024-11-05 15:29:54.461,23138,23140,23138,8,-8
2024-11-05 15:29:54.463,23138,23140,23137,2,-2
2024-11-05 15:29:54.464,23138,23140,23137,1,-1
2024-11-05 15:29:54.691,23136,23137,23136,2,-2
2024-11-05 15:29:54.890,23135,23136,23135,2,-2
2024-11-05 15:29:54.892,23135,23136,23134,2,-2
2024-11-05 15:29:54.893,23135,23136,23133,2,-2
2024-11-05 15:30:00.636,23132,23134,23132,2,-2
2024-11-05 15:30:00.636,23132,23134,23132,2,-2
2024-11-05 15:30:00.638,23132,23134,23131,2,-2
2024-11-05 15:30:00.638,23132,23134,23131,1,-1
2024-11-05 15:30:00.744,23130,23132,23133,1,1
2024-11-05 15:30:00.744,23130,23132,23132,1,1
2024-11-05 15:30:00.758,23130,23132,23131,1,1
2024-11-05 15:30:00.881,23131,23134,23132,4,-4
2024-11-05 15:30:00.881,23131,23134,23131,1,-1
2024-11-05 15:30:00.883,23131,23134,23131,3,-3
2024-11-05 15:30:00.918,23131,23134,23131,2,-2
2024-11-05 15:30:01.101,23131,23134,23134,1,1
2024-11-05 15:30:01.208,23132,23134,23134,1,1
2024-11-05 15:30:01.208,23132,23134,23134,1,1
2024-11-05 15:30:01.209,23132,23134,23135,1,1
2024-11-05 15:30:01.209,23132,23134,23136,1,1
2024-11-05 15:30:01.209,23132,23134,23136,1,1
2024-11-05 15:30:01.209,23132,23134,23136,1,1
2024-11-05 15:30:01.209,23132,23134,23135,1,1
2024-11-05 15:30:01.209,23132,23134,23136,1,1
2024-11-05 15:30:01.210,23132,23134,23135,1,1
2024-11-05 15:30:01.412,23134,23137,23137,2,2
2024-11-05 15:30:01.986,23136,23138,23138,2,2
2024-11-05 15:30:02.474,23138,23140,23138,1,-1
2024-11-05 15:30:02.782,23137,23139,23137,1,-1
2024-11-05 15:30:02.783,23137,23139,23136,2,-2
2024-11-05 15:30:05.026,23135,23138,23136,1,-1
2024-11-05 15:30:05.937,23136,23139,23135,5,-5
2024-11-05 15:30:05.937,23136,23139,23136,3,-3
2024-11-05 15:30:07.701,23135,23138,23137,1,1
2024-11-05 15:30:09.702,23135,23137,23137,1,1
2024-11-05 15:30:09.709,23136,23139,23139,1,1
2024-11-05 15:30:09.709,23136,23139,23139,1,1
2024-11-05 15:30:09.709,23136,23139,23139,1,1
2024-11-05 15:30:09.709,23136,23139,23139,1,1
2024-11-05 15:30:09.710,23136,23139,23140,1,1
2024-11-05 15:30:09.710,23136,23139,23140,1,1
2024-11-05 15:30:09.711,23136,23139,23140,1,1
2024-11-05 15:30:09.714,23136,23139,23141,1,1
2024-11-05 15:30:10.254,23139,23141,23139,1,-1
2024-11-05 15:30:15.842,23137,23139,23137,1,-1
2024-11-05 15:30:15.844,23137,23139,23136,1,-1
2024-11-05 15:30:21.201,23136,23138,23139,1,1
2024-11-05 15:30:25.063,23136,23137,23136,1,-1
2024-11-05 15:30:25.064,23136,23137,23135,1,-1
2024-11-05 15:30:25.084,23133,23135,23135,1,1
2024-11-05 15:30:25.084,23133,23135,23136,1,1
2024-11-05 15:30:25.084,23133,23135,23135,1,1
2024-11-05 15:30:25.085,23133,23135,23136,1,1
2024-11-05 15:30:25.085,23133,23135,23136,1,1
2024-11-05 15:30:25.085,23133,23135,23137,1,1
2024-11-05 15:30:25.086,23133,23135,23137,1,1
2024-11-05 15:30:25.216,23135,23137,23135,1,-1
2024-11-05 15:30:34.370,23135,23137,23136,1,-1
2024-11-05 15:30:36.045,23135,23137,23135,1,-1
2024-11-05 15:30:47.203,23133,23136,23133,1,-1
2024-11-05 15:30:47.203,23133,23136,23133,6,-6
2024-11-05 15:30:47.204,23133,23136,23132,2,-2
2024-11-05 15:30:56.744,23131,23132,23132,1,1
2024-11-05 15:30:57.814,23131,23133,23131,2,-2
2024-11-05 15:31:02.308,23130,23132,23132,1,1
2024-11-05 15:31:02.357,23131,23133,23133,1,1
2024-11-05 15:31:07.920,23133,23134,23133,1,-1
2024-11-05 15:31:08.503,23130,23132,23130,2,-2
2024-11-05 15:31:08.584,23130,23132,23132,1,1
2024-11-05 15:31:08.585,23130,23132,23133,1,1
2024-11-05 15:31:09.283,23131,23135,23131,2,-2
2024-11-05 15:31:13.264,23131,23134,23134,1,1
2024-11-05 15:31:31.553,23134,23135,23135,1,1
2024-11-05 15:31:34.847,23134,23135,23135,1,1
2024-11-05 15:31:34.961,23134,23136,23136,1,1
2024-11-05 15:31:34.961,23134,23136,23136,1,1
2024-11-05 15:31:39.589,23135,23137,23135,2,-2
2024-11-05 15:31:50.397,23136,23138,23138,1,1
2024-11-05 15:31:50.460,23136,23139,23139,1,1
2024-11-05 15:31:53.316,23137,23139,23139,2,2
2024-11-05 15:31:53.335,23138,23140,23140,1,1
2024-11-05 15:31:55.751,23138,23140,23140,1,1
2024-11-05 15:31:57.295,23138,23140,23140,3,3
2024-11-05 15:32:00.264,23140,23141,23141,1,1
2024-11-05 15:32:00.396,23141,23142,23141,1,-1
2024-11-05 15:32:01.353,23140,23142,23140,1,-1
2024-11-05 15:32:01.760,23140,23142,23142,4,4
2024-11-05 15:32:01.760,23140,23142,23143,1,1
2024-11-05 15:32:01.773,23140,23142,23143,2,2
2024-11-05 15:32:01.773,23140,23142,23144,3,3
2024-11-05 15:32:02.011,23141,23144,23144,1,1
2024-11-05 15:32:05.142,23141,23144,23144,1,1
2024-11-05 15:32:05.624,23141,23144,23144,1,1
2024-11-05 15:32:07.316,23142,23144,23144,1,1
2024-11-05 15:32:08.934,23144,23145,23144,3,-3
2024-11-05 15:32:08.936,23144,23145,23144,1,-1
2024-11-05 15:32:10.977,23142,23145,23144,1,1
2024-11-05 15:32:11.646,23142,23145,23145,1,1
2024-11-05 15:32:11.842,23142,23145,23145,1,1
2024-11-05 15:32:12.022,23143,23145,23145,1,1
2024-11-05 15:32:16.401,23141,23144,23144,1,1
2024-11-05 15:32:22.242,23144,23145,23144,1,-1
2024-11-05 15:32:23.739,23140,23143,23142,1,1
2024-11-05 15:32:33.023,23142,23144,23144,1,1
2024-11-05 15:32:34.081,23143,23146,23143,1,-1
2024-11-05 15:32:38.614,23145,23146,23146,2,2
2024-11-05 15:32:38.614,23145,23146,23146,2,2
2024-11-05 15:32:38.732,23145,23148,23148,1,1
2024-11-05 15:32:38.796,23145,23148,23146,1,-1
2024-11-05 15:32:44.115,23144,23145,23144,1,-1
2024-11-05 15:32:44.863,23142,23144,23144,1,1
2024-11-05 15:32:54.299,23142,23145,23145,1,1
2024-11-05 15:32:55.594,23142,23143,23142,1,-1
2024-11-05 15:32:55.594,23142,23143,23142,1,-1
2024-11-05 15:32:55.594,23142,23143,23142,1,-1
2024-11-05 15:32:55.594,23142,23143,23142,1,-1
2024-11-05 15:32:56.625,23140,23142,23140,2,-2
2024-11-05 15:32:57.812,23138,23140,23138,2,-2
2024-11-05 15:32:58.340,23137,23138,23138,1,1
2024-11-05 15:33:00.242,23137,23138,23137,1,-1
2024-11-05 15:33:01.839,23135,23137,23135,1,-1
2024-11-05 15:33:05.586,23134,23137,23134,1,-1
2024-11-05 15:33:08.966,23134,23136,23134,1,-1
2024-11-05 15:33:08.966,23134,23136,23134,1,-1
2024-11-05 15:33:11.696,23134,23136,23134,1,-1
2024-11-05 15:33:13.107,23133,23135,23133,1,-1
2024-11-05 15:33:16.603,23132,23133,23133,2,2
2024-11-05 15:33:25.490,23133,23134,23133,1,-1
2024-11-05 15:33:25.490,23133,23134,23133,1,-1
2024-11-05 15:33:28.042,23132,23133,23132,1,-1
2024-11-05 15:33:30.583,23131,23132,23131,2,-2
2024-11-05 15:33:30.583,23131,23132,23130,10,-10
2024-11-05 15:33:32.907,23129,23131,23129,2,-2
2024-11-05 15:33:33.078,23129,23131,23129,1,-1
2024-11-05 15:33:34.999,23129,23131,23131,1,1
2024-11-05 15:33:39.162,23132,23134,23134,1,1
2024-11-05 15:33:39.162,23132,23134,23135,3,3
2024-11-05 15:33:39.287,23132,23135,23132,3,-3
2024-11-05 15:33:46.336,23132,23134,23134,1,1
2024-11-05 15:33:47.555,23133,23135,23133,2,-2
2024-11-05 15:33:51.352,23133,23135,23135,1,1
2024-11-05 15:33:52.956,23135,23136,23136,1,1
2024-11-05 15:33:52.956,23135,23136,23136,1,1
2024-11-05 15:33:52.956,23135,23136,23136,1,1
2024-11-05 15:33:57.484,23136,23139,23136,1,-1
2024-11-05 15:34:19.485,23132,23134,23134,2,2
2024-11-05 15:34:24.559,23133,23135,23135,2,2
2024-11-05 15:34:24.969,23135,23136,23136,2,2
2024-11-05 15:34:24.969,23135,23136,23136,3,3
2024-11-05 15:34:25.829,23135,23138,23135,1,-1
2024-11-05 15:34:37.976,23138,23139,23139,5,5
2024-11-05 15:34:42.466,23139,23140,23140,1,1
2024-11-05 15:34:49.204,23139,23142,23142,1,1
2024-11-05 15:34:59.453,23139,23141,23139,1,-1
2024-11-05 15:35:07.184,23139,23141,23139,1,-1
2024-11-05 15:35:16.399,23139,23141,23139,1,-1
2024-11-05 15:35:22.230,23139,23141,23141,1,1
2024-11-05 15:35:30.507,23140,23142,23140,1,-1
2024-11-05 15:35:33.016,23140,23141,23140,1,-1
2024-11-05 15:35:36.252,23137,23139,23139,1,1
2024-11-05 15:35:37.410,23137,23139,23139,1,1
2024-11-05 15:35:37.839,23137,23139,23139,1,1
2024-11-05 15:35:41.832,23138,23139,23139,3,3
2024-11-05 15:35:44.582,23140,23142,23142,2,2
2024-11-05 15:35:44.584,23140,23142,23143,1,1
2024-11-05 15:35:51.213,23142,23144,23142,1,-1
2024-11-05 15:36:00.384,23142,23144,23142,1,-1
2024-11-05 15:36:00.385,23142,23144,23142,1,-1
2024-11-05 15:36:02.019,23141,23144,23144,1,1
2024-11-05 15:36:02.021,23141,23144,23145,1,1
2024-11-05 15:36:04.189,23143,23146,23145,1,1
2024-11-05 15:36:05.700,23142,23145,23145,1,1
2024-11-05 15:36:11.667,23143,23145,23143,1,-1
2024-11-05 15:36:12.407,23141,23144,23144,1,1
2024-11-05 15:36:12.792,23141,23144,23144,1,1
2024-11-05 15:36:15.740,23141,23144,23141,1,-1
2024-11-05 15:36:18.271,23141,23143,23141,1,-1
2024-11-05 15:36:32.727,23143,23144,23144,1,1
2024-11-05 15:36:36.853,23143,23146,23146,2,2
2024-11-05 15:36:45.808,23145,23147,23147,1,1
2024-11-05 15:36:51.783,23145,23146,23145,1,-1
2024-11-05 15:37:00.638,23144,23145,23145,1,1
2024-11-05 15:37:02.025,23144,23146,23146,1,1
2024-11-05 15:37:02.027,23144,23146,23147,2,2
2024-11-05 15:37:02.028,23144,23146,23147,2,2
2024-11-05 15:37:09.453,23146,23148,23148,3,3
2024-11-05 15:37:09.497,23146,23148,23149,1,1
2024-11-05 15:37:09.498,23146,23148,23149,1,1
2024-11-05 15:37:29.990,23146,23147,23146,2,-2
2024-11-05 15:37:29.991,23146,23147,23145,5,-5
2024-11-05 15:37:34.732,23144,23145,23145,1,1
2024-11-05 15:37:37.275,23145,23146,23145,1,-1
2024-11-05 15:37:37.275,23145,23146,23145,1,-1
2024-11-05 15:37:41.387,23143,23145,23143,1,-1
2024-11-05 15:37:41.387,23143,23145,23143,2,-2
2024-11-05 15:37:41.387,23143,23145,23143,3,-3
2024-11-05 15:37:50.706,23141,23143,23141,1,-1
2024-11-05 15:37:53.977,23141,23143,23141,1,-1
2024-11-05 15:37:53.978,23141,23143,23141,3,-3
2024-11-05 15:37:58.864,23140,23142,23140,1,-1
2024-11-05 15:38:00.082,23139,23142,23139,11,-11
2024-11-05 15:38:00.962,23137,23140,23137,2,-2
2024-11-05 15:38:00.963,23137,23140,23137,1,-1
2024-11-05 15:38:07.170,23138,23141,23138,1,-1
2024-11-05 15:38:12.179,23136,23138,23136,1,-1
2024-11-05 15:38:12.186,23136,23138,23135,1,-1
2024-11-05 15:38:12.189,23136,23138,23134,1,-1
2024-11-05 15:38:14.392,23134,23136,23136,1,1
2024-11-05 15:38:14.912,23134,23137,23134,1,-1
2024-11-05 15:38:15.371,23134,23136,23134,1,-1
2024-11-05 15:38:16.178,23134,23136,23135,1,-1
2024-11-05 15:38:18.596,23133,23136,23133,1,-1
2024-11-05 15:38:20.437,23132,23134,23134,1,1
2024-11-05 15:38:24.311,23132,23134,23133,1,1
2024-11-05 15:38:24.674,23132,23134,23132,1,-1
2024-11-05 15:38:25.537,23132,23134,23132,1,-1
2024-11-05 15:38:25.970,23132,23134,23134,1,1
2024-11-05 15:38:38.373,23132,23134,23134,1,1
2024-11-05 15:38:45.031,23132,23134,23132,2,-2
2024-11-05 15:38:45.032,23132,23134,23131,2,-2
2024-11-05 15:38:45.033,23132,23134,23131,1,-1
2024-11-05 15:38:46.079,23130,23133,23133,1,1
2024-11-05 15:38:49.764,23130,23133,23130,1,-1
2024-11-05 15:38:52.235,23130,23133,23130,4,-4
2024-11-05 15:38:52.235,23130,23133,23129,10,-10
2024-11-05 15:38:52.237,23130,23133,23129,7,-7
2024-11-05 15:38:52.416,23128,23131,23128,1,-1
2024-11-05 15:38:54.078,23128,23131,23128,2,-2
2024-11-05 15:38:54.801,23128,23130,23128,1,-1
2024-11-05 15:38:54.882,23128,23130,23128,8,-8
2024-11-05 15:38:54.884,23128,23130,23127,1,-1
2024-11-05 15:38:56.810,23127,23129,23127,1,-1
2024-11-05 15:39:00.502,23129,23130,23129,1,-1
2024-11-05 15:39:00.855,23129,23130,23129,1,-1
2024-11-05 15:39:01.089,23129,23130,23129,1,-1
2024-11-05 15:39:04.020,23129,23130,23130,1,1
2024-11-05 15:39:04.100,23129,23131,23129,3,-3
2024-11-05 15:39:04.967,23129,23130,23130,1,1
2024-11-05 15:39:05.480,23130,23132,23130,1,-1
2024-11-05 15:39:09.585,23131,23134,23131,1,-1
2024-11-05 15:39:14.733,23133,23134,23133,1,-1
2024-11-05 15:39:19.566,23133,23134,23133,2,-2
2024-11-05 15:39:23.280,23131,23133,23131,1,-1
2024-11-05 15:39:26.851,23131,23133,23131,1,-1
2024-11-05 15:39:33.967,23130,23131,23131,1,1
2024-11-05 15:39:33.967,23130,23131,23131,1,1
2024-11-05 15:39:38.509,23130,23132,23132,1,1
2024-11-05 15:39:45.187,23132,23133,23132,1,-1
2024-11-05 15:39:45.275,23132,23133,23132,1,-1
2024-11-05 15:39:48.017,23131,23133,23133,2,2
2024-11-05 15:39:52.009,23133,23134,23134,1,1
2024-11-05 15:39:52.009,23133,23134,23135,2,2
2024-11-05 15:39:52.009,23133,23134,23136,2,2
2024-11-05 15:39:53.036,23133,23136,23136,2,2
2024-11-05 15:40:07.264,23134,23136,23136,1,1
2024-11-05 15:40:07.652,23135,23137,23137,1,1
2024-11-05 15:40:07.831,23134,23137,23134,1,-1
2024-11-05 15:40:17.616,23133,23135,23132,4,-4
2024-11-05 15:40:17.616,23133,23135,23133,1,-1
2024-11-05 15:40:17.709,23132,23134,23134,1,1
2024-11-05 15:40:17.709,23132,23134,23134,1,1
2024-11-05 15:40:17.709,23132,23134,23134,1,1
2024-11-05 15:40:19.590,23133,23135,23133,2,-2
2024-11-05 15:40:19.710,23132,23135,23135,1,1
2024-11-05 15:40:19.710,23132,23135,23135,1,1
2024-11-05 15:40:23.462,23133,23135,23135,1,1
2024-11-05 15:40:26.899,23133,23134,23134,1,1
2024-11-05 15:40:26.900,23133,23134,23134,1,1
2024-11-05 15:40:33.815,23133,23136,23133,1,-1
2024-11-05 15:40:33.847,23133,23136,23133,1,-1
2024-11-05 15:40:38.240,23134,23136,23134,1,-1
2024-11-05 15:40:38.616,23133,23136,23134,2,-2
2024-11-05 15:40:45.815,23133,23135,23133,1,-1
2024-11-05 15:40:45.835,23133,23135,23135,1,1
2024-11-05 15:40:45.836,23133,23135,23133,1,-1
2024-11-05 15:40:46.023,23133,23135,23133,1,-1
2024-11-05 15:40:46.023,23133,23135,23132,1,-1
2024-11-05 15:40:50.329,23132,23133,23133,1,1
2024-11-05 15:40:59.096,23132,23134,23134,1,1
2024-11-05 15:41:00.238,23132,23134,23132,1,-1
2024-11-05 15:41:01.250,23131,23132,23131,1,-1
2024-11-05 15:41:01.250,23131,23132,23131,1,-1
2024-11-05 15:41:01.251,23131,23132,23130,3,-3
2024-11-05 15:41:02.001,23129,23131,23129,1,-1
2024-11-05 15:41:02.014,23129,23131,23130,5,-5
2024-11-05 15:41:06.107,23128,23131,23131,1,1
2024-11-05 15:41:11.902,23128,23131,23128,1,-1
2024-11-05 15:41:12.195,23128,23131,23128,1,-1
2024-11-05 15:41:12.540,23128,23131,23128,1,-1
2024-11-05 15:41:12.673,23128,23130,23128,1,-1
2024-11-05 15:41:12.816,23127,23130,23127,1,-1
2024-11-05 15:41:15.074,23127,23129,23128,1,-1
2024-11-05 15:41:19.370,23127,23128,23127,1,-1
2024-11-05 15:41:21.687,23126,23127,23126,2,-2
2024-11-05 15:41:21.687,23126,23127,23126,3,-3
2024-11-05 15:41:21.973,23125,23126,23126,1,1
2024-11-05 15:41:22.404,23125,23126,23125,1,-1
2024-11-05 15:41:23.972,23125,23127,23125,2,-2
2024-11-05 15:41:24.451,23125,23126,23125,1,-1
2024-11-05 15:41:24.451,23125,23126,23125,2,-2
2024-11-05 15:41:33.300,23123,23125,23123,1,-1
2024-11-05 15:41:33.348,23123,23125,23123,1,-1
2024-11-05 15:41:34.367,23123,23124,23123,1,-1
2024-11-05 15:41:34.441,23123,23124,23123,1,-1
2024-11-05 15:41:40.827,23124,23125,23124,1,-1
2024-11-05 15:41:40.827,23124,23125,23123,1,-1
2024-11-05 15:41:40.828,23124,23125,23123,1,-1
2024-11-05 15:41:43.302,23122,23124,23123,1,-1
2024-11-05 15:41:43.302,23122,23124,23123,1,-1
2024-11-05 15:41:43.334,23122,23125,23122,1,-1
2024-11-05 15:41:46.543,23122,23123,23122,1,-1
2024-11-05 15:41:46.543,23122,23123,23122,3,-3
2024-11-05 15:41:46.692,23121,23122,23121,1,-1
2024-11-05 15:41:46.693,23121,23122,23121,3,-3
2024-11-05 15:41:46.693,23121,23122,23121,1,-1
2024-11-05 15:41:46.693,23121,23122,23121,1,-1
2024-11-05 15:41:46.694,23121,23122,23120,7,-7
2024-11-05 15:41:46.765,23119,23120,23119,1,-1
2024-11-05 15:41:46.843,23118,23119,23118,1,-1
2024-11-05 15:41:46.866,23118,23119,23118,1,-1
2024-11-05 15:41:47.039,23118,23120,23120,1,1
2024-11-05 15:41:50.375,23119,23121,23119,1,-1
2024-11-05 15:41:50.570,23119,23121,23119,1,-1
2024-11-05 15:41:52.478,23119,23121,23119,3,-3
2024-11-05 15:41:52.885,23119,23120,23119,2,-2
2024-11-05 15:41:54.329,23118,23119,23119,1,1
2024-11-05 15:41:54.685,23118,23120,23120,4,4
2024-11-05 15:42:00.558,23120,23122,23120,2,-2
2024-11-05 15:42:00.618,23120,23121,23120,1,-1
2024-11-05 15:42:00.618,23120,23121,23120,1,-1
2024-11-05 15:42:01.946,23118,23121,23118,1,-1
2024-11-05 15:42:03.838,23119,23121,23119,1,-1
2024-11-05 15:42:04.170,23119,23121,23119,1,-1
2024-11-05 15:42:06.963,23120,23121,23120,1,-1
2024-11-05 15:42:10.494,23118,23120,23120,1,1
2024-11-05 15:42:10.494,23118,23120,23121,1,1
2024-11-05 15:42:21.103,23119,23121,23121,1,1
2024-11-05 15:42:21.962,23120,23122,23122,2,2
2024-11-05 15:42:50.759,23123,23124,23123,2,-2
2024-11-05 15:42:50.835,23122,23124,23122,1,-1
2024-11-05 15:43:00.079,23122,23124,23122,1,-1
2024-11-05 15:43:00.086,23121,23123,23121,1,-1
2024-11-05 15:43:00.086,23121,23123,23121,1,-1
2024-11-05 15:43:00.257,23120,23123,23123,1,1
2024-11-05 15:43:05.451,23121,23123,23123,2,2
2024-11-05 15:43:10.427,23121,23124,23124,1,1
2024-11-05 15:43:12.209,23121,23124,23121,2,-2
2024-11-05 15:43:22.314,23121,23122,23121,2,-2
2024-11-05 15:43:24.300,23120,23122,23120,1,-1
2024-11-05 15:43:29.522,23118,23121,23121,1,1
2024-11-05 15:43:31.117,23119,23120,23120,1,1
2024-11-05 15:43:33.843,23119,23120,23118,3,-3
2024-11-05 15:43:33.843,23119,23120,23119,1,-1
2024-11-05 15:43:35.244,23117,23120,23117,5,-5
2024-11-05 15:43:35.376,23116,23119,23116,1,-1
2024-11-05 15:43:39.191,23116,23119,23116,12,-12
2024-11-05 15:43:40.320,23115,23116,23116,1,1
2024-11-05 15:43:41.889,23115,23117,23116,1,1
2024-11-05 15:43:47.030,23116,23117,23116,2,-2
2024-11-05 15:43:48.402,23116,23117,23116,3,-3
2024-11-05 15:43:48.499,23116,23117,23116,1,-1
2024-11-05 15:43:50.430,23115,23116,23116,1,1
2024-11-05 15:43:50.604,23115,23116,23115,1,-1
2024-11-05 15:43:52.341,23115,23116,23116,3,3
2024-11-05 15:43:52.342,23115,23116,23117,1,1
2024-11-05 15:43:52.343,23115,23116,23117,2,2
2024-11-05 15:43:52.344,23115,23116,23118,1,1
2024-11-05 15:43:52.975,23115,23118,23115,1,-1
2024-11-05 15:43:53.960,23115,23118,23115,1,-1
2024-11-05 15:43:57.235,23116,23119,23119,1,1
2024-11-05 15:43:57.235,23116,23119,23120,1,1
2024-11-05 15:43:57.415,23116,23118,23116,1,-1
2024-11-05 15:43:57.952,23116,23118,23116,2,-2
2024-11-05 15:43:59.363,23117,23118,23116,3,-3
2024-11-05 15:43:59.363,23117,23118,23117,1,-1
2024-11-05 15:44:03.032,23116,23118,23118,1,1
2024-11-05 15:44:05.539,23116,23118,23117,1,1
2024-11-05 15:44:11.957,23116,23117,23117,1,1
2024-11-05 15:44:12.301,23116,23117,23116,1,-1
2024-11-05 15:44:12.396,23115,23117,23117,1,1
2024-11-05 15:44:15.250,23116,23118,23118,1,1
2024-11-05 15:44:17.936,23117,23119,23119,1,1
2024-11-05 15:44:21.732,23118,23120,23120,2,2
2024-11-05 15:44:34.655,23119,23120,23119,1,-1
2024-11-05 15:44:34.731,23118,23120,23120,1,1
2024-11-05 15:44:37.471,23119,23120,23120,1,1
2024-11-05 15:44:37.471,23119,23120,23120,2,2
2024-11-05 15:44:43.178,23120,23121,23120,3,-3
2024-11-05 15:44:43.350,23119,23120,23120,1,1
2024-11-05 15:44:45.010,23119,23121,23121,1,1
2024-11-05 15:44:54.415,23120,23121,23121,1,1
2024-11-05 15:44:54.974,23121,23122,23121,1,-1
2024-11-05 15:44:54.974,23121,23122,23120,3,-3
2024-11-05 15:44:57.126,23119,23120,23120,1,1
2024-11-05 15:44:59.816,23119,23120,23119,1,-1
2024-11-05 15:44:59.816,23119,23120,23119,1,-1
2024-11-05 15:44:59.816,23119,23120,23119,1,-1
2024-11-05 15:45:03.820,23117,23119,23119,1,1
2024-11-05 15:45:04.055,23117,23119,23119,4,4
2024-11-05 15:45:04.055,23117,23119,23120,4,4
2024-11-05 15:45:04.055,23117,23119,23120,1,1
2024-11-05 15:45:04.055,23117,23119,23121,4,4
2024-11-05 15:45:04.056,23117,23119,23121,1,1
2024-11-05 15:45:04.056,23117,23119,23122,5,5
2024-11-05 15:45:04.252,23122,23124,23125,2,2
2024-11-05 15:45:04.252,23122,23124,23124,1,1
2024-11-05 15:45:04.482,23122,23125,23125,1,1
2024-11-05 15:45:11.357,23125,23126,23125,1,-1
2024-11-05 15:45:14.526,23123,23126,23126,1,1
2024-11-05 15:45:15.308,23124,23127,23126,1,1
2024-11-05 15:45:17.880,23126,23127,23126,2,-2
2024-11-05 15:45:31.165,23123,23125,23125,1,1
2024-11-05 15:45:32.334,23125,23126,23126,1,1
2024-11-05 15:45:32.842,23126,23127,23127,1,1
2024-11-05 15:45:32.954,23126,23127,23128,1,1
2024-11-05 15:45:36.074,23128,23130,23128,1,-1
2024-11-05 15:45:37.233,23128,23130,23128,1,-1
2024-11-05 15:45:59.910,23128,23129,23129,1,1
2024-11-05 15:46:04.665,23128,23130,23130,1,1
2024-11-05 15:46:04.725,23128,23130,23130,1,1
2024-11-05 15:46:04.852,23129,23131,23131,4,4
2024-11-05 15:46:04.852,23129,23131,23132,4,4
2024-11-05 15:46:04.852,23129,23131,23132,2,2
2024-11-05 15:46:04.852,23129,23131,23133,2,2
2024-11-05 15:46:04.853,23129,23131,23133,4,4
2024-11-05 15:46:04.853,23129,23131,23134,2,2
2024-11-05 15:46:04.853,23129,23131,23133,1,1
2024-11-05 15:46:05.157,23132,23134,23134,1,1
2024-11-05 15:46:05.350,23132,23134,23134,1,1
2024-11-05 15:46:07.066,23132,23133,23132,1,-1
2024-11-05 15:46:11.324,23131,23132,23132,1,1
2024-11-05 15:46:11.334,23132,23134,23134,1,1
2024-11-05 15:46:14.279,23132,23134,23134,1,1
2024-11-05 15:46:19.369,23132,23134,23134,1,1
2024-11-05 15:46:23.438,23134,23135,23134,1,-1
2024-11-05 15:46:23.438,23134,23135,23134,1,-1
2024-11-05 15:46:25.315,23132,23134,23132,4,-4
2024-11-05 15:46:25.315,23132,23134,23132,1,-1
2024-11-05 15:46:25.969,23130,23133,23133,1,1
2024-11-05 15:46:33.378,23132,23133,23132,3,-3
2024-11-05 15:46:44.287,23128,23131,23128,1,-1
2024-11-05 15:46:44.335,23128,23130,23130,1,1
2024-11-05 15:46:46.512,23128,23129,23128,2,-2
2024-11-05 15:46:46.512,23128,23129,23127,2,-2
2024-11-05 15:46:46.732,23126,23128,23128,1,1
2024-11-05 15:46:46.733,23126,23128,23128,1,1
2024-11-05 15:46:47.257,23128,23130,23129,1,1
2024-11-05 15:46:47.863,23128,23129,23127,1,-1
2024-11-05 15:46:53.635,23127,23129,23127,1,-1
2024-11-05 15:46:54.895,23127,23129,23127,1,-1
2024-11-05 15:46:59.167,23127,23129,23127,1,-1
2024-11-05 15:47:01.264,23127,23129,23129,2,2
2024-11-05 15:47:01.661,23129,23132,23129,1,-1
2024-11-05 15:47:09.587,23130,23131,23131,1,1
2024-11-05 15:47:09.588,23130,23131,23131,1,1
2024-11-05 15:47:10.092,23131,23132,23132,1,1
2024-11-05 15:47:13.739,23128,23131,23128,1,-1
2024-11-05 15:47:13.806,23128,23131,23128,1,-1
2024-11-05 15:47:15.195,23126,23127,23126,1,-1
2024-11-05 15:47:15.196,23126,23127,23126,1,-1
2024-11-05 15:47:15.722,23125,23126,23126,1,1
2024-11-05 15:47:18.121,23125,23127,23125,1,-1
2024-11-05 15:47:18.352,23124,23125,23124,1,-1
2024-11-05 15:47:18.559,23124,23125,23124,1,-1
2024-11-05 15:47:18.598,23123,23125,23123,1,-1
2024-11-05 15:47:18.599,23123,23125,23122,1,-1
2024-11-05 15:47:18.712,23123,23124,23124,1,1
2024-11-05 15:47:18.712,23123,23124,23124,1,1
2024-11-05 15:47:18.816,23123,23124,23124,2,2
2024-11-05 15:47:19.057,23122,23124,23124,4,4
2024-11-05 15:47:25.800,23125,23128,23128,1,1
2024-11-05 15:47:29.953,23126,23128,23126,2,-2
2024-11-05 15:47:38.466,23125,23126,23126,1,1
2024-11-05 15:47:43.360,23126,23128,23128,1,1
2024-11-05 15:47:43.468,23127,23129,23127,1,-1
2024-11-05 15:47:51.855,23126,23128,23128,1,1
2024-11-05 15:48:03.445,23126,23128,23126,1,-1
2024-11-05 15:48:06.683,23126,23128,23126,1,-1
2024-11-05 15:48:11.871,23127,23128,23127,1,-1
2024-11-05 15:48:11.871,23127,23128,23126,1,-1
2024-11-05 15:48:12.793,23126,23127,23126,1,-1
2024-11-05 15:48:13.961,23125,23127,23127,1,1
2024-11-05 15:48:14.925,23127,23128,23128,1,1
2024-11-05 15:48:20.536,23127,23129,23127,1,-1
2024-11-05 15:48:22.140,23127,23129,23127,1,-1
2024-11-05 15:48:34.163,23125,23127,23125,3,-3
2024-11-05 15:48:34.165,23125,23127,23124,1,-1
2024-11-05 15:48:35.379,23122,23123,23122,1,-1
2024-11-05 15:48:42.241,23122,23123,23122,1,-1
2024-11-05 15:48:44.724,23120,23121,23120,1,-1
2024-11-05 15:48:47.700,23120,23121,23120,1,-1
2024-11-05 15:48:47.851,23119,23120,23120,1,1
2024-11-05 15:48:52.245,23119,23121,23119,2,-2
2024-11-05 15:48:54.315,23119,23120,23120,1,1
2024-11-05 15:48:57.460,23119,23121,23119,2,-2
2024-11-05 15:48:58.832,23120,23121,23120,1,-1
2024-11-05 15:49:06.396,23119,23121,23120,1,-1
2024-11-05 15:49:10.219,23119,23120,23120,1,1
2024-11-05 15:49:10.219,23119,23120,23120,1,1
2024-11-05 15:49:10.355,23119,23121,23119,2,-2
2024-11-05 15:49:13.220,23119,23120,23119,1,-1
2024-11-05 15:49:13.639,23119,23120,23119,5,-5
2024-11-05 15:49:13.640,23119,23120,23119,1,-1
2024-11-05 15:49:17.258,23118,23120,23118,3,-3
2024-11-05 15:49:20.516,23118,23120,23120,3,3
2024-11-05 15:49:20.517,23118,23120,23121,1,1
2024-11-05 15:49:20.578,23118,23120,23121,1,1
2024-11-05 15:49:21.716,23120,23123,23120,1,-1
2024-11-05 15:49:25.763,23118,23120,23120,1,1
2024-11-05 15:49:25.765,23118,23120,23120,1,1
2024-11-05 15:49:33.300,23118,23120,23120,1,1
2024-11-05 15:49:34.231,23118,23121,23118,2,-2
2024-11-05 15:49:38.712,23120,23121,23120,1,-1
2024-11-05 15:49:53.205,23118,23119,23118,3,-3
2024-11-05 15:50:07.348,23117,23118,23117,8,-8
2024-11-05 15:50:07.604,23116,23117,23117,1,1
2024-11-05 15:50:10.263,23116,23118,23116,2,-2
2024-11-05 15:50:12.054,23116,23118,23116,1,-1
2024-11-05 15:50:13.242,23116,23117,23116,1,-1
2024-11-05 15:50:14.352,23116,23117,23117,2,2
2024-11-05 15:50:14.574,23116,23119,23117,1,-1
2024-11-05 15:50:22.114,23116,23118,23118,1,1
2024-11-05 15:50:24.272,23116,23118,23116,1,-1
2024-11-05 15:50:24.597,23116,23118,23116,3,-3
2024-11-05 15:50:24.599,23116,23118,23115,2,-2
2024-11-05 15:50:24.599,23116,23118,23115,2,-2
2024-11-05 15:50:24.599,23116,23118,23115,1,-1
2024-11-05 15:50:24.599,23116,23118,23115,2,-2
2024-11-05 15:50:24.599,23116,23118,23115,1,-1
2024-11-05 15:50:31.916,23115,23116,23116,1,1
2024-11-05 15:50:31.982,23115,23116,23116,1,1
2024-11-05 15:50:44.691,23115,23116,23115,1,-1
2024-11-05 15:50:52.287,23114,23115,23115,1,1
2024-11-05 15:50:53.181,23114,23116,23116,15,15
2024-11-05 15:50:56.759,23117,23120,23117,2,-2
2024-11-05 15:50:59.002,23116,23118,23116,2,-2
2024-11-05 15:51:01.063,23115,23116,23115,2,-2
2024-11-05 15:51:01.116,23114,23115,23114,1,-1
2024-11-05 15:51:01.244,23114,23115,23114,1,-1
2024-11-05 15:51:02.203,23114,23115,23114,1,-1
2024-11-05 15:51:11.032,23115,23116,23115,1,-1
2024-11-05 15:51:16.209,23115,23116,23115,1,-1
2024-11-05 15:51:16.548,23114,23115,23115,1,1
2024-11-05 15:51:21.448,23114,23115,23114,20,-20
2024-11-05 15:51:21.449,23114,23115,23114,2,-2
2024-11-05 15:51:21.450,23114,23115,23113,6,-6
2024-11-05 15:51:21.450,23114,23115,23113,1,-1
2024-11-05 15:51:21.450,23114,23115,23113,2,-2
2024-11-05 15:51:21.450,23114,23115,23113,11,-11
2024-11-05 15:51:21.450,23114,23115,23113,3,-3
2024-11-05 15:51:21.451,23114,23115,23113,1,-1
2024-11-05 15:51:21.504,23112,23114,23112,1,-1
2024-11-05 15:51:33.301,23113,23115,23115,1,1
2024-11-05 15:51:36.401,23114,23115,23115,2,2
2024-11-05 15:51:36.401,23114,23115,23115,1,1
2024-11-05 15:51:36.401,23114,23115,23115,1,1
2024-11-05 15:51:36.401,23114,23115,23115,1,1
2024-11-05 15:51:36.401,23114,23115,23115,4,4
2024-11-05 15:51:36.401,23114,23115,23115,1,1
2024-11-05 15:51:42.236,23115,23116,23115,1,-1
2024-11-05 15:51:50.712,23114,23115,23114,1,-1
2024-11-05 15:51:54.841,23113,23115,23115,1,1
2024-11-05 15:51:57.135,23113,23115,23114,1,1
2024-11-05 15:51:57.135,23113,23115,23113,4,-4
2024-11-05 15:52:01.829,23113,23115,23115,2,2
2024-11-05 15:52:02.015,23112,23115,23115,1,1
2024-11-05 15:52:02.101,23113,23115,23113,1,-1
2024-11-05 15:52:04.104,23112,23114,23114,1,1
2024-11-05 15:52:10.684,23114,23115,23115,2,2
2024-11-05 15:52:12.790,23115,23116,23116,2,2
2024-11-05 15:52:12.790,23115,23116,23116,1,1
2024-11-05 15:52:12.790,23115,23116,23116,1,1
2024-11-05 15:52:12.790,23115,23116,23116,2,2
2024-11-05 15:52:12.790,23115,23116,23116,1,1
2024-11-05 15:52:12.879,23115,23117,23115,1,-1
2024-11-05 15:52:18.324,23115,23117,23117,1,1
2024-11-05 15:52:25.518,23115,23117,23115,1,-1
2024-11-05 15:52:37.649,23116,23117,23116,1,-1
2024-11-05 15:52:45.218,23115,23116,23116,1,1
2024-11-05 15:53:02.151,23115,23117,23117,1,1
2024-11-05 15:53:08.550,23116,23117,23116,1,-1
2024-11-05 15:53:08.552,23116,23117,23115,2,-2
2024-11-05 15:53:10.771,23114,23116,23116,1,1
2024-11-05 15:53:22.177,23114,23115,23115,1,1
2024-11-05 15:53:30.497,23116,23118,23116,1,-1
2024-11-05 15:53:33.029,23116,23118,23117,1,-1
2024-11-05 15:53:33.490,23116,23117,23117,1,1
2024-11-05 15:53:36.690,23116,23117,23117,1,1
2024-11-05 15:53:36.690,23116,23117,23117,1,1
2024-11-05 15:53:36.690,23116,23117,23117,1,1
2024-11-05 15:53:36.690,23116,23117,23117,1,1
2024-11-05 15:53:36.690,23116,23117,23117,1,1
2024-11-05 15:53:36.808,23116,23117,23117,3,3
2024-11-05 15:53:38.973,23117,23118,23118,2,2
2024-11-05 15:53:42.378,23117,23118,23118,1,1
2024-11-05 15:53:42.494,23117,23118,23118,1,1
2024-11-05 15:53:45.671,23117,23118,23118,2,2
2024-11-05 15:53:45.671,23117,23118,23118,1,1
2024-11-05 15:53:45.672,23117,23118,23118,1,1
2024-11-05 15:53:45.672,23117,23118,23118,1,1
2024-11-05 15:53:45.672,23117,23118,23118,4,4
2024-11-05 15:53:47.890,23117,23118,23117,1,-1
2024-11-05 15:53:47.908,23117,23118,23117,1,-1
2024-11-05 15:53:47.908,23117,23118,23117,1,-1
2024-11-05 15:53:50.770,23116,23117,23117,1,1
2024-11-05 15:53:52.279,23116,23118,23118,1,1
2024-11-05 15:53:54.901,23117,23118,23118,1,1
2024-11-05 15:53:56.714,23117,23118,23118,1,1
2024-11-05 15:53:59.295,23117,23118,23118,1,1
2024-11-05 15:54:10.109,23117,23118,23118,1,1
2024-11-05 15:54:10.269,23117,23118,23118,3,3
2024-11-05 15:54:11.611,23117,23119,23119,2,2
2024-11-05 15:54:11.612,23117,23119,23119,7,7
2024-11-05 15:54:11.647,23117,23119,23118,5,5
2024-11-05 15:54:11.648,23117,23119,23118,1,1
2024-11-05 15:54:11.806,23117,23118,23118,1,1
2024-11-05 15:54:12.456,23117,23118,23117,1,-1
2024-11-05 15:54:12.456,23117,23118,23117,2,-2
2024-11-05 15:54:12.456,23117,23118,23117,2,-2
2024-11-05 15:54:12.458,23117,23118,23117,1,-1
2024-11-05 15:54:12.723,23116,23118,23118,1,1
2024-11-05 15:54:12.740,23116,23118,23118,1,1
2024-11-05 15:54:12.741,23116,23118,23118,1,1
2024-11-05 15:54:12.741,23116,23118,23118,1,1
2024-11-05 15:54:12.741,23116,23118,23118,1,1
2024-11-05 15:54:12.741,23116,23118,23118,1,1
2024-11-05 15:54:12.741,23116,23118,23118,1,1
2024-11-05 15:54:12.741,23116,23118,23118,1,1
2024-11-05 15:54:12.742,23116,23118,23118,2,2
2024-11-05 15:54:12.742,23116,23118,23118,2,2
2024-11-05 15:54:12.757,23116,23118,23118,1,1
2024-11-05 15:54:12.833,23117,23118,23118,20,20
2024-11-05 15:54:12.834,23117,23118,23120,2,2
2024-11-05 15:54:13.624,23118,23120,23118,1,-1
2024-11-05 15:54:15.649,23118,23120,23120,1,1
2024-11-05 15:54:16.539,23118,23120,23120,3,3
2024-11-05 15:54:16.798,23119,23121,23121,1,1
2024-11-05 15:54:18.985,23120,23122,23127,6,6
2024-11-05 15:54:18.985,23120,23122,23126,6,6
2024-11-05 15:54:18.985,23120,23122,23125,9,9
2024-11-05 15:54:18.985,23120,23122,23128,7,7
2024-11-05 15:54:18.985,23120,23122,23123,8,8
2024-11-05 15:54:18.985,23120,23122,23122,2,2
2024-11-05 15:54:18.985,23120,23122,23124,10,10
2024-11-05 15:54:18.985,23120,23122,23129,2,2
2024-11-05 15:54:18.989,23120,23122,23127,1,1
2024-11-05 15:54:18.990,23120,23122,23126,1,1
2024-11-05 15:54:20.152,23126,23128,23128,1,1
2024-11-05 15:54:21.785,23126,23128,23126,1,-1
2024-11-05 15:54:24.917,23126,23128,23128,1,1
2024-11-05 15:54:26.757,23127,23129,23129,1,1
2024-11-05 15:54:26.757,23127,23129,23129,2,2
2024-11-05 15:54:27.225,23128,23129,23128,2,-2
2024-11-05 15:54:29.719,23128,23129,23129,1,1
2024-11-05 15:54:30.637,23128,23129,23129,1,1
2024-11-05 15:54:34.114,23129,23130,23129,2,-2
2024-11-05 15:54:34.198,23129,23130,23129,1,-1
2024-11-05 15:54:35.022,23127,23129,23129,1,1
2024-11-05 15:54:36.095,23127,23129,23129,1,1
2024-11-05 15:54:40.213,23129,23131,23131,1,1
2024-11-05 15:54:43.427,23130,23131,23131,1,1
2024-11-05 15:54:43.917,23130,23131,23130,1,-1
2024-11-05 15:54:45.125,23128,23130,23130,1,1
2024-11-05 15:54:46.581,23128,23131,23131,1,1
2024-11-05 15:54:49.730,23130,23132,23132,1,1
2024-11-05 15:54:52.431,23131,23132,23132,1,1
2024-11-05 15:54:54.713,23131,23132,23131,1,-1
2024-11-05 15:54:58.232,23131,23132,23132,1,1
2024-11-05 15:54:58.586,23131,23132,23132,1,1
2024-11-05 15:54:59.945,23131,23132,23132,2,2
2024-11-05 15:54:59.945,23131,23132,23132,1,1
2024-11-05 15:55:00.445,23132,23133,23133,1,1
2024-11-05 15:55:00.449,23132,23133,23133,1,1
2024-11-05 15:55:00.449,23132,23133,23133,2,2
2024-11-05 15:55:00.638,23132,23134,23133,1,1
2024-11-05 15:55:00.798,23132,23134,23132,2,-2
2024-11-05 15:55:00.799,23132,23134,23131,1,-1
2024-11-05 15:55:00.801,23132,23134,23130,2,-2
2024-11-05 15:55:00.802,23132,23134,23130,1,-1
2024-11-05 15:55:00.849,23129,23131,23131,1,1
2024-11-05 15:55:01.299,23129,23131,23131,1,1
2024-11-05 15:55:04.037,23130,23132,23132,1,1
2024-11-05 15:55:06.739,23130,23132,23132,1,1
2024-11-05 15:55:06.849,23131,23133,23133,1,1
2024-11-05 15:55:09.554,23132,23134,23132,2,-2
2024-11-05 15:55:12.091,23132,23134,23134,1,1
2024-11-05 15:55:18.434,23132,23134,23134,1,1
2024-11-05 15:55:18.725,23132,23134,23134,1,1
2024-11-05 15:55:19.430,23132,23134,23134,1,1
2024-11-05 15:55:20.986,23133,23134,23134,1,1
2024-11-05 15:55:21.646,23133,23134,23134,1,1
2024-11-05 15:55:21.915,23134,23135,23135,2,2
2024-11-05 15:55:26.091,23136,23137,23137,1,1
2024-11-05 15:55:26.223,23136,23138,23138,4,4
2024-11-05 15:55:26.239,23136,23138,23138,1,1
2024-11-05 15:55:26.408,23136,23139,23139,1,1
2024-11-05 15:55:26.551,23139,23140,23140,1,1
2024-11-05 15:55:26.551,23139,23140,23140,16,16
2024-11-05 15:55:26.552,23139,23140,23141,1,1
2024-11-05 15:55:26.635,23140,23142,23142,1,1
2024-11-05 15:55:26.635,23140,23142,23142,1,1
2024-11-05 15:55:26.635,23140,23142,23142,2,2
2024-11-05 15:55:26.635,23140,23142,23142,2,2
2024-11-05 15:55:26.635,23140,23142,23142,2,2
2024-11-05 15:55:26.809,23142,23144,23144,2,2
2024-11-05 15:55:27.744,23142,23144,23142,1,-1
2024-11-05 15:55:27.744,23142,23144,23142,2,-2
2024-11-05 15:55:27.744,23142,23144,23142,1,-1
2024-11-05 15:55:27.744,23142,23144,23142,1,-1
2024-11-05 15:55:27.744,23142,23144,23142,1,-1
2024-11-05 15:55:27.744,23142,23144,23142,1,-1
2024-11-05 15:55:29.889,23140,23142,23142,1,1
2024-11-05 15:55:30.870,23140,23142,23140,1,-1
2024-11-05 15:55:33.118,23140,23143,23140,1,-1
