2024-10-16 15:00:00.007,23058,23059,23059,77,77
2024-10-16 15:00:00.008,23058,23059,23058,10,-10
2024-10-16 15:00:00.008,23058,23059,23057,2,-2
2024-10-16 15:00:00.029,23058,23059,23053,1,-1
2024-10-16 15:00:00.062,23052,23059,23059,5,5
2024-10-16 15:00:00.103,23052,23059,23052,1,-1
2024-10-16 15:00:00.125,23052,23058,23058,1,1
2024-10-16 15:00:00.125,23052,23058,23059,4,4
2024-10-16 15:00:00.143,23052,23058,23051,1,-1
2024-10-16 15:00:00.275,23050,23054,23050,5,-5
2024-10-16 15:00:00.276,23050,23054,23049,1,-1
2024-10-16 15:00:00.292,23050,23054,23048,1,-1
2024-10-16 15:00:00.292,23050,23054,23047,2,-2
2024-10-16 15:00:00.295,23050,23054,23046,1,-1
2024-10-16 15:00:00.300,23050,23054,23042,2,-2
2024-10-16 15:00:00.300,23050,23054,23043,1,-1
2024-10-16 15:00:00.300,23050,23054,23044,1,-1
2024-10-16 15:00:00.300,23050,23054,23045,1,-1
2024-10-16 15:00:00.346,23050,23054,23044,1,-1
2024-10-16 15:00:00.349,23050,23054,23043,1,-1
2024-10-16 15:00:00.353,23042,23047,23042,5,-5
2024-10-16 15:00:00.354,23042,23047,23041,2,-2
2024-10-16 15:00:00.365,23042,23047,23041,1,-1
2024-10-16 15:00:00.376,23042,23047,23041,1,-1
2024-10-16 15:00:00.386,23042,23047,23041,1,-1
2024-10-16 15:00:00.386,23042,23047,23047,1,1
2024-10-16 15:00:00.396,23042,23047,23040,1,-1
2024-10-16 15:00:00.403,23042,23047,23040,2,-2
2024-10-16 15:00:00.411,23042,23047,23047,1,1
2024-10-16 15:00:00.430,23042,23047,23048,3,3
2024-10-16 15:00:00.444,23042,23047,23035,2,-2
2024-10-16 15:00:00.493,23032,23049,23031,2,-2
2024-10-16 15:00:00.493,23032,23049,23032,2,-2
2024-10-16 15:00:00.499,23032,23049,23049,1,1
2024-10-16 15:00:00.525,23032,23049,23049,1,1
2024-10-16 15:00:00.534,23032,23049,23047,1,1
2024-10-16 15:00:00.545,23032,23049,23030,2,-2
2024-10-16 15:00:00.557,23032,23049,23050,3,3
2024-10-16 15:00:00.557,23032,23049,23051,3,3
2024-10-16 15:00:00.557,23032,23049,23052,3,3
2024-10-16 15:00:00.557,23032,23049,23054,2,2
2024-10-16 15:00:00.578,23032,23049,23052,1,1
2024-10-16 15:00:00.578,23032,23049,23054,1,1
2024-10-16 15:00:00.578,23032,23049,23055,3,3
2024-10-16 15:00:00.585,23032,23049,23055,1,1
2024-10-16 15:00:00.587,23032,23049,23056,1,1
2024-10-16 15:00:00.623,23030,23056,23043,1,1
2024-10-16 15:00:00.626,23030,23056,23030,1,-1
2024-10-16 15:00:00.631,23030,23056,23029,1,-1
2024-10-16 15:00:00.631,23030,23056,23030,1,-1
2024-10-16 15:00:00.632,23030,23056,23043,1,-1
2024-10-16 15:00:00.636,23030,23056,23030,1,-1
2024-10-16 15:00:00.649,23030,23056,23043,1,-1
2024-10-16 15:00:00.650,23030,23056,23043,1,-1
2024-10-16 15:00:00.652,23030,23056,23043,1,-1
2024-10-16 15:00:00.672,23030,23056,23043,1,-1
2024-10-16 15:00:00.674,23030,23056,23030,1,-1
2024-10-16 15:00:00.685,23030,23056,23043,1,-1
2024-10-16 15:00:00.725,23030,23056,23043,1,-1
2024-10-16 15:00:00.730,23030,23043,23030,1,-1
2024-10-16 15:00:00.740,23030,23043,23029,1,-1
2024-10-16 15:00:00.765,23030,23043,23042,2,2
2024-10-16 15:00:00.771,23030,23043,23027,1,-1
2024-10-16 15:00:00.780,23030,23043,23042,2,2
2024-10-16 15:00:00.822,23030,23043,23042,1,1
2024-10-16 15:00:00.830,23030,23043,23042,1,1
2024-10-16 15:00:00.857,23026,23042,23034,1,1
2024-10-16 15:00:00.880,23026,23042,23034,1,1
2024-10-16 15:00:00.898,23026,23042,23034,3,3
2024-10-16 15:00:00.917,23026,23042,23034,1,1
2024-10-16 15:00:00.926,23026,23042,23034,1,1
2024-10-16 15:00:00.940,23026,23042,23034,1,1
2024-10-16 15:00:00.940,23026,23042,23034,1,1
2024-10-16 15:00:00.940,23026,23042,23034,1,1
2024-10-16 15:00:00.979,23026,23034,23026,1,-1
2024-10-16 15:00:01.000,23026,23034,23025,1,-1
2024-10-16 15:00:01.018,23026,23034,23030,1,-1
2024-10-16 15:00:01.110,23025,23030,23025,2,-2
2024-10-16 15:00:01.111,23025,23030,23025,1,-1
2024-10-16 15:00:01.166,23025,23030,23025,4,-4
2024-10-16 15:00:01.177,23025,23030,23029,3,3
2024-10-16 15:00:01.178,23025,23030,23030,2,2
2024-10-16 15:00:01.285,23029,23042,23042,1,1
2024-10-16 15:00:01.345,23029,23042,23042,1,1
2024-10-16 15:00:01.400,23029,23043,23038,1,1
2024-10-16 15:00:01.400,23029,23043,23037,1,1
2024-10-16 15:00:01.400,23029,23043,23036,1,1
2024-10-16 15:00:01.400,23029,23043,23035,1,-1
2024-10-16 15:00:01.406,23029,23043,23033,1,-1
2024-10-16 15:00:01.428,23029,23043,23032,1,-1
2024-10-16 15:00:01.489,23035,23037,23035,2,-2
2024-10-16 15:00:01.578,23035,23037,23037,1,1
2024-10-16 15:00:01.622,23029,23038,23038,1,1
2024-10-16 15:00:01.622,23029,23038,23039,1,1
2024-10-16 15:00:01.622,23029,23038,23040,1,1
2024-10-16 15:00:01.622,23029,23038,23042,1,1
2024-10-16 15:00:02.010,23029,23043,23044,2,2
2024-10-16 15:00:02.010,23029,23043,23043,2,2
2024-10-16 15:00:02.236,23036,23045,23036,1,-1
2024-10-16 15:00:02.236,23036,23045,23035,1,-1
2024-10-16 15:00:02.236,23036,23045,23034,1,-1
2024-10-16 15:00:02.310,23036,23045,23045,1,1
2024-10-16 15:00:02.425,23032,23045,23034,1,-1
2024-10-16 15:00:02.429,23032,23045,23034,1,-1
2024-10-16 15:00:02.429,23032,23045,23033,1,-1
2024-10-16 15:00:02.433,23032,23045,23030,1,-1
2024-10-16 15:00:02.448,23032,23045,23034,1,-1
2024-10-16 15:00:02.649,23033,23035,23033,1,-1
2024-10-16 15:00:02.716,23033,23035,23032,1,-1
2024-10-16 15:00:03.249,23032,23035,23032,1,-1
2024-10-16 15:00:03.424,23032,23033,23033,1,1
2024-10-16 15:00:03.428,23032,23033,23032,1,-1
2024-10-16 15:00:03.432,23032,23033,23031,1,-1
2024-10-16 15:00:03.482,23030,23035,23035,1,1
2024-10-16 15:00:03.524,23030,23035,23035,1,1
2024-10-16 15:00:03.721,23032,23036,23033,1,-1
2024-10-16 15:00:04.038,23032,23036,23036,1,1
2024-10-16 15:00:04.058,23032,23036,23036,1,1
2024-10-16 15:00:04.058,23032,23036,23035,1,1
2024-10-16 15:00:04.058,23032,23036,23034,1,1
2024-10-16 15:00:04.186,23030,23034,23035,1,1
2024-10-16 15:00:04.223,23030,23034,23031,1,-1
2024-10-16 15:00:04.776,23033,23037,23037,1,1
2024-10-16 15:00:04.776,23033,23037,23037,1,1
2024-10-16 15:00:04.796,23033,23037,23036,1,1
2024-10-16 15:00:04.796,23033,23037,23035,1,1
2024-10-16 15:00:04.909,23034,23039,23039,1,1
2024-10-16 15:00:04.909,23034,23039,23041,1,1
2024-10-16 15:00:05.474,23035,23042,23038,1,-1
2024-10-16 15:00:05.508,23037,23041,23037,1,-1
2024-10-16 15:00:06.036,23036,23041,23036,1,-1
2024-10-16 15:00:06.037,23036,23041,23035,2,-2
2024-10-16 15:00:06.037,23036,23041,23034,1,-1
2024-10-16 15:00:06.039,23036,23041,23034,1,-1
2024-10-16 15:00:06.039,23036,23041,23033,2,-2
2024-10-16 15:00:06.039,23036,23041,23035,1,-1
2024-10-16 15:00:06.040,23036,23041,23033,1,-1
2024-10-16 15:00:06.044,23036,23041,23031,1,-1
2024-10-16 15:00:06.433,23033,23035,23033,1,-1
2024-10-16 15:00:07.013,23032,23034,23034,1,1
2024-10-16 15:00:07.043,23032,23034,23035,2,2
2024-10-16 15:00:07.047,23032,23034,23036,1,1
2024-10-16 15:00:07.049,23032,23034,23037,1,1
2024-10-16 15:00:07.283,23032,23034,23034,1,1
2024-10-16 15:00:07.284,23032,23034,23035,1,1
2024-10-16 15:00:07.285,23032,23034,23036,1,1
2024-10-16 15:00:07.435,23034,23037,23037,1,1
2024-10-16 15:00:07.466,23034,23037,23036,1,1
2024-10-16 15:00:07.466,23034,23037,23037,2,2
2024-10-16 15:00:07.487,23037,23039,23037,2,-2
2024-10-16 15:00:07.886,23035,23039,23035,1,-1
2024-10-16 15:00:08.281,23036,23039,23036,1,-1
2024-10-16 15:00:08.659,23034,23038,23038,1,1
2024-10-16 15:00:08.767,23036,23039,23039,1,1
2024-10-16 15:00:08.784,23036,23039,23040,1,1
2024-10-16 15:00:08.784,23036,23039,23041,1,1
2024-10-16 15:00:08.788,23036,23039,23040,1,1
2024-10-16 15:00:08.788,23036,23039,23039,2,2
2024-10-16 15:00:08.789,23036,23039,23037,1,-1
2024-10-16 15:00:08.889,23037,23043,23039,1,-1
2024-10-16 15:00:09.181,23038,23043,23039,2,-2
2024-10-16 15:00:09.181,23038,23043,23038,1,-1
2024-10-16 15:00:09.772,23036,23038,23038,1,1
2024-10-16 15:00:09.855,23036,23039,23036,1,-1
2024-10-16 15:00:09.926,23036,23039,23035,1,-1
2024-10-16 15:00:10.428,23033,23036,23033,2,-2
2024-10-16 15:00:10.633,23032,23034,23034,2,2
2024-10-16 15:00:10.783,23033,23037,23037,1,1
2024-10-16 15:00:10.819,23033,23037,23038,1,1
2024-10-16 15:00:10.820,23033,23037,23037,1,1
2024-10-16 15:00:10.839,23033,23037,23039,1,1
2024-10-16 15:00:11.304,23036,23040,23040,1,1
2024-10-16 15:00:11.304,23036,23040,23041,1,1
2024-10-16 15:00:11.304,23036,23040,23042,2,2
2024-10-16 15:00:11.304,23036,23040,23043,1,1
2024-10-16 15:00:11.304,23036,23040,23045,1,1
2024-10-16 15:00:11.326,23036,23040,23037,2,-2
2024-10-16 15:00:11.326,23036,23040,23037,1,-1
2024-10-16 15:00:11.326,23036,23040,23038,1,1
2024-10-16 15:00:11.327,23036,23040,23036,1,-1
2024-10-16 15:00:11.635,23035,23038,23038,1,1
2024-10-16 15:00:12.881,23035,23040,23036,2,-2
2024-10-16 15:00:13.358,23035,23038,23038,1,1
2024-10-16 15:00:13.538,23035,23038,23036,1,-1
2024-10-16 15:00:13.558,23035,23038,23036,2,-2
2024-10-16 15:00:14.754,23035,23038,23036,1,-1
2024-10-16 15:00:16.153,23035,23038,23035,3,-3
2024-10-16 15:00:16.154,23035,23038,23034,1,-1
2024-10-16 15:00:16.154,23035,23038,23033,1,-1
2024-10-16 15:00:16.157,23035,23038,23032,1,-1
2024-10-16 15:00:16.157,23035,23038,23032,1,-1
2024-10-16 15:00:16.492,23032,23034,23034,1,1
2024-10-16 15:00:16.813,23033,23037,23038,1,1
2024-10-16 15:00:16.813,23033,23037,23037,1,1
2024-10-16 15:00:17.664,23033,23037,23039,2,2
2024-10-16 15:00:17.664,23033,23037,23038,2,2
2024-10-16 15:00:17.664,23033,23037,23037,1,1
2024-10-16 15:00:17.666,23033,23037,23037,1,1
2024-10-16 15:00:17.686,23033,23037,23036,1,1
2024-10-16 15:00:17.686,23033,23037,23035,3,3
2024-10-16 15:00:18.965,23034,23037,23036,1,1
2024-10-16 15:00:18.981,23034,23037,23036,1,1
2024-10-16 15:00:19.643,23034,23037,23034,3,-3
2024-10-16 15:00:19.643,23034,23037,23033,1,-1
2024-10-16 15:00:20.272,23033,23036,23033,1,-1
2024-10-16 15:00:20.272,23033,23036,23032,3,-3
2024-10-16 15:00:20.274,23033,23036,23031,3,-3
2024-10-16 15:00:20.275,23033,23036,23030,3,-3
2024-10-16 15:00:20.330,23033,23036,23031,1,-1
2024-10-16 15:00:20.825,23030,23033,23033,1,1
2024-10-16 15:00:21.143,23031,23033,23033,1,1
2024-10-16 15:00:21.320,23031,23033,23031,1,-1
2024-10-16 15:00:21.635,23030,23033,23033,3,3
2024-10-16 15:00:22.806,23031,23033,23033,2,2
2024-10-16 15:00:22.827,23031,23033,23032,2,2
2024-10-16 15:00:23.012,23030,23034,23030,2,-2
2024-10-16 15:00:24.193,23030,23033,23030,3,-3
2024-10-16 15:00:24.193,23030,23033,23029,1,-1
2024-10-16 15:00:26.537,23030,23033,23033,1,1
2024-10-16 15:00:26.724,23032,23034,23034,1,1
2024-10-16 15:00:27.142,23032,23035,23032,1,-1
2024-10-16 15:00:27.804,23032,23035,23032,1,-1
2024-10-16 15:00:29.207,23033,23035,23033,1,-1
2024-10-16 15:00:29.421,23032,23035,23035,1,1
2024-10-16 15:00:29.850,23034,23037,23034,1,-1
2024-10-16 15:00:30.822,23034,23037,23039,2,2
2024-10-16 15:00:30.822,23034,23037,23040,3,3
2024-10-16 15:00:30.822,23034,23037,23037,2,2
2024-10-16 15:00:30.822,23034,23037,23038,1,1
2024-10-16 15:00:30.847,23034,23037,23035,2,-2
2024-10-16 15:00:30.963,23034,23037,23037,1,1
2024-10-16 15:00:32.255,23035,23038,23038,1,1
2024-10-16 15:00:32.395,23036,23039,23039,1,1
2024-10-16 15:00:32.644,23036,23040,23040,1,1
2024-10-16 15:00:32.644,23036,23040,23041,1,1
2024-10-16 15:00:32.644,23036,23040,23042,1,1
2024-10-16 15:00:33.742,23037,23041,23037,2,-2
2024-10-16 15:00:34.002,23038,23039,23038,1,-1
2024-10-16 15:00:34.002,23038,23039,23036,2,-2
2024-10-16 15:00:34.002,23038,23039,23036,2,-2
2024-10-16 15:00:34.141,23036,23039,23039,1,1
2024-10-16 15:00:35.627,23038,23040,23039,1,1
2024-10-16 15:00:36.680,23038,23039,23038,1,-1
2024-10-16 15:00:38.134,23037,23039,23037,1,-1
2024-10-16 15:00:38.626,23036,23039,23038,7,7
2024-10-16 15:00:39.231,23036,23038,23038,1,1
2024-10-16 15:00:42.062,23038,23039,23039,1,1
2024-10-16 15:00:42.490,23038,23042,23042,1,1
2024-10-16 15:00:42.811,23039,23042,23039,1,-1
2024-10-16 15:00:42.814,23039,23042,23038,2,-2
2024-10-16 15:00:43.396,23038,23041,23039,2,-2
2024-10-16 15:00:44.511,23039,23040,23039,1,-1
2024-10-16 15:00:47.204,23039,23042,23042,1,1
2024-10-16 15:00:47.426,23040,23042,23042,1,1
2024-10-16 15:00:47.506,23041,23043,23043,1,1
2024-10-16 15:00:48.075,23043,23044,23043,1,-1
2024-10-16 15:00:48.312,23043,23044,23044,1,1
2024-10-16 15:00:49.445,23043,23044,23044,1,1
2024-10-16 15:00:50.064,23043,23045,23045,1,1
2024-10-16 15:00:50.727,23043,23045,23045,1,1
2024-10-16 15:00:50.727,23043,23045,23045,1,1
2024-10-16 15:00:51.169,23044,23048,23048,1,1
2024-10-16 15:00:51.171,23044,23048,23045,1,-1
2024-10-16 15:00:51.377,23043,23047,23043,1,-1
2024-10-16 15:00:51.705,23042,23046,23046,1,1
2024-10-16 15:00:51.773,23044,23047,23047,1,1
2024-10-16 15:00:51.806,23044,23047,23047,1,1
2024-10-16 15:00:51.828,23044,23047,23045,2,-2
2024-10-16 15:00:51.871,23044,23047,23047,3,3
2024-10-16 15:00:51.871,23044,23047,23048,2,2
2024-10-16 15:00:52.710,23044,23048,23044,2,-2
2024-10-16 15:00:53.051,23043,23046,23046,1,1
2024-10-16 15:00:53.874,23043,23046,23043,1,-1
2024-10-16 15:00:53.874,23043,23046,23042,2,-2
2024-10-16 15:00:54.354,23041,23045,23041,1,-1
2024-10-16 15:00:55.391,23040,23044,23040,1,-1
2024-10-16 15:00:56.003,23039,23043,23043,1,1
2024-10-16 15:00:58.811,23040,23043,23040,1,-1
2024-10-16 15:00:59.513,23039,23042,23042,2,2
2024-10-16 15:00:59.513,23039,23042,23043,2,2
2024-10-16 15:00:59.550,23039,23042,23040,2,-2
2024-10-16 15:00:59.705,23039,23043,23039,1,-1
2024-10-16 15:00:59.826,23039,23043,23041,1,-1
2024-10-16 15:01:00.039,23039,23042,23042,2,2
2024-10-16 15:01:00.039,23039,23042,23043,2,2
2024-10-16 15:01:00.042,23039,23042,23043,1,1
2024-10-16 15:01:00.042,23039,23042,23044,1,1
2024-10-16 15:01:00.060,23039,23042,23044,1,1
2024-10-16 15:01:00.060,23039,23042,23044,2,2
2024-10-16 15:01:00.074,23039,23042,23045,1,1
2024-10-16 15:01:00.093,23039,23042,23045,1,1
2024-10-16 15:01:00.093,23039,23042,23046,1,1
2024-10-16 15:01:00.101,23039,23042,23047,1,1
2024-10-16 15:01:00.109,23045,23047,23048,1,1
2024-10-16 15:01:00.109,23045,23047,23047,1,1
2024-10-16 15:01:00.132,23045,23047,23048,1,1
2024-10-16 15:01:00.138,23045,23047,23050,1,1
2024-10-16 15:01:00.143,23045,23047,23050,1,1
2024-10-16 15:01:00.151,23045,23047,23050,1,1
2024-10-16 15:01:00.151,23045,23047,23050,1,1
2024-10-16 15:01:00.156,23045,23047,23051,2,2
2024-10-16 15:01:00.156,23045,23047,23052,1,1
2024-10-16 15:01:00.164,23045,23047,23053,2,2
2024-10-16 15:01:00.164,23045,23047,23055,6,6
2024-10-16 15:01:00.164,23045,23047,23056,2,2
2024-10-16 15:01:00.164,23045,23047,23057,2,2
2024-10-16 15:01:00.178,23045,23047,23051,3,3
2024-10-16 15:01:00.179,23045,23047,23049,1,1
2024-10-16 15:01:00.188,23045,23047,23054,2,2
2024-10-16 15:01:00.276,23047,23054,23052,3,3
2024-10-16 15:01:00.281,23047,23054,23048,1,-1
2024-10-16 15:01:00.285,23047,23054,23051,1,1
2024-10-16 15:01:00.302,23047,23054,23051,1,1
2024-10-16 15:01:00.360,23048,23052,23052,2,2
2024-10-16 15:01:00.360,23048,23052,23053,2,2
2024-10-16 15:01:00.360,23048,23052,23054,4,4
2024-10-16 15:01:00.360,23048,23052,23055,5,5
2024-10-16 15:01:00.360,23048,23052,23056,4,4
2024-10-16 15:01:00.360,23048,23052,23057,2,2
2024-10-16 15:01:00.360,23048,23052,23058,5,5
2024-10-16 15:01:00.360,23048,23052,23059,5,5
2024-10-16 15:01:00.405,23048,23052,23050,2,2
2024-10-16 15:01:00.479,23047,23054,23047,2,-2
2024-10-16 15:01:00.495,23047,23054,23046,2,-2
2024-10-16 15:01:00.514,23047,23054,23052,1,1
2024-10-16 15:01:00.542,23047,23054,23046,2,-2
2024-10-16 15:01:00.553,23047,23054,23054,1,1
2024-10-16 15:01:00.553,23047,23054,23053,2,2
2024-10-16 15:01:00.553,23047,23054,23050,1,-1
2024-10-16 15:01:00.553,23047,23054,23049,1,-1
2024-10-16 15:01:00.553,23047,23054,23051,1,1
2024-10-16 15:01:00.574,23047,23054,23047,2,-2
2024-10-16 15:01:00.574,23047,23054,23046,1,-1
2024-10-16 15:01:00.574,23047,23054,23045,3,-3
2024-10-16 15:01:00.604,23045,23051,23045,2,-2
2024-10-16 15:01:00.635,23045,23051,23045,1,-1
2024-10-16 15:01:00.635,23045,23051,23044,1,-1
2024-10-16 15:01:00.677,23045,23051,23045,1,-1
2024-10-16 15:01:00.712,23045,23051,23044,1,-1
2024-10-16 15:01:00.831,23043,23048,23043,4,-4
2024-10-16 15:01:00.831,23043,23048,23042,4,-4
2024-10-16 15:01:00.831,23043,23048,23041,4,-4
2024-10-16 15:01:00.831,23043,23048,23040,3,-3
2024-10-16 15:01:00.971,23041,23046,23040,1,-1
2024-10-16 15:01:00.971,23041,23046,23039,17,-17
2024-10-16 15:01:00.971,23041,23046,23041,2,-2
2024-10-16 15:01:01.024,23040,23044,23044,1,1
2024-10-16 15:01:01.287,23041,23043,23043,3,3
2024-10-16 15:01:01.288,23041,23043,23044,3,3
2024-10-16 15:01:01.289,23041,23043,23045,1,1
2024-10-16 15:01:01.326,23041,23043,23046,1,1
2024-10-16 15:01:01.326,23041,23043,23047,2,2
2024-10-16 15:01:01.485,23043,23045,23045,1,1
2024-10-16 15:01:01.590,23043,23045,23045,1,1
2024-10-16 15:01:01.590,23043,23045,23046,3,3
2024-10-16 15:01:01.590,23043,23045,23047,1,1
2024-10-16 15:01:02.023,23043,23047,23046,3,3
2024-10-16 15:01:02.024,23043,23047,23047,2,2
2024-10-16 15:01:02.025,23043,23047,23048,1,1
2024-10-16 15:01:02.654,23046,23048,23048,2,2
2024-10-16 15:01:02.654,23046,23048,23048,2,2
2024-10-16 15:01:02.844,23048,23050,23048,1,-1
2024-10-16 15:01:03.023,23047,23050,23050,1,1
2024-10-16 15:01:03.077,23047,23050,23048,1,-1
2024-10-16 15:01:03.113,23045,23047,23045,1,-1
2024-10-16 15:01:03.123,23045,23047,23044,1,-1
2024-10-16 15:01:03.132,23045,23047,23044,2,-2
2024-10-16 15:01:03.173,23045,23047,23046,1,-1
2024-10-16 15:01:03.232,23044,23047,23044,3,-3
2024-10-16 15:01:04.024,23044,23047,23049,3,3
2024-10-16 15:01:04.024,23044,23047,23049,3,3
2024-10-16 15:01:04.024,23044,23047,23048,1,1
2024-10-16 15:01:04.024,23044,23047,23050,1,1
2024-10-16 15:01:04.024,23044,23047,23048,2,2
2024-10-16 15:01:04.024,23044,23047,23048,1,1
2024-10-16 15:01:04.024,23044,23047,23047,2,2
2024-10-16 15:01:04.024,23044,23047,23048,1,1
2024-10-16 15:01:04.025,23044,23047,23046,1,1
2024-10-16 15:01:04.025,23044,23047,23045,1,-1
2024-10-16 15:01:05.024,23047,23050,23050,2,2
2024-10-16 15:01:05.024,23047,23050,23051,1,1
2024-10-16 15:01:05.046,23047,23050,23049,3,3
2024-10-16 15:01:05.046,23047,23050,23050,2,2
2024-10-16 15:01:05.046,23047,23050,23049,1,1
2024-10-16 15:01:05.538,23048,23052,23049,2,-2
2024-10-16 15:01:05.829,23048,23052,23049,2,-2
2024-10-16 15:01:06.023,23048,23052,23052,2,2
2024-10-16 15:01:06.024,23048,23052,23054,1,1
2024-10-16 15:01:06.024,23048,23052,23053,1,1
2024-10-16 15:01:06.024,23048,23052,23053,3,3
2024-10-16 15:01:06.025,23048,23052,23058,1,1
2024-10-16 15:01:06.025,23048,23052,23055,1,1
2024-10-16 15:01:06.025,23048,23052,23059,12,12
2024-10-16 15:01:06.025,23048,23052,23054,1,1
2024-10-16 15:01:06.025,23048,23052,23057,3,3
2024-10-16 15:01:06.025,23048,23052,23058,3,3
2024-10-16 15:01:06.025,23048,23052,23059,5,5
2024-10-16 15:01:06.025,23048,23052,23056,3,3
2024-10-16 15:01:06.025,23048,23052,23055,2,2
2024-10-16 15:01:06.131,23051,23055,23052,1,-1
2024-10-16 15:01:06.132,23051,23055,23052,1,-1
2024-10-16 15:01:06.135,23051,23055,23051,1,-1
2024-10-16 15:01:06.423,23048,23050,23048,1,-1
2024-10-16 15:01:06.572,23047,23050,23047,1,-1
2024-10-16 15:01:07.024,23047,23050,23050,3,3
2024-10-16 15:01:07.024,23047,23050,23051,1,1
2024-10-16 15:01:07.024,23047,23050,23052,3,3
2024-10-16 15:01:07.024,23047,23050,23053,1,1
2024-10-16 15:01:07.024,23047,23050,23054,2,2
2024-10-16 15:01:07.024,23047,23050,23053,1,1
2024-10-16 15:01:07.024,23047,23050,23055,2,2
2024-10-16 15:01:07.121,23051,23054,23051,1,-1
2024-10-16 15:01:07.500,23050,23054,23050,1,-1
2024-10-16 15:01:07.614,23050,23054,23054,5,5
2024-10-16 15:01:07.899,23051,23054,23054,3,3
2024-10-16 15:01:08.005,23054,23056,23054,3,-3
2024-10-16 15:01:08.023,23054,23056,23056,1,1
2024-10-16 15:01:08.023,23054,23056,23057,1,1
2024-10-16 15:01:08.024,23054,23056,23057,1,1
2024-10-16 15:01:08.045,23054,23056,23055,1,1
2024-10-16 15:01:08.257,23054,23057,23054,1,-1
2024-10-16 15:01:08.988,23054,23057,23054,1,-1
2024-10-16 15:01:09.024,23054,23057,23058,3,3
2024-10-16 15:01:09.024,23054,23057,23059,18,18
2024-10-16 15:01:09.025,23054,23057,23059,7,7
2024-10-16 15:01:09.025,23054,23057,23060,2,2
2024-10-16 15:01:09.025,23054,23057,23060,1,1
2024-10-16 15:01:09.045,23054,23057,23055,1,-1
2024-10-16 15:01:09.045,23054,23057,23056,2,2
2024-10-16 15:01:09.045,23054,23057,23057,4,4
2024-10-16 15:01:09.045,23054,23057,23056,2,2
2024-10-16 15:01:09.219,23056,23058,23055,1,-1
2024-10-16 15:01:09.222,23056,23058,23055,1,-1
2024-10-16 15:01:09.934,23054,23057,23054,1,-1
2024-10-16 15:01:10.024,23054,23057,23057,2,2
2024-10-16 15:01:10.024,23054,23057,23058,1,1
2024-10-16 15:01:10.025,23054,23057,23058,1,1
2024-10-16 15:01:10.025,23054,23057,23059,2,2
2024-10-16 15:01:10.025,23054,23057,23060,1,1
2024-10-16 15:01:10.025,23054,23057,23059,1,1
2024-10-16 15:01:10.036,23054,23057,23059,1,1
2024-10-16 15:01:10.143,23056,23060,23056,1,-1
2024-10-16 15:01:10.407,23057,23060,23057,1,-1
2024-10-16 15:01:10.518,23056,23060,23056,1,-1
2024-10-16 15:01:12.024,23056,23059,23060,6,6
2024-10-16 15:01:12.024,23056,23059,23059,1,1
2024-10-16 15:01:12.025,23056,23059,23060,5,5
2024-10-16 15:01:12.025,23056,23059,23061,2,2
2024-10-16 15:01:12.025,23056,23059,23058,2,2
2024-10-16 15:01:12.047,23056,23059,23058,3,3
2024-10-16 15:01:12.564,23057,23060,23060,1,1
2024-10-16 15:01:12.616,23058,23061,23058,1,-1
2024-10-16 15:01:13.139,23059,23061,23059,1,-1
2024-10-16 15:01:13.529,23058,23061,23059,1,-1
2024-10-16 15:01:13.573,23058,23061,23060,1,1
2024-10-16 15:01:14.023,23057,23061,23061,2,2
2024-10-16 15:01:14.026,23057,23061,23059,1,1
2024-10-16 15:01:15.023,23059,23061,23061,2,2
2024-10-16 15:01:15.023,23059,23061,23061,7,7
2024-10-16 15:01:15.024,23059,23061,23062,2,2
2024-10-16 15:01:15.024,23059,23061,23062,2,2
2024-10-16 15:01:15.024,23059,23061,23061,6,6
2024-10-16 15:01:15.024,23059,23061,23062,6,6
2024-10-16 15:01:15.024,23059,23061,23062,2,2
2024-10-16 15:01:15.025,23059,23061,23063,12,12
2024-10-16 15:01:15.026,23059,23061,23064,1,1
2024-10-16 15:01:15.031,23059,23061,23065,6,6
2024-10-16 15:01:15.031,23059,23061,23066,3,3
2024-10-16 15:01:15.539,23061,23063,23061,1,-1
2024-10-16 15:01:15.904,23061,23064,23064,1,1
2024-10-16 15:01:15.985,23062,23064,23061,1,-1
2024-10-16 15:01:16.024,23062,23064,23064,2,2
2024-10-16 15:01:16.024,23062,23064,23065,1,1
2024-10-16 15:01:16.642,23062,23065,23062,1,-1
2024-10-16 15:01:16.861,23061,23065,23061,1,-1
2024-10-16 15:01:17.036,23061,23065,23065,1,1
2024-10-16 15:01:17.130,23063,23066,23063,1,-1
2024-10-16 15:01:17.190,23063,23066,23066,1,1
2024-10-16 15:01:17.967,23062,23065,23065,1,1
2024-10-16 15:01:18.024,23062,23065,23065,1,1
2024-10-16 15:01:18.024,23062,23065,23066,1,1
2024-10-16 15:01:18.024,23062,23065,23067,2,2
2024-10-16 15:01:18.334,23064,23067,23064,1,-1
2024-10-16 15:01:18.438,23063,23067,23064,2,-2
2024-10-16 15:01:18.791,23064,23067,23064,1,-1
2024-10-16 15:01:18.959,23062,23066,23065,1,1
2024-10-16 15:01:18.962,23062,23066,23063,1,-1
2024-10-16 15:01:20.022,23064,23067,23067,1,1
2024-10-16 15:01:20.023,23064,23067,23067,2,2
2024-10-16 15:01:20.023,23064,23067,23068,2,2
2024-10-16 15:01:20.700,23066,23069,23069,1,1
2024-10-16 15:01:20.705,23066,23069,23069,2,2
2024-10-16 15:01:20.707,23066,23069,23069,2,2
2024-10-16 15:01:20.726,23066,23069,23068,5,5
2024-10-16 15:01:20.986,23066,23070,23066,1,-1
2024-10-16 15:01:20.988,23066,23070,23066,1,-1
2024-10-16 15:01:21.024,23066,23070,23069,2,2
2024-10-16 15:01:21.024,23066,23070,23069,1,1
2024-10-16 15:01:21.024,23066,23070,23070,4,4
2024-10-16 15:01:21.157,23067,23070,23070,1,1
2024-10-16 15:01:21.222,23067,23070,23067,1,-1
2024-10-16 15:01:21.382,23068,23070,23068,1,-1
2024-10-16 15:01:21.498,23067,23070,23067,1,-1
2024-10-16 15:01:21.562,23067,23070,23071,3,3
2024-10-16 15:01:21.563,23067,23070,23072,1,1
2024-10-16 15:01:21.564,23067,23070,23072,2,2
2024-10-16 15:01:21.604,23071,23073,23071,1,-1
2024-10-16 15:01:21.673,23071,23073,23072,1,-1
2024-10-16 15:01:22.943,23071,23073,23071,1,-1
2024-10-16 15:01:22.948,23071,23073,23069,1,-1
2024-10-16 15:01:23.024,23069,23073,23073,5,5
2024-10-16 15:01:23.024,23069,23073,23074,18,18
2024-10-16 15:01:23.024,23069,23073,23074,2,2
2024-10-16 15:01:23.025,23069,23073,23074,2,2
2024-10-16 15:01:23.025,23069,23073,23075,5,5
2024-10-16 15:01:23.049,23069,23073,23072,1,1
2024-10-16 15:01:23.325,23073,23076,23074,1,-1
2024-10-16 15:01:23.361,23073,23076,23076,2,2
2024-10-16 15:01:23.361,23073,23076,23077,3,3
2024-10-16 15:01:23.366,23073,23076,23074,2,-2
2024-10-16 15:01:23.689,23074,23077,23074,1,-1
2024-10-16 15:01:23.854,23073,23077,23073,1,-1
2024-10-16 15:01:24.024,23073,23077,23077,3,3
2024-10-16 15:01:24.025,23073,23077,23079,1,1
2024-10-16 15:01:24.025,23073,23077,23078,1,1
2024-10-16 15:01:24.026,23073,23077,23079,1,1
2024-10-16 15:01:24.603,23076,23079,23079,1,1
2024-10-16 15:01:24.762,23076,23079,23077,1,-1
2024-10-16 15:01:25.024,23076,23079,23079,1,1
2024-10-16 15:01:25.024,23076,23079,23079,1,1
2024-10-16 15:01:25.975,23076,23079,23078,1,1
2024-10-16 15:01:26.023,23078,23079,23079,1,1
2024-10-16 15:01:26.023,23078,23079,23080,2,2
2024-10-16 15:01:26.024,23078,23079,23080,3,3
2024-10-16 15:01:26.024,23078,23079,23080,4,4
2024-10-16 15:01:26.024,23078,23079,23081,4,4
2024-10-16 15:01:26.024,23078,23079,23082,3,3
2024-10-16 15:01:26.025,23078,23079,23082,7,7
2024-10-16 15:01:26.039,23078,23079,23080,1,1
2024-10-16 15:01:26.039,23078,23079,23079,2,2
2024-10-16 15:01:26.630,23079,23083,23079,16,-16
2024-10-16 15:01:26.759,23078,23080,23078,5,-5
2024-10-16 15:01:27.025,23076,23079,23080,2,2
2024-10-16 15:01:27.025,23076,23079,23081,3,3
2024-10-16 15:01:27.025,23076,23079,23082,4,4
2024-10-16 15:01:27.025,23076,23079,23083,1,1
2024-10-16 15:01:27.038,23076,23079,23082,1,1
2024-10-16 15:01:27.121,23078,23082,23082,1,1
2024-10-16 15:01:27.154,23078,23082,23079,1,-1
2024-10-16 15:01:27.530,23079,23082,23079,1,-1
2024-10-16 15:01:27.530,23079,23082,23078,1,-1
2024-10-16 15:01:27.530,23079,23082,23077,3,-3
2024-10-16 15:01:27.887,23076,23080,23077,1,-1
2024-10-16 15:01:28.023,23076,23080,23080,2,2
2024-10-16 15:01:28.024,23076,23080,23083,1,1
2024-10-16 15:01:28.024,23076,23080,23082,1,1
2024-10-16 15:01:28.024,23076,23080,23083,1,1
2024-10-16 15:01:28.024,23076,23080,23082,4,4
2024-10-16 15:01:28.024,23076,23080,23081,5,5
2024-10-16 15:01:28.025,23076,23080,23082,1,1
2024-10-16 15:01:28.025,23076,23080,23083,1,1
2024-10-16 15:01:28.080,23076,23080,23083,10,10
2024-10-16 15:01:28.218,23080,23083,23080,1,-1
2024-10-16 15:01:28.683,23079,23082,23079,1,-1
2024-10-16 15:01:28.900,23079,23081,23079,1,-1
2024-10-16 15:01:28.987,23078,23079,23079,2,2
2024-10-16 15:01:29.025,23078,23079,23081,1,1
2024-10-16 15:01:29.025,23078,23079,23082,1,1
2024-10-16 15:01:29.025,23078,23079,23082,1,1
2024-10-16 15:01:29.025,23078,23079,23083,2,2
2024-10-16 15:01:29.025,23078,23079,23083,2,2
2024-10-16 15:01:29.108,23080,23083,23080,1,-1
2024-10-16 15:01:29.928,23080,23082,23082,1,1
2024-10-16 15:01:30.024,23080,23083,23083,1,1
2024-10-16 15:01:30.184,23081,23083,23081,1,-1
2024-10-16 15:01:30.960,23081,23082,23081,2,-2
2024-10-16 15:01:31.137,23080,23082,23082,1,1
2024-10-16 15:01:31.202,23080,23082,23083,1,1
2024-10-16 15:01:31.256,23081,23083,23083,3,3
2024-10-16 15:01:31.256,23081,23083,23083,2,2
2024-10-16 15:01:31.616,23082,23084,23082,1,-1
2024-10-16 15:01:31.759,23082,23084,23082,2,-2
2024-10-16 15:01:31.875,23081,23084,23081,1,-1
2024-10-16 15:01:31.945,23081,23084,23081,2,-2
2024-10-16 15:01:32.027,23080,23084,23082,1,-1
2024-10-16 15:01:32.062,23080,23084,23084,1,1
2024-10-16 15:01:32.455,23080,23082,23082,1,1
2024-10-16 15:01:32.819,23081,23084,23082,1,-1
2024-10-16 15:01:34.010,23082,23083,23082,1,-1
2024-10-16 15:01:34.390,23081,23083,23081,1,-1
2024-10-16 15:01:35.443,23081,23083,23082,1,-1
2024-10-16 15:01:35.626,23081,23082,23082,1,1
2024-10-16 15:01:36.393,23081,23083,23081,4,-4
2024-10-16 15:01:36.394,23081,23083,23080,6,-6
2024-10-16 15:01:36.395,23081,23083,23079,5,-5
2024-10-16 15:01:36.444,23081,23083,23078,1,-1
2024-10-16 15:01:36.644,23077,23079,23079,2,2
2024-10-16 15:01:36.680,23077,23079,23080,1,1
2024-10-16 15:01:36.988,23077,23080,23080,1,1
2024-10-16 15:01:37.125,23077,23080,23080,1,1
2024-10-16 15:01:37.337,23077,23080,23077,1,-1
2024-10-16 15:01:37.338,23077,23080,23076,2,-2
2024-10-16 15:01:37.941,23074,23077,23074,3,-3
2024-10-16 15:01:37.941,23074,23077,23073,2,-2
2024-10-16 15:01:38.008,23074,23075,23074,1,-1
2024-10-16 15:01:38.025,23074,23075,23075,1,1
2024-10-16 15:01:38.231,23073,23076,23076,2,2
2024-10-16 15:01:38.295,23073,23076,23073,5,-5
2024-10-16 15:01:38.715,23073,23076,23073,1,-1
2024-10-16 15:01:40.142,23074,23077,23077,1,1
2024-10-16 15:01:40.270,23074,23077,23077,1,1
2024-10-16 15:01:40.877,23074,23077,23077,3,3
2024-10-16 15:01:40.877,23074,23077,23078,2,2
2024-10-16 15:01:42.205,23074,23077,23074,1,-1
2024-10-16 15:01:42.206,23074,23077,23074,1,-1
2024-10-16 15:01:42.824,23074,23077,23077,1,1
2024-10-16 15:01:44.901,23075,23078,23078,1,1
2024-10-16 15:01:46.025,23076,23080,23080,3,3
2024-10-16 15:01:46.025,23076,23080,23081,4,4
2024-10-16 15:01:46.471,23078,23081,23081,1,1
2024-10-16 15:01:46.614,23078,23081,23077,3,-3
2024-10-16 15:01:46.614,23078,23081,23077,1,-1
2024-10-16 15:01:46.614,23078,23081,23077,6,-6
2024-10-16 15:01:46.614,23078,23081,23078,3,-3
2024-10-16 15:01:47.572,23076,23078,23076,1,-1
2024-10-16 15:01:48.287,23076,23078,23078,1,1
2024-10-16 15:01:48.498,23076,23078,23078,4,4
2024-10-16 15:01:50.037,23078,23080,23080,1,1
2024-10-16 15:01:50.191,23078,23081,23081,1,1
2024-10-16 15:01:50.909,23078,23082,23082,1,1
2024-10-16 15:01:52.199,23079,23082,23079,1,-1
2024-10-16 15:01:52.635,23079,23082,23079,2,-2
2024-10-16 15:01:52.635,23079,23082,23078,1,-1
2024-10-16 15:01:52.914,23079,23080,23079,2,-2
2024-10-16 15:01:53.639,23078,23080,23080,1,1
2024-10-16 15:01:54.419,23078,23080,23080,1,1
2024-10-16 15:01:55.024,23078,23080,23080,1,1
2024-10-16 15:01:55.719,23079,23082,23078,4,-4
2024-10-16 15:01:55.719,23079,23082,23079,1,-1
2024-10-16 15:01:56.228,23078,23081,23081,2,2
2024-10-16 15:01:56.273,23078,23081,23078,4,-4
2024-10-16 15:01:57.129,23078,23080,23080,2,2
2024-10-16 15:01:57.129,23078,23080,23081,1,1
2024-10-16 15:01:57.516,23078,23081,23081,1,1
2024-10-16 15:01:57.674,23078,23081,23081,1,1
2024-10-16 15:01:57.810,23078,23081,23078,1,-1
2024-10-16 15:01:57.825,23078,23081,23079,1,-1
2024-10-16 15:01:57.835,23078,23081,23078,1,-1
2024-10-16 15:01:57.960,23077,23079,23078,1,-1
2024-10-16 15:01:57.987,23077,23079,23079,1,1
2024-10-16 15:01:58.143,23077,23079,23079,1,1
2024-10-16 15:01:58.302,23077,23079,23079,1,1
2024-10-16 15:01:58.487,23077,23080,23080,1,1
2024-10-16 15:01:58.641,23077,23080,23080,1,1
2024-10-16 15:01:58.789,23077,23081,23081,1,1
2024-10-16 15:01:58.936,23077,23081,23081,1,1
2024-10-16 15:01:59.025,23077,23081,23081,1,1
2024-10-16 15:01:59.115,23078,23081,23081,1,1
2024-10-16 15:01:59.266,23078,23081,23081,1,1
2024-10-16 15:02:00.120,23078,23081,23078,1,-1
2024-10-16 15:02:00.660,23077,23081,23081,1,1
2024-10-16 15:02:00.680,23077,23081,23081,1,1
2024-10-16 15:02:01.017,23077,23081,23077,3,-3
2024-10-16 15:02:01.066,23077,23081,23077,1,-1
2024-10-16 15:02:01.208,23076,23080,23076,5,-5
2024-10-16 15:02:01.210,23076,23080,23075,2,-2
2024-10-16 15:02:01.528,23074,23077,23077,1,1
2024-10-16 15:02:01.528,23074,23077,23078,1,1
2024-10-16 15:02:01.612,23075,23078,23078,1,1
2024-10-16 15:02:02.760,23078,23080,23078,1,-1
2024-10-16 15:02:03.620,23076,23078,23075,2,-2
2024-10-16 15:02:03.620,23076,23078,23076,1,-1
2024-10-16 15:02:04.388,23075,23077,23075,3,-3
2024-10-16 15:02:05.002,23073,23076,23073,2,-2
2024-10-16 15:02:05.003,23073,23076,23073,2,-2
2024-10-16 15:02:06.488,23072,23074,23072,2,-2
2024-10-16 15:02:06.490,23072,23074,23071,2,-2
2024-10-16 15:02:07.440,23070,23072,23072,1,1
2024-10-16 15:02:07.460,23070,23072,23070,1,-1
2024-10-16 15:02:07.616,23070,23072,23070,2,-2
2024-10-16 15:02:07.931,23068,23071,23068,2,-2
2024-10-16 15:02:08.961,23067,23068,23067,1,-1
2024-10-16 15:02:08.961,23067,23068,23066,2,-2
2024-10-16 15:02:08.963,23067,23068,23066,2,-2
2024-10-16 15:02:09.026,23065,23068,23068,4,4
2024-10-16 15:02:09.250,23065,23068,23065,2,-2
2024-10-16 15:02:09.325,23065,23068,23068,1,1
2024-10-16 15:02:09.325,23065,23068,23067,4,4
2024-10-16 15:02:09.488,23066,23068,23068,1,1
2024-10-16 15:02:09.558,23066,23068,23067,1,1
2024-10-16 15:02:09.902,23066,23069,23069,1,1
2024-10-16 15:02:11.333,23069,23071,23071,1,1
2024-10-16 15:02:11.550,23069,23071,23071,1,1
2024-10-16 15:02:11.666,23069,23072,23072,1,1
2024-10-16 15:02:11.885,23069,23072,23072,1,1
2024-10-16 15:02:12.868,23070,23072,23072,2,2
2024-10-16 15:02:12.868,23070,23072,23074,2,2
2024-10-16 15:02:13.005,23071,23074,23071,1,-1
2024-10-16 15:02:13.005,23071,23074,23070,2,-2
2024-10-16 15:02:14.871,23069,23072,23072,1,1
2024-10-16 15:02:16.202,23071,23072,23070,2,-2
2024-10-16 15:02:16.202,23071,23072,23069,1,-1
2024-10-16 15:02:16.227,23071,23072,23072,2,2
2024-10-16 15:02:16.227,23071,23072,23071,1,-1
2024-10-16 15:02:18.344,23070,23072,23072,4,4
2024-10-16 15:02:19.902,23072,23074,23074,1,1
2024-10-16 15:02:19.990,23073,23076,23073,2,-2
2024-10-16 15:02:19.990,23073,23076,23072,1,-1
2024-10-16 15:02:25.026,23073,23076,23076,1,1
2024-10-16 15:02:25.510,23075,23076,23075,1,-1
2024-10-16 15:02:25.571,23075,23076,23072,2,-2
2024-10-16 15:02:26.089,23072,23076,23073,1,-1
2024-10-16 15:02:26.089,23072,23076,23072,2,-2
2024-10-16 15:02:28.026,23072,23076,23076,1,1
2024-10-16 15:02:28.889,23073,23076,23076,1,1
2024-10-16 15:02:29.694,23074,23076,23076,10,10
2024-10-16 15:02:30.049,23077,23078,23077,1,-1
2024-10-16 15:02:31.508,23075,23078,23075,1,-1
2024-10-16 15:02:32.989,23075,23078,23078,5,5
2024-10-16 15:02:34.366,23076,23080,23076,3,-3
2024-10-16 15:02:34.494,23075,23079,23079,1,1
2024-10-16 15:02:35.539,23077,23080,23076,4,-4
2024-10-16 15:02:37.025,23075,23078,23076,1,-1
2024-10-16 15:02:37.598,23075,23078,23075,2,-2
2024-10-16 15:02:37.810,23075,23078,23075,1,-1
2024-10-16 15:02:37.964,23074,23076,23075,1,-1
2024-10-16 15:02:40.628,23074,23076,23074,1,-1
2024-10-16 15:02:41.914,23072,23075,23072,6,-6
2024-10-16 15:02:41.914,23072,23075,23071,1,-1
2024-10-16 15:02:42.420,23070,23072,23070,1,-1
2024-10-16 15:02:42.420,23070,23072,23070,4,-4
2024-10-16 15:02:42.420,23070,23072,23069,2,-2
2024-10-16 15:02:42.420,23070,23072,23069,3,-3
2024-10-16 15:02:42.435,23070,23072,23069,1,-1
2024-10-16 15:02:42.437,23070,23072,23069,1,-1
2024-10-16 15:02:43.496,23070,23072,23070,1,-1
2024-10-16 15:02:44.495,23069,23071,23069,2,-2
2024-10-16 15:02:47.414,23069,23071,23069,1,-1
2024-10-16 15:02:47.566,23068,23070,23070,1,1
2024-10-16 15:02:48.203,23069,23071,23069,1,-1
2024-10-16 15:02:48.203,23069,23071,23068,2,-2
2024-10-16 15:02:48.495,23068,23070,23068,2,-2
2024-10-16 15:02:48.543,23068,23070,23068,1,-1
2024-10-16 15:02:50.961,23069,23070,23070,1,1
2024-10-16 15:02:51.030,23069,23070,23070,1,1
2024-10-16 15:02:54.006,23070,23071,23070,1,-1
2024-10-16 15:02:54.295,23069,23070,23070,1,1
2024-10-16 15:02:54.621,23070,23071,23070,1,-1
2024-10-16 15:02:54.621,23070,23071,23070,1,-1
2024-10-16 15:02:54.780,23069,23070,23069,3,-3
2024-10-16 15:02:54.781,23069,23070,23068,77,-77
2024-10-16 15:02:54.782,23069,23070,23066,2,-2
2024-10-16 15:02:54.782,23069,23070,23067,3,-3
2024-10-16 15:02:54.938,23064,23066,23066,1,1
2024-10-16 15:02:55.311,23065,23067,23065,1,-1
2024-10-16 15:02:55.311,23065,23067,23064,2,-2
2024-10-16 15:02:55.334,23065,23067,23066,1,-1
2024-10-16 15:02:55.334,23065,23067,23067,2,2
2024-10-16 15:02:55.839,23065,23068,23068,2,2
2024-10-16 15:02:56.762,23064,23066,23064,1,-1
2024-10-16 15:02:57.026,23063,23065,23065,1,1
2024-10-16 15:02:57.090,23063,23065,23065,1,1
2024-10-16 15:02:57.145,23063,23065,23063,1,-1
2024-10-16 15:02:57.290,23063,23065,23065,1,1
2024-10-16 15:02:57.490,23063,23065,23065,1,1
2024-10-16 15:02:57.690,23063,23065,23065,1,1
2024-10-16 15:02:57.865,23063,23066,23066,1,1
2024-10-16 15:02:57.991,23063,23066,23066,1,1
2024-10-16 15:02:58.116,23064,23067,23067,1,1
2024-10-16 15:02:58.316,23065,23067,23067,1,1
2024-10-16 15:02:58.716,23065,23067,23067,1,1
2024-10-16 15:02:59.016,23065,23068,23068,1,1
2024-10-16 15:02:59.316,23065,23068,23068,1,1
2024-10-16 15:02:59.717,23065,23068,23068,1,1
2024-10-16 15:03:00.017,23065,23069,23069,1,1
2024-10-16 15:03:00.399,23066,23069,23069,1,1
2024-10-16 15:03:00.724,23066,23069,23070,1,1
2024-10-16 15:03:01.099,23067,23070,23070,1,1
2024-10-16 15:03:01.399,23067,23070,23070,1,1
2024-10-16 15:03:01.674,23067,23070,23070,1,1
2024-10-16 15:03:01.875,23067,23070,23070,1,1
2024-10-16 15:03:02.075,23067,23070,23070,1,1
2024-10-16 15:03:02.275,23068,23071,23071,1,1
2024-10-16 15:03:02.365,23068,23071,23067,6,-6
2024-10-16 15:03:02.365,23068,23071,23066,3,-3
2024-10-16 15:03:02.365,23068,23071,23068,2,-2
2024-10-16 15:03:02.366,23068,23071,23066,13,-13
2024-10-16 15:03:02.500,23064,23068,23068,1,1
2024-10-16 15:03:02.631,23065,23068,23068,1,1
2024-10-16 15:03:02.725,23065,23068,23068,1,1
2024-10-16 15:03:02.950,23067,23069,23069,1,1
2024-10-16 15:03:03.176,23067,23069,23069,1,1
2024-10-16 15:03:03.401,23067,23069,23069,1,1
2024-10-16 15:03:03.601,23067,23069,23070,1,1
2024-10-16 15:03:03.801,23067,23070,23070,1,1
2024-10-16 15:03:04.033,23067,23070,23070,1,1
2024-10-16 15:03:04.295,23067,23070,23070,1,1
2024-10-16 15:03:04.521,23067,23070,23070,1,1
2024-10-16 15:03:04.723,23067,23070,23068,1,-1
2024-10-16 15:03:04.767,23067,23070,23070,1,1
2024-10-16 15:03:05.018,23067,23070,23070,1,1
2024-10-16 15:03:05.230,23067,23071,23071,1,1
2024-10-16 15:03:05.405,23067,23070,23070,1,1
2024-10-16 15:03:05.430,23067,23070,23071,1,1
2024-10-16 15:03:05.631,23068,23071,23071,1,1
2024-10-16 15:03:05.881,23068,23071,23071,1,1
2024-10-16 15:03:06.081,23068,23072,23072,1,1
2024-10-16 15:03:06.306,23069,23072,23072,1,1
2024-10-16 15:03:06.512,23069,23072,23072,2,2
2024-10-16 15:03:06.556,23069,23072,23073,1,1
2024-10-16 15:03:06.781,23071,23074,23074,1,1
2024-10-16 15:03:06.829,23071,23074,23071,3,-3
2024-10-16 15:03:06.982,23071,23074,23074,1,1
2024-10-16 15:03:07.347,23071,23074,23071,1,-1
2024-10-16 15:03:08.881,23071,23073,23071,1,-1
2024-10-16 15:03:09.877,23069,23072,23069,1,-1
2024-10-16 15:03:09.878,23069,23072,23068,4,-4
2024-10-16 15:03:10.046,23067,23070,23067,2,-2
2024-10-16 15:03:10.080,23067,23070,23064,3,-3
2024-10-16 15:03:10.081,23067,23070,23063,6,-6
2024-10-16 15:03:10.199,23062,23064,23062,2,-2
2024-10-16 15:03:12.192,23063,23066,23066,1,1
2024-10-16 15:03:14.229,23063,23066,23063,1,-1
2024-10-16 15:03:17.424,23062,23065,23065,1,1
2024-10-16 15:03:18.654,23062,23065,23065,1,1
2024-10-16 15:03:20.211,23062,23066,23062,1,-1
2024-10-16 15:03:20.677,23062,23065,23065,2,2
2024-10-16 15:03:20.677,23062,23065,23066,3,3
2024-10-16 15:03:22.427,23065,23068,23065,1,-1
2024-10-16 15:03:27.274,23067,23069,23067,1,-1
2024-10-16 15:03:29.590,23066,23069,23069,1,1
2024-10-16 15:03:29.591,23066,23069,23069,4,4
2024-10-16 15:03:31.564,23067,23069,23067,1,-1
2024-10-16 15:03:32.999,23067,23069,23067,1,-1
2024-10-16 15:03:36.701,23067,23069,23069,2,2
2024-10-16 15:03:37.841,23067,23069,23069,2,2
2024-10-16 15:03:38.125,23068,23071,23068,1,-1
2024-10-16 15:03:38.127,23068,23071,23068,1,-1
2024-10-16 15:03:42.557,23069,23071,23071,1,1
2024-10-16 15:03:47.586,23069,23070,23070,1,1
2024-10-16 15:03:50.020,23069,23070,23070,10,10
2024-10-16 15:03:50.846,23069,23071,23069,1,-1
2024-10-16 15:03:57.162,23070,23071,23070,1,-1
2024-10-16 15:03:57.238,23069,23070,23069,1,-1
2024-10-16 15:03:57.263,23069,23070,23070,1,1
2024-10-16 15:03:59.745,23069,23071,23069,1,-1
2024-10-16 15:04:00.129,23069,23071,23069,1,-1
2024-10-16 15:04:00.480,23069,23070,23070,1,1
2024-10-16 15:04:00.553,23069,23070,23071,1,1
2024-10-16 15:04:00.787,23069,23071,23071,1,1
2024-10-16 15:04:00.804,23069,23071,23071,1,1
2024-10-16 15:04:00.814,23069,23071,23071,1,1
2024-10-16 15:04:02.834,23070,23071,23071,2,2
2024-10-16 15:04:03.925,23071,23072,23072,2,2
2024-10-16 15:04:03.926,23071,23072,23072,1,1
2024-10-16 15:04:03.926,23071,23072,23072,1,1
2024-10-16 15:04:05.808,23072,23073,23073,6,6
2024-10-16 15:04:06.236,23073,23074,23074,1,1
2024-10-16 15:04:06.238,23073,23074,23075,6,6
2024-10-16 15:04:06.239,23073,23074,23075,2,2
2024-10-16 15:04:06.239,23073,23074,23075,1,1
2024-10-16 15:04:06.260,23073,23074,23075,3,3
2024-10-16 15:04:06.860,23074,23076,23076,2,2
2024-10-16 15:04:06.860,23074,23076,23077,2,2
2024-10-16 15:04:06.860,23074,23076,23078,4,4
2024-10-16 15:04:06.860,23074,23076,23079,1,1
2024-10-16 15:04:06.947,23074,23076,23076,2,2
2024-10-16 15:04:08.386,23075,23078,23078,4,4
2024-10-16 15:04:08.408,23075,23078,23076,3,-3
2024-10-16 15:04:10.073,23075,23077,23077,1,1
2024-10-16 15:04:10.825,23075,23078,23078,4,4
2024-10-16 15:04:11.175,23077,23079,23077,1,-1
2024-10-16 15:04:11.401,23077,23079,23077,2,-2
2024-10-16 15:04:11.447,23077,23079,23076,1,-1
2024-10-16 15:04:12.621,23077,23079,23077,1,-1
2024-10-16 15:04:14.279,23077,23079,23079,1,1
2024-10-16 15:04:14.784,23078,23080,23080,2,2
2024-10-16 15:04:16.367,23080,23081,23080,1,-1
2024-10-16 15:04:17.119,23078,23081,23078,1,-1
2024-10-16 15:04:23.084,23078,23080,23080,1,1
2024-10-16 15:04:23.890,23079,23081,23081,2,2
2024-10-16 15:04:24.027,23080,23082,23082,1,1
2024-10-16 15:04:24.335,23080,23082,23083,1,1
2024-10-16 15:04:24.335,23080,23082,23082,3,3
2024-10-16 15:04:25.345,23080,23083,23080,1,-1
2024-10-16 15:04:25.873,23081,23083,23083,1,1
2024-10-16 15:04:27.030,23081,23083,23083,1,1
2024-10-16 15:04:27.031,23081,23083,23083,1,1
2024-10-16 15:04:28.874,23081,23083,23083,13,13
2024-10-16 15:04:28.874,23081,23083,23083,1,1
2024-10-16 15:04:28.874,23081,23083,23083,7,7
2024-10-16 15:04:29.027,23083,23084,23084,1,1
2024-10-16 15:04:29.027,23083,23084,23084,1,1
2024-10-16 15:04:29.027,23083,23084,23084,3,3
2024-10-16 15:04:29.028,23083,23084,23084,5,5
2024-10-16 15:04:29.028,23083,23084,23084,6,6
2024-10-16 15:04:29.028,23083,23084,23085,1,1
2024-10-16 15:04:29.028,23083,23084,23085,2,2
2024-10-16 15:04:29.028,23083,23084,23085,2,2
2024-10-16 15:04:29.029,23083,23084,23086,1,1
2024-10-16 15:04:29.029,23083,23084,23085,1,1
2024-10-16 15:04:29.029,23083,23084,23085,11,11
2024-10-16 15:04:29.030,23083,23084,23086,2,2
2024-10-16 15:04:29.030,23083,23084,23086,13,13
2024-10-16 15:04:29.031,23083,23084,23087,5,5
2024-10-16 15:04:29.031,23083,23084,23087,3,3
2024-10-16 15:04:29.031,23083,23084,23087,1,1
2024-10-16 15:04:29.032,23083,23084,23087,1,1
2024-10-16 15:04:29.033,23083,23084,23088,2,2
2024-10-16 15:04:29.034,23083,23084,23088,5,5
2024-10-16 15:04:29.034,23083,23084,23088,2,2
2024-10-16 15:04:29.055,23083,23084,23088,1,1
2024-10-16 15:04:29.118,23087,23089,23089,2,2
2024-10-16 15:04:29.241,23087,23090,23090,1,1
2024-10-16 15:04:29.260,23087,23090,23087,1,-1
2024-10-16 15:04:29.384,23087,23090,23090,1,1
2024-10-16 15:04:29.553,23087,23089,23087,2,-2
2024-10-16 15:04:29.863,23086,23088,23086,1,-1
2024-10-16 15:04:29.863,23086,23088,23085,1,-1
2024-10-16 15:04:29.976,23086,23088,23086,1,-1
2024-10-16 15:04:29.979,23085,23086,23085,1,-1
2024-10-16 15:04:30.011,23085,23086,23084,2,-2
2024-10-16 15:04:30.028,23085,23086,23086,2,2
2024-10-16 15:04:30.030,23085,23086,23087,1,1
2024-10-16 15:04:31.045,23084,23087,23087,1,1
2024-10-16 15:04:31.380,23085,23088,23088,1,1
2024-10-16 15:04:31.787,23085,23088,23085,1,-1
2024-10-16 15:04:32.028,23085,23088,23088,2,2
2024-10-16 15:04:32.029,23085,23088,23089,1,1
2024-10-16 15:04:32.034,23085,23088,23088,5,5
2024-10-16 15:04:32.081,23085,23088,23089,1,1
2024-10-16 15:04:32.083,23085,23088,23089,1,1
2024-10-16 15:04:32.822,23086,23089,23089,1,1
2024-10-16 15:04:32.825,23086,23089,23086,1,-1
2024-10-16 15:04:33.027,23086,23089,23090,1,1
2024-10-16 15:04:33.248,23087,23090,23088,1,-1
2024-10-16 15:04:34.030,23088,23090,23090,1,1
2024-10-16 15:04:35.028,23088,23090,23090,1,1
2024-10-16 15:04:35.157,23088,23091,23089,3,-3
2024-10-16 15:04:36.028,23088,23091,23091,1,1
2024-10-16 15:04:36.030,23088,23091,23091,2,2
2024-10-16 15:04:36.128,23089,23091,23091,1,1
2024-10-16 15:04:36.541,23089,23092,23090,1,-1
2024-10-16 15:04:37.028,23089,23092,23092,2,2
2024-10-16 15:04:37.029,23089,23092,23090,2,-2
2024-10-16 15:04:37.156,23089,23092,23092,1,1
2024-10-16 15:04:37.613,23089,23091,23089,1,-1
2024-10-16 15:04:37.631,23089,23091,23089,1,-1
2024-10-16 15:04:38.031,23089,23091,23091,1,1
2024-10-16 15:04:38.323,23089,23091,23091,1,1
2024-10-16 15:04:39.028,23090,23092,23093,1,1
2024-10-16 15:04:39.029,23090,23092,23093,1,1
2024-10-16 15:04:39.152,23090,23093,23090,1,-1
2024-10-16 15:04:40.029,23090,23093,23093,1,1
2024-10-16 15:04:40.029,23090,23093,23093,1,1
2024-10-16 15:04:41.029,23090,23093,23093,1,1
2024-10-16 15:04:41.528,23090,23093,23090,1,-1
2024-10-16 15:04:42.046,23090,23092,23093,2,2
2024-10-16 15:04:43.026,23091,23093,23093,1,1
2024-10-16 15:04:43.028,23091,23093,23093,1,1
2024-10-16 15:04:43.028,23091,23093,23093,1,1
2024-10-16 15:04:43.315,23092,23094,23092,1,-1
2024-10-16 15:04:43.612,23092,23094,23092,1,-1
2024-10-16 15:04:44.030,23092,23094,23094,1,1
2024-10-16 15:04:45.536,23092,23094,23094,1,1
2024-10-16 15:04:45.700,23092,23094,23093,3,3
2024-10-16 15:04:46.035,23092,23094,23092,1,-1
2024-10-16 15:04:46.955,23091,23092,23091,1,-1
2024-10-16 15:04:46.956,23091,23092,23090,11,-11
2024-10-16 15:04:46.957,23091,23092,23089,1,-1
2024-10-16 15:04:47.027,23089,23091,23091,1,1
2024-10-16 15:04:47.028,23089,23091,23091,1,1
2024-10-16 15:04:49.030,23090,23092,23092,1,1
2024-10-16 15:04:50.032,23091,23092,23092,2,2
2024-10-16 15:04:51.027,23091,23094,23094,1,1
2024-10-16 15:04:51.035,23091,23094,23094,1,1
2024-10-16 15:04:51.202,23091,23094,23094,1,1
2024-10-16 15:04:51.928,23091,23094,23094,1,1
2024-10-16 15:04:52.028,23091,23094,23094,1,1
2024-10-16 15:04:52.748,23091,23094,23094,2,2
2024-10-16 15:04:54.028,23092,23095,23095,1,1
2024-10-16 15:04:54.102,23092,23095,23095,2,2
2024-10-16 15:04:54.129,23092,23095,23095,3,3
2024-10-16 15:04:54.151,23092,23095,23093,3,-3
2024-10-16 15:04:55.522,23092,23093,23093,1,1
2024-10-16 15:04:56.906,23092,23095,23095,4,4
2024-10-16 15:04:56.906,23092,23095,23096,6,6
2024-10-16 15:04:56.927,23092,23095,23093,1,-1
2024-10-16 15:04:57.080,23093,23096,23095,1,1
2024-10-16 15:04:57.619,23092,23095,23093,1,-1
2024-10-16 15:04:57.841,23092,23095,23092,1,-1
2024-10-16 15:04:57.938,23092,23095,23095,1,1
2024-10-16 15:04:58.028,23092,23095,23095,1,1
2024-10-16 15:04:58.615,23092,23094,23094,2,2
2024-10-16 15:04:59.030,23093,23095,23095,1,1
2024-10-16 15:05:00.028,23093,23096,23096,1,1
2024-10-16 15:05:00.028,23093,23096,23096,1,1
2024-10-16 15:05:00.150,23094,23097,23096,1,1
2024-10-16 15:05:00.351,23093,23096,23093,1,-1
2024-10-16 15:05:00.595,23093,23096,23096,1,1
2024-10-16 15:05:00.645,23093,23096,23096,1,1
2024-10-16 15:05:00.926,23094,23097,23096,3,3
2024-10-16 15:05:00.926,23094,23097,23097,4,4
2024-10-16 15:05:01.029,23094,23097,23097,1,1
2024-10-16 15:05:02.103,23094,23097,23095,1,-1
2024-10-16 15:05:03.269,23094,23097,23094,3,-3
2024-10-16 15:05:03.418,23093,23096,23096,1,1
2024-10-16 15:05:04.028,23093,23096,23096,1,1
2024-10-16 15:05:04.073,23093,23096,23093,1,-1
2024-10-16 15:05:04.077,23093,23096,23093,4,-4
2024-10-16 15:05:04.700,23092,23095,23094,1,1
2024-10-16 15:05:04.701,23092,23095,23093,1,-1
2024-10-16 15:05:04.897,23092,23094,23092,4,-4
2024-10-16 15:05:04.898,23092,23094,23091,1,-1
2024-10-16 15:05:05.075,23090,23093,23090,1,-1
2024-10-16 15:05:06.422,23090,23093,23090,5,-5
2024-10-16 15:05:06.593,23089,23092,23092,2,2
2024-10-16 15:05:08.029,23090,23092,23092,1,1
2024-10-16 15:05:10.941,23090,23093,23090,1,-1
2024-10-16 15:05:12.596,23088,23091,23090,1,1
2024-10-16 15:05:13.115,23088,23091,23091,2,2
2024-10-16 15:05:13.115,23088,23091,23092,2,2
2024-10-16 15:05:15.971,23088,23092,23088,7,-7
2024-10-16 15:05:15.973,23088,23092,23087,1,-1
2024-10-16 15:05:16.417,23085,23087,23085,1,-1
2024-10-16 15:05:16.436,23085,23087,23086,1,-1
2024-10-16 15:05:17.179,23085,23087,23085,1,-1
2024-10-16 15:05:17.322,23083,23086,23086,1,1
2024-10-16 15:05:18.040,23083,23086,23083,2,-2
2024-10-16 15:05:19.407,23082,23085,23085,1,1
2024-10-16 15:05:20.815,23082,23084,23084,1,1
2024-10-16 15:05:21.258,23082,23084,23082,1,-1
2024-10-16 15:05:21.552,23082,23084,23084,1,1
2024-10-16 15:05:23.209,23083,23084,23083,1,-1
2024-10-16 15:05:23.339,23083,23084,23084,1,1
2024-10-16 15:05:24.093,23083,23084,23084,3,3
2024-10-16 15:05:24.093,23083,23084,23084,4,4
2024-10-16 15:05:25.698,23086,23089,23088,1,1
2024-10-16 15:05:28.089,23086,23089,23086,1,-1
2024-10-16 15:05:28.172,23085,23088,23085,1,-1
2024-10-16 15:05:28.348,23084,23086,23084,1,-1
2024-10-16 15:05:28.785,23083,23086,23086,3,3
2024-10-16 15:05:29.664,23083,23086,23084,1,-1
2024-10-16 15:05:29.664,23083,23086,23083,1,-1
2024-10-16 15:05:30.960,23083,23086,23086,1,1
2024-10-16 15:05:36.031,23084,23086,23086,1,1
2024-10-16 15:05:36.622,23084,23086,23084,1,-1
2024-10-16 15:05:36.828,23083,23085,23083,2,-2
2024-10-16 15:05:39.000,23082,23084,23084,1,1
2024-10-16 15:05:42.408,23082,23085,23085,1,1
2024-10-16 15:05:44.032,23084,23085,23085,1,1
2024-10-16 15:05:46.930,23084,23086,23085,1,1
2024-10-16 15:05:49.161,23084,23085,23085,1,1
2024-10-16 15:05:49.161,23084,23085,23085,1,1
2024-10-16 15:05:50.295,23083,23086,23083,2,-2
2024-10-16 15:05:50.347,23083,23086,23083,2,-2
2024-10-16 15:05:50.348,23083,23086,23083,1,-1
2024-10-16 15:05:50.348,23083,23086,23083,1,-1
2024-10-16 15:05:50.854,23082,23084,23082,1,-1
2024-10-16 15:05:51.230,23081,23084,23084,5,5
2024-10-16 15:05:51.800,23082,23085,23085,1,1
2024-10-16 15:05:58.471,23082,23085,23082,1,-1
2024-10-16 15:06:01.516,23082,23085,23082,1,-1
2024-10-16 15:06:02.390,23082,23085,23085,1,1
2024-10-16 15:06:02.401,23082,23085,23082,2,-2
2024-10-16 15:06:02.401,23082,23085,23082,1,-1
2024-10-16 15:06:02.401,23082,23085,23082,1,-1
2024-10-16 15:06:04.304,23082,23084,23084,1,1
2024-10-16 15:06:04.304,23082,23084,23085,6,6
2024-10-16 15:06:04.406,23082,23086,23082,1,-1
2024-10-16 15:06:10.850,23083,23085,23083,1,-1
2024-10-16 15:06:11.515,23081,23084,23081,1,-1
2024-10-16 15:06:11.760,23081,23084,23081,3,-3
2024-10-16 15:06:16.606,23082,23083,23083,1,1
2024-10-16 15:06:17.029,23082,23083,23083,1,1
2024-10-16 15:06:19.394,23082,23083,23083,2,2
2024-10-16 15:06:19.411,23082,23083,23084,1,1
2024-10-16 15:06:19.699,23083,23085,23085,1,1
2024-10-16 15:06:23.376,23085,23086,23085,3,-3
2024-10-16 15:06:25.691,23085,23086,23085,4,-4
2024-10-16 15:06:26.280,23085,23086,23085,1,-1
2024-10-16 15:06:28.220,23085,23086,23085,2,-2
2024-10-16 15:06:28.233,23084,23085,23085,1,1
2024-10-16 15:06:33.804,23085,23086,23085,2,-2
2024-10-16 15:06:34.352,23085,23086,23086,2,2
2024-10-16 15:06:34.352,23085,23086,23086,2,2
2024-10-16 15:06:40.546,23086,23087,23087,2,2
2024-10-16 15:06:42.224,23086,23088,23088,2,2
2024-10-16 15:06:42.224,23086,23088,23088,5,5
2024-10-16 15:06:42.226,23086,23088,23089,2,2
2024-10-16 15:06:42.232,23088,23090,23089,1,1
2024-10-16 15:06:43.815,23088,23090,23088,1,-1
2024-10-16 15:06:45.186,23089,23090,23089,1,-1
2024-10-16 15:06:45.581,23087,23090,23090,3,3
2024-10-16 15:06:47.020,23086,23090,23090,2,2
2024-10-16 15:06:47.107,23087,23090,23090,1,1
2024-10-16 15:06:50.235,23085,23089,23089,5,5
2024-10-16 15:06:50.235,23085,23089,23090,1,1
2024-10-16 15:06:50.773,23088,23090,23088,1,-1
2024-10-16 15:06:52.000,23087,23090,23090,2,2
2024-10-16 15:06:52.968,23086,23090,23090,1,1
2024-10-16 15:06:55.725,23086,23089,23089,2,2
2024-10-16 15:06:55.725,23086,23089,23090,1,1
2024-10-16 15:07:00.057,23087,23090,23087,1,-1
2024-10-16 15:07:00.705,23086,23089,23089,1,1
2024-10-16 15:07:00.847,23086,23089,23086,1,-1
2024-10-16 15:07:01.367,23086,23089,23089,1,1
2024-10-16 15:07:02.146,23086,23089,23086,2,-2
2024-10-16 15:07:02.953,23085,23088,23085,7,-7
2024-10-16 15:07:02.954,23085,23088,23084,3,-3
2024-10-16 15:07:03.927,23082,23085,23081,10,-10
2024-10-16 15:07:03.927,23082,23085,23082,1,-1
2024-10-16 15:07:04.134,23080,23082,23082,2,2
2024-10-16 15:07:04.134,23080,23082,23083,1,1
2024-10-16 15:07:08.722,23081,23084,23081,1,-1
2024-10-16 15:07:09.359,23081,23084,23081,3,-3
2024-10-16 15:07:10.776,23081,23084,23081,3,-3
2024-10-16 15:07:14.854,23082,23083,23082,1,-1
2024-10-16 15:07:15.223,23081,23083,23081,1,-1
2024-10-16 15:07:15.356,23081,23083,23081,1,-1
2024-10-16 15:07:16.829,23081,23083,23081,1,-1
2024-10-16 15:07:16.829,23081,23083,23081,3,-3
2024-10-16 15:07:16.830,23081,23083,23080,16,-16
2024-10-16 15:07:16.831,23081,23083,23079,1,-1
2024-10-16 15:07:16.898,23078,23080,23078,1,-1
2024-10-16 15:07:17.380,23077,23079,23077,1,-1
2024-10-16 15:07:17.380,23077,23079,23077,1,-1
2024-10-16 15:07:17.967,23076,23078,23076,1,-1
2024-10-16 15:07:17.967,23076,23078,23076,3,-3
2024-10-16 15:07:18.611,23075,23077,23077,1,1
2024-10-16 15:07:19.001,23075,23077,23075,3,-3
2024-10-16 15:07:20.640,23076,23079,23076,1,-1
2024-10-16 15:07:22.878,23077,23079,23079,1,1
2024-10-16 15:07:22.878,23077,23079,23079,2,2
2024-10-16 15:07:23.130,23079,23082,23079,2,-2
2024-10-16 15:07:27.524,23079,23080,23078,2,-2
2024-10-16 15:07:27.563,23079,23080,23077,2,-2
2024-10-16 15:07:27.563,23079,23080,23077,2,-2
2024-10-16 15:07:27.564,23079,23080,23077,1,-1
2024-10-16 15:07:27.564,23079,23080,23076,1,-1
2024-10-16 15:07:27.564,23079,23080,23076,2,-2
2024-10-16 15:07:27.579,23079,23080,23076,1,-1
2024-10-16 15:07:27.580,23079,23080,23076,1,-1
2024-10-16 15:07:27.604,23076,23077,23077,1,1
2024-10-16 15:07:27.610,23076,23077,23077,1,1
2024-10-16 15:07:29.772,23077,23078,23077,1,-1
2024-10-16 15:07:32.759,23077,23078,23078,1,1
2024-10-16 15:07:32.759,23077,23078,23078,1,1
2024-10-16 15:07:39.507,23077,23078,23078,1,1
2024-10-16 15:07:40.335,23078,23079,23078,1,-1
2024-10-16 15:07:41.569,23078,23079,23079,2,2
2024-10-16 15:07:41.702,23078,23080,23078,3,-3
2024-10-16 15:07:42.240,23078,23080,23080,5,5
2024-10-16 15:07:42.325,23078,23080,23081,1,1
2024-10-16 15:07:42.325,23078,23080,23081,2,2
2024-10-16 15:07:43.427,23081,23082,23082,3,3
2024-10-16 15:07:45.030,23082,23083,23081,5,-5
2024-10-16 15:07:45.030,23082,23083,23080,4,-4
2024-10-16 15:07:45.030,23082,23083,23082,1,-1
2024-10-16 15:07:45.613,23082,23083,23083,1,1
2024-10-16 15:07:45.613,23082,23083,23083,1,1
2024-10-16 15:07:47.466,23083,23084,23083,3,-3
2024-10-16 15:07:47.466,23083,23084,23082,3,-3
2024-10-16 15:07:47.466,23083,23084,23081,4,-4
2024-10-16 15:07:49.555,23081,23084,23081,3,-3
2024-10-16 15:07:49.555,23081,23084,23080,6,-6
2024-10-16 15:07:49.556,23081,23084,23080,1,-1
2024-10-16 15:07:49.556,23081,23084,23080,1,-1
2024-10-16 15:07:51.792,23079,23080,23079,1,-1
2024-10-16 15:07:52.063,23079,23080,23080,1,1
2024-10-16 15:07:52.147,23079,23081,23079,1,-1
2024-10-16 15:07:58.093,23079,23080,23080,1,1
2024-10-16 15:07:58.094,23079,23080,23080,2,2
2024-10-16 15:07:58.094,23079,23080,23080,5,5
2024-10-16 15:07:58.095,23079,23080,23080,1,1
2024-10-16 15:07:58.095,23079,23080,23080,1,1
2024-10-16 15:07:58.396,23080,23082,23082,1,1
2024-10-16 15:07:59.074,23080,23082,23082,1,1
2024-10-16 15:07:59.676,23080,23083,23083,1,1
2024-10-16 15:08:00.296,23080,23083,23084,1,1
2024-10-16 15:08:00.299,23080,23083,23081,4,-4
2024-10-16 15:08:00.299,23080,23083,23080,5,-5
2024-10-16 15:08:00.300,23080,23083,23080,1,-1
2024-10-16 15:08:00.366,23079,23082,23082,1,1
2024-10-16 15:08:02.409,23080,23082,23082,1,1
2024-10-16 15:08:03.625,23080,23081,23080,1,-1
2024-10-16 15:08:03.626,23080,23081,23079,5,-5
2024-10-16 15:08:04.350,23079,23080,23080,1,1
2024-10-16 15:08:05.444,23079,23080,23080,1,1
2024-10-16 15:08:07.407,23079,23080,23080,1,1
2024-10-16 15:08:09.134,23079,23080,23080,1,1
2024-10-16 15:08:09.579,23079,23080,23080,1,1
2024-10-16 15:08:09.794,23079,23080,23080,1,1
2024-10-16 15:08:09.794,23079,23080,23080,2,2
2024-10-16 15:08:09.798,23079,23080,23080,1,1
2024-10-16 15:08:10.265,23079,23082,23082,1,1
2024-10-16 15:08:12.278,23079,23080,23080,2,2
2024-10-16 15:08:15.603,23080,23083,23080,3,-3
2024-10-16 15:08:15.815,23079,23082,23082,2,2
2024-10-16 15:08:18.941,23080,23081,23080,1,-1
2024-10-16 15:08:20.643,23079,23081,23080,1,-1
2024-10-16 15:08:22.642,23080,23081,23080,1,-1
2024-10-16 15:08:24.688,23080,23081,23080,1,-1
2024-10-16 15:08:26.414,23080,23081,23080,1,-1
2024-10-16 15:08:26.912,23080,23081,23081,2,2
2024-10-16 15:08:29.713,23080,23081,23080,3,-3
2024-10-16 15:08:35.829,23079,23080,23079,1,-1
2024-10-16 15:08:36.055,23079,23080,23079,5,-5
2024-10-16 15:08:37.726,23078,23080,23080,5,5
2024-10-16 15:08:37.987,23078,23081,23080,1,1
2024-10-16 15:08:40.822,23079,23080,23080,1,1
2024-10-16 15:08:41.589,23079,23081,23081,2,2
2024-10-16 15:08:43.060,23079,23081,23081,9,9
2024-10-16 15:08:47.786,23082,23083,23083,2,2
2024-10-16 15:08:49.145,23082,23084,23084,2,2
2024-10-16 15:08:49.246,23083,23085,23085,3,3
2024-10-16 15:08:50.517,23084,23086,23086,3,3
2024-10-16 15:08:50.650,23085,23087,23085,1,-1
2024-10-16 15:08:50.904,23085,23087,23087,3,3
2024-10-16 15:08:50.904,23085,23087,23088,2,2
2024-10-16 15:08:51.414,23086,23089,23086,1,-1
2024-10-16 15:08:51.943,23082,23084,23084,1,1
2024-10-16 15:08:51.943,23082,23084,23085,3,3
2024-10-16 15:08:51.943,23082,23084,23086,1,1
2024-10-16 15:08:53.266,23082,23085,23085,2,2
2024-10-16 15:08:59.556,23085,23088,23088,2,2
2024-10-16 15:09:06.110,23087,23088,23088,3,3
2024-10-16 15:09:06.115,23087,23088,23087,1,-1
2024-10-16 15:09:10.526,23086,23087,23087,1,1
2024-10-16 15:09:12.021,23086,23088,23088,1,1
2024-10-16 15:09:12.416,23088,23089,23088,1,-1
2024-10-16 15:09:14.536,23087,23089,23087,1,-1
2024-10-16 15:09:16.348,23087,23088,23088,1,1
2024-10-16 15:09:16.348,23087,23088,23089,3,3
2024-10-16 15:09:16.348,23087,23088,23090,6,6
2024-10-16 15:09:18.846,23090,23091,23091,3,3
2024-10-16 15:09:19.392,23090,23092,23092,5,5
2024-10-16 15:09:19.392,23090,23092,23092,2,2
2024-10-16 15:09:19.840,23091,23092,23091,1,-1
2024-10-16 15:09:20.928,23090,23091,23090,5,-5
2024-10-16 15:09:21.606,23090,23091,23091,1,1
2024-10-16 15:09:22.108,23090,23091,23091,1,1
2024-10-16 15:09:22.440,23091,23092,23091,1,-1
2024-10-16 15:09:22.822,23090,23092,23090,2,-2
2024-10-16 15:09:23.206,23090,23092,23091,2,-2
2024-10-16 15:09:24.056,23091,23092,23091,1,-1
2024-10-16 15:09:24.076,23091,23092,23092,1,1
2024-10-16 15:09:28.483,23091,23092,23091,1,-1
2024-10-16 15:09:31.153,23091,23092,23091,1,-1
2024-10-16 15:09:31.344,23090,23092,23090,15,-15
2024-10-16 15:09:31.345,23090,23092,23089,1,-1
2024-10-16 15:09:32.121,23088,23089,23089,1,1
2024-10-16 15:09:32.571,23088,23090,23089,1,1
2024-10-16 15:09:33.610,23087,23089,23088,1,1
2024-10-16 15:09:34.997,23087,23088,23087,1,-1
2024-10-16 15:09:35.548,23086,23088,23086,1,-1
2024-10-16 15:09:36.654,23086,23088,23086,3,-3
2024-10-16 15:09:36.654,23086,23088,23086,1,-1
2024-10-16 15:09:36.654,23086,23088,23086,2,-2
2024-10-16 15:09:36.655,23086,23088,23085,8,-8
2024-10-16 15:09:37.084,23084,23086,23086,1,1
2024-10-16 15:09:37.098,23084,23086,23084,1,-1
2024-10-16 15:09:38.920,23083,23085,23083,1,-1
2024-10-16 15:09:39.400,23082,23085,23082,1,-1
2024-10-16 15:09:40.163,23081,23085,23085,2,2
2024-10-16 15:09:40.391,23082,23085,23085,1,1
2024-10-16 15:09:47.415,23083,23085,23085,1,1
2024-10-16 15:09:50.212,23085,23087,23085,1,-1
2024-10-16 15:09:53.894,23084,23085,23085,1,1
2024-10-16 15:09:59.285,23082,23084,23084,1,1
2024-10-16 15:10:11.890,23082,23084,23084,2,2
2024-10-16 15:10:17.912,23082,23084,23082,2,-2
2024-10-16 15:10:17.912,23082,23084,23081,8,-8
2024-10-16 15:10:18.009,23081,23082,23081,3,-3
2024-10-16 15:10:18.031,23081,23082,23081,1,-1
2024-10-16 15:10:28.266,23080,23082,23080,1,-1
2024-10-16 15:10:28.266,23080,23082,23080,8,-8
2024-10-16 15:10:28.382,23079,23080,23080,1,1
2024-10-16 15:10:28.552,23079,23081,23079,1,-1
2024-10-16 15:10:28.840,23078,23080,23080,1,1
2024-10-16 15:10:29.380,23078,23080,23078,1,-1
2024-10-16 15:10:31.713,23078,23080,23079,1,-1
2024-10-16 15:10:32.944,23078,23080,23080,1,1
2024-10-16 15:10:37.176,23079,23080,23079,1,-1
2024-10-16 15:10:37.685,23078,23080,23080,2,2
2024-10-16 15:10:41.340,23078,23079,23079,2,2
2024-10-16 15:10:41.341,23078,23079,23079,1,1
2024-10-16 15:10:49.042,23079,23080,23080,4,4
2024-10-16 15:10:49.042,23079,23080,23080,1,1
2024-10-16 15:10:51.013,23079,23082,23082,1,1
2024-10-16 15:10:53.466,23080,23082,23082,2,2
2024-10-16 15:11:02.028,23079,23081,23081,1,1
2024-10-16 15:11:02.412,23079,23082,23082,1,1
2024-10-16 15:11:04.194,23079,23082,23082,1,1
2024-10-16 15:11:06.594,23079,23082,23082,1,1
2024-10-16 15:11:09.179,23079,23082,23079,1,-1
2024-10-16 15:11:12.935,23078,23080,23078,2,-2
2024-10-16 15:11:12.935,23078,23080,23077,9,-9
2024-10-16 15:11:13.986,23076,23077,23077,2,2
2024-10-16 15:11:14.010,23076,23077,23076,1,-1
2024-10-16 15:11:14.748,23076,23079,23076,1,-1
2024-10-16 15:11:20.011,23076,23078,23076,1,-1
2024-10-16 15:11:20.468,23076,23078,23076,1,-1
2024-10-16 15:11:26.333,23076,23078,23076,1,-1
2024-10-16 15:11:27.752,23075,23077,23081,7,7
2024-10-16 15:11:27.752,23075,23077,23080,14,14
2024-10-16 15:11:27.752,23075,23077,23082,10,10
2024-10-16 15:11:27.752,23075,23077,23078,6,6
2024-10-16 15:11:27.752,23075,23077,23077,4,4
2024-10-16 15:11:27.752,23075,23077,23079,9,9
2024-10-16 15:11:28.014,23079,23081,23079,1,-1
2024-10-16 15:11:29.160,23079,23081,23079,2,-2
2024-10-16 15:11:30.955,23079,23082,23079,3,-3
2024-10-16 15:11:34.621,23079,23082,23079,2,-2
2024-10-16 15:11:35.693,23077,23079,23079,1,1
2024-10-16 15:11:45.623,23079,23082,23079,1,-1
2024-10-16 15:11:58.876,23078,23079,23079,2,2
2024-10-16 15:11:58.876,23078,23079,23081,1,1
2024-10-16 15:12:02.261,23080,23081,23081,1,1
2024-10-16 15:12:02.261,23080,23081,23081,1,1
2024-10-16 15:12:02.436,23080,23081,23083,1,1
2024-10-16 15:12:02.436,23080,23081,23082,1,1
2024-10-16 15:12:02.436,23080,23081,23081,1,1
2024-10-16 15:12:02.436,23080,23081,23082,2,2
2024-10-16 15:12:02.451,23080,23081,23083,5,5
2024-10-16 15:12:02.826,23081,23084,23081,1,-1
2024-10-16 15:12:03.041,23082,23084,23082,1,-1
2024-10-16 15:12:08.306,23081,23082,23082,1,1
2024-10-16 15:12:20.134,23079,23082,23081,1,1
2024-10-16 15:12:21.876,23080,23081,23081,2,2
2024-10-16 15:12:29.733,23081,23082,23081,1,-1
2024-10-16 15:12:44.253,23079,23081,23081,1,1
2024-10-16 15:12:45.357,23080,23081,23081,1,1
2024-10-16 15:12:49.720,23080,23082,23082,2,2
2024-10-16 15:12:52.768,23082,23083,23082,1,-1
2024-10-16 15:12:59.165,23082,23083,23083,1,1
2024-10-16 15:13:01.665,23083,23084,23084,4,4
2024-10-16 15:13:01.666,23083,23084,23085,15,15
2024-10-16 15:13:01.894,23085,23086,23086,1,1
2024-10-16 15:13:01.894,23085,23086,23086,1,1
2024-10-16 15:13:01.894,23085,23086,23086,2,2
2024-10-16 15:13:01.903,23085,23086,23087,1,1
2024-10-16 15:13:01.908,23085,23086,23087,1,1
2024-10-16 15:13:02.057,23086,23087,23087,1,1
2024-10-16 15:13:04.137,23087,23088,23087,1,-1
2024-10-16 15:13:05.319,23087,23088,23088,2,2
2024-10-16 15:13:05.320,23087,23088,23088,1,1
2024-10-16 15:13:05.320,23087,23088,23088,1,1
2024-10-16 15:13:05.624,23087,23089,23087,1,-1
2024-10-16 15:13:08.032,23087,23088,23088,1,1
2024-10-16 15:13:09.108,23087,23089,23087,2,-2
2024-10-16 15:13:09.108,23087,23089,23086,5,-5
2024-10-16 15:13:10.239,23086,23087,23087,3,3
2024-10-16 15:13:12.258,23088,23089,23088,1,-1
2024-10-16 15:13:15.297,23088,23089,23089,1,1
2024-10-16 15:13:15.300,23088,23089,23090,4,4
2024-10-16 15:13:15.300,23088,23089,23089,3,3
2024-10-16 15:13:15.300,23088,23089,23090,1,1
2024-10-16 15:13:17.194,23088,23091,23091,1,1
2024-10-16 15:13:18.941,23087,23090,23090,2,2
2024-10-16 15:13:18.941,23087,23090,23091,8,8
2024-10-16 15:13:18.941,23087,23090,23092,3,3
2024-10-16 15:13:21.887,23090,23091,23090,1,-1
2024-10-16 15:13:23.304,23088,23090,23090,1,1
2024-10-16 15:13:23.852,23088,23090,23090,1,1
2024-10-16 15:13:24.278,23088,23091,23088,1,-1
2024-10-16 15:13:27.525,23089,23091,23089,1,-1
2024-10-16 15:13:28.148,23088,23090,23088,2,-2
2024-10-16 15:13:28.170,23088,23090,23089,2,-2
2024-10-16 15:13:37.681,23088,23090,23088,1,-1
2024-10-16 15:13:37.681,23088,23090,23088,5,-5
2024-10-16 15:13:38.857,23086,23089,23089,3,3
2024-10-16 15:13:38.866,23086,23089,23089,1,1
2024-10-16 15:13:40.406,23087,23090,23087,1,-1
2024-10-16 15:13:43.888,23086,23089,23086,1,-1
2024-10-16 15:13:44.444,23086,23088,23086,2,-2
2024-10-16 15:13:46.185,23085,23087,23085,2,-2
2024-10-16 15:13:47.392,23083,23087,23086,1,1
2024-10-16 15:13:49.564,23082,23085,23085,4,4
2024-10-16 15:13:49.564,23082,23085,23086,1,1
2024-10-16 15:13:49.565,23082,23085,23084,1,1
2024-10-16 15:13:55.019,23083,23086,23083,1,-1
2024-10-16 15:13:58.693,23082,23085,23082,1,-1
2024-10-16 15:14:05.942,23081,23082,23081,1,-1
2024-10-16 15:14:08.360,23080,23082,23080,2,-2
2024-10-16 15:14:12.825,23081,23082,23081,1,-1
2024-10-16 15:14:12.825,23081,23082,23080,1,-1
2024-10-16 15:14:14.062,23080,23082,23082,3,3
2024-10-16 15:14:15.178,23080,23082,23078,8,-8
2024-10-16 15:14:15.178,23080,23082,23079,1,-1
2024-10-16 15:14:17.572,23077,23080,23077,1,-1
2024-10-16 15:14:18.380,23077,23079,23077,1,-1
2024-10-16 15:14:18.380,23077,23079,23077,2,-2
2024-10-16 15:14:18.836,23076,23078,23076,1,-1
2024-10-16 15:14:19.077,23076,23078,23076,3,-3
2024-10-16 15:14:19.078,23076,23078,23075,1,-1
2024-10-16 15:14:19.519,23075,23076,23076,2,2
2024-10-16 15:14:19.519,23075,23076,23077,3,3
2024-10-16 15:14:19.900,23075,23078,23075,2,-2
2024-10-16 15:14:23.014,23076,23078,23077,1,-1
2024-10-16 15:14:24.832,23077,23079,23077,1,-1
2024-10-16 15:14:28.862,23075,23078,23075,2,-2
2024-10-16 15:14:28.998,23074,23076,23076,1,1
2024-10-16 15:14:29.273,23074,23076,23074,1,-1
2024-10-16 15:14:29.274,23074,23076,23074,3,-3
2024-10-16 15:14:33.418,23073,23074,23074,1,1
2024-10-16 15:14:35.711,23073,23075,23073,1,-1
2024-10-16 15:14:42.503,23075,23078,23078,4,4
2024-10-16 15:14:42.898,23076,23080,23076,2,-2
2024-10-16 15:14:48.019,23078,23080,23078,1,-1
2024-10-16 15:14:48.019,23078,23080,23077,1,-1
2024-10-16 15:14:48.217,23077,23080,23080,1,1
2024-10-16 15:14:49.727,23077,23080,23077,1,-1
2024-10-16 15:14:52.011,23078,23080,23078,1,-1
2024-10-16 15:15:00.211,23079,23080,23080,6,6
2024-10-16 15:15:00.432,23079,23080,23080,3,3
2024-10-16 15:15:00.494,23080,23082,23082,2,2
2024-10-16 15:15:00.514,23080,23082,23082,1,1
2024-10-16 15:15:00.586,23080,23082,23082,1,1
2024-10-16 15:15:00.586,23080,23082,23082,1,1
2024-10-16 15:15:00.596,23080,23082,23083,1,1
2024-10-16 15:15:00.598,23080,23082,23084,1,1
2024-10-16 15:15:00.691,23083,23086,23086,1,1
2024-10-16 15:15:00.827,23084,23087,23087,1,1
2024-10-16 15:15:00.882,23084,23087,23087,1,1
2024-10-16 15:15:01.806,23084,23087,23087,1,1
2024-10-16 15:15:02.179,23084,23088,23088,1,1
2024-10-16 15:15:02.201,23084,23088,23085,3,-3
2024-10-16 15:15:02.307,23082,23085,23085,1,1
2024-10-16 15:15:03.153,23084,23086,23085,3,3
2024-10-16 15:15:03.373,23085,23086,23086,1,1
2024-10-16 15:15:08.107,23085,23088,23087,1,1
2024-10-16 15:15:08.473,23086,23088,23088,1,1
2024-10-16 15:15:09.625,23087,23089,23089,1,1
2024-10-16 15:15:09.733,23086,23089,23089,1,1
2024-10-16 15:15:09.733,23086,23089,23089,1,1
2024-10-16 15:15:09.733,23086,23089,23089,1,1
2024-10-16 15:15:09.737,23086,23089,23090,1,1
2024-10-16 15:15:12.728,23089,23091,23090,1,1
2024-10-16 15:15:13.110,23089,23091,23091,5,5
2024-10-16 15:15:14.532,23090,23092,23090,1,-1
2024-10-16 15:15:16.891,23089,23091,23091,1,1
2024-10-16 15:15:16.891,23089,23091,23092,3,3
2024-10-16 15:15:17.872,23090,23092,23090,1,-1
2024-10-16 15:15:20.199,23089,23090,23090,1,1
2024-10-16 15:15:21.146,23090,23091,23090,1,-1
2024-10-16 15:15:24.970,23087,23089,23087,1,-1
2024-10-16 15:15:34.218,23081,23083,23083,4,4
2024-10-16 15:15:34.218,23081,23083,23084,6,6
2024-10-16 15:15:34.218,23081,23083,23085,2,2
2024-10-16 15:15:34.880,23084,23086,23084,1,-1
2024-10-16 15:15:39.884,23082,23085,23084,1,1
2024-10-16 15:15:39.982,23082,23084,23084,1,1
2024-10-16 15:15:39.983,23082,23084,23085,1,1
2024-10-16 15:15:39.983,23082,23084,23085,1,1
2024-10-16 15:15:39.984,23082,23084,23086,1,1
2024-10-16 15:15:40.293,23084,23086,23086,2,2
2024-10-16 15:15:40.308,23084,23086,23085,2,2
2024-10-16 15:15:40.358,23084,23087,23087,1,1
2024-10-16 15:15:40.358,23084,23087,23088,1,1
2024-10-16 15:15:43.370,23085,23087,23085,1,-1
2024-10-16 15:15:43.370,23085,23087,23084,2,-2
2024-10-16 15:15:43.545,23084,23087,23087,1,1
2024-10-16 15:15:47.182,23083,23086,23083,1,-1
2024-10-16 15:15:58.648,23082,23084,23082,1,-1
2024-10-16 15:15:58.839,23082,23084,23084,1,1
2024-10-16 15:16:00.400,23082,23084,23083,1,1
2024-10-16 15:16:00.494,23082,23084,23084,1,1
2024-10-16 15:16:02.233,23083,23085,23085,1,1
2024-10-16 15:16:03.156,23083,23084,23084,1,1
2024-10-16 15:16:06.172,23083,23084,23084,2,2
2024-10-16 15:16:09.374,23083,23085,23082,6,-6
2024-10-16 15:16:09.374,23083,23085,23083,4,-4
2024-10-16 15:16:10.916,23081,23084,23082,1,-1
2024-10-16 15:16:13.537,23081,23083,23081,2,-2
2024-10-16 15:16:30.377,23081,23084,23084,1,1
2024-10-16 15:16:45.073,23081,23084,23081,1,-1
2024-10-16 15:16:45.107,23081,23084,23084,1,1
2024-10-16 15:16:45.107,23081,23084,23084,1,1
2024-10-16 15:16:45.108,23081,23084,23084,1,1
2024-10-16 15:16:45.382,23082,23085,23085,1,1
2024-10-16 15:16:48.849,23083,23084,23083,1,-1
2024-10-16 15:16:48.859,23082,23084,23084,1,1
2024-10-16 15:16:51.158,23083,23085,23085,4,4
2024-10-16 15:16:51.160,23083,23085,23086,1,1
2024-10-16 15:16:51.482,23086,23087,23087,1,1
2024-10-16 15:16:52.086,23086,23088,23086,2,-2
2024-10-16 15:16:53.178,23085,23088,23085,1,-1
2024-10-16 15:16:54.905,23085,23088,23088,2,2
2024-10-16 15:16:55.942,23085,23088,23085,1,-1
2024-10-16 15:17:01.358,23084,23086,23084,1,-1
2024-10-16 15:17:07.729,23082,23085,23085,1,1
2024-10-16 15:17:17.343,23082,23085,23082,2,-2
2024-10-16 15:17:18.868,23081,23083,23081,1,-1
2024-10-16 15:17:20.069,23081,23083,23083,1,1
2024-10-16 15:17:21.168,23081,23083,23081,1,-1
2024-10-16 15:17:21.347,23080,23082,23082,1,1
2024-10-16 15:17:26.570,23080,23083,23080,1,-1
2024-10-16 15:17:32.867,23081,23083,23083,2,2
2024-10-16 15:17:32.867,23081,23083,23083,1,1
2024-10-16 15:17:32.898,23081,23083,23084,1,1
2024-10-16 15:17:36.870,23083,23085,23083,1,-1
2024-10-16 15:17:52.368,23084,23085,23085,1,1
2024-10-16 15:17:52.381,23084,23085,23084,1,-1
2024-10-16 15:17:52.468,23084,23085,23081,2,-2
2024-10-16 15:17:52.598,23081,23084,23081,1,-1
2024-10-16 15:17:52.598,23081,23084,23080,1,-1
2024-10-16 15:17:52.668,23080,23082,23080,1,-1
2024-10-16 15:18:01.636,23080,23083,23080,1,-1
2024-10-16 15:18:01.690,23080,23083,23080,1,-1
2024-10-16 15:18:03.692,23080,23083,23080,2,-2
2024-10-16 15:18:04.804,23080,23083,23080,2,-2
2024-10-16 15:18:04.804,23080,23083,23080,1,-1
2024-10-16 15:18:09.407,23079,23082,23079,2,-2
2024-10-16 15:18:10.116,23079,23082,23082,2,2
2024-10-16 15:18:21.029,23080,23082,23082,3,3
2024-10-16 15:18:22.735,23081,23083,23083,1,1
2024-10-16 15:18:22.735,23081,23083,23084,1,1
2024-10-16 15:18:26.996,23083,23084,23083,1,-1
2024-10-16 15:18:28.137,23083,23084,23084,1,1
2024-10-16 15:18:28.141,23083,23084,23084,1,1
2024-10-16 15:18:30.053,23083,23085,23085,4,4
2024-10-16 15:18:30.105,23085,23086,23086,1,1
2024-10-16 15:18:30.268,23085,23086,23086,1,1
2024-10-16 15:18:30.268,23085,23086,23086,1,1
2024-10-16 15:18:37.194,23085,23087,23087,1,1
2024-10-16 15:18:37.194,23085,23087,23087,2,2
2024-10-16 15:18:41.805,23086,23087,23087,1,1
2024-10-16 15:18:42.232,23086,23088,23086,1,-1
2024-10-16 15:18:42.360,23087,23088,23087,2,-2
2024-10-16 15:18:43.175,23087,23088,23087,1,-1
2024-10-16 15:18:43.302,23087,23088,23088,3,3
2024-10-16 15:18:43.441,23087,23089,23089,4,4
2024-10-16 15:18:43.442,23087,23089,23090,1,1
2024-10-16 15:18:43.442,23087,23089,23090,1,1
2024-10-16 15:18:43.443,23087,23089,23090,1,1
2024-10-16 15:18:43.462,23087,23089,23089,6,6
2024-10-16 15:18:44.559,23088,23091,23091,1,1
2024-10-16 15:18:45.062,23088,23091,23088,1,-1
2024-10-16 15:18:46.148,23088,23089,23089,1,1
2024-10-16 15:18:46.457,23088,23091,23088,1,-1
2024-10-16 15:18:47.020,23088,23091,23091,1,1
2024-10-16 15:18:48.140,23088,23091,23089,1,-1
2024-10-16 15:19:04.516,23086,23087,23087,1,1
2024-10-16 15:19:04.680,23086,23089,23089,1,1
2024-10-16 15:19:04.702,23086,23089,23089,4,4
2024-10-16 15:19:06.024,23087,23090,23090,1,1
2024-10-16 15:19:06.302,23087,23090,23088,1,-1
2024-10-16 15:19:07.610,23088,23090,23088,3,-3
2024-10-16 15:19:07.734,23087,23090,23090,1,1
2024-10-16 15:19:07.740,23087,23090,23091,1,1
2024-10-16 15:19:08.685,23088,23090,23088,1,-1
2024-10-16 15:19:11.360,23087,23088,23087,1,-1
2024-10-16 15:19:11.997,23087,23089,23087,1,-1
2024-10-16 15:19:18.914,23086,23089,23087,2,-2
2024-10-16 15:19:24.785,23086,23088,23088,1,1
2024-10-16 15:19:30.567,23087,23088,23088,2,2
2024-10-16 15:19:33.524,23088,23089,23088,2,-2
2024-10-16 15:19:33.606,23087,23088,23088,1,1
2024-10-16 15:19:33.606,23087,23088,23088,1,1
2024-10-16 15:19:33.607,23087,23088,23089,1,1
2024-10-16 15:19:33.607,23087,23088,23089,1,1
2024-10-16 15:19:34.747,23087,23088,23087,1,-1
2024-10-16 15:19:35.628,23087,23088,23088,1,1
2024-10-16 15:19:35.647,23087,23088,23087,1,-1
2024-10-16 15:19:36.564,23086,23088,23088,1,1
2024-10-16 15:19:36.607,23086,23089,23089,1,1
2024-10-16 15:19:36.607,23086,23089,23089,1,1
2024-10-16 15:19:36.607,23086,23089,23089,1,1
2024-10-16 15:19:36.608,23086,23089,23090,1,1
2024-10-16 15:19:37.202,23086,23090,23087,3,-3
2024-10-16 15:19:39.648,23087,23089,23089,1,1
2024-10-16 15:19:46.782,23088,23090,23090,1,1
2024-10-16 15:20:04.422,23088,23090,23088,1,-1
2024-10-16 15:20:04.971,23088,23090,23090,8,8
2024-10-16 15:20:04.972,23088,23090,23091,3,3
2024-10-16 15:20:04.991,23090,23092,23090,1,-1
2024-10-16 15:20:04.991,23090,23092,23090,1,-1
2024-10-16 15:20:04.991,23090,23092,23089,2,-2
2024-10-16 15:20:04.992,23090,23092,23089,1,-1
2024-10-16 15:20:05.550,23089,23092,23092,1,1
2024-10-16 15:20:05.560,23089,23092,23092,1,1
2024-10-16 15:20:05.560,23089,23092,23092,1,1
2024-10-16 15:20:05.571,23089,23092,23091,1,1
2024-10-16 15:20:05.571,23089,23092,23090,2,-2
2024-10-16 15:20:05.572,23089,23092,23090,1,-1
2024-10-16 15:20:05.647,23089,23092,23093,2,2
2024-10-16 15:20:05.647,23089,23092,23092,8,8
2024-10-16 15:20:05.674,23089,23092,23093,2,2
2024-10-16 15:20:05.676,23089,23092,23093,2,2
2024-10-16 15:20:05.677,23089,23092,23093,2,2
2024-10-16 15:20:05.697,23089,23092,23092,1,1
2024-10-16 15:20:05.869,23090,23093,23093,1,1
2024-10-16 15:20:11.998,23089,23092,23092,2,2
2024-10-16 15:20:13.811,23089,23091,23091,1,1
2024-10-16 15:20:17.301,23089,23092,23089,1,-1
2024-10-16 15:20:23.266,23089,23090,23090,1,1
2024-10-16 15:20:24.976,23090,23092,23090,1,-1
2024-10-16 15:20:27.006,23091,23092,23091,1,-1
2024-10-16 15:20:28.199,23091,23092,23092,3,3
2024-10-16 15:20:29.545,23091,23093,23091,1,-1
2024-10-16 15:20:31.421,23092,23093,23093,5,5
2024-10-16 15:20:31.422,23092,23093,23093,2,2
2024-10-16 15:20:31.564,23093,23094,23094,1,1
2024-10-16 15:20:31.564,23093,23094,23094,1,1
2024-10-16 15:20:31.564,23093,23094,23094,6,6
2024-10-16 15:20:31.699,23094,23095,23094,1,-1
2024-10-16 15:20:32.414,23093,23095,23093,1,-1
2024-10-16 15:20:36.316,23092,23094,23094,1,1
2024-10-16 15:20:40.218,23093,23094,23094,4,4
2024-10-16 15:20:40.992,23093,23094,23094,1,1
2024-10-16 15:20:41.191,23093,23095,23094,1,1
2024-10-16 15:20:44.264,23093,23095,23095,3,3
2024-10-16 15:20:44.264,23093,23095,23095,2,2
2024-10-16 15:20:44.264,23093,23095,23095,2,2
2024-10-16 15:20:44.264,23093,23095,23095,2,2
2024-10-16 15:20:44.646,23094,23096,23096,2,2
2024-10-16 15:20:44.767,23095,23096,23096,9,9
2024-10-16 15:20:44.767,23095,23096,23097,1,1
2024-10-16 15:20:44.925,23096,23097,23097,3,3
2024-10-16 15:20:44.925,23096,23097,23097,1,1
2024-10-16 15:20:44.933,23096,23097,23097,3,3
2024-10-16 15:20:44.934,23096,23097,23097,3,3
2024-10-16 15:20:44.934,23096,23097,23097,1,1
2024-10-16 15:20:44.998,23097,23098,23098,1,1
2024-10-16 15:20:45.004,23097,23098,23098,1,1
2024-10-16 15:20:45.006,23097,23098,23098,1,1
2024-10-16 15:20:45.021,23097,23098,23098,1,1
2024-10-16 15:20:45.240,23097,23098,23097,2,-2
2024-10-16 15:20:45.284,23097,23098,23098,1,1
2024-10-16 15:20:45.644,23096,23098,23098,1,1
2024-10-16 15:20:46.171,23097,23098,23098,1,1
2024-10-16 15:20:46.988,23097,23098,23097,1,-1
2024-10-16 15:20:47.613,23097,23098,23097,1,-1
2024-10-16 15:20:47.732,23096,23098,23098,1,1
2024-10-16 15:20:47.735,23096,23098,23098,1,1
2024-10-16 15:20:48.412,23097,23098,23098,1,1
2024-10-16 15:20:49.674,23097,23098,23098,3,3
2024-10-16 15:20:50.426,23097,23098,23097,1,-1
2024-10-16 15:20:51.939,23096,23098,23098,2,2
2024-10-16 15:20:54.785,23097,23098,23098,1,1
2024-10-16 15:20:55.405,23097,23098,23098,1,1
2024-10-16 15:20:55.427,23097,23098,23097,1,-1
2024-10-16 15:20:55.637,23096,23098,23098,1,1
2024-10-16 15:20:55.646,23096,23098,23098,2,2
2024-10-16 15:20:57.284,23096,23097,23097,1,1
2024-10-16 15:20:57.284,23096,23097,23098,2,2
2024-10-16 15:20:59.004,23097,23098,23097,1,-1
2024-10-16 15:20:59.141,23096,23097,23096,3,-3
2024-10-16 15:20:59.599,23095,23096,23096,1,1
2024-10-16 15:20:59.606,23095,23097,23097,3,3
2024-10-16 15:21:00.845,23095,23097,23095,1,-1
2024-10-16 15:21:02.413,23095,23096,23095,1,-1
2024-10-16 15:21:03.317,23095,23096,23096,1,1
2024-10-16 15:21:03.467,23095,23097,23095,1,-1
2024-10-16 15:21:03.576,23094,23096,23094,1,-1
2024-10-16 15:21:03.740,23093,23095,23095,1,1
2024-10-16 15:21:04.093,23093,23095,23095,1,1
2024-10-16 15:21:04.114,23093,23095,23095,1,1
2024-10-16 15:21:05.374,23093,23095,23093,1,-1
2024-10-16 15:21:05.563,23092,23094,23092,3,-3
2024-10-16 15:21:10.628,23091,23094,23092,1,-1
2024-10-16 15:21:11.185,23091,23093,23093,1,1
2024-10-16 15:21:11.185,23091,23093,23094,1,1
2024-10-16 15:21:13.361,23090,23092,23090,2,-2
2024-10-16 15:21:13.363,23090,23092,23089,2,-2
2024-10-16 15:21:13.369,23090,23092,23089,1,-1
2024-10-16 15:21:13.460,23090,23092,23090,1,-1
2024-10-16 15:21:13.648,23088,23090,23088,1,-1
2024-10-16 15:21:14.002,23087,23090,23090,1,1
2024-10-16 15:21:14.131,23088,23090,23090,1,1
2024-10-16 15:21:14.898,23088,23090,23088,1,-1
2024-10-16 15:21:14.958,23088,23090,23088,1,-1
2024-10-16 15:21:16.633,23087,23088,23088,1,1
2024-10-16 15:21:17.327,23087,23089,23087,2,-2
2024-10-16 15:21:17.349,23087,23089,23087,1,-1
2024-10-16 15:21:18.143,23085,23087,23086,1,-1
2024-10-16 15:21:20.621,23085,23087,23085,1,-1
2024-10-16 15:21:20.793,23085,23087,23086,1,-1
2024-10-16 15:21:23.058,23085,23087,23085,3,-3
2024-10-16 15:21:23.058,23085,23087,23084,2,-2
2024-10-16 15:21:23.116,23084,23086,23084,1,-1
2024-10-16 15:21:23.116,23084,23086,23083,1,-1
2024-10-16 15:21:24.105,23083,23084,23083,1,-1
2024-10-16 15:21:24.243,23082,23085,23082,3,-3
2024-10-16 15:21:24.911,23083,23085,23083,1,-1
2024-10-16 15:21:26.766,23085,23086,23085,1,-1
2024-10-16 15:21:26.766,23085,23086,23083,4,-4
2024-10-16 15:21:26.766,23085,23086,23082,5,-5
2024-10-16 15:21:30.361,23083,23084,23084,1,1
2024-10-16 15:21:31.227,23084,23085,23084,3,-3
2024-10-16 15:21:33.802,23084,23085,23084,1,-1
2024-10-16 15:21:33.858,23084,23085,23084,1,-1
2024-10-16 15:21:41.699,23084,23085,23085,1,1
2024-10-16 15:21:45.277,23084,23085,23085,1,1
2024-10-16 15:21:45.821,23084,23085,23085,1,1
2024-10-16 15:21:46.950,23084,23085,23084,3,-3
2024-10-16 15:21:47.422,23082,23085,23082,3,-3
2024-10-16 15:21:47.696,23082,23085,23082,2,-2
2024-10-16 15:21:48.565,23081,23083,23083,1,1
2024-10-16 15:21:49.866,23081,23083,23083,1,1
2024-10-16 15:21:54.599,23081,23083,23083,1,1
2024-10-16 15:21:55.873,23082,23085,23085,1,1
2024-10-16 15:22:00.784,23084,23085,23084,1,-1
2024-10-16 15:22:02.233,23084,23085,23085,2,2
2024-10-16 15:22:04.631,23083,23085,23083,1,-1
2024-10-16 15:22:04.961,23081,23084,23084,1,1
2024-10-16 15:22:05.718,23083,23085,23083,1,-1
2024-10-16 15:22:05.718,23083,23085,23082,2,-2
2024-10-16 15:22:05.718,23083,23085,23081,1,-1
2024-10-16 15:22:08.230,23082,23085,23082,1,-1
2024-10-16 15:22:12.493,23082,23083,23083,1,1
2024-10-16 15:22:13.093,23082,23085,23082,1,-1
2024-10-16 15:22:13.623,23081,23083,23081,2,-2
2024-10-16 15:22:19.432,23082,23083,23081,1,-1
2024-10-16 15:22:19.994,23081,23082,23081,1,-1
2024-10-16 15:22:21.550,23081,23082,23081,1,-1
2024-10-16 15:22:22.044,23080,23082,23080,3,-3
2024-10-16 15:22:22.044,23080,23082,23080,7,-7
2024-10-16 15:22:22.044,23080,23082,23080,1,-1
2024-10-16 15:22:22.683,23079,23081,23079,3,-3
2024-10-16 15:22:22.684,23079,23081,23078,23,-23
2024-10-16 15:22:22.685,23079,23081,23077,1,-1
2024-10-16 15:22:22.686,23079,23081,23077,2,-2
2024-10-16 15:22:23.898,23077,23078,23078,1,1
2024-10-16 15:22:24.236,23077,23079,23077,1,-1
2024-10-16 15:22:28.249,23077,23080,23077,1,-1
2024-10-16 15:22:30.296,23077,23080,23077,1,-1
2024-10-16 15:22:31.534,23077,23078,23077,1,-1
2024-10-16 15:22:31.535,23077,23078,23077,1,-1
2024-10-16 15:22:35.846,23076,23077,23077,1,1
2024-10-16 15:22:39.292,23077,23078,23078,1,1
2024-10-16 15:22:39.430,23077,23080,23077,2,-2
2024-10-16 15:22:42.623,23079,23080,23079,2,-2
2024-10-16 15:22:42.761,23079,23080,23080,2,2
2024-10-16 15:22:42.761,23079,23080,23080,1,1
2024-10-16 15:22:42.762,23079,23080,23080,2,2
2024-10-16 15:22:42.762,23079,23080,23080,1,1
2024-10-16 15:22:42.763,23079,23080,23080,2,2
2024-10-16 15:22:43.575,23080,23081,23081,1,1
2024-10-16 15:22:47.477,23083,23085,23083,1,-1
2024-10-16 15:22:54.231,23077,23079,23079,1,1
2024-10-16 15:22:56.516,23077,23079,23077,2,-2
2024-10-16 15:22:56.518,23077,23079,23077,1,-1
2024-10-16 15:22:57.178,23076,23078,23076,2,-2
2024-10-16 15:22:57.179,23076,23078,23076,2,-2
2024-10-16 15:22:59.983,23076,23078,23076,1,-1
2024-10-16 15:23:01.574,23075,23077,23075,1,-1
2024-10-16 15:23:02.191,23074,23076,23074,2,-2
2024-10-16 15:23:02.227,23074,23076,23073,2,-2
2024-10-16 15:23:02.227,23074,23076,23073,1,-1
2024-10-16 15:23:02.228,23074,23076,23073,1,-1
2024-10-16 15:23:02.327,23072,23074,23072,1,-1
2024-10-16 15:23:03.305,23072,23073,23073,1,1
2024-10-16 15:23:03.801,23072,23074,23072,2,-2
2024-10-16 15:23:04.706,23073,23074,23073,1,-1
2024-10-16 15:23:07.173,23073,23074,23074,2,2
2024-10-16 15:23:09.858,23073,23075,23073,2,-2
2024-10-16 15:23:10.235,23073,23075,23073,1,-1
2024-10-16 15:23:11.475,23072,23073,23072,1,-1
2024-10-16 15:23:16.650,23072,23073,23072,1,-1
2024-10-16 15:23:17.222,23072,23073,23073,1,1
2024-10-16 15:23:18.186,23072,23073,23073,1,1
2024-10-16 15:23:21.798,23072,23075,23072,1,-1
2024-10-16 15:23:21.799,23072,23075,23072,3,-3
2024-10-16 15:23:22.262,23071,23072,23071,2,-2
2024-10-16 15:23:22.263,23071,23072,23071,2,-2
2024-10-16 15:23:22.559,23070,23072,23070,1,-1
2024-10-16 15:23:22.701,23070,23072,23070,14,-14
2024-10-16 15:23:23.163,23068,23070,23070,1,1
2024-10-16 15:23:24.021,23068,23070,23068,1,-1
2024-10-16 15:23:24.130,23068,23069,23068,1,-1
2024-10-16 15:23:24.883,23068,23069,23068,1,-1
2024-10-16 15:23:24.916,23068,23069,23068,1,-1
2024-10-16 15:23:24.916,23068,23069,23068,2,-2
2024-10-16 15:23:24.916,23068,23069,23068,2,-2
2024-10-16 15:23:24.916,23068,23069,23068,1,-1
2024-10-16 15:23:24.916,23068,23069,23068,1,-1
2024-10-16 15:23:24.916,23068,23069,23068,7,-7
2024-10-16 15:23:24.984,23067,23068,23067,2,-2
2024-10-16 15:23:29.095,23067,23068,23067,1,-1
2024-10-16 15:23:29.166,23067,23068,23067,1,-1
2024-10-16 15:23:29.670,23066,23067,23067,1,1
2024-10-16 15:23:30.099,23066,23067,23067,1,1
2024-10-16 15:23:32.822,23066,23067,23067,1,1
2024-10-16 15:23:33.992,23068,23069,23068,1,-1
2024-10-16 15:23:34.337,23067,23069,23069,1,1
2024-10-16 15:23:37.586,23067,23068,23068,1,1
2024-10-16 15:23:38.076,23067,23068,23067,1,-1
2024-10-16 15:23:42.112,23067,23068,23067,1,-1
2024-10-16 15:23:45.221,23067,23070,23067,1,-1
2024-10-16 15:23:47.445,23068,23069,23068,1,-1
2024-10-16 15:23:55.990,23067,23068,23067,1,-1
2024-10-16 15:23:55.990,23067,23068,23067,1,-1
2024-10-16 15:23:55.990,23067,23068,23067,1,-1
2024-10-16 15:23:55.991,23067,23068,23066,7,-7
2024-10-16 15:23:58.287,23065,23067,23065,2,-2
2024-10-16 15:23:59.313,23063,23065,23063,1,-1
2024-10-16 15:23:59.314,23063,23065,23063,1,-1
2024-10-16 15:23:59.314,23063,23065,23063,2,-2
2024-10-16 15:24:01.223,23062,23063,23062,1,-1
2024-10-16 15:24:01.266,23062,23063,23062,1,-1
2024-10-16 15:24:01.549,23062,23063,23062,1,-1
2024-10-16 15:24:01.576,23062,23063,23062,1,-1
2024-10-16 15:24:02.874,23062,23063,23062,1,-1
2024-10-16 15:24:02.944,23062,23063,23062,1,-1
2024-10-16 15:24:05.369,23062,23063,23063,3,3
2024-10-16 15:24:06.061,23062,23064,23063,1,1
2024-10-16 15:24:08.476,23062,23064,23062,2,-2
2024-10-16 15:24:08.476,23062,23064,23061,7,-7
2024-10-16 15:24:08.476,23062,23064,23060,3,-3
2024-10-16 15:24:09.568,23060,23063,23060,11,-11
2024-10-16 15:24:10.361,23060,23062,23060,2,-2
2024-10-16 15:24:10.376,23060,23062,23061,1,-1
2024-10-16 15:24:10.554,23060,23061,23060,1,-1
2024-10-16 15:24:11.059,23059,23061,23060,1,-1
2024-10-16 15:24:11.543,23060,23063,23060,1,-1
2024-10-16 15:24:11.879,23059,23062,23059,6,-6
2024-10-16 15:24:11.991,23058,23060,23058,1,-1
2024-10-16 15:24:11.991,23058,23060,23057,2,-2
2024-10-16 15:24:11.991,23058,23060,23057,1,-1
2024-10-16 15:24:13.154,23058,23060,23059,1,-1
2024-10-16 15:24:14.081,23058,23059,23058,3,-3
2024-10-16 15:24:14.081,23058,23059,23057,1,-1
2024-10-16 15:24:14.757,23058,23059,23058,1,-1
2024-10-16 15:24:15.006,23058,23059,23059,2,2
2024-10-16 15:24:15.008,23058,23059,23058,3,-3
2024-10-16 15:24:15.733,23059,23060,23059,1,-1
2024-10-16 15:24:16.697,23059,23060,23058,3,-3
2024-10-16 15:24:16.697,23059,23060,23058,1,-1
2024-10-16 15:24:16.698,23059,23060,23058,6,-6
2024-10-16 15:24:16.946,23057,23060,23057,1,-1
2024-10-16 15:24:17.734,23057,23060,23057,2,-2
2024-10-16 15:24:19.288,23058,23060,23058,1,-1
2024-10-16 15:24:20.670,23058,23060,23060,1,1
2024-10-16 15:24:20.670,23058,23060,23060,2,2
2024-10-16 15:24:20.671,23058,23060,23060,8,8
2024-10-16 15:24:20.672,23058,23060,23061,1,1
2024-10-16 15:24:20.672,23058,23060,23061,3,3
2024-10-16 15:24:22.132,23061,23062,23061,1,-1
2024-10-16 15:24:22.132,23061,23062,23060,2,-2
2024-10-16 15:24:22.132,23061,23062,23059,1,-1
2024-10-16 15:24:25.181,23060,23062,23060,1,-1
2024-10-16 15:24:25.802,23061,23062,23061,1,-1
2024-10-16 15:24:25.851,23061,23062,23062,2,2
2024-10-16 15:24:27.095,23061,23063,23061,1,-1
2024-10-16 15:24:27.515,23061,23063,23061,1,-1
2024-10-16 15:24:28.357,23061,23063,23063,1,1
2024-10-16 15:24:30.111,23061,23063,23063,1,1
2024-10-16 15:24:31.241,23062,23063,23063,1,1
2024-10-16 15:24:32.087,23062,23064,23064,1,1
2024-10-16 15:24:33.313,23063,23064,23064,2,2
2024-10-16 15:24:34.177,23063,23064,23063,1,-1
2024-10-16 15:24:34.178,23063,23064,23063,1,-1
2024-10-16 15:24:35.552,23062,23064,23064,1,1
2024-10-16 15:24:35.552,23062,23064,23065,5,5
2024-10-16 15:24:35.554,23062,23064,23066,1,1
2024-10-16 15:24:35.554,23062,23064,23066,1,1
2024-10-16 15:24:35.752,23065,23067,23065,1,-1
2024-10-16 15:24:36.141,23066,23067,23067,1,1
2024-10-16 15:24:38.672,23068,23069,23068,2,-2
2024-10-16 15:24:38.674,23068,23069,23068,1,-1
2024-10-16 15:24:39.823,23067,23069,23069,1,1
2024-10-16 15:24:40.503,23067,23068,23068,1,1
2024-10-16 15:24:41.287,23067,23068,23067,1,-1
2024-10-16 15:24:41.381,23067,23068,23067,4,-4
2024-10-16 15:24:41.527,23066,23068,23068,1,1
2024-10-16 15:24:42.980,23066,23069,23069,1,1
2024-10-16 15:24:43.103,23066,23069,23067,1,-1
2024-10-16 15:24:45.351,23066,23067,23066,1,-1
2024-10-16 15:24:46.042,23065,23067,23067,1,1
2024-10-16 15:24:46.758,23066,23069,23069,2,2
2024-10-16 15:24:49.355,23066,23067,23067,1,1
2024-10-16 15:24:52.314,23066,23069,23069,2,2
2024-10-16 15:24:54.842,23068,23070,23068,1,-1
2024-10-16 15:24:54.842,23068,23070,23067,1,-1
2024-10-16 15:24:56.067,23066,23067,23067,1,1
2024-10-16 15:25:02.411,23067,23069,23069,1,1
2024-10-16 15:25:03.952,23068,23070,23070,2,2
2024-10-16 15:25:04.290,23069,23071,23071,2,2
2024-10-16 15:25:05.065,23070,23072,23072,3,3
2024-10-16 15:25:07.857,23071,23073,23073,1,1
2024-10-16 15:25:09.274,23071,23073,23073,1,1
2024-10-16 15:25:11.390,23073,23074,23074,3,3
2024-10-16 15:25:11.390,23073,23074,23074,1,1
2024-10-16 15:25:11.740,23074,23075,23075,1,1
2024-10-16 15:25:11.741,23074,23075,23075,3,3
2024-10-16 15:25:12.291,23074,23076,23074,1,-1
2024-10-16 15:25:13.786,23075,23076,23075,1,-1
2024-10-16 15:25:14.770,23073,23075,23073,1,-1
2024-10-16 15:25:18.216,23070,23071,23071,1,1
2024-10-16 15:25:18.319,23070,23073,23070,2,-2
2024-10-16 15:25:20.356,23069,23072,23072,2,2
2024-10-16 15:25:22.955,23070,23072,23072,1,1
2024-10-16 15:25:24.012,23072,23073,23073,1,1
2024-10-16 15:25:24.629,23072,23075,23072,1,-1
2024-10-16 15:25:24.987,23073,23076,23073,1,-1
2024-10-16 15:25:26.679,23074,23076,23076,3,3
2024-10-16 15:25:30.719,23074,23075,23075,1,1
2024-10-16 15:25:30.732,23074,23077,23074,1,-1
2024-10-16 15:25:30.732,23074,23077,23074,1,-1
2024-10-16 15:25:30.732,23074,23077,23074,1,-1
2024-10-16 15:25:30.732,23074,23077,23074,1,-1
2024-10-16 15:25:37.076,23073,23076,23076,1,1
2024-10-16 15:25:37.459,23076,23077,23077,4,4
2024-10-16 15:25:38.539,23076,23078,23078,4,4
2024-10-16 15:25:38.539,23076,23078,23079,2,2
2024-10-16 15:25:38.607,23077,23080,23077,1,-1
2024-10-16 15:25:38.689,23077,23080,23079,1,1
2024-10-16 15:25:39.337,23077,23080,23080,6,6
2024-10-16 15:25:40.112,23077,23080,23080,1,1
2024-10-16 15:25:40.783,23077,23080,23077,1,-1
2024-10-16 15:25:45.302,23077,23080,23080,1,1
2024-10-16 15:25:46.132,23078,23081,23081,1,1
2024-10-16 15:25:46.132,23078,23081,23081,1,1
2024-10-16 15:25:46.152,23078,23081,23080,1,1
2024-10-16 15:25:50.022,23080,23081,23081,1,1
2024-10-16 15:25:50.138,23080,23081,23081,1,1
2024-10-16 15:25:50.426,23080,23081,23080,1,-1
2024-10-16 15:25:50.964,23078,23080,23080,2,2
2024-10-16 15:25:51.891,23078,23081,23081,1,1
2024-10-16 15:25:53.282,23079,23082,23082,1,1
2024-10-16 15:25:56.323,23079,23082,23082,1,1
2024-10-16 15:25:59.981,23081,23082,23081,1,-1
2024-10-16 15:26:01.419,23080,23082,23081,1,-1
2024-10-16 15:26:01.650,23080,23082,23082,1,1
2024-10-16 15:26:01.650,23080,23082,23082,1,1
2024-10-16 15:26:01.823,23082,23083,23082,1,-1
2024-10-16 15:26:02.217,23081,23083,23083,5,5
2024-10-16 15:26:03.359,23083,23084,23083,1,-1
2024-10-16 15:26:04.972,23082,23084,23084,1,1
2024-10-16 15:26:04.972,23082,23084,23084,2,2
2024-10-16 15:26:06.056,23082,23085,23083,1,-1
2024-10-16 15:26:06.420,23082,23084,23084,1,1
2024-10-16 15:26:06.466,23082,23084,23083,1,1
2024-10-16 15:26:07.271,23083,23085,23085,3,3
2024-10-16 15:26:07.271,23083,23085,23086,1,1
2024-10-16 15:26:09.451,23084,23086,23086,2,2
2024-10-16 15:26:09.451,23084,23086,23086,2,2
2024-10-16 15:26:12.135,23086,23087,23086,1,-1
2024-10-16 15:26:12.135,23086,23087,23085,1,-1
2024-10-16 15:26:12.810,23085,23087,23087,1,1
2024-10-16 15:26:16.132,23085,23086,23086,1,1
2024-10-16 15:26:16.132,23085,23086,23087,1,1
2024-10-16 15:26:17.178,23085,23086,23085,2,-2
2024-10-16 15:26:17.294,23084,23085,23084,1,-1
2024-10-16 15:26:23.474,23083,23084,23084,1,1
2024-10-16 15:26:24.549,23084,23085,23085,1,1
2024-10-16 15:26:33.411,23083,23084,23084,2,2
2024-10-16 15:26:34.298,23084,23085,23085,1,1
2024-10-16 15:26:35.170,23084,23086,23086,1,1
2024-10-16 15:26:35.170,23084,23086,23086,1,1
2024-10-16 15:26:35.992,23086,23087,23086,1,-1
2024-10-16 15:26:38.427,23084,23086,23086,1,1
2024-10-16 15:26:44.196,23085,23086,23086,1,1
2024-10-16 15:26:46.200,23085,23087,23087,2,2
2024-10-16 15:26:46.200,23085,23087,23087,1,1
2024-10-16 15:26:49.302,23085,23088,23088,1,1
2024-10-16 15:26:50.250,23085,23088,23088,2,2
2024-10-16 15:26:55.040,23087,23088,23088,1,1
2024-10-16 15:26:56.116,23087,23088,23088,1,1
2024-10-16 15:26:56.116,23087,23088,23088,1,1
2024-10-16 15:26:56.264,23088,23089,23089,1,1
2024-10-16 15:26:56.265,23088,23089,23089,6,6
2024-10-16 15:26:56.287,23088,23089,23089,1,1
2024-10-16 15:26:56.394,23088,23090,23090,10,10
2024-10-16 15:26:56.395,23088,23090,23090,1,1
2024-10-16 15:26:56.395,23088,23090,23090,1,1
2024-10-16 15:26:56.561,23090,23091,23089,1,-1
2024-10-16 15:26:57.959,23090,23091,23091,1,1
2024-10-16 15:27:00.037,23090,23091,23091,2,2
2024-10-16 15:27:00.586,23091,23092,23091,1,-1
2024-10-16 15:27:00.687,23091,23092,23091,1,-1
2024-10-16 15:27:01.152,23090,23092,23090,1,-1
2024-10-16 15:27:01.391,23088,23090,23088,1,-1
2024-10-16 15:27:01.839,23089,23090,23090,1,1
2024-10-16 15:27:02.350,23089,23090,23089,1,-1
2024-10-16 15:27:05.182,23089,23090,23090,2,2
2024-10-16 15:27:05.848,23089,23090,23089,1,-1
2024-10-16 15:27:05.930,23089,23090,23090,1,1
2024-10-16 15:27:08.368,23088,23090,23087,1,-1
2024-10-16 15:27:08.368,23088,23090,23088,1,-1
2024-10-16 15:27:13.989,23087,23090,23090,1,1
2024-10-16 15:27:14.216,23089,23090,23090,2,2
2024-10-16 15:27:18.195,23089,23090,23090,1,1
2024-10-16 15:27:18.196,23089,23090,23090,2,2
2024-10-16 15:27:21.065,23089,23090,23090,1,1
2024-10-16 15:27:21.851,23089,23090,23090,1,1
2024-10-16 15:27:22.327,23089,23090,23089,1,-1
2024-10-16 15:27:23.166,23088,23090,23088,2,-2
2024-10-16 15:27:23.390,23087,23089,23089,1,1
2024-10-16 15:27:25.313,23087,23088,23087,1,-1
2024-10-16 15:27:28.921,23087,23088,23087,1,-1
2024-10-16 15:27:43.936,23087,23088,23088,1,1
2024-10-16 15:27:48.319,23089,23090,23090,1,1
2024-10-16 15:27:50.707,23090,23091,23091,1,1
2024-10-16 15:27:50.707,23090,23091,23091,1,1
2024-10-16 15:27:50.707,23090,23091,23091,1,1
2024-10-16 15:27:50.774,23091,23092,23092,4,4
2024-10-16 15:27:50.774,23091,23092,23092,1,1
2024-10-16 15:27:57.240,23090,23091,23090,1,-1
2024-10-16 15:28:01.193,23089,23090,23090,2,2
2024-10-16 15:28:02.675,23091,23092,23092,2,2
2024-10-16 15:28:03.010,23091,23092,23092,1,1
2024-10-16 15:28:04.128,23092,23093,23093,1,1
2024-10-16 15:28:04.128,23092,23093,23093,3,3
2024-10-16 15:28:04.272,23093,23094,23094,5,5
2024-10-16 15:28:04.630,23094,23095,23094,5,-5
2024-10-16 15:28:04.745,23093,23095,23093,1,-1
2024-10-16 15:28:06.064,23093,23095,23093,2,-2
2024-10-16 15:28:06.439,23093,23094,23094,1,1
2024-10-16 15:28:08.016,23093,23095,23094,1,1
2024-10-16 15:28:13.662,23093,23094,23096,5,5
2024-10-16 15:28:13.662,23093,23094,23094,1,1
2024-10-16 15:28:13.662,23093,23094,23095,16,16
2024-10-16 15:28:14.481,23094,23096,23096,1,1
2024-10-16 15:28:15.249,23094,23097,23096,1,1
2024-10-16 15:28:16.310,23094,23096,23094,1,-1
2024-10-16 15:28:18.972,23094,23095,23095,1,1
2024-10-16 15:28:22.306,23095,23096,23095,1,-1
2024-10-16 15:28:22.431,23095,23096,23095,1,-1
2024-10-16 15:28:26.219,23095,23096,23095,1,-1
2024-10-16 15:28:26.219,23095,23096,23094,1,-1
2024-10-16 15:28:26.619,23094,23096,23096,2,2
2024-10-16 15:28:31.583,23095,23096,23096,1,1
2024-10-16 15:28:33.822,23095,23096,23095,1,-1
2024-10-16 15:28:35.244,23095,23096,23095,1,-1
2024-10-16 15:28:35.253,23095,23096,23095,2,-2
2024-10-16 15:28:36.106,23094,23095,23095,1,1
2024-10-16 15:28:40.202,23094,23095,23095,6,6
2024-10-16 15:28:40.203,23094,23095,23095,2,2
2024-10-16 15:28:40.410,23095,23096,23096,1,1
2024-10-16 15:28:40.410,23095,23096,23096,3,3
2024-10-16 15:28:40.897,23096,23097,23096,1,-1
2024-10-16 15:28:45.295,23096,23097,23096,1,-1
2024-10-16 15:28:45.556,23096,23097,23097,4,4
2024-10-16 15:28:45.557,23096,23097,23097,7,7
2024-10-16 15:28:45.558,23096,23097,23098,7,7
2024-10-16 15:28:45.558,23096,23097,23098,1,1
2024-10-16 15:28:45.559,23096,23097,23099,2,2
2024-10-16 15:28:45.560,23096,23097,23099,3,3
2024-10-16 15:28:45.560,23096,23097,23099,9,9
2024-10-16 15:28:45.561,23096,23097,23099,3,3
2024-10-16 15:28:45.561,23096,23097,23099,1,1
2024-10-16 15:28:45.561,23096,23097,23099,1,1
2024-10-16 15:28:45.626,23098,23100,23100,1,1
2024-10-16 15:28:45.631,23098,23100,23100,1,1
2024-10-16 15:28:45.771,23099,23100,23100,1,1
2024-10-16 15:28:45.870,23099,23100,23100,1,1
2024-10-16 15:28:45.886,23099,23100,23100,2,2
2024-10-16 15:28:46.029,23099,23100,23100,24,24
2024-10-16 15:28:46.030,23099,23100,23100,1,1
2024-10-16 15:28:47.010,23100,23101,23100,3,-3
2024-10-16 15:28:47.030,23100,23101,23100,1,-1
2024-10-16 15:28:47.167,23099,23101,23101,3,3
2024-10-16 15:28:48.425,23099,23101,23099,1,-1
2024-10-16 15:28:49.642,23099,23101,23100,1,-1
2024-10-16 15:28:49.881,23099,23101,23099,1,-1
2024-10-16 15:28:49.925,23099,23101,23099,2,-2
2024-10-16 15:28:50.392,23099,23101,23100,1,-1
2024-10-16 15:28:50.412,23099,23101,23100,1,-1
2024-10-16 15:28:53.988,23100,23101,23101,1,1
2024-10-16 15:28:54.252,23100,23101,23101,5,5
2024-10-16 15:28:56.571,23101,23102,23101,1,-1
2024-10-16 15:28:58.068,23100,23101,23101,1,1
2024-10-16 15:28:58.068,23100,23101,23102,2,2
2024-10-16 15:28:58.582,23100,23102,23100,1,-1
2024-10-16 15:28:59.092,23100,23102,23100,1,-1
2024-10-16 15:28:59.092,23100,23102,23099,4,-4
2024-10-16 15:29:00.209,23100,23101,23101,2,2
2024-10-16 15:29:00.271,23100,23101,23101,1,1
2024-10-16 15:29:00.734,23100,23102,23102,1,1
2024-10-16 15:29:00.750,23100,23102,23102,2,2
2024-10-16 15:29:00.803,23100,23102,23102,1,1
2024-10-16 15:29:00.807,23100,23102,23102,1,1
2024-10-16 15:29:00.807,23100,23102,23103,1,1
2024-10-16 15:29:00.813,23100,23102,23103,1,1
2024-10-16 15:29:00.846,23100,23102,23103,1,1
2024-10-16 15:29:00.859,23101,23103,23103,1,1
2024-10-16 15:29:01.602,23102,23103,23101,1,-1
2024-10-16 15:29:01.759,23101,23103,23101,1,-1
2024-10-16 15:29:02.381,23102,23103,23103,1,1
2024-10-16 15:29:04.796,23102,23103,23103,1,1
2024-10-16 15:29:06.206,23102,23103,23103,1,1
2024-10-16 15:29:06.383,23102,23103,23103,1,1
2024-10-16 15:29:06.383,23102,23103,23103,1,1
2024-10-16 15:29:06.383,23102,23103,23103,2,2
2024-10-16 15:29:06.930,23102,23103,23102,2,-2
2024-10-16 15:29:09.058,23101,23103,23103,3,3
2024-10-16 15:29:10.234,23103,23104,23103,2,-2
2024-10-16 15:29:12.925,23103,23104,23104,1,1
2024-10-16 15:29:13.621,23103,23104,23103,1,-1
2024-10-16 15:29:15.617,23101,23102,23102,1,1
2024-10-16 15:29:15.908,23101,23102,23101,1,-1
2024-10-16 15:29:16.058,23100,23102,23102,1,1
2024-10-16 15:29:17.452,23100,23101,23101,1,1
2024-10-16 15:29:20.125,23100,23101,23101,1,1
2024-10-16 15:29:20.205,23100,23101,23101,2,2
2024-10-16 15:29:23.374,23100,23101,23100,1,-1
2024-10-16 15:29:24.798,23100,23101,23101,2,2
2024-10-16 15:29:25.548,23101,23102,23101,3,-3
2024-10-16 15:29:27.944,23100,23101,23101,1,1
2024-10-16 15:29:28.055,23100,23101,23101,1,1
2024-10-16 15:29:33.989,23101,23102,23101,1,-1
2024-10-16 15:29:34.727,23100,23101,23100,5,-5
2024-10-16 15:29:35.232,23100,23101,23100,1,-1
2024-10-16 15:29:40.205,23099,23100,23100,2,2
2024-10-16 15:29:40.741,23099,23100,23100,1,1
2024-10-16 15:29:41.316,23099,23101,23099,1,-1
2024-10-16 15:29:41.772,23099,23100,23099,3,-3
2024-10-16 15:29:41.773,23099,23100,23099,1,-1
2024-10-16 15:29:42.053,23098,23099,23098,1,-1
2024-10-16 15:29:42.055,23098,23099,23098,1,-1
2024-10-16 15:29:45.905,23099,23100,23100,1,1
2024-10-16 15:29:45.974,23099,23100,23099,1,-1
2024-10-16 15:29:48.303,23099,23100,23100,1,1
2024-10-16 15:29:48.371,23099,23100,23100,1,1
2024-10-16 15:29:48.573,23099,23100,23100,1,1
2024-10-16 15:29:49.376,23099,23101,23101,1,1
2024-10-16 15:29:49.599,23099,23101,23101,1,1
2024-10-16 15:29:50.568,23099,23101,23101,1,1
2024-10-16 15:29:50.975,23099,23101,23099,1,-1
2024-10-16 15:29:51.713,23099,23101,23101,1,1
2024-10-16 15:29:54.150,23099,23100,23100,1,1
2024-10-16 15:29:57.938,23099,23100,23099,1,-1
2024-10-16 15:29:59.036,23098,23099,23098,1,-1
2024-10-16 15:30:00.546,23097,23098,23097,1,-1
2024-10-16 15:30:00.614,23096,23098,23098,1,1
2024-10-16 15:30:00.614,23096,23098,23098,1,1
2024-10-16 15:30:00.614,23096,23098,23098,1,1
2024-10-16 15:30:00.699,23096,23098,23098,2,2
2024-10-16 15:30:00.699,23096,23098,23099,1,1
2024-10-16 15:30:00.715,23096,23098,23099,1,1
2024-10-16 15:30:00.715,23096,23098,23100,1,1
2024-10-16 15:30:00.751,23097,23100,23099,1,1
2024-10-16 15:30:00.751,23097,23100,23100,4,4
2024-10-16 15:30:00.862,23098,23100,23100,1,1
2024-10-16 15:30:00.862,23098,23100,23101,1,1
2024-10-16 15:30:00.863,23098,23100,23101,2,2
2024-10-16 15:30:00.913,23098,23100,23101,2,2
2024-10-16 15:30:00.928,23098,23100,23102,2,2
2024-10-16 15:30:00.959,23098,23100,23102,1,1
2024-10-16 15:30:00.984,23100,23102,23100,2,-2
2024-10-16 15:30:01.041,23100,23102,23100,1,-1
2024-10-16 15:30:01.091,23100,23102,23099,4,-4
2024-10-16 15:30:01.107,23099,23101,23101,1,1
2024-10-16 15:30:01.107,23099,23101,23101,1,1
2024-10-16 15:30:01.107,23099,23101,23102,1,1
2024-10-16 15:30:01.114,23099,23101,23102,1,1
2024-10-16 15:30:01.114,23099,23101,23102,1,1
2024-10-16 15:30:01.115,23099,23101,23100,1,1
2024-10-16 15:30:01.429,23099,23102,23101,1,1
