2024-09-20 15:00:00.001,22228,22228,22228,84,0
2024-09-20 15:00:00.001,22227,22227,22227,2,-2
2024-09-20 15:00:00.001,22223,22223,22223,2,-2
2024-09-20 15:00:00.001,22228,22228,22228,2,2
2024-09-20 15:00:00.001,22228,22228,22228,2,0
2024-09-20 15:00:00.001,22228,22228,22228,2,0
2024-09-20 15:00:00.001,22228,22228,22228,2,0
2024-09-20 15:00:00.001,22223,22223,22223,2,-2
2024-09-20 15:00:00.001,22223,22223,22223,2,0
2024-09-20 15:00:00.001,22228,22228,22228,2,2
2024-09-20 15:00:00.001,22228,22228,22228,2,0
2024-09-20 15:00:00.001,22228,22228,22228,2,0
2024-09-20 15:00:00.001,22223,22223,22223,2,-2
2024-09-20 15:00:00.001,22223,22223,22223,2,0
2024-09-20 15:00:00.001,22222,22222,22222,2,-2
2024-09-20 15:00:00.001,22222,22222,22222,6,0
2024-09-20 15:00:00.001,22222,22222,22222,4,0
2024-09-20 15:00:00.001,22222,22222,22222,2,0
2024-09-20 15:00:00.001,22222,22222,22222,2,0
2024-09-20 15:00:00.001,22221,22221,22221,2,-2
2024-09-20 15:00:00.001,22221,22221,22221,2,0
2024-09-20 15:00:00.001,22220,22220,22220,2,-2
2024-09-20 15:00:00.001,22220,22220,22220,2,0
2024-09-20 15:00:00.001,22220,22220,22220,4,0
2024-09-20 15:00:00.001,22225,22225,22225,2,2
2024-09-20 15:00:00.001,22226,22226,22226,2,2
2024-09-20 15:00:00.001,22220,22220,22220,4,-4
2024-09-20 15:00:00.001,22220,22220,22220,2,0
2024-09-20 15:00:00.001,22219,22219,22219,2,-2
2024-09-20 15:00:00.001,22219,22219,22219,2,0
2024-09-20 15:00:00.001,22226,22226,22226,2,2
2024-09-20 15:00:00.001,22224,22224,22224,4,-4
2024-09-20 15:00:00.001,22226,22226,22226,2,2
2024-09-20 15:00:00.001,22221,22221,22221,2,-2
2024-09-20 15:00:00.001,22220,22220,22220,2,-2
2024-09-20 15:00:01.001,22223,22223,22223,2,2
2024-09-20 15:00:01.001,22223,22223,22223,2,0
2024-09-20 15:00:01.001,22223,22223,22223,2,0
2024-09-20 15:00:01.001,22225,22225,22225,2,2
2024-09-20 15:00:01.001,22226,22226,22226,2,2
2024-09-20 15:00:01.001,22226,22226,22226,2,0
2024-09-20 15:00:01.001,22227,22227,22227,2,2
2024-09-20 15:00:01.001,22227,22227,22227,2,0
2024-09-20 15:00:01.001,22228,22228,22228,2,2
2024-09-20 15:00:01.001,22228,22228,22228,4,0
2024-09-20 15:00:01.001,22228,22228,22228,2,0
2024-09-20 15:00:01.001,22229,22229,22229,2,2
2024-09-20 15:00:01.001,22229,22229,22229,2,0
2024-09-20 15:00:01.001,22226,22226,22226,2,-2
2024-09-20 15:00:01.001,22226,22226,22226,2,0
2024-09-20 15:00:01.001,22226,22226,22226,2,0
2024-09-20 15:00:01.001,22225,22225,22225,2,-2
2024-09-20 15:00:01.001,22225,22225,22225,2,0
2024-09-20 15:00:01.001,22224,22224,22224,2,-2
2024-09-20 15:00:01.001,22224,22224,22224,2,0
2024-09-20 15:00:01.001,22223,22223,22223,2,-2
2024-09-20 15:00:01.001,22222,22222,22222,2,-2
2024-09-20 15:00:01.001,22222,22222,22222,2,0
2024-09-20 15:00:01.001,22222,22222,22222,2,0
2024-09-20 15:00:01.001,22222,22222,22222,2,0
2024-09-20 15:00:01.001,22221,22221,22221,2,-2
2024-09-20 15:00:01.001,22221,22221,22221,2,0
2024-09-20 15:00:01.001,22221,22221,22221,4,0
2024-09-20 15:00:01.001,22221,22221,22221,2,0
2024-09-20 15:00:02.001,22221,22221,22221,4,0
2024-09-20 15:00:02.001,22222,22222,22222,2,2
2024-09-20 15:00:02.001,22222,22222,22222,2,0
2024-09-20 15:00:03.001,22223,22223,22223,6,6
2024-09-20 15:00:03.001,22222,22222,22222,2,-2
2024-09-20 15:00:03.001,22221,22221,22221,2,-2
2024-09-20 15:00:04.001,22221,22221,22221,2,0
2024-09-20 15:00:04.001,22220,22220,22220,2,-2
2024-09-20 15:00:04.001,22224,22224,22224,2,2
2024-09-20 15:00:04.001,22222,22222,22222,2,-2
2024-09-20 15:00:04.001,22222,22222,22222,2,0
2024-09-20 15:00:05.001,22221,22221,22221,2,-2
2024-09-20 15:00:05.001,22224,22224,22224,2,2
2024-09-20 15:00:05.001,22222,22222,22222,2,-2
2024-09-20 15:00:05.001,22222,22222,22222,2,0
2024-09-20 15:00:06.001,22222,22222,22222,2,0
2024-09-20 15:00:06.001,22221,22221,22221,2,-2
2024-09-20 15:00:08.001,22223,22223,22223,2,2
2024-09-20 15:00:08.001,22224,22224,22224,2,2
2024-09-20 15:00:08.001,22222,22222,22222,2,-2
2024-09-20 15:00:08.001,22222,22222,22222,2,0
2024-09-20 15:00:08.001,22223,22223,22223,4,4
2024-09-20 15:00:08.001,22224,22224,22224,2,2
2024-09-20 15:00:08.001,22223,22223,22223,2,-2
2024-09-20 15:00:08.001,22223,22223,22223,2,0
2024-09-20 15:00:08.001,22223,22223,22223,2,0
2024-09-20 15:00:08.001,22223,22223,22223,2,0
2024-09-20 15:00:08.001,22223,22223,22223,2,0
2024-09-20 15:00:10.001,22222,22222,22222,2,-2
2024-09-20 15:00:10.001,22221,22221,22221,2,-2
2024-09-20 15:00:10.001,22222,22222,22222,2,2
2024-09-20 15:00:10.001,22222,22222,22222,2,0
2024-09-20 15:00:12.001,22224,22224,22224,2,2
2024-09-20 15:00:13.001,22224,22224,22224,2,0
2024-09-20 15:00:13.001,22223,22223,22223,2,-2
2024-09-20 15:00:14.001,22224,22224,22224,2,2
2024-09-20 15:00:15.001,22225,22225,22225,2,2
2024-09-20 15:00:15.001,22223,22223,22223,2,-2
2024-09-20 15:00:15.001,22223,22223,22223,2,0
2024-09-20 15:00:15.001,22222,22222,22222,2,-2
2024-09-20 15:00:17.001,22223,22223,22223,2,2
2024-09-20 15:00:18.001,22222,22222,22222,2,-2
2024-09-20 15:00:18.001,22222,22222,22222,2,0
2024-09-20 15:00:18.001,22221,22221,22221,2,-2
2024-09-20 15:00:19.001,22220,22220,22220,4,-4
2024-09-20 15:00:19.001,22220,22220,22220,2,0
2024-09-20 15:00:19.001,22218,22218,22218,2,-2
2024-09-20 15:00:20.001,22217,22217,22217,2,-2
2024-09-20 15:00:21.001,22217,22217,22217,4,0
2024-09-20 15:00:21.001,22217,22217,22217,2,0
2024-09-20 15:00:21.001,22217,22217,22217,2,0
2024-09-20 15:00:23.001,22216,22216,22216,2,-2
2024-09-20 15:00:23.001,22216,22216,22216,2,0
2024-09-20 15:00:24.001,22216,22216,22216,2,0
2024-09-20 15:00:24.001,22216,22216,22216,2,0
2024-09-20 15:00:24.001,22216,22216,22216,2,0
2024-09-20 15:00:24.001,22216,22216,22216,4,0
2024-09-20 15:00:24.001,22216,22216,22216,22,0
2024-09-20 15:00:24.001,22215,22215,22215,2,-2
2024-09-20 15:00:24.001,22217,22217,22217,4,4
2024-09-20 15:00:25.001,22215,22215,22215,2,-2
2024-09-20 15:00:25.001,22215,22215,22215,2,0
2024-09-20 15:00:25.001,22217,22217,22217,2,2
2024-09-20 15:00:25.001,22218,22218,22218,2,2
2024-09-20 15:00:25.001,22218,22218,22218,4,0
2024-09-20 15:00:25.001,22218,22218,22218,4,0
2024-09-20 15:00:25.001,22218,22218,22218,2,0
2024-09-20 15:00:25.001,22217,22217,22217,2,-2
2024-09-20 15:00:25.001,22217,22217,22217,2,0
2024-09-20 15:00:25.001,22216,22216,22216,2,-2
2024-09-20 15:00:25.001,22216,22216,22216,2,0
2024-09-20 15:00:26.001,22216,22216,22216,2,0
2024-09-20 15:00:26.001,22216,22216,22216,2,0
2024-09-20 15:00:26.001,22215,22215,22215,2,-2
2024-09-20 15:00:27.001,22215,22215,22215,2,0
2024-09-20 15:00:27.001,22215,22215,22215,2,0
2024-09-20 15:00:27.001,22215,22215,22215,2,0
2024-09-20 15:00:29.001,22217,22217,22217,2,2
2024-09-20 15:00:29.001,22218,22218,22218,2,2
2024-09-20 15:00:29.001,22217,22217,22217,2,-2
2024-09-20 15:00:29.001,22217,22217,22217,2,0
2024-09-20 15:00:29.001,22216,22216,22216,2,-2
2024-09-20 15:00:29.001,22216,22216,22216,2,0
2024-09-20 15:00:30.001,22216,22216,22216,2,0
2024-09-20 15:00:30.001,22217,22217,22217,20,20
2024-09-20 15:00:30.001,22217,22217,22217,4,0
2024-09-20 15:00:32.001,22215,22215,22215,2,-2
2024-09-20 15:00:32.001,22216,22216,22216,4,4
2024-09-20 15:00:34.001,22215,22215,22215,2,-2
2024-09-20 15:00:36.001,22215,22215,22215,4,0
2024-09-20 15:00:36.001,22215,22215,22215,2,0
2024-09-20 15:00:36.001,22216,22216,22216,2,2
2024-09-20 15:00:39.001,22215,22215,22215,2,-2
2024-09-20 15:00:39.001,22216,22216,22216,2,2
2024-09-20 15:00:39.001,22214,22214,22214,2,-2
2024-09-20 15:00:39.001,22214,22214,22214,2,0
2024-09-20 15:00:39.001,22215,22215,22215,2,2
2024-09-20 15:00:39.001,22216,22216,22216,2,2
2024-09-20 15:00:41.001,22216,22216,22216,2,0
2024-09-20 15:00:41.001,22214,22214,22214,2,-2
2024-09-20 15:00:42.001,22216,22216,22216,2,2
2024-09-20 15:00:42.001,22217,22217,22217,4,4
2024-09-20 15:00:42.001,22216,22216,22216,2,-2
2024-09-20 15:00:45.001,22214,22214,22214,2,-2
2024-09-20 15:00:45.001,22214,22214,22214,2,0
2024-09-20 15:00:45.001,22213,22213,22213,2,-2
2024-09-20 15:00:46.001,22214,22214,22214,2,2
2024-09-20 15:00:47.001,22214,22214,22214,2,0
2024-09-20 15:00:47.001,22214,22214,22214,2,0
2024-09-20 15:00:47.001,22213,22213,22213,2,-2
2024-09-20 15:00:47.001,22211,22211,22211,2,-2
2024-09-20 15:00:47.001,22211,22211,22211,2,0
2024-09-20 15:00:50.001,22211,22211,22211,2,0
2024-09-20 15:00:50.001,22210,22210,22210,2,-2
2024-09-20 15:00:51.001,22211,22211,22211,2,2
2024-09-20 15:00:53.001,22211,22211,22211,2,0
2024-09-20 15:00:54.001,22211,22211,22211,12,0
2024-09-20 15:00:54.001,22211,22211,22211,2,0
2024-09-20 15:00:54.001,22210,22210,22210,2,-2
2024-09-20 15:00:54.001,22210,22210,22210,2,0
2024-09-20 15:00:54.001,22210,22210,22210,2,0
2024-09-20 15:00:54.001,22210,22210,22210,2,0
2024-09-20 15:00:54.001,22210,22210,22210,2,0
2024-09-20 15:00:54.001,22210,22210,22210,2,0
2024-09-20 15:00:54.001,22210,22210,22210,4,0
2024-09-20 15:00:54.001,22210,22210,22210,2,0
2024-09-20 15:00:54.001,22210,22210,22210,2,0
2024-09-20 15:00:56.001,22210,22210,22210,4,0
2024-09-20 15:00:58.001,22209,22209,22209,2,-2
2024-09-20 15:00:58.001,22209,22209,22209,4,0
2024-09-20 15:01:00.001,22208,22208,22208,2,-2
2024-09-20 15:01:00.001,22208,22208,22208,2,0
2024-09-20 15:01:00.001,22210,22210,22210,2,2
2024-09-20 15:01:00.001,22211,22211,22211,2,2
2024-09-20 15:01:00.001,22208,22208,22208,2,-2
2024-09-20 15:01:00.001,22209,22209,22209,4,4
2024-09-20 15:01:00.001,22209,22209,22209,4,0
2024-09-20 15:01:00.001,22209,22209,22209,2,0
2024-09-20 15:01:00.001,22209,22209,22209,2,0
2024-09-20 15:01:00.001,22208,22208,22208,2,-2
2024-09-20 15:01:00.001,22207,22207,22207,2,-2
2024-09-20 15:01:00.001,22207,22207,22207,2,0
2024-09-20 15:01:00.001,22207,22207,22207,2,0
2024-09-20 15:01:00.001,22207,22207,22207,2,0
2024-09-20 15:01:00.001,22206,22206,22206,4,-4
2024-09-20 15:01:00.001,22208,22208,22208,4,4
2024-09-20 15:01:00.001,22206,22206,22206,2,-2
2024-09-20 15:01:00.001,22206,22206,22206,2,0
2024-09-20 15:01:00.001,22206,22206,22206,2,0
2024-09-20 15:01:00.001,22206,22206,22206,2,0
2024-09-20 15:01:01.001,22206,22206,22206,2,0
2024-09-20 15:01:01.001,22206,22206,22206,2,0
2024-09-20 15:01:01.001,22206,22206,22206,2,0
2024-09-20 15:01:01.001,22206,22206,22206,2,0
2024-09-20 15:01:01.001,22207,22207,22207,2,2
2024-09-20 15:01:01.001,22206,22206,22206,2,-2
2024-09-20 15:01:01.001,22206,22206,22206,2,0
2024-09-20 15:01:01.001,22206,22206,22206,2,0
2024-09-20 15:01:01.001,22205,22205,22205,2,-2
2024-09-20 15:01:01.001,22205,22205,22205,2,0
2024-09-20 15:01:01.001,22205,22205,22205,2,0
2024-09-20 15:01:02.001,22204,22204,22204,2,-2
2024-09-20 15:01:02.001,22204,22204,22204,2,0
2024-09-20 15:01:02.001,22203,22203,22203,2,-2
2024-09-20 15:01:02.001,22203,22203,22203,2,0
2024-09-20 15:01:02.001,22203,22203,22203,2,0
2024-09-20 15:01:02.001,22202,22202,22202,2,-2
2024-09-20 15:01:02.001,22202,22202,22202,2,0
2024-09-20 15:01:02.001,22202,22202,22202,2,0
2024-09-20 15:01:02.001,22202,22202,22202,20,0
2024-09-20 15:01:02.001,22202,22202,22202,2,0
2024-09-20 15:01:02.001,22201,22201,22201,4,-4
2024-09-20 15:01:02.001,22201,22201,22201,2,0
2024-09-20 15:01:02.001,22199,22199,22199,2,-2
2024-09-20 15:01:02.001,22199,22199,22199,2,0
2024-09-20 15:01:02.001,22200,22200,22200,2,2
2024-09-20 15:01:02.001,22200,22200,22200,8,0
2024-09-20 15:01:02.001,22201,22201,22201,2,2
2024-09-20 15:01:02.001,22200,22200,22200,2,-2
2024-09-20 15:01:02.001,22200,22200,22200,2,0
2024-09-20 15:01:02.001,22200,22200,22200,2,0
2024-09-20 15:01:02.001,22199,22199,22199,2,-2
2024-09-20 15:01:02.001,22199,22199,22199,2,0
2024-09-20 15:01:04.001,22202,22202,22202,2,2
2024-09-20 15:01:04.001,22202,22202,22202,2,0
2024-09-20 15:01:04.001,22202,22202,22202,2,0
2024-09-20 15:01:06.001,22203,22203,22203,2,2
2024-09-20 15:01:06.001,22203,22203,22203,2,0
2024-09-20 15:01:06.001,22205,22205,22205,4,4
2024-09-20 15:01:07.001,22205,22205,22205,2,0
2024-09-20 15:01:07.001,22204,22204,22204,2,-2
2024-09-20 15:01:07.001,22204,22204,22204,2,0
2024-09-20 15:01:07.001,22204,22204,22204,2,0
2024-09-20 15:01:07.001,22203,22203,22203,2,-2
2024-09-20 15:01:07.001,22203,22203,22203,2,0
2024-09-20 15:01:07.001,22203,22203,22203,2,0
2024-09-20 15:01:07.001,22202,22202,22202,2,-2
2024-09-20 15:01:07.001,22202,22202,22202,2,0
2024-09-20 15:01:07.001,22202,22202,22202,2,0
2024-09-20 15:01:07.001,22202,22202,22202,2,0
2024-09-20 15:01:07.001,22202,22202,22202,2,0
2024-09-20 15:01:08.001,22202,22202,22202,2,0
2024-09-20 15:01:08.001,22202,22202,22202,2,0
2024-09-20 15:01:09.001,22204,22204,22204,2,2
2024-09-20 15:01:10.001,22202,22202,22202,2,-2
2024-09-20 15:01:11.001,22204,22204,22204,6,6
2024-09-20 15:01:11.001,22205,22205,22205,2,2
2024-09-20 15:01:12.001,22206,22206,22206,6,6
2024-09-20 15:01:13.001,22206,22206,22206,8,0
2024-09-20 15:01:16.001,22205,22205,22205,6,-6
2024-09-20 15:01:16.001,22206,22206,22206,2,2
2024-09-20 15:01:17.001,22205,22205,22205,2,-2
2024-09-20 15:01:17.001,22205,22205,22205,2,0
2024-09-20 15:01:17.001,22205,22205,22205,2,0
2024-09-20 15:01:18.001,22207,22207,22207,2,2
2024-09-20 15:01:18.001,22206,22206,22206,2,-2
2024-09-20 15:01:18.001,22207,22207,22207,2,2
2024-09-20 15:01:19.001,22208,22208,22208,2,2
2024-09-20 15:01:19.001,22209,22209,22209,2,2
2024-09-20 15:01:19.001,22210,22210,22210,6,6
2024-09-20 15:01:20.001,22210,22210,22210,2,0
2024-09-20 15:01:22.001,22210,22210,22210,2,0
2024-09-20 15:01:24.001,22208,22208,22208,4,-4
2024-09-20 15:01:24.001,22208,22208,22208,8,0
2024-09-20 15:01:24.001,22208,22208,22208,2,0
2024-09-20 15:01:24.001,22207,22207,22207,2,-2
2024-09-20 15:01:24.001,22206,22206,22206,2,-2
2024-09-20 15:01:24.001,22206,22206,22206,4,0
2024-09-20 15:01:25.001,22206,22206,22206,2,0
2024-09-20 15:01:26.001,22206,22206,22206,2,0
2024-09-20 15:01:28.001,22205,22205,22205,12,-12
2024-09-20 15:01:31.001,22208,22208,22208,2,2
2024-09-20 15:01:33.001,22208,22208,22208,2,0
2024-09-20 15:01:33.001,22209,22209,22209,2,2
2024-09-20 15:01:34.001,22210,22210,22210,2,2
2024-09-20 15:01:34.001,22211,22211,22211,6,6
2024-09-20 15:01:34.001,22212,22212,22212,12,12
2024-09-20 15:01:44.001,22209,22209,22209,2,-2
2024-09-20 15:01:46.001,22210,22210,22210,2,2
2024-09-20 15:01:47.001,22212,22212,22212,4,4
2024-09-20 15:01:53.001,22211,22211,22211,2,-2
2024-09-20 15:01:53.001,22211,22211,22211,8,0
2024-09-20 15:01:58.001,22211,22211,22211,2,0
2024-09-20 15:01:59.001,22211,22211,22211,8,0
2024-09-20 15:01:59.001,22212,22212,22212,2,2
2024-09-20 15:01:59.001,22212,22212,22212,2,0
2024-09-20 15:01:59.001,22212,22212,22212,4,0
2024-09-20 15:01:59.001,22212,22212,22212,2,0
2024-09-20 15:02:06.001,22212,22212,22212,2,0
2024-09-20 15:02:06.001,22211,22211,22211,2,-2
2024-09-20 15:02:07.001,22212,22212,22212,2,2
2024-09-20 15:02:09.001,22211,22211,22211,2,-2
2024-09-20 15:02:10.001,22213,22213,22213,4,4
2024-09-20 15:02:10.001,22214,22214,22214,4,4
2024-09-20 15:02:12.001,22214,22214,22214,10,0
2024-09-20 15:02:12.001,22214,22214,22214,4,0
2024-09-20 15:02:14.001,22213,22213,22213,2,-2
2024-09-20 15:02:20.001,22215,22215,22215,2,2
2024-09-20 15:02:23.001,22215,22215,22215,2,0
2024-09-20 15:02:25.001,22215,22215,22215,6,0
2024-09-20 15:02:25.001,22214,22214,22214,2,-2
2024-09-20 15:02:29.001,22216,22216,22216,4,4
2024-09-20 15:02:29.001,22216,22216,22216,6,0
2024-09-20 15:02:29.001,22216,22216,22216,4,0
2024-09-20 15:02:29.001,22216,22216,22216,2,0
2024-09-20 15:02:29.001,22217,22217,22217,2,2
2024-09-20 15:02:29.001,22217,22217,22217,14,0
2024-09-20 15:02:31.001,22216,22216,22216,2,-2
2024-09-20 15:02:31.001,22216,22216,22216,2,0
2024-09-20 15:02:32.001,22215,22215,22215,2,-2
2024-09-20 15:02:32.001,22215,22215,22215,2,0
2024-09-20 15:02:34.001,22215,22215,22215,2,0
2024-09-20 15:02:38.001,22215,22215,22215,2,0
2024-09-20 15:02:38.001,22216,22216,22216,6,6
2024-09-20 15:02:38.001,22216,22216,22216,4,0
2024-09-20 15:02:39.001,22216,22216,22216,2,0
2024-09-20 15:02:40.001,22217,22217,22217,4,4
2024-09-20 15:02:43.001,22217,22217,22217,16,0
2024-09-20 15:02:43.001,22218,22218,22218,4,4
2024-09-20 15:02:43.001,22218,22218,22218,4,0
2024-09-20 15:02:43.001,22218,22218,22218,10,0
2024-09-20 15:02:43.001,22219,22219,22219,2,2
2024-09-20 15:02:43.001,22220,22220,22220,6,6
2024-09-20 15:02:43.001,22219,22219,22219,2,-2
2024-09-20 15:02:43.001,22219,22219,22219,2,0
2024-09-20 15:02:43.001,22221,22221,22221,2,2
2024-09-20 15:02:43.001,22220,22220,22220,2,-2
2024-09-20 15:02:43.001,22219,22219,22219,2,-2
2024-09-20 15:02:44.001,22221,22221,22221,2,2
2024-09-20 15:02:46.001,22222,22222,22222,2,2
2024-09-20 15:02:47.001,22223,22223,22223,8,8
2024-09-20 15:02:48.001,22223,22223,22223,2,0
2024-09-20 15:02:49.001,22223,22223,22223,2,0
2024-09-20 15:02:50.001,22223,22223,22223,2,0
2024-09-20 15:02:50.001,22223,22223,22223,2,0
2024-09-20 15:02:55.001,22223,22223,22223,2,0
2024-09-20 15:02:55.001,22223,22223,22223,2,0
2024-09-20 15:02:55.001,22222,22222,22222,2,-2
2024-09-20 15:02:55.001,22221,22221,22221,2,-2
2024-09-20 15:02:58.001,22221,22221,22221,4,0
2024-09-20 15:03:00.001,22221,22221,22221,2,0
2024-09-20 15:03:01.001,22222,22222,22222,2,2
2024-09-20 15:03:02.001,22220,22220,22220,2,-2
2024-09-20 15:03:02.001,22220,22220,22220,2,0
2024-09-20 15:03:02.001,22220,22220,22220,2,0
2024-09-20 15:03:04.001,22221,22221,22221,2,2
2024-09-20 15:03:04.001,22220,22220,22220,2,-2
2024-09-20 15:03:04.001,22219,22219,22219,2,-2
2024-09-20 15:03:04.001,22217,22217,22217,2,-2
2024-09-20 15:03:04.001,22216,22216,22216,2,-2
2024-09-20 15:03:04.001,22216,22216,22216,2,0
2024-09-20 15:03:04.001,22215,22215,22215,2,-2
2024-09-20 15:03:04.001,22214,22214,22214,2,-2
2024-09-20 15:03:04.001,22213,22213,22213,2,-2
2024-09-20 15:03:04.001,22212,22212,22212,2,-2
2024-09-20 15:03:04.001,22212,22212,22212,2,0
2024-09-20 15:03:04.001,22212,22212,22212,4,0
2024-09-20 15:03:04.001,22212,22212,22212,4,0
2024-09-20 15:03:04.001,22211,22211,22211,2,-2
2024-09-20 15:03:04.001,22211,22211,22211,2,0
2024-09-20 15:03:04.001,22211,22211,22211,2,0
2024-09-20 15:03:05.001,22211,22211,22211,2,0
2024-09-20 15:03:05.001,22211,22211,22211,2,0
2024-09-20 15:03:05.001,22210,22210,22210,2,-2
2024-09-20 15:03:05.001,22210,22210,22210,2,0
2024-09-20 15:03:05.001,22210,22210,22210,2,0
2024-09-20 15:03:05.001,22209,22209,22209,2,-2
2024-09-20 15:03:05.001,22209,22209,22209,2,0
2024-09-20 15:03:05.001,22208,22208,22208,2,-2
2024-09-20 15:03:08.001,22209,22209,22209,2,2
2024-09-20 15:03:10.001,22207,22207,22207,2,-2
2024-09-20 15:03:10.001,22207,22207,22207,2,0
2024-09-20 15:03:10.001,22207,22207,22207,2,0
2024-09-20 15:03:10.001,22207,22207,22207,2,0
2024-09-20 15:03:10.001,22207,22207,22207,2,0
2024-09-20 15:03:10.001,22207,22207,22207,2,0
2024-09-20 15:03:10.001,22206,22206,22206,2,-2
2024-09-20 15:03:11.001,22206,22206,22206,2,0
2024-09-20 15:03:12.001,22206,22206,22206,2,0
2024-09-20 15:03:13.001,22205,22205,22205,2,-2
2024-09-20 15:03:13.001,22204,22204,22204,2,-2
2024-09-20 15:03:13.001,22204,22204,22204,2,0
2024-09-20 15:03:14.001,22206,22206,22206,2,2
2024-09-20 15:03:14.001,22206,22206,22206,2,0
2024-09-20 15:03:18.001,22206,22206,22206,2,0
2024-09-20 15:03:21.001,22206,22206,22206,2,0
2024-09-20 15:03:22.001,22207,22207,22207,4,4
2024-09-20 15:03:23.001,22206,22206,22206,4,-4
2024-09-20 15:03:25.001,22206,22206,22206,4,0
2024-09-20 15:03:25.001,22206,22206,22206,2,0
2024-09-20 15:03:26.001,22205,22205,22205,6,-6
2024-09-20 15:03:26.001,22205,22205,22205,2,0
2024-09-20 15:03:26.001,22205,22205,22205,2,0
2024-09-20 15:03:26.001,22205,22205,22205,8,0
2024-09-20 15:03:26.001,22205,22205,22205,2,0
2024-09-20 15:03:26.001,22204,22204,22204,2,-2
2024-09-20 15:03:26.001,22204,22204,22204,2,0
2024-09-20 15:03:27.001,22205,22205,22205,8,8
2024-09-20 15:03:27.001,22206,22206,22206,10,10
2024-09-20 15:03:34.001,22207,22207,22207,2,2
2024-09-20 15:03:38.001,22212,22212,22212,2,2
2024-09-20 15:03:38.001,22212,22212,22212,2,0
2024-09-20 15:03:40.001,22212,22212,22212,2,0
2024-09-20 15:03:45.001,22211,22211,22211,2,-2
2024-09-20 15:03:45.001,22211,22211,22211,2,0
2024-09-20 15:03:48.001,22214,22214,22214,2,2
2024-09-20 15:03:49.001,22216,22216,22216,2,2
2024-09-20 15:03:50.001,22218,22218,22218,2,2
2024-09-20 15:03:52.001,22220,22220,22220,2,2
2024-09-20 15:03:55.001,22221,22221,22221,2,2
2024-09-20 15:03:58.001,22221,22221,22221,2,0
2024-09-20 15:04:00.001,22220,22220,22220,2,-2
2024-09-20 15:04:03.001,22220,22220,22220,2,0
2024-09-20 15:04:06.001,22222,22222,22222,2,2
2024-09-20 15:04:06.001,22221,22221,22221,2,-2
2024-09-20 15:04:06.001,22221,22221,22221,2,0
2024-09-20 15:04:07.001,22221,22221,22221,2,0
2024-09-20 15:04:07.001,22223,22223,22223,2,2
2024-09-20 15:04:08.001,22221,22221,22221,2,-2
2024-09-20 15:04:09.001,22223,22223,22223,4,4
2024-09-20 15:04:11.001,22223,22223,22223,2,0
2024-09-20 15:04:14.001,22221,22221,22221,2,-2
2024-09-20 15:04:15.001,22221,22221,22221,4,0
2024-09-20 15:04:15.001,22222,22222,22222,8,8
2024-09-20 15:04:15.001,22222,22222,22222,4,0
2024-09-20 15:04:15.001,22222,22222,22222,2,0
2024-09-20 15:04:16.001,22222,22222,22222,2,0
2024-09-20 15:04:16.001,22222,22222,22222,4,0
2024-09-20 15:04:16.001,22223,22223,22223,10,10
2024-09-20 15:04:16.001,22224,22224,22224,16,16
2024-09-20 15:04:16.001,22223,22223,22223,2,-2
2024-09-20 15:04:17.001,22224,22224,22224,4,4
2024-09-20 15:04:17.001,22224,22224,22224,2,0
2024-09-20 15:04:17.001,22224,22224,22224,2,0
2024-09-20 15:04:19.001,22223,22223,22223,2,-2
2024-09-20 15:04:19.001,22225,22225,22225,2,2
2024-09-20 15:04:19.001,22225,22225,22225,2,0
2024-09-20 15:04:21.001,22222,22222,22222,2,-2
2024-09-20 15:04:21.001,22221,22221,22221,4,-4
2024-09-20 15:04:22.001,22221,22221,22221,4,0
2024-09-20 15:04:22.001,22222,22222,22222,6,6
2024-09-20 15:04:23.001,22222,22222,22222,6,0
2024-09-20 15:04:23.001,22222,22222,22222,34,0
2024-09-20 15:04:23.001,22221,22221,22221,2,-2
2024-09-20 15:04:24.001,22222,22222,22222,6,6
2024-09-20 15:04:33.001,22222,22222,22222,2,0
2024-09-20 15:04:33.001,22223,22223,22223,2,2
2024-09-20 15:04:43.001,22222,22222,22222,2,-2
2024-09-20 15:04:43.001,22222,22222,22222,6,0
2024-09-20 15:04:45.001,22222,22222,22222,2,0
2024-09-20 15:04:45.001,22222,22222,22222,2,0
2024-09-20 15:04:45.001,22222,22222,22222,2,0
2024-09-20 15:04:45.001,22222,22222,22222,2,0
2024-09-20 15:04:49.001,22223,22223,22223,2,2
2024-09-20 15:04:56.001,22223,22223,22223,2,0
2024-09-20 15:04:57.001,22224,22224,22224,10,10
2024-09-20 15:04:58.001,22223,22223,22223,2,-2
2024-09-20 15:04:59.001,22224,22224,22224,2,2
2024-09-20 15:04:59.001,22224,22224,22224,2,0
2024-09-20 15:04:59.001,22224,22224,22224,4,0
2024-09-20 15:04:59.001,22224,22224,22224,6,0
2024-09-20 15:05:01.001,22222,22222,22222,2,-2
2024-09-20 15:05:02.001,22225,22225,22225,2,2
2024-09-20 15:05:03.001,22225,22225,22225,2,0
2024-09-20 15:05:03.001,22225,22225,22225,2,0
2024-09-20 15:05:03.001,22225,22225,22225,2,0
2024-09-20 15:05:03.001,22225,22225,22225,4,0
2024-09-20 15:05:03.001,22226,22226,22226,2,2
2024-09-20 15:05:04.001,22226,22226,22226,2,0
2024-09-20 15:05:04.001,22226,22226,22226,2,0
2024-09-20 15:05:04.001,22225,22225,22225,2,-2
2024-09-20 15:05:05.001,22225,22225,22225,2,0
2024-09-20 15:05:08.001,22225,22225,22225,2,0
2024-09-20 15:05:08.001,22225,22225,22225,2,0
2024-09-20 15:05:08.001,22225,22225,22225,2,0
2024-09-20 15:05:11.001,22225,22225,22225,8,0
2024-09-20 15:05:11.001,22226,22226,22226,10,10
2024-09-20 15:05:12.001,22225,22225,22225,4,-4
2024-09-20 15:05:13.001,22226,22226,22226,2,2
2024-09-20 15:05:14.001,22227,22227,22227,26,26
2024-09-20 15:05:14.001,22228,22228,22228,6,6
2024-09-20 15:05:14.001,22228,22228,22228,16,0
2024-09-20 15:05:14.001,22228,22228,22228,2,0
2024-09-20 15:05:17.001,22228,22228,22228,2,0
2024-09-20 15:05:17.001,22228,22228,22228,4,0
2024-09-20 15:05:18.001,22227,22227,22227,2,-2
2024-09-20 15:05:20.001,22228,22228,22228,2,2
2024-09-20 15:05:21.001,22227,22227,22227,2,-2
2024-09-20 15:05:25.001,22229,22229,22229,2,2
2024-09-20 15:05:25.001,22229,22229,22229,8,0
2024-09-20 15:05:25.001,22230,22230,22230,2,2
2024-09-20 15:05:25.001,22230,22230,22230,10,0
2024-09-20 15:05:25.001,22230,22230,22230,12,0
2024-09-20 15:05:25.001,22231,22231,22231,2,2
2024-09-20 15:05:25.001,22231,22231,22231,2,0
2024-09-20 15:05:25.001,22231,22231,22231,2,0
2024-09-20 15:05:25.001,22231,22231,22231,2,0
2024-09-20 15:05:26.001,22230,22230,22230,2,-2
2024-09-20 15:05:26.001,22231,22231,22231,2,2
2024-09-20 15:05:26.001,22230,22230,22230,2,-2
2024-09-20 15:05:26.001,22230,22230,22230,2,0
2024-09-20 15:05:26.001,22229,22229,22229,2,-2
2024-09-20 15:05:26.001,22229,22229,22229,2,0
2024-09-20 15:05:26.001,22229,22229,22229,2,0
2024-09-20 15:05:27.001,22230,22230,22230,2,2
2024-09-20 15:05:28.001,22229,22229,22229,2,-2
2024-09-20 15:05:31.001,22230,22230,22230,2,2
2024-09-20 15:05:35.001,22229,22229,22229,2,-2
2024-09-20 15:05:35.001,22229,22229,22229,2,0
2024-09-20 15:05:35.001,22228,22228,22228,2,-2
2024-09-20 15:05:36.001,22230,22230,22230,2,2
2024-09-20 15:05:37.001,22229,22229,22229,6,-6
2024-09-20 15:05:37.001,22229,22229,22229,2,0
2024-09-20 15:05:37.001,22229,22229,22229,2,0
2024-09-20 15:05:41.001,22229,22229,22229,2,0
2024-09-20 15:05:43.001,22228,22228,22228,2,-2
2024-09-20 15:05:45.001,22227,22227,22227,2,-2
2024-09-20 15:05:49.001,22227,22227,22227,2,0
2024-09-20 15:05:49.001,22226,22226,22226,2,-2
2024-09-20 15:05:49.001,22226,22226,22226,2,0
2024-09-20 15:05:49.001,22225,22225,22225,2,-2
2024-09-20 15:05:49.001,22225,22225,22225,2,0
2024-09-20 15:05:49.001,22225,22225,22225,2,0
2024-09-20 15:05:50.001,22228,22228,22228,2,2
2024-09-20 15:06:03.001,22227,22227,22227,2,-2
2024-09-20 15:06:03.001,22227,22227,22227,2,0
2024-09-20 15:06:03.001,22229,22229,22229,2,2
2024-09-20 15:06:03.001,22229,22229,22229,2,0
2024-09-20 15:06:03.001,22229,22229,22229,2,0
2024-09-20 15:06:06.001,22229,22229,22229,8,0
2024-09-20 15:06:06.001,22230,22230,22230,2,2
2024-09-20 15:06:06.001,22230,22230,22230,2,0
2024-09-20 15:06:06.001,22231,22231,22231,2,2
2024-09-20 15:06:06.001,22231,22231,22231,8,0
2024-09-20 15:06:06.001,22231,22231,22231,4,0
2024-09-20 15:06:06.001,22231,22231,22231,2,0
2024-09-20 15:06:06.001,22232,22232,22232,4,4
2024-09-20 15:06:06.001,22232,22232,22232,6,0
2024-09-20 15:06:06.001,22232,22232,22232,4,0
2024-09-20 15:06:06.001,22232,22232,22232,12,0
2024-09-20 15:06:06.001,22232,22232,22232,2,0
2024-09-20 15:06:11.001,22232,22232,22232,2,0
2024-09-20 15:06:11.001,22232,22232,22232,2,0
2024-09-20 15:06:11.001,22232,22232,22232,2,0
2024-09-20 15:06:11.001,22232,22232,22232,2,0
2024-09-20 15:06:11.001,22232,22232,22232,2,0
2024-09-20 15:06:12.001,22232,22232,22232,6,0
2024-09-20 15:06:12.001,22233,22233,22233,12,12
2024-09-20 15:06:12.001,22234,22234,22234,6,6
2024-09-20 15:06:14.001,22232,22232,22232,2,-2
2024-09-20 15:06:15.001,22232,22232,22232,2,0
2024-09-20 15:06:17.001,22231,22231,22231,2,-2
2024-09-20 15:06:17.001,22232,22232,22232,2,2
2024-09-20 15:06:18.001,22230,22230,22230,2,-2
2024-09-20 15:06:18.001,22231,22231,22231,2,2
2024-09-20 15:06:18.001,22231,22231,22231,2,0
2024-09-20 15:06:18.001,22231,22231,22231,2,0
2024-09-20 15:06:18.001,22231,22231,22231,2,0
2024-09-20 15:06:18.001,22232,22232,22232,2,2
2024-09-20 15:06:18.001,22232,22232,22232,2,0
2024-09-20 15:06:18.001,22232,22232,22232,2,0
2024-09-20 15:06:18.001,22233,22233,22233,2,2
2024-09-20 15:06:18.001,22233,22233,22233,2,0
2024-09-20 15:06:18.001,22233,22233,22233,2,0
2024-09-20 15:06:18.001,22233,22233,22233,2,0
2024-09-20 15:06:18.001,22233,22233,22233,2,0
2024-09-20 15:06:18.001,22232,22232,22232,2,-2
2024-09-20 15:06:18.001,22232,22232,22232,2,0
2024-09-20 15:06:18.001,22233,22233,22233,2,2
2024-09-20 15:06:18.001,22232,22232,22232,2,-2
2024-09-20 15:06:19.001,22232,22232,22232,4,0
2024-09-20 15:06:21.001,22232,22232,22232,6,0
2024-09-20 15:06:28.001,22231,22231,22231,2,-2
2024-09-20 15:06:31.001,22232,22232,22232,6,6
2024-09-20 15:06:31.001,22233,22233,22233,2,2
2024-09-20 15:06:34.001,22233,22233,22233,2,0
2024-09-20 15:06:34.001,22233,22233,22233,2,0
2024-09-20 15:06:36.001,22232,22232,22232,2,-2
2024-09-20 15:06:36.001,22232,22232,22232,2,0
2024-09-20 15:06:52.001,22232,22232,22232,6,0
2024-09-20 15:06:52.001,22233,22233,22233,2,2
2024-09-20 15:06:52.001,22233,22233,22233,2,0
2024-09-20 15:06:52.001,22234,22234,22234,2,2
2024-09-20 15:06:55.001,22233,22233,22233,2,-2
2024-09-20 15:06:56.001,22232,22232,22232,4,-4
2024-09-20 15:06:57.001,22232,22232,22232,2,0
2024-09-20 15:06:57.001,22233,22233,22233,2,2
2024-09-20 15:06:59.001,22232,22232,22232,2,-2
2024-09-20 15:07:02.001,22232,22232,22232,4,0
2024-09-20 15:07:02.001,22231,22231,22231,2,-2
2024-09-20 15:07:02.001,22231,22231,22231,4,0
2024-09-20 15:07:02.001,22231,22231,22231,2,0
2024-09-20 15:07:02.001,22231,22231,22231,2,0
2024-09-20 15:07:03.001,22230,22230,22230,2,-2
2024-09-20 15:07:03.001,22230,22230,22230,10,0
2024-09-20 15:07:03.001,22230,22230,22230,4,0
2024-09-20 15:07:03.001,22230,22230,22230,2,0
2024-09-20 15:07:03.001,22230,22230,22230,2,0
2024-09-20 15:07:03.001,22230,22230,22230,2,0
2024-09-20 15:07:06.001,22228,22228,22228,2,-2
2024-09-20 15:07:10.001,22229,22229,22229,4,4
2024-09-20 15:07:10.001,22230,22230,22230,4,4
2024-09-20 15:07:11.001,22229,22229,22229,2,-2
2024-09-20 15:07:16.001,22228,22228,22228,2,-2
2024-09-20 15:07:16.001,22228,22228,22228,2,0
2024-09-20 15:07:17.001,22229,22229,22229,2,2
2024-09-20 15:07:17.001,22229,22229,22229,4,0
2024-09-20 15:07:20.001,22229,22229,22229,2,0
2024-09-20 15:07:20.001,22229,22229,22229,2,0
2024-09-20 15:07:22.001,22228,22228,22228,2,-2
2024-09-20 15:07:25.001,22226,22226,22226,2,-2
2024-09-20 15:07:25.001,22226,22226,22226,2,0
2024-09-20 15:07:26.001,22225,22225,22225,2,-2
2024-09-20 15:07:26.001,22225,22225,22225,10,0
2024-09-20 15:07:26.001,22225,22225,22225,2,0
2024-09-20 15:07:26.001,22224,22224,22224,2,-2
2024-09-20 15:07:26.001,22224,22224,22224,2,0
2024-09-20 15:07:26.001,22224,22224,22224,2,0
2024-09-20 15:07:26.001,22224,22224,22224,10,0
2024-09-20 15:07:26.001,22224,22224,22224,2,0
2024-09-20 15:07:26.001,22224,22224,22224,2,0
2024-09-20 15:07:26.001,22226,22226,22226,2,2
2024-09-20 15:07:27.001,22224,22224,22224,2,-2
2024-09-20 15:07:27.001,22224,22224,22224,2,0
2024-09-20 15:07:29.001,22226,22226,22226,2,2
2024-09-20 15:07:56.001,22226,22226,22226,2,0
2024-09-20 15:07:56.001,22226,22226,22226,8,0
2024-09-20 15:07:56.001,22226,22226,22226,4,0
2024-09-20 15:07:56.001,22226,22226,22226,2,0
2024-09-20 15:07:56.001,22226,22226,22226,2,0
2024-09-20 15:07:57.001,22226,22226,22226,2,0
2024-09-20 15:07:57.001,22226,22226,22226,2,0
2024-09-20 15:08:00.001,22225,22225,22225,2,-2
2024-09-20 15:08:00.001,22225,22225,22225,4,0
2024-09-20 15:08:05.001,22224,22224,22224,2,-2
2024-09-20 15:08:05.001,22223,22223,22223,2,-2
2024-09-20 15:08:05.001,22223,22223,22223,6,0
2024-09-20 15:08:08.001,22223,22223,22223,10,0
2024-09-20 15:08:09.001,22223,22223,22223,4,0
2024-09-20 15:08:09.001,22222,22222,22222,20,-20
2024-09-20 15:08:11.001,22223,22223,22223,2,2
2024-09-20 15:08:11.001,22222,22222,22222,4,-4
2024-09-20 15:08:11.001,22222,22222,22222,2,0
2024-09-20 15:08:11.001,22222,22222,22222,2,0
2024-09-20 15:08:11.001,22224,22224,22224,2,2
2024-09-20 15:08:18.001,22222,22222,22222,2,-2
2024-09-20 15:08:22.001,22222,22222,22222,2,0
2024-09-20 15:08:22.001,22222,22222,22222,2,0
2024-09-20 15:08:26.001,22222,22222,22222,2,0
2024-09-20 15:08:26.001,22222,22222,22222,2,0
2024-09-20 15:08:26.001,22221,22221,22221,6,-6
2024-09-20 15:08:29.001,22222,22222,22222,2,2
2024-09-20 15:08:32.001,22222,22222,22222,2,0
2024-09-20 15:08:36.001,22222,22222,22222,2,0
2024-09-20 15:08:37.001,22223,22223,22223,2,2
2024-09-20 15:08:38.001,22223,22223,22223,2,0
2024-09-20 15:08:38.001,22223,22223,22223,2,0
2024-09-20 15:08:38.001,22223,22223,22223,2,0
2024-09-20 15:08:40.001,22224,22224,22224,2,2
2024-09-20 15:08:40.001,22225,22225,22225,2,2
2024-09-20 15:08:43.001,22226,22226,22226,4,4
2024-09-20 15:08:46.001,22228,22228,22228,2,2
2024-09-20 15:08:52.001,22226,22226,22226,8,-8
2024-09-20 15:08:52.001,22227,22227,22227,8,8
2024-09-20 15:08:52.001,22227,22227,22227,4,0
2024-09-20 15:09:06.001,22223,22223,22223,2,-2
2024-09-20 15:09:08.001,22222,22222,22222,2,-2
2024-09-20 15:09:10.001,22221,22221,22221,4,-4
2024-09-20 15:09:11.001,22221,22221,22221,10,0
2024-09-20 15:09:11.001,22221,22221,22221,4,0
2024-09-20 15:09:11.001,22220,22220,22220,4,-4
2024-09-20 15:09:11.001,22220,22220,22220,2,0
2024-09-20 15:09:11.001,22220,22220,22220,6,0
2024-09-20 15:09:11.001,22220,22220,22220,4,0
2024-09-20 15:09:11.001,22220,22220,22220,2,0
2024-09-20 15:09:11.001,22220,22220,22220,2,0
2024-09-20 15:09:11.001,22220,22220,22220,4,0
2024-09-20 15:09:11.001,22220,22220,22220,2,0
2024-09-20 15:09:11.001,22220,22220,22220,2,0
2024-09-20 15:09:11.001,22220,22220,22220,2,0
2024-09-20 15:09:11.001,22220,22220,22220,2,0
2024-09-20 15:09:11.001,22220,22220,22220,2,0
2024-09-20 15:09:12.001,22221,22221,22221,4,4
2024-09-20 15:09:14.001,22219,22219,22219,2,-2
2024-09-20 15:09:14.001,22219,22219,22219,2,0
2024-09-20 15:09:16.001,22219,22219,22219,2,0
2024-09-20 15:09:20.001,22219,22219,22219,2,0
2024-09-20 15:09:20.001,22219,22219,22219,2,0
2024-09-20 15:09:20.001,22219,22219,22219,4,0
2024-09-20 15:09:20.001,22219,22219,22219,2,0
2024-09-20 15:09:20.001,22219,22219,22219,4,0
2024-09-20 15:09:20.001,22219,22219,22219,2,0
2024-09-20 15:09:21.001,22219,22219,22219,4,0
2024-09-20 15:09:21.001,22219,22219,22219,2,0
2024-09-20 15:09:23.001,22219,22219,22219,2,0
2024-09-20 15:09:23.001,22219,22219,22219,4,0
2024-09-20 15:09:32.001,22221,22221,22221,2,2
2024-09-20 15:09:36.001,22221,22221,22221,2,0
2024-09-20 15:09:38.001,22221,22221,22221,2,0
2024-09-20 15:09:38.001,22220,22220,22220,4,-4
2024-09-20 15:09:44.001,22222,22222,22222,2,2
2024-09-20 15:09:52.001,22221,22221,22221,2,-2
2024-09-20 15:09:52.001,22221,22221,22221,2,0
2024-09-20 15:09:52.001,22220,22220,22220,2,-2
2024-09-20 15:09:53.001,22220,22220,22220,2,0
2024-09-20 15:09:53.001,22219,22219,22219,2,-2
2024-09-20 15:09:53.001,22219,22219,22219,6,0
2024-09-20 15:09:53.001,22219,22219,22219,2,0
2024-09-20 15:09:53.001,22219,22219,22219,4,0
2024-09-20 15:09:53.001,22219,22219,22219,2,0
2024-09-20 15:09:53.001,22219,22219,22219,2,0
2024-09-20 15:09:53.001,22219,22219,22219,2,0
2024-09-20 15:09:54.001,22219,22219,22219,2,0
2024-09-20 15:09:57.001,22219,22219,22219,2,0
2024-09-20 15:10:02.001,22218,22218,22218,2,-2
2024-09-20 15:10:02.001,22218,22218,22218,2,0
2024-09-20 15:10:02.001,22218,22218,22218,6,0
2024-09-20 15:10:02.001,22218,22218,22218,2,0
2024-09-20 15:10:02.001,22218,22218,22218,8,0
2024-09-20 15:10:02.001,22218,22218,22218,2,0
2024-09-20 15:10:02.001,22218,22218,22218,2,0
2024-09-20 15:10:02.001,22218,22218,22218,2,0
2024-09-20 15:10:02.001,22217,22217,22217,2,-2
2024-09-20 15:10:02.001,22217,22217,22217,20,0
2024-09-20 15:10:02.001,22217,22217,22217,2,0
2024-09-20 15:10:02.001,22216,22216,22216,4,-4
2024-09-20 15:10:02.001,22216,22216,22216,2,0
2024-09-20 15:10:02.001,22216,22216,22216,8,0
2024-09-20 15:10:02.001,22216,22216,22216,2,0
2024-09-20 15:10:02.001,22216,22216,22216,4,0
2024-09-20 15:10:02.001,22216,22216,22216,2,0
2024-09-20 15:10:07.001,22215,22215,22215,2,-2
2024-09-20 15:10:07.001,22216,22216,22216,2,2
2024-09-20 15:10:07.001,22216,22216,22216,2,0
2024-09-20 15:10:09.001,22217,22217,22217,2,2
2024-09-20 15:10:09.001,22217,22217,22217,2,0
2024-09-20 15:10:09.001,22217,22217,22217,2,0
2024-09-20 15:10:10.001,22219,22219,22219,6,6
2024-09-20 15:10:10.001,22219,22219,22219,2,0
2024-09-20 15:10:11.001,22218,22218,22218,2,-2
2024-09-20 15:10:20.001,22217,22217,22217,2,-2
2024-09-20 15:10:22.001,22218,22218,22218,2,2
2024-09-20 15:10:22.001,22218,22218,22218,2,0
2024-09-20 15:10:22.001,22217,22217,22217,2,-2
2024-09-20 15:10:22.001,22216,22216,22216,2,-2
2024-09-20 15:10:22.001,22216,22216,22216,2,0
2024-09-20 15:10:26.001,22219,22219,22219,4,4
2024-09-20 15:10:28.001,22218,22218,22218,2,-2
2024-09-20 15:10:28.001,22217,22217,22217,2,-2
2024-09-20 15:10:29.001,22217,22217,22217,2,0
2024-09-20 15:10:29.001,22216,22216,22216,2,-2
2024-09-20 15:10:29.001,22216,22216,22216,2,0
2024-09-20 15:10:29.001,22216,22216,22216,2,0
2024-09-20 15:10:29.001,22215,22215,22215,2,-2
2024-09-20 15:10:32.001,22215,22215,22215,2,0
2024-09-20 15:10:37.001,22215,22215,22215,2,0
2024-09-20 15:10:43.001,22217,22217,22217,2,2
2024-09-20 15:10:43.001,22217,22217,22217,2,0
2024-09-20 15:10:50.001,22217,22217,22217,2,0
2024-09-20 15:10:54.001,22215,22215,22215,2,-2
2024-09-20 15:11:01.001,22215,22215,22215,2,0
2024-09-20 15:11:01.001,22215,22215,22215,2,0
2024-09-20 15:11:01.001,22215,22215,22215,4,0
2024-09-20 15:11:01.001,22215,22215,22215,4,0
2024-09-20 15:11:01.001,22214,22214,22214,2,-2
2024-09-20 15:11:01.001,22214,22214,22214,2,0
2024-09-20 15:11:01.001,22214,22214,22214,2,0
2024-09-20 15:11:05.001,22213,22213,22213,2,-2
2024-09-20 15:11:08.001,22214,22214,22214,2,2
2024-09-20 15:11:08.001,22213,22213,22213,4,-4
2024-09-20 15:11:12.001,22214,22214,22214,10,10
2024-09-20 15:11:16.001,22215,22215,22215,2,2
2024-09-20 15:11:17.001,22215,22215,22215,2,0
2024-09-20 15:11:17.001,22215,22215,22215,2,0
2024-09-20 15:11:17.001,22214,22214,22214,2,-2
2024-09-20 15:11:17.001,22214,22214,22214,2,0
2024-09-20 15:11:17.001,22214,22214,22214,2,0
2024-09-20 15:11:25.001,22215,22215,22215,2,2
2024-09-20 15:11:25.001,22215,22215,22215,4,0
2024-09-20 15:11:26.001,22215,22215,22215,2,0
2024-09-20 15:11:31.001,22217,22217,22217,4,4
2024-09-20 15:11:31.001,22217,22217,22217,26,0
2024-09-20 15:11:31.001,22218,22218,22218,2,2
2024-09-20 15:11:32.001,22216,22216,22216,2,-2
2024-09-20 15:11:34.001,22217,22217,22217,2,2
2024-09-20 15:11:34.001,22218,22218,22218,4,4
2024-09-20 15:11:51.001,22218,22218,22218,2,0
2024-09-20 15:12:04.001,22216,22216,22216,2,-2
2024-09-20 15:12:04.001,22214,22214,22214,2,-2
2024-09-20 15:12:04.001,22214,22214,22214,2,0
2024-09-20 15:12:04.001,22214,22214,22214,2,0
2024-09-20 15:12:13.001,22217,22217,22217,2,2
2024-09-20 15:12:14.001,22219,22219,22219,6,6
2024-09-20 15:12:18.001,22219,22219,22219,2,0
2024-09-20 15:12:18.001,22220,22220,22220,2,2
2024-09-20 15:12:18.001,22220,22220,22220,2,0
2024-09-20 15:12:18.001,22220,22220,22220,2,0
2024-09-20 15:12:21.001,22220,22220,22220,2,0
2024-09-20 15:12:24.001,22220,22220,22220,2,0
2024-09-20 15:12:27.001,22221,22221,22221,12,12
2024-09-20 15:12:27.001,22222,22222,22222,2,2
2024-09-20 15:12:27.001,22222,22222,22222,8,0
2024-09-20 15:12:27.001,22222,22222,22222,2,0
2024-09-20 15:12:35.001,22222,22222,22222,2,0
2024-09-20 15:12:35.001,22223,22223,22223,2,2
2024-09-20 15:12:37.001,22224,22224,22224,2,2
2024-09-20 15:12:37.001,22224,22224,22224,2,0
2024-09-20 15:12:38.001,22225,22225,22225,2,2
2024-09-20 15:12:39.001,22226,22226,22226,2,2
2024-09-20 15:12:39.001,22227,22227,22227,4,4
2024-09-20 15:12:39.001,22227,22227,22227,2,0
2024-09-20 15:12:40.001,22227,22227,22227,2,0
2024-09-20 15:12:40.001,22227,22227,22227,2,0
2024-09-20 15:12:40.001,22227,22227,22227,2,0
2024-09-20 15:12:40.001,22226,22226,22226,2,-2
2024-09-20 15:12:41.001,22225,22225,22225,2,-2
2024-09-20 15:12:41.001,22225,22225,22225,2,0
2024-09-20 15:12:41.001,22228,22228,22228,6,6
2024-09-20 15:12:45.001,22228,22228,22228,6,0
2024-09-20 15:12:45.001,22228,22228,22228,2,0
2024-09-20 15:12:45.001,22229,22229,22229,2,2
2024-09-20 15:12:47.001,22230,22230,22230,2,2
2024-09-20 15:12:51.001,22231,22231,22231,2,2
2024-09-20 15:12:51.001,22231,22231,22231,2,0
2024-09-20 15:12:53.001,22231,22231,22231,2,0
2024-09-20 15:12:55.001,22231,22231,22231,4,0
2024-09-20 15:12:58.001,22231,22231,22231,2,0
2024-09-20 15:13:01.001,22231,22231,22231,4,0
2024-09-20 15:13:02.001,22232,22232,22232,6,6
2024-09-20 15:13:03.001,22232,22232,22232,2,0
2024-09-20 15:13:08.001,22232,22232,22232,2,0
2024-09-20 15:13:08.001,22232,22232,22232,2,0
2024-09-20 15:13:08.001,22232,22232,22232,2,0
2024-09-20 15:13:08.001,22231,22231,22231,2,-2
2024-09-20 15:13:09.001,22232,22232,22232,2,2
2024-09-20 15:13:09.001,22232,22232,22232,2,0
2024-09-20 15:13:09.001,22232,22232,22232,4,0
2024-09-20 15:13:12.001,22233,22233,22233,4,4
2024-09-20 15:13:12.001,22233,22233,22233,6,0
2024-09-20 15:13:12.001,22233,22233,22233,2,0
2024-09-20 15:13:12.001,22234,22234,22234,44,44
2024-09-20 15:13:12.001,22235,22235,22235,6,6
2024-09-20 15:13:12.001,22235,22235,22235,4,0
2024-09-20 15:13:12.001,22235,22235,22235,4,0
2024-09-20 15:13:12.001,22236,22236,22236,2,2
2024-09-20 15:13:12.001,22235,22235,22235,2,-2
2024-09-20 15:13:14.001,22236,22236,22236,10,10
2024-09-20 15:13:14.001,22237,22237,22237,8,8
2024-09-20 15:13:16.001,22235,22235,22235,2,-2
2024-09-20 15:13:17.001,22235,22235,22235,2,0
2024-09-20 15:13:18.001,22234,22234,22234,2,-2
2024-09-20 15:13:19.001,22231,22231,22231,2,-2
2024-09-20 15:13:19.001,22231,22231,22231,2,0
2024-09-20 15:13:19.001,22231,22231,22231,2,0
2024-09-20 15:13:21.001,22232,22232,22232,2,2
2024-09-20 15:13:26.001,22233,22233,22233,2,2
2024-09-20 15:13:26.001,22234,22234,22234,2,2
2024-09-20 15:13:26.001,22235,22235,22235,8,8
2024-09-20 15:13:26.001,22236,22236,22236,6,6
2024-09-20 15:13:27.001,22234,22234,22234,2,-2
2024-09-20 15:13:27.001,22236,22236,22236,4,4
2024-09-20 15:13:27.001,22234,22234,22234,2,-2
2024-09-20 15:13:27.001,22234,22234,22234,2,0
2024-09-20 15:13:28.001,22234,22234,22234,2,0
2024-09-20 15:13:30.001,22235,22235,22235,2,2
2024-09-20 15:13:30.001,22236,22236,22236,4,4
2024-09-20 15:13:31.001,22237,22237,22237,6,6
2024-09-20 15:13:38.001,22237,22237,22237,8,0
2024-09-20 15:13:41.001,22237,22237,22237,10,0
2024-09-20 15:13:41.001,22238,22238,22238,14,14
2024-09-20 15:13:43.001,22236,22236,22236,2,-2
2024-09-20 15:13:46.001,22235,22235,22235,2,-2
2024-09-20 15:13:47.001,22235,22235,22235,2,0
2024-09-20 15:13:47.001,22235,22235,22235,2,0
2024-09-20 15:13:47.001,22237,22237,22237,2,2
2024-09-20 15:13:51.001,22236,22236,22236,2,-2
2024-09-20 15:13:51.001,22237,22237,22237,4,4
2024-09-20 15:13:55.001,22237,22237,22237,2,0
2024-09-20 15:13:55.001,22237,22237,22237,2,0
2024-09-20 15:13:55.001,22237,22237,22237,2,0
2024-09-20 15:13:55.001,22238,22238,22238,10,10
2024-09-20 15:13:55.001,22238,22238,22238,8,0
2024-09-20 15:13:55.001,22238,22238,22238,4,0
2024-09-20 15:13:55.001,22238,22238,22238,4,0
2024-09-20 15:13:55.001,22238,22238,22238,8,0
2024-09-20 15:13:55.001,22239,22239,22239,4,4
2024-09-20 15:13:55.001,22239,22239,22239,4,0
2024-09-20 15:13:55.001,22239,22239,22239,4,0
2024-09-20 15:13:56.001,22240,22240,22240,4,4
2024-09-20 15:13:56.001,22240,22240,22240,2,0
2024-09-20 15:13:56.001,22240,22240,22240,8,0
2024-09-20 15:13:56.001,22241,22241,22241,2,2
2024-09-20 15:13:56.001,22241,22241,22241,18,0
2024-09-20 15:13:56.001,22242,22242,22242,2,2
2024-09-20 15:13:56.001,22242,22242,22242,14,0
2024-09-20 15:13:56.001,22243,22243,22243,2,2
2024-09-20 15:13:57.001,22243,22243,22243,6,0
2024-09-20 15:13:58.001,22241,22241,22241,2,-2
2024-09-20 15:13:58.001,22240,22240,22240,2,-2
2024-09-20 15:13:58.001,22240,22240,22240,2,0
2024-09-20 15:13:58.001,22242,22242,22242,2,2
2024-09-20 15:14:02.001,22241,22241,22241,4,-4
2024-09-20 15:14:02.001,22241,22241,22241,2,0
2024-09-20 15:14:02.001,22242,22242,22242,2,2
2024-09-20 15:14:02.001,22242,22242,22242,2,0
2024-09-20 15:14:02.001,22243,22243,22243,2,2
2024-09-20 15:14:02.001,22243,22243,22243,2,0
2024-09-20 15:14:02.001,22244,22244,22244,2,2
2024-09-20 15:14:02.001,22244,22244,22244,2,0
2024-09-20 15:14:02.001,22244,22244,22244,2,0
2024-09-20 15:14:02.001,22245,22245,22245,2,2
2024-09-20 15:14:02.001,22245,22245,22245,2,0
2024-09-20 15:14:03.001,22245,22245,22245,2,0
2024-09-20 15:14:03.001,22245,22245,22245,4,0
2024-09-20 15:14:03.001,22244,22244,22244,2,-2
2024-09-20 15:14:03.001,22243,22243,22243,4,-4
2024-09-20 15:14:03.001,22244,22244,22244,8,8
2024-09-20 15:14:03.001,22245,22245,22245,6,6
2024-09-20 15:14:03.001,22245,22245,22245,2,0
2024-09-20 15:14:03.001,22245,22245,22245,2,0
2024-09-20 15:14:03.001,22246,22246,22246,2,2
2024-09-20 15:14:03.001,22246,22246,22246,2,0
2024-09-20 15:14:03.001,22246,22246,22246,10,0
2024-09-20 15:14:03.001,22247,22247,22247,10,10
2024-09-20 15:14:03.001,22247,22247,22247,2,0
2024-09-20 15:14:03.001,22247,22247,22247,2,0
2024-09-20 15:14:04.001,22246,22246,22246,2,-2
2024-09-20 15:14:04.001,22243,22243,22243,2,-2
2024-09-20 15:14:04.001,22243,22243,22243,2,0
2024-09-20 15:14:07.001,22246,22246,22246,4,4
2024-09-20 15:14:07.001,22243,22243,22243,2,-2
2024-09-20 15:14:07.001,22243,22243,22243,2,0
2024-09-20 15:14:08.001,22244,22244,22244,2,2
2024-09-20 15:14:08.001,22244,22244,22244,2,0
2024-09-20 15:14:09.001,22243,22243,22243,2,-2
2024-09-20 15:14:10.001,22245,22245,22245,6,6
2024-09-20 15:14:10.001,22246,22246,22246,2,2
2024-09-20 15:14:10.001,22244,22244,22244,2,-2
2024-09-20 15:14:10.001,22244,22244,22244,2,0
2024-09-20 15:14:14.001,22245,22245,22245,4,4
2024-09-20 15:14:20.001,22245,22245,22245,2,0
2024-09-20 15:14:20.001,22245,22245,22245,2,0
2024-09-20 15:14:21.001,22244,22244,22244,2,-2
2024-09-20 15:14:21.001,22244,22244,22244,2,0
2024-09-20 15:14:21.001,22245,22245,22245,2,2
2024-09-20 15:14:21.001,22245,22245,22245,2,0
2024-09-20 15:14:22.001,22243,22243,22243,2,-2
2024-09-20 15:14:22.001,22242,22242,22242,2,-2
2024-09-20 15:14:22.001,22242,22242,22242,12,0
2024-09-20 15:14:22.001,22240,22240,22240,2,-2
2024-09-20 15:14:23.001,22240,22240,22240,2,0
2024-09-20 15:14:23.001,22240,22240,22240,2,0
2024-09-20 15:14:23.001,22241,22241,22241,2,2
2024-09-20 15:14:26.001,22241,22241,22241,2,0
2024-09-20 15:14:34.001,22243,22243,22243,2,2
2024-09-20 15:14:35.001,22244,22244,22244,2,2
2024-09-20 15:14:37.001,22242,22242,22242,2,-2
2024-09-20 15:14:37.001,22242,22242,22242,2,0
2024-09-20 15:14:40.001,22242,22242,22242,2,0
2024-09-20 15:14:41.001,22244,22244,22244,14,14
2024-09-20 15:14:41.001,22245,22245,22245,6,6
2024-09-20 15:14:44.001,22244,22244,22244,2,-2
2024-09-20 15:14:44.001,22244,22244,22244,2,0
2024-09-20 15:14:50.001,22244,22244,22244,2,0
2024-09-20 15:14:51.001,22245,22245,22245,4,4
2024-09-20 15:14:57.001,22245,22245,22245,4,0
2024-09-20 15:14:59.001,22245,22245,22245,2,0
2024-09-20 15:15:00.001,22245,22245,22245,2,0
2024-09-20 15:15:00.001,22245,22245,22245,2,0
2024-09-20 15:15:00.001,22245,22245,22245,4,0
2024-09-20 15:15:00.001,22246,22246,22246,2,2
2024-09-20 15:15:00.001,22246,22246,22246,2,0
2024-09-20 15:15:00.001,22246,22246,22246,2,0
2024-09-20 15:15:00.001,22246,22246,22246,2,0
2024-09-20 15:15:00.001,22246,22246,22246,2,0
2024-09-20 15:15:00.001,22246,22246,22246,2,0
2024-09-20 15:15:00.001,22246,22246,22246,2,0
2024-09-20 15:15:00.001,22246,22246,22246,2,0
2024-09-20 15:15:00.001,22247,22247,22247,2,2
2024-09-20 15:15:00.001,22247,22247,22247,2,0
2024-09-20 15:15:00.001,22247,22247,22247,2,0
2024-09-20 15:15:00.001,22247,22247,22247,2,0
2024-09-20 15:15:00.001,22247,22247,22247,2,0
2024-09-20 15:15:01.001,22247,22247,22247,6,0
2024-09-20 15:15:01.001,22248,22248,22248,2,2
2024-09-20 15:15:01.001,22248,22248,22248,2,0
2024-09-20 15:15:02.001,22246,22246,22246,2,-2
2024-09-20 15:15:02.001,22248,22248,22248,2,2
2024-09-20 15:15:02.001,22246,22246,22246,4,-4
2024-09-20 15:15:03.001,22246,22246,22246,2,0
2024-09-20 15:15:05.001,22243,22243,22243,2,-2
2024-09-20 15:15:06.001,22243,22243,22243,2,0
2024-09-20 15:15:06.001,22243,22243,22243,2,0
2024-09-20 15:15:06.001,22243,22243,22243,2,0
2024-09-20 15:15:06.001,22241,22241,22241,6,-6
2024-09-20 15:15:06.001,22241,22241,22241,2,0
2024-09-20 15:15:06.001,22242,22242,22242,2,2
2024-09-20 15:15:06.001,22241,22241,22241,2,-2
2024-09-20 15:15:06.001,22241,22241,22241,2,0
2024-09-20 15:15:07.001,22240,22240,22240,2,-2
2024-09-20 15:15:07.001,22240,22240,22240,2,0
2024-09-20 15:15:07.001,22240,22240,22240,2,0
2024-09-20 15:15:07.001,22240,22240,22240,4,0
2024-09-20 15:15:07.001,22240,22240,22240,2,0
2024-09-20 15:15:07.001,22241,22241,22241,2,2
2024-09-20 15:15:07.001,22241,22241,22241,2,0
2024-09-20 15:15:07.001,22242,22242,22242,2,2
2024-09-20 15:15:07.001,22242,22242,22242,2,0
2024-09-20 15:15:09.001,22243,22243,22243,2,2
2024-09-20 15:15:10.001,22243,22243,22243,8,0
2024-09-20 15:15:17.001,22242,22242,22242,2,-2
2024-09-20 15:15:17.001,22239,22239,22239,2,-2
2024-09-20 15:15:20.001,22240,22240,22240,2,2
2024-09-20 15:15:20.001,22242,22242,22242,2,2
2024-09-20 15:15:20.001,22242,22242,22242,2,0
2024-09-20 15:15:22.001,22240,22240,22240,2,-2
2024-09-20 15:15:22.001,22240,22240,22240,2,0
2024-09-20 15:15:24.001,22242,22242,22242,6,6
2024-09-20 15:15:24.001,22243,22243,22243,2,2
2024-09-20 15:15:26.001,22243,22243,22243,2,0
2024-09-20 15:15:26.001,22243,22243,22243,6,0
2024-09-20 15:15:27.001,22245,22245,22245,2,2
2024-09-20 15:15:27.001,22245,22245,22245,2,0
2024-09-20 15:15:27.001,22245,22245,22245,2,0
2024-09-20 15:15:27.001,22245,22245,22245,2,0
2024-09-20 15:15:33.001,22243,22243,22243,2,-2
2024-09-20 15:15:34.001,22244,22244,22244,2,2
2024-09-20 15:15:34.001,22245,22245,22245,2,2
2024-09-20 15:15:39.001,22244,22244,22244,2,-2
2024-09-20 15:15:41.001,22244,22244,22244,2,0
2024-09-20 15:15:41.001,22244,22244,22244,2,0
2024-09-20 15:15:41.001,22244,22244,22244,2,0
2024-09-20 15:15:41.001,22245,22245,22245,2,2
2024-09-20 15:15:41.001,22245,22245,22245,2,0
2024-09-20 15:15:44.001,22245,22245,22245,2,0
2024-09-20 15:15:44.001,22245,22245,22245,2,0
2024-09-20 15:15:51.001,22244,22244,22244,2,-2
2024-09-20 15:15:51.001,22244,22244,22244,2,0
2024-09-20 15:15:51.001,22245,22245,22245,2,2
2024-09-20 15:15:51.001,22245,22245,22245,2,0
2024-09-20 15:15:54.001,22246,22246,22246,2,2
2024-09-20 15:15:54.001,22246,22246,22246,2,0
2024-09-20 15:15:54.001,22246,22246,22246,2,0
2024-09-20 15:15:54.001,22246,22246,22246,2,0
2024-09-20 15:15:54.001,22246,22246,22246,2,0
2024-09-20 15:15:54.001,22246,22246,22246,2,0
2024-09-20 15:15:57.001,22247,22247,22247,4,4
2024-09-20 15:15:57.001,22247,22247,22247,6,0
2024-09-20 15:15:58.001,22247,22247,22247,4,0
2024-09-20 15:16:07.001,22245,22245,22245,2,-2
2024-09-20 15:16:07.001,22245,22245,22245,2,0
2024-09-20 15:16:08.001,22245,22245,22245,2,0
2024-09-20 15:16:08.001,22245,22245,22245,2,0
2024-09-20 15:16:08.001,22246,22246,22246,2,2
2024-09-20 15:16:08.001,22246,22246,22246,2,0
2024-09-20 15:16:08.001,22246,22246,22246,2,0
2024-09-20 15:16:08.001,22247,22247,22247,2,2
2024-09-20 15:16:08.001,22247,22247,22247,2,0
2024-09-20 15:16:08.001,22247,22247,22247,2,0
2024-09-20 15:16:08.001,22247,22247,22247,2,0
2024-09-20 15:16:08.001,22247,22247,22247,2,0
2024-09-20 15:16:08.001,22248,22248,22248,2,2
2024-09-20 15:16:08.001,22248,22248,22248,2,0
2024-09-20 15:16:08.001,22248,22248,22248,2,0
2024-09-20 15:16:08.001,22247,22247,22247,2,-2
2024-09-20 15:16:08.001,22248,22248,22248,2,2
2024-09-20 15:16:08.001,22249,22249,22249,2,2
2024-09-20 15:16:08.001,22249,22249,22249,2,0
2024-09-20 15:16:08.001,22249,22249,22249,2,0
2024-09-20 15:16:08.001,22249,22249,22249,2,0
2024-09-20 15:16:09.001,22249,22249,22249,2,0
2024-09-20 15:16:09.001,22247,22247,22247,2,-2
2024-09-20 15:16:09.001,22249,22249,22249,2,2
2024-09-20 15:16:09.001,22249,22249,22249,2,0
2024-09-20 15:16:09.001,22249,22249,22249,2,0
2024-09-20 15:16:10.001,22249,22249,22249,2,0
2024-09-20 15:16:10.001,22249,22249,22249,2,0
2024-09-20 15:16:10.001,22247,22247,22247,2,-2
2024-09-20 15:16:10.001,22246,22246,22246,2,-2
2024-09-20 15:16:10.001,22248,22248,22248,2,2
2024-09-20 15:16:10.001,22249,22249,22249,2,2
2024-09-20 15:16:10.001,22249,22249,22249,2,0
2024-09-20 15:16:10.001,22249,22249,22249,2,0
2024-09-20 15:16:10.001,22249,22249,22249,2,0
2024-09-20 15:16:11.001,22249,22249,22249,2,0
2024-09-20 15:16:11.001,22250,22250,22250,2,2
2024-09-20 15:16:11.001,22250,22250,22250,2,0
2024-09-20 15:16:11.001,22248,22248,22248,2,-2
2024-09-20 15:16:12.001,22250,22250,22250,6,6
2024-09-20 15:16:15.001,22247,22247,22247,2,-2
2024-09-20 15:16:16.001,22245,22245,22245,2,-2
2024-09-20 15:16:16.001,22247,22247,22247,2,2
2024-09-20 15:16:18.001,22246,22246,22246,2,-2
2024-09-20 15:16:18.001,22246,22246,22246,2,0
2024-09-20 15:16:20.001,22246,22246,22246,2,0
2024-09-20 15:16:20.001,22247,22247,22247,2,2
2024-09-20 15:16:20.001,22247,22247,22247,2,0
2024-09-20 15:16:20.001,22248,22248,22248,2,2
2024-09-20 15:16:21.001,22247,22247,22247,4,-4
2024-09-20 15:16:24.001,22246,22246,22246,2,-2
2024-09-20 15:16:26.001,22247,22247,22247,2,2
2024-09-20 15:16:27.001,22245,22245,22245,2,-2
2024-09-20 15:16:27.001,22245,22245,22245,2,0
2024-09-20 15:16:27.001,22246,22246,22246,2,2
2024-09-20 15:16:27.001,22247,22247,22247,2,2
2024-09-20 15:16:27.001,22247,22247,22247,2,0
2024-09-20 15:16:27.001,22247,22247,22247,2,0
2024-09-20 15:16:27.001,22247,22247,22247,2,0
2024-09-20 15:16:27.001,22247,22247,22247,2,0
2024-09-20 15:16:27.001,22248,22248,22248,2,2
2024-09-20 15:16:27.001,22248,22248,22248,2,0
2024-09-20 15:16:30.001,22247,22247,22247,2,-2
2024-09-20 15:16:31.001,22247,22247,22247,2,0
2024-09-20 15:16:37.001,22246,22246,22246,2,-2
2024-09-20 15:16:39.001,22245,22245,22245,2,-2
2024-09-20 15:16:39.001,22245,22245,22245,2,0
2024-09-20 15:16:39.001,22246,22246,22246,2,2
2024-09-20 15:16:39.001,22246,22246,22246,2,0
2024-09-20 15:16:39.001,22247,22247,22247,2,2
2024-09-20 15:16:39.001,22247,22247,22247,2,0
2024-09-20 15:16:39.001,22247,22247,22247,2,0
2024-09-20 15:16:39.001,22247,22247,22247,2,0
2024-09-20 15:16:39.001,22247,22247,22247,2,0
2024-09-20 15:16:39.001,22247,22247,22247,2,0
2024-09-20 15:16:39.001,22248,22248,22248,2,2
2024-09-20 15:16:39.001,22248,22248,22248,2,0
2024-09-20 15:16:39.001,22248,22248,22248,2,0
2024-09-20 15:16:39.001,22248,22248,22248,2,0
2024-09-20 15:16:40.001,22248,22248,22248,4,0
2024-09-20 15:16:47.001,22247,22247,22247,4,-4
2024-09-20 15:16:47.001,22247,22247,22247,2,0
2024-09-20 15:16:55.001,22246,22246,22246,2,-2
2024-09-20 15:16:55.001,22248,22248,22248,2,2
2024-09-20 15:16:55.001,22248,22248,22248,2,0
2024-09-20 15:16:55.001,22248,22248,22248,2,0
2024-09-20 15:16:57.001,22248,22248,22248,2,0
2024-09-20 15:16:57.001,22248,22248,22248,6,0
2024-09-20 15:17:01.001,22248,22248,22248,4,0
2024-09-20 15:17:01.001,22248,22248,22248,2,0
2024-09-20 15:17:01.001,22248,22248,22248,2,0
2024-09-20 15:17:03.001,22248,22248,22248,2,0
2024-09-20 15:17:06.001,22249,22249,22249,2,2
2024-09-20 15:17:09.001,22249,22249,22249,2,0
2024-09-20 15:17:12.001,22249,22249,22249,2,0
2024-09-20 15:17:12.001,22247,22247,22247,2,-2
2024-09-20 15:17:15.001,22248,22248,22248,2,2
2024-09-20 15:17:16.001,22248,22248,22248,2,0
2024-09-20 15:17:17.001,22247,22247,22247,4,-4
2024-09-20 15:17:17.001,22247,22247,22247,2,0
2024-09-20 15:17:17.001,22247,22247,22247,2,0
2024-09-20 15:17:17.001,22246,22246,22246,2,-2
2024-09-20 15:17:17.001,22246,22246,22246,2,0
2024-09-20 15:17:17.001,22246,22246,22246,2,0
2024-09-20 15:17:17.001,22247,22247,22247,2,2
2024-09-20 15:17:19.001,22245,22245,22245,2,-2
2024-09-20 15:17:19.001,22245,22245,22245,2,0
2024-09-20 15:17:19.001,22245,22245,22245,2,0
2024-09-20 15:17:20.001,22243,22243,22243,2,-2
2024-09-20 15:17:31.001,22243,22243,22243,2,0
2024-09-20 15:17:38.001,22243,22243,22243,2,0
2024-09-20 15:17:38.001,22243,22243,22243,10,0
2024-09-20 15:17:38.001,22243,22243,22243,2,0
2024-09-20 15:17:38.001,22242,22242,22242,2,-2
2024-09-20 15:17:40.001,22241,22241,22241,2,-2
2024-09-20 15:17:41.001,22243,22243,22243,2,2
2024-09-20 15:17:51.001,22242,22242,22242,2,-2
2024-09-20 15:17:51.001,22242,22242,22242,2,0
2024-09-20 15:17:51.001,22242,22242,22242,2,0
2024-09-20 15:17:54.001,22243,22243,22243,6,6
2024-09-20 15:17:54.001,22243,22243,22243,2,0
2024-09-20 15:17:54.001,22243,22243,22243,2,0
2024-09-20 15:18:02.001,22245,22245,22245,2,2
2024-09-20 15:18:06.001,22245,22245,22245,2,0
2024-09-20 15:18:08.001,22246,22246,22246,2,2
2024-09-20 15:18:11.001,22245,22245,22245,2,-2
2024-09-20 15:18:12.001,22244,22244,22244,2,-2
2024-09-20 15:18:22.001,22243,22243,22243,4,-4
2024-09-20 15:18:40.001,22242,22242,22242,4,-4
2024-09-20 15:18:56.001,22241,22241,22241,2,-2
2024-09-20 15:18:56.001,22241,22241,22241,2,0
2024-09-20 15:19:01.001,22241,22241,22241,2,0
2024-09-20 15:19:02.001,22240,22240,22240,2,-2
2024-09-20 15:19:02.001,22240,22240,22240,2,0
2024-09-20 15:19:02.001,22240,22240,22240,2,0
2024-09-20 15:19:02.001,22240,22240,22240,2,0
2024-09-20 15:19:02.001,22239,22239,22239,2,-2
2024-09-20 15:19:02.001,22238,22238,22238,2,-2
2024-09-20 15:19:02.001,22238,22238,22238,2,0
2024-09-20 15:19:02.001,22238,22238,22238,2,0
2024-09-20 15:19:05.001,22239,22239,22239,2,2
2024-09-20 15:19:06.001,22237,22237,22237,2,-2
2024-09-20 15:19:06.001,22237,22237,22237,2,0
2024-09-20 15:19:06.001,22237,22237,22237,2,0
2024-09-20 15:19:06.001,22237,22237,22237,2,0
2024-09-20 15:19:06.001,22237,22237,22237,2,0
2024-09-20 15:19:06.001,22236,22236,22236,2,-2
2024-09-20 15:19:06.001,22236,22236,22236,2,0
2024-09-20 15:19:06.001,22236,22236,22236,2,0
2024-09-20 15:19:06.001,22236,22236,22236,2,0
2024-09-20 15:19:06.001,22236,22236,22236,2,0
2024-09-20 15:19:07.001,22235,22235,22235,2,-2
2024-09-20 15:19:07.001,22235,22235,22235,2,0
2024-09-20 15:19:10.001,22236,22236,22236,2,2
2024-09-20 15:19:11.001,22236,22236,22236,2,0
2024-09-20 15:19:15.001,22236,22236,22236,8,0
2024-09-20 15:19:16.001,22236,22236,22236,2,0
2024-09-20 15:19:16.001,22236,22236,22236,2,0
2024-09-20 15:19:16.001,22236,22236,22236,2,0
2024-09-20 15:19:16.001,22235,22235,22235,2,-2
2024-09-20 15:19:16.001,22235,22235,22235,2,0
2024-09-20 15:19:16.001,22235,22235,22235,2,0
2024-09-20 15:19:16.001,22235,22235,22235,2,0
2024-09-20 15:19:16.001,22235,22235,22235,2,0
2024-09-20 15:19:16.001,22234,22234,22234,2,-2
2024-09-20 15:19:16.001,22234,22234,22234,2,0
2024-09-20 15:19:16.001,22235,22235,22235,2,2
2024-09-20 15:19:19.001,22237,22237,22237,2,2
2024-09-20 15:19:20.001,22238,22238,22238,2,2
2024-09-20 15:19:21.001,22237,22237,22237,2,-2
2024-09-20 15:19:22.001,22239,22239,22239,2,2
2024-09-20 15:19:23.001,22239,22239,22239,2,0
2024-09-20 15:19:29.001,22241,22241,22241,2,2
2024-09-20 15:19:36.001,22241,22241,22241,2,0
2024-09-20 15:19:36.001,22241,22241,22241,2,0
2024-09-20 15:19:38.001,22242,22242,22242,2,2
2024-09-20 15:19:41.001,22243,22243,22243,2,2
2024-09-20 15:19:41.001,22243,22243,22243,2,0
2024-09-20 15:19:42.001,22243,22243,22243,2,0
2024-09-20 15:19:48.001,22242,22242,22242,2,-2
2024-09-20 15:19:48.001,22243,22243,22243,10,10
2024-09-20 15:19:50.001,22243,22243,22243,2,0
2024-09-20 15:19:50.001,22243,22243,22243,6,0
2024-09-20 15:20:10.001,22244,22244,22244,2,2
2024-09-20 15:20:10.001,22244,22244,22244,6,0
2024-09-20 15:20:11.001,22245,22245,22245,2,2
2024-09-20 15:20:11.001,22245,22245,22245,2,0
2024-09-20 15:20:11.001,22245,22245,22245,2,0
2024-09-20 15:20:11.001,22245,22245,22245,2,0
2024-09-20 15:20:12.001,22246,22246,22246,2,2
2024-09-20 15:20:14.001,22247,22247,22247,2,2
2024-09-20 15:20:14.001,22247,22247,22247,2,0
2024-09-20 15:20:14.001,22247,22247,22247,2,0
2024-09-20 15:20:14.001,22247,22247,22247,2,0
2024-09-20 15:20:14.001,22247,22247,22247,2,0
2024-09-20 15:20:14.001,22247,22247,22247,2,0
2024-09-20 15:20:14.001,22248,22248,22248,24,24
2024-09-20 15:20:20.001,22245,22245,22245,2,-2
2024-09-20 15:20:26.001,22248,22248,22248,2,2
2024-09-20 15:20:28.001,22247,22247,22247,2,-2
2024-09-20 15:20:28.001,22247,22247,22247,2,0
2024-09-20 15:20:30.001,22248,22248,22248,2,2
2024-09-20 15:20:30.001,22246,22246,22246,2,-2
2024-09-20 15:20:30.001,22248,22248,22248,2,2
2024-09-20 15:20:33.001,22248,22248,22248,2,0
2024-09-20 15:20:37.001,22248,22248,22248,2,0
2024-09-20 15:20:40.001,22246,22246,22246,2,-2
2024-09-20 15:20:40.001,22245,22245,22245,2,-2
2024-09-20 15:20:49.001,22245,22245,22245,4,0
2024-09-20 15:20:49.001,22246,22246,22246,2,2
2024-09-20 15:20:49.001,22245,22245,22245,4,-4
2024-09-20 15:20:51.001,22244,22244,22244,2,-2
2024-09-20 15:20:59.001,22245,22245,22245,2,2
2024-09-20 15:20:59.001,22245,22245,22245,2,0
2024-09-20 15:20:59.001,22245,22245,22245,2,0
2024-09-20 15:21:02.001,22244,22244,22244,2,-2
2024-09-20 15:21:05.001,22243,22243,22243,2,-2
2024-09-20 15:21:05.001,22243,22243,22243,2,0
2024-09-20 15:21:05.001,22244,22244,22244,2,2
2024-09-20 15:21:05.001,22244,22244,22244,2,0
2024-09-20 15:21:05.001,22244,22244,22244,2,0
2024-09-20 15:21:07.001,22244,22244,22244,2,0
2024-09-20 15:21:12.001,22244,22244,22244,4,0
2024-09-20 15:21:12.001,22245,22245,22245,2,2
2024-09-20 15:21:13.001,22244,22244,22244,2,-2
2024-09-20 15:21:13.001,22245,22245,22245,2,2
2024-09-20 15:21:17.001,22246,22246,22246,2,2
2024-09-20 15:21:20.001,22245,22245,22245,2,-2
2024-09-20 15:21:20.001,22245,22245,22245,2,0
2024-09-20 15:21:22.001,22245,22245,22245,8,0
2024-09-20 15:21:22.001,22245,22245,22245,2,0
2024-09-20 15:21:23.001,22244,22244,22244,4,-4
2024-09-20 15:21:25.001,22243,22243,22243,2,-2
2024-09-20 15:21:25.001,22241,22241,22241,4,-4
2024-09-20 15:21:25.001,22240,22240,22240,2,-2
2024-09-20 15:21:25.001,22240,22240,22240,2,0
2024-09-20 15:21:27.001,22241,22241,22241,2,2
2024-09-20 15:21:28.001,22239,22239,22239,2,-2
2024-09-20 15:21:28.001,22241,22241,22241,2,2
2024-09-20 15:21:28.001,22241,22241,22241,2,0
2024-09-20 15:21:29.001,22239,22239,22239,2,-2
2024-09-20 15:21:30.001,22239,22239,22239,2,0
2024-09-20 15:21:30.001,22241,22241,22241,2,2
2024-09-20 15:21:34.001,22239,22239,22239,2,-2
2024-09-20 15:21:35.001,22240,22240,22240,2,2
2024-09-20 15:21:39.001,22240,22240,22240,2,0
2024-09-20 15:21:40.001,22238,22238,22238,2,-2
2024-09-20 15:21:40.001,22238,22238,22238,2,0
2024-09-20 15:21:40.001,22238,22238,22238,2,0
2024-09-20 15:21:40.001,22238,22238,22238,2,0
2024-09-20 15:21:42.001,22239,22239,22239,4,4
2024-09-20 15:21:42.001,22239,22239,22239,2,0
2024-09-20 15:21:42.001,22240,22240,22240,2,2
2024-09-20 15:21:42.001,22239,22239,22239,2,-2
2024-09-20 15:21:45.001,22240,22240,22240,2,2
2024-09-20 15:21:49.001,22240,22240,22240,2,0
2024-09-20 15:21:50.001,22238,22238,22238,2,-2
2024-09-20 15:22:04.001,22240,22240,22240,2,2
2024-09-20 15:22:04.001,22240,22240,22240,2,0
2024-09-20 15:22:09.001,22240,22240,22240,2,0
2024-09-20 15:22:11.001,22239,22239,22239,2,-2
2024-09-20 15:22:11.001,22238,22238,22238,2,-2
2024-09-20 15:22:16.001,22240,22240,22240,2,2
2024-09-20 15:22:19.001,22238,22238,22238,2,-2
2024-09-20 15:22:19.001,22236,22236,22236,2,-2
2024-09-20 15:22:19.001,22236,22236,22236,2,0
2024-09-20 15:22:19.001,22236,22236,22236,2,0
2024-09-20 15:22:20.001,22236,22236,22236,2,0
2024-09-20 15:22:28.001,22238,22238,22238,2,2
2024-09-20 15:22:29.001,22236,22236,22236,2,-2
2024-09-20 15:22:30.001,22238,22238,22238,2,2
2024-09-20 15:22:30.001,22236,22236,22236,2,-2
2024-09-20 15:22:30.001,22236,22236,22236,2,0
2024-09-20 15:22:31.001,22236,22236,22236,2,0
2024-09-20 15:22:38.001,22236,22236,22236,2,0
2024-09-20 15:22:40.001,22236,22236,22236,2,0
2024-09-20 15:22:43.001,22236,22236,22236,2,0
2024-09-20 15:22:44.001,22236,22236,22236,2,0
2024-09-20 15:22:45.001,22237,22237,22237,2,2
2024-09-20 15:22:45.001,22237,22237,22237,2,0
2024-09-20 15:22:56.001,22236,22236,22236,2,-2
2024-09-20 15:22:57.001,22237,22237,22237,4,4
2024-09-20 15:23:00.001,22237,22237,22237,2,0
2024-09-20 15:23:01.001,22235,22235,22235,2,-2
2024-09-20 15:23:01.001,22235,22235,22235,2,0
2024-09-20 15:23:01.001,22235,22235,22235,2,0
2024-09-20 15:23:01.001,22234,22234,22234,4,-4
2024-09-20 15:23:01.001,22233,22233,22233,2,-2
2024-09-20 15:23:01.001,22233,22233,22233,2,0
2024-09-20 15:23:01.001,22233,22233,22233,2,0
2024-09-20 15:23:01.001,22233,22233,22233,2,0
2024-09-20 15:23:01.001,22233,22233,22233,2,0
2024-09-20 15:23:01.001,22233,22233,22233,2,0
2024-09-20 15:23:06.001,22232,22232,22232,4,-4
2024-09-20 15:23:06.001,22232,22232,22232,4,0
2024-09-20 15:23:06.001,22232,22232,22232,2,0
2024-09-20 15:23:06.001,22233,22233,22233,2,2
2024-09-20 15:23:06.001,22232,22232,22232,2,-2
2024-09-20 15:23:07.001,22233,22233,22233,2,2
2024-09-20 15:23:07.001,22233,22233,22233,2,0
2024-09-20 15:23:07.001,22233,22233,22233,2,0
2024-09-20 15:23:07.001,22232,22232,22232,2,-2
2024-09-20 15:23:07.001,22232,22232,22232,2,0
2024-09-20 15:23:07.001,22232,22232,22232,2,0
2024-09-20 15:23:07.001,22232,22232,22232,2,0
2024-09-20 15:23:07.001,22231,22231,22231,2,-2
2024-09-20 15:23:07.001,22231,22231,22231,2,0
2024-09-20 15:23:07.001,22231,22231,22231,2,0
2024-09-20 15:23:07.001,22232,22232,22232,2,2
2024-09-20 15:23:08.001,22233,22233,22233,2,2
2024-09-20 15:23:09.001,22235,22235,22235,4,4
2024-09-20 15:23:11.001,22235,22235,22235,2,0
2024-09-20 15:23:14.001,22235,22235,22235,2,0
2024-09-20 15:23:14.001,22235,22235,22235,2,0
2024-09-20 15:23:14.001,22235,22235,22235,2,0
2024-09-20 15:23:19.001,22234,22234,22234,2,-2
2024-09-20 15:23:20.001,22233,22233,22233,2,-2
2024-09-20 15:23:21.001,22234,22234,22234,4,4
2024-09-20 15:23:23.001,22234,22234,22234,2,0
2024-09-20 15:23:28.001,22233,22233,22233,2,-2
2024-09-20 15:23:28.001,22233,22233,22233,2,0
2024-09-20 15:23:28.001,22233,22233,22233,2,0
2024-09-20 15:23:34.001,22232,22232,22232,2,-2
2024-09-20 15:23:36.001,22233,22233,22233,2,2
2024-09-20 15:23:42.001,22234,22234,22234,2,2
2024-09-20 15:23:43.001,22233,22233,22233,6,-6
2024-09-20 15:23:44.001,22234,22234,22234,2,2
2024-09-20 15:23:45.001,22235,22235,22235,2,2
2024-09-20 15:23:48.001,22235,22235,22235,2,0
2024-09-20 15:23:48.001,22234,22234,22234,2,-2
2024-09-20 15:23:48.001,22234,22234,22234,2,0
2024-09-20 15:23:48.001,22234,22234,22234,2,0
2024-09-20 15:23:48.001,22234,22234,22234,2,0
2024-09-20 15:23:48.001,22233,22233,22233,2,-2
2024-09-20 15:23:48.001,22233,22233,22233,2,0
2024-09-20 15:23:51.001,22234,22234,22234,6,6
2024-09-20 15:23:53.001,22233,22233,22233,2,-2
2024-09-20 15:23:55.001,22233,22233,22233,2,0
2024-09-20 15:23:55.001,22233,22233,22233,2,0
2024-09-20 15:23:57.001,22233,22233,22233,2,0
2024-09-20 15:23:59.001,22234,22234,22234,6,6
2024-09-20 15:24:07.001,22235,22235,22235,2,2
2024-09-20 15:24:07.001,22234,22234,22234,2,-2
2024-09-20 15:24:10.001,22233,22233,22233,2,-2
2024-09-20 15:24:10.001,22233,22233,22233,2,0
2024-09-20 15:24:21.001,22233,22233,22233,2,0
2024-09-20 15:24:25.001,22232,22232,22232,2,-2
2024-09-20 15:24:30.001,22232,22232,22232,2,0
2024-09-20 15:24:33.001,22232,22232,22232,2,0
2024-09-20 15:24:36.001,22233,22233,22233,2,2
2024-09-20 15:24:45.001,22231,22231,22231,2,-2
2024-09-20 15:24:53.001,22232,22232,22232,2,2
2024-09-20 15:24:57.001,22232,22232,22232,2,0
2024-09-20 15:24:57.001,22232,22232,22232,2,0
2024-09-20 15:25:03.001,22232,22232,22232,2,0
2024-09-20 15:25:03.001,22232,22232,22232,2,0
2024-09-20 15:25:03.001,22232,22232,22232,2,0
2024-09-20 15:25:03.001,22232,22232,22232,2,0
2024-09-20 15:25:03.001,22232,22232,22232,2,0
2024-09-20 15:25:03.001,22231,22231,22231,2,-2
2024-09-20 15:25:04.001,22231,22231,22231,2,0
2024-09-20 15:25:11.001,22232,22232,22232,2,2
2024-09-20 15:25:11.001,22231,22231,22231,2,-2
2024-09-20 15:25:15.001,22231,22231,22231,2,0
2024-09-20 15:25:23.001,22231,22231,22231,2,0
2024-09-20 15:25:23.001,22231,22231,22231,2,0
2024-09-20 15:25:23.001,22231,22231,22231,2,0
2024-09-20 15:25:23.001,22231,22231,22231,10,0
2024-09-20 15:25:31.001,22232,22232,22232,2,2
2024-09-20 15:25:32.001,22234,22234,22234,6,6
2024-09-20 15:25:44.001,22233,22233,22233,2,-2
2024-09-20 15:26:00.001,22233,22233,22233,2,0
2024-09-20 15:26:01.001,22234,22234,22234,2,2
2024-09-20 15:26:01.001,22234,22234,22234,4,0
2024-09-20 15:26:20.001,22234,22234,22234,2,0
2024-09-20 15:26:20.001,22233,22233,22233,2,-2
2024-09-20 15:26:20.001,22231,22231,22231,2,-2
2024-09-20 15:26:20.001,22234,22234,22234,2,2
2024-09-20 15:26:29.001,22233,22233,22233,8,-8
2024-09-20 15:26:38.001,22233,22233,22233,12,0
2024-09-20 15:26:39.001,22234,22234,22234,6,6
2024-09-20 15:26:40.001,22233,22233,22233,8,-8
2024-09-20 15:26:53.001,22230,22230,22230,2,-2
2024-09-20 15:27:01.001,22230,22230,22230,2,0
2024-09-20 15:27:01.001,22231,22231,22231,4,4
2024-09-20 15:27:15.001,22231,22231,22231,2,0
2024-09-20 15:27:20.001,22230,22230,22230,2,-2
2024-09-20 15:27:20.001,22230,22230,22230,2,0
2024-09-20 15:27:20.001,22230,22230,22230,4,0
2024-09-20 15:27:20.001,22230,22230,22230,4,0
2024-09-20 15:27:20.001,22230,22230,22230,6,0
2024-09-20 15:27:20.001,22230,22230,22230,2,0
2024-09-20 15:27:20.001,22230,22230,22230,8,0
2024-09-20 15:27:20.001,22230,22230,22230,2,0
2024-09-20 15:27:20.001,22230,22230,22230,2,0
2024-09-20 15:27:20.001,22230,22230,22230,2,0
2024-09-20 15:27:20.001,22229,22229,22229,12,-12
2024-09-20 15:27:20.001,22229,22229,22229,2,0
2024-09-20 15:27:20.001,22229,22229,22229,2,0
2024-09-20 15:27:20.001,22229,22229,22229,6,0
2024-09-20 15:27:20.001,22228,22228,22228,6,-6
2024-09-20 15:27:20.001,22227,22227,22227,4,-4
2024-09-20 15:27:22.001,22227,22227,22227,2,0
2024-09-20 15:27:22.001,22227,22227,22227,4,0
2024-09-20 15:27:22.001,22227,22227,22227,2,0
2024-09-20 15:27:22.001,22227,22227,22227,2,0
2024-09-20 15:27:25.001,22226,22226,22226,2,-2
2024-09-20 15:27:25.001,22226,22226,22226,2,0
2024-09-20 15:27:26.001,22225,22225,22225,2,-2
2024-09-20 15:27:27.001,22223,22223,22223,6,-6
2024-09-20 15:27:27.001,22223,22223,22223,2,0
2024-09-20 15:27:27.001,22222,22222,22222,2,-2
2024-09-20 15:27:27.001,22222,22222,22222,2,0
2024-09-20 15:27:27.001,22222,22222,22222,2,0
2024-09-20 15:27:27.001,22222,22222,22222,2,0
2024-09-20 15:27:27.001,22222,22222,22222,2,0
2024-09-20 15:27:27.001,22222,22222,22222,2,0
2024-09-20 15:27:27.001,22222,22222,22222,2,0
2024-09-20 15:27:27.001,22222,22222,22222,2,0
2024-09-20 15:27:27.001,22222,22222,22222,4,0
2024-09-20 15:27:29.001,22224,22224,22224,2,2
2024-09-20 15:27:29.001,22223,22223,22223,2,-2
2024-09-20 15:27:29.001,22223,22223,22223,2,0
2024-09-20 15:27:30.001,22224,22224,22224,2,2
2024-09-20 15:27:30.001,22224,22224,22224,4,0
2024-09-20 15:27:31.001,22224,22224,22224,2,0
2024-09-20 15:27:31.001,22224,22224,22224,2,0
2024-09-20 15:27:31.001,22223,22223,22223,2,-2
2024-09-20 15:27:31.001,22223,22223,22223,2,0
2024-09-20 15:27:31.001,22223,22223,22223,2,0
2024-09-20 15:27:31.001,22223,22223,22223,2,0
2024-09-20 15:27:31.001,22222,22222,22222,2,-2
2024-09-20 15:27:31.001,22222,22222,22222,2,0
2024-09-20 15:27:31.001,22222,22222,22222,2,0
2024-09-20 15:27:31.001,22222,22222,22222,2,0
2024-09-20 15:27:31.001,22222,22222,22222,4,0
2024-09-20 15:27:36.001,22224,22224,22224,4,4
2024-09-20 15:27:36.001,22224,22224,22224,2,0
2024-09-20 15:27:36.001,22224,22224,22224,4,0
2024-09-20 15:27:36.001,22223,22223,22223,2,-2
2024-09-20 15:27:36.001,22223,22223,22223,2,0
2024-09-20 15:27:37.001,22223,22223,22223,2,0
2024-09-20 15:27:38.001,22223,22223,22223,2,0
2024-09-20 15:27:39.001,22223,22223,22223,2,0
2024-09-20 15:27:39.001,22223,22223,22223,2,0
2024-09-20 15:27:39.001,22223,22223,22223,2,0
2024-09-20 15:27:41.001,22223,22223,22223,2,0
2024-09-20 15:27:41.001,22223,22223,22223,2,0
2024-09-20 15:27:41.001,22223,22223,22223,2,0
2024-09-20 15:27:42.001,22222,22222,22222,2,-2
2024-09-20 15:27:50.001,22225,22225,22225,2,2
2024-09-20 15:27:50.001,22226,22226,22226,2,2
2024-09-20 15:27:51.001,22226,22226,22226,2,0
2024-09-20 15:28:01.001,22226,22226,22226,2,0
2024-09-20 15:28:02.001,22227,22227,22227,4,4
2024-09-20 15:28:09.001,22227,22227,22227,2,0
2024-09-20 15:28:10.001,22227,22227,22227,2,0
2024-09-20 15:28:11.001,22228,22228,22228,2,2
2024-09-20 15:28:13.001,22227,22227,22227,6,-6
2024-09-20 15:28:20.001,22227,22227,22227,2,0
2024-09-20 15:28:20.001,22226,22226,22226,2,-2
2024-09-20 15:28:21.001,22225,22225,22225,2,-2
2024-09-20 15:28:25.001,22224,22224,22224,2,-2
2024-09-20 15:28:26.001,22224,22224,22224,2,0
2024-09-20 15:28:26.001,22224,22224,22224,2,0
2024-09-20 15:28:26.001,22223,22223,22223,2,-2
2024-09-20 15:28:28.001,22225,22225,22225,4,4
2024-09-20 15:28:30.001,22225,22225,22225,2,0
2024-09-20 15:28:36.001,22225,22225,22225,2,0
2024-09-20 15:28:37.001,22223,22223,22223,2,-2
2024-09-20 15:28:37.001,22222,22222,22222,2,-2
2024-09-20 15:28:37.001,22222,22222,22222,12,0
2024-09-20 15:28:37.001,22222,22222,22222,2,0
2024-09-20 15:28:37.001,22222,22222,22222,2,0
2024-09-20 15:28:46.001,22220,22220,22220,2,-2
2024-09-20 15:28:46.001,22220,22220,22220,2,0
2024-09-20 15:28:46.001,22219,22219,22219,2,-2
2024-09-20 15:28:46.001,22218,22218,22218,2,-2
2024-09-20 15:28:46.001,22218,22218,22218,2,0
2024-09-20 15:28:46.001,22218,22218,22218,2,0
2024-09-20 15:28:46.001,22218,22218,22218,2,0
2024-09-20 15:28:46.001,22218,22218,22218,2,0
2024-09-20 15:28:46.001,22218,22218,22218,2,0
2024-09-20 15:28:46.001,22218,22218,22218,2,0
2024-09-20 15:28:46.001,22218,22218,22218,2,0
2024-09-20 15:28:46.001,22218,22218,22218,2,0
2024-09-20 15:28:46.001,22221,22221,22221,2,2
2024-09-20 15:28:51.001,22222,22222,22222,6,6
2024-09-20 15:28:52.001,22222,22222,22222,2,0
2024-09-20 15:29:04.001,22223,22223,22223,2,2
2024-09-20 15:29:04.001,22224,22224,22224,4,4
2024-09-20 15:29:04.001,22225,22225,22225,2,2
2024-09-20 15:29:06.001,22224,22224,22224,2,-2
2024-09-20 15:29:07.001,22224,22224,22224,2,0
2024-09-20 15:29:08.001,22226,22226,22226,6,6
2024-09-20 15:29:16.001,22227,22227,22227,2,2
2024-09-20 15:29:16.001,22227,22227,22227,2,0
2024-09-20 15:29:19.001,22226,22226,22226,2,-2
2024-09-20 15:29:28.001,22225,22225,22225,2,-2
2024-09-20 15:29:28.001,22225,22225,22225,2,0
2024-09-20 15:29:28.001,22225,22225,22225,2,0
2024-09-20 15:29:30.001,22225,22225,22225,2,0
2024-09-20 15:29:31.001,22227,22227,22227,4,4
2024-09-20 15:29:33.001,22227,22227,22227,2,0
2024-09-20 15:29:33.001,22227,22227,22227,2,0
2024-09-20 15:29:34.001,22228,22228,22228,2,2
2024-09-20 15:29:35.001,22229,22229,22229,2,2
2024-09-20 15:29:35.001,22230,22230,22230,2,2
2024-09-20 15:29:36.001,22230,22230,22230,2,0
2024-09-20 15:29:36.001,22229,22229,22229,2,-2
2024-09-20 15:29:50.001,22229,22229,22229,2,0
2024-09-20 15:29:58.001,22229,22229,22229,2,0
2024-09-20 15:29:58.001,22229,22229,22229,2,0
2024-09-20 15:29:58.001,22229,22229,22229,2,0
2024-09-20 15:30:00.001,22230,22230,22230,8,8
2024-09-20 15:30:00.001,22231,22231,22231,2,2
2024-09-20 15:30:00.001,22232,22232,22232,2,2
2024-09-20 15:30:00.001,22232,22232,22232,2,0
2024-09-20 15:30:00.001,22232,22232,22232,2,0
2024-09-20 15:30:00.001,22232,22232,22232,2,0
2024-09-20 15:30:00.001,22232,22232,22232,16,0
2024-09-20 15:30:00.001,22233,22233,22233,2,2
2024-09-20 15:30:00.001,22234,22234,22234,2,2
2024-09-20 15:30:00.001,22234,22234,22234,2,0
2024-09-20 15:30:00.001,22235,22235,22235,2,2
2024-09-20 15:30:00.001,22233,22233,22233,2,-2
2024-09-20 15:30:00.001,22233,22233,22233,2,0
2024-09-20 15:30:00.001,22233,22233,22233,2,0
2024-09-20 15:30:00.001,22234,22234,22234,2,2
2024-09-20 15:30:00.001,22234,22234,22234,4,0
2024-09-20 15:30:00.001,22234,22234,22234,4,0
2024-09-20 15:30:01.001,22234,22234,22234,2,0
2024-09-20 15:30:01.001,22234,22234,22234,2,0
2024-09-20 15:30:01.001,22234,22234,22234,2,0
2024-09-20 15:30:01.001,22235,22235,22235,2,2
2024-09-20 15:30:01.001,22236,22236,22236,2,2
2024-09-20 15:30:01.001,22236,22236,22236,4,0
2024-09-20 15:30:01.001,22238,22238,22238,2,2
2024-09-20 15:30:01.001,22239,22239,22239,2,2
2024-09-20 15:30:01.001,22240,22240,22240,6,6
2024-09-20 15:30:01.001,22241,22241,22241,6,6
2024-09-20 15:30:01.001,22242,22242,22242,2,2
2024-09-20 15:30:01.001,22243,22243,22243,2,2
2024-09-20 15:30:01.001,22244,22244,22244,2,2
2024-09-20 15:30:01.001,22242,22242,22242,2,-2
2024-09-20 15:30:01.001,22242,22242,22242,2,0
2024-09-20 15:30:01.001,22241,22241,22241,2,-2
2024-09-20 15:30:01.001,22242,22242,22242,2,2
2024-09-20 15:30:01.001,22241,22241,22241,2,-2
2024-09-20 15:30:01.001,22241,22241,22241,2,0
2024-09-20 15:30:02.001,22241,22241,22241,2,0
2024-09-20 15:30:05.001,22242,22242,22242,2,2
2024-09-20 15:30:06.001,22244,22244,22244,4,4
2024-09-20 15:30:06.001,22245,22245,22245,2,2
2024-09-20 15:30:06.001,22245,22245,22245,2,0
2024-09-20 15:30:06.001,22245,22245,22245,4,0
2024-09-20 15:30:06.001,22245,22245,22245,4,0
2024-09-20 15:30:06.001,22246,22246,22246,4,4
2024-09-20 15:30:06.001,22245,22245,22245,2,-2
2024-09-20 15:30:06.001,22245,22245,22245,2,0
2024-09-20 15:30:09.001,22244,22244,22244,2,-2
2024-09-20 15:30:09.001,22244,22244,22244,2,0
2024-09-20 15:30:09.001,22245,22245,22245,2,2
2024-09-20 15:30:09.001,22245,22245,22245,2,0
2024-09-20 15:30:09.001,22243,22243,22243,2,-2
2024-09-20 15:30:12.001,22244,22244,22244,2,2
2024-09-20 15:30:12.001,22246,22246,22246,2,2
2024-09-20 15:30:12.001,22246,22246,22246,2,0
2024-09-20 15:30:13.001,22244,22244,22244,2,-2
2024-09-20 15:30:13.001,22245,22245,22245,2,2
2024-09-20 15:30:13.001,22244,22244,22244,2,-2
2024-09-20 15:30:15.001,22245,22245,22245,2,2
2024-09-20 15:30:16.001,22247,22247,22247,2,2
2024-09-20 15:30:16.001,22248,22248,22248,2,2
2024-09-20 15:30:16.001,22248,22248,22248,12,0
2024-09-20 15:30:16.001,22248,22248,22248,4,0
2024-09-20 15:30:16.001,22248,22248,22248,2,0
2024-09-20 15:30:16.001,22248,22248,22248,4,0
2024-09-20 15:30:16.001,22249,22249,22249,4,4
2024-09-20 15:30:16.001,22249,22249,22249,2,0
2024-09-20 15:30:16.001,22249,22249,22249,2,0
2024-09-20 15:30:16.001,22249,22249,22249,10,0
2024-09-20 15:30:16.001,22249,22249,22249,6,0
2024-09-20 15:30:17.001,22250,22250,22250,2,2
2024-09-20 15:30:17.001,22249,22249,22249,2,-2
2024-09-20 15:30:17.001,22249,22249,22249,2,0
2024-09-20 15:30:17.001,22250,22250,22250,6,6
2024-09-20 15:30:17.001,22250,22250,22250,2,0
2024-09-20 15:30:17.001,22249,22249,22249,2,-2
2024-09-20 15:30:17.001,22250,22250,22250,2,2
2024-09-20 15:30:17.001,22250,22250,22250,2,0
2024-09-20 15:30:18.001,22249,22249,22249,2,-2
2024-09-20 15:30:18.001,22249,22249,22249,2,0
2024-09-20 15:30:18.001,22250,22250,22250,2,2
2024-09-20 15:30:18.001,22250,22250,22250,2,0
2024-09-20 15:30:18.001,22250,22250,22250,2,0
2024-09-20 15:30:18.001,22250,22250,22250,2,0
2024-09-20 15:30:18.001,22248,22248,22248,2,-2
2024-09-20 15:30:20.001,22246,22246,22246,2,-2
2024-09-20 15:30:22.001,22247,22247,22247,2,2
2024-09-20 15:30:23.001,22247,22247,22247,2,0
2024-09-20 15:30:24.001,22249,22249,22249,2,2
2024-09-20 15:30:24.001,22247,22247,22247,2,-2
2024-09-20 15:30:24.001,22246,22246,22246,2,-2
2024-09-20 15:30:25.001,22247,22247,22247,2,2
2024-09-20 15:30:27.001,22249,22249,22249,2,2
2024-09-20 15:30:27.001,22249,22249,22249,4,0
2024-09-20 15:30:27.001,22250,22250,22250,42,42
2024-09-20 15:30:27.001,22251,22251,22251,6,6
2024-09-20 15:30:27.001,22252,22252,22252,2,2
2024-09-20 15:30:27.001,22252,22252,22252,2,0
2024-09-20 15:30:27.001,22250,22250,22250,2,-2
2024-09-20 15:30:27.001,22250,22250,22250,2,0
2024-09-20 15:30:27.001,22250,22250,22250,2,0
2024-09-20 15:30:27.001,22250,22250,22250,2,0
2024-09-20 15:30:27.001,22252,22252,22252,2,2
2024-09-20 15:30:27.001,22252,22252,22252,2,0
2024-09-20 15:30:27.001,22252,22252,22252,2,0
2024-09-20 15:30:27.001,22252,22252,22252,8,0
2024-09-20 15:30:27.001,22253,22253,22253,2,2
2024-09-20 15:30:27.001,22253,22253,22253,22,0
2024-09-20 15:30:27.001,22254,22254,22254,8,8
2024-09-20 15:30:27.001,22254,22254,22254,2,0
2024-09-20 15:30:27.001,22254,22254,22254,4,0
2024-09-20 15:30:27.001,22254,22254,22254,2,0
2024-09-20 15:30:27.001,22254,22254,22254,2,0
2024-09-20 15:30:27.001,22255,22255,22255,2,2
2024-09-20 15:30:27.001,22254,22254,22254,2,-2
2024-09-20 15:30:29.001,22252,22252,22252,2,-2
2024-09-20 15:30:29.001,22252,22252,22252,2,0
2024-09-20 15:30:31.001,22250,22250,22250,2,-2
2024-09-20 15:30:32.001,22249,22249,22249,2,-2
2024-09-20 15:30:32.001,22248,22248,22248,4,-4
2024-09-20 15:30:33.001,22245,22245,22245,2,-2
2024-09-20 15:30:33.001,22244,22244,22244,2,-2
2024-09-20 15:30:34.001,22246,22246,22246,4,4
2024-09-20 15:30:35.001,22246,22246,22246,4,0
2024-09-20 15:30:37.001,22248,22248,22248,2,2
2024-09-20 15:30:37.001,22250,22250,22250,2,2
2024-09-20 15:30:37.001,22250,22250,22250,2,0
2024-09-20 15:30:37.001,22250,22250,22250,2,0
2024-09-20 15:30:37.001,22251,22251,22251,2,2
2024-09-20 15:30:40.001,22247,22247,22247,2,-2
2024-09-20 15:30:40.001,22247,22247,22247,2,0
2024-09-20 15:30:40.001,22246,22246,22246,2,-2
2024-09-20 15:30:41.001,22246,22246,22246,2,0
2024-09-20 15:30:43.001,22245,22245,22245,6,-6
2024-09-20 15:30:43.001,22246,22246,22246,8,8
2024-09-20 15:30:43.001,22247,22247,22247,10,10
2024-09-20 15:30:43.001,22247,22247,22247,2,0
2024-09-20 15:30:43.001,22249,22249,22249,2,2
2024-09-20 15:30:43.001,22250,22250,22250,2,2
2024-09-20 15:30:43.001,22250,22250,22250,4,0
2024-09-20 15:30:44.001,22248,22248,22248,4,-4
2024-09-20 15:30:47.001,22248,22248,22248,2,0
2024-09-20 15:30:48.001,22249,22249,22249,2,2
2024-09-20 15:30:50.001,22248,22248,22248,2,-2
2024-09-20 15:30:56.001,22250,22250,22250,2,2
2024-09-20 15:30:56.001,22251,22251,22251,2,2
2024-09-20 15:31:00.001,22250,22250,22250,4,-4
2024-09-20 15:31:00.001,22251,22251,22251,10,10
2024-09-20 15:31:00.001,22251,22251,22251,2,0
2024-09-20 15:31:00.001,22251,22251,22251,14,0
2024-09-20 15:31:01.001,22250,22250,22250,2,-2
2024-09-20 15:31:01.001,22251,22251,22251,2,2
2024-09-20 15:31:01.001,22251,22251,22251,2,0
2024-09-20 15:31:03.001,22250,22250,22250,4,-4
2024-09-20 15:31:03.001,22248,22248,22248,2,-2
2024-09-20 15:31:03.001,22248,22248,22248,2,0
2024-09-20 15:31:03.001,22249,22249,22249,2,2
2024-09-20 15:31:03.001,22250,22250,22250,2,2
2024-09-20 15:31:10.001,22247,22247,22247,2,-2
2024-09-20 15:31:12.001,22246,22246,22246,2,-2
2024-09-20 15:31:12.001,22248,22248,22248,2,2
2024-09-20 15:31:12.001,22248,22248,22248,2,0
2024-09-20 15:31:13.001,22247,22247,22247,2,-2
2024-09-20 15:31:16.001,22249,22249,22249,2,2
2024-09-20 15:31:16.001,22249,22249,22249,2,0
2024-09-20 15:31:21.001,22250,22250,22250,2,2
2024-09-20 15:31:21.001,22248,22248,22248,2,-2
2024-09-20 15:31:25.001,22248,22248,22248,2,0
2024-09-20 15:31:25.001,22248,22248,22248,2,0
2024-09-20 15:31:27.001,22247,22247,22247,2,-2
2024-09-20 15:31:32.001,22246,22246,22246,2,-2
2024-09-20 15:31:32.001,22248,22248,22248,2,2
2024-09-20 15:31:32.001,22248,22248,22248,2,0
2024-09-20 15:31:32.001,22248,22248,22248,2,0
2024-09-20 15:31:32.001,22248,22248,22248,2,0
2024-09-20 15:31:34.001,22248,22248,22248,2,0
2024-09-20 15:31:37.001,22247,22247,22247,2,-2
2024-09-20 15:31:40.001,22248,22248,22248,2,2
2024-09-20 15:31:40.001,22248,22248,22248,2,0
2024-09-20 15:31:41.001,22248,22248,22248,2,0
2024-09-20 15:31:49.001,22247,22247,22247,2,-2
2024-09-20 15:31:59.001,22246,22246,22246,2,-2
2024-09-20 15:32:00.001,22245,22245,22245,2,-2
2024-09-20 15:32:07.001,22245,22245,22245,2,0
2024-09-20 15:32:09.001,22246,22246,22246,2,2
2024-09-20 15:32:09.001,22246,22246,22246,2,0
2024-09-20 15:32:09.001,22247,22247,22247,2,2
2024-09-20 15:32:09.001,22247,22247,22247,2,0
2024-09-20 15:32:09.001,22247,22247,22247,2,0
2024-09-20 15:32:09.001,22248,22248,22248,2,2
2024-09-20 15:32:09.001,22248,22248,22248,2,0
2024-09-20 15:32:10.001,22248,22248,22248,2,0
2024-09-20 15:32:10.001,22246,22246,22246,2,-2
2024-09-20 15:32:14.001,22249,22249,22249,2,2
2024-09-20 15:32:19.001,22249,22249,22249,2,0
2024-09-20 15:32:19.001,22250,22250,22250,4,4
2024-09-20 15:32:21.001,22249,22249,22249,2,-2
2024-09-20 15:32:29.001,22249,22249,22249,6,0
2024-09-20 15:32:31.001,22249,22249,22249,2,0
2024-09-20 15:32:31.001,22250,22250,22250,4,4
2024-09-20 15:32:31.001,22250,22250,22250,6,0
2024-09-20 15:32:31.001,22250,22250,22250,2,0
2024-09-20 15:32:31.001,22251,22251,22251,4,4
2024-09-20 15:32:31.001,22252,22252,22252,4,4
2024-09-20 15:32:32.001,22254,22254,22254,2,2
2024-09-20 15:32:32.001,22254,22254,22254,6,0
2024-09-20 15:32:32.001,22255,22255,22255,4,4
2024-09-20 15:32:33.001,22254,22254,22254,2,-2
2024-09-20 15:32:35.001,22256,22256,22256,6,6
2024-09-20 15:32:36.001,22255,22255,22255,2,-2
2024-09-20 15:32:36.001,22255,22255,22255,2,0
2024-09-20 15:32:36.001,22256,22256,22256,4,4
2024-09-20 15:32:38.001,22255,22255,22255,2,-2
2024-09-20 15:32:40.001,22254,22254,22254,2,-2
2024-09-20 15:32:40.001,22255,22255,22255,2,2
2024-09-20 15:32:40.001,22255,22255,22255,4,0
2024-09-20 15:32:41.001,22255,22255,22255,4,0
2024-09-20 15:32:42.001,22254,22254,22254,2,-2
2024-09-20 15:32:42.001,22256,22256,22256,4,4
2024-09-20 15:32:44.001,22255,22255,22255,2,-2
2024-09-20 15:32:44.001,22253,22253,22253,2,-2
2024-09-20 15:32:44.001,22253,22253,22253,2,0
2024-09-20 15:32:44.001,22254,22254,22254,2,2
2024-09-20 15:32:44.001,22255,22255,22255,2,2
2024-09-20 15:32:45.001,22255,22255,22255,2,0
2024-09-20 15:32:46.001,22255,22255,22255,2,0
2024-09-20 15:32:46.001,22256,22256,22256,2,2
2024-09-20 15:32:47.001,22256,22256,22256,2,0
2024-09-20 15:32:47.001,22256,22256,22256,2,0
2024-09-20 15:32:47.001,22256,22256,22256,2,0
2024-09-20 15:32:47.001,22256,22256,22256,2,0
2024-09-20 15:32:47.001,22254,22254,22254,2,-2
2024-09-20 15:32:47.001,22254,22254,22254,2,0
2024-09-20 15:32:48.001,22255,22255,22255,2,2
2024-09-20 15:32:52.001,22255,22255,22255,2,0
2024-09-20 15:32:53.001,22253,22253,22253,2,-2
2024-09-20 15:32:53.001,22252,22252,22252,2,-2
2024-09-20 15:32:53.001,22252,22252,22252,2,0
2024-09-20 15:32:55.001,22253,22253,22253,2,2
2024-09-20 15:32:57.001,22255,22255,22255,2,2
2024-09-20 15:32:57.001,22255,22255,22255,2,0
2024-09-20 15:32:57.001,22255,22255,22255,2,0
2024-09-20 15:32:57.001,22256,22256,22256,2,2
2024-09-20 15:32:57.001,22256,22256,22256,2,0
2024-09-20 15:32:57.001,22257,22257,22257,2,2
2024-09-20 15:32:57.001,22257,22257,22257,4,0
2024-09-20 15:32:57.001,22257,22257,22257,2,0
2024-09-20 15:32:57.001,22257,22257,22257,2,0
2024-09-20 15:32:57.001,22257,22257,22257,2,0
2024-09-20 15:32:57.001,22256,22256,22256,2,-2
2024-09-20 15:32:58.001,22257,22257,22257,4,4
2024-09-20 15:32:58.001,22258,22258,22258,16,16
2024-09-20 15:32:58.001,22258,22258,22258,4,0
2024-09-20 15:32:58.001,22259,22259,22259,4,4
2024-09-20 15:32:58.001,22259,22259,22259,2,0
2024-09-20 15:32:58.001,22259,22259,22259,4,0
2024-09-20 15:32:58.001,22259,22259,22259,2,0
2024-09-20 15:32:58.001,22260,22260,22260,54,54
2024-09-20 15:32:58.001,22261,22261,22261,6,6
2024-09-20 15:32:58.001,22261,22261,22261,2,0
2024-09-20 15:32:58.001,22262,22262,22262,2,2
2024-09-20 15:32:58.001,22262,22262,22262,2,0
2024-09-20 15:32:59.001,22261,22261,22261,2,-2
2024-09-20 15:32:59.001,22259,22259,22259,2,-2
2024-09-20 15:32:59.001,22259,22259,22259,2,0
2024-09-20 15:33:02.001,22258,22258,22258,2,-2
2024-09-20 15:33:03.001,22258,22258,22258,4,0
2024-09-20 15:33:04.001,22255,22255,22255,2,-2
2024-09-20 15:33:06.001,22258,22258,22258,2,2
2024-09-20 15:33:06.001,22258,22258,22258,2,0
2024-09-20 15:33:07.001,22258,22258,22258,2,0
2024-09-20 15:33:07.001,22260,22260,22260,2,2
2024-09-20 15:33:08.001,22261,22261,22261,2,2
2024-09-20 15:33:14.001,22259,22259,22259,2,-2
2024-09-20 15:33:14.001,22260,22260,22260,4,4
2024-09-20 15:33:14.001,22258,22258,22258,2,-2
2024-09-20 15:33:14.001,22258,22258,22258,2,0
2024-09-20 15:33:16.001,22259,22259,22259,2,2
2024-09-20 15:33:16.001,22259,22259,22259,2,0
2024-09-20 15:33:17.001,22259,22259,22259,4,0
2024-09-20 15:33:19.001,22259,22259,22259,2,0
2024-09-20 15:33:19.001,22259,22259,22259,2,0
2024-09-20 15:33:19.001,22260,22260,22260,2,2
2024-09-20 15:33:19.001,22260,22260,22260,2,0
2024-09-20 15:33:19.001,22260,22260,22260,2,0
2024-09-20 15:33:19.001,22260,22260,22260,2,0
2024-09-20 15:33:19.001,22260,22260,22260,2,0
2024-09-20 15:33:19.001,22260,22260,22260,2,0
2024-09-20 15:33:19.001,22260,22260,22260,4,0
2024-09-20 15:33:20.001,22258,22258,22258,2,-2
2024-09-20 15:33:20.001,22257,22257,22257,2,-2
2024-09-20 15:33:20.001,22259,22259,22259,2,2
2024-09-20 15:33:22.001,22258,22258,22258,2,-2
2024-09-20 15:33:22.001,22259,22259,22259,4,4
2024-09-20 15:33:25.001,22257,22257,22257,2,-2
2024-09-20 15:33:25.001,22257,22257,22257,2,0
2024-09-20 15:33:30.001,22257,22257,22257,2,0
2024-09-20 15:33:30.001,22257,22257,22257,2,0
2024-09-20 15:33:30.001,22257,22257,22257,2,0
2024-09-20 15:33:30.001,22256,22256,22256,2,-2
2024-09-20 15:33:30.001,22256,22256,22256,2,0
2024-09-20 15:33:31.001,22255,22255,22255,2,-2
2024-09-20 15:33:31.001,22255,22255,22255,2,0
2024-09-20 15:33:31.001,22256,22256,22256,2,2
2024-09-20 15:33:31.001,22256,22256,22256,2,0
2024-09-20 15:33:33.001,22257,22257,22257,2,2
2024-09-20 15:33:35.001,22256,22256,22256,4,-4
2024-09-20 15:33:36.001,22257,22257,22257,2,2
2024-09-20 15:33:37.001,22256,22256,22256,2,-2
2024-09-20 15:33:37.001,22257,22257,22257,2,2
2024-09-20 15:33:40.001,22255,22255,22255,2,-2
2024-09-20 15:33:40.001,22255,22255,22255,2,0
2024-09-20 15:33:41.001,22254,22254,22254,2,-2
2024-09-20 15:33:46.001,22257,22257,22257,2,2
2024-09-20 15:33:47.001,22258,22258,22258,2,2
2024-09-20 15:33:47.001,22258,22258,22258,2,0
2024-09-20 15:33:48.001,22259,22259,22259,2,2
2024-09-20 15:33:49.001,22259,22259,22259,2,0
2024-09-20 15:33:50.001,22259,22259,22259,2,0
2024-09-20 15:33:50.001,22259,22259,22259,4,0
2024-09-20 15:33:53.001,22260,22260,22260,2,2
2024-09-20 15:33:58.001,22259,22259,22259,2,-2
2024-09-20 15:33:58.001,22260,22260,22260,2,2
2024-09-20 15:33:58.001,22258,22258,22258,2,-2
2024-09-20 15:34:02.001,22259,22259,22259,2,2
2024-09-20 15:34:08.001,22259,22259,22259,2,0
2024-09-20 15:34:20.001,22258,22258,22258,2,-2
2024-09-20 15:34:21.001,22256,22256,22256,2,-2
2024-09-20 15:34:21.001,22255,22255,22255,2,-2
2024-09-20 15:34:21.001,22255,22255,22255,6,0
2024-09-20 15:34:21.001,22255,22255,22255,4,0
2024-09-20 15:34:27.001,22254,22254,22254,2,-2
2024-09-20 15:34:27.001,22254,22254,22254,2,0
2024-09-20 15:34:27.001,22254,22254,22254,2,0
2024-09-20 15:34:28.001,22253,22253,22253,2,-2
2024-09-20 15:34:28.001,22253,22253,22253,2,0
2024-09-20 15:34:28.001,22253,22253,22253,2,0
2024-09-20 15:34:32.001,22252,22252,22252,2,-2
2024-09-20 15:34:32.001,22252,22252,22252,2,0
2024-09-20 15:34:32.001,22252,22252,22252,2,0
2024-09-20 15:34:32.001,22252,22252,22252,2,0
2024-09-20 15:34:33.001,22251,22251,22251,2,-2
2024-09-20 15:34:34.001,22253,22253,22253,2,2
2024-09-20 15:34:36.001,22252,22252,22252,2,-2
2024-09-20 15:34:37.001,22252,22252,22252,2,0
2024-09-20 15:34:39.001,22252,22252,22252,2,0
2024-09-20 15:34:41.001,22252,22252,22252,2,0
2024-09-20 15:34:45.001,22252,22252,22252,2,0
2024-09-20 15:34:46.001,22252,22252,22252,2,0
2024-09-20 15:34:47.001,22253,22253,22253,2,2
2024-09-20 15:34:47.001,22253,22253,22253,12,0
2024-09-20 15:34:48.001,22254,22254,22254,2,2
2024-09-20 15:34:48.001,22254,22254,22254,2,0
2024-09-20 15:34:50.001,22253,22253,22253,2,-2
2024-09-20 15:34:50.001,22253,22253,22253,2,0
2024-09-20 15:34:50.001,22253,22253,22253,2,0
2024-09-20 15:34:50.001,22253,22253,22253,2,0
2024-09-20 15:34:50.001,22252,22252,22252,2,-2
2024-09-20 15:34:50.001,22252,22252,22252,2,0
2024-09-20 15:34:50.001,22253,22253,22253,2,2
2024-09-20 15:34:50.001,22252,22252,22252,2,-2
2024-09-20 15:34:50.001,22253,22253,22253,10,10
2024-09-20 15:34:51.001,22253,22253,22253,2,0
2024-09-20 15:34:54.001,22252,22252,22252,2,-2
2024-09-20 15:34:54.001,22252,22252,22252,2,0
2024-09-20 15:34:54.001,22253,22253,22253,4,4
2024-09-20 15:34:58.001,22251,22251,22251,2,-2
2024-09-20 15:34:58.001,22251,22251,22251,2,0
2024-09-20 15:34:58.001,22251,22251,22251,2,0
2024-09-20 15:34:58.001,22251,22251,22251,2,0
2024-09-20 15:34:58.001,22253,22253,22253,4,4
2024-09-20 15:34:58.001,22252,22252,22252,2,-2
2024-09-20 15:34:58.001,22252,22252,22252,4,0
2024-09-20 15:34:58.001,22251,22251,22251,2,-2
2024-09-20 15:34:58.001,22251,22251,22251,2,0
2024-09-20 15:34:58.001,22251,22251,22251,2,0
2024-09-20 15:34:58.001,22250,22250,22250,10,-10
2024-09-20 15:34:58.001,22250,22250,22250,2,0
2024-09-20 15:34:58.001,22250,22250,22250,4,0
2024-09-20 15:34:58.001,22250,22250,22250,2,0
2024-09-20 15:34:58.001,22250,22250,22250,2,0
2024-09-20 15:35:00.001,22250,22250,22250,2,0
2024-09-20 15:35:00.001,22250,22250,22250,2,0
2024-09-20 15:35:00.001,22250,22250,22250,2,0
2024-09-20 15:35:02.001,22250,22250,22250,2,0
2024-09-20 15:35:10.001,22248,22248,22248,2,-2
2024-09-20 15:35:13.001,22247,22247,22247,2,-2
2024-09-20 15:35:13.001,22247,22247,22247,2,0
2024-09-20 15:35:13.001,22247,22247,22247,2,0
2024-09-20 15:35:13.001,22247,22247,22247,2,0
2024-09-20 15:35:13.001,22247,22247,22247,2,0
2024-09-20 15:35:13.001,22247,22247,22247,2,0
2024-09-20 15:35:13.001,22247,22247,22247,2,0
2024-09-20 15:35:14.001,22245,22245,22245,2,-2
2024-09-20 15:35:14.001,22245,22245,22245,2,0
2024-09-20 15:35:14.001,22248,22248,22248,4,4
2024-09-20 15:35:15.001,22248,22248,22248,2,0
2024-09-20 15:35:15.001,22249,22249,22249,2,2
2024-09-20 15:35:16.001,22250,22250,22250,2,2
2024-09-20 15:35:16.001,22250,22250,22250,2,0
2024-09-20 15:35:16.001,22250,22250,22250,4,0
2024-09-20 15:35:16.001,22250,22250,22250,2,0
2024-09-20 15:35:16.001,22250,22250,22250,6,0
2024-09-20 15:35:16.001,22250,22250,22250,2,0
2024-09-20 15:35:20.001,22251,22251,22251,2,2
2024-09-20 15:35:29.001,22251,22251,22251,2,0
2024-09-20 15:35:29.001,22252,22252,22252,6,6
2024-09-20 15:35:29.001,22253,22253,22253,20,20
2024-09-20 15:35:29.001,22254,22254,22254,2,2
2024-09-20 15:35:29.001,22254,22254,22254,2,0
2024-09-20 15:35:29.001,22254,22254,22254,2,0
2024-09-20 15:35:29.001,22255,22255,22255,4,4
2024-09-20 15:35:31.001,22256,22256,22256,6,6
2024-09-20 15:35:35.001,22256,22256,22256,6,0
2024-09-20 15:35:40.001,22257,22257,22257,2,2
2024-09-20 15:35:40.001,22256,22256,22256,4,-4
2024-09-20 15:35:40.001,22256,22256,22256,2,0
2024-09-20 15:35:40.001,22256,22256,22256,2,0
2024-09-20 15:35:43.001,22256,22256,22256,4,0
2024-09-20 15:35:46.001,22255,22255,22255,18,-18
2024-09-20 15:35:46.001,22255,22255,22255,2,0
2024-09-20 15:35:46.001,22255,22255,22255,4,0
2024-09-20 15:35:46.001,22255,22255,22255,2,0
2024-09-20 15:35:46.001,22255,22255,22255,8,0
2024-09-20 15:35:46.001,22255,22255,22255,16,0
2024-09-20 15:35:46.001,22255,22255,22255,2,0
2024-09-20 15:35:46.001,22255,22255,22255,80,0
2024-09-20 15:35:46.001,22255,22255,22255,6,0
2024-09-20 15:35:46.001,22255,22255,22255,2,0
2024-09-20 15:35:46.001,22255,22255,22255,10,0
2024-09-20 15:35:46.001,22255,22255,22255,2,0
2024-09-20 15:35:46.001,22255,22255,22255,14,0
2024-09-20 15:35:46.001,22255,22255,22255,2,0
2024-09-20 15:35:46.001,22255,22255,22255,2,0
2024-09-20 15:35:46.001,22255,22255,22255,2,0
2024-09-20 15:35:46.001,22255,22255,22255,2,0
2024-09-20 15:35:46.001,22255,22255,22255,20,0
2024-09-20 15:35:52.001,22254,22254,22254,2,-2
2024-09-20 15:35:54.001,22254,22254,22254,2,0
2024-09-20 15:36:02.001,22253,22253,22253,2,-2
2024-09-20 15:36:03.001,22252,22252,22252,2,-2
2024-09-20 15:36:04.001,22253,22253,22253,2,2
2024-09-20 15:36:06.001,22255,22255,22255,2,2
2024-09-20 15:36:06.001,22255,22255,22255,4,0
2024-09-20 15:36:08.001,22253,22253,22253,2,-2
2024-09-20 15:36:23.001,22254,22254,22254,2,2
2024-09-20 15:36:25.001,22256,22256,22256,2,2
2024-09-20 15:36:25.001,22256,22256,22256,2,0
2024-09-20 15:36:33.001,22256,22256,22256,2,0
2024-09-20 15:36:34.001,22254,22254,22254,2,-2
2024-09-20 15:36:34.001,22254,22254,22254,2,0
2024-09-20 15:36:47.001,22254,22254,22254,2,0
2024-09-20 15:36:51.001,22254,22254,22254,4,0
2024-09-20 15:36:53.001,22255,22255,22255,4,4
2024-09-20 15:36:57.001,22256,22256,22256,2,2
2024-09-20 15:37:00.001,22253,22253,22253,30,-30
2024-09-20 15:37:00.001,22252,22252,22252,2,-2
2024-09-20 15:37:00.001,22250,22250,22250,2,-2
2024-09-20 15:37:08.001,22250,22250,22250,2,0
2024-09-20 15:37:08.001,22249,22249,22249,2,-2
2024-09-20 15:37:08.001,22249,22249,22249,2,0
2024-09-20 15:37:08.001,22249,22249,22249,2,0
2024-09-20 15:37:08.001,22248,22248,22248,2,-2
2024-09-20 15:37:09.001,22247,22247,22247,2,-2
2024-09-20 15:37:10.001,22246,22246,22246,2,-2
2024-09-20 15:37:12.001,22246,22246,22246,2,0
2024-09-20 15:37:13.001,22247,22247,22247,2,2
2024-09-20 15:37:15.001,22247,22247,22247,2,0
2024-09-20 15:37:17.001,22245,22245,22245,2,-2
2024-09-20 15:37:17.001,22245,22245,22245,2,0
2024-09-20 15:37:17.001,22245,22245,22245,2,0
2024-09-20 15:37:17.001,22245,22245,22245,2,0
2024-09-20 15:37:17.001,22245,22245,22245,8,0
2024-09-20 15:37:20.001,22246,22246,22246,2,2
2024-09-20 15:37:29.001,22245,22245,22245,2,-2
2024-09-20 15:37:29.001,22245,22245,22245,2,0
2024-09-20 15:37:32.001,22246,22246,22246,2,2
2024-09-20 15:37:34.001,22245,22245,22245,2,-2
2024-09-20 15:37:38.001,22245,22245,22245,2,0
2024-09-20 15:37:40.001,22244,22244,22244,2,-2
2024-09-20 15:37:40.001,22244,22244,22244,4,0
2024-09-20 15:37:40.001,22244,22244,22244,2,0
2024-09-20 15:37:45.001,22245,22245,22245,2,2
2024-09-20 15:37:54.001,22246,22246,22246,10,10
2024-09-20 15:37:54.001,22247,22247,22247,2,2
2024-09-20 15:37:55.001,22246,22246,22246,2,-2
2024-09-20 15:37:55.001,22246,22246,22246,2,0
2024-09-20 15:37:55.001,22246,22246,22246,2,0
2024-09-20 15:37:55.001,22246,22246,22246,2,0
2024-09-20 15:38:03.001,22247,22247,22247,2,2
2024-09-20 15:38:04.001,22248,22248,22248,2,2
2024-09-20 15:38:20.001,22249,22249,22249,2,2
2024-09-20 15:38:20.001,22251,22251,22251,2,2
2024-09-20 15:38:22.001,22251,22251,22251,2,0
2024-09-20 15:38:30.001,22250,22250,22250,2,-2
2024-09-20 15:38:30.001,22250,22250,22250,2,0
2024-09-20 15:38:30.001,22248,22248,22248,2,-2
2024-09-20 15:38:30.001,22248,22248,22248,2,0
2024-09-20 15:38:36.001,22246,22246,22246,2,-2
2024-09-20 15:38:36.001,22246,22246,22246,2,0
2024-09-20 15:38:41.001,22247,22247,22247,2,2
2024-09-20 15:38:41.001,22249,22249,22249,2,2
2024-09-20 15:38:42.001,22246,22246,22246,2,-2
2024-09-20 15:38:48.001,22245,22245,22245,2,-2
2024-09-20 15:38:51.001,22246,22246,22246,2,2
2024-09-20 15:38:57.001,22246,22246,22246,2,0
2024-09-20 15:38:58.001,22245,22245,22245,2,-2
2024-09-20 15:38:58.001,22245,22245,22245,2,0
2024-09-20 15:39:00.001,22247,22247,22247,2,2
2024-09-20 15:39:00.001,22247,22247,22247,6,0
2024-09-20 15:39:00.001,22247,22247,22247,2,0
2024-09-20 15:39:01.001,22248,22248,22248,8,8
2024-09-20 15:39:02.001,22248,22248,22248,6,0
2024-09-20 15:39:21.001,22248,22248,22248,2,0
2024-09-20 15:39:28.001,22249,22249,22249,2,2
2024-09-20 15:39:30.001,22246,22246,22246,2,-2
2024-09-20 15:39:36.001,22246,22246,22246,2,0
2024-09-20 15:39:41.001,22246,22246,22246,2,0
2024-09-20 15:39:41.001,22245,22245,22245,2,-2
2024-09-20 15:39:41.001,22245,22245,22245,4,0
2024-09-20 15:39:41.001,22244,22244,22244,2,-2
2024-09-20 15:39:41.001,22245,22245,22245,2,2
2024-09-20 15:39:46.001,22245,22245,22245,2,0
2024-09-20 15:40:02.001,22245,22245,22245,2,0
2024-09-20 15:40:18.001,22247,22247,22247,2,2
2024-09-20 15:40:30.001,22247,22247,22247,2,0
2024-09-20 15:40:38.001,22248,22248,22248,2,2
2024-09-20 15:40:38.001,22248,22248,22248,2,0
2024-09-20 15:40:38.001,22248,22248,22248,2,0
2024-09-20 15:40:44.001,22250,22250,22250,2,2
2024-09-20 15:40:45.001,22250,22250,22250,2,0
2024-09-20 15:40:45.001,22250,22250,22250,2,0
2024-09-20 15:40:46.001,22252,22252,22252,4,4
2024-09-20 15:40:46.001,22253,22253,22253,16,16
2024-09-20 15:40:46.001,22252,22252,22252,2,-2
2024-09-20 15:40:46.001,22252,22252,22252,2,0
2024-09-20 15:40:49.001,22255,22255,22255,2,2
2024-09-20 15:40:49.001,22254,22254,22254,2,-2
2024-09-20 15:40:50.001,22255,22255,22255,2,2
2024-09-20 15:40:53.001,22254,22254,22254,2,-2
2024-09-20 15:41:11.001,22254,22254,22254,2,0
2024-09-20 15:41:11.001,22254,22254,22254,2,0
2024-09-20 15:41:11.001,22255,22255,22255,4,4
2024-09-20 15:41:14.001,22254,22254,22254,2,-2
2024-09-20 15:41:16.001,22255,22255,22255,2,2
2024-09-20 15:41:33.001,22254,22254,22254,12,-12
2024-09-20 15:41:35.001,22256,22256,22256,2,2
2024-09-20 15:41:35.001,22256,22256,22256,8,0
2024-09-20 15:41:35.001,22257,22257,22257,6,6
2024-09-20 15:41:44.001,22255,22255,22255,2,-2
2024-09-20 15:41:44.001,22255,22255,22255,2,0
2024-09-20 15:41:44.001,22254,22254,22254,2,-2
2024-09-20 15:41:46.001,22256,22256,22256,4,4
2024-09-20 15:42:00.001,22256,22256,22256,6,0
2024-09-20 15:42:00.001,22256,22256,22256,2,0
2024-09-20 15:42:00.001,22256,22256,22256,2,0
2024-09-20 15:42:04.001,22254,22254,22254,2,-2
2024-09-20 15:42:09.001,22255,22255,22255,2,2
2024-09-20 15:42:09.001,22255,22255,22255,2,0
2024-09-20 15:42:09.001,22254,22254,22254,2,-2
2024-09-20 15:42:09.001,22254,22254,22254,2,0
2024-09-20 15:42:09.001,22254,22254,22254,2,0
2024-09-20 15:42:16.001,22255,22255,22255,2,2
2024-09-20 15:42:36.001,22256,22256,22256,2,2
2024-09-20 15:42:37.001,22257,22257,22257,6,6
2024-09-20 15:42:37.001,22257,22257,22257,2,0
2024-09-20 15:42:37.001,22257,22257,22257,2,0
2024-09-20 15:42:41.001,22258,22258,22258,2,2
2024-09-20 15:42:45.001,22258,22258,22258,14,0
2024-09-20 15:42:45.001,22259,22259,22259,8,8
2024-09-20 15:42:47.001,22260,22260,22260,8,8
2024-09-20 15:42:47.001,22261,22261,22261,26,26
2024-09-20 15:42:51.001,22261,22261,22261,4,0
2024-09-20 15:42:51.001,22262,22262,22262,6,6
