2019-04-01,15:00:00.044000,10643,10643,10643,31
2019-04-01,15:00:00.058000,10643,10643,10643,1
2019-04-01,15:00:00.058000,10643,10643,10643,2
2019-04-01,15:00:00.109000,10643,10643,10643,9
2019-04-01,15:00:00.109000,10642,10642,10642,6
2019-04-01,15:00:00.233000,10642,10642,10642,2
2019-04-01,15:00:00.520000,10642,10642,10642,1
2019-04-01,15:00:00.801000,10643,10643,10643,3
2019-04-01,15:00:00.843000,10642,10642,10642,2
2019-04-01,15:00:00.931000,10642,10642,10642,1
2019-04-01,15:00:01.005000,10643,10643,10643,3
2019-04-01,15:00:01.282000,10643,10643,10643,3
2019-04-01,15:00:01.714000,10643,10643,10643,6
2019-04-01,15:00:02.497000,10643,10643,10643,2
2019-04-01,15:00:02.665000,10642,10642,10642,1
2019-04-01,15:00:02.771000,10642,10642,10642,4
2019-04-01,15:00:02.782000,10642,10642,10642,4
2019-04-01,15:00:02.789000,10642,10642,10642,1
2019-04-01,15:00:02.825000,10642,10642,10642,1
2019-04-01,15:00:02.949000,10641,10641,10641,7
2019-04-01,15:00:03.862000,10641,10641,10641,2
2019-04-01,15:00:04.401000,10642,10642,10642,2
2019-04-01,15:00:04.407000,10642,10642,10642,2
2019-04-01,15:00:06.910000,10642,10642,10642,1
2019-04-01,15:00:07.236000,10643,10643,10643,3
2019-04-01,15:00:12.081000,10643,10643,10643,1
2019-04-01,15:00:12.244000,10643,10643,10643,1
2019-04-01,15:00:12.412000,10643,10643,10643,1
2019-04-01,15:00:13.028000,10643,10643,10643,1
2019-04-01,15:00:13.532000,10643,10643,10643,1
2019-04-01,15:00:14.408000,10643,10643,10643,1
2019-04-01,15:00:14.500000,10644,10644,10644,1
2019-04-01,15:00:14.660000,10644,10644,10644,1
2019-04-01,15:00:14.828000,10644,10644,10644,1
2019-04-01,15:00:15.990000,10644,10644,10644,1
2019-04-01,15:00:16.385000,10644,10644,10644,1
2019-04-01,15:00:16.850000,10643,10643,10643,1
2019-04-01,15:00:17.643000,10644,10644,10644,1
2019-04-01,15:00:18.423000,10644,10644,10644,1
2019-04-01,15:00:18.562000,10644,10644,10644,1
2019-04-01,15:00:18.727000,10644,10644,10644,1
2019-04-01,15:00:18.782000,10644,10644,10644,1
2019-04-01,15:00:18.907000,10644,10644,10644,2
2019-04-01,15:00:19.105000,10644,10644,10644,1
2019-04-01,15:00:19.239000,10644,10644,10644,3
2019-04-01,15:00:19.478000,10644,10644,10644,4
2019-04-01,15:00:19.559000,10644,10644,10644,4
2019-04-01,15:00:19.991000,10643,10643,10643,3
2019-04-01,15:00:20.822000,10645,10645,10645,3
2019-04-01,15:00:24.460000,10645,10645,10645,1
2019-04-01,15:00:24.612000,10645,10645,10645,1
2019-04-01,15:00:24.788000,10645,10645,10645,1
2019-04-01,15:00:25.121000,10645,10645,10645,3
2019-04-01,15:00:25.121000,10646,10646,10646,1
2019-04-01,15:00:26.223000,10645,10645,10645,1
2019-04-01,15:00:26.312000,10645,10645,10645,1
2019-04-01,15:00:26.958000,10645,10645,10645,1
2019-04-01,15:00:28.715000,10646,10646,10646,1
2019-04-01,15:00:29.236000,10645,10645,10645,10
2019-04-01,15:00:33.016000,10645,10645,10645,2
2019-04-01,15:00:35.244000,10645,10645,10645,1
2019-04-01,15:00:37.749000,10644,10644,10644,1
2019-04-01,15:00:39.491000,10645,10645,10645,2
2019-04-01,15:00:46.051000,10645,10645,10645,1
2019-04-01,15:00:47.872000,10645,10645,10645,6
2019-04-01,15:00:47.872000,10645,10645,10645,4
2019-04-01,15:00:53.510000,10645,10645,10645,2
2019-04-01,15:00:54.206000,10645,10645,10645,1
2019-04-01,15:00:54.230000,10646,10646,10646,1
2019-04-01,15:00:57.320000,10646,10646,10646,2
2019-04-01,15:00:57.322000,10646,10646,10646,1
2019-04-01,15:00:57.437000,10646,10646,10646,11
2019-04-01,15:01:00.015000,10647,10647,10647,17
2019-04-01,15:01:00.096000,10647,10647,10647,1
2019-04-01,15:01:00.171000,10647,10647,10647,1
2019-04-01,15:01:00.729000,10646,10646,10646,1
2019-04-01,15:01:01.408000,10647,10647,10647,1
2019-04-01,15:01:01.935000,10647,10647,10647,1
2019-04-01,15:01:03.028000,10647,10647,10647,7
2019-04-01,15:01:03.337000,10647,10647,10647,4
2019-04-01,15:01:03.525000,10647,10647,10647,4
2019-04-01,15:01:04.097000,10647,10647,10647,3
2019-04-01,15:01:04.911000,10647,10647,10647,1
2019-04-01,15:01:14.636000,10647,10647,10647,1
2019-04-01,15:01:18.210000,10647,10647,10647,2
2019-04-01,15:01:18.354000,10647,10647,10647,2
2019-04-01,15:01:19.050000,10647,10647,10647,1
2019-04-01,15:01:24.159000,10646,10646,10646,5
2019-04-01,15:01:24.539000,10647,10647,10647,2
2019-04-01,15:01:24.754000,10646,10646,10646,1
2019-04-01,15:01:24.754000,10646,10646,10646,1
2019-04-01,15:01:25.878000,10646,10646,10646,1
2019-04-01,15:01:34.924000,10645,10645,10645,2
2019-04-01,15:01:35.382000,10646,10646,10646,4
2019-04-01,15:01:36.140000,10646,10646,10646,2
2019-04-01,15:01:37.886000,10645,10645,10645,1
2019-04-01,15:01:38.042000,10646,10646,10646,1
2019-04-01,15:01:38.440000,10645,10645,10645,1
2019-04-01,15:01:40.710000,10646,10646,10646,1
2019-04-01,15:01:43.558000,10646,10646,10646,1
2019-04-01,15:01:44.426000,10646,10646,10646,2
2019-04-01,15:01:44.618000,10646,10646,10646,2
2019-04-01,15:01:45.300000,10646,10646,10646,2
2019-04-01,15:01:46.403000,10646,10646,10646,2
2019-04-01,15:01:47.182000,10646,10646,10646,2
2019-04-01,15:01:47.986000,10646,10646,10646,2
2019-04-01,15:02:00.814000,10645,10645,10645,1
2019-04-01,15:02:01.204000,10646,10646,10646,2
2019-04-01,15:02:02.135000,10646,10646,10646,10
2019-04-01,15:02:02.320000,10646,10646,10646,2
2019-04-01,15:02:02.703000,10646,10646,10646,2
2019-04-01,15:02:03.555000,10646,10646,10646,1
2019-04-01,15:02:03.642000,10646,10646,10646,2
2019-04-01,15:02:03.886000,10646,10646,10646,2
2019-04-01,15:02:05.512000,10646,10646,10646,2
2019-04-01,15:02:06.033000,10646,10646,10646,4
2019-04-01,15:02:08.083000,10646,10646,10646,10
2019-04-01,15:02:09.471000,10646,10646,10646,1
2019-04-01,15:02:11.693000,10646,10646,10646,6
2019-04-01,15:02:11.933000,10646,10646,10646,2
2019-04-01,15:02:11.940000,10646,10646,10646,2
2019-04-01,15:02:12.368000,10646,10646,10646,2
2019-04-01,15:02:12.368000,10647,10647,10647,3
2019-04-01,15:02:13.502000,10646,10646,10646,1
2019-04-01,15:02:13.502000,10647,10647,10647,4
2019-04-01,15:02:14.968000,10647,10647,10647,1
2019-04-01,15:02:15.862000,10646,10646,10646,2
2019-04-01,15:02:17.635000,10646,10646,10646,5
2019-04-01,15:02:17.858000,10647,10647,10647,1
2019-04-01,15:02:32.809000,10646,10646,10646,1
2019-04-01,15:02:38.339000,10646,10646,10646,2
2019-04-01,15:03:00.593000,10645,10645,10645,1
2019-04-01,15:03:08.416000,10645,10645,10645,1
2019-04-01,15:03:08.775000,10646,10646,10646,1
2019-04-01,15:03:26.128000,10645,10645,10645,1
2019-04-01,15:03:27.046000,10646,10646,10646,12
2019-04-01,15:03:35.787000,10646,10646,10646,1
2019-04-01,15:03:36.213000,10646,10646,10646,1
2019-04-01,15:03:38.371000,10646,10646,10646,1
2019-04-01,15:03:41.854000,10647,10647,10647,1
2019-04-01,15:03:43.790000,10647,10647,10647,2
2019-04-01,15:03:46.486000,10647,10647,10647,2
2019-04-01,15:03:51.077000,10646,10646,10646,25
2019-04-01,15:03:51.077000,10645,10645,10645,5
2019-04-01,15:03:51.320000,10646,10646,10646,2
2019-04-01,15:03:51.328000,10646,10646,10646,2
2019-04-01,15:03:51.486000,10646,10646,10646,2
2019-04-01,15:04:02.227000,10646,10646,10646,1
2019-04-01,15:04:08.754000,10646,10646,10646,1
2019-04-01,15:04:09.849000,10645,10645,10645,1
2019-04-01,15:04:15.062000,10645,10645,10645,2
2019-04-01,15:04:20.248000,10645,10645,10645,14
2019-04-01,15:04:20.282000,10645,10645,10645,2
2019-04-01,15:04:34.213000,10645,10645,10645,1
2019-04-01,15:04:45.061000,10645,10645,10645,12
2019-04-01,15:04:45.157000,10645,10645,10645,2
2019-04-01,15:04:45.282000,10645,10645,10645,2
2019-04-01,15:04:45.407000,10645,10645,10645,2
2019-04-01,15:04:53.774000,10645,10645,10645,1
2019-04-01,15:04:54.036000,10645,10645,10645,1
2019-04-01,15:04:57.759000,10645,10645,10645,1
2019-04-01,15:05:00.550000,10645,10645,10645,1
2019-04-01,15:05:00.947000,10645,10645,10645,2
2019-04-01,15:05:01.460000,10644,10644,10644,2
2019-04-01,15:05:01.578000,10644,10644,10644,2
2019-04-01,15:05:01.586000,10645,10645,10645,1
2019-04-01,15:05:02.971000,10645,10645,10645,1
2019-04-01,15:05:03.631000,10645,10645,10645,3
2019-04-01,15:05:03.632000,10645,10645,10645,1
2019-04-01,15:05:09.002000,10645,10645,10645,1
2019-04-01,15:05:16.656000,10644,10644,10644,1
2019-04-01,15:05:23.692000,10644,10644,10644,8
2019-04-01,15:05:24.254000,10644,10644,10644,6
2019-04-01,15:05:24.254000,10644,10644,10644,2
2019-04-01,15:05:24.254000,10644,10644,10644,1
2019-04-01,15:05:29.134000,10643,10643,10643,1
2019-04-01,15:05:29.192000,10643,10643,10643,1
2019-04-01,15:05:30.718000,10643,10643,10643,1
2019-04-01,15:05:30.719000,10643,10643,10643,5
2019-04-01,15:05:36.759000,10642,10642,10642,1
2019-04-01,15:05:37.470000,10642,10642,10642,1
2019-04-01,15:05:40.195000,10642,10642,10642,1
2019-04-01,15:05:40.597000,10641,10641,10641,1
2019-04-01,15:05:40.765000,10641,10641,10641,1
2019-04-01,15:05:40.941000,10641,10641,10641,1
2019-04-01,15:05:42.383000,10641,10641,10641,1
2019-04-01,15:05:46.543000,10642,10642,10642,2
2019-04-01,15:05:47.244000,10641,10641,10641,1
2019-04-01,15:05:49.876000,10641,10641,10641,1
2019-04-01,15:05:56.409000,10642,10642,10642,1
2019-04-01,15:05:57.504000,10642,10642,10642,1
2019-04-01,15:06:05.789000,10643,10643,10643,2
2019-04-01,15:06:09.744000,10644,10644,10644,2
2019-04-01,15:06:10.656000,10644,10644,10644,1
2019-04-01,15:06:20.072000,10644,10644,10644,1
2019-04-01,15:06:21.809000,10644,10644,10644,1
2019-04-01,15:06:22.941000,10644,10644,10644,1
2019-04-01,15:06:26.226000,10645,10645,10645,2
2019-04-01,15:06:26.482000,10645,10645,10645,2
2019-04-01,15:06:26.532000,10645,10645,10645,1
2019-04-01,15:06:33.550000,10645,10645,10645,1
2019-04-01,15:06:38.597000,10646,10646,10646,3
2019-04-01,15:06:47.784000,10646,10646,10646,6
2019-04-01,15:06:48.239000,10646,10646,10646,1
2019-04-01,15:06:48.239000,10646,10646,10646,1
2019-04-01,15:06:48.241000,10646,10646,10646,1
2019-04-01,15:06:48.242000,10646,10646,10646,1
2019-04-01,15:06:59.506000,10646,10646,10646,1
2019-04-01,15:07:02.657000,10647,10647,10647,2
2019-04-01,15:07:02.901000,10647,10647,10647,4
2019-04-01,15:07:02.911000,10647,10647,10647,4
2019-04-01,15:07:02.913000,10647,10647,10647,4
2019-04-01,15:07:02.925000,10647,10647,10647,1
2019-04-01,15:07:03.865000,10646,10646,10646,15
2019-04-01,15:07:05.239000,10646,10646,10646,1
2019-04-01,15:07:05.790000,10647,10647,10647,1
2019-04-01,15:07:08.192000,10646,10646,10646,2
2019-04-01,15:07:14.927000,10646,10646,10646,2
2019-04-01,15:07:15.513000,10646,10646,10646,1
2019-04-01,15:07:35.287000,10646,10646,10646,2
2019-04-01,15:07:39.123000,10645,10645,10645,1
2019-04-01,15:07:39.494000,10646,10646,10646,1
2019-04-01,15:07:47.570000,10645,10645,10645,15
2019-04-01,15:07:48.983000,10644,10644,10644,4
2019-04-01,15:07:49.194000,10644,10644,10644,4
2019-04-01,15:08:01.234000,10645,10645,10645,5
2019-04-01,15:08:02.264000,10645,10645,10645,1
2019-04-01,15:08:02.760000,10646,10646,10646,1
2019-04-01,15:08:05.432000,10646,10646,10646,1
2019-04-01,15:08:07.418000,10646,10646,10646,1
2019-04-01,15:08:14.175000,10646,10646,10646,3
2019-04-01,15:08:14.282000,10646,10646,10646,15
2019-04-01,15:08:20.085000,10646,10646,10646,1
2019-04-01,15:08:23.011000,10646,10646,10646,1
2019-04-01,15:08:27.919000,10646,10646,10646,1
2019-04-01,15:08:27.922000,10647,10647,10647,1
2019-04-01,15:08:30.552000,10647,10647,10647,2
2019-04-01,15:08:35.634000,10647,10647,10647,1
2019-04-01,15:08:42.458000,10646,10646,10646,1
2019-04-01,15:08:54.467000,10646,10646,10646,4
2019-04-01,15:09:05.955000,10646,10646,10646,1
2019-04-01,15:09:13.792000,10646,10646,10646,13
2019-04-01,15:09:17.454000,10646,10646,10646,1
2019-04-01,15:09:30.907000,10647,10647,10647,1
2019-04-01,15:09:31.202000,10647,10647,10647,1
2019-04-01,15:09:31.204000,10647,10647,10647,35
2019-04-01,15:09:36.086000,10648,10648,10648,1
2019-04-01,15:09:36.226000,10647,10647,10647,1
2019-04-01,15:09:36.255000,10647,10647,10647,1
2019-04-01,15:09:36.389000,10648,10648,10648,1
2019-04-01,15:09:49.526000,10648,10648,10648,5
2019-04-01,15:09:49.532000,10648,10648,10648,1
2019-04-01,15:09:49.532000,10648,10648,10648,2
2019-04-01,15:09:49.532000,10648,10648,10648,1
2019-04-01,15:09:49.534000,10648,10648,10648,1
2019-04-01,15:09:49.534000,10648,10648,10648,3
2019-04-01,15:09:51.409000,10649,10649,10649,11
2019-04-01,15:09:51.574000,10649,10649,10649,1
2019-04-01,15:09:51.801000,10649,10649,10649,2
2019-04-01,15:09:52.154000,10650,10650,10650,4
2019-04-01,15:09:52.179000,10650,10650,10650,2
2019-04-01,15:09:52.198000,10650,10650,10650,2
2019-04-01,15:09:52.872000,10650,10650,10650,2
2019-04-01,15:09:53.110000,10650,10650,10650,1
2019-04-01,15:09:53.708000,10649,10649,10649,1
2019-04-01,15:09:53.946000,10650,10650,10650,1
2019-04-01,15:09:53.988000,10650,10650,10650,1
2019-04-01,15:09:54.447000,10650,10650,10650,1
2019-04-01,15:09:56.531000,10650,10650,10650,2
2019-04-01,15:09:58.642000,10650,10650,10650,1
2019-04-01,15:10:00.370000,10651,10651,10651,1
2019-04-01,15:10:00.671000,10651,10651,10651,1
2019-04-01,15:10:00.792000,10651,10651,10651,1
2019-04-01,15:10:03.436000,10651,10651,10651,2
2019-04-01,15:10:03.686000,10651,10651,10651,1
2019-04-01,15:10:04.491000,10651,10651,10651,1
2019-04-01,15:10:07.169000,10651,10651,10651,1
2019-04-01,15:10:07.365000,10651,10651,10651,1
2019-04-01,15:10:08.786000,10651,10651,10651,2
2019-04-01,15:10:08.795000,10651,10651,10651,6
2019-04-01,15:10:09.035000,10652,10652,10652,12
2019-04-01,15:10:09.267000,10652,10652,10652,5
2019-04-01,15:10:09.799000,10652,10652,10652,1
2019-04-01,15:10:10.930000,10652,10652,10652,1
2019-04-01,15:10:15.985000,10652,10652,10652,2
2019-04-01,15:10:17.152000,10653,10653,10653,1
2019-04-01,15:10:18.126000,10653,10653,10653,2
2019-04-01,15:10:23.501000,10653,10653,10653,1
2019-04-01,15:10:29.510000,10653,10653,10653,1
2019-04-01,15:10:32.573000,10653,10653,10653,1
2019-04-01,15:10:36.702000,10653,10653,10653,5
2019-04-01,15:10:37.110000,10653,10653,10653,5
2019-04-01,15:10:38.041000,10653,10653,10653,1
2019-04-01,15:10:38.464000,10653,10653,10653,1
2019-04-01,15:10:39.336000,10653,10653,10653,1
2019-04-01,15:10:39.941000,10653,10653,10653,1
2019-04-01,15:10:42.423000,10653,10653,10653,1
2019-04-01,15:10:44.668000,10653,10653,10653,2
2019-04-01,15:10:45.024000,10653,10653,10653,1
2019-04-01,15:10:46.386000,10653,10653,10653,1
2019-04-01,15:10:46.644000,10653,10653,10653,1
2019-04-01,15:10:56.635000,10652,10652,10652,21
2019-04-01,15:10:56.876000,10652,10652,10652,2
2019-04-01,15:10:59.180000,10652,10652,10652,1
2019-04-01,15:10:59.383000,10652,10652,10652,1
2019-04-01,15:10:59.673000,10652,10652,10652,1
2019-04-01,15:11:01.284000,10651,10651,10651,3
2019-04-01,15:11:03.063000,10652,10652,10652,2
2019-04-01,15:11:03.306000,10652,10652,10652,2
2019-04-01,15:11:03.564000,10652,10652,10652,2
2019-04-01,15:11:04.536000,10652,10652,10652,2
2019-04-01,15:11:04.537000,10652,10652,10652,1
2019-04-01,15:11:04.781000,10652,10652,10652,1
2019-04-01,15:11:05.849000,10652,10652,10652,1
2019-04-01,15:11:06.527000,10652,10652,10652,1
2019-04-01,15:11:06.581000,10653,10653,10653,2
2019-04-01,15:11:08.399000,10652,10652,10652,1
2019-04-01,15:11:10.756000,10652,10652,10652,1
2019-04-01,15:11:12.269000,10652,10652,10652,1
2019-04-01,15:11:12.328000,10652,10652,10652,1
2019-04-01,15:11:12.376000,10652,10652,10652,1
2019-04-01,15:11:12.407000,10652,10652,10652,1
2019-04-01,15:11:18.238000,10652,10652,10652,3
2019-04-01,15:11:18.801000,10652,10652,10652,1
2019-04-01,15:11:22.150000,10652,10652,10652,5
2019-04-01,15:11:23.994000,10653,10653,10653,2
2019-04-01,15:11:23.995000,10652,10652,10652,4
2019-04-01,15:11:26.503000,10652,10652,10652,1
2019-04-01,15:11:32.004000,10653,10653,10653,1
2019-04-01,15:11:34.510000,10653,10653,10653,6
2019-04-01,15:11:39.604000,10653,10653,10653,2
2019-04-01,15:11:44.239000,10653,10653,10653,1
2019-04-01,15:12:11.932000,10653,10653,10653,1
2019-04-01,15:12:18.059000,10652,10652,10652,2
2019-04-01,15:12:19.090000,10653,10653,10653,1
2019-04-01,15:12:21.015000,10652,10652,10652,1
2019-04-01,15:12:34.389000,10652,10652,10652,1
2019-04-01,15:12:34.409000,10652,10652,10652,50
2019-04-01,15:12:39.743000,10651,10651,10651,1
2019-04-01,15:12:40.197000,10651,10651,10651,16
2019-04-01,15:12:41.443000,10650,10650,10650,1
2019-04-01,15:12:41.527000,10651,10651,10651,1
2019-04-01,15:12:41.786000,10650,10650,10650,21
2019-04-01,15:12:41.786000,10649,10649,10649,19
2019-04-01,15:12:41.803000,10649,10649,10649,37
2019-04-01,15:12:41.803000,10648,10648,10648,3
2019-04-01,15:12:41.818000,10648,10648,10648,39
2019-04-01,15:12:41.818000,10647,10647,10647,1
2019-04-01,15:12:41.825000,10648,10648,10648,1
2019-04-01,15:12:41.825000,10647,10647,10647,21
2019-04-01,15:12:41.908000,10647,10647,10647,8
2019-04-01,15:12:41.908000,10647,10647,10647,2
2019-04-01,15:12:42.157000,10648,10648,10648,5
2019-04-01,15:12:42.282000,10647,10647,10647,6
2019-04-01,15:12:42.282000,10647,10647,10647,2
2019-04-01,15:12:42.407000,10647,10647,10647,2
2019-04-01,15:12:42.421000,10647,10647,10647,2
2019-04-01,15:12:42.532000,10647,10647,10647,2
2019-04-01,15:12:42.646000,10647,10647,10647,1
2019-04-01,15:12:42.721000,10646,10646,10646,4
2019-04-01,15:12:42.785000,10646,10646,10646,4
2019-04-01,15:12:42.846000,10646,10646,10646,1
2019-04-01,15:12:42.846000,10646,10646,10646,1
2019-04-01,15:12:42.846000,10646,10646,10646,1
2019-04-01,15:12:42.849000,10646,10646,10646,1
2019-04-01,15:12:42.909000,10645,10645,10645,5
2019-04-01,15:12:42.949000,10646,10646,10646,1
2019-04-01,15:12:43.032000,10646,10646,10646,1
2019-04-01,15:12:43.907000,10646,10646,10646,3
2019-04-01,15:12:44.190000,10646,10646,10646,1
2019-04-01,15:12:44.555000,10647,10647,10647,4
2019-04-01,15:12:46.823000,10648,10648,10648,3
2019-04-01,15:13:01.999000,10646,10646,10646,2
2019-04-01,15:13:11.637000,10647,10647,10647,5
2019-04-01,15:13:11.659000,10647,10647,10647,4
2019-04-01,15:13:16.578000,10648,10648,10648,1
2019-04-01,15:13:21.225000,10648,10648,10648,6
2019-04-01,15:13:23.546000,10648,10648,10648,1
2019-04-01,15:13:24.203000,10648,10648,10648,1
2019-04-01,15:13:24.248000,10648,10648,10648,1
2019-04-01,15:13:25.785000,10648,10648,10648,1
2019-04-01,15:13:26.361000,10648,10648,10648,1
2019-04-01,15:13:40.101000,10648,10648,10648,3
2019-04-01,15:13:42.260000,10649,10649,10649,2
2019-04-01,15:13:42.298000,10648,10648,10648,4
2019-04-01,15:13:42.541000,10648,10648,10648,1
2019-04-01,15:13:42.573000,10648,10648,10648,1
2019-04-01,15:13:42.818000,10648,10648,10648,2
2019-04-01,15:13:45.464000,10649,10649,10649,3
2019-04-01,15:13:50.576000,10648,10648,10648,1
2019-04-01,15:13:54.386000,10648,10648,10648,1
2019-04-01,15:13:59.002000,10648,10648,10648,1
2019-04-01,15:14:05.535000,10648,10648,10648,1
2019-04-01,15:14:12.518000,10648,10648,10648,1
2019-04-01,15:14:13.116000,10649,10649,10649,2
2019-04-01,15:14:13.452000,10649,10649,10649,7
2019-04-01,15:14:17.477000,10650,10650,10650,2
2019-04-01,15:14:19.186000,10649,10649,10649,1
2019-04-01,15:14:19.987000,10649,10649,10649,2
2019-04-01,15:14:20.356000,10649,10649,10649,1
2019-04-01,15:14:23.213000,10650,10650,10650,2
2019-04-01,15:14:35.008000,10649,10649,10649,1
2019-04-01,15:14:35.779000,10650,10650,10650,1
2019-04-01,15:15:11.621000,10650,10650,10650,1
2019-04-01,15:15:26.135000,10650,10650,10650,4
2019-04-01,15:15:26.532000,10649,10649,10649,1
2019-04-01,15:15:46.261000,10650,10650,10650,4
2019-04-01,15:15:46.619000,10649,10649,10649,1
2019-04-01,15:15:54.830000,10649,10649,10649,1
2019-04-01,15:15:54.830000,10649,10649,10649,10
2019-04-01,15:15:54.950000,10648,10648,10648,1
2019-04-01,15:15:55.074000,10649,10649,10649,2
2019-04-01,15:15:55.081000,10649,10649,10649,2
2019-04-01,15:15:55.312000,10649,10649,10649,2
2019-04-01,15:15:55.320000,10649,10649,10649,2
2019-04-01,15:16:14.232000,10649,10649,10649,1
2019-04-01,15:16:48.368000,10649,10649,10649,1
2019-04-01,15:16:48.910000,10649,10649,10649,2
2019-04-01,15:16:51.925000,10649,10649,10649,2
2019-04-01,15:16:55.701000,10649,10649,10649,2
2019-04-01,15:16:55.939000,10649,10649,10649,2
2019-04-01,15:16:56.177000,10649,10649,10649,2
2019-04-01,15:16:56.414000,10649,10649,10649,1
2019-04-01,15:16:56.532000,10649,10649,10649,1
2019-04-01,15:17:17.852000,10649,10649,10649,2
2019-04-01,15:17:19.089000,10649,10649,10649,1
2019-04-01,15:17:23.831000,10649,10649,10649,1
2019-04-01,15:17:24.404000,10649,10649,10649,1
2019-04-01,15:17:24.405000,10649,10649,10649,1
2019-04-01,15:17:24.405000,10649,10649,10649,1
2019-04-01,15:17:24.407000,10649,10649,10649,3
2019-04-01,15:17:24.647000,10649,10649,10649,1
2019-04-01,15:17:24.782000,10649,10649,10649,1
2019-04-01,15:17:25.019000,10649,10649,10649,1
2019-04-01,15:17:26.226000,10649,10649,10649,1
2019-04-01,15:17:26.226000,10648,10648,10648,2
2019-04-01,15:17:26.467000,10649,10649,10649,1
2019-04-01,15:17:30.301000,10649,10649,10649,3
2019-04-01,15:17:45.583000,10649,10649,10649,5
2019-04-01,15:17:45.583000,10648,10648,10648,1
2019-04-01,15:17:56.324000,10649,10649,10649,1
2019-04-01,15:18:00.964000,10648,10648,10648,1
2019-04-01,15:18:01.884000,10648,10648,10648,1
2019-04-01,15:18:02.479000,10649,10649,10649,1
2019-04-01,15:18:02.508000,10649,10649,10649,1
2019-04-01,15:18:02.521000,10649,10649,10649,1
2019-04-01,15:18:02.525000,10649,10649,10649,1
2019-04-01,15:18:03.303000,10648,10648,10648,1
2019-04-01,15:18:04.357000,10648,10648,10648,1
2019-04-01,15:18:07.804000,10649,10649,10649,1
2019-04-01,15:18:07.994000,10649,10649,10649,2
2019-04-01,15:18:21.552000,10649,10649,10649,2
2019-04-01,15:18:21.984000,10649,10649,10649,1
2019-04-01,15:18:22.010000,10649,10649,10649,1
2019-04-01,15:18:41.494000,10648,10648,10648,1
2019-04-01,15:18:42.032000,10649,10649,10649,1
2019-04-01,15:18:50.680000,10649,10649,10649,1
2019-04-01,15:19:12.621000,10649,10649,10649,5
2019-04-01,15:19:13.096000,10648,10648,10648,2
2019-04-01,15:19:13.221000,10649,10649,10649,1
2019-04-01,15:19:15.037000,10649,10649,10649,1
2019-04-01,15:19:15.037000,10649,10649,10649,1
2019-04-01,15:19:15.122000,10649,10649,10649,1
2019-04-01,15:19:15.274000,10649,10649,10649,1
2019-04-01,15:19:16.869000,10649,10649,10649,1
2019-04-01,15:19:17.108000,10649,10649,10649,2
2019-04-01,15:19:27.350000,10649,10649,10649,20
2019-04-01,15:19:29.326000,10649,10649,10649,2
2019-04-01,15:19:29.461000,10649,10649,10649,1
2019-04-01,15:19:29.563000,10649,10649,10649,1
2019-04-01,15:19:38.415000,10649,10649,10649,1
2019-04-01,15:19:40.230000,10649,10649,10649,1
2019-04-01,15:19:48.170000,10649,10649,10649,2
2019-04-01,15:19:51.435000,10649,10649,10649,1
2019-04-01,15:19:51.471000,10648,10648,10648,1
2019-04-01,15:19:53.283000,10649,10649,10649,1
2019-04-01,15:20:01.161000,10649,10649,10649,2
2019-04-01,15:20:02.339000,10649,10649,10649,1
2019-04-01,15:20:08.755000,10649,10649,10649,2
2019-04-01,15:20:08.760000,10649,10649,10649,3
2019-04-01,15:20:12.564000,10649,10649,10649,3
2019-04-01,15:20:14.201000,10649,10649,10649,7
2019-04-01,15:20:14.521000,10649,10649,10649,1
2019-04-01,15:20:19.366000,10649,10649,10649,6
2019-04-01,15:20:21.271000,10649,10649,10649,1
2019-04-01,15:20:52.500000,10649,10649,10649,6
2019-04-01,15:20:53.908000,10649,10649,10649,5
2019-04-01,15:21:13.842000,10649,10649,10649,1
2019-04-01,15:21:30.246000,10648,10648,10648,1
2019-04-01,15:21:36.710000,10648,10648,10648,1
2019-04-01,15:21:55.111000,10649,10649,10649,1
2019-04-01,15:21:55.112000,10649,10649,10649,1
2019-04-01,15:21:55.112000,10649,10649,10649,13
2019-04-01,15:21:55.112000,10649,10649,10649,1
2019-04-01,15:21:55.157000,10649,10649,10649,1
2019-04-01,15:21:56.338000,10649,10649,10649,1
2019-04-01,15:22:09.956000,10649,10649,10649,1
2019-04-01,15:22:21.500000,10649,10649,10649,2
2019-04-01,15:22:25.709000,10649,10649,10649,2
2019-04-01,15:22:29.339000,10649,10649,10649,1
2019-04-01,15:22:29.793000,10649,10649,10649,1
2019-04-01,15:22:34.552000,10649,10649,10649,3
2019-04-01,15:23:02.981000,10649,10649,10649,2
2019-04-01,15:23:03.220000,10649,10649,10649,2
2019-04-01,15:23:03.462000,10649,10649,10649,2
2019-04-01,15:23:03.700000,10649,10649,10649,2
2019-04-01,15:23:03.939000,10649,10649,10649,1
2019-04-01,15:23:13.190000,10649,10649,10649,1
2019-04-01,15:23:13.214000,10649,10649,10649,2
2019-04-01,15:23:13.453000,10649,10649,10649,1
2019-04-01,15:23:15.182000,10649,10649,10649,1
2019-04-01,15:23:15.419000,10649,10649,10649,1
2019-04-01,15:23:28.239000,10649,10649,10649,3
2019-04-01,15:23:44.026000,10649,10649,10649,1
2019-04-01,15:23:45.220000,10649,10649,10649,1
2019-04-01,15:23:48.300000,10649,10649,10649,1
2019-04-01,15:24:10.994000,10649,10649,10649,1
2019-04-01,15:24:13.777000,10649,10649,10649,1
2019-04-01,15:24:13.777000,10649,10649,10649,2
2019-04-01,15:24:14.015000,10649,10649,10649,2
2019-04-01,15:24:14.251000,10649,10649,10649,1
2019-04-01,15:24:25.903000,10649,10649,10649,1
2019-04-01,15:24:30.727000,10649,10649,10649,1
2019-04-01,15:24:39.548000,10649,10649,10649,1
2019-04-01,15:24:42.122000,10649,10649,10649,3
2019-04-01,15:24:42.122000,10649,10649,10649,1
2019-04-01,15:24:42.122000,10649,10649,10649,1
2019-04-01,15:24:48.040000,10649,10649,10649,1
2019-04-01,15:24:48.040000,10649,10649,10649,1
2019-04-01,15:24:48.157000,10649,10649,10649,1
2019-04-01,15:24:48.282000,10649,10649,10649,1
2019-04-01,15:24:50.293000,10649,10649,10649,1
2019-04-01,15:25:09.643000,10649,10649,10649,2
2019-04-01,15:25:23.024000,10649,10649,10649,1
2019-04-01,15:25:23.024000,10649,10649,10649,4
2019-04-01,15:25:23.263000,10649,10649,10649,2
2019-04-01,15:25:25.120000,10649,10649,10649,2
2019-04-01,15:25:25.360000,10649,10649,10649,2
2019-04-01,15:25:42.681000,10649,10649,10649,10
2019-04-01,15:25:52.923000,10649,10649,10649,1
2019-04-01,15:25:55.609000,10649,10649,10649,1
2019-04-01,15:25:56.931000,10650,10650,10650,2
2019-04-01,15:26:23.009000,10649,10649,10649,1
2019-04-01,15:26:27.739000,10649,10649,10649,1
2019-04-01,15:26:30.654000,10649,10649,10649,1
2019-04-01,15:26:42.278000,10650,10650,10650,25
2019-04-01,15:26:52.620000,10650,10650,10650,1
2019-04-01,15:27:06.681000,10650,10650,10650,2
2019-04-01,15:27:09.074000,10650,10650,10650,17
2019-04-01,15:27:14.872000,10650,10650,10650,1
2019-04-01,15:27:52.068000,10650,10650,10650,1
2019-04-01,15:28:02.519000,10651,10651,10651,1
2019-04-01,15:28:02.867000,10651,10651,10651,4
2019-04-01,15:28:04.890000,10651,10651,10651,1
2019-04-01,15:28:16.253000,10651,10651,10651,3
2019-04-01,15:28:18.716000,10651,10651,10651,1
2019-04-01,15:28:18.719000,10651,10651,10651,1
2019-04-01,15:28:18.719000,10651,10651,10651,9
2019-04-01,15:28:20.232000,10651,10651,10651,1
2019-04-01,15:28:22.789000,10652,10652,10652,1
2019-04-01,15:28:24.929000,10652,10652,10652,1
2019-04-01,15:28:32.143000,10651,10651,10651,1
2019-04-01,15:28:43.066000,10651,10651,10651,10
2019-04-01,15:28:43.306000,10651,10651,10651,1
2019-04-01,15:28:43.347000,10651,10651,10651,1
2019-04-01,15:28:43.434000,10652,10652,10652,1
2019-04-01,15:28:43.584000,10651,10651,10651,1
2019-04-01,15:28:43.657000,10651,10651,10651,1
2019-04-01,15:28:46.313000,10650,10650,10650,1
2019-04-01,15:29:09.642000,10651,10651,10651,2
2019-04-01,15:29:12.140000,10651,10651,10651,1
2019-04-01,15:29:12.140000,10651,10651,10651,1
2019-04-01,15:29:28.973000,10651,10651,10651,2
2019-04-01,15:29:41.973000,10651,10651,10651,1
2019-04-01,15:29:46.628000,10651,10651,10651,3
2019-04-01,15:29:51.613000,10651,10651,10651,1
2019-04-01,15:29:57.409000,10651,10651,10651,1
2019-04-01,15:29:59.053000,10651,10651,10651,1
2019-04-01,15:30:00.616000,10651,10651,10651,1
2019-04-01,15:30:01.300000,10651,10651,10651,5
2019-04-01,15:30:01.514000,10651,10651,10651,1
2019-04-01,15:30:03.060000,10651,10651,10651,2
2019-04-01,15:30:04.839000,10650,10650,10650,6
2019-04-01,15:30:11.145000,10650,10650,10650,6
2019-04-01,15:30:11.157000,10650,10650,10650,17
2019-04-01,15:30:11.282000,10650,10650,10650,1
2019-04-01,15:30:16.277000,10650,10650,10650,1
2019-04-01,15:30:17.826000,10649,10649,10649,1
2019-04-01,15:30:18.748000,10649,10649,10649,2
2019-04-01,15:30:24.599000,10650,10650,10650,1
2019-04-01,15:30:42.211000,10649,10649,10649,1
2019-04-01,15:30:44.877000,10649,10649,10649,6
2019-04-01,15:30:46.385000,10649,10649,10649,1
2019-04-01,15:30:46.878000,10649,10649,10649,1
2019-04-01,15:30:47.791000,10649,10649,10649,1
2019-04-01,15:30:51.582000,10649,10649,10649,1
2019-04-01,15:30:56.770000,10650,10650,10650,8
2019-04-01,15:31:08.762000,10650,10650,10650,1
2019-04-01,15:31:16.845000,10650,10650,10650,1
2019-04-01,15:31:27.410000,10650,10650,10650,1
2019-04-01,15:31:44.927000,10650,10650,10650,1
2019-04-01,15:31:49.879000,10651,10651,10651,2
2019-04-01,15:31:59.428000,10650,10650,10650,2
2019-04-01,15:31:59.429000,10650,10650,10650,11
2019-04-01,15:32:17.068000,10650,10650,10650,2
2019-04-01,15:32:21.072000,10649,10649,10649,1
2019-04-01,15:32:25.251000,10649,10649,10649,1
2019-04-01,15:32:29.663000,10650,10650,10650,1
2019-04-01,15:32:29.664000,10650,10650,10650,1
2019-04-01,15:32:44.086000,10650,10650,10650,5
2019-04-01,15:32:50.869000,10650,10650,10650,1
2019-04-01,15:33:05.434000,10650,10650,10650,2
2019-04-01,15:33:07.297000,10650,10650,10650,1
2019-04-01,15:33:10.453000,10650,10650,10650,1
2019-04-01,15:33:21.264000,10650,10650,10650,3
2019-04-01,15:33:22.217000,10650,10650,10650,2
2019-04-01,15:33:22.217000,10650,10650,10650,2
2019-04-01,15:33:25.281000,10650,10650,10650,1
2019-04-01,15:33:26.395000,10650,10650,10650,1
2019-04-01,15:33:32.225000,10651,10651,10651,1
2019-04-01,15:33:32.282000,10651,10651,10651,9
2019-04-01,15:33:34.260000,10651,10651,10651,1
2019-04-01,15:33:38.515000,10651,10651,10651,2
2019-04-01,15:33:42.006000,10651,10651,10651,1
2019-04-01,15:34:05.159000,10651,10651,10651,1
2019-04-01,15:35:17.370000,10651,10651,10651,1
2019-04-01,15:35:17.830000,10652,10652,10652,1
2019-04-01,15:35:27.022000,10652,10652,10652,2
2019-04-01,15:35:27.032000,10652,10652,10652,1
2019-04-01,15:35:28.910000,10652,10652,10652,2
2019-04-01,15:35:29.032000,10652,10652,10652,1
2019-04-01,15:35:29.157000,10652,10652,10652,1
2019-04-01,15:35:33.532000,10652,10652,10652,1
2019-04-01,15:35:33.635000,10652,10652,10652,1
2019-04-01,15:35:33.657000,10652,10652,10652,1
2019-04-01,15:35:38.984000,10652,10652,10652,1
2019-04-01,15:35:54.517000,10652,10652,10652,1
2019-04-01,15:35:54.519000,10652,10652,10652,8
2019-04-01,15:35:54.532000,10652,10652,10652,4
2019-04-01,15:35:58.377000,10652,10652,10652,1
2019-04-01,15:36:01.663000,10652,10652,10652,1
2019-04-01,15:36:02.212000,10652,10652,10652,1
2019-04-01,15:36:03.542000,10651,10651,10651,10
2019-04-01,15:36:03.685000,10651,10651,10651,12
2019-04-01,15:36:04.210000,10651,10651,10651,1
2019-04-01,15:36:04.396000,10651,10651,10651,1
2019-04-01,15:36:04.426000,10651,10651,10651,4
2019-04-01,15:36:04.454000,10651,10651,10651,1
2019-04-01,15:36:58.764000,10651,10651,10651,2
2019-04-01,15:36:58.764000,10651,10651,10651,2
2019-04-01,15:36:58.764000,10651,10651,10651,1
2019-04-01,15:36:58.765000,10651,10651,10651,1
2019-04-01,15:37:06.589000,10652,10652,10652,1
2019-04-01,15:37:43.134000,10651,10651,10651,1
2019-04-01,15:37:43.537000,10652,10652,10652,1
2019-04-01,15:37:53.304000,10652,10652,10652,1
2019-04-01,15:38:19.124000,10652,10652,10652,2
2019-04-01,15:38:37.077000,10651,10651,10651,2
2019-04-01,15:38:51.091000,10652,10652,10652,7
2019-04-01,15:39:15.895000,10652,10652,10652,1
2019-04-01,15:39:30.654000,10652,10652,10652,1
2019-04-01,15:39:30.657000,10652,10652,10652,1
2019-04-01,15:39:41.644000,10652,10652,10652,16
2019-04-01,15:40:05.405000,10652,10652,10652,1
2019-04-01,15:40:07.692000,10652,10652,10652,1
2019-04-01,15:40:14.441000,10653,10653,10653,1
2019-04-01,15:40:14.558000,10653,10653,10653,5
2019-04-01,15:40:14.558000,10653,10653,10653,5
2019-04-01,15:40:19.277000,10653,10653,10653,1
2019-04-01,15:40:20.502000,10653,10653,10653,1
2019-04-01,15:40:24.392000,10653,10653,10653,1
2019-04-01,15:40:24.462000,10653,10653,10653,1
2019-04-01,15:40:26.675000,10652,10652,10652,1
2019-04-01,15:40:44.002000,10653,10653,10653,1
2019-04-01,15:40:46.871000,10652,10652,10652,1
2019-04-01,15:40:54.062000,10653,10653,10653,2
2019-04-01,15:40:55.659000,10653,10653,10653,19
2019-04-01,15:40:58.123000,10654,10654,10654,1
2019-04-01,15:40:58.205000,10654,10654,10654,2
2019-04-01,15:40:58.213000,10654,10654,10654,1
2019-04-01,15:40:58.279000,10654,10654,10654,1
2019-04-01,15:40:58.295000,10654,10654,10654,1
2019-04-01,15:40:58.297000,10654,10654,10654,1
2019-04-01,15:40:58.407000,10654,10654,10654,3
2019-04-01,15:40:59.933000,10654,10654,10654,1
2019-04-01,15:41:01.093000,10654,10654,10654,1
2019-04-01,15:41:07.839000,10654,10654,10654,1
2019-04-01,15:41:13.526000,10654,10654,10654,1
2019-04-01,15:41:14.705000,10654,10654,10654,1
2019-04-01,15:41:14.746000,10653,10653,10653,10
2019-04-01,15:41:15.552000,10654,10654,10654,1
2019-04-01,15:41:16.794000,10653,10653,10653,1
2019-04-01,15:41:29.379000,10654,10654,10654,3
2019-04-01,15:41:35.133000,10653,10653,10653,1
2019-04-01,15:42:05.602000,10654,10654,10654,1
2019-04-01,15:42:14.232000,10654,10654,10654,1
2019-04-01,15:42:22.124000,10654,10654,10654,1
2019-04-01,15:42:24.826000,10653,10653,10653,1
2019-04-01,15:42:29.786000,10654,10654,10654,1
2019-04-01,15:42:36.624000,10654,10654,10654,1
2019-04-01,15:42:39.968000,10654,10654,10654,4
2019-04-01,15:42:43.407000,10654,10654,10654,2
2019-04-01,15:42:55.256000,10654,10654,10654,1
2019-04-01,15:42:55.572000,10654,10654,10654,2
2019-04-01,15:42:58.781000,10654,10654,10654,4
2019-04-01,15:43:02.605000,10654,10654,10654,1
2019-04-01,15:43:08.407000,10654,10654,10654,20
2019-04-01,15:43:10.461000,10654,10654,10654,1
2019-04-01,15:43:14.980000,10654,10654,10654,5
2019-04-01,15:43:20.225000,10654,10654,10654,1
2019-04-01,15:43:25.807000,10655,10655,10655,1
2019-04-01,15:43:25.937000,10655,10655,10655,2
2019-04-01,15:43:25.938000,10655,10655,10655,1
2019-04-01,15:43:25.940000,10655,10655,10655,1
2019-04-01,15:43:25.944000,10655,10655,10655,1
2019-04-01,15:43:26.021000,10655,10655,10655,1
2019-04-01,15:43:26.251000,10655,10655,10655,1
2019-04-01,15:43:26.480000,10655,10655,10655,1
2019-04-01,15:43:26.562000,10655,10655,10655,1
2019-04-01,15:43:30.818000,10655,10655,10655,1
2019-04-01,15:43:33.648000,10655,10655,10655,1
2019-04-01,15:43:34.275000,10655,10655,10655,1
2019-04-01,15:43:38.867000,10655,10655,10655,1
2019-04-01,15:43:44.315000,10655,10655,10655,6
2019-04-01,15:43:45.414000,10654,10654,10654,1
2019-04-01,15:43:45.769000,10654,10654,10654,10
2019-04-01,15:43:45.782000,10654,10654,10654,4
2019-04-01,15:43:45.907000,10654,10654,10654,1
2019-04-01,15:43:46.640000,10654,10654,10654,3
2019-04-01,15:43:58.642000,10654,10654,10654,11
2019-04-01,15:44:04.532000,10653,10653,10653,10
2019-04-01,15:44:04.657000,10653,10653,10653,2
2019-04-01,15:44:04.657000,10653,10653,10653,2
2019-04-01,15:44:04.657000,10653,10653,10653,3
2019-04-01,15:44:04.657000,10653,10653,10653,1
2019-04-01,15:44:10.929000,10652,10652,10652,1
2019-04-01,15:44:11.741000,10652,10652,10652,4
2019-04-01,15:44:13.153000,10652,10652,10652,7
2019-04-01,15:44:13.157000,10652,10652,10652,1
2019-04-01,15:44:13.282000,10652,10652,10652,1
2019-04-01,15:44:24.769000,10652,10652,10652,1
2019-04-01,15:44:25.807000,10652,10652,10652,2
2019-04-01,15:44:26.187000,10651,10651,10651,1
2019-04-01,15:44:27.560000,10652,10652,10652,1
2019-04-01,15:44:30.469000,10652,10652,10652,2
2019-04-01,15:44:31.621000,10651,10651,10651,1
2019-04-01,15:44:37.102000,10652,10652,10652,2
2019-04-01,15:44:39.196000,10652,10652,10652,1
2019-04-01,15:44:39.236000,10652,10652,10652,1
2019-04-01,15:44:52.380000,10653,10653,10653,1
2019-04-01,15:44:54.083000,10653,10653,10653,1
2019-04-01,15:44:55.605000,10653,10653,10653,1
2019-04-01,15:45:10.669000,10654,10654,10654,1
2019-04-01,15:45:11.407000,10654,10654,10654,1
2019-04-01,15:45:11.532000,10654,10654,10654,8
2019-04-01,15:45:21.561000,10654,10654,10654,1
2019-04-01,15:45:24.919000,10654,10654,10654,5
2019-04-01,15:45:26.271000,10654,10654,10654,1
2019-04-01,15:45:39.471000,10654,10654,10654,1
2019-04-01,15:45:47.448000,10654,10654,10654,1
2019-04-01,15:45:48.378000,10654,10654,10654,1
2019-04-01,15:46:05.321000,10654,10654,10654,1
2019-04-01,15:46:08.841000,10655,10655,10655,1
2019-04-01,15:46:21.886000,10655,10655,10655,1
2019-04-01,15:46:23.208000,10655,10655,10655,1
2019-04-01,15:46:23.209000,10655,10655,10655,1
2019-04-01,15:46:23.282000,10655,10655,10655,4
2019-04-01,15:46:23.284000,10655,10655,10655,11
2019-04-01,15:46:30.073000,10656,10656,10656,1
2019-04-01,15:46:30.184000,10656,10656,10656,1
2019-04-01,15:46:30.208000,10656,10656,10656,1
2019-04-01,15:46:30.228000,10656,10656,10656,1
2019-04-01,15:46:32.929000,10655,10655,10655,1
2019-04-01,15:46:34.536000,10656,10656,10656,1
2019-04-01,15:46:34.609000,10655,10655,10655,1
2019-04-01,15:46:34.701000,10656,10656,10656,5
2019-04-01,15:46:34.702000,10656,10656,10656,4
2019-04-01,15:46:34.702000,10656,10656,10656,1
2019-04-01,15:46:43.394000,10657,10657,10657,5
2019-04-01,15:46:43.670000,10657,10657,10657,1
2019-04-01,15:46:43.744000,10657,10657,10657,12
2019-04-01,15:46:43.830000,10657,10657,10657,8
2019-04-01,15:46:43.907000,10657,10657,10657,2
2019-04-01,15:46:48.121000,10657,10657,10657,2
2019-04-01,15:46:50.331000,10657,10657,10657,1
2019-04-01,15:46:50.801000,10657,10657,10657,1
2019-04-01,15:46:52.168000,10657,10657,10657,1
2019-04-01,15:46:54.603000,10657,10657,10657,1
2019-04-01,15:46:56.194000,10657,10657,10657,1
2019-04-01,15:46:57.641000,10656,10656,10656,10
2019-04-01,15:46:57.809000,10657,10657,10657,7
2019-04-01,15:46:58.114000,10657,10657,10657,1
2019-04-01,15:46:59.496000,10657,10657,10657,2
2019-04-01,15:46:59.508000,10656,10656,10656,1
2019-04-01,15:47:03.821000,10656,10656,10656,3
2019-04-01,15:47:04.326000,10656,10656,10656,1
2019-04-01,15:47:04.437000,10657,10657,10657,2
2019-04-01,15:47:06.413000,10656,10656,10656,2
2019-04-01,15:47:08.320000,10657,10657,10657,4
2019-04-01,15:47:10.535000,10657,10657,10657,1
2019-04-01,15:47:12.412000,10658,10658,10658,2
2019-04-01,15:47:12.551000,10658,10658,10658,1
2019-04-01,15:47:12.554000,10658,10658,10658,20
2019-04-01,15:47:12.559000,10658,10658,10658,4
2019-04-01,15:47:12.566000,10658,10658,10658,3
2019-04-01,15:47:14.070000,10658,10658,10658,2
2019-04-01,15:47:14.901000,10658,10658,10658,1
2019-04-01,15:47:20.219000,10658,10658,10658,1
2019-04-01,15:47:21.342000,10657,10657,10657,7
2019-04-01,15:47:21.582000,10657,10657,10657,2
2019-04-01,15:47:21.590000,10657,10657,10657,1
2019-04-01,15:47:26.740000,10657,10657,10657,1
2019-04-01,15:47:27.700000,10658,10658,10658,1
2019-04-01,15:47:27.721000,10657,10657,10657,1
2019-04-01,15:47:31.585000,10657,10657,10657,1
2019-04-01,15:47:31.771000,10657,10657,10657,1
2019-04-01,15:47:39.762000,10657,10657,10657,1
2019-04-01,15:47:43.165000,10657,10657,10657,5
2019-04-01,15:47:43.549000,10657,10657,10657,2
2019-04-01,15:47:44.042000,10657,10657,10657,2
2019-04-01,15:47:54.271000,10657,10657,10657,1
2019-04-01,15:47:55.680000,10657,10657,10657,3
2019-04-01,15:47:59.688000,10657,10657,10657,1
2019-04-01,15:48:05.932000,10657,10657,10657,1
2019-04-01,15:48:20.995000,10658,10658,10658,2
2019-04-01,15:48:21.658000,10658,10658,10658,2
2019-04-01,15:48:23.284000,10658,10658,10658,1
2019-04-01,15:48:23.284000,10658,10658,10658,2
2019-04-01,15:48:25.284000,10657,10657,10657,2
2019-04-01,15:48:28.216000,10657,10657,10657,8
2019-04-01,15:48:28.506000,10657,10657,10657,1
2019-04-01,15:48:29.236000,10657,10657,10657,1
2019-04-01,15:48:29.450000,10657,10657,10657,1
2019-04-01,15:48:38.725000,10656,10656,10656,1
2019-04-01,15:48:50.482000,10656,10656,10656,1
2019-04-01,15:48:51.345000,10656,10656,10656,1
2019-04-01,15:48:55.584000,10656,10656,10656,1
2019-04-01,15:49:09.334000,10656,10656,10656,2
2019-04-01,15:49:12.272000,10657,10657,10657,1
2019-04-01,15:49:20.323000,10656,10656,10656,1
2019-04-01,15:49:21.634000,10656,10656,10656,2
2019-04-01,15:49:21.841000,10656,10656,10656,2
2019-04-01,15:49:23.249000,10657,10657,10657,2
2019-04-01,15:49:33.222000,10656,10656,10656,1
2019-04-01,15:49:33.633000,10656,10656,10656,1
2019-04-01,15:49:33.633000,10656,10656,10656,1
2019-04-01,15:49:37.687000,10655,10655,10655,2
2019-04-01,15:49:44.530000,10656,10656,10656,1
2019-04-01,15:49:54.955000,10656,10656,10656,1
2019-04-01,15:50:03.856000,10656,10656,10656,1
2019-04-01,15:50:10.528000,10655,10655,10655,1
2019-04-01,15:50:14.130000,10656,10656,10656,1
2019-04-01,15:50:27.614000,10655,10655,10655,1
2019-04-01,15:50:37.859000,10656,10656,10656,1
2019-04-01,15:50:42.907000,10656,10656,10656,1
2019-04-01,15:50:49.202000,10656,10656,10656,3
2019-04-01,15:50:49.202000,10656,10656,10656,3
2019-04-01,15:50:49.202000,10656,10656,10656,3
2019-04-01,15:50:49.202000,10656,10656,10656,4
2019-04-01,15:50:56.618000,10657,10657,10657,1
2019-04-01,15:50:58.303000,10657,10657,10657,1
2019-04-01,15:50:59.677000,10657,10657,10657,1
2019-04-01,15:51:01.150000,10657,10657,10657,1
2019-04-01,15:51:01.910000,10657,10657,10657,1
2019-04-01,15:51:04.226000,10656,10656,10656,1
2019-04-01,15:51:04.282000,10656,10656,10656,2
2019-04-01,15:51:08.224000,10656,10656,10656,1
2019-04-01,15:51:08.707000,10656,10656,10656,1
2019-04-01,15:51:24.926000,10656,10656,10656,1
2019-04-01,15:51:33.544000,10656,10656,10656,1
2019-04-01,15:51:33.956000,10656,10656,10656,1
2019-04-01,15:51:44.794000,10656,10656,10656,1
2019-04-01,15:51:52.837000,10656,10656,10656,1
2019-04-01,15:51:52.909000,10656,10656,10656,1
2019-04-01,15:51:54.657000,10657,10657,10657,4
2019-04-01,15:51:55.456000,10656,10656,10656,1
2019-04-01,15:52:05.275000,10657,10657,10657,2
2019-04-01,15:52:18.588000,10657,10657,10657,2
2019-04-01,15:52:43.213000,10657,10657,10657,6
2019-04-01,15:52:58.711000,10657,10657,10657,2
2019-04-01,15:53:04.476000,10657,10657,10657,2
2019-04-01,15:53:04.510000,10657,10657,10657,7
2019-04-01,15:53:04.568000,10657,10657,10657,1
2019-04-01,15:53:10.853000,10658,10658,10658,1
2019-04-01,15:53:11.707000,10658,10658,10658,1
2019-04-01,15:53:16.956000,10658,10658,10658,6
2019-04-01,15:53:16.956000,10659,10659,10659,4
2019-04-01,15:53:17.171000,10659,10659,10659,1
2019-04-01,15:53:24.092000,10658,10658,10658,1
2019-04-01,15:53:30.743000,10659,10659,10659,3
2019-04-01,15:53:31.653000,10658,10658,10658,1
2019-04-01,15:53:34.761000,10658,10658,10658,1
2019-04-01,15:53:39.317000,10658,10658,10658,3
2019-04-01,15:53:42.062000,10659,10659,10659,1
2019-04-01,15:53:43.053000,10658,10658,10658,1
2019-04-01,15:53:44.028000,10658,10658,10658,1
2019-04-01,15:53:46.174000,10659,10659,10659,1
2019-04-01,15:53:51.175000,10659,10659,10659,1
2019-04-01,15:53:55.612000,10659,10659,10659,10
2019-04-01,15:53:56.549000,10658,10658,10658,1
2019-04-01,15:54:14.550000,10658,10658,10658,1
2019-04-01,15:54:16.652000,10659,10659,10659,5
2019-04-01,15:54:16.820000,10659,10659,10659,5
2019-04-01,15:54:18.032000,10659,10659,10659,4
2019-04-01,15:54:18.032000,10660,10660,10660,4
2019-04-01,15:54:18.192000,10660,10660,10660,1
2019-04-01,15:54:18.277000,10660,10660,10660,1
2019-04-01,15:54:18.405000,10660,10660,10660,1
2019-04-01,15:54:18.555000,10660,10660,10660,1
2019-04-01,15:54:21.255000,10659,10659,10659,1
2019-04-01,15:54:23.518000,10659,10659,10659,1
2019-04-01,15:54:29.326000,10660,10660,10660,1
2019-04-01,15:54:30.093000,10659,10659,10659,1
2019-04-01,15:54:30.831000,10659,10659,10659,2
2019-04-01,15:54:32.301000,10659,10659,10659,1
2019-04-01,15:54:33.407000,10659,10659,10659,2
2019-04-01,15:54:33.407000,10658,10658,10658,13
2019-04-01,15:54:38.217000,10659,10659,10659,1
2019-04-01,15:54:45.346000,10659,10659,10659,1
2019-04-01,15:55:10.845000,10658,10658,10658,15
2019-04-01,15:55:11.773000,10659,10659,10659,1
2019-04-01,15:55:15.312000,10658,10658,10658,4
2019-04-01,15:55:16.036000,10658,10658,10658,1
2019-04-01,15:55:19.976000,10658,10658,10658,1
2019-04-01,15:55:19.977000,10658,10658,10658,2
2019-04-01,15:55:28.257000,10658,10658,10658,2
2019-04-01,15:55:36.960000,10658,10658,10658,1
2019-04-01,15:55:53.731000,10658,10658,10658,2
2019-04-01,15:56:13.756000,10658,10658,10658,1
2019-04-01,15:57:09.274000,10659,10659,10659,1
2019-04-01,15:57:21.103000,10659,10659,10659,2
2019-04-01,15:57:22.139000,10658,10658,10658,4
2019-04-01,15:57:26.863000,10659,10659,10659,1
2019-04-01,15:57:27.683000,10659,10659,10659,3
2019-04-01,15:57:36.811000,10659,10659,10659,1
2019-04-01,15:57:42.183000,10658,10658,10658,2
2019-04-01,15:57:56.814000,10659,10659,10659,14
2019-04-01,15:58:01.081000,10658,10658,10658,1
2019-04-01,15:58:02.027000,10659,10659,10659,1
2019-04-01,15:58:18.428000,10659,10659,10659,1
2019-04-01,15:58:20.898000,10658,10658,10658,2
2019-04-01,15:58:25.691000,10658,10658,10658,1
2019-04-01,15:58:28.572000,10658,10658,10658,1
2019-04-01,15:58:29.809000,10659,10659,10659,1
2019-04-01,15:58:49.293000,10659,10659,10659,1
2019-04-01,15:58:51.931000,10659,10659,10659,1
2019-04-01,15:58:57.819000,10659,10659,10659,1
2019-04-01,15:59:06.686000,10658,10658,10658,2
2019-04-01,15:59:06.772000,10658,10658,10658,10
2019-04-01,15:59:08.501000,10658,10658,10658,1
2019-04-01,15:59:13.484000,10658,10658,10658,1
2019-04-01,15:59:18.587000,10658,10658,10658,1
2019-04-01,15:59:21.699000,10658,10658,10658,1
2019-04-01,15:59:32.494000,10659,10659,10659,1
2019-04-01,15:59:33.657000,10658,10658,10658,1
2019-04-01,15:59:44.776000,10659,10659,10659,1
2019-04-01,16:00:17.919000,10659,10659,10659,1
2019-04-01,16:00:18.177000,10659,10659,10659,2
2019-04-01,16:00:18.191000,10659,10659,10659,1
2019-04-01,16:00:18.290000,10659,10659,10659,1
2019-04-01,16:00:18.307000,10659,10659,10659,1
2019-04-01,16:00:18.476000,10659,10659,10659,1
2019-04-01,16:00:18.544000,10659,10659,10659,2
2019-04-01,16:00:18.608000,10660,10660,10660,1
2019-04-01,16:00:18.702000,10660,10660,10660,5
2019-04-01,16:00:18.705000,10660,10660,10660,1
2019-04-01,16:00:18.763000,10660,10660,10660,1
2019-04-01,16:00:19.170000,10660,10660,10660,4
2019-04-01,16:00:19.183000,10660,10660,10660,3
2019-04-01,16:00:19.194000,10660,10660,10660,9
2019-04-01,16:00:19.195000,10660,10660,10660,3
2019-04-01,16:00:19.197000,10660,10660,10660,3
2019-04-01,16:00:19.199000,10660,10660,10660,9
2019-04-01,16:00:19.201000,10660,10660,10660,3
2019-04-01,16:00:19.202000,10660,10660,10660,7
2019-04-01,16:00:19.207000,10660,10660,10660,11
2019-04-01,16:00:19.208000,10660,10660,10660,1
2019-04-01,16:00:19.208000,10661,10661,10661,2
2019-04-01,16:00:19.209000,10661,10661,10661,3
2019-04-01,16:00:19.212000,10661,10661,10661,4
2019-04-01,16:00:19.212000,10661,10661,10661,8
2019-04-01,16:00:19.213000,10661,10661,10661,3
2019-04-01,16:00:19.230000,10661,10661,10661,4
2019-04-01,16:00:19.300000,10661,10661,10661,4
2019-04-01,16:00:19.307000,10661,10661,10661,2
2019-04-01,16:00:19.341000,10661,10661,10661,3
2019-04-01,16:00:19.351000,10661,10661,10661,3
2019-04-01,16:00:19.351000,10662,10662,10662,1
2019-04-01,16:00:19.365000,10662,10662,10662,2
2019-04-01,16:00:19.380000,10661,10661,10661,1
2019-04-01,16:00:19.407000,10661,10661,10661,1
2019-04-01,16:00:19.408000,10661,10661,10661,2
2019-04-01,16:00:19.592000,10661,10661,10661,1
2019-04-01,16:00:19.675000,10661,10661,10661,1
2019-04-01,16:00:19.754000,10661,10661,10661,2
2019-04-01,16:00:19.992000,10661,10661,10661,2
2019-04-01,16:00:28.493000,10661,10661,10661,1
2019-04-01,16:00:29.131000,10660,10660,10660,7
2019-04-01,16:00:29.370000,10660,10660,10660,2
2019-04-01,16:00:30.838000,10660,10660,10660,1
2019-04-01,16:00:31.804000,10660,10660,10660,1
2019-04-01,16:00:31.968000,10660,10660,10660,2
2019-04-01,16:00:38.457000,10660,10660,10660,2
2019-04-01,16:00:41.956000,10659,10659,10659,1
2019-04-01,16:00:45.284000,10658,10658,10658,1
2019-04-01,16:00:52.261000,10659,10659,10659,1
2019-04-01,16:00:54.564000,10659,10659,10659,1
2019-04-01,16:00:56.552000,10659,10659,10659,1
2019-04-01,16:01:16.151000,10658,10658,10658,1
2019-04-01,16:01:40.456000,10658,10658,10658,1
2019-04-01,16:01:45.747000,10658,10658,10658,1
2019-04-01,16:01:47.802000,10658,10658,10658,1
2019-04-01,16:01:49.463000,10658,10658,10658,1
2019-04-01,16:01:50.282000,10658,10658,10658,8
2019-04-01,16:01:50.429000,10657,10657,10657,1
2019-04-01,16:01:50.524000,10658,10658,10658,2
2019-04-01,16:01:54.422000,10658,10658,10658,1
2019-04-01,16:01:55.176000,10657,10657,10657,2
2019-04-01,16:01:57.519000,10657,10657,10657,1
2019-04-01,16:02:00.035000,10657,10657,10657,1
2019-04-01,16:02:03.542000,10657,10657,10657,3
2019-04-01,16:02:05.516000,10657,10657,10657,3
2019-04-01,16:02:12.032000,10656,10656,10656,1
2019-04-01,16:02:12.323000,10656,10656,10656,9
2019-04-01,16:02:15.798000,10656,10656,10656,1
2019-04-01,16:02:19.907000,10656,10656,10656,4
2019-04-01,16:02:19.917000,10656,10656,10656,1
2019-04-01,16:02:20.032000,10656,10656,10656,3
2019-04-01,16:02:20.032000,10656,10656,10656,1
2019-04-01,16:02:20.032000,10656,10656,10656,1
2019-04-01,16:02:24.677000,10657,10657,10657,3
2019-04-01,16:02:45.660000,10656,10656,10656,2
2019-04-01,16:02:59.244000,10655,10655,10655,8
2019-04-01,16:02:59.308000,10655,10655,10655,1
2019-04-01,16:02:59.354000,10656,10656,10656,1
2019-04-01,16:03:00.500000,10656,10656,10656,1
2019-04-01,16:03:11.075000,10655,10655,10655,1
2019-04-01,16:03:11.090000,10655,10655,10655,1
2019-04-01,16:03:11.157000,10655,10655,10655,16
2019-04-01,16:03:11.157000,10655,10655,10655,1
2019-04-01,16:03:15.597000,10654,10654,10654,1
2019-04-01,16:03:15.735000,10654,10654,10654,1
2019-04-01,16:03:15.741000,10654,10654,10654,1
2019-04-01,16:03:20.896000,10654,10654,10654,1
2019-04-01,16:03:21.447000,10654,10654,10654,1
2019-04-01,16:03:24.093000,10654,10654,10654,1
2019-04-01,16:03:24.109000,10654,10654,10654,2
2019-04-01,16:03:26.984000,10654,10654,10654,2
2019-04-01,16:03:28.005000,10654,10654,10654,1
2019-04-01,16:03:34.366000,10654,10654,10654,2
2019-04-01,16:03:34.582000,10654,10654,10654,1
2019-04-01,16:03:40.006000,10654,10654,10654,1
2019-04-01,16:03:43.314000,10654,10654,10654,1
2019-04-01,16:03:45.376000,10654,10654,10654,1
2019-04-01,16:03:51.725000,10654,10654,10654,2
2019-04-01,16:03:51.990000,10654,10654,10654,1
2019-04-01,16:04:02.653000,10654,10654,10654,1
2019-04-01,16:04:02.745000,10653,10653,10653,1
2019-04-01,16:04:02.814000,10653,10653,10653,1
2019-04-01,16:04:02.992000,10653,10653,10653,1
2019-04-01,16:04:16.777000,10653,10653,10653,5
2019-04-01,16:04:16.932000,10654,10654,10654,2
2019-04-01,16:04:17.143000,10653,10653,10653,1
2019-04-01,16:04:24.179000,10654,10654,10654,1
2019-04-01,16:04:32.183000,10654,10654,10654,1
2019-04-01,16:04:33.464000,10654,10654,10654,1
2019-04-01,16:04:34.568000,10654,10654,10654,1
2019-04-01,16:04:54.057000,10654,10654,10654,1
2019-04-01,16:04:55.681000,10653,10653,10653,1
2019-04-01,16:04:57.595000,10653,10653,10653,1
2019-04-01,16:04:58.073000,10654,10654,10654,1
2019-04-01,16:05:02.800000,10654,10654,10654,5
2019-04-01,16:05:02.865000,10653,10653,10653,2
2019-04-01,16:05:06.847000,10653,10653,10653,1
2019-04-01,16:05:14.965000,10653,10653,10653,1
2019-04-01,16:05:18.823000,10653,10653,10653,1
2019-04-01,16:05:20.521000,10653,10653,10653,1
2019-04-01,16:05:22.748000,10653,10653,10653,1
2019-04-01,16:05:24.548000,10653,10653,10653,1
2019-04-01,16:05:27.479000,10654,10654,10654,1
2019-04-01,16:05:33.686000,10653,10653,10653,2
2019-04-01,16:05:38.304000,10653,10653,10653,1
2019-04-01,16:05:39.257000,10654,10654,10654,5
2019-04-01,16:05:57.928000,10653,10653,10653,1
2019-04-01,16:06:00.846000,10653,10653,10653,1
2019-04-01,16:06:14.979000,10653,10653,10653,1
2019-04-01,16:06:15.433000,10654,10654,10654,1
2019-04-01,16:06:28.917000,10653,10653,10653,1
2019-04-01,16:06:28.919000,10653,10653,10653,2
2019-04-01,16:06:28.921000,10653,10653,10653,1
2019-04-01,16:06:28.942000,10653,10653,10653,2
2019-04-01,16:06:28.957000,10653,10653,10653,2
2019-04-01,16:06:28.957000,10653,10653,10653,1
2019-04-01,16:06:28.957000,10653,10653,10653,1
2019-04-01,16:06:28.957000,10653,10653,10653,6
2019-04-01,16:06:29.196000,10653,10653,10653,1
2019-04-01,16:06:35.459000,10653,10653,10653,2
2019-04-01,16:06:36.201000,10652,10652,10652,1
2019-04-01,16:06:37.098000,10652,10652,10652,1
2019-04-01,16:06:39.434000,10652,10652,10652,1
2019-04-01,16:06:42.590000,10652,10652,10652,1
2019-04-01,16:06:44.600000,10652,10652,10652,1
2019-04-01,16:06:51.030000,10652,10652,10652,1
2019-04-01,16:06:53.292000,10652,10652,10652,2
2019-04-01,16:06:57.066000,10652,10652,10652,1
2019-04-01,16:06:57.374000,10652,10652,10652,1
2019-04-01,16:06:59.396000,10652,10652,10652,1
2019-04-01,16:06:59.782000,10652,10652,10652,1
2019-04-01,16:07:00.485000,10652,10652,10652,1
2019-04-01,16:07:01.552000,10653,10653,10653,2
2019-04-01,16:07:02.632000,10652,10652,10652,1
2019-04-01,16:07:04.290000,10652,10652,10652,1
2019-04-01,16:07:04.957000,10652,10652,10652,1
2019-04-01,16:07:11.287000,10652,10652,10652,2
2019-04-01,16:07:18.432000,10653,10653,10653,1
2019-04-01,16:07:24.119000,10652,10652,10652,3
2019-04-01,16:07:56.883000,10652,10652,10652,1
2019-04-01,16:08:00.082000,10652,10652,10652,2
2019-04-01,16:08:02.181000,10652,10652,10652,2
2019-04-01,16:08:05.372000,10652,10652,10652,1
2019-04-01,16:08:06.196000,10652,10652,10652,1
2019-04-01,16:08:07.257000,10652,10652,10652,1
2019-04-01,16:08:28.076000,10653,10653,10653,15
2019-04-01,16:08:30.348000,10653,10653,10653,1
2019-04-01,16:08:30.598000,10653,10653,10653,1
2019-04-01,16:08:30.598000,10653,10653,10653,8
2019-04-01,16:08:36.881000,10654,10654,10654,2
2019-04-01,16:08:37.996000,10654,10654,10654,2
2019-04-01,16:08:39.419000,10654,10654,10654,1
2019-04-01,16:08:44.068000,10654,10654,10654,2
2019-04-01,16:08:45.478000,10654,10654,10654,1
2019-04-01,16:08:48.605000,10654,10654,10654,1
2019-04-01,16:09:02.287000,10653,10653,10653,6
2019-04-01,16:09:04.799000,10653,10653,10653,1
2019-04-01,16:09:06.990000,10653,10653,10653,1
2019-04-01,16:09:08.106000,10653,10653,10653,1
2019-04-01,16:09:09.689000,10653,10653,10653,1
2019-04-01,16:09:37.543000,10654,10654,10654,2
2019-04-01,16:09:37.782000,10654,10654,10654,2
2019-04-01,16:09:38.100000,10654,10654,10654,1
2019-04-01,16:09:41.164000,10654,10654,10654,3
2019-04-01,16:09:41.466000,10654,10654,10654,1
2019-04-01,16:09:41.466000,10654,10654,10654,1
2019-04-01,16:09:41.705000,10654,10654,10654,1
2019-04-01,16:09:59.737000,10654,10654,10654,9
2019-04-01,16:10:06.548000,10653,10653,10653,1
2019-04-01,16:10:07.620000,10653,10653,10653,1
2019-04-01,16:10:27.891000,10653,10653,10653,1
2019-04-01,16:10:32.423000,10653,10653,10653,1
2019-04-01,16:10:36.228000,10653,10653,10653,5
2019-04-01,16:10:36.706000,10653,10653,10653,1
2019-04-01,16:10:50.920000,10653,10653,10653,10
2019-04-01,16:10:56.397000,10653,10653,10653,1
2019-04-01,16:11:27.319000,10653,10653,10653,1
2019-04-01,16:11:30.408000,10653,10653,10653,2
2019-04-01,16:11:43.664000,10653,10653,10653,1
2019-04-01,16:11:54.588000,10653,10653,10653,1
2019-04-01,16:11:54.590000,10653,10653,10653,1
2019-04-01,16:12:02.607000,10653,10653,10653,3
2019-04-01,16:12:06.130000,10653,10653,10653,1
2019-04-01,16:12:27.606000,10654,10654,10654,2
2019-04-01,16:12:31.222000,10654,10654,10654,1
2019-04-01,16:12:42.385000,10654,10654,10654,1
2019-04-01,16:13:02.711000,10654,10654,10654,1
2019-04-01,16:13:15.091000,10654,10654,10654,1
2019-04-01,16:13:22.922000,10655,10655,10655,4
2019-04-01,16:13:33.584000,10655,10655,10655,1
2019-04-01,16:13:33.814000,10655,10655,10655,1
2019-04-01,16:13:34.761000,10655,10655,10655,5
2019-04-01,16:13:37.514000,10655,10655,10655,2
2019-04-01,16:13:39.916000,10655,10655,10655,1
2019-04-01,16:13:44.242000,10655,10655,10655,1
2019-04-01,16:13:49.557000,10655,10655,10655,1
2019-04-01,16:14:02.023000,10655,10655,10655,1
2019-04-01,16:14:02.183000,10655,10655,10655,1
2019-04-01,16:14:03.156000,10655,10655,10655,5
2019-04-01,16:14:08.768000,10655,10655,10655,1
2019-04-01,16:14:09.494000,10655,10655,10655,1
2019-04-01,16:14:16.581000,10655,10655,10655,1
2019-04-01,16:14:16.602000,10655,10655,10655,1
2019-04-01,16:14:25.572000,10654,10654,10654,1
2019-04-01,16:14:39.096000,10655,10655,10655,4
2019-04-01,16:14:48.193000,10654,10654,10654,2
2019-04-01,16:15:23.966000,10654,10654,10654,4
2019-04-01,16:15:24.032000,10654,10654,10654,5
2019-04-01,16:15:24.306000,10653,10653,10653,2
2019-04-01,16:15:24.465000,10653,10653,10653,4
2019-04-01,16:15:26.820000,10654,10654,10654,2
2019-04-01,16:15:39.476000,10654,10654,10654,1
2019-04-01,16:15:47.077000,10655,10655,10655,2
2019-04-01,16:15:47.077000,10655,10655,10655,2
2019-04-01,16:15:47.077000,10655,10655,10655,2
2019-04-01,16:15:47.077000,10655,10655,10655,1
2019-04-01,16:15:57.861000,10655,10655,10655,4
2019-04-01,16:16:38.332000,10655,10655,10655,1
2019-04-01,16:16:49.034000,10656,10656,10656,6
2019-04-01,16:16:49.560000,10655,10655,10655,3
2019-04-01,16:16:57.658000,10655,10655,10655,1
2019-04-01,16:17:05.157000,10656,10656,10656,12
2019-04-01,16:17:05.282000,10656,10656,10656,1
2019-04-01,16:17:18.785000,10657,10657,10657,1
2019-04-01,16:17:18.862000,10657,10657,10657,2
2019-04-01,16:17:18.885000,10657,10657,10657,5
2019-04-01,16:17:18.901000,10657,10657,10657,4
2019-04-01,16:17:19.048000,10658,10658,10658,1
2019-04-01,16:17:19.630000,10658,10658,10658,1
2019-04-01,16:17:20.249000,10658,10658,10658,1
2019-04-01,16:17:20.479000,10658,10658,10658,1
2019-04-01,16:17:20.716000,10658,10658,10658,1
2019-04-01,16:17:20.927000,10658,10658,10658,1
2019-04-01,16:17:21.154000,10658,10658,10658,1
2019-04-01,16:17:21.355000,10658,10658,10658,1
2019-04-01,16:17:29.196000,10657,10657,10657,1
2019-04-01,16:17:44.793000,10657,10657,10657,1
2019-04-01,16:17:57.736000,10657,10657,10657,1
2019-04-01,16:17:58.291000,10657,10657,10657,7
2019-04-01,16:17:58.864000,10657,10657,10657,1
2019-04-01,16:18:04.412000,10657,10657,10657,1
2019-04-01,16:18:07.202000,10657,10657,10657,1
2019-04-01,16:18:13.191000,10657,10657,10657,1
2019-04-01,16:18:28.374000,10656,10656,10656,1
2019-04-01,16:18:55.532000,10657,10657,10657,9
2019-04-01,16:18:55.657000,10657,10657,10657,1
2019-04-01,16:18:57.232000,10657,10657,10657,1
2019-04-01,16:19:09.354000,10657,10657,10657,1
2019-04-01,16:19:12.992000,10658,10658,10658,14
2019-04-01,16:19:12.992000,10658,10658,10658,2
2019-04-01,16:19:15.634000,10658,10658,10658,1
2019-04-01,16:19:16.066000,10658,10658,10658,4
2019-04-01,16:19:16.849000,10659,10659,10659,1
2019-04-01,16:19:18.174000,10658,10658,10658,1
2019-04-01,16:19:19.755000,10658,10658,10658,1
2019-04-01,16:19:34.002000,10658,10658,10658,1
2019-04-01,16:19:35.056000,10658,10658,10658,1
2019-04-01,16:19:42.125000,10658,10658,10658,2
2019-04-01,16:19:48.611000,10658,10658,10658,1
2019-04-01,16:19:53.172000,10658,10658,10658,2
2019-04-01,16:19:59.548000,10659,10659,10659,1
2019-04-01,16:20:03.386000,10659,10659,10659,1
2019-04-01,16:20:15.590000,10659,10659,10659,12
2019-04-01,16:20:15.590000,10659,10659,10659,2
2019-04-01,16:20:15.654000,10660,10660,10660,1
2019-04-01,16:20:17.590000,10659,10659,10659,1
2019-04-01,16:20:20.390000,10659,10659,10659,1
2019-04-01,16:20:20.696000,10659,10659,10659,2
2019-04-01,16:20:23.985000,10659,10659,10659,1
2019-04-01,16:20:34.887000,10659,10659,10659,1
2019-04-01,16:20:46.863000,10659,10659,10659,1
2019-04-01,16:20:48.325000,10659,10659,10659,1
2019-04-01,16:20:48.660000,10659,10659,10659,1
2019-04-01,16:20:54.718000,10659,10659,10659,1
2019-04-01,16:20:55.520000,10659,10659,10659,1
2019-04-01,16:21:05.441000,10659,10659,10659,1
2019-04-01,16:21:15.109000,10660,10660,10660,1
2019-04-01,16:21:26.403000,10660,10660,10660,2
2019-04-01,16:21:34.508000,10660,10660,10660,1
2019-04-01,16:21:39.166000,10660,10660,10660,1
2019-04-01,16:21:39.636000,10660,10660,10660,1
2019-04-01,16:21:48.084000,10660,10660,10660,1
2019-04-01,16:21:54.324000,10659,10659,10659,2
2019-04-01,16:22:01.912000,10659,10659,10659,1
2019-04-01,16:22:01.915000,10659,10659,10659,1
2019-04-01,16:22:01.915000,10659,10659,10659,1
2019-04-01,16:22:01.915000,10659,10659,10659,1
2019-04-01,16:22:01.915000,10659,10659,10659,1
2019-04-01,16:22:01.915000,10659,10659,10659,1
2019-04-01,16:22:01.915000,10659,10659,10659,4
2019-04-01,16:22:01.915000,10659,10659,10659,3
2019-04-01,16:22:01.915000,10659,10659,10659,5
2019-04-01,16:22:01.916000,10659,10659,10659,8
2019-04-01,16:22:01.916000,10659,10659,10659,2
2019-04-01,16:22:02.032000,10659,10659,10659,1
2019-04-01,16:22:02.203000,10659,10659,10659,1
2019-04-01,16:22:08.834000,10658,10658,10658,1
2019-04-01,16:22:13.261000,10658,10658,10658,1
2019-04-01,16:22:22.594000,10658,10658,10658,1
2019-04-01,16:22:37.839000,10659,10659,10659,1
2019-04-01,16:22:53.138000,10658,10658,10658,1
2019-04-01,16:23:17.139000,10658,10658,10658,1
2019-04-01,16:23:56.685000,10658,10658,10658,2
2019-04-01,16:23:57.472000,10659,10659,10659,1
2019-04-01,16:24:05.056000,10659,10659,10659,2
2019-04-01,16:24:14.070000,10659,10659,10659,1
2019-04-01,16:24:15.566000,10659,10659,10659,5
2019-04-01,16:24:19.270000,10658,10658,10658,10
2019-04-01,16:24:20.740000,10658,10658,10658,1
2019-04-01,16:24:20.741000,10658,10658,10658,1
2019-04-01,16:24:25.578000,10657,10657,10657,1
2019-04-01,16:24:25.578000,10657,10657,10657,1
2019-04-01,16:24:25.619000,10657,10657,10657,2
2019-04-01,16:24:25.619000,10657,10657,10657,2
2019-04-01,16:24:25.619000,10657,10657,10657,5
2019-04-01,16:24:32.913000,10657,10657,10657,1
2019-04-01,16:25:05.390000,10656,10656,10656,2
2019-04-01,16:25:09.284000,10656,10656,10656,1
2019-04-01,16:25:11.282000,10656,10656,10656,10
2019-04-01,16:25:11.288000,10656,10656,10656,1
2019-04-01,16:25:11.409000,10655,10655,10655,1
2019-04-01,16:25:11.515000,10656,10656,10656,1
2019-04-01,16:25:13.728000,10655,10655,10655,1
2019-04-01,16:25:49.105000,10656,10656,10656,4
2019-04-01,16:25:51.234000,10656,10656,10656,1
2019-04-01,16:26:05.278000,10656,10656,10656,1
2019-04-01,16:26:11.307000,10656,10656,10656,1
2019-04-01,16:26:18.502000,10656,10656,10656,1
2019-04-01,16:26:30.982000,10657,10657,10657,5
2019-04-01,16:26:35.607000,10657,10657,10657,1
2019-04-01,16:26:38.729000,10657,10657,10657,1
2019-04-01,16:26:59.717000,10658,10658,10658,1
2019-04-01,16:27:04.638000,10658,10658,10658,1
2019-04-01,16:27:07.968000,10658,10658,10658,4
2019-04-01,16:27:20.157000,10658,10658,10658,1
2019-04-01,16:27:20.282000,10658,10658,10658,1
2019-04-01,16:27:21.163000,10659,10659,10659,4
2019-04-01,16:27:21.163000,10659,10659,10659,1
2019-04-01,16:27:28.548000,10659,10659,10659,2
2019-04-01,16:27:28.968000,10658,10658,10658,1
2019-04-01,16:27:32.267000,10659,10659,10659,1
2019-04-01,16:27:38.941000,10659,10659,10659,1
2019-04-01,16:27:45.370000,10659,10659,10659,1
2019-04-01,16:27:46.817000,10659,10659,10659,21
2019-04-01,16:27:46.817000,10660,10660,10660,75
2019-04-01,16:27:46.908000,10660,10660,10660,14
2019-04-01,16:27:47.032000,10660,10660,10660,5
2019-04-01,16:27:47.157000,10661,10661,10661,4
2019-04-01,16:27:47.357000,10661,10661,10661,1
2019-04-01,16:27:47.446000,10661,10661,10661,1
2019-04-01,16:27:47.494000,10661,10661,10661,1
2019-04-01,16:27:47.898000,10661,10661,10661,1
2019-04-01,16:27:48.100000,10660,10660,10660,1
2019-04-01,16:27:50.443000,10659,10659,10659,1
2019-04-01,16:27:57.485000,10660,10660,10660,1
2019-04-01,16:27:57.688000,10660,10660,10660,1
2019-04-01,16:27:57.865000,10659,10659,10659,1
2019-04-01,16:28:08.597000,10659,10659,10659,1
2019-04-01,16:28:15.491000,10660,10660,10660,4
2019-04-01,16:28:20.482000,10660,10660,10660,1
2019-04-01,16:28:27.379000,10660,10660,10660,1
2019-04-01,16:28:36.124000,10660,10660,10660,2
2019-04-01,16:28:37.408000,10659,10659,10659,1
2019-04-01,16:28:46.470000,10660,10660,10660,1
2019-04-01,16:28:47.655000,10660,10660,10660,4
2019-04-01,16:28:51.296000,10660,10660,10660,1
2019-04-01,16:28:52.713000,10660,10660,10660,1
2019-04-01,16:28:55.680000,10660,10660,10660,3
2019-04-01,16:28:57.105000,10660,10660,10660,1
2019-04-01,16:28:59.510000,10660,10660,10660,1
2019-04-01,16:29:15.334000,10659,10659,10659,8
2019-04-01,16:29:20.476000,10660,10660,10660,1
2019-04-01,16:29:22.591000,10659,10659,10659,2
2019-04-01,16:29:23.101000,10660,10660,10660,1
2019-04-01,16:29:24.027000,10659,10659,10659,1
2019-04-01,16:29:26.807000,10659,10659,10659,3
2019-04-01,16:29:27.253000,10659,10659,10659,1
2019-04-01,16:29:37.745000,10659,10659,10659,1
2019-04-01,16:29:45.647000,10659,10659,10659,1
2019-04-01,16:29:48.587000,10659,10659,10659,6
2019-04-01,16:30:00.516000,10660,10660,10660,1
2019-04-01,16:30:00.518000,10660,10660,10660,8
2019-04-01,16:30:00.532000,10660,10660,10660,1
2019-04-01,16:30:00.532000,10660,10660,10660,3
2019-04-01,16:30:00.532000,10660,10660,10660,2
2019-04-01,16:30:00.555000,10660,10660,10660,2
2019-04-01,16:30:00.555000,10660,10660,10660,4
2019-04-01,16:30:00.556000,10660,10660,10660,3
2019-04-01,16:30:00.690000,10661,10661,10661,1
2019-04-01,16:30:01.136000,10661,10661,10661,1
2019-04-01,16:30:01.533000,10660,10660,10660,1
2019-04-01,16:30:06.296000,10660,10660,10660,1
2019-04-01,16:30:15.695000,10661,10661,10661,4
2019-04-01,16:30:31.054000,10661,10661,10661,1
2019-04-01,16:30:34.309000,10661,10661,10661,1
2019-04-01,16:30:34.309000,10661,10661,10661,2
2019-04-01,16:30:34.309000,10661,10661,10661,4
2019-04-01,16:30:34.313000,10661,10661,10661,4
2019-04-01,16:30:34.314000,10661,10661,10661,13
2019-04-01,16:30:44.129000,10661,10661,10661,1
2019-04-01,16:30:45.784000,10661,10661,10661,1
2019-04-01,16:30:47.040000,10661,10661,10661,5
2019-04-01,16:30:48.298000,10661,10661,10661,2
2019-04-01,16:30:53.113000,10661,10661,10661,1
2019-04-01,16:30:55.192000,10661,10661,10661,1
2019-04-01,16:30:55.192000,10661,10661,10661,1
2019-04-01,16:31:02.292000,10662,10662,10662,1
2019-04-01,16:31:02.433000,10662,10662,10662,2
2019-04-01,16:31:02.473000,10662,10662,10662,1
2019-04-01,16:31:03.330000,10662,10662,10662,1
2019-04-01,16:31:03.555000,10661,10661,10661,1
2019-04-01,16:31:07.183000,10662,10662,10662,1
2019-04-01,16:31:07.441000,10662,10662,10662,1
2019-04-01,16:31:09.885000,10662,10662,10662,2
2019-04-01,16:31:11.278000,10662,10662,10662,1
2019-04-01,16:31:11.656000,10662,10662,10662,1
2019-04-01,16:31:11.822000,10662,10662,10662,1
2019-04-01,16:31:11.957000,10661,10661,10661,4
2019-04-01,16:31:19.675000,10661,10661,10661,3
2019-04-01,16:31:22.306000,10662,10662,10662,1
2019-04-01,16:31:23.699000,10661,10661,10661,1
2019-04-01,16:31:30.030000,10661,10661,10661,1
2019-04-01,16:31:30.084000,10661,10661,10661,2
2019-04-01,16:31:30.157000,10661,10661,10661,2
2019-04-01,16:31:31.516000,10661,10661,10661,1
2019-04-01,16:31:36.200000,10661,10661,10661,1
2019-04-01,16:31:40.994000,10661,10661,10661,1
2019-04-01,16:31:41.281000,10661,10661,10661,1
2019-04-01,16:32:00.056000,10661,10661,10661,5
2019-04-01,16:32:05.515000,10661,10661,10661,1
2019-04-01,16:32:09.842000,10660,10660,10660,1
2019-04-01,16:32:14.585000,10660,10660,10660,13
2019-04-01,16:32:17.798000,10660,10660,10660,2
2019-04-01,16:32:19.747000,10660,10660,10660,2
2019-04-01,16:32:21.787000,10660,10660,10660,1
2019-04-01,16:32:25.625000,10660,10660,10660,1
2019-04-01,16:32:33.938000,10660,10660,10660,1
2019-04-01,16:32:51.647000,10661,10661,10661,1
2019-04-01,16:33:03.396000,10660,10660,10660,1
2019-04-01,16:33:03.407000,10660,10660,10660,4
2019-04-01,16:33:10.287000,10659,10659,10659,1
2019-04-01,16:33:12.029000,10659,10659,10659,1
2019-04-01,16:33:12.671000,10659,10659,10659,5
2019-04-01,16:33:14.592000,10659,10659,10659,3
2019-04-01,16:33:14.973000,10659,10659,10659,2
2019-04-01,16:33:29.645000,10659,10659,10659,1
2019-04-01,16:33:29.666000,10659,10659,10659,1
2019-04-01,16:33:34.941000,10659,10659,10659,1
2019-04-01,16:34:11.739000,10659,10659,10659,7
2019-04-01,16:34:31.631000,10659,10659,10659,2
2019-04-01,16:34:33.954000,10659,10659,10659,5
2019-04-01,16:34:37.585000,10659,10659,10659,1
2019-04-01,16:34:48.761000,10659,10659,10659,1
2019-04-01,16:34:49.314000,10659,10659,10659,2
2019-04-01,16:34:53.705000,10659,10659,10659,1
2019-04-01,16:35:03.257000,10659,10659,10659,1
2019-04-01,16:35:03.257000,10659,10659,10659,1
2019-04-01,16:35:03.257000,10659,10659,10659,2
2019-04-01,16:35:03.257000,10659,10659,10659,3
2019-04-01,16:35:03.257000,10659,10659,10659,2
2019-04-01,16:35:03.340000,10660,10660,10660,1
2019-04-01,16:35:03.355000,10660,10660,10660,1
2019-04-01,16:35:04.720000,10660,10660,10660,2
2019-04-01,16:35:04.866000,10660,10660,10660,2
2019-04-01,16:35:16.952000,10660,10660,10660,2
2019-04-01,16:35:21.578000,10660,10660,10660,1
2019-04-01,16:35:22.012000,10660,10660,10660,1
2019-04-01,16:35:34.093000,10660,10660,10660,8
2019-04-01,16:35:39.464000,10660,10660,10660,1
2019-04-01,16:35:42.302000,10661,10661,10661,2
2019-04-01,16:35:48.810000,10660,10660,10660,1
2019-04-01,16:35:52.548000,10660,10660,10660,1
2019-04-01,16:36:00.194000,10661,10661,10661,2
2019-04-01,16:36:00.657000,10660,10660,10660,1
2019-04-01,16:36:00.714000,10661,10661,10661,2
2019-04-01,16:36:01.482000,10660,10660,10660,1
2019-04-01,16:36:02.295000,10660,10660,10660,1
2019-04-01,16:36:07.397000,10660,10660,10660,1
2019-04-01,16:36:23.898000,10660,10660,10660,6
2019-04-01,16:36:29.898000,10660,10660,10660,2
2019-04-01,16:36:34.031000,10661,10661,10661,1
2019-04-01,16:36:36.275000,10661,10661,10661,1
2019-04-01,16:36:37.694000,10660,10660,10660,1
2019-04-01,16:36:37.784000,10659,10659,10659,1
2019-04-01,16:36:41.159000,10659,10659,10659,2
2019-04-01,16:36:59.375000,10660,10660,10660,1
2019-04-01,16:37:10.236000,10660,10660,10660,5
2019-04-01,16:37:23.065000,10660,10660,10660,1
2019-04-01,16:37:30.719000,10660,10660,10660,1
2019-04-01,16:37:42.216000,10660,10660,10660,1
2019-04-01,16:37:42.241000,10660,10660,10660,3
2019-04-01,16:37:50.046000,10660,10660,10660,1
2019-04-01,16:38:08.722000,10661,10661,10661,1
2019-04-01,16:38:26.250000,10661,10661,10661,1
2019-04-01,16:38:26.604000,10660,10660,10660,1
2019-04-01,16:38:42.485000,10661,10661,10661,7
2019-04-01,16:38:43.447000,10660,10660,10660,1
2019-04-01,16:38:55.401000,10660,10660,10660,1
2019-04-01,16:39:00.126000,10660,10660,10660,11
2019-04-01,16:39:00.368000,10660,10660,10660,2
2019-04-01,16:39:10.057000,10659,10659,10659,4
2019-04-01,16:39:10.157000,10659,10659,10659,1
2019-04-01,16:39:11.146000,10660,10660,10660,1
2019-04-01,16:39:21.466000,10660,10660,10660,1
2019-04-01,16:39:43.766000,10660,10660,10660,1
2019-04-01,16:40:35.692000,10660,10660,10660,2
2019-04-01,16:40:49.657000,10659,10659,10659,2
2019-04-01,16:40:49.800000,10659,10659,10659,2
2019-04-01,16:40:49.800000,10659,10659,10659,1
2019-04-01,16:40:49.801000,10659,10659,10659,1
2019-04-01,16:40:49.801000,10659,10659,10659,1
2019-04-01,16:40:49.802000,10659,10659,10659,12
2019-04-01,16:40:49.802000,10659,10659,10659,3
2019-04-01,16:40:54.948000,10658,10658,10658,2
2019-04-01,16:41:02.512000,10658,10658,10658,12
2019-04-01,16:41:03.751000,10658,10658,10658,1
2019-04-01,16:41:03.932000,10658,10658,10658,1
2019-04-01,16:41:06.833000,10658,10658,10658,1
2019-04-01,16:41:10.747000,10658,10658,10658,4
2019-04-01,16:41:11.259000,10658,10658,10658,1
2019-04-01,16:41:14.542000,10658,10658,10658,1
2019-04-01,16:41:17.199000,10658,10658,10658,1
2019-04-01,16:41:17.282000,10658,10658,10658,1
2019-04-01,16:41:24.611000,10658,10658,10658,1
2019-04-01,16:41:27.336000,10659,10659,10659,2
2019-04-01,16:41:29.359000,10658,10658,10658,5
2019-04-01,16:41:34.092000,10658,10658,10658,1
2019-04-01,16:41:44.271000,10659,10659,10659,2
2019-04-01,16:41:44.306000,10659,10659,10659,1
2019-04-01,16:41:44.336000,10660,10660,10660,1
2019-04-01,16:41:44.361000,10660,10660,10660,1
2019-04-01,16:41:44.389000,10660,10660,10660,1
2019-04-01,16:41:44.394000,10660,10660,10660,2
2019-04-01,16:41:45.492000,10659,10659,10659,1
2019-04-01,16:42:14.663000,10659,10659,10659,1
2019-04-01,16:42:16.159000,10659,10659,10659,13
2019-04-01,16:42:24.440000,10659,10659,10659,2
2019-04-01,16:42:36.416000,10659,10659,10659,1
2019-04-01,16:42:50.142000,10658,10658,10658,1
2019-04-01,16:43:13.965000,10658,10658,10658,10
2019-04-01,16:43:17.630000,10658,10658,10658,1
2019-04-01,16:43:32.560000,10658,10658,10658,5
2019-04-01,16:43:36.394000,10658,10658,10658,1
2019-04-01,16:43:38.435000,10657,10657,10657,1
2019-04-01,16:43:48.118000,10658,10658,10658,1
2019-04-01,16:43:50.562000,10659,10659,10659,1
2019-04-01,16:43:57.131000,10658,10658,10658,1
2019-04-01,16:44:00.607000,10658,10658,10658,2
2019-04-01,16:44:00.992000,10658,10658,10658,2
2019-04-01,16:44:01.214000,10658,10658,10658,1
2019-04-01,16:44:21.393000,10658,10658,10658,1
2019-04-01,16:44:23.595000,10658,10658,10658,1
2019-04-01,16:44:37.649000,10658,10658,10658,1
2019-04-01,16:44:40.284000,10658,10658,10658,2
2019-04-01,16:44:40.298000,10658,10658,10658,1
2019-04-01,16:44:45.640000,10658,10658,10658,1
2019-04-01,16:45:08.057000,10658,10658,10658,2
2019-04-01,16:45:08.058000,10658,10658,10658,4
2019-04-01,16:45:08.058000,10658,10658,10658,1
2019-04-01,16:45:24.864000,10659,10659,10659,1
2019-04-01,16:45:25.824000,10659,10659,10659,2
2019-04-01,16:45:25.985000,10659,10659,10659,2
2019-04-01,16:45:28.195000,10659,10659,10659,5
2019-04-01,16:46:15.091000,10659,10659,10659,1
2019-04-01,16:46:23.925000,10659,10659,10659,1
2019-04-01,16:46:33.281000,10659,10659,10659,4
2019-04-01,16:46:40.038000,10659,10659,10659,1
2019-04-01,16:47:15.667000,10658,10658,10658,1
2019-04-01,16:47:38.086000,10659,10659,10659,2
2019-04-01,16:47:47.523000,10659,10659,10659,1
2019-04-01,16:47:47.532000,10659,10659,10659,1
2019-04-01,16:48:06.601000,10659,10659,10659,1
2019-04-01,16:48:12.719000,10659,10659,10659,1
2019-04-01,16:48:27.816000,10659,10659,10659,1
2019-04-01,16:48:41.497000,10659,10659,10659,1
2019-04-01,16:48:58.802000,10659,10659,10659,1
2019-04-01,16:49:11.774000,10659,10659,10659,2
2019-04-01,16:49:23.686000,10659,10659,10659,1
2019-04-01,16:49:56.040000,10659,10659,10659,1
2019-04-01,16:50:10.244000,10660,10660,10660,1
2019-04-01,16:50:10.600000,10660,10660,10660,28
2019-04-01,16:50:10.600000,10661,10661,10661,12
2019-04-01,16:50:10.671000,10660,10660,10660,1
2019-04-01,16:50:10.676000,10661,10661,10661,1
2019-04-01,16:50:10.707000,10661,10661,10661,1
2019-04-01,16:50:10.725000,10661,10661,10661,1
2019-04-01,16:50:12.147000,10661,10661,10661,2
2019-04-01,16:50:12.308000,10661,10661,10661,2
2019-04-01,16:50:12.949000,10661,10661,10661,2
2019-04-01,16:50:17.236000,10661,10661,10661,2
2019-04-01,16:50:21.621000,10661,10661,10661,2
2019-04-01,16:51:02.357000,10660,10660,10660,1
2019-04-01,16:51:19.006000,10661,10661,10661,1
2019-04-01,16:51:38.737000,10661,10661,10661,1
2019-04-01,16:51:41.587000,10661,10661,10661,1
2019-04-01,16:51:42.831000,10661,10661,10661,1
2019-04-01,16:51:45.468000,10661,10661,10661,1
2019-04-01,16:51:49.684000,10661,10661,10661,1
2019-04-01,16:51:50.904000,10661,10661,10661,1
2019-04-01,16:51:51.410000,10661,10661,10661,1
2019-04-01,16:51:53.601000,10661,10661,10661,1
2019-04-01,16:52:28.262000,10660,10660,10660,2
2019-04-01,16:52:40.657000,10660,10660,10660,1
2019-04-01,16:52:40.784000,10660,10660,10660,9
2019-04-01,16:52:41.033000,10660,10660,10660,2
2019-04-01,16:52:41.909000,10659,10659,10659,2
2019-04-01,16:52:50.138000,10659,10659,10659,3
2019-04-01,16:52:50.157000,10659,10659,10659,2
2019-04-01,16:53:01.252000,10659,10659,10659,9
2019-04-01,16:53:02.711000,10659,10659,10659,2
2019-04-01,16:53:04.927000,10659,10659,10659,1
2019-04-01,16:54:03.130000,10659,10659,10659,3
2019-04-01,16:54:03.157000,10659,10659,10659,4
2019-04-01,16:54:03.159000,10659,10659,10659,1
2019-04-01,16:55:02.204000,10658,10658,10658,2
2019-04-01,16:55:16.503000,10658,10658,10658,5
2019-04-01,16:55:19.679000,10658,10658,10658,1
2019-04-01,16:55:38.503000,10658,10658,10658,10
2019-04-01,16:55:55.270000,10658,10658,10658,1
2019-04-01,16:55:55.270000,10658,10658,10658,2
2019-04-01,16:55:58.113000,10658,10658,10658,2
2019-04-01,16:56:00.169000,10659,10659,10659,1
2019-04-01,16:56:00.896000,10659,10659,10659,2
2019-04-01,16:56:01.150000,10658,10658,10658,1
2019-04-01,16:56:13.964000,10658,10658,10658,10
2019-04-01,16:56:18.854000,10659,10659,10659,2
2019-04-01,16:56:19.476000,10659,10659,10659,1
2019-04-01,16:56:24.733000,10660,10660,10660,1
2019-04-01,16:56:24.734000,10660,10660,10660,1
2019-04-01,16:56:25.453000,10660,10660,10660,2
2019-04-01,16:56:26.916000,10660,10660,10660,2
2019-04-01,16:56:27.629000,10660,10660,10660,5
2019-04-01,16:56:27.965000,10660,10660,10660,1
2019-04-01,16:56:30.963000,10660,10660,10660,2
2019-04-01,16:56:30.964000,10660,10660,10660,4
2019-04-01,16:56:33.383000,10660,10660,10660,1
2019-04-01,16:57:39.843000,10659,10659,10659,1
2019-04-01,16:57:54.746000,10659,10659,10659,2
2019-04-01,16:57:55.848000,10659,10659,10659,1
2019-04-01,16:57:55.848000,10659,10659,10659,1
2019-04-01,16:57:55.848000,10659,10659,10659,1
2019-04-01,16:57:55.909000,10659,10659,10659,3
2019-04-01,16:57:59.963000,10658,10658,10658,1
2019-04-01,16:58:14.518000,10659,10659,10659,2
2019-04-01,16:58:14.756000,10659,10659,10659,2
2019-04-01,16:58:16.745000,10660,10660,10660,1
2019-04-01,16:59:08.488000,10659,10659,10659,14
2019-04-01,16:59:11.645000,10659,10659,10659,1
2019-04-01,16:59:35.501000,10659,10659,10659,1
2019-04-01,16:59:57.741000,10659,10659,10659,1
2019-04-01,17:00:27.052000,10659,10659,10659,1
2019-04-01,17:00:28.306000,10659,10659,10659,2
2019-04-01,17:01:03.248000,10659,10659,10659,2
2019-04-01,17:01:03.248000,10659,10659,10659,1
2019-04-01,17:01:03.252000,10659,10659,10659,8
2019-04-01,17:01:03.253000,10659,10659,10659,8
2019-04-01,17:01:03.282000,10659,10659,10659,1
2019-04-01,17:01:03.282000,10659,10659,10659,8
2019-04-01,17:01:13.690000,10659,10659,10659,2
2019-04-01,17:01:13.746000,10659,10659,10659,1
2019-04-01,17:01:13.746000,10659,10659,10659,1
2019-04-01,17:01:13.746000,10659,10659,10659,1
2019-04-01,17:01:14.804000,10659,10659,10659,5
2019-04-01,17:01:24,10659,10659,10659,1
2019-04-01,17:01:24.219000,10659,10659,10659,6
2019-04-01,17:01:24.282000,10659,10659,10659,4
2019-04-01,17:01:25.848000,10659,10659,10659,3
2019-04-01,17:01:49.770000,10659,10659,10659,1
2019-04-01,17:01:49.782000,10659,10659,10659,1
2019-04-01,17:02:05.901000,10659,10659,10659,1
2019-04-01,17:02:15.556000,10659,10659,10659,1
2019-04-01,17:02:18.676000,10659,10659,10659,1
2019-04-01,17:02:24.018000,10658,10658,10658,1
2019-04-01,17:02:34.167000,10659,10659,10659,1
2019-04-01,17:02:38.876000,10659,10659,10659,2
2019-04-01,17:02:55.301000,10659,10659,10659,7
2019-04-01,17:03:20.950000,10658,10658,10658,2
2019-04-01,17:03:20.950000,10658,10658,10658,3
2019-04-01,17:03:20.950000,10658,10658,10658,1
2019-04-01,17:03:38.707000,10658,10658,10658,1
2019-04-01,17:03:39.691000,10658,10658,10658,1
2019-04-01,17:04:15.945000,10658,10658,10658,1
2019-04-01,17:04:21.628000,10658,10658,10658,2
2019-04-01,17:04:31.299000,10658,10658,10658,10
2019-04-01,17:04:35.395000,10658,10658,10658,1
2019-04-01,17:04:35.588000,10658,10658,10658,5
2019-04-01,17:04:37.662000,10658,10658,10658,1
2019-04-01,17:04:37.664000,10658,10658,10658,2
2019-04-01,17:04:40.057000,10658,10658,10658,1
2019-04-01,17:04:43.682000,10658,10658,10658,1
2019-04-01,17:04:44.132000,10658,10658,10658,2
2019-04-01,17:04:44.133000,10658,10658,10658,5
2019-04-01,17:04:56.277000,10657,10657,10657,1
2019-04-01,17:04:56.436000,10657,10657,10657,1
2019-04-01,17:05:33.656000,10658,10658,10658,2
2019-04-01,17:05:34.581000,10657,10657,10657,1
2019-04-01,17:05:35.449000,10658,10658,10658,1
2019-04-01,17:05:35.456000,10658,10658,10658,2
2019-04-01,17:05:49.110000,10658,10658,10658,1
2019-04-01,17:06:04.286000,10658,10658,10658,1
2019-04-01,17:06:36.501000,10658,10658,10658,1
2019-04-01,17:06:38.296000,10658,10658,10658,1
2019-04-01,17:06:51.987000,10659,10659,10659,1
2019-04-01,17:06:51.988000,10659,10659,10659,5
2019-04-01,17:07:20.520000,10659,10659,10659,1
2019-04-01,17:07:37.947000,10659,10659,10659,2
2019-04-01,17:07:40.657000,10659,10659,10659,1
2019-04-01,17:08:09.003000,10659,10659,10659,1
2019-04-01,17:08:32.253000,10659,10659,10659,1
2019-04-01,17:08:37.479000,10659,10659,10659,2
2019-04-01,17:08:44.540000,10659,10659,10659,1
2019-04-01,17:08:50.644000,10660,10660,10660,1
2019-04-01,17:08:50.783000,10660,10660,10660,1
2019-04-01,17:09:04.196000,10659,10659,10659,1
2019-04-01,17:09:07.177000,10659,10659,10659,1
2019-04-01,17:09:24.450000,10659,10659,10659,2
2019-04-01,17:09:48.417000,10659,10659,10659,1
2019-04-01,17:09:56.580000,10659,10659,10659,2
2019-04-01,17:11:48.887000,10658,10658,10658,1
2019-04-01,17:11:48.967000,10658,10658,10658,1
2019-04-01,17:11:49.569000,10658,10658,10658,1
2019-04-01,17:11:49.782000,10658,10658,10658,1
2019-04-01,17:11:49.907000,10658,10658,10658,4
2019-04-01,17:11:50.032000,10658,10658,10658,1
2019-04-01,17:11:51.927000,10658,10658,10658,1
2019-04-01,17:12:06.263000,10658,10658,10658,1
2019-04-01,17:12:40.985000,10658,10658,10658,1
2019-04-01,17:12:41.782000,10657,10657,10657,14
2019-04-01,17:12:41.782000,10657,10657,10657,1
2019-04-01,17:12:41.782000,10657,10657,10657,2
2019-04-01,17:12:41.782000,10657,10657,10657,1
2019-04-01,17:12:41.782000,10657,10657,10657,3
2019-04-01,17:12:42.934000,10657,10657,10657,1
2019-04-01,17:12:52.887000,10656,10656,10656,1
2019-04-01,17:12:53.045000,10656,10656,10656,4
2019-04-01,17:12:53.045000,10655,10655,10655,36
2019-04-01,17:12:53.602000,10655,10655,10655,1
2019-04-01,17:12:53.907000,10655,10655,10655,1
2019-04-01,17:13:01.980000,10655,10655,10655,1
2019-04-01,17:13:02.389000,10654,10654,10654,1
2019-04-01,17:13:02.478000,10654,10654,10654,1
2019-04-01,17:13:02.635000,10654,10654,10654,2
2019-04-01,17:13:02.744000,10654,10654,10654,1
2019-04-01,17:13:02.922000,10654,10654,10654,1
2019-04-01,17:13:18.574000,10655,10655,10655,1
2019-04-01,17:13:24.635000,10655,10655,10655,1
2019-04-01,17:13:27.789000,10655,10655,10655,1
2019-04-01,17:14:13.234000,10654,10654,10654,1
2019-04-01,17:14:18.351000,10654,10654,10654,1
2019-04-01,17:14:18.453000,10654,10654,10654,3
2019-04-01,17:14:20.276000,10654,10654,10654,4
2019-04-01,17:14:21.685000,10654,10654,10654,4
2019-04-01,17:14:23.006000,10654,10654,10654,4
2019-04-01,17:14:23.844000,10654,10654,10654,1
2019-04-01,17:14:23.968000,10654,10654,10654,1
2019-04-01,17:14:24.631000,10654,10654,10654,1
2019-04-01,17:14:24.829000,10654,10654,10654,4
2019-04-01,17:14:27.854000,10654,10654,10654,1
2019-04-01,17:14:29.965000,10654,10654,10654,3
2019-04-01,17:14:31.858000,10654,10654,10654,3
2019-04-01,17:14:32.579000,10654,10654,10654,1
2019-04-01,17:14:34.407000,10654,10654,10654,1
2019-04-01,17:14:36.831000,10654,10654,10654,1
2019-04-01,17:14:45.732000,10654,10654,10654,1
2019-04-01,17:14:46.479000,10654,10654,10654,1
2019-04-01,17:14:46.498000,10654,10654,10654,1
2019-04-01,17:14:48.138000,10654,10654,10654,1
2019-04-01,17:14:51.619000,10654,10654,10654,1
2019-04-01,17:14:51.953000,10654,10654,10654,2
2019-04-01,17:14:54.859000,10654,10654,10654,4
2019-04-01,17:14:55.695000,10654,10654,10654,2
2019-04-01,17:14:57.050000,10654,10654,10654,1
2019-04-01,17:14:57.262000,10654,10654,10654,1
2019-04-01,17:14:58.108000,10654,10654,10654,1
2019-04-01,17:14:59.166000,10654,10654,10654,1
2019-04-01,17:15:06.585000,10653,10653,10653,1
2019-04-01,17:15:06.845000,10653,10653,10653,1
2019-04-01,17:15:11.427000,10653,10653,10653,3
2019-04-01,17:15:13.044000,10653,10653,10653,1
2019-04-01,17:15:18.020000,10653,10653,10653,1
2019-04-01,17:15:26.862000,10653,10653,10653,1
2019-04-01,17:15:28.382000,10653,10653,10653,1
2019-04-01,17:15:33.289000,10653,10653,10653,2
2019-04-01,17:15:39.839000,10653,10653,10653,1
2019-04-01,17:15:52.334000,10654,10654,10654,1
2019-04-01,17:15:52.658000,10653,10653,10653,1
2019-04-01,17:15:52.673000,10654,10654,10654,1
2019-04-01,17:15:52.673000,10654,10654,10654,1
2019-04-01,17:15:52.673000,10654,10654,10654,6
2019-04-01,17:15:52.786000,10655,10655,10655,1
2019-04-01,17:15:54.071000,10654,10654,10654,1
2019-04-01,17:15:58.467000,10654,10654,10654,1
2019-04-01,17:16:13.174000,10653,10653,10653,1
2019-04-01,17:16:16.488000,10654,10654,10654,1
2019-04-01,17:16:43.741000,10654,10654,10654,1
2019-04-01,17:16:50.881000,10654,10654,10654,3
2019-04-01,17:17:05.030000,10654,10654,10654,1
2019-04-01,17:17:14.620000,10655,10655,10655,12
2019-04-01,17:17:18.382000,10655,10655,10655,4
2019-04-01,17:17:45.764000,10655,10655,10655,3
2019-04-01,17:17:50.055000,10655,10655,10655,1
2019-04-01,17:17:56.782000,10655,10655,10655,1
2019-04-01,17:18:01.863000,10655,10655,10655,1
2019-04-01,17:18:04.349000,10655,10655,10655,1
2019-04-01,17:18:13.581000,10655,10655,10655,1
2019-04-01,17:18:59.612000,10655,10655,10655,2
2019-04-01,17:19:13.400000,10655,10655,10655,4
2019-04-01,17:19:26.960000,10655,10655,10655,1
2019-04-01,17:19:34.144000,10655,10655,10655,1
2019-04-01,17:19:34.157000,10655,10655,10655,1
2019-04-01,17:19:34.157000,10655,10655,10655,3
2019-04-01,17:19:35.159000,10656,10656,10656,1
2019-04-01,17:20:01.917000,10656,10656,10656,1
2019-04-01,17:20:02.831000,10655,10655,10655,2
2019-04-01,17:20:10.448000,10655,10655,10655,1
2019-04-01,17:20:12.505000,10655,10655,10655,1
2019-04-01,17:20:23.446000,10654,10654,10654,25
2019-04-01,17:20:40.058000,10653,10653,10653,29
2019-04-01,17:20:46.214000,10652,10652,10652,1
2019-04-01,17:20:46.760000,10652,10652,10652,1
2019-04-01,17:20:56.200000,10652,10652,10652,1
2019-04-01,17:21:00.516000,10652,10652,10652,2
2019-04-01,17:21:12.020000,10652,10652,10652,2
2019-04-01,17:21:22.151000,10653,10653,10653,2
2019-04-01,17:21:23.526000,10653,10653,10653,1
2019-04-01,17:21:24.557000,10652,10652,10652,2
2019-04-01,17:21:28.633000,10652,10652,10652,3
2019-04-01,17:21:32.732000,10653,10653,10653,1
2019-04-01,17:21:44.578000,10653,10653,10653,1
2019-04-01,17:21:44.657000,10653,10653,10653,1
2019-04-01,17:21:50.290000,10654,10654,10654,4
2019-04-01,17:21:50.451000,10654,10654,10654,9
2019-04-01,17:22:43.810000,10653,10653,10653,2
2019-04-01,17:22:46.024000,10653,10653,10653,1
2019-04-01,17:22:46.042000,10653,10653,10653,2
2019-04-01,17:22:46.157000,10653,10653,10653,1
2019-04-01,17:22:48.960000,10653,10653,10653,1
2019-04-01,17:22:49.474000,10652,10652,10652,1
2019-04-01,17:22:51.669000,10653,10653,10653,1
2019-04-01,17:23:00.266000,10653,10653,10653,1
2019-04-01,17:23:24.117000,10653,10653,10653,1
2019-04-01,17:23:26.588000,10653,10653,10653,1
2019-04-01,17:23:51.733000,10652,10652,10652,22
2019-04-01,17:24:04.600000,10652,10652,10652,1
2019-04-01,17:24:18.092000,10652,10652,10652,1
2019-04-01,17:24:18.157000,10652,10652,10652,2
2019-04-01,17:24:24.937000,10652,10652,10652,1
2019-04-01,17:24:28.782000,10652,10652,10652,15
2019-04-01,17:24:32.183000,10652,10652,10652,2
2019-04-01,17:24:36.471000,10652,10652,10652,1
2019-04-01,17:24:37.226000,10652,10652,10652,1
2019-04-01,17:24:38.269000,10651,10651,10651,1
2019-04-01,17:25:12.027000,10651,10651,10651,1
2019-04-01,17:25:20.207000,10651,10651,10651,2
2019-04-01,17:25:21.538000,10652,10652,10652,1
2019-04-01,17:25:23.130000,10652,10652,10652,1
2019-04-01,17:25:24.204000,10651,10651,10651,1
2019-04-01,17:25:25.596000,10652,10652,10652,2
2019-04-01,17:25:26.269000,10652,10652,10652,1
2019-04-01,17:25:26.269000,10652,10652,10652,2
2019-04-01,17:25:26.282000,10652,10652,10652,3
2019-04-01,17:25:26.407000,10652,10652,10652,5
2019-04-01,17:25:31.676000,10652,10652,10652,1
2019-04-01,17:26:16.703000,10652,10652,10652,11
2019-04-01,17:26:17.151000,10652,10652,10652,2
2019-04-01,17:26:22.702000,10652,10652,10652,1
2019-04-01,17:26:26.034000,10651,10651,10651,1
2019-04-01,17:26:29.314000,10651,10651,10651,4
2019-04-01,17:26:51.383000,10652,10652,10652,1
2019-04-01,17:26:54.902000,10652,10652,10652,1
2019-04-01,17:27:12.711000,10652,10652,10652,5
2019-04-01,17:27:17.016000,10652,10652,10652,1
2019-04-01,17:27:18.510000,10652,10652,10652,1
2019-04-01,17:27:23.477000,10652,10652,10652,1
2019-04-01,17:27:25.469000,10652,10652,10652,1
2019-04-01,17:27:30.281000,10652,10652,10652,1
2019-04-01,17:27:40.621000,10652,10652,10652,1
2019-04-01,17:27:45.247000,10651,10651,10651,2
2019-04-01,17:28:07.202000,10651,10651,10651,4
2019-04-01,17:28:12.640000,10651,10651,10651,1
2019-04-01,17:28:13.583000,10651,10651,10651,2
2019-04-01,17:28:24.848000,10651,10651,10651,4
2019-04-01,17:28:33.659000,10651,10651,10651,2
2019-04-01,17:28:48.287000,10651,10651,10651,1
2019-04-01,17:29:30.216000,10651,10651,10651,1
2019-04-01,17:29:31.068000,10651,10651,10651,1
2019-04-01,17:29:33.842000,10651,10651,10651,1
2019-04-01,17:29:35.237000,10651,10651,10651,6
2019-04-01,17:29:35.824000,10651,10651,10651,17
2019-04-01,17:29:45.403000,10651,10651,10651,6
2019-04-01,17:30:09.451000,10651,10651,10651,1
2019-04-01,17:30:09.665000,10650,10650,10650,1
2019-04-01,17:30:09.821000,10650,10650,10650,1
2019-04-01,17:30:09.883000,10650,10650,10650,2
2019-04-01,17:30:10.034000,10650,10650,10650,1
2019-04-01,17:30:10.116000,10650,10650,10650,1
2019-04-01,17:30:10.530000,10650,10650,10650,1
2019-04-01,17:30:11.085000,10650,10650,10650,1
2019-04-01,17:30:11.103000,10650,10650,10650,1
2019-04-01,17:30:11.107000,10650,10650,10650,1
2019-04-01,17:30:11.166000,10650,10650,10650,1
2019-04-01,17:30:11.168000,10650,10650,10650,1
2019-04-01,17:30:14.063000,10651,10651,10651,1
2019-04-01,17:30:27.784000,10651,10651,10651,1
2019-04-01,17:30:29.828000,10651,10651,10651,4
2019-04-01,17:30:41.348000,10651,10651,10651,1
2019-04-01,17:30:48.478000,10651,10651,10651,1
2019-04-01,17:30:51.669000,10651,10651,10651,1
2019-04-01,17:30:51.669000,10650,10650,10650,1
2019-04-01,17:31:11.188000,10650,10650,10650,1
2019-04-01,17:31:13.122000,10650,10650,10650,3
2019-04-01,17:31:19.455000,10650,10650,10650,1
2019-04-01,17:31:37.118000,10650,10650,10650,6
2019-04-01,17:31:40.409000,10650,10650,10650,1
2019-04-01,17:31:53.966000,10650,10650,10650,2
2019-04-01,17:31:56.907000,10650,10650,10650,1
2019-04-01,17:32:00.487000,10650,10650,10650,1
2019-04-01,17:32:01.128000,10650,10650,10650,1
2019-04-01,17:32:02.356000,10650,10650,10650,2
2019-04-01,17:32:02.448000,10650,10650,10650,4
2019-04-01,17:32:10.982000,10650,10650,10650,2
2019-04-01,17:32:13.788000,10650,10650,10650,2
2019-04-01,17:32:17.491000,10649,10649,10649,2
2019-04-01,17:32:17.498000,10649,10649,10649,1
2019-04-01,17:32:17.501000,10649,10649,10649,3
2019-04-01,17:32:17.532000,10649,10649,10649,1
2019-04-01,17:32:17.533000,10649,10649,10649,3
2019-04-01,17:32:17.533000,10649,10649,10649,2
2019-04-01,17:32:17.820000,10649,10649,10649,1
2019-04-01,17:32:21.859000,10649,10649,10649,5
2019-04-01,17:32:23.625000,10649,10649,10649,4
2019-04-01,17:32:37.265000,10649,10649,10649,1
2019-04-01,17:32:41.278000,10649,10649,10649,2
2019-04-01,17:32:50.997000,10649,10649,10649,4
2019-04-01,17:32:53.067000,10650,10650,10650,2
2019-04-01,17:33:02.541000,10650,10650,10650,2
2019-04-01,17:33:03.601000,10650,10650,10650,6
2019-04-01,17:33:05.662000,10650,10650,10650,2
2019-04-01,17:33:10.572000,10651,10651,10651,4
2019-04-01,17:33:10.782000,10651,10651,10651,1
2019-04-01,17:33:11.566000,10651,10651,10651,1
2019-04-01,17:33:11.759000,10651,10651,10651,1
2019-04-01,17:33:11.760000,10651,10651,10651,1
2019-04-01,17:33:19.692000,10651,10651,10651,2
2019-04-01,17:33:23.744000,10651,10651,10651,2
2019-04-01,17:33:24.303000,10651,10651,10651,2
2019-04-01,17:33:28.853000,10651,10651,10651,4
2019-04-01,17:33:37.178000,10652,10652,10652,2
2019-04-01,17:33:38.966000,10652,10652,10652,1
2019-04-01,17:33:41.590000,10652,10652,10652,2
2019-04-01,17:33:44.139000,10652,10652,10652,1
2019-04-01,17:33:45.211000,10652,10652,10652,2
2019-04-01,17:33:47.312000,10652,10652,10652,2
2019-04-01,17:33:48.309000,10652,10652,10652,1
2019-04-01,17:34:02.665000,10653,10653,10653,1
2019-04-01,17:34:18.954000,10652,10652,10652,1
2019-04-01,17:34:21.038000,10653,10653,10653,3
2019-04-01,17:34:26.534000,10652,10652,10652,2
2019-04-01,17:34:28.172000,10652,10652,10652,2
2019-04-01,17:34:29.282000,10652,10652,10652,4
2019-04-01,17:34:29.282000,10652,10652,10652,3
2019-04-01,17:34:29.282000,10652,10652,10652,5
2019-04-01,17:34:29.534000,10651,10651,10651,2
2019-04-01,17:34:40.412000,10651,10651,10651,1
2019-04-01,17:34:40.643000,10651,10651,10651,1
2019-04-01,17:34:40.783000,10651,10651,10651,3
2019-04-01,17:34:40.907000,10651,10651,10651,1
2019-04-01,17:34:40.916000,10652,10652,10652,12
2019-04-01,17:34:48.070000,10652,10652,10652,1
2019-04-01,17:34:55.138000,10652,10652,10652,1
2019-04-01,17:35:32.504000,10652,10652,10652,1
2019-04-01,17:35:32.955000,10651,10651,10651,1
2019-04-01,17:35:32.961000,10651,10651,10651,1
2019-04-01,17:35:34.693000,10652,10652,10652,1
2019-04-01,17:36:02.042000,10652,10652,10652,1
2019-04-01,17:36:17.343000,10652,10652,10652,2
2019-04-01,17:36:37.284000,10652,10652,10652,4
2019-04-01,17:36:40.032000,10652,10652,10652,1
2019-04-01,17:36:41.789000,10652,10652,10652,1
2019-04-01,17:36:43.576000,10652,10652,10652,1
2019-04-01,17:36:49.273000,10652,10652,10652,1
2019-04-01,17:37:01.653000,10652,10652,10652,4
2019-04-01,17:37:20.218000,10653,10653,10653,2
2019-04-01,17:37:26.497000,10653,10653,10653,4
2019-04-01,17:37:31.308000,10652,10652,10652,1
2019-04-01,17:37:44.650000,10653,10653,10653,1
2019-04-01,17:38:30.601000,10653,10653,10653,3
2019-04-01,17:39:05.659000,10653,10653,10653,2
2019-04-01,17:39:09.532000,10653,10653,10653,2
2019-04-01,17:39:17.627000,10653,10653,10653,1
2019-04-01,17:39:28.106000,10654,10654,10654,2
2019-04-01,17:39:41.382000,10653,10653,10653,2
2019-04-01,17:39:42.753000,10653,10653,10653,2
2019-04-01,17:39:46.995000,10653,10653,10653,2
2019-04-01,17:39:47.032000,10653,10653,10653,1
2019-04-01,17:39:47.089000,10653,10653,10653,5
2019-04-01,17:40:21.696000,10652,10652,10652,2
2019-04-01,17:40:21.850000,10652,10652,10652,4
2019-04-01,17:40:22.966000,10652,10652,10652,2
2019-04-01,17:40:25.179000,10652,10652,10652,1
2019-04-01,17:40:31.820000,10652,10652,10652,2
2019-04-01,17:40:34.331000,10652,10652,10652,2
2019-04-01,17:40:49.880000,10651,10651,10651,2
2019-04-01,17:40:51.983000,10652,10652,10652,1
2019-04-01,17:41:29.423000,10652,10652,10652,1
2019-04-01,17:41:29.787000,10652,10652,10652,1
2019-04-01,17:41:41.838000,10652,10652,10652,1
2019-04-01,17:41:57.201000,10653,10653,10653,4
2019-04-01,17:42:26.353000,10653,10653,10653,1
2019-04-01,17:42:32.442000,10653,10653,10653,2
2019-04-01,17:42:32.532000,10653,10653,10653,5
2019-04-01,17:42:44.899000,10653,10653,10653,1
2019-04-01,17:42:52.238000,10654,10654,10654,4
2019-04-01,17:43:12.995000,10654,10654,10654,1
2019-04-01,17:43:34.799000,10654,10654,10654,1
2019-04-01,17:43:34.800000,10654,10654,10654,1
2019-04-01,17:43:34.907000,10654,10654,10654,6
2019-04-01,17:43:40.082000,10655,10655,10655,1
2019-04-01,17:43:40.082000,10655,10655,10655,2
2019-04-01,17:43:40.319000,10655,10655,10655,1
2019-04-01,17:43:42.876000,10655,10655,10655,1
2019-04-01,17:43:43.610000,10655,10655,10655,1
2019-04-01,17:43:51.167000,10655,10655,10655,2
2019-04-01,17:43:52.139000,10654,10654,10654,1
2019-04-01,17:44:00.768000,10655,10655,10655,1
2019-04-01,17:44:05.966000,10654,10654,10654,1
2019-04-01,17:44:14.647000,10654,10654,10654,4
2019-04-01,17:44:16.264000,10654,10654,10654,2
2019-04-01,17:44:20.379000,10654,10654,10654,1
2019-04-01,17:44:20.480000,10654,10654,10654,2
2019-04-01,17:44:49.830000,10654,10654,10654,1
2019-04-01,17:44:59.127000,10654,10654,10654,1
2019-04-01,17:45:55.898000,10654,10654,10654,1
2019-04-01,17:45:55.909000,10654,10654,10654,4
2019-04-01,17:45:58.659000,10654,10654,10654,1
2019-04-01,17:46:25.909000,10653,10653,10653,1
2019-04-01,17:47:04.349000,10653,10653,10653,1
2019-04-01,17:47:13.094000,10653,10653,10653,7
2019-04-01,17:47:13.335000,10653,10653,10653,2
2019-04-01,17:47:13.574000,10653,10653,10653,2
2019-04-01,17:47:13.813000,10653,10653,10653,2
2019-04-01,17:47:37.811000,10653,10653,10653,1
2019-04-01,17:47:41.405000,10653,10653,10653,1
2019-04-01,17:47:41.635000,10653,10653,10653,1
2019-04-01,17:47:44.786000,10653,10653,10653,2
2019-04-01,17:47:48.066000,10653,10653,10653,2
2019-04-01,17:47:55.302000,10653,10653,10653,1
2019-04-01,17:48:06.260000,10652,10652,10652,2
2019-04-01,17:48:06.317000,10652,10652,10652,1
2019-04-01,17:48:09.872000,10652,10652,10652,2
2019-04-01,17:48:11.645000,10652,10652,10652,2
2019-04-01,17:48:31.680000,10652,10652,10652,1
2019-04-01,17:48:32.225000,10651,10651,10651,5
2019-04-01,17:48:36.374000,10651,10651,10651,1
2019-04-01,17:48:56.361000,10651,10651,10651,1
2019-04-01,17:49:01.481000,10651,10651,10651,4
2019-04-01,17:49:01.532000,10651,10651,10651,1
2019-04-01,17:49:01.532000,10651,10651,10651,7
2019-04-01,17:49:17.631000,10650,10650,10650,2
2019-04-01,17:49:17.697000,10650,10650,10650,1
2019-04-01,17:49:19.021000,10650,10650,10650,8
2019-04-01,17:49:19.859000,10650,10650,10650,1
2019-04-01,17:49:27.708000,10650,10650,10650,1
2019-04-01,17:49:28.836000,10650,10650,10650,1
2019-04-01,17:49:30.970000,10649,10649,10649,15
2019-04-01,17:49:30.970000,10649,10649,10649,2
2019-04-01,17:49:31.004000,10649,10649,10649,2
2019-04-01,17:49:31.475000,10649,10649,10649,7
2019-04-01,17:49:32.083000,10649,10649,10649,1
2019-04-01,17:49:32.092000,10649,10649,10649,1
2019-04-01,17:49:44.887000,10649,10649,10649,1
2019-04-01,17:49:50.858000,10649,10649,10649,1
2019-04-01,17:49:51.944000,10649,10649,10649,1
2019-04-01,17:49:56.275000,10650,10650,10650,4
2019-04-01,17:50:03.716000,10650,10650,10650,1
2019-04-01,17:50:27.920000,10650,10650,10650,1
2019-04-01,17:50:39.140000,10650,10650,10650,2
2019-04-01,17:50:47.807000,10650,10650,10650,2
2019-04-01,17:50:59.977000,10651,10651,10651,1
2019-04-01,17:51:52.213000,10650,10650,10650,8
2019-04-01,17:51:58.099000,10650,10650,10650,2
2019-04-01,17:52:07.238000,10650,10650,10650,1
2019-04-01,17:52:32.699000,10650,10650,10650,2
2019-04-01,17:52:35.210000,10650,10650,10650,5
2019-04-01,17:52:37.090000,10650,10650,10650,1
2019-04-01,17:52:38.242000,10650,10650,10650,1
2019-04-01,17:52:55.095000,10650,10650,10650,1
2019-04-01,17:53:21.885000,10650,10650,10650,1
2019-04-01,17:54:14.034000,10651,10651,10651,4
2019-04-01,17:54:14.662000,10650,10650,10650,13
2019-04-01,17:54:22.180000,10650,10650,10650,1
2019-04-01,17:54:24.682000,10650,10650,10650,1
2019-04-01,17:55:03.841000,10651,10651,10651,1
2019-04-01,17:55:04.173000,10650,10650,10650,1
2019-04-01,17:55:07.300000,10650,10650,10650,1
2019-04-01,17:55:17.849000,10650,10650,10650,1
2019-04-01,17:55:34.737000,10650,10650,10650,1
2019-04-01,17:55:37.103000,10650,10650,10650,2
2019-04-01,17:55:42.946000,10650,10650,10650,2
2019-04-01,17:55:42.946000,10650,10650,10650,1
2019-04-01,17:55:42.947000,10650,10650,10650,2
2019-04-01,17:55:46.673000,10650,10650,10650,1
2019-04-01,17:55:49.492000,10650,10650,10650,2
2019-04-01,17:56:14.050000,10649,10649,10649,2
2019-04-01,17:56:14.659000,10649,10649,10649,13
2019-04-01,17:56:15.203000,10649,10649,10649,1
2019-04-01,17:56:19.045000,10649,10649,10649,1
2019-04-01,17:56:25.949000,10649,10649,10649,1
2019-04-01,17:56:32.547000,10649,10649,10649,1
2019-04-01,17:56:32.830000,10649,10649,10649,1
2019-04-01,17:56:35.032000,10649,10649,10649,1
2019-04-01,17:56:35.392000,10649,10649,10649,1
2019-04-01,17:56:41.623000,10649,10649,10649,1
2019-04-01,17:56:50.016000,10650,10650,10650,3
2019-04-01,17:56:50.037000,10650,10650,10650,1
2019-04-01,17:56:51.032000,10650,10650,10650,1
2019-04-01,17:56:59.552000,10650,10650,10650,1
2019-04-01,17:57:26.279000,10649,10649,10649,3
2019-04-01,17:57:47.087000,10650,10650,10650,2
2019-04-01,17:58:07.168000,10651,10651,10651,1
2019-04-01,17:58:19.788000,10651,10651,10651,2
2019-04-01,17:58:21.513000,10651,10651,10651,3
2019-04-01,17:58:21.513000,10651,10651,10651,2
2019-04-01,17:58:32.581000,10651,10651,10651,2
2019-04-01,17:59:00.482000,10652,10652,10652,1
2019-04-01,17:59:09.236000,10652,10652,10652,2
2019-04-01,17:59:16.206000,10652,10652,10652,1
2019-04-01,17:59:26.244000,10652,10652,10652,1
2019-04-01,18:00:00.550000,10652,10652,10652,2
2019-04-01,18:00:00.737000,10652,10652,10652,2
2019-04-01,18:00:00.775000,10652,10652,10652,4
2019-04-01,18:00:00.851000,10652,10652,10652,1
2019-04-01,18:00:00.851000,10652,10652,10652,1
2019-04-01,18:00:00.851000,10652,10652,10652,1
2019-04-01,18:00:00.851000,10652,10652,10652,1
2019-04-01,18:00:00.853000,10652,10652,10652,5
2019-04-01,18:00:01.297000,10651,10651,10651,2
2019-04-01,18:00:01.327000,10651,10651,10651,14
2019-04-01,18:00:01.328000,10651,10651,10651,1
2019-04-01,18:00:01.329000,10651,10651,10651,2
2019-04-01,18:00:01.364000,10650,10650,10650,1
2019-04-01,18:00:01.534000,10650,10650,10650,4
2019-04-01,18:00:01.650000,10650,10650,10650,1
2019-04-01,18:00:02.969000,10650,10650,10650,1
2019-04-01,18:00:02.983000,10650,10650,10650,1
2019-04-01,18:00:03.046000,10650,10650,10650,1
2019-04-01,18:00:03.081000,10650,10650,10650,1
2019-04-01,18:00:03.171000,10650,10650,10650,1
