2019-11-08 15:00:00,11572,11572,11572,164,164
2019-11-08 15:00:00,11572,11572,11572,10,10
2019-11-08 15:00:00,11572,11572,11572,4,4
2019-11-08 15:00:00,11572,11572,11572,8,8
2019-11-08 15:00:00,11572,11572,11572,2,2
2019-11-08 15:00:00,11573,11573,11573,2,2
2019-11-08 15:00:00,11572,11572,11572,4,-4
2019-11-08 15:00:00,11571,11571,11571,2,-2
2019-11-08 15:00:00,11571,11571,11571,16,16
2019-11-08 15:00:00,11571,11571,11571,2,2
2019-11-08 15:00:01,11571,11571,11571,2,2
2019-11-08 15:00:01,11571,11571,11571,2,2
2019-11-08 15:00:01,11572,11572,11572,12,12
2019-11-08 15:00:01,11571,11571,11571,2,-2
2019-11-08 15:00:01,11572,11572,11572,2,2
2019-11-08 15:00:02,11572,11572,11572,2,2
2019-11-08 15:00:02,11573,11573,11573,6,6
2019-11-08 15:00:02,11571,11571,11571,2,-2
2019-11-08 15:00:03,11572,11572,11572,6,6
2019-11-08 15:00:03,11572,11572,11572,2,2
2019-11-08 15:00:04,11572,11572,11572,2,2
2019-11-08 15:00:04,11572,11572,11572,4,4
2019-11-08 15:00:04,11572,11572,11572,2,2
2019-11-08 15:00:04,11572,11572,11572,2,2
2019-11-08 15:00:05,11571,11571,11571,4,-4
2019-11-08 15:00:05,11572,11572,11572,4,4
2019-11-08 15:00:05,11572,11572,11572,4,4
2019-11-08 15:00:06,11572,11572,11572,4,4
2019-11-08 15:00:06,11571,11571,11571,4,-4
2019-11-08 15:00:07,11572,11572,11572,2,2
2019-11-08 15:00:08,11571,11571,11571,2,-2
2019-11-08 15:00:09,11572,11572,11572,2,2
2019-11-08 15:00:14,11571,11571,11571,2,-2
2019-11-08 15:00:15,11571,11571,11571,8,8
2019-11-08 15:00:15,11571,11571,11571,8,8
2019-11-08 15:00:15,11571,11571,11571,4,4
2019-11-08 15:00:15,11571,11571,11571,2,2
2019-11-08 15:00:15,11571,11571,11571,2,2
2019-11-08 15:00:15,11571,11571,11571,4,4
2019-11-08 15:00:15,11571,11571,11571,36,36
2019-11-08 15:00:15,11571,11571,11571,6,6
2019-11-08 15:00:15,11571,11571,11571,24,24
2019-11-08 15:00:15,11571,11571,11571,8,8
2019-11-08 15:00:15,11571,11571,11571,2,2
2019-11-08 15:00:15,11572,11572,11572,2,2
2019-11-08 15:00:15,11572,11572,11572,2,2
2019-11-08 15:00:15,11571,11571,11571,12,-12
2019-11-08 15:00:15,11571,11571,11571,4,4
2019-11-08 15:00:15,11571,11571,11571,4,4
2019-11-08 15:00:15,11571,11571,11571,4,4
2019-11-08 15:00:15,11571,11571,11571,6,6
2019-11-08 15:00:15,11571,11571,11571,20,20
2019-11-08 15:00:16,11571,11571,11571,2,2
2019-11-08 15:00:16,11572,11572,11572,4,4
2019-11-08 15:00:16,11572,11572,11572,4,4
2019-11-08 15:00:16,11571,11571,11571,4,-4
2019-11-08 15:00:16,11571,11571,11571,2,2
2019-11-08 15:00:16,11571,11571,11571,2,2
2019-11-08 15:00:16,11571,11571,11571,2,2
2019-11-08 15:00:18,11571,11571,11571,10,10
2019-11-08 15:00:19,11571,11571,11571,6,6
2019-11-08 15:00:19,11571,11571,11571,2,2
2019-11-08 15:00:20,11571,11571,11571,4,4
2019-11-08 15:00:21,11571,11571,11571,2,2
2019-11-08 15:00:21,11571,11571,11571,2,2
2019-11-08 15:00:21,11571,11571,11571,2,2
2019-11-08 15:00:22,11571,11571,11571,2,2
2019-11-08 15:00:22,11571,11571,11571,2,2
2019-11-08 15:00:23,11571,11571,11571,2,2
2019-11-08 15:00:23,11571,11571,11571,2,2
2019-11-08 15:00:23,11571,11571,11571,2,2
2019-11-08 15:00:24,11571,11571,11571,2,2
2019-11-08 15:00:28,11571,11571,11571,4,4
2019-11-08 15:00:29,11570,11570,11570,2,-2
2019-11-08 15:00:29,11570,11570,11570,2,2
2019-11-08 15:00:31,11569,11569,11569,2,-2
2019-11-08 15:00:31,11569,11569,11569,2,2
2019-11-08 15:00:35,11569,11569,11569,2,2
2019-11-08 15:00:36,11569,11569,11569,4,4
2019-11-08 15:00:36,11569,11569,11569,2,2
2019-11-08 15:00:37,11569,11569,11569,2,2
2019-11-08 15:00:40,11569,11569,11569,2,2
2019-11-08 15:00:40,11569,11569,11569,4,4
2019-11-08 15:00:43,11569,11569,11569,2,2
2019-11-08 15:00:43,11569,11569,11569,2,2
2019-11-08 15:00:44,11570,11570,11570,2,2
2019-11-08 15:00:45,11570,11570,11570,2,2
2019-11-08 15:00:45,11570,11570,11570,6,6
2019-11-08 15:00:45,11570,11570,11570,2,2
2019-11-08 15:00:45,11571,11571,11571,6,6
2019-11-08 15:00:46,11572,11572,11572,36,36
2019-11-08 15:00:46,11573,11573,11573,2,2
2019-11-08 15:00:46,11573,11573,11573,2,2
2019-11-08 15:00:46,11573,11573,11573,4,4
2019-11-08 15:00:46,11573,11573,11573,10,10
2019-11-08 15:00:46,11572,11572,11572,4,-4
2019-11-08 15:00:49,11573,11573,11573,2,2
2019-11-08 15:00:51,11574,11574,11574,2,2
2019-11-08 15:00:52,11574,11574,11574,2,2
2019-11-08 15:00:52,11573,11573,11573,2,-2
2019-11-08 15:00:53,11574,11574,11574,2,2
2019-11-08 15:00:54,11574,11574,11574,10,10
2019-11-08 15:00:56,11574,11574,11574,2,2
2019-11-08 15:00:59,11573,11573,11573,2,-2
2019-11-08 15:01:00,11573,11573,11573,2,2
2019-11-08 15:01:00,11573,11573,11573,2,2
2019-11-08 15:01:03,11574,11574,11574,4,4
2019-11-08 15:01:09,11573,11573,11573,4,-4
2019-11-08 15:01:09,11574,11574,11574,6,6
2019-11-08 15:01:14,11573,11573,11573,6,-6
2019-11-08 15:01:15,11574,11574,11574,6,6
2019-11-08 15:01:15,11574,11574,11574,36,36
2019-11-08 15:01:16,11574,11574,11574,4,4
2019-11-08 15:01:16,11574,11574,11574,20,20
2019-11-08 15:01:16,11574,11574,11574,2,2
2019-11-08 15:01:22,11574,11574,11574,4,4
2019-11-08 15:01:25,11575,11575,11575,8,8
2019-11-08 15:01:25,11575,11575,11575,10,10
2019-11-08 15:01:25,11575,11575,11575,2,2
2019-11-08 15:01:26,11575,11575,11575,2,2
2019-11-08 15:01:27,11575,11575,11575,4,4
2019-11-08 15:01:28,11576,11576,11576,2,2
2019-11-08 15:01:28,11576,11576,11576,4,4
2019-11-08 15:01:29,11575,11575,11575,4,-4
2019-11-08 15:01:29,11575,11575,11575,2,2
2019-11-08 15:01:29,11574,11574,11574,8,-8
2019-11-08 15:01:29,11574,11574,11574,2,2
2019-11-08 15:01:29,11574,11574,11574,2,2
2019-11-08 15:01:30,11575,11575,11575,2,2
2019-11-08 15:01:35,11576,11576,11576,2,2
2019-11-08 15:01:35,11575,11575,11575,2,-2
2019-11-08 15:01:37,11576,11576,11576,2,2
2019-11-08 15:01:37,11575,11575,11575,4,-4
2019-11-08 15:01:37,11575,11575,11575,2,2
2019-11-08 15:01:41,11575,11575,11575,2,2
2019-11-08 15:01:49,11576,11576,11576,10,10
2019-11-08 15:01:51,11575,11575,11575,2,-2
2019-11-08 15:01:52,11575,11575,11575,4,4
2019-11-08 15:01:52,11575,11575,11575,2,2
2019-11-08 15:01:52,11575,11575,11575,4,4
2019-11-08 15:01:52,11575,11575,11575,8,8
2019-11-08 15:01:52,11575,11575,11575,2,2
2019-11-08 15:01:52,11575,11575,11575,2,2
2019-11-08 15:01:52,11575,11575,11575,2,2
2019-11-08 15:01:52,11575,11575,11575,10,10
2019-11-08 15:01:52,11575,11575,11575,2,2
2019-11-08 15:01:52,11574,11574,11574,6,-6
2019-11-08 15:01:52,11574,11574,11574,8,8
2019-11-08 15:01:52,11574,11574,11574,8,8
2019-11-08 15:01:52,11574,11574,11574,2,2
2019-11-08 15:01:52,11574,11574,11574,2,2
2019-11-08 15:01:52,11574,11574,11574,2,2
2019-11-08 15:01:52,11574,11574,11574,10,10
2019-11-08 15:01:52,11574,11574,11574,6,6
2019-11-08 15:01:55,11574,11574,11574,2,2
2019-11-08 15:02:01,11574,11574,11574,2,2
2019-11-08 15:02:04,11575,11575,11575,6,6
2019-11-08 15:02:05,11574,11574,11574,4,-4
2019-11-08 15:02:05,11574,11574,11574,2,2
2019-11-08 15:02:05,11576,11576,11576,2,2
2019-11-08 15:02:14,11576,11576,11576,2,2
2019-11-08 15:02:16,11576,11576,11576,2,2
2019-11-08 15:02:17,11575,11575,11575,2,-2
2019-11-08 15:02:18,11576,11576,11576,2,2
2019-11-08 15:02:18,11576,11576,11576,2,2
2019-11-08 15:02:22,11576,11576,11576,10,10
2019-11-08 15:02:29,11575,11575,11575,2,-2
2019-11-08 15:02:29,11576,11576,11576,16,16
2019-11-08 15:02:30,11576,11576,11576,2,2
2019-11-08 15:02:32,11577,11577,11577,4,4
2019-11-08 15:02:32,11577,11577,11577,12,12
2019-11-08 15:02:36,11578,11578,11578,16,16
2019-11-08 15:02:36,11578,11578,11578,8,8
2019-11-08 15:02:36,11578,11578,11578,4,4
2019-11-08 15:02:37,11578,11578,11578,4,4
2019-11-08 15:02:37,11579,11579,11579,2,2
2019-11-08 15:02:39,11578,11578,11578,2,-2
2019-11-08 15:02:39,11578,11578,11578,2,2
2019-11-08 15:02:40,11578,11578,11578,2,2
2019-11-08 15:02:41,11579,11579,11579,2,2
2019-11-08 15:02:42,11578,11578,11578,2,-2
2019-11-08 15:02:43,11579,11579,11579,2,2
2019-11-08 15:02:44,11578,11578,11578,2,-2
2019-11-08 15:02:46,11579,11579,11579,2,2
2019-11-08 15:02:51,11579,11579,11579,2,2
2019-11-08 15:02:51,11578,11578,11578,6,-6
2019-11-08 15:02:51,11578,11578,11578,10,10
2019-11-08 15:02:51,11578,11578,11578,2,2
2019-11-08 15:02:51,11578,11578,11578,2,2
2019-11-08 15:02:51,11578,11578,11578,2,2
2019-11-08 15:02:51,11578,11578,11578,2,2
2019-11-08 15:02:54,11578,11578,11578,4,4
2019-11-08 15:02:55,11577,11577,11577,2,-2
2019-11-08 15:02:55,11577,11577,11577,4,4
2019-11-08 15:02:57,11578,11578,11578,10,10
2019-11-08 15:02:58,11579,11579,11579,12,12
2019-11-08 15:02:58,11579,11579,11579,6,6
2019-11-08 15:03:04,11579,11579,11579,6,6
2019-11-08 15:03:04,11579,11579,11579,26,26
2019-11-08 15:03:04,11579,11579,11579,2,2
2019-11-08 15:03:04,11578,11578,11578,2,-2
2019-11-08 15:03:06,11579,11579,11579,2,2
2019-11-08 15:03:06,11579,11579,11579,2,2
2019-11-08 15:03:07,11579,11579,11579,2,2
2019-11-08 15:03:08,11579,11579,11579,2,2
2019-11-08 15:03:10,11579,11579,11579,2,2
2019-11-08 15:03:11,11579,11579,11579,2,2
2019-11-08 15:03:12,11579,11579,11579,4,4
2019-11-08 15:03:15,11579,11579,11579,2,2
2019-11-08 15:03:16,11579,11579,11579,2,2
2019-11-08 15:03:18,11579,11579,11579,2,2
2019-11-08 15:03:18,11579,11579,11579,2,2
2019-11-08 15:03:20,11579,11579,11579,2,2
2019-11-08 15:03:20,11580,11580,11580,2,2
2019-11-08 15:03:20,11580,11580,11580,2,2
2019-11-08 15:03:20,11580,11580,11580,2,2
2019-11-08 15:03:21,11580,11580,11580,2,2
2019-11-08 15:03:22,11579,11579,11579,2,-2
2019-11-08 15:03:26,11579,11579,11579,2,2
2019-11-08 15:03:27,11579,11579,11579,2,2
2019-11-08 15:03:27,11579,11579,11579,4,4
2019-11-08 15:03:27,11579,11579,11579,2,2
2019-11-08 15:03:28,11580,11580,11580,2,2
2019-11-08 15:03:30,11580,11580,11580,20,20
2019-11-08 15:03:36,11580,11580,11580,4,4
2019-11-08 15:03:36,11580,11580,11580,2,2
2019-11-08 15:03:39,11581,11581,11581,4,4
2019-11-08 15:03:40,11581,11581,11581,2,2
2019-11-08 15:03:40,11581,11581,11581,2,2
2019-11-08 15:03:40,11580,11580,11580,2,-2
2019-11-08 15:03:42,11581,11581,11581,2,2
2019-11-08 15:03:42,11580,11580,11580,2,-2
2019-11-08 15:03:42,11580,11580,11580,2,2
2019-11-08 15:03:42,11580,11580,11580,2,2
2019-11-08 15:03:42,11579,11579,11579,2,-2
2019-11-08 15:03:42,11579,11579,11579,2,2
2019-11-08 15:03:42,11579,11579,11579,2,2
2019-11-08 15:03:43,11580,11580,11580,8,8
2019-11-08 15:03:43,11580,11580,11580,12,12
2019-11-08 15:03:43,11581,11581,11581,4,4
2019-11-08 15:03:44,11580,11580,11580,2,-2
2019-11-08 15:03:48,11580,11580,11580,12,12
2019-11-08 15:03:58,11579,11579,11579,4,-4
2019-11-08 15:03:58,11580,11580,11580,6,6
2019-11-08 15:04:00,11580,11580,11580,2,2
2019-11-08 15:04:06,11579,11579,11579,2,-2
2019-11-08 15:04:06,11579,11579,11579,2,2
2019-11-08 15:04:06,11579,11579,11579,2,2
2019-11-08 15:04:06,11579,11579,11579,2,2
2019-11-08 15:04:06,11579,11579,11579,4,4
2019-11-08 15:04:06,11579,11579,11579,2,2
2019-11-08 15:04:06,11579,11579,11579,2,2
2019-11-08 15:04:07,11578,11578,11578,6,-6
2019-11-08 15:04:16,11578,11578,11578,8,8
2019-11-08 15:04:16,11578,11578,11578,2,2
2019-11-08 15:04:17,11579,11579,11579,6,6
2019-11-08 15:04:17,11578,11578,11578,2,-2
2019-11-08 15:04:18,11578,11578,11578,6,6
2019-11-08 15:04:22,11578,11578,11578,4,4
2019-11-08 15:04:22,11578,11578,11578,2,2
2019-11-08 15:04:33,11577,11577,11577,2,-2
2019-11-08 15:04:39,11577,11577,11577,2,2
2019-11-08 15:04:39,11577,11577,11577,4,4
2019-11-08 15:04:42,11577,11577,11577,4,4
2019-11-08 15:04:42,11577,11577,11577,4,4
2019-11-08 15:04:43,11577,11577,11577,2,2
2019-11-08 15:04:43,11577,11577,11577,2,2
2019-11-08 15:04:43,11577,11577,11577,2,2
2019-11-08 15:04:43,11577,11577,11577,2,2
2019-11-08 15:04:43,11577,11577,11577,2,2
2019-11-08 15:04:43,11577,11577,11577,2,2
2019-11-08 15:04:43,11577,11577,11577,2,2
2019-11-08 15:04:43,11577,11577,11577,2,2
2019-11-08 15:04:43,11577,11577,11577,2,2
2019-11-08 15:04:43,11577,11577,11577,2,2
2019-11-08 15:04:45,11577,11577,11577,2,2
2019-11-08 15:04:47,11576,11576,11576,8,-8
2019-11-08 15:04:47,11576,11576,11576,2,2
2019-11-08 15:04:48,11576,11576,11576,2,2
2019-11-08 15:04:48,11576,11576,11576,2,2
2019-11-08 15:04:48,11576,11576,11576,2,2
2019-11-08 15:04:49,11576,11576,11576,2,2
2019-11-08 15:04:51,11576,11576,11576,2,2
2019-11-08 15:04:55,11576,11576,11576,2,2
2019-11-08 15:04:56,11576,11576,11576,2,2
2019-11-08 15:04:56,11576,11576,11576,2,2
2019-11-08 15:04:57,11576,11576,11576,2,2
2019-11-08 15:05:01,11576,11576,11576,2,2
2019-11-08 15:05:02,11575,11575,11575,4,-4
2019-11-08 15:05:02,11575,11575,11575,2,2
2019-11-08 15:05:02,11575,11575,11575,2,2
2019-11-08 15:05:05,11575,11575,11575,2,2
2019-11-08 15:05:05,11575,11575,11575,10,10
2019-11-08 15:05:05,11575,11575,11575,2,2
2019-11-08 15:05:05,11575,11575,11575,2,2
2019-11-08 15:05:06,11575,11575,11575,4,4
2019-11-08 15:05:06,11575,11575,11575,2,2
2019-11-08 15:05:06,11575,11575,11575,10,10
2019-11-08 15:05:06,11575,11575,11575,2,2
2019-11-08 15:05:06,11576,11576,11576,10,10
2019-11-08 15:05:07,11575,11575,11575,2,-2
2019-11-08 15:05:07,11575,11575,11575,2,2
2019-11-08 15:05:07,11575,11575,11575,2,2
2019-11-08 15:05:08,11575,11575,11575,2,2
2019-11-08 15:05:08,11575,11575,11575,8,8
2019-11-08 15:05:08,11575,11575,11575,2,2
2019-11-08 15:05:08,11575,11575,11575,2,2
2019-11-08 15:05:08,11575,11575,11575,2,2
2019-11-08 15:05:08,11575,11575,11575,2,2
2019-11-08 15:05:13,11576,11576,11576,12,12
2019-11-08 15:05:14,11575,11575,11575,2,-2
2019-11-08 15:05:14,11575,11575,11575,2,2
2019-11-08 15:05:14,11575,11575,11575,6,6
2019-11-08 15:05:18,11576,11576,11576,2,2
2019-11-08 15:05:19,11576,11576,11576,2,2
2019-11-08 15:05:28,11576,11576,11576,4,4
2019-11-08 15:05:42,11576,11576,11576,2,2
2019-11-08 15:05:44,11576,11576,11576,2,2
2019-11-08 15:05:44,11576,11576,11576,2,2
2019-11-08 15:05:49,11576,11576,11576,2,2
2019-11-08 15:05:51,11576,11576,11576,2,2
2019-11-08 15:05:59,11575,11575,11575,2,-2
2019-11-08 15:05:59,11575,11575,11575,2,2
2019-11-08 15:06:01,11575,11575,11575,2,2
2019-11-08 15:06:02,11575,11575,11575,2,2
2019-11-08 15:06:02,11575,11575,11575,2,2
2019-11-08 15:06:02,11575,11575,11575,10,10
2019-11-08 15:06:02,11575,11575,11575,2,2
2019-11-08 15:06:02,11575,11575,11575,2,2
2019-11-08 15:06:03,11575,11575,11575,2,2
2019-11-08 15:06:05,11575,11575,11575,2,2
2019-11-08 15:06:05,11575,11575,11575,2,2
2019-11-08 15:06:05,11575,11575,11575,2,2
2019-11-08 15:06:06,11575,11575,11575,6,6
2019-11-08 15:06:06,11575,11575,11575,2,2
2019-11-08 15:06:09,11575,11575,11575,2,2
2019-11-08 15:06:15,11575,11575,11575,2,2
2019-11-08 15:06:15,11575,11575,11575,4,4
2019-11-08 15:06:20,11575,11575,11575,4,4
2019-11-08 15:06:27,11575,11575,11575,2,2
2019-11-08 15:06:30,11575,11575,11575,2,2
2019-11-08 15:06:30,11575,11575,11575,4,4
2019-11-08 15:06:30,11575,11575,11575,2,2
2019-11-08 15:06:37,11575,11575,11575,4,4
2019-11-08 15:06:43,11574,11574,11574,2,-2
2019-11-08 15:06:46,11574,11574,11574,2,2
2019-11-08 15:06:49,11574,11574,11574,2,2
2019-11-08 15:06:53,11574,11574,11574,2,2
2019-11-08 15:06:53,11575,11575,11575,4,4
2019-11-08 15:06:56,11574,11574,11574,2,-2
2019-11-08 15:06:56,11574,11574,11574,2,2
2019-11-08 15:06:56,11575,11575,11575,4,4
2019-11-08 15:07:02,11575,11575,11575,8,8
2019-11-08 15:07:02,11575,11575,11575,2,2
2019-11-08 15:07:13,11575,11575,11575,2,2
2019-11-08 15:07:16,11574,11574,11574,2,-2
2019-11-08 15:07:19,11575,11575,11575,16,16
2019-11-08 15:07:24,11574,11574,11574,2,-2
2019-11-08 15:07:30,11575,11575,11575,2,2
2019-11-08 15:07:39,11575,11575,11575,2,2
2019-11-08 15:07:40,11574,11574,11574,2,-2
2019-11-08 15:07:51,11574,11574,11574,2,2
2019-11-08 15:07:51,11574,11574,11574,4,4
2019-11-08 15:07:51,11574,11574,11574,2,2
2019-11-08 15:07:51,11574,11574,11574,4,4
2019-11-08 15:07:51,11574,11574,11574,2,2
2019-11-08 15:07:51,11574,11574,11574,6,6
2019-11-08 15:07:51,11574,11574,11574,4,4
2019-11-08 15:07:51,11574,11574,11574,2,2
2019-11-08 15:07:51,11574,11574,11574,2,2
2019-11-08 15:07:51,11574,11574,11574,2,2
2019-11-08 15:07:51,11574,11574,11574,2,2
2019-11-08 15:07:51,11574,11574,11574,2,2
2019-11-08 15:07:51,11574,11574,11574,8,8
2019-11-08 15:07:51,11574,11574,11574,2,2
2019-11-08 15:07:51,11574,11574,11574,4,4
2019-11-08 15:07:51,11574,11574,11574,2,2
2019-11-08 15:07:51,11574,11574,11574,2,2
2019-11-08 15:07:51,11574,11574,11574,2,2
2019-11-08 15:07:51,11574,11574,11574,2,2
2019-11-08 15:07:51,11574,11574,11574,2,2
2019-11-08 15:07:51,11573,11573,11573,2,-2
2019-11-08 15:07:52,11573,11573,11573,2,2
2019-11-08 15:07:52,11573,11573,11573,2,2
2019-11-08 15:07:52,11573,11573,11573,6,6
2019-11-08 15:07:53,11573,11573,11573,2,2
2019-11-08 15:07:53,11573,11573,11573,6,6
2019-11-08 15:07:53,11574,11574,11574,2,2
2019-11-08 15:07:58,11573,11573,11573,2,-2
2019-11-08 15:07:58,11573,11573,11573,6,6
2019-11-08 15:07:58,11573,11573,11573,2,2
2019-11-08 15:07:58,11573,11573,11573,2,2
2019-11-08 15:07:58,11573,11573,11573,2,2
2019-11-08 15:07:58,11573,11573,11573,4,4
2019-11-08 15:08:02,11573,11573,11573,6,6
2019-11-08 15:08:02,11573,11573,11573,2,2
2019-11-08 15:08:03,11572,11572,11572,2,-2
2019-11-08 15:08:06,11573,11573,11573,2,2
2019-11-08 15:08:10,11572,11572,11572,2,-2
2019-11-08 15:08:15,11572,11572,11572,2,2
2019-11-08 15:08:27,11573,11573,11573,6,6
2019-11-08 15:08:29,11574,11574,11574,2,2
2019-11-08 15:08:29,11574,11574,11574,2,2
2019-11-08 15:08:30,11573,11573,11573,2,-2
2019-11-08 15:08:30,11573,11573,11573,2,2
2019-11-08 15:08:32,11573,11573,11573,2,2
2019-11-08 15:08:33,11573,11573,11573,2,2
2019-11-08 15:08:55,11573,11573,11573,2,2
2019-11-08 15:09:09,11574,11574,11574,8,8
2019-11-08 15:09:12,11573,11573,11573,2,-2
2019-11-08 15:09:12,11573,11573,11573,6,6
2019-11-08 15:09:12,11573,11573,11573,2,2
2019-11-08 15:09:14,11573,11573,11573,4,4
2019-11-08 15:09:14,11573,11573,11573,2,2
2019-11-08 15:09:17,11573,11573,11573,2,2
2019-11-08 15:09:17,11573,11573,11573,2,2
2019-11-08 15:09:17,11573,11573,11573,2,2
2019-11-08 15:09:17,11573,11573,11573,2,2
2019-11-08 15:09:17,11573,11573,11573,2,2
2019-11-08 15:09:18,11572,11572,11572,2,-2
2019-11-08 15:09:26,11573,11573,11573,2,2
2019-11-08 15:09:36,11572,11572,11572,4,-4
2019-11-08 15:09:46,11572,11572,11572,2,2
2019-11-08 15:09:48,11572,11572,11572,4,4
2019-11-08 15:09:55,11573,11573,11573,10,10
2019-11-08 15:09:57,11572,11572,11572,2,-2
2019-11-08 15:10:02,11572,11572,11572,2,2
2019-11-08 15:10:02,11572,11572,11572,2,2
2019-11-08 15:10:02,11572,11572,11572,2,2
2019-11-08 15:10:03,11572,11572,11572,2,2
2019-11-08 15:10:03,11572,11572,11572,2,2
2019-11-08 15:10:06,11572,11572,11572,2,2
2019-11-08 15:10:06,11572,11572,11572,2,2
2019-11-08 15:10:07,11573,11573,11573,4,4
2019-11-08 15:10:48,11573,11573,11573,2,2
2019-11-08 15:10:48,11573,11573,11573,2,2
2019-11-08 15:10:48,11573,11573,11573,6,6
2019-11-08 15:10:48,11573,11573,11573,2,2
2019-11-08 15:10:49,11572,11572,11572,2,-2
2019-11-08 15:10:53,11572,11572,11572,2,2
2019-11-08 15:10:56,11572,11572,11572,2,2
2019-11-08 15:10:56,11573,11573,11573,2,2
2019-11-08 15:11:04,11573,11573,11573,4,4
2019-11-08 15:11:05,11573,11573,11573,6,6
2019-11-08 15:11:06,11573,11573,11573,8,8
2019-11-08 15:11:06,11573,11573,11573,10,10
2019-11-08 15:11:08,11574,11574,11574,2,2
2019-11-08 15:11:09,11574,11574,11574,4,4
2019-11-08 15:11:09,11574,11574,11574,2,2
2019-11-08 15:11:10,11574,11574,11574,2,2
2019-11-08 15:11:13,11574,11574,11574,2,2
2019-11-08 15:11:15,11574,11574,11574,2,2
2019-11-08 15:11:25,11574,11574,11574,2,2
2019-11-08 15:11:29,11575,11575,11575,2,2
2019-11-08 15:11:29,11575,11575,11575,4,4
2019-11-08 15:11:29,11575,11575,11575,26,26
2019-11-08 15:11:30,11575,11575,11575,2,2
2019-11-08 15:11:34,11575,11575,11575,2,2
2019-11-08 15:11:34,11576,11576,11576,2,2
2019-11-08 15:11:35,11576,11576,11576,2,2
2019-11-08 15:11:38,11576,11576,11576,4,4
2019-11-08 15:11:47,11575,11575,11575,4,-4
2019-11-08 15:11:48,11575,11575,11575,2,2
2019-11-08 15:12:02,11576,11576,11576,20,20
2019-11-08 15:12:02,11576,11576,11576,6,6
2019-11-08 15:12:02,11576,11576,11576,4,4
2019-11-08 15:12:07,11576,11576,11576,2,2
2019-11-08 15:12:07,11576,11576,11576,2,2
2019-11-08 15:12:07,11576,11576,11576,2,2
2019-11-08 15:12:15,11576,11576,11576,2,2
2019-11-08 15:12:17,11576,11576,11576,2,2
2019-11-08 15:12:17,11575,11575,11575,2,-2
2019-11-08 15:12:19,11576,11576,11576,2,2
2019-11-08 15:12:25,11576,11576,11576,2,2
2019-11-08 15:12:28,11576,11576,11576,2,2
2019-11-08 15:12:38,11575,11575,11575,2,-2
2019-11-08 15:12:40,11576,11576,11576,2,2
2019-11-08 15:12:40,11576,11576,11576,2,2
2019-11-08 15:12:40,11576,11576,11576,2,2
2019-11-08 15:12:58,11576,11576,11576,2,2
2019-11-08 15:13:00,11576,11576,11576,2,2
2019-11-08 15:13:00,11576,11576,11576,2,2
2019-11-08 15:13:00,11576,11576,11576,8,8
2019-11-08 15:13:00,11576,11576,11576,2,2
2019-11-08 15:13:00,11576,11576,11576,4,4
2019-11-08 15:13:01,11576,11576,11576,4,4
2019-11-08 15:13:02,11576,11576,11576,6,6
2019-11-08 15:13:02,11575,11575,11575,2,-2
2019-11-08 15:13:02,11575,11575,11575,2,2
2019-11-08 15:13:02,11575,11575,11575,2,2
2019-11-08 15:13:02,11575,11575,11575,2,2
2019-11-08 15:13:02,11575,11575,11575,2,2
2019-11-08 15:13:02,11575,11575,11575,6,6
2019-11-08 15:13:03,11575,11575,11575,2,2
2019-11-08 15:13:03,11575,11575,11575,2,2
2019-11-08 15:13:03,11575,11575,11575,2,2
2019-11-08 15:13:12,11575,11575,11575,2,2
2019-11-08 15:13:26,11575,11575,11575,2,2
2019-11-08 15:13:35,11575,11575,11575,2,2
2019-11-08 15:13:51,11575,11575,11575,2,2
2019-11-08 15:13:54,11575,11575,11575,2,2
2019-11-08 15:13:56,11575,11575,11575,2,2
2019-11-08 15:13:56,11575,11575,11575,2,2
2019-11-08 15:13:57,11575,11575,11575,2,2
2019-11-08 15:14:05,11575,11575,11575,2,2
2019-11-08 15:14:07,11576,11576,11576,4,4
2019-11-08 15:14:47,11576,11576,11576,4,4
2019-11-08 15:14:48,11575,11575,11575,2,-2
2019-11-08 15:14:54,11575,11575,11575,2,2
2019-11-08 15:15:17,11575,11575,11575,2,2
2019-11-08 15:15:17,11575,11575,11575,2,2
2019-11-08 15:15:25,11575,11575,11575,2,2
2019-11-08 15:15:26,11576,11576,11576,4,4
2019-11-08 15:15:39,11576,11576,11576,2,2
2019-11-08 15:15:39,11576,11576,11576,6,6
2019-11-08 15:15:47,11577,11577,11577,2,2
2019-11-08 15:15:58,11577,11577,11577,2,2
2019-11-08 15:16:02,11576,11576,11576,2,-2
2019-11-08 15:16:02,11576,11576,11576,6,6
2019-11-08 15:16:05,11577,11577,11577,2,2
2019-11-08 15:16:14,11577,11577,11577,4,4
2019-11-08 15:16:24,11576,11576,11576,2,-2
2019-11-08 15:16:27,11577,11577,11577,2,2
2019-11-08 15:16:28,11576,11576,11576,2,-2
2019-11-08 15:16:30,11577,11577,11577,16,16
2019-11-08 15:16:30,11577,11577,11577,16,16
2019-11-08 15:16:31,11578,11578,11578,2,2
2019-11-08 15:16:31,11578,11578,11578,2,2
2019-11-08 15:16:32,11578,11578,11578,4,4
2019-11-08 15:16:32,11577,11577,11577,2,-2
2019-11-08 15:16:33,11578,11578,11578,4,4
2019-11-08 15:16:38,11577,11577,11577,2,-2
2019-11-08 15:16:41,11578,11578,11578,10,10
2019-11-08 15:16:42,11579,11579,11579,6,6
2019-11-08 15:16:51,11579,11579,11579,4,4
2019-11-08 15:16:52,11579,11579,11579,2,2
2019-11-08 15:16:56,11578,11578,11578,4,-4
2019-11-08 15:17:01,11579,11579,11579,2,2
2019-11-08 15:17:11,11578,11578,11578,2,-2
2019-11-08 15:17:13,11579,11579,11579,56,56
2019-11-08 15:17:19,11579,11579,11579,2,2
2019-11-08 15:17:19,11580,11580,11580,2,2
2019-11-08 15:17:19,11580,11580,11580,10,10
2019-11-08 15:17:20,11579,11579,11579,2,-2
2019-11-08 15:17:20,11579,11579,11579,2,2
2019-11-08 15:17:20,11579,11579,11579,4,4
2019-11-08 15:17:20,11580,11580,11580,2,2
2019-11-08 15:17:23,11579,11579,11579,2,-2
2019-11-08 15:17:27,11579,11579,11579,2,2
2019-11-08 15:17:28,11579,11579,11579,4,4
2019-11-08 15:17:31,11579,11579,11579,4,4
2019-11-08 15:17:36,11578,11578,11578,2,-2
2019-11-08 15:17:36,11578,11578,11578,2,2
2019-11-08 15:17:36,11579,11579,11579,2,2
2019-11-08 15:17:55,11579,11579,11579,10,10
2019-11-08 15:17:56,11579,11579,11579,2,2
2019-11-08 15:17:57,11579,11579,11579,10,10
2019-11-08 15:17:57,11579,11579,11579,2,2
2019-11-08 15:17:59,11579,11579,11579,2,2
2019-11-08 15:18:00,11579,11579,11579,2,2
2019-11-08 15:18:01,11579,11579,11579,2,2
2019-11-08 15:18:04,11579,11579,11579,2,2
2019-11-08 15:18:04,11579,11579,11579,2,2
2019-11-08 15:18:04,11579,11579,11579,2,2
2019-11-08 15:18:05,11579,11579,11579,4,4
2019-11-08 15:18:06,11579,11579,11579,2,2
2019-11-08 15:18:07,11579,11579,11579,2,2
2019-11-08 15:18:08,11579,11579,11579,2,2
2019-11-08 15:18:17,11579,11579,11579,2,2
2019-11-08 15:18:18,11579,11579,11579,2,2
2019-11-08 15:18:21,11579,11579,11579,30,30
2019-11-08 15:18:25,11579,11579,11579,4,4
2019-11-08 15:18:26,11579,11579,11579,2,2
2019-11-08 15:18:27,11579,11579,11579,2,2
2019-11-08 15:18:28,11578,11578,11578,2,-2
2019-11-08 15:18:30,11579,11579,11579,2,2
2019-11-08 15:18:32,11579,11579,11579,2,2
2019-11-08 15:18:36,11578,11578,11578,2,-2
2019-11-08 15:18:42,11578,11578,11578,2,2
2019-11-08 15:19:01,11578,11578,11578,2,2
2019-11-08 15:19:01,11578,11578,11578,2,2
2019-11-08 15:19:01,11578,11578,11578,2,2
2019-11-08 15:19:01,11578,11578,11578,2,2
2019-11-08 15:19:01,11578,11578,11578,2,2
2019-11-08 15:19:01,11578,11578,11578,2,2
2019-11-08 15:19:01,11578,11578,11578,6,6
2019-11-08 15:19:01,11578,11578,11578,8,8
2019-11-08 15:19:01,11578,11578,11578,2,2
2019-11-08 15:19:01,11578,11578,11578,2,2
2019-11-08 15:19:21,11577,11577,11577,2,-2
2019-11-08 15:19:21,11577,11577,11577,2,2
2019-11-08 15:19:24,11577,11577,11577,2,2
2019-11-08 15:19:24,11577,11577,11577,2,2
2019-11-08 15:19:26,11576,11576,11576,2,-2
2019-11-08 15:19:26,11576,11576,11576,2,2
2019-11-08 15:19:26,11576,11576,11576,2,2
2019-11-08 15:19:34,11576,11576,11576,2,2
2019-11-08 15:19:40,11576,11576,11576,2,2
2019-11-08 15:19:40,11576,11576,11576,2,2
2019-11-08 15:19:47,11576,11576,11576,4,4
2019-11-08 15:20:02,11576,11576,11576,4,4
2019-11-08 15:20:10,11576,11576,11576,2,2
2019-11-08 15:20:10,11576,11576,11576,2,2
2019-11-08 15:20:11,11576,11576,11576,2,2
2019-11-08 15:20:11,11576,11576,11576,2,2
2019-11-08 15:20:11,11576,11576,11576,4,4
2019-11-08 15:20:21,11575,11575,11575,2,-2
2019-11-08 15:20:21,11575,11575,11575,2,2
2019-11-08 15:20:22,11575,11575,11575,2,2
2019-11-08 15:20:32,11575,11575,11575,2,2
2019-11-08 15:20:32,11575,11575,11575,2,2
2019-11-08 15:20:32,11575,11575,11575,2,2
2019-11-08 15:20:32,11575,11575,11575,4,4
2019-11-08 15:20:39,11575,11575,11575,2,2
2019-11-08 15:20:39,11575,11575,11575,2,2
2019-11-08 15:20:39,11575,11575,11575,2,2
2019-11-08 15:20:44,11575,11575,11575,6,6
2019-11-08 15:20:44,11575,11575,11575,4,4
2019-11-08 15:20:44,11575,11575,11575,2,2
2019-11-08 15:20:44,11575,11575,11575,2,2
2019-11-08 15:20:44,11575,11575,11575,8,8
2019-11-08 15:20:44,11575,11575,11575,2,2
2019-11-08 15:20:44,11575,11575,11575,4,4
2019-11-08 15:20:45,11575,11575,11575,4,4
2019-11-08 15:20:45,11575,11575,11575,2,2
2019-11-08 15:20:46,11574,11574,11574,2,-2
2019-11-08 15:20:46,11574,11574,11574,2,2
2019-11-08 15:20:46,11574,11574,11574,2,2
2019-11-08 15:20:46,11574,11574,11574,2,2
2019-11-08 15:20:46,11574,11574,11574,2,2
2019-11-08 15:20:46,11574,11574,11574,2,2
2019-11-08 15:20:46,11574,11574,11574,2,2
2019-11-08 15:20:46,11574,11574,11574,2,2
2019-11-08 15:20:46,11574,11574,11574,2,2
2019-11-08 15:20:46,11574,11574,11574,2,2
2019-11-08 15:20:46,11574,11574,11574,10,10
2019-11-08 15:20:46,11574,11574,11574,2,2
2019-11-08 15:20:46,11574,11574,11574,2,2
2019-11-08 15:20:46,11574,11574,11574,2,2
2019-11-08 15:20:53,11574,11574,11574,2,2
2019-11-08 15:21:02,11574,11574,11574,2,2
2019-11-08 15:21:02,11574,11574,11574,2,2
2019-11-08 15:21:05,11574,11574,11574,2,2
2019-11-08 15:21:05,11574,11574,11574,14,14
2019-11-08 15:21:06,11574,11574,11574,2,2
2019-11-08 15:21:07,11574,11574,11574,2,2
2019-11-08 15:21:08,11574,11574,11574,2,2
2019-11-08 15:21:17,11573,11573,11573,2,-2
2019-11-08 15:21:17,11573,11573,11573,6,6
2019-11-08 15:21:30,11573,11573,11573,2,2
2019-11-08 15:21:31,11573,11573,11573,2,2
2019-11-08 15:21:39,11574,11574,11574,14,14
2019-11-08 15:21:39,11574,11574,11574,4,4
2019-11-08 15:21:43,11574,11574,11574,4,4
2019-11-08 15:21:43,11573,11573,11573,2,-2
2019-11-08 15:22:06,11574,11574,11574,2,2
2019-11-08 15:22:11,11575,11575,11575,20,20
2019-11-08 15:22:24,11576,11576,11576,2,2
2019-11-08 15:22:25,11576,11576,11576,2,2
2019-11-08 15:22:28,11576,11576,11576,2,2
2019-11-08 15:22:41,11576,11576,11576,12,12
2019-11-08 15:22:41,11576,11576,11576,2,2
2019-11-08 15:22:45,11576,11576,11576,36,36
2019-11-08 15:22:52,11576,11576,11576,2,2
2019-11-08 15:22:56,11575,11575,11575,2,-2
2019-11-08 15:23:04,11575,11575,11575,2,2
2019-11-08 15:23:28,11575,11575,11575,6,6
2019-11-08 15:23:42,11575,11575,11575,6,6
2019-11-08 15:24:28,11574,11574,11574,2,-2
2019-11-08 15:24:28,11574,11574,11574,2,2
2019-11-08 15:24:28,11574,11574,11574,6,6
2019-11-08 15:24:32,11573,11573,11573,2,-2
2019-11-08 15:24:32,11573,11573,11573,2,2
2019-11-08 15:24:32,11573,11573,11573,2,2
2019-11-08 15:24:32,11573,11573,11573,6,6
2019-11-08 15:24:47,11573,11573,11573,4,4
2019-11-08 15:24:47,11573,11573,11573,2,2
2019-11-08 15:24:47,11573,11573,11573,2,2
2019-11-08 15:24:47,11573,11573,11573,2,2
2019-11-08 15:24:47,11573,11573,11573,2,2
2019-11-08 15:24:47,11573,11573,11573,2,2
2019-11-08 15:24:47,11573,11573,11573,4,4
2019-11-08 15:24:48,11573,11573,11573,4,4
2019-11-08 15:24:48,11573,11573,11573,2,2
2019-11-08 15:24:48,11573,11573,11573,6,6
2019-11-08 15:24:48,11573,11573,11573,10,10
2019-11-08 15:24:48,11573,11573,11573,2,2
2019-11-08 15:24:48,11573,11573,11573,2,2
2019-11-08 15:24:48,11573,11573,11573,2,2
2019-11-08 15:24:48,11573,11573,11573,2,2
2019-11-08 15:24:53,11573,11573,11573,4,4
2019-11-08 15:24:53,11574,11574,11574,6,6
2019-11-08 15:24:53,11572,11572,11572,4,-4
2019-11-08 15:24:53,11572,11572,11572,2,2
2019-11-08 15:24:53,11572,11572,11572,4,4
2019-11-08 15:24:56,11573,11573,11573,2,2
2019-11-08 15:25:04,11573,11573,11573,2,2
2019-11-08 15:25:14,11574,11574,11574,2,2
2019-11-08 15:25:15,11574,11574,11574,2,2
2019-11-08 15:25:16,11574,11574,11574,2,2
2019-11-08 15:25:25,11575,11575,11575,2,2
2019-11-08 15:25:36,11575,11575,11575,8,8
2019-11-08 15:26:06,11575,11575,11575,10,10
2019-11-08 15:26:31,11575,11575,11575,14,14
2019-11-08 15:26:31,11575,11575,11575,2,2
2019-11-08 15:26:31,11575,11575,11575,2,2
2019-11-08 15:26:31,11575,11575,11575,2,2
2019-11-08 15:26:35,11575,11575,11575,2,2
2019-11-08 15:26:42,11575,11575,11575,2,2
2019-11-08 15:26:42,11575,11575,11575,2,2
2019-11-08 15:26:49,11575,11575,11575,2,2
2019-11-08 15:26:53,11575,11575,11575,6,6
2019-11-08 15:26:54,11575,11575,11575,2,2
2019-11-08 15:27:05,11575,11575,11575,2,2
2019-11-08 15:27:07,11575,11575,11575,2,2
2019-11-08 15:27:09,11575,11575,11575,2,2
2019-11-08 15:27:16,11576,11576,11576,2,2
2019-11-08 15:27:17,11575,11575,11575,2,-2
2019-11-08 15:27:21,11575,11575,11575,2,2
2019-11-08 15:27:43,11575,11575,11575,2,2
2019-11-08 15:27:51,11575,11575,11575,2,2
2019-11-08 15:28:00,11576,11576,11576,26,26
2019-11-08 15:28:00,11576,11576,11576,14,14
2019-11-08 15:28:02,11576,11576,11576,6,6
2019-11-08 15:28:02,11576,11576,11576,6,6
2019-11-08 15:28:15,11576,11576,11576,2,2
2019-11-08 15:28:28,11576,11576,11576,2,2
2019-11-08 15:28:38,11576,11576,11576,2,2
2019-11-08 15:28:49,11576,11576,11576,2,2
2019-11-08 15:28:56,11576,11576,11576,2,2
2019-11-08 15:28:56,11576,11576,11576,2,2
2019-11-08 15:28:57,11577,11577,11577,2,2
2019-11-08 15:28:57,11576,11576,11576,2,-2
2019-11-08 15:28:57,11576,11576,11576,2,2
2019-11-08 15:28:59,11576,11576,11576,2,2
2019-11-08 15:28:59,11576,11576,11576,2,2
2019-11-08 15:28:59,11576,11576,11576,2,2
2019-11-08 15:28:59,11576,11576,11576,2,2
2019-11-08 15:28:59,11577,11577,11577,6,6
2019-11-08 15:29:01,11576,11576,11576,2,-2
2019-11-08 15:29:01,11576,11576,11576,2,2
2019-11-08 15:29:01,11576,11576,11576,2,2
2019-11-08 15:29:07,11576,11576,11576,2,2
2019-11-08 15:29:17,11576,11576,11576,2,2
2019-11-08 15:29:17,11576,11576,11576,2,2
2019-11-08 15:29:22,11576,11576,11576,2,2
2019-11-08 15:29:26,11576,11576,11576,2,2
2019-11-08 15:29:27,11576,11576,11576,2,2
2019-11-08 15:29:27,11576,11576,11576,2,2
2019-11-08 15:29:27,11576,11576,11576,2,2
2019-11-08 15:29:36,11576,11576,11576,2,2
2019-11-08 15:29:50,11576,11576,11576,2,2
2019-11-08 15:29:57,11577,11577,11577,2,2
2019-11-08 15:30:00,11577,11577,11577,24,24
2019-11-08 15:30:00,11577,11577,11577,14,14
2019-11-08 15:30:00,11577,11577,11577,12,12
2019-11-08 15:30:00,11577,11577,11577,8,8
2019-11-08 15:30:00,11577,11577,11577,2,2
2019-11-08 15:30:00,11577,11577,11577,10,10
2019-11-08 15:30:00,11577,11577,11577,68,68
2019-11-08 15:30:00,11577,11577,11577,54,54
2019-11-08 15:30:00,11577,11577,11577,4,4
2019-11-08 15:30:00,11577,11577,11577,14,14
2019-11-08 15:30:00,11578,11578,11578,12,12
2019-11-08 15:30:00,11578,11578,11578,2,2
2019-11-08 15:30:00,11578,11578,11578,2,2
2019-11-08 15:30:00,11578,11578,11578,12,12
2019-11-08 15:30:01,11579,11579,11579,2,2
2019-11-08 15:30:01,11579,11579,11579,20,20
2019-11-08 15:30:02,11578,11578,11578,4,-4
2019-11-08 15:30:03,11579,11579,11579,2,2
2019-11-08 15:30:04,11579,11579,11579,10,10
2019-11-08 15:30:04,11579,11579,11579,8,8
2019-11-08 15:30:04,11579,11579,11579,4,4
2019-11-08 15:30:04,11579,11579,11579,6,6
2019-11-08 15:30:04,11579,11579,11579,2,2
2019-11-08 15:30:04,11579,11579,11579,6,6
2019-11-08 15:30:04,11579,11579,11579,6,6
2019-11-08 15:30:04,11579,11579,11579,6,6
2019-11-08 15:30:04,11579,11579,11579,4,4
2019-11-08 15:30:04,11579,11579,11579,6,6
2019-11-08 15:30:04,11579,11579,11579,2,2
2019-11-08 15:30:04,11579,11579,11579,4,4
2019-11-08 15:30:04,11580,11580,11580,2,2
2019-11-08 15:30:04,11580,11580,11580,12,12
2019-11-08 15:30:04,11580,11580,11580,4,4
2019-11-08 15:30:04,11580,11580,11580,2,2
2019-11-08 15:30:04,11580,11580,11580,2,2
2019-11-08 15:30:04,11580,11580,11580,70,70
2019-11-08 15:30:04,11581,11581,11581,4,4
2019-11-08 15:30:05,11581,11581,11581,8,8
2019-11-08 15:30:05,11581,11581,11581,2,2
2019-11-08 15:30:05,11581,11581,11581,6,6
2019-11-08 15:30:06,11581,11581,11581,2,2
2019-11-08 15:30:06,11581,11581,11581,2,2
2019-11-08 15:30:06,11581,11581,11581,2,2
2019-11-08 15:30:07,11581,11581,11581,2,2
2019-11-08 15:30:07,11581,11581,11581,4,4
2019-11-08 15:30:08,11580,11580,11580,2,-2
2019-11-08 15:30:08,11580,11580,11580,2,2
2019-11-08 15:30:08,11580,11580,11580,4,4
2019-11-08 15:30:08,11580,11580,11580,2,2
2019-11-08 15:30:08,11580,11580,11580,2,2
2019-11-08 15:30:08,11580,11580,11580,4,4
2019-11-08 15:30:08,11580,11580,11580,6,6
2019-11-08 15:30:08,11580,11580,11580,2,2
2019-11-08 15:30:08,11580,11580,11580,2,2
2019-11-08 15:30:10,11579,11579,11579,2,-2
2019-11-08 15:30:16,11579,11579,11579,2,2
2019-11-08 15:30:18,11579,11579,11579,74,74
2019-11-08 15:30:18,11579,11579,11579,2,2
2019-11-08 15:30:18,11579,11579,11579,2,2
2019-11-08 15:30:25,11580,11580,11580,4,4
2019-11-08 15:30:25,11580,11580,11580,2,2
2019-11-08 15:30:26,11580,11580,11580,4,4
2019-11-08 15:30:31,11580,11580,11580,2,2
2019-11-08 15:30:32,11579,11579,11579,20,-20
2019-11-08 15:30:32,11579,11579,11579,2,2
2019-11-08 15:30:32,11579,11579,11579,2,2
2019-11-08 15:30:34,11580,11580,11580,2,2
2019-11-08 15:30:37,11580,11580,11580,4,4
2019-11-08 15:30:43,11580,11580,11580,4,4
2019-11-08 15:30:48,11580,11580,11580,2,2
2019-11-08 15:30:49,11579,11579,11579,2,-2
2019-11-08 15:30:49,11579,11579,11579,2,2
2019-11-08 15:30:53,11580,11580,11580,2,2
2019-11-08 15:30:56,11579,11579,11579,2,-2
2019-11-08 15:30:56,11579,11579,11579,2,2
2019-11-08 15:30:56,11579,11579,11579,2,2
2019-11-08 15:30:57,11579,11579,11579,2,2
2019-11-08 15:30:57,11579,11579,11579,2,2
2019-11-08 15:31:04,11579,11579,11579,2,2
2019-11-08 15:31:04,11579,11579,11579,4,4
2019-11-08 15:31:04,11579,11579,11579,2,2
2019-11-08 15:31:04,11579,11579,11579,2,2
2019-11-08 15:31:04,11579,11579,11579,2,2
2019-11-08 15:31:04,11579,11579,11579,2,2
2019-11-08 15:31:04,11579,11579,11579,2,2
2019-11-08 15:31:04,11579,11579,11579,2,2
2019-11-08 15:31:04,11579,11579,11579,2,2
2019-11-08 15:31:04,11579,11579,11579,2,2
2019-11-08 15:31:09,11578,11578,11578,2,-2
2019-11-08 15:31:09,11578,11578,11578,2,2
2019-11-08 15:31:09,11578,11578,11578,2,2
2019-11-08 15:31:09,11578,11578,11578,4,4
2019-11-08 15:31:09,11578,11578,11578,2,2
2019-11-08 15:31:09,11578,11578,11578,2,2
2019-11-08 15:31:10,11578,11578,11578,4,4
2019-11-08 15:31:10,11578,11578,11578,4,4
2019-11-08 15:31:11,11578,11578,11578,2,2
2019-11-08 15:31:15,11578,11578,11578,2,2
2019-11-08 15:31:18,11579,11579,11579,2,2
2019-11-08 15:31:20,11578,11578,11578,2,-2
2019-11-08 15:31:29,11579,11579,11579,4,4
2019-11-08 15:31:29,11579,11579,11579,2,2
2019-11-08 15:31:35,11580,11580,11580,2,2
2019-11-08 15:31:38,11579,11579,11579,2,-2
2019-11-08 15:31:41,11579,11579,11579,2,2
2019-11-08 15:31:43,11580,11580,11580,6,6
2019-11-08 15:31:44,11579,11579,11579,2,-2
2019-11-08 15:31:44,11579,11579,11579,2,2
2019-11-08 15:31:44,11579,11579,11579,2,2
2019-11-08 15:31:44,11579,11579,11579,2,2
2019-11-08 15:31:44,11579,11579,11579,2,2
2019-11-08 15:31:44,11579,11579,11579,2,2
2019-11-08 15:31:44,11579,11579,11579,4,4
2019-11-08 15:31:52,11579,11579,11579,4,4
2019-11-08 15:31:55,11579,11579,11579,2,2
2019-11-08 15:32:00,11578,11578,11578,2,-2
2019-11-08 15:32:02,11579,11579,11579,4,4
2019-11-08 15:32:02,11579,11579,11579,2,2
2019-11-08 15:32:21,11580,11580,11580,2,2
2019-11-08 15:32:26,11579,11579,11579,2,-2
2019-11-08 15:32:39,11579,11579,11579,2,2
2019-11-08 15:32:39,11579,11579,11579,2,2
2019-11-08 15:32:48,11579,11579,11579,2,2
2019-11-08 15:32:49,11579,11579,11579,2,2
2019-11-08 15:32:49,11579,11579,11579,2,2
2019-11-08 15:32:49,11579,11579,11579,2,2
2019-11-08 15:32:49,11579,11579,11579,2,2
2019-11-08 15:32:49,11579,11579,11579,2,2
2019-11-08 15:32:49,11579,11579,11579,2,2
2019-11-08 15:32:49,11579,11579,11579,4,4
2019-11-08 15:32:57,11578,11578,11578,4,-4
2019-11-08 15:32:57,11578,11578,11578,2,2
2019-11-08 15:32:57,11578,11578,11578,2,2
2019-11-08 15:32:57,11578,11578,11578,2,2
2019-11-08 15:32:57,11578,11578,11578,2,2
2019-11-08 15:32:57,11578,11578,11578,16,16
2019-11-08 15:32:57,11578,11578,11578,4,4
2019-11-08 15:32:57,11578,11578,11578,2,2
2019-11-08 15:32:57,11578,11578,11578,2,2
2019-11-08 15:32:57,11578,11578,11578,2,2
2019-11-08 15:32:59,11578,11578,11578,2,2
2019-11-08 15:33:06,11578,11578,11578,10,10
2019-11-08 15:33:07,11578,11578,11578,4,4
2019-11-08 15:33:10,11578,11578,11578,2,2
2019-11-08 15:33:14,11578,11578,11578,2,2
2019-11-08 15:33:16,11578,11578,11578,2,2
2019-11-08 15:33:26,11578,11578,11578,4,4
2019-11-08 15:33:28,11578,11578,11578,2,2
2019-11-08 15:33:30,11578,11578,11578,2,2
2019-11-08 15:33:53,11578,11578,11578,8,8
2019-11-08 15:33:55,11578,11578,11578,2,2
2019-11-08 15:34:29,11578,11578,11578,2,2
2019-11-08 15:34:30,11578,11578,11578,2,2
2019-11-08 15:34:30,11578,11578,11578,2,2
2019-11-08 15:34:45,11579,11579,11579,4,4
2019-11-08 15:34:45,11579,11579,11579,4,4
2019-11-08 15:34:52,11579,11579,11579,2,2
2019-11-08 15:35:10,11579,11579,11579,2,2
2019-11-08 15:35:20,11579,11579,11579,2,2
2019-11-08 15:35:23,11579,11579,11579,2,2
2019-11-08 15:35:42,11579,11579,11579,4,4
2019-11-08 15:35:57,11579,11579,11579,4,4
2019-11-08 15:35:57,11579,11579,11579,10,10
2019-11-08 15:35:58,11579,11579,11579,2,2
2019-11-08 15:35:58,11579,11579,11579,2,2
2019-11-08 15:35:58,11579,11579,11579,4,4
2019-11-08 15:36:22,11579,11579,11579,2,2
2019-11-08 15:36:22,11579,11579,11579,2,2
2019-11-08 15:36:22,11579,11579,11579,4,4
2019-11-08 15:36:22,11579,11579,11579,4,4
2019-11-08 15:36:22,11579,11579,11579,2,2
2019-11-08 15:36:22,11579,11579,11579,2,2
2019-11-08 15:36:22,11579,11579,11579,4,4
2019-11-08 15:36:30,11579,11579,11579,20,20
2019-11-08 15:36:36,11579,11579,11579,2,2
2019-11-08 15:36:47,11579,11579,11579,6,6
2019-11-08 15:36:47,11579,11579,11579,10,10
2019-11-08 15:36:47,11579,11579,11579,6,6
2019-11-08 15:37:03,11579,11579,11579,2,2
2019-11-08 15:37:04,11579,11579,11579,2,2
2019-11-08 15:37:08,11578,11578,11578,2,-2
2019-11-08 15:37:08,11578,11578,11578,4,4
2019-11-08 15:37:08,11578,11578,11578,2,2
2019-11-08 15:37:08,11578,11578,11578,6,6
2019-11-08 15:37:08,11578,11578,11578,2,2
2019-11-08 15:37:08,11578,11578,11578,2,2
2019-11-08 15:37:08,11578,11578,11578,2,2
2019-11-08 15:37:08,11578,11578,11578,2,2
2019-11-08 15:37:08,11578,11578,11578,2,2
2019-11-08 15:37:08,11578,11578,11578,2,2
2019-11-08 15:37:08,11578,11578,11578,10,10
2019-11-08 15:37:08,11578,11578,11578,2,2
2019-11-08 15:37:08,11578,11578,11578,2,2
2019-11-08 15:37:54,11577,11577,11577,4,-4
2019-11-08 15:37:55,11578,11578,11578,12,12
2019-11-08 15:37:55,11577,11577,11577,2,-2
2019-11-08 15:37:55,11577,11577,11577,2,2
2019-11-08 15:37:58,11578,11578,11578,2,2
2019-11-08 15:38:08,11577,11577,11577,2,-2
2019-11-08 15:38:08,11577,11577,11577,2,2
2019-11-08 15:38:09,11577,11577,11577,2,2
2019-11-08 15:38:18,11577,11577,11577,2,2
2019-11-08 15:38:18,11577,11577,11577,2,2
2019-11-08 15:38:18,11577,11577,11577,2,2
2019-11-08 15:38:18,11577,11577,11577,12,12
2019-11-08 15:38:18,11577,11577,11577,2,2
2019-11-08 15:38:18,11577,11577,11577,8,8
2019-11-08 15:38:18,11577,11577,11577,2,2
2019-11-08 15:38:18,11577,11577,11577,2,2
2019-11-08 15:38:18,11577,11577,11577,2,2
2019-11-08 15:38:18,11577,11577,11577,6,6
2019-11-08 15:38:18,11577,11577,11577,2,2
2019-11-08 15:38:18,11577,11577,11577,4,4
2019-11-08 15:38:18,11577,11577,11577,2,2
2019-11-08 15:38:18,11577,11577,11577,2,2
2019-11-08 15:38:18,11577,11577,11577,2,2
2019-11-08 15:38:18,11577,11577,11577,2,2
2019-11-08 15:38:18,11577,11577,11577,2,2
2019-11-08 15:38:18,11577,11577,11577,2,2
2019-11-08 15:38:19,11577,11577,11577,2,2
2019-11-08 15:38:25,11576,11576,11576,2,-2
2019-11-08 15:38:26,11576,11576,11576,2,2
2019-11-08 15:38:26,11576,11576,11576,2,2
2019-11-08 15:38:26,11576,11576,11576,2,2
2019-11-08 15:38:26,11576,11576,11576,2,2
2019-11-08 15:38:26,11576,11576,11576,2,2
2019-11-08 15:38:26,11576,11576,11576,2,2
2019-11-08 15:38:40,11576,11576,11576,6,6
2019-11-08 15:38:42,11576,11576,11576,14,14
2019-11-08 15:38:42,11576,11576,11576,2,2
2019-11-08 15:38:45,11576,11576,11576,20,20
2019-11-08 15:38:46,11576,11576,11576,2,2
2019-11-08 15:38:49,11576,11576,11576,6,6
2019-11-08 15:38:50,11576,11576,11576,2,2
2019-11-08 15:38:53,11576,11576,11576,2,2
2019-11-08 15:38:56,11576,11576,11576,2,2
2019-11-08 15:38:58,11576,11576,11576,2,2
2019-11-08 15:38:58,11576,11576,11576,2,2
2019-11-08 15:39:00,11576,11576,11576,2,2
2019-11-08 15:39:00,11576,11576,11576,2,2
2019-11-08 15:39:07,11576,11576,11576,6,6
2019-11-08 15:39:24,11577,11577,11577,2,2
2019-11-08 15:39:37,11577,11577,11577,6,6
2019-11-08 15:39:41,11577,11577,11577,6,6
2019-11-08 15:40:08,11577,11577,11577,2,2
2019-11-08 15:40:38,11576,11576,11576,14,-14
2019-11-08 15:40:38,11576,11576,11576,2,2
2019-11-08 15:40:38,11576,11576,11576,2,2
2019-11-08 15:40:38,11576,11576,11576,2,2
2019-11-08 15:40:38,11576,11576,11576,2,2
2019-11-08 15:40:38,11576,11576,11576,2,2
2019-11-08 15:40:54,11575,11575,11575,2,-2
2019-11-08 15:40:56,11575,11575,11575,2,2
2019-11-08 15:41:01,11575,11575,11575,2,2
2019-11-08 15:41:11,11575,11575,11575,4,4
2019-11-08 15:41:27,11575,11575,11575,2,2
2019-11-08 15:41:27,11575,11575,11575,2,2
2019-11-08 15:41:39,11575,11575,11575,2,2
2019-11-08 15:41:43,11575,11575,11575,2,2
2019-11-08 15:41:58,11576,11576,11576,6,6
2019-11-08 15:41:59,11576,11576,11576,6,6
2019-11-08 15:41:59,11575,11575,11575,2,-2
2019-11-08 15:42:02,11575,11575,11575,2,2
2019-11-08 15:42:03,11575,11575,11575,2,2
2019-11-08 15:42:35,11576,11576,11576,14,14
2019-11-08 15:42:35,11576,11576,11576,24,24
2019-11-08 15:42:35,11576,11576,11576,46,46
2019-11-08 15:42:35,11577,11577,11577,2,2
2019-11-08 15:42:37,11577,11577,11577,8,8
2019-11-08 15:42:37,11577,11577,11577,2,2
2019-11-08 15:42:38,11577,11577,11577,8,8
2019-11-08 15:42:40,11577,11577,11577,2,2
2019-11-08 15:42:56,11578,11578,11578,8,8
2019-11-08 15:43:01,11578,11578,11578,4,4
2019-11-08 15:43:17,11578,11578,11578,4,4
2019-11-08 15:44:00,11577,11577,11577,8,-8
2019-11-08 15:44:00,11577,11577,11577,2,2
2019-11-08 15:44:00,11577,11577,11577,8,8
2019-11-08 15:44:00,11577,11577,11577,2,2
2019-11-08 15:44:00,11577,11577,11577,2,2
2019-11-08 15:44:00,11577,11577,11577,2,2
2019-11-08 15:44:00,11577,11577,11577,2,2
2019-11-08 15:44:00,11577,11577,11577,2,2
2019-11-08 15:44:00,11577,11577,11577,2,2
2019-11-08 15:44:09,11576,11576,11576,2,-2
2019-11-08 15:44:14,11577,11577,11577,2,2
2019-11-08 15:44:15,11577,11577,11577,2,2
2019-11-08 15:44:21,11577,11577,11577,2,2
2019-11-08 15:44:25,11578,11578,11578,2,2
2019-11-08 15:44:25,11578,11578,11578,8,8
2019-11-08 15:44:25,11578,11578,11578,2,2
2019-11-08 15:44:25,11578,11578,11578,4,4
2019-11-08 15:44:25,11578,11578,11578,2,2
2019-11-08 15:44:25,11578,11578,11578,2,2
2019-11-08 15:44:25,11578,11578,11578,2,2
2019-11-08 15:44:30,11579,11579,11579,6,6
2019-11-08 15:44:42,11578,11578,11578,2,-2
2019-11-08 15:44:47,11578,11578,11578,2,2
2019-11-08 15:44:52,11579,11579,11579,6,6
2019-11-08 15:44:53,11579,11579,11579,6,6
2019-11-08 15:44:53,11579,11579,11579,6,6
2019-11-08 15:44:53,11579,11579,11579,6,6
2019-11-08 15:44:56,11579,11579,11579,2,2
2019-11-08 15:44:56,11580,11580,11580,4,4
2019-11-08 15:44:56,11579,11579,11579,2,-2
2019-11-08 15:45:02,11579,11579,11579,2,2
2019-11-08 15:45:12,11579,11579,11579,2,2
2019-11-08 15:45:39,11579,11579,11579,30,30
2019-11-08 15:45:46,11579,11579,11579,2,2
2019-11-08 15:45:54,11579,11579,11579,2,2
2019-11-08 15:46:11,11580,11580,11580,2,2
2019-11-08 15:46:12,11580,11580,11580,4,4
2019-11-08 15:46:14,11579,11579,11579,2,-2
2019-11-08 15:46:24,11579,11579,11579,2,2
2019-11-08 15:46:47,11579,11579,11579,2,2
2019-11-08 15:46:56,11579,11579,11579,2,2
2019-11-08 15:46:56,11579,11579,11579,2,2
2019-11-08 15:47:01,11579,11579,11579,2,2
2019-11-08 15:47:02,11580,11580,11580,4,4
2019-11-08 15:47:02,11580,11580,11580,10,10
2019-11-08 15:47:02,11580,11580,11580,10,10
2019-11-08 15:47:02,11580,11580,11580,22,22
2019-11-08 15:47:02,11580,11580,11580,10,10
2019-11-08 15:47:02,11580,11580,11580,6,6
2019-11-08 15:47:02,11580,11580,11580,8,8
2019-11-08 15:47:05,11580,11580,11580,2,2
2019-11-08 15:47:09,11580,11580,11580,6,6
2019-11-08 15:47:09,11580,11580,11580,2,2
2019-11-08 15:47:09,11579,11579,11579,4,-4
2019-11-08 15:47:09,11579,11579,11579,2,2
2019-11-08 15:47:09,11579,11579,11579,2,2
2019-11-08 15:47:09,11579,11579,11579,2,2
2019-11-08 15:47:09,11579,11579,11579,2,2
2019-11-08 15:47:09,11579,11579,11579,4,4
2019-11-08 15:47:09,11579,11579,11579,2,2
2019-11-08 15:47:09,11579,11579,11579,2,2
2019-11-08 15:47:09,11579,11579,11579,2,2
2019-11-08 15:47:09,11579,11579,11579,2,2
2019-11-08 15:47:09,11579,11579,11579,2,2
2019-11-08 15:47:09,11579,11579,11579,2,2
2019-11-08 15:47:09,11579,11579,11579,6,6
2019-11-08 15:47:09,11579,11579,11579,2,2
2019-11-08 15:47:09,11579,11579,11579,2,2
2019-11-08 15:47:09,11579,11579,11579,2,2
2019-11-08 15:47:09,11579,11579,11579,2,2
2019-11-08 15:47:09,11579,11579,11579,2,2
2019-11-08 15:47:09,11579,11579,11579,4,4
2019-11-08 15:47:09,11579,11579,11579,4,4
2019-11-08 15:47:09,11579,11579,11579,2,2
2019-11-08 15:47:09,11579,11579,11579,2,2
2019-11-08 15:47:09,11579,11579,11579,8,8
2019-11-08 15:47:09,11579,11579,11579,4,4
2019-11-08 15:47:09,11579,11579,11579,6,6
2019-11-08 15:47:09,11579,11579,11579,10,10
2019-11-08 15:47:09,11579,11579,11579,4,4
2019-11-08 15:47:09,11578,11578,11578,2,-2
2019-11-08 15:47:09,11578,11578,11578,4,4
2019-11-08 15:47:09,11578,11578,11578,2,2
2019-11-08 15:47:09,11578,11578,11578,2,2
2019-11-08 15:47:09,11578,11578,11578,2,2
2019-11-08 15:47:09,11578,11578,11578,2,2
2019-11-08 15:47:34,11578,11578,11578,2,2
2019-11-08 15:47:34,11578,11578,11578,2,2
2019-11-08 15:47:34,11578,11578,11578,2,2
2019-11-08 15:48:01,11578,11578,11578,2,2
2019-11-08 15:48:12,11579,11579,11579,4,4
2019-11-08 15:48:12,11579,11579,11579,6,6
2019-11-08 15:48:12,11580,11580,11580,6,6
2019-11-08 15:48:24,11580,11580,11580,2,2
2019-11-08 15:48:32,11580,11580,11580,2,2
2019-11-08 15:48:37,11580,11580,11580,2,2
2019-11-08 15:48:37,11580,11580,11580,4,4
2019-11-08 15:48:39,11581,11581,11581,10,10
2019-11-08 15:48:39,11581,11581,11581,2,2
2019-11-08 15:48:43,11581,11581,11581,4,4
2019-11-08 15:48:46,11581,11581,11581,4,4
2019-11-08 15:48:52,11581,11581,11581,2,2
2019-11-08 15:48:52,11581,11581,11581,4,4
2019-11-08 15:48:53,11581,11581,11581,4,4
2019-11-08 15:48:53,11581,11581,11581,4,4
2019-11-08 15:48:53,11581,11581,11581,12,12
2019-11-08 15:48:55,11581,11581,11581,2,2
2019-11-08 15:48:56,11582,11582,11582,4,4
2019-11-08 15:48:56,11582,11582,11582,2,2
2019-11-08 15:48:56,11582,11582,11582,2,2
2019-11-08 15:48:56,11582,11582,11582,4,4
2019-11-08 15:49:10,11582,11582,11582,2,2
2019-11-08 15:49:15,11581,11581,11581,2,-2
2019-11-08 15:49:18,11582,11582,11582,20,20
2019-11-08 15:49:20,11582,11582,11582,2,2
2019-11-08 15:49:21,11582,11582,11582,6,6
2019-11-08 15:49:21,11582,11582,11582,2,2
2019-11-08 15:49:22,11582,11582,11582,2,2
2019-11-08 15:49:29,11582,11582,11582,2,2
2019-11-08 15:49:33,11582,11582,11582,2,2
2019-11-08 15:49:34,11582,11582,11582,2,2
2019-11-08 15:49:34,11582,11582,11582,2,2
2019-11-08 15:49:34,11582,11582,11582,2,2
2019-11-08 15:49:34,11582,11582,11582,2,2
2019-11-08 15:49:35,11582,11582,11582,2,2
2019-11-08 15:49:38,11582,11582,11582,2,2
2019-11-08 15:49:41,11582,11582,11582,4,4
2019-11-08 15:49:43,11582,11582,11582,2,2
2019-11-08 15:49:47,11582,11582,11582,2,2
2019-11-08 15:49:47,11582,11582,11582,2,2
2019-11-08 15:49:49,11582,11582,11582,2,2
2019-11-08 15:49:52,11582,11582,11582,2,2
2019-11-08 15:49:57,11582,11582,11582,2,2
2019-11-08 15:50:10,11582,11582,11582,2,2
2019-11-08 15:50:10,11582,11582,11582,2,2
2019-11-08 15:50:10,11582,11582,11582,2,2
2019-11-08 15:50:10,11582,11582,11582,2,2
2019-11-08 15:50:11,11582,11582,11582,2,2
2019-11-08 15:50:16,11582,11582,11582,2,2
2019-11-08 15:50:21,11582,11582,11582,2,2
2019-11-08 15:50:21,11582,11582,11582,10,10
2019-11-08 15:50:21,11582,11582,11582,2,2
2019-11-08 15:50:21,11582,11582,11582,2,2
2019-11-08 15:50:21,11582,11582,11582,2,2
2019-11-08 15:50:21,11582,11582,11582,2,2
2019-11-08 15:50:21,11582,11582,11582,4,4
2019-11-08 15:50:31,11582,11582,11582,2,2
2019-11-08 15:50:52,11582,11582,11582,10,10
2019-11-08 15:50:52,11582,11582,11582,4,4
2019-11-08 15:51:00,11582,11582,11582,2,2
2019-11-08 15:51:00,11582,11582,11582,6,6
2019-11-08 15:51:02,11583,11583,11583,48,48
2019-11-08 15:51:02,11583,11583,11583,6,6
2019-11-08 15:51:02,11584,11584,11584,2,2
2019-11-08 15:51:02,11583,11583,11583,6,-6
2019-11-08 15:51:02,11584,11584,11584,2,2
2019-11-08 15:51:03,11584,11584,11584,4,4
2019-11-08 15:51:04,11584,11584,11584,4,4
2019-11-08 15:51:04,11583,11583,11583,4,-4
2019-11-08 15:51:17,11584,11584,11584,2,2
2019-11-08 15:51:19,11584,11584,11584,48,48
2019-11-08 15:51:19,11584,11584,11584,10,10
2019-11-08 15:51:20,11584,11584,11584,10,10
2019-11-08 15:51:20,11584,11584,11584,10,10
2019-11-08 15:51:23,11584,11584,11584,10,10
2019-11-08 15:51:23,11584,11584,11584,6,6
2019-11-08 15:51:23,11584,11584,11584,2,2
2019-11-08 15:51:25,11584,11584,11584,2,2
2019-11-08 15:51:26,11584,11584,11584,2,2
2019-11-08 15:51:28,11584,11584,11584,2,2
2019-11-08 15:51:40,11584,11584,11584,2,2
2019-11-08 15:51:42,11584,11584,11584,4,4
2019-11-08 15:51:46,11584,11584,11584,4,4
2019-11-08 15:51:46,11584,11584,11584,8,8
2019-11-08 15:51:47,11584,11584,11584,24,24
2019-11-08 15:51:49,11584,11584,11584,2,2
2019-11-08 15:51:52,11584,11584,11584,4,4
2019-11-08 15:51:52,11584,11584,11584,2,2
2019-11-08 15:52:02,11583,11583,11583,2,-2
2019-11-08 15:52:07,11584,11584,11584,4,4
2019-11-08 15:52:09,11584,11584,11584,2,2
2019-11-08 15:52:09,11584,11584,11584,2,2
2019-11-08 15:52:09,11584,11584,11584,2,2
2019-11-08 15:52:10,11584,11584,11584,2,2
2019-11-08 15:52:12,11584,11584,11584,2,2
2019-11-08 15:52:13,11584,11584,11584,10,10
2019-11-08 15:52:13,11583,11583,11583,2,-2
2019-11-08 15:52:17,11583,11583,11583,12,12
2019-11-08 15:52:17,11583,11583,11583,4,4
2019-11-08 15:52:17,11583,11583,11583,2,2
2019-11-08 15:52:17,11583,11583,11583,2,2
2019-11-08 15:52:20,11583,11583,11583,2,2
2019-11-08 15:52:22,11584,11584,11584,4,4
2019-11-08 15:52:33,11584,11584,11584,2,2
2019-11-08 15:52:34,11584,11584,11584,2,2
2019-11-08 15:52:34,11583,11583,11583,2,-2
2019-11-08 15:52:35,11583,11583,11583,2,2
2019-11-08 15:52:35,11583,11583,11583,2,2
2019-11-08 15:52:35,11583,11583,11583,2,2
2019-11-08 15:52:37,11583,11583,11583,2,2
2019-11-08 15:52:38,11583,11583,11583,2,2
2019-11-08 15:52:39,11583,11583,11583,4,4
2019-11-08 15:52:39,11583,11583,11583,2,2
2019-11-08 15:52:39,11583,11583,11583,2,2
2019-11-08 15:52:39,11583,11583,11583,2,2
2019-11-08 15:52:39,11583,11583,11583,4,4
2019-11-08 15:52:39,11583,11583,11583,2,2
2019-11-08 15:52:39,11583,11583,11583,2,2
2019-11-08 15:52:41,11583,11583,11583,2,2
2019-11-08 15:52:43,11583,11583,11583,2,2
2019-11-08 15:52:44,11583,11583,11583,2,2
2019-11-08 15:52:45,11583,11583,11583,2,2
2019-11-08 15:52:48,11583,11583,11583,2,2
2019-11-08 15:52:48,11583,11583,11583,6,6
2019-11-08 15:52:56,11583,11583,11583,2,2
2019-11-08 15:53:01,11583,11583,11583,4,4
2019-11-08 15:53:02,11583,11583,11583,2,2
2019-11-08 15:53:07,11583,11583,11583,6,6
2019-11-08 15:53:09,11583,11583,11583,2,2
2019-11-08 15:53:10,11582,11582,11582,2,-2
2019-11-08 15:53:29,11582,11582,11582,2,2
2019-11-08 15:53:31,11582,11582,11582,4,4
2019-11-08 15:53:31,11582,11582,11582,2,2
2019-11-08 15:53:31,11582,11582,11582,4,4
2019-11-08 15:53:31,11582,11582,11582,2,2
2019-11-08 15:53:31,11582,11582,11582,2,2
2019-11-08 15:53:31,11582,11582,11582,6,6
2019-11-08 15:53:31,11582,11582,11582,8,8
2019-11-08 15:53:31,11582,11582,11582,4,4
2019-11-08 15:53:31,11582,11582,11582,2,2
2019-11-08 15:53:31,11582,11582,11582,2,2
2019-11-08 15:53:31,11582,11582,11582,2,2
2019-11-08 15:53:31,11582,11582,11582,4,4
2019-11-08 15:53:31,11582,11582,11582,4,4
2019-11-08 15:53:31,11582,11582,11582,2,2
2019-11-08 15:53:31,11582,11582,11582,2,2
2019-11-08 15:53:31,11582,11582,11582,2,2
2019-11-08 15:53:31,11582,11582,11582,4,4
2019-11-08 15:53:31,11582,11582,11582,2,2
2019-11-08 15:53:35,11582,11582,11582,2,2
2019-11-08 15:53:36,11582,11582,11582,2,2
2019-11-08 15:53:50,11582,11582,11582,2,2
2019-11-08 15:54:02,11583,11583,11583,2,2
2019-11-08 15:54:28,11582,11582,11582,2,-2
2019-11-08 15:54:31,11582,11582,11582,2,2
2019-11-08 15:54:31,11582,11582,11582,2,2
2019-11-08 15:54:31,11582,11582,11582,2,2
2019-11-08 15:54:35,11582,11582,11582,2,2
2019-11-08 15:54:49,11582,11582,11582,2,2
2019-11-08 15:54:49,11582,11582,11582,8,8
2019-11-08 15:54:50,11582,11582,11582,2,2
2019-11-08 15:54:50,11582,11582,11582,2,2
2019-11-08 15:54:54,11582,11582,11582,2,2
2019-11-08 15:55:01,11583,11583,11583,4,4
2019-11-08 15:55:01,11583,11583,11583,2,2
2019-11-08 15:55:01,11583,11583,11583,4,4
2019-11-08 15:55:01,11583,11583,11583,16,16
2019-11-08 15:55:01,11583,11583,11583,4,4
2019-11-08 15:55:01,11583,11583,11583,6,6
2019-11-08 15:55:01,11583,11583,11583,2,2
2019-11-08 15:55:02,11583,11583,11583,2,2
2019-11-08 15:55:08,11583,11583,11583,2,2
2019-11-08 15:55:20,11584,11584,11584,2,2
2019-11-08 15:55:32,11583,11583,11583,2,-2
2019-11-08 15:55:37,11584,11584,11584,2,2
2019-11-08 15:55:41,11583,11583,11583,2,-2
2019-11-08 15:55:48,11583,11583,11583,2,2
2019-11-08 15:55:51,11583,11583,11583,2,2
2019-11-08 15:55:53,11584,11584,11584,2,2
2019-11-08 15:56:06,11583,11583,11583,2,-2
2019-11-08 15:56:26,11583,11583,11583,2,2
2019-11-08 15:56:43,11582,11582,11582,2,-2
2019-11-08 15:56:43,11582,11582,11582,2,2
2019-11-08 15:56:46,11583,11583,11583,2,2
2019-11-08 15:56:46,11583,11583,11583,2,2
2019-11-08 15:56:48,11583,11583,11583,2,2
2019-11-08 15:57:04,11582,11582,11582,2,-2
2019-11-08 15:57:18,11582,11582,11582,4,4
2019-11-08 15:57:18,11582,11582,11582,4,4
2019-11-08 15:57:18,11582,11582,11582,2,2
2019-11-08 15:57:18,11582,11582,11582,2,2
2019-11-08 15:57:18,11582,11582,11582,2,2
2019-11-08 15:57:19,11582,11582,11582,2,2
2019-11-08 15:57:24,11582,11582,11582,2,2
2019-11-08 15:57:24,11582,11582,11582,2,2
2019-11-08 15:57:24,11582,11582,11582,2,2
2019-11-08 15:57:24,11582,11582,11582,2,2
2019-11-08 15:57:31,11582,11582,11582,2,2
2019-11-08 15:57:32,11582,11582,11582,2,2
2019-11-08 15:57:35,11582,11582,11582,2,2
2019-11-08 15:57:41,11582,11582,11582,2,2
2019-11-08 15:57:42,11583,11583,11583,2,2
2019-11-08 15:58:21,11582,11582,11582,2,-2
2019-11-08 15:58:24,11582,11582,11582,2,2
2019-11-08 15:58:31,11582,11582,11582,2,2
2019-11-08 15:58:32,11582,11582,11582,2,2
2019-11-08 15:58:46,11582,11582,11582,2,2
2019-11-08 15:59:29,11581,11581,11581,2,-2
2019-11-08 15:59:29,11581,11581,11581,2,2
2019-11-08 15:59:29,11581,11581,11581,2,2
2019-11-08 15:59:29,11581,11581,11581,4,4
2019-11-08 15:59:29,11581,11581,11581,2,2
2019-11-08 15:59:29,11581,11581,11581,2,2
2019-11-08 15:59:29,11581,11581,11581,2,2
2019-11-08 15:59:29,11581,11581,11581,2,2
2019-11-08 15:59:29,11581,11581,11581,2,2
2019-11-08 15:59:30,11580,11580,11580,2,-2
2019-11-08 15:59:30,11581,11581,11581,2,2
2019-11-08 15:59:30,11580,11580,11580,2,-2
2019-11-08 15:59:32,11580,11580,11580,2,2
2019-11-08 15:59:32,11580,11580,11580,2,2
2019-11-08 15:59:32,11580,11580,11580,6,6
2019-11-08 15:59:32,11580,11580,11580,4,4
2019-11-08 15:59:32,11580,11580,11580,2,2
2019-11-08 15:59:32,11580,11580,11580,2,2
2019-11-08 15:59:32,11580,11580,11580,2,2
2019-11-08 15:59:32,11580,11580,11580,2,2
2019-11-08 15:59:32,11580,11580,11580,4,4
2019-11-08 15:59:32,11580,11580,11580,2,2
2019-11-08 15:59:32,11580,11580,11580,2,2
2019-11-08 15:59:32,11580,11580,11580,2,2
2019-11-08 15:59:32,11580,11580,11580,2,2
2019-11-08 15:59:42,11579,11579,11579,4,-4
2019-11-08 15:59:43,11579,11579,11579,6,6
2019-11-08 15:59:43,11579,11579,11579,4,4
2019-11-08 15:59:43,11579,11579,11579,2,2
2019-11-08 15:59:44,11579,11579,11579,2,2
2019-11-08 15:59:45,11578,11578,11578,2,-2
2019-11-08 15:59:45,11578,11578,11578,2,2
2019-11-08 15:59:46,11578,11578,11578,2,2
2019-11-08 15:59:56,11578,11578,11578,2,2
2019-11-08 15:59:59,11578,11578,11578,2,2
2019-11-08 16:00:00,11579,11579,11579,2,2
2019-11-08 16:00:01,11580,11580,11580,4,4
2019-11-08 16:00:01,11580,11580,11580,2,2
2019-11-08 16:00:01,11580,11580,11580,2,2
2019-11-08 16:00:02,11580,11580,11580,2,2
2019-11-08 16:00:02,11580,11580,11580,2,2
2019-11-08 16:00:02,11579,11579,11579,2,-2
2019-11-08 16:00:02,11579,11579,11579,2,2
2019-11-08 16:00:02,11580,11580,11580,10,10
2019-11-08 16:00:02,11580,11580,11580,2,2
2019-11-08 16:00:05,11580,11580,11580,4,4
2019-11-08 16:00:06,11581,11581,11581,4,4
2019-11-08 16:00:07,11580,11580,11580,2,-2
2019-11-08 16:00:08,11580,11580,11580,2,2
2019-11-08 16:00:08,11581,11581,11581,8,8
2019-11-08 16:00:09,11579,11579,11579,2,-2
2019-11-08 16:00:11,11580,11580,11580,2,2
2019-11-08 16:00:12,11579,11579,11579,2,-2
2019-11-08 16:00:20,11579,11579,11579,4,4
2019-11-08 16:00:20,11579,11579,11579,2,2
2019-11-08 16:00:20,11579,11579,11579,2,2
2019-11-08 16:00:20,11579,11579,11579,2,2
2019-11-08 16:00:20,11579,11579,11579,2,2
2019-11-08 16:00:20,11579,11579,11579,2,2
2019-11-08 16:00:20,11579,11579,11579,2,2
2019-11-08 16:00:24,11579,11579,11579,2,2
2019-11-08 16:00:34,11579,11579,11579,2,2
2019-11-08 16:00:38,11579,11579,11579,2,2
2019-11-08 16:00:42,11578,11578,11578,2,-2
2019-11-08 16:00:49,11578,11578,11578,2,2
2019-11-08 16:00:49,11578,11578,11578,2,2
2019-11-08 16:00:58,11578,11578,11578,8,8
2019-11-08 16:00:59,11578,11578,11578,4,4
2019-11-08 16:01:05,11578,11578,11578,2,2
2019-11-08 16:01:05,11579,11579,11579,2,2
2019-11-08 16:01:12,11579,11579,11579,16,16
2019-11-08 16:01:14,11580,11580,11580,6,6
2019-11-08 16:01:14,11580,11580,11580,4,4
2019-11-08 16:01:15,11580,11580,11580,2,2
2019-11-08 16:01:18,11580,11580,11580,2,2
2019-11-08 16:01:18,11580,11580,11580,2,2
2019-11-08 16:01:20,11579,11579,11579,8,-8
2019-11-08 16:01:20,11579,11579,11579,2,2
2019-11-08 16:01:20,11579,11579,11579,8,8
2019-11-08 16:01:20,11579,11579,11579,2,2
2019-11-08 16:01:54,11579,11579,11579,2,2
2019-11-08 16:02:00,11579,11579,11579,2,2
2019-11-08 16:02:00,11579,11579,11579,2,2
2019-11-08 16:02:00,11579,11579,11579,2,2
2019-11-08 16:02:00,11579,11579,11579,4,4
2019-11-08 16:02:00,11579,11579,11579,2,2
2019-11-08 16:02:00,11579,11579,11579,2,2
2019-11-08 16:02:00,11579,11579,11579,2,2
2019-11-08 16:02:04,11579,11579,11579,2,2
2019-11-08 16:02:18,11578,11578,11578,2,-2
2019-11-08 16:02:21,11579,11579,11579,2,2
2019-11-08 16:02:21,11579,11579,11579,2,2
2019-11-08 16:02:51,11579,11579,11579,2,2
2019-11-08 16:03:12,11579,11579,11579,2,2
2019-11-08 16:03:22,11580,11580,11580,4,4
2019-11-08 16:03:30,11579,11579,11579,2,-2
2019-11-08 16:03:30,11579,11579,11579,4,4
2019-11-08 16:03:49,11580,11580,11580,4,4
2019-11-08 16:03:49,11580,11580,11580,8,8
2019-11-08 16:03:49,11580,11580,11580,2,2
2019-11-08 16:03:49,11580,11580,11580,4,4
2019-11-08 16:03:50,11581,11581,11581,4,4
2019-11-08 16:04:02,11582,11582,11582,8,8
2019-11-08 16:04:02,11582,11582,11582,12,12
2019-11-08 16:04:02,11582,11582,11582,6,6
2019-11-08 16:04:04,11582,11582,11582,2,2
2019-11-08 16:04:18,11582,11582,11582,2,2
2019-11-08 16:04:18,11582,11582,11582,2,2
2019-11-08 16:04:18,11582,11582,11582,2,2
2019-11-08 16:04:18,11582,11582,11582,2,2
2019-11-08 16:04:19,11581,11581,11581,2,-2
2019-11-08 16:04:21,11581,11581,11581,2,2
2019-11-08 16:04:21,11581,11581,11581,2,2
2019-11-08 16:04:23,11580,11580,11580,2,-2
2019-11-08 16:04:23,11580,11580,11580,2,2
2019-11-08 16:04:23,11580,11580,11580,4,4
2019-11-08 16:04:23,11580,11580,11580,8,8
2019-11-08 16:04:23,11580,11580,11580,6,6
2019-11-08 16:04:23,11580,11580,11580,2,2
2019-11-08 16:05:00,11579,11579,11579,2,-2
2019-11-08 16:05:00,11579,11579,11579,2,2
2019-11-08 16:05:00,11579,11579,11579,6,6
2019-11-08 16:05:00,11579,11579,11579,2,2
2019-11-08 16:05:00,11579,11579,11579,40,40
2019-11-08 16:05:00,11579,11579,11579,10,10
2019-11-08 16:05:00,11579,11579,11579,10,10
2019-11-08 16:05:00,11579,11579,11579,2,2
2019-11-08 16:05:00,11579,11579,11579,2,2
2019-11-08 16:05:00,11579,11579,11579,4,4
2019-11-08 16:05:00,11578,11578,11578,2,-2
2019-11-08 16:05:06,11578,11578,11578,2,2
2019-11-08 16:05:10,11578,11578,11578,2,2
2019-11-08 16:05:10,11579,11579,11579,2,2
2019-11-08 16:05:10,11579,11579,11579,4,4
2019-11-08 16:05:10,11579,11579,11579,4,4
2019-11-08 16:05:14,11579,11579,11579,4,4
2019-11-08 16:05:14,11579,11579,11579,6,6
2019-11-08 16:05:16,11579,11579,11579,2,2
2019-11-08 16:05:25,11580,11580,11580,2,2
2019-11-08 16:05:27,11580,11580,11580,2,2
2019-11-08 16:05:47,11579,11579,11579,2,-2
2019-11-08 16:05:47,11580,11580,11580,24,24
2019-11-08 16:05:47,11580,11580,11580,2,2
2019-11-08 16:05:47,11580,11580,11580,4,4
2019-11-08 16:05:55,11580,11580,11580,4,4
2019-11-08 16:06:00,11579,11579,11579,2,-2
2019-11-08 16:06:00,11579,11579,11579,6,6
2019-11-08 16:06:04,11579,11579,11579,2,2
2019-11-08 16:06:08,11578,11578,11578,4,-4
2019-11-08 16:06:13,11578,11578,11578,2,2
2019-11-08 16:06:16,11578,11578,11578,2,2
2019-11-08 16:06:24,11578,11578,11578,8,8
2019-11-08 16:06:24,11578,11578,11578,2,2
2019-11-08 16:06:24,11578,11578,11578,2,2
2019-11-08 16:06:24,11578,11578,11578,2,2
2019-11-08 16:06:24,11578,11578,11578,2,2
2019-11-08 16:06:24,11578,11578,11578,2,2
2019-11-08 16:06:24,11578,11578,11578,4,4
2019-11-08 16:06:24,11578,11578,11578,2,2
2019-11-08 16:06:24,11578,11578,11578,2,2
2019-11-08 16:06:24,11578,11578,11578,2,2
2019-11-08 16:06:24,11578,11578,11578,2,2
2019-11-08 16:06:24,11578,11578,11578,2,2
2019-11-08 16:06:24,11578,11578,11578,2,2
2019-11-08 16:06:24,11578,11578,11578,2,2
2019-11-08 16:06:25,11578,11578,11578,2,2
2019-11-08 16:06:25,11578,11578,11578,2,2
2019-11-08 16:06:26,11578,11578,11578,4,4
2019-11-08 16:06:27,11578,11578,11578,2,2
2019-11-08 16:06:27,11578,11578,11578,6,6
2019-11-08 16:06:27,11578,11578,11578,2,2
2019-11-08 16:06:30,11578,11578,11578,4,4
2019-11-08 16:06:44,11578,11578,11578,2,2
2019-11-08 16:06:45,11578,11578,11578,2,2
2019-11-08 16:06:45,11578,11578,11578,2,2
2019-11-08 16:06:46,11577,11577,11577,2,-2
2019-11-08 16:06:47,11578,11578,11578,2,2
2019-11-08 16:06:56,11577,11577,11577,2,-2
2019-11-08 16:06:56,11577,11577,11577,2,2
2019-11-08 16:07:02,11577,11577,11577,2,2
2019-11-08 16:07:07,11577,11577,11577,2,2
2019-11-08 16:07:12,11577,11577,11577,2,2
2019-11-08 16:07:14,11577,11577,11577,2,2
2019-11-08 16:07:14,11577,11577,11577,2,2
2019-11-08 16:07:14,11577,11577,11577,2,2
2019-11-08 16:07:14,11577,11577,11577,2,2
2019-11-08 16:07:14,11577,11577,11577,2,2
2019-11-08 16:07:14,11577,11577,11577,2,2
2019-11-08 16:07:14,11577,11577,11577,6,6
2019-11-08 16:07:14,11577,11577,11577,10,10
2019-11-08 16:07:14,11577,11577,11577,4,4
2019-11-08 16:07:14,11577,11577,11577,2,2
2019-11-08 16:07:14,11577,11577,11577,4,4
2019-11-08 16:07:14,11577,11577,11577,2,2
2019-11-08 16:07:14,11577,11577,11577,2,2
2019-11-08 16:07:23,11576,11576,11576,4,-4
2019-11-08 16:07:23,11576,11576,11576,2,2
2019-11-08 16:07:23,11576,11576,11576,2,2
2019-11-08 16:07:23,11576,11576,11576,2,2
2019-11-08 16:07:23,11576,11576,11576,2,2
2019-11-08 16:07:23,11576,11576,11576,8,8
2019-11-08 16:07:24,11576,11576,11576,2,2
2019-11-08 16:07:25,11576,11576,11576,2,2
2019-11-08 16:07:25,11576,11576,11576,2,2
2019-11-08 16:07:27,11576,11576,11576,4,4
2019-11-08 16:07:28,11576,11576,11576,2,2
2019-11-08 16:07:28,11576,11576,11576,6,6
2019-11-08 16:07:28,11576,11576,11576,4,4
2019-11-08 16:07:30,11575,11575,11575,4,-4
2019-11-08 16:07:30,11575,11575,11575,2,2
2019-11-08 16:07:30,11575,11575,11575,2,2
2019-11-08 16:07:31,11576,11576,11576,2,2
2019-11-08 16:07:31,11575,11575,11575,2,-2
2019-11-08 16:07:31,11575,11575,11575,4,4
2019-11-08 16:07:31,11575,11575,11575,2,2
2019-11-08 16:07:31,11575,11575,11575,2,2
2019-11-08 16:07:31,11575,11575,11575,2,2
2019-11-08 16:07:31,11575,11575,11575,2,2
2019-11-08 16:07:35,11575,11575,11575,10,10
2019-11-08 16:07:36,11575,11575,11575,2,2
2019-11-08 16:07:38,11575,11575,11575,4,4
2019-11-08 16:07:39,11575,11575,11575,2,2
2019-11-08 16:07:41,11575,11575,11575,2,2
2019-11-08 16:07:49,11575,11575,11575,2,2
2019-11-08 16:07:49,11575,11575,11575,2,2
2019-11-08 16:07:50,11575,11575,11575,2,2
2019-11-08 16:07:51,11576,11576,11576,2,2
2019-11-08 16:07:59,11576,11576,11576,2,2
2019-11-08 16:08:26,11575,11575,11575,2,-2
2019-11-08 16:08:26,11575,11575,11575,2,2
2019-11-08 16:08:27,11575,11575,11575,2,2
2019-11-08 16:08:28,11576,11576,11576,20,20
2019-11-08 16:08:32,11576,11576,11576,2,2
2019-11-08 16:08:32,11576,11576,11576,2,2
2019-11-08 16:08:33,11576,11576,11576,2,2
2019-11-08 16:08:36,11576,11576,11576,2,2
2019-11-08 16:08:36,11576,11576,11576,4,4
2019-11-08 16:08:36,11576,11576,11576,4,4
2019-11-08 16:08:36,11576,11576,11576,2,2
2019-11-08 16:08:36,11576,11576,11576,2,2
2019-11-08 16:08:45,11576,11576,11576,4,4
2019-11-08 16:08:45,11576,11576,11576,2,2
2019-11-08 16:08:45,11576,11576,11576,2,2
2019-11-08 16:08:46,11577,11577,11577,16,16
2019-11-08 16:09:15,11578,11578,11578,56,56
2019-11-08 16:09:15,11578,11578,11578,2,2
2019-11-08 16:09:15,11578,11578,11578,2,2
2019-11-08 16:09:21,11578,11578,11578,2,2
2019-11-08 16:09:30,11579,11579,11579,2,2
2019-11-08 16:09:30,11579,11579,11579,2,2
2019-11-08 16:09:30,11579,11579,11579,16,16
2019-11-08 16:09:34,11579,11579,11579,10,10
2019-11-08 16:09:49,11580,11580,11580,2,2
2019-11-08 16:09:51,11580,11580,11580,2,2
2019-11-08 16:10:00,11579,11579,11579,2,-2
2019-11-08 16:10:00,11579,11579,11579,2,2
2019-11-08 16:10:02,11579,11579,11579,4,4
2019-11-08 16:10:03,11579,11579,11579,2,2
2019-11-08 16:10:08,11579,11579,11579,10,10
2019-11-08 16:10:08,11579,11579,11579,6,6
2019-11-08 16:10:08,11579,11579,11579,2,2
2019-11-08 16:10:08,11579,11579,11579,8,8
2019-11-08 16:10:09,11579,11579,11579,2,2
2019-11-08 16:10:10,11580,11580,11580,20,20
2019-11-08 16:10:12,11580,11580,11580,2,2
2019-11-08 16:10:13,11580,11580,11580,12,12
2019-11-08 16:10:19,11581,11581,11581,16,16
2019-11-08 16:10:19,11580,11580,11580,2,-2
2019-11-08 16:10:19,11580,11580,11580,4,4
2019-11-08 16:10:19,11580,11580,11580,2,2
2019-11-08 16:10:19,11580,11580,11580,2,2
2019-11-08 16:10:19,11580,11580,11580,4,4
2019-11-08 16:10:19,11580,11580,11580,4,4
2019-11-08 16:10:19,11580,11580,11580,2,2
2019-11-08 16:10:19,11580,11580,11580,2,2
2019-11-08 16:10:19,11580,11580,11580,4,4
2019-11-08 16:10:19,11580,11580,11580,2,2
2019-11-08 16:10:19,11580,11580,11580,2,2
2019-11-08 16:10:21,11581,11581,11581,6,6
2019-11-08 16:10:22,11580,11580,11580,2,-2
2019-11-08 16:10:23,11581,11581,11581,2,2
2019-11-08 16:10:28,11581,11581,11581,4,4
2019-11-08 16:10:30,11581,11581,11581,2,2
2019-11-08 16:10:32,11582,11582,11582,6,6
2019-11-08 16:10:32,11582,11582,11582,2,2
2019-11-08 16:10:32,11582,11582,11582,26,26
2019-11-08 16:10:33,11583,11583,11583,24,24
2019-11-08 16:10:33,11583,11583,11583,2,2
2019-11-08 16:10:33,11583,11583,11583,2,2
2019-11-08 16:10:37,11583,11583,11583,2,2
2019-11-08 16:10:45,11584,11584,11584,36,36
2019-11-08 16:10:46,11584,11584,11584,4,4
2019-11-08 16:10:46,11584,11584,11584,2,2
2019-11-08 16:10:46,11584,11584,11584,36,36
2019-11-08 16:10:46,11585,11585,11585,6,6
2019-11-08 16:10:46,11585,11585,11585,4,4
2019-11-08 16:10:46,11585,11585,11585,2,2
2019-11-08 16:10:46,11585,11585,11585,2,2
2019-11-08 16:10:47,11585,11585,11585,2,2
2019-11-08 16:10:47,11585,11585,11585,2,2
2019-11-08 16:10:47,11585,11585,11585,2,2
2019-11-08 16:10:47,11585,11585,11585,4,4
2019-11-08 16:10:47,11585,11585,11585,2,2
2019-11-08 16:10:47,11585,11585,11585,28,28
2019-11-08 16:10:54,11586,11586,11586,2,2
2019-11-08 16:10:54,11586,11586,11586,2,2
2019-11-08 16:10:55,11586,11586,11586,2,2
2019-11-08 16:10:58,11586,11586,11586,52,52
2019-11-08 16:10:58,11587,11587,11587,8,8
2019-11-08 16:10:58,11586,11586,11586,2,-2
2019-11-08 16:10:58,11587,11587,11587,2,2
2019-11-08 16:10:58,11586,11586,11586,2,-2
2019-11-08 16:10:59,11586,11586,11586,2,2
2019-11-08 16:10:59,11586,11586,11586,4,4
2019-11-08 16:10:59,11586,11586,11586,2,2
2019-11-08 16:10:59,11586,11586,11586,2,2
2019-11-08 16:11:00,11587,11587,11587,2,2
2019-11-08 16:11:00,11587,11587,11587,2,2
2019-11-08 16:11:02,11587,11587,11587,4,4
2019-11-08 16:11:02,11586,11586,11586,6,-6
2019-11-08 16:11:03,11587,11587,11587,4,4
2019-11-08 16:11:03,11587,11587,11587,2,2
2019-11-08 16:11:03,11587,11587,11587,2,2
2019-11-08 16:11:06,11587,11587,11587,8,8
2019-11-08 16:11:06,11587,11587,11587,2,2
2019-11-08 16:11:07,11587,11587,11587,2,2
2019-11-08 16:11:08,11587,11587,11587,4,4
2019-11-08 16:11:09,11587,11587,11587,6,6
2019-11-08 16:11:09,11587,11587,11587,2,2
2019-11-08 16:11:11,11587,11587,11587,4,4
2019-11-08 16:11:11,11587,11587,11587,2,2
2019-11-08 16:11:13,11587,11587,11587,2,2
2019-11-08 16:11:17,11587,11587,11587,2,2
2019-11-08 16:11:18,11586,11586,11586,2,-2
2019-11-08 16:11:18,11586,11586,11586,14,14
2019-11-08 16:11:18,11586,11586,11586,14,14
2019-11-08 16:11:18,11586,11586,11586,10,10
2019-11-08 16:11:18,11586,11586,11586,2,2
2019-11-08 16:11:18,11586,11586,11586,2,2
2019-11-08 16:11:18,11585,11585,11585,2,-2
2019-11-08 16:11:18,11585,11585,11585,2,2
2019-11-08 16:11:18,11585,11585,11585,2,2
2019-11-08 16:11:25,11585,11585,11585,8,8
2019-11-08 16:11:25,11584,11584,11584,2,-2
2019-11-08 16:11:27,11585,11585,11585,2,2
2019-11-08 16:11:31,11586,11586,11586,2,2
2019-11-08 16:11:32,11586,11586,11586,4,4
2019-11-08 16:11:32,11586,11586,11586,2,2
2019-11-08 16:11:35,11586,11586,11586,2,2
2019-11-08 16:11:35,11586,11586,11586,2,2
2019-11-08 16:11:35,11586,11586,11586,2,2
2019-11-08 16:11:37,11585,11585,11585,2,-2
2019-11-08 16:11:43,11585,11585,11585,2,2
2019-11-08 16:11:44,11585,11585,11585,2,2
2019-11-08 16:11:45,11586,11586,11586,2,2
2019-11-08 16:11:50,11585,11585,11585,2,-2
2019-11-08 16:11:50,11585,11585,11585,2,2
2019-11-08 16:11:50,11585,11585,11585,2,2
2019-11-08 16:11:52,11586,11586,11586,2,2
2019-11-08 16:12:02,11585,11585,11585,4,-4
2019-11-08 16:12:03,11586,11586,11586,2,2
2019-11-08 16:12:05,11586,11586,11586,50,50
2019-11-08 16:12:05,11586,11586,11586,2,2
2019-11-08 16:12:09,11586,11586,11586,2,2
2019-11-08 16:12:13,11586,11586,11586,2,2
2019-11-08 16:12:13,11586,11586,11586,2,2
2019-11-08 16:12:21,11586,11586,11586,4,4
2019-11-08 16:12:36,11587,11587,11587,2,2
2019-11-08 16:12:42,11587,11587,11587,2,2
2019-11-08 16:12:44,11587,11587,11587,2,2
2019-11-08 16:12:45,11587,11587,11587,2,2
2019-11-08 16:12:45,11587,11587,11587,2,2
2019-11-08 16:12:48,11587,11587,11587,2,2
2019-11-08 16:12:52,11587,11587,11587,12,12
2019-11-08 16:12:53,11587,11587,11587,2,2
2019-11-08 16:12:54,11587,11587,11587,2,2
2019-11-08 16:12:56,11586,11586,11586,48,-48
2019-11-08 16:12:56,11586,11586,11586,8,8
2019-11-08 16:12:56,11586,11586,11586,10,10
2019-11-08 16:12:56,11586,11586,11586,12,12
2019-11-08 16:12:56,11586,11586,11586,2,2
2019-11-08 16:12:56,11586,11586,11586,2,2
2019-11-08 16:12:56,11586,11586,11586,2,2
2019-11-08 16:12:56,11586,11586,11586,4,4
2019-11-08 16:12:56,11586,11586,11586,2,2
2019-11-08 16:13:00,11586,11586,11586,2,2
2019-11-08 16:13:06,11585,11585,11585,14,-14
2019-11-08 16:13:06,11585,11585,11585,2,2
2019-11-08 16:13:06,11585,11585,11585,4,4
2019-11-08 16:13:06,11585,11585,11585,2,2
2019-11-08 16:13:06,11585,11585,11585,2,2
2019-11-08 16:13:06,11585,11585,11585,2,2
2019-11-08 16:13:06,11585,11585,11585,4,4
2019-11-08 16:13:06,11585,11585,11585,2,2
2019-11-08 16:13:06,11585,11585,11585,2,2
2019-11-08 16:13:06,11585,11585,11585,2,2
2019-11-08 16:13:06,11585,11585,11585,2,2
2019-11-08 16:13:06,11585,11585,11585,4,4
2019-11-08 16:13:06,11585,11585,11585,2,2
2019-11-08 16:13:09,11584,11584,11584,2,-2
2019-11-08 16:13:11,11585,11585,11585,2,2
2019-11-08 16:13:33,11585,11585,11585,2,2
2019-11-08 16:13:40,11585,11585,11585,2,2
2019-11-08 16:13:40,11585,11585,11585,12,12
2019-11-08 16:13:41,11585,11585,11585,4,4
2019-11-08 16:13:41,11585,11585,11585,10,10
2019-11-08 16:13:41,11585,11585,11585,10,10
2019-11-08 16:13:58,11585,11585,11585,4,4
2019-11-08 16:14:20,11584,11584,11584,2,-2
2019-11-08 16:14:36,11585,11585,11585,4,4
2019-11-08 16:14:40,11585,11585,11585,2,2
2019-11-08 16:14:41,11585,11585,11585,8,8
2019-11-08 16:14:54,11585,11585,11585,2,2
2019-11-08 16:15:04,11585,11585,11585,2,2
2019-11-08 16:15:04,11585,11585,11585,2,2
2019-11-08 16:15:04,11585,11585,11585,2,2
2019-11-08 16:15:05,11586,11586,11586,4,4
2019-11-08 16:15:05,11586,11586,11586,2,2
2019-11-08 16:15:06,11586,11586,11586,4,4
2019-11-08 16:15:06,11586,11586,11586,10,10
2019-11-08 16:15:06,11586,11586,11586,4,4
2019-11-08 16:15:06,11586,11586,11586,2,2
2019-11-08 16:15:07,11585,11585,11585,2,-2
2019-11-08 16:15:25,11586,11586,11586,12,12
2019-11-08 16:15:25,11586,11586,11586,22,22
2019-11-08 16:15:39,11587,11587,11587,2,2
2019-11-08 16:15:39,11587,11587,11587,2,2
2019-11-08 16:15:48,11587,11587,11587,4,4
2019-11-08 16:15:51,11587,11587,11587,4,4
2019-11-08 16:15:54,11587,11587,11587,2,2
2019-11-08 16:15:54,11587,11587,11587,2,2
2019-11-08 16:15:56,11587,11587,11587,2,2
2019-11-08 16:16:00,11587,11587,11587,6,6
2019-11-08 16:16:12,11587,11587,11587,2,2
2019-11-08 16:16:40,11587,11587,11587,10,10
2019-11-08 16:16:49,11587,11587,11587,2,2
2019-11-08 16:16:56,11587,11587,11587,2,2
2019-11-08 16:16:59,11587,11587,11587,10,10
2019-11-08 16:17:06,11587,11587,11587,2,2
2019-11-08 16:17:08,11587,11587,11587,2,2
2019-11-08 16:17:33,11587,11587,11587,2,2
2019-11-08 16:17:55,11587,11587,11587,2,2
2019-11-08 16:18:00,11587,11587,11587,4,4
2019-11-08 16:18:00,11587,11587,11587,12,12
2019-11-08 16:18:00,11587,11587,11587,2,2
2019-11-08 16:18:00,11587,11587,11587,6,6
2019-11-08 16:18:00,11587,11587,11587,4,4
2019-11-08 16:18:01,11588,11588,11588,2,2
2019-11-08 16:18:01,11588,11588,11588,4,4
2019-11-08 16:18:01,11588,11588,11588,12,12
2019-11-08 16:18:01,11588,11588,11588,4,4
2019-11-08 16:18:01,11588,11588,11588,4,4
2019-11-08 16:18:04,11588,11588,11588,2,2
2019-11-08 16:18:05,11588,11588,11588,4,4
2019-11-08 16:18:05,11588,11588,11588,10,10
2019-11-08 16:18:05,11588,11588,11588,26,26
2019-11-08 16:18:08,11588,11588,11588,2,2
2019-11-08 16:18:08,11588,11588,11588,6,6
2019-11-08 16:18:08,11588,11588,11588,8,8
2019-11-08 16:18:08,11588,11588,11588,4,4
2019-11-08 16:18:12,11589,11589,11589,2,2
2019-11-08 16:18:12,11589,11589,11589,6,6
2019-11-08 16:18:12,11589,11589,11589,2,2
2019-11-08 16:18:12,11589,11589,11589,4,4
2019-11-08 16:18:13,11589,11589,11589,2,2
2019-11-08 16:18:16,11589,11589,11589,2,2
2019-11-08 16:18:18,11589,11589,11589,4,4
2019-11-08 16:18:18,11590,11590,11590,6,6
2019-11-08 16:18:19,11589,11589,11589,2,-2
2019-11-08 16:18:19,11589,11589,11589,2,2
2019-11-08 16:18:19,11589,11589,11589,2,2
2019-11-08 16:18:19,11589,11589,11589,2,2
2019-11-08 16:18:19,11590,11590,11590,2,2
2019-11-08 16:18:21,11589,11589,11589,2,-2
2019-11-08 16:18:21,11589,11589,11589,6,6
2019-11-08 16:18:23,11589,11589,11589,2,2
2019-11-08 16:18:30,11589,11589,11589,4,4
2019-11-08 16:18:30,11589,11589,11589,2,2
2019-11-08 16:18:30,11589,11589,11589,2,2
2019-11-08 16:18:30,11589,11589,11589,2,2
2019-11-08 16:18:30,11589,11589,11589,10,10
2019-11-08 16:18:30,11589,11589,11589,2,2
2019-11-08 16:18:30,11589,11589,11589,2,2
2019-11-08 16:18:30,11588,11588,11588,4,-4
2019-11-08 16:18:30,11588,11588,11588,2,2
2019-11-08 16:18:30,11588,11588,11588,2,2
2019-11-08 16:18:31,11589,11589,11589,4,4
2019-11-08 16:18:31,11589,11589,11589,4,4
2019-11-08 16:18:32,11588,11588,11588,2,-2
2019-11-08 16:18:33,11589,11589,11589,2,2
2019-11-08 16:18:43,11589,11589,11589,2,2
2019-11-08 16:18:46,11589,11589,11589,4,4
2019-11-08 16:18:48,11589,11589,11589,6,6
2019-11-08 16:18:49,11589,11589,11589,2,2
2019-11-08 16:18:50,11589,11589,11589,2,2
2019-11-08 16:18:52,11589,11589,11589,2,2
2019-11-08 16:18:55,11589,11589,11589,6,6
2019-11-08 16:18:56,11589,11589,11589,2,2
2019-11-08 16:18:57,11589,11589,11589,2,2
2019-11-08 16:18:59,11589,11589,11589,2,2
2019-11-08 16:19:00,11589,11589,11589,2,2
2019-11-08 16:19:01,11589,11589,11589,2,2
2019-11-08 16:19:01,11589,11589,11589,4,4
2019-11-08 16:19:08,11590,11590,11590,2,2
2019-11-08 16:19:10,11590,11590,11590,4,4
2019-11-08 16:19:10,11589,11589,11589,2,-2
2019-11-08 16:19:10,11589,11589,11589,2,2
2019-11-08 16:19:11,11589,11589,11589,2,2
2019-11-08 16:19:11,11589,11589,11589,2,2
2019-11-08 16:19:16,11589,11589,11589,2,2
2019-11-08 16:19:20,11589,11589,11589,2,2
2019-11-08 16:19:21,11589,11589,11589,2,2
2019-11-08 16:19:22,11590,11590,11590,2,2
2019-11-08 16:19:22,11589,11589,11589,2,-2
2019-11-08 16:19:29,11588,11588,11588,2,-2
2019-11-08 16:19:35,11589,11589,11589,6,6
2019-11-08 16:19:36,11588,11588,11588,2,-2
2019-11-08 16:19:36,11588,11588,11588,2,2
2019-11-08 16:19:47,11588,11588,11588,2,2
2019-11-08 16:19:51,11588,11588,11588,2,2
2019-11-08 16:19:52,11588,11588,11588,2,2
2019-11-08 16:19:59,11588,11588,11588,2,2
2019-11-08 16:20:06,11588,11588,11588,2,2
2019-11-08 16:20:06,11588,11588,11588,2,2
2019-11-08 16:20:06,11588,11588,11588,2,2
2019-11-08 16:20:06,11588,11588,11588,2,2
2019-11-08 16:20:11,11588,11588,11588,2,2
2019-11-08 16:20:19,11588,11588,11588,2,2
2019-11-08 16:20:25,11588,11588,11588,2,2
2019-11-08 16:20:34,11588,11588,11588,2,2
2019-11-08 16:20:34,11588,11588,11588,2,2
2019-11-08 16:20:34,11588,11588,11588,2,2
2019-11-08 16:20:36,11588,11588,11588,6,6
2019-11-08 16:20:36,11588,11588,11588,2,2
2019-11-08 16:20:36,11588,11588,11588,2,2
2019-11-08 16:20:38,11588,11588,11588,2,2
2019-11-08 16:20:47,11588,11588,11588,2,2
2019-11-08 16:20:50,11588,11588,11588,6,6
2019-11-08 16:21:13,11587,11587,11587,4,-4
2019-11-08 16:21:29,11588,11588,11588,4,4
2019-11-08 16:21:30,11588,11588,11588,4,4
2019-11-08 16:21:30,11588,11588,11588,4,4
2019-11-08 16:21:30,11588,11588,11588,4,4
2019-11-08 16:21:31,11588,11588,11588,2,2
2019-11-08 16:21:31,11588,11588,11588,4,4
2019-11-08 16:21:34,11588,11588,11588,2,2
2019-11-08 16:21:34,11588,11588,11588,2,2
2019-11-08 16:21:35,11588,11588,11588,2,2
2019-11-08 16:21:35,11588,11588,11588,2,2
2019-11-08 16:21:47,11587,11587,11587,2,-2
2019-11-08 16:21:50,11588,11588,11588,2,2
2019-11-08 16:21:55,11587,11587,11587,2,-2
2019-11-08 16:21:55,11587,11587,11587,2,2
2019-11-08 16:21:55,11587,11587,11587,2,2
2019-11-08 16:21:55,11587,11587,11587,2,2
2019-11-08 16:21:56,11587,11587,11587,2,2
2019-11-08 16:21:59,11587,11587,11587,2,2
2019-11-08 16:22:08,11586,11586,11586,2,-2
2019-11-08 16:22:15,11587,11587,11587,2,2
2019-11-08 16:22:15,11588,11588,11588,2,2
2019-11-08 16:22:35,11587,11587,11587,8,-8
2019-11-08 16:22:37,11587,11587,11587,8,8
2019-11-08 16:22:37,11587,11587,11587,2,2
2019-11-08 16:23:01,11586,11586,11586,2,-2
2019-11-08 16:23:01,11586,11586,11586,2,2
2019-11-08 16:23:01,11586,11586,11586,2,2
2019-11-08 16:23:08,11587,11587,11587,2,2
2019-11-08 16:23:08,11586,11586,11586,2,-2
2019-11-08 16:23:08,11587,11587,11587,2,2
2019-11-08 16:23:12,11587,11587,11587,2,2
2019-11-08 16:23:18,11586,11586,11586,2,-2
2019-11-08 16:23:25,11586,11586,11586,2,2
2019-11-08 16:23:26,11586,11586,11586,4,4
2019-11-08 16:23:32,11586,11586,11586,2,2
2019-11-08 16:23:35,11587,11587,11587,2,2
2019-11-08 16:23:52,11586,11586,11586,2,-2
2019-11-08 16:24:15,11586,11586,11586,2,2
2019-11-08 16:24:16,11587,11587,11587,2,2
2019-11-08 16:24:18,11586,11586,11586,2,-2
2019-11-08 16:24:25,11587,11587,11587,2,2
2019-11-08 16:24:31,11587,11587,11587,2,2
2019-11-08 16:24:32,11586,11586,11586,2,-2
2019-11-08 16:24:35,11587,11587,11587,10,10
2019-11-08 16:24:41,11587,11587,11587,6,6
2019-11-08 16:24:41,11587,11587,11587,2,2
2019-11-08 16:24:41,11587,11587,11587,2,2
2019-11-08 16:24:48,11587,11587,11587,2,2
2019-11-08 16:24:56,11587,11587,11587,2,2
2019-11-08 16:25:02,11587,11587,11587,2,2
2019-11-08 16:25:03,11588,11588,11588,2,2
2019-11-08 16:25:03,11587,11587,11587,2,-2
2019-11-08 16:25:03,11587,11587,11587,2,2
2019-11-08 16:25:03,11587,11587,11587,2,2
2019-11-08 16:25:03,11587,11587,11587,2,2
2019-11-08 16:25:03,11587,11587,11587,2,2
2019-11-08 16:25:03,11587,11587,11587,2,2
2019-11-08 16:25:08,11587,11587,11587,2,2
2019-11-08 16:25:27,11588,11588,11588,4,4
2019-11-08 16:25:28,11588,11588,11588,10,10
2019-11-08 16:25:32,11588,11588,11588,2,2
2019-11-08 16:25:42,11588,11588,11588,2,2
2019-11-08 16:25:52,11588,11588,11588,4,4
2019-11-08 16:26:20,11588,11588,11588,2,2
2019-11-08 16:26:33,11588,11588,11588,2,2
2019-11-08 16:26:33,11587,11587,11587,2,-2
2019-11-08 16:26:33,11587,11587,11587,2,2
2019-11-08 16:26:33,11587,11587,11587,2,2
2019-11-08 16:26:33,11587,11587,11587,2,2
2019-11-08 16:26:33,11587,11587,11587,10,10
2019-11-08 16:26:33,11587,11587,11587,2,2
2019-11-08 16:26:34,11587,11587,11587,6,6
2019-11-08 16:26:34,11588,11588,11588,4,4
2019-11-08 16:26:45,11587,11587,11587,2,-2
2019-11-08 16:26:48,11587,11587,11587,2,2
2019-11-08 16:26:59,11587,11587,11587,2,2
2019-11-08 16:27:02,11587,11587,11587,2,2
2019-11-08 16:27:08,11587,11587,11587,2,2
2019-11-08 16:27:12,11587,11587,11587,2,2
2019-11-08 16:27:15,11587,11587,11587,2,2
2019-11-08 16:27:19,11587,11587,11587,2,2
2019-11-08 16:27:20,11587,11587,11587,2,2
2019-11-08 16:27:24,11587,11587,11587,2,2
2019-11-08 16:27:24,11587,11587,11587,2,2
2019-11-08 16:27:24,11587,11587,11587,2,2
2019-11-08 16:27:24,11587,11587,11587,2,2
2019-11-08 16:27:24,11587,11587,11587,2,2
2019-11-08 16:27:25,11587,11587,11587,2,2
2019-11-08 16:27:54,11588,11588,11588,4,4
2019-11-08 16:27:54,11588,11588,11588,12,12
2019-11-08 16:27:54,11588,11588,11588,6,6
2019-11-08 16:27:55,11589,11589,11589,4,4
2019-11-08 16:27:55,11589,11589,11589,16,16
2019-11-08 16:27:55,11589,11589,11589,4,4
2019-11-08 16:27:55,11589,11589,11589,2,2
2019-11-08 16:27:55,11589,11589,11589,8,8
2019-11-08 16:27:56,11589,11589,11589,2,2
2019-11-08 16:27:56,11589,11589,11589,2,2
2019-11-08 16:27:56,11589,11589,11589,2,2
2019-11-08 16:27:56,11589,11589,11589,2,2
2019-11-08 16:27:57,11589,11589,11589,2,2
2019-11-08 16:27:57,11589,11589,11589,2,2
2019-11-08 16:27:58,11590,11590,11590,4,4
2019-11-08 16:27:58,11590,11590,11590,2,2
2019-11-08 16:27:58,11590,11590,11590,8,8
2019-11-08 16:27:58,11589,11589,11589,2,-2
2019-11-08 16:28:06,11589,11589,11589,4,4
2019-11-08 16:28:06,11589,11589,11589,2,2
2019-11-08 16:28:06,11589,11589,11589,2,2
2019-11-08 16:28:06,11589,11589,11589,4,4
2019-11-08 16:28:06,11589,11589,11589,8,8
2019-11-08 16:28:06,11589,11589,11589,2,2
2019-11-08 16:28:06,11589,11589,11589,2,2
2019-11-08 16:28:06,11589,11589,11589,2,2
2019-11-08 16:28:06,11589,11589,11589,2,2
2019-11-08 16:28:06,11589,11589,11589,2,2
2019-11-08 16:28:06,11589,11589,11589,4,4
2019-11-08 16:28:06,11589,11589,11589,8,8
2019-11-08 16:28:06,11589,11589,11589,2,2
2019-11-08 16:28:06,11589,11589,11589,2,2
2019-11-08 16:28:06,11589,11589,11589,2,2
2019-11-08 16:28:06,11589,11589,11589,2,2
2019-11-08 16:28:06,11590,11590,11590,2,2
2019-11-08 16:28:10,11590,11590,11590,2,2
2019-11-08 16:28:18,11589,11589,11589,2,-2
2019-11-08 16:28:33,11590,11590,11590,36,36
2019-11-08 16:28:34,11589,11589,11589,2,-2
2019-11-08 16:28:36,11589,11589,11589,10,10
2019-11-08 16:28:40,11589,11589,11589,2,2
2019-11-08 16:28:53,11590,11590,11590,6,6
2019-11-08 16:28:58,11590,11590,11590,28,28
2019-11-08 16:29:00,11589,11589,11589,2,-2
2019-11-08 16:29:00,11590,11590,11590,2,2
2019-11-08 16:29:01,11589,11589,11589,2,-2
2019-11-08 16:29:11,11589,11589,11589,4,4
2019-11-08 16:29:11,11589,11589,11589,2,2
2019-11-08 16:29:11,11589,11589,11589,2,2
2019-11-08 16:29:11,11589,11589,11589,2,2
2019-11-08 16:29:11,11589,11589,11589,2,2
2019-11-08 16:29:11,11589,11589,11589,4,4
2019-11-08 16:29:11,11589,11589,11589,2,2
2019-11-08 16:29:11,11589,11589,11589,2,2
2019-11-08 16:29:11,11589,11589,11589,2,2
2019-11-08 16:29:12,11589,11589,11589,10,10
2019-11-08 16:29:17,11588,11588,11588,2,-2
2019-11-08 16:29:17,11588,11588,11588,2,2
2019-11-08 16:29:17,11588,11588,11588,2,2
2019-11-08 16:29:17,11588,11588,11588,2,2
2019-11-08 16:29:17,11588,11588,11588,2,2
2019-11-08 16:29:19,11588,11588,11588,2,2
2019-11-08 16:29:37,11588,11588,11588,2,2
2019-11-08 16:29:45,11588,11588,11588,4,4
2019-11-08 16:30:01,11587,11587,11587,2,-2
2019-11-08 16:30:03,11587,11587,11587,2,2
2019-11-08 16:30:03,11587,11587,11587,2,2
2019-11-08 16:30:03,11587,11587,11587,2,2
2019-11-08 16:30:03,11587,11587,11587,2,2
2019-11-08 16:30:03,11587,11587,11587,2,2
2019-11-08 16:30:03,11587,11587,11587,2,2
2019-11-08 16:30:03,11587,11587,11587,12,12
2019-11-08 16:30:14,11588,11588,11588,2,2
2019-11-08 16:30:14,11588,11588,11588,2,2
2019-11-08 16:30:34,11587,11587,11587,4,-4
2019-11-08 16:30:34,11587,11587,11587,4,4
2019-11-08 16:30:34,11587,11587,11587,2,2
2019-11-08 16:30:34,11587,11587,11587,2,2
2019-11-08 16:30:41,11587,11587,11587,2,2
2019-11-08 16:30:46,11587,11587,11587,2,2
2019-11-08 16:30:56,11587,11587,11587,2,2
2019-11-08 16:31:23,11587,11587,11587,2,2
2019-11-08 16:32:09,11588,11588,11588,2,2
2019-11-08 16:32:16,11587,11587,11587,2,-2
2019-11-08 16:32:17,11587,11587,11587,2,2
2019-11-08 16:32:17,11587,11587,11587,8,8
2019-11-08 16:32:17,11587,11587,11587,4,4
2019-11-08 16:32:17,11587,11587,11587,4,4
2019-11-08 16:32:17,11587,11587,11587,2,2
2019-11-08 16:32:17,11587,11587,11587,2,2
2019-11-08 16:32:17,11587,11587,11587,2,2
2019-11-08 16:32:17,11587,11587,11587,2,2
2019-11-08 16:32:17,11586,11586,11586,2,-2
2019-11-08 16:32:17,11586,11586,11586,2,2
2019-11-08 16:32:19,11586,11586,11586,2,2
2019-11-08 16:32:20,11586,11586,11586,2,2
2019-11-08 16:32:20,11586,11586,11586,2,2
2019-11-08 16:32:20,11586,11586,11586,2,2
2019-11-08 16:32:20,11586,11586,11586,2,2
2019-11-08 16:32:20,11586,11586,11586,2,2
2019-11-08 16:32:20,11586,11586,11586,2,2
2019-11-08 16:32:20,11586,11586,11586,2,2
2019-11-08 16:32:20,11586,11586,11586,16,16
2019-11-08 16:32:20,11586,11586,11586,2,2
2019-11-08 16:32:20,11586,11586,11586,4,4
2019-11-08 16:32:20,11586,11586,11586,2,2
2019-11-08 16:32:20,11586,11586,11586,4,4
2019-11-08 16:32:20,11586,11586,11586,6,6
2019-11-08 16:32:20,11586,11586,11586,2,2
2019-11-08 16:32:20,11586,11586,11586,2,2
2019-11-08 16:32:20,11586,11586,11586,2,2
2019-11-08 16:32:22,11586,11586,11586,2,2
2019-11-08 16:32:23,11586,11586,11586,2,2
2019-11-08 16:32:24,11585,11585,11585,2,-2
2019-11-08 16:32:24,11585,11585,11585,8,8
2019-11-08 16:32:24,11585,11585,11585,8,8
2019-11-08 16:32:24,11585,11585,11585,2,2
2019-11-08 16:32:24,11585,11585,11585,8,8
2019-11-08 16:32:24,11585,11585,11585,2,2
2019-11-08 16:32:24,11585,11585,11585,2,2
2019-11-08 16:32:24,11585,11585,11585,16,16
2019-11-08 16:32:24,11585,11585,11585,8,8
2019-11-08 16:32:25,11585,11585,11585,2,2
2019-11-08 16:32:25,11585,11585,11585,2,2
2019-11-08 16:32:25,11585,11585,11585,10,10
2019-11-08 16:32:25,11585,11585,11585,2,2
2019-11-08 16:32:25,11585,11585,11585,2,2
2019-11-08 16:32:25,11585,11585,11585,2,2
2019-11-08 16:32:25,11585,11585,11585,2,2
2019-11-08 16:32:25,11585,11585,11585,2,2
2019-11-08 16:32:28,11584,11584,11584,2,-2
2019-11-08 16:32:28,11584,11584,11584,2,2
2019-11-08 16:32:28,11584,11584,11584,2,2
2019-11-08 16:32:29,11584,11584,11584,2,2
2019-11-08 16:32:36,11584,11584,11584,2,2
2019-11-08 16:32:41,11584,11584,11584,2,2
2019-11-08 16:32:41,11584,11584,11584,2,2
2019-11-08 16:32:50,11584,11584,11584,2,2
2019-11-08 16:32:52,11584,11584,11584,4,4
2019-11-08 16:32:54,11584,11584,11584,2,2
2019-11-08 16:32:57,11584,11584,11584,4,4
2019-11-08 16:32:59,11584,11584,11584,2,2
2019-11-08 16:32:59,11584,11584,11584,2,2
2019-11-08 16:32:59,11584,11584,11584,2,2
2019-11-08 16:32:59,11584,11584,11584,2,2
2019-11-08 16:32:59,11584,11584,11584,2,2
2019-11-08 16:33:02,11584,11584,11584,2,2
2019-11-08 16:33:09,11584,11584,11584,2,2
2019-11-08 16:33:13,11583,11583,11583,2,-2
2019-11-08 16:33:14,11583,11583,11583,4,4
2019-11-08 16:33:17,11583,11583,11583,2,2
2019-11-08 16:33:27,11583,11583,11583,2,2
2019-11-08 16:33:28,11583,11583,11583,2,2
2019-11-08 16:33:28,11583,11583,11583,4,4
2019-11-08 16:33:37,11583,11583,11583,2,2
2019-11-08 16:33:49,11583,11583,11583,2,2
2019-11-08 16:33:51,11583,11583,11583,2,2
2019-11-08 16:33:53,11583,11583,11583,10,10
2019-11-08 16:33:53,11583,11583,11583,2,2
2019-11-08 16:33:53,11583,11583,11583,2,2
2019-11-08 16:33:53,11583,11583,11583,16,16
2019-11-08 16:33:58,11584,11584,11584,10,10
2019-11-08 16:33:59,11584,11584,11584,2,2
2019-11-08 16:33:59,11583,11583,11583,2,-2
2019-11-08 16:33:59,11583,11583,11583,2,2
2019-11-08 16:34:15,11583,11583,11583,2,2
2019-11-08 16:34:15,11583,11583,11583,2,2
2019-11-08 16:34:23,11584,11584,11584,4,4
2019-11-08 16:34:43,11584,11584,11584,2,2
2019-11-08 16:34:45,11584,11584,11584,4,4
2019-11-08 16:34:54,11584,11584,11584,4,4
2019-11-08 16:35:06,11584,11584,11584,2,2
2019-11-08 16:35:06,11584,11584,11584,2,2
2019-11-08 16:35:06,11584,11584,11584,2,2
2019-11-08 16:35:07,11584,11584,11584,4,4
2019-11-08 16:35:07,11584,11584,11584,2,2
2019-11-08 16:35:07,11584,11584,11584,2,2
2019-11-08 16:35:07,11584,11584,11584,2,2
2019-11-08 16:35:08,11584,11584,11584,32,32
2019-11-08 16:35:08,11585,11585,11585,2,2
2019-11-08 16:35:08,11585,11585,11585,2,2
2019-11-08 16:35:08,11584,11584,11584,2,-2
2019-11-08 16:35:08,11584,11584,11584,2,2
2019-11-08 16:35:12,11584,11584,11584,2,2
2019-11-08 16:35:16,11584,11584,11584,2,2
2019-11-08 16:35:16,11584,11584,11584,2,2
2019-11-08 16:35:17,11584,11584,11584,2,2
2019-11-08 16:35:28,11584,11584,11584,2,2
2019-11-08 16:35:28,11585,11585,11585,2,2
2019-11-08 16:35:28,11585,11585,11585,2,2
2019-11-08 16:35:29,11585,11585,11585,2,2
2019-11-08 16:35:31,11585,11585,11585,2,2
2019-11-08 16:35:31,11586,11586,11586,4,4
2019-11-08 16:35:32,11586,11586,11586,4,4
2019-11-08 16:35:38,11586,11586,11586,4,4
2019-11-08 16:35:41,11586,11586,11586,2,2
2019-11-08 16:35:43,11586,11586,11586,4,4
2019-11-08 16:35:43,11586,11586,11586,2,2
2019-11-08 16:35:43,11586,11586,11586,2,2
2019-11-08 16:35:43,11586,11586,11586,4,4
2019-11-08 16:35:43,11586,11586,11586,2,2
2019-11-08 16:35:43,11586,11586,11586,2,2
2019-11-08 16:36:02,11586,11586,11586,20,20
2019-11-08 16:36:02,11586,11586,11586,6,6
2019-11-08 16:36:17,11586,11586,11586,2,2
2019-11-08 16:36:21,11585,11585,11585,2,-2
2019-11-08 16:36:39,11586,11586,11586,2,2
2019-11-08 16:36:39,11586,11586,11586,2,2
2019-11-08 16:36:58,11586,11586,11586,2,2
2019-11-08 16:37:02,11587,11587,11587,2,2
2019-11-08 16:37:02,11587,11587,11587,6,6
2019-11-08 16:37:21,11587,11587,11587,2,2
2019-11-08 16:37:35,11586,11586,11586,2,-2
2019-11-08 16:37:35,11586,11586,11586,2,2
2019-11-08 16:38:12,11585,11585,11585,2,-2
2019-11-08 16:38:18,11586,11586,11586,2,2
2019-11-08 16:38:21,11585,11585,11585,2,-2
2019-11-08 16:38:22,11585,11585,11585,2,2
2019-11-08 16:38:34,11585,11585,11585,6,6
2019-11-08 16:38:34,11585,11585,11585,2,2
2019-11-08 16:38:34,11585,11585,11585,2,2
2019-11-08 16:39:02,11585,11585,11585,20,20
2019-11-08 16:39:02,11585,11585,11585,12,12
2019-11-08 16:39:02,11585,11585,11585,2,2
2019-11-08 16:39:02,11585,11585,11585,2,2
2019-11-08 16:39:02,11585,11585,11585,2,2
2019-11-08 16:40:02,11586,11586,11586,6,6
2019-11-08 16:40:02,11585,11585,11585,2,-2
2019-11-08 16:40:10,11586,11586,11586,16,16
2019-11-08 16:40:10,11586,11586,11586,2,2
2019-11-08 16:40:26,11587,11587,11587,2,2
2019-11-08 16:41:02,11587,11587,11587,6,6
2019-11-08 16:41:11,11587,11587,11587,2,2
2019-11-08 16:41:17,11586,11586,11586,4,-4
2019-11-08 16:41:33,11587,11587,11587,2,2
2019-11-08 16:41:54,11586,11586,11586,2,-2
2019-11-08 16:42:01,11586,11586,11586,2,2
2019-11-08 16:42:02,11587,11587,11587,2,2
2019-11-08 16:42:10,11586,11586,11586,8,-8
2019-11-08 16:42:10,11586,11586,11586,4,4
2019-11-08 16:42:10,11586,11586,11586,2,2
2019-11-08 16:42:10,11586,11586,11586,2,2
2019-11-08 16:42:21,11586,11586,11586,2,2
2019-11-08 16:42:51,11586,11586,11586,2,2
2019-11-08 16:42:54,11586,11586,11586,2,2
2019-11-08 16:42:54,11587,11587,11587,2,2
2019-11-08 16:42:57,11587,11587,11587,2,2
2019-11-08 16:42:59,11586,11586,11586,2,-2
2019-11-08 16:43:02,11586,11586,11586,2,2
2019-11-08 16:43:09,11586,11586,11586,2,2
2019-11-08 16:43:11,11587,11587,11587,2,2
2019-11-08 16:44:04,11587,11587,11587,4,4
2019-11-08 16:44:30,11586,11586,11586,2,-2
2019-11-08 16:44:30,11587,11587,11587,2,2
2019-11-08 16:44:33,11586,11586,11586,4,-4
2019-11-08 16:44:33,11586,11586,11586,6,6
2019-11-08 16:44:33,11586,11586,11586,10,10
2019-11-08 16:44:33,11586,11586,11586,2,2
2019-11-08 16:44:33,11586,11586,11586,2,2
2019-11-08 16:44:33,11586,11586,11586,2,2
2019-11-08 16:44:33,11586,11586,11586,2,2
2019-11-08 16:44:33,11586,11586,11586,4,4
2019-11-08 16:44:33,11586,11586,11586,2,2
2019-11-08 16:44:52,11585,11585,11585,2,-2
2019-11-08 16:44:52,11585,11585,11585,2,2
2019-11-08 16:44:52,11585,11585,11585,2,2
2019-11-08 16:44:52,11585,11585,11585,2,2
2019-11-08 16:44:52,11585,11585,11585,2,2
2019-11-08 16:45:10,11584,11584,11584,2,-2
2019-11-08 16:45:10,11584,11584,11584,4,4
2019-11-08 16:45:15,11584,11584,11584,2,2
2019-11-08 16:45:19,11584,11584,11584,2,2
2019-11-08 16:45:22,11584,11584,11584,2,2
2019-11-08 16:45:27,11584,11584,11584,2,2
2019-11-08 16:45:33,11584,11584,11584,2,2
2019-11-08 16:45:33,11584,11584,11584,2,2
2019-11-08 16:45:41,11584,11584,11584,2,2
2019-11-08 16:45:54,11584,11584,11584,2,2
2019-11-08 16:45:57,11583,11583,11583,2,-2
2019-11-08 16:45:57,11583,11583,11583,6,6
2019-11-08 16:45:57,11583,11583,11583,2,2
2019-11-08 16:45:57,11583,11583,11583,4,4
2019-11-08 16:45:57,11583,11583,11583,2,2
2019-11-08 16:45:57,11583,11583,11583,2,2
2019-11-08 16:45:57,11583,11583,11583,2,2
2019-11-08 16:45:59,11583,11583,11583,2,2
2019-11-08 16:46:02,11583,11583,11583,2,2
2019-11-08 16:46:02,11583,11583,11583,2,2
2019-11-08 16:46:02,11583,11583,11583,2,2
2019-11-08 16:46:02,11583,11583,11583,2,2
2019-11-08 16:46:02,11583,11583,11583,2,2
2019-11-08 16:46:02,11583,11583,11583,2,2
2019-11-08 16:46:08,11583,11583,11583,2,2
2019-11-08 16:46:16,11583,11583,11583,2,2
2019-11-08 16:46:16,11583,11583,11583,2,2
2019-11-08 16:46:16,11583,11583,11583,2,2
2019-11-08 16:46:18,11584,11584,11584,10,10
2019-11-08 16:46:24,11583,11583,11583,2,-2
2019-11-08 16:46:24,11583,11583,11583,2,2
2019-11-08 16:46:24,11583,11583,11583,2,2
2019-11-08 16:46:24,11583,11583,11583,2,2
2019-11-08 16:46:24,11583,11583,11583,2,2
2019-11-08 16:46:24,11583,11583,11583,10,10
2019-11-08 16:46:25,11583,11583,11583,2,2
2019-11-08 16:46:25,11583,11583,11583,2,2
2019-11-08 16:46:25,11584,11584,11584,2,2
2019-11-08 16:46:27,11584,11584,11584,2,2
2019-11-08 16:46:54,11584,11584,11584,4,4
2019-11-08 16:47:02,11583,11583,11583,2,-2
2019-11-08 16:47:02,11583,11583,11583,4,4
2019-11-08 16:47:04,11584,11584,11584,2,2
2019-11-08 16:47:27,11583,11583,11583,2,-2
2019-11-08 16:47:48,11583,11583,11583,2,2
2019-11-08 16:47:56,11584,11584,11584,10,10
2019-11-08 16:47:56,11584,11584,11584,4,4
2019-11-08 16:47:56,11585,11585,11585,32,32
2019-11-08 16:47:56,11584,11584,11584,2,-2
2019-11-08 16:48:03,11584,11584,11584,4,4
2019-11-08 16:48:12,11583,11583,11583,2,-2
2019-11-08 16:48:16,11583,11583,11583,6,6
2019-11-08 16:48:44,11584,11584,11584,4,4
2019-11-08 16:48:45,11584,11584,11584,4,4
2019-11-08 16:48:46,11584,11584,11584,2,2
2019-11-08 16:48:58,11585,11585,11585,12,12
2019-11-08 16:48:58,11585,11585,11585,2,2
2019-11-08 16:49:02,11584,11584,11584,2,-2
2019-11-08 16:49:03,11584,11584,11584,2,2
2019-11-08 16:50:02,11584,11584,11584,2,2
2019-11-08 16:50:10,11584,11584,11584,2,2
2019-11-08 16:50:27,11584,11584,11584,2,2
2019-11-08 16:50:53,11584,11584,11584,2,2
2019-11-08 16:50:53,11584,11584,11584,4,4
2019-11-08 16:50:53,11584,11584,11584,2,2
2019-11-08 16:50:53,11584,11584,11584,4,4
2019-11-08 16:50:53,11584,11584,11584,4,4
2019-11-08 16:50:53,11584,11584,11584,4,4
2019-11-08 16:50:53,11584,11584,11584,4,4
2019-11-08 16:50:53,11584,11584,11584,4,4
2019-11-08 16:50:53,11584,11584,11584,2,2
2019-11-08 16:50:53,11584,11584,11584,6,6
2019-11-08 16:51:21,11584,11584,11584,2,2
2019-11-08 16:52:04,11584,11584,11584,2,2
2019-11-08 16:52:10,11584,11584,11584,2,2
2019-11-08 16:52:14,11584,11584,11584,2,2
2019-11-08 16:52:17,11584,11584,11584,2,2
2019-11-08 16:53:13,11583,11583,11583,6,-6
2019-11-08 16:53:13,11583,11583,11583,2,2
2019-11-08 16:53:13,11583,11583,11583,2,2
2019-11-08 16:53:13,11583,11583,11583,2,2
2019-11-08 16:53:13,11583,11583,11583,4,4
2019-11-08 16:53:13,11583,11583,11583,2,2
2019-11-08 16:53:13,11583,11583,11583,2,2
2019-11-08 16:53:13,11583,11583,11583,2,2
2019-11-08 16:53:13,11582,11582,11582,2,-2
2019-11-08 16:53:13,11582,11582,11582,2,2
2019-11-08 16:53:13,11582,11582,11582,2,2
2019-11-08 16:53:13,11582,11582,11582,6,6
2019-11-08 16:53:13,11582,11582,11582,2,2
2019-11-08 16:53:13,11582,11582,11582,2,2
2019-11-08 16:53:14,11582,11582,11582,2,2
2019-11-08 16:53:20,11582,11582,11582,2,2
2019-11-08 16:53:27,11583,11583,11583,2,2
2019-11-08 16:53:29,11582,11582,11582,2,-2
2019-11-08 16:53:38,11582,11582,11582,2,2
2019-11-08 16:53:51,11582,11582,11582,2,2
2019-11-08 16:53:54,11582,11582,11582,2,2
2019-11-08 16:54:01,11582,11582,11582,2,2
2019-11-08 16:54:05,11581,11581,11581,2,-2
2019-11-08 16:54:05,11581,11581,11581,2,2
2019-11-08 16:54:05,11581,11581,11581,2,2
2019-11-08 16:54:11,11581,11581,11581,4,4
2019-11-08 16:54:19,11582,11582,11582,2,2
2019-11-08 16:54:22,11581,11581,11581,2,-2
2019-11-08 16:54:28,11582,11582,11582,8,8
2019-11-08 16:54:31,11582,11582,11582,2,2
2019-11-08 16:54:50,11582,11582,11582,6,6
2019-11-08 16:55:26,11582,11582,11582,2,2
2019-11-08 16:55:53,11582,11582,11582,2,2
2019-11-08 16:56:00,11583,11583,11583,6,6
2019-11-08 16:57:15,11583,11583,11583,2,2
2019-11-08 16:57:39,11582,11582,11582,8,-8
2019-11-08 16:57:39,11582,11582,11582,4,4
2019-11-08 16:57:48,11582,11582,11582,2,2
2019-11-08 16:57:48,11582,11582,11582,2,2
2019-11-08 16:57:49,11582,11582,11582,2,2
2019-11-08 16:57:49,11582,11582,11582,2,2
2019-11-08 16:57:49,11582,11582,11582,4,4
2019-11-08 16:57:49,11582,11582,11582,2,2
2019-11-08 16:58:16,11581,11581,11581,2,-2
2019-11-08 16:58:30,11582,11582,11582,8,8
2019-11-08 16:58:30,11582,11582,11582,2,2
2019-11-08 16:58:31,11582,11582,11582,2,2
2019-11-08 16:58:36,11582,11582,11582,4,4
2019-11-08 16:58:38,11582,11582,11582,4,4
2019-11-08 16:58:39,11582,11582,11582,2,2
2019-11-08 16:58:39,11582,11582,11582,2,2
2019-11-08 16:58:48,11582,11582,11582,2,2
2019-11-08 16:59:33,11583,11583,11583,18,18
2019-11-08 16:59:33,11583,11583,11583,2,2
2019-11-08 16:59:33,11583,11583,11583,4,4
2019-11-08 16:59:33,11583,11583,11583,6,6
2019-11-08 16:59:33,11583,11583,11583,4,4
2019-11-08 16:59:34,11583,11583,11583,2,2
2019-11-08 16:59:34,11583,11583,11583,4,4
2019-11-08 16:59:40,11583,11583,11583,4,4
2019-11-08 16:59:40,11583,11583,11583,4,4
2019-11-08 16:59:40,11582,11582,11582,14,-14
2019-11-08 16:59:40,11582,11582,11582,16,16
2019-11-08 16:59:40,11582,11582,11582,2,2
2019-11-08 16:59:40,11582,11582,11582,8,8
2019-11-08 16:59:40,11582,11582,11582,16,16
2019-11-08 16:59:40,11582,11582,11582,2,2
2019-11-08 16:59:40,11582,11582,11582,2,2
2019-11-08 16:59:40,11582,11582,11582,4,4
