2021-03-12 15:00:00.018,16193,16194,16197,109
2021-03-12 15:00:00.026,16196,16197,16196,2
2021-03-12 15:00:00.127,16195,16197,16195,3
2021-03-12 15:00:00.127,16195,16197,16195,4
2021-03-12 15:00:00.144,16195,16197,16196,1
2021-03-12 15:00:00.174,16194,16196,16197,4
2021-03-12 15:00:00.210,16194,16196,16194,3
2021-03-12 15:00:00.210,16194,16196,16193,2
2021-03-12 15:00:00.239,16194,16196,16193,2
2021-03-12 15:00:00.249,16194,16196,16196,2
2021-03-12 15:00:00.249,16194,16196,16197,3
2021-03-12 15:00:00.263,16194,16196,16197,3
2021-03-12 15:00:00.263,16194,16196,16194,1
2021-03-12 15:00:00.263,16194,16196,16193,2
2021-03-12 15:00:00.288,16193,16197,16193,1
2021-03-12 15:00:00.293,16193,16197,16193,2
2021-03-12 15:00:00.293,16193,16197,16193,1
2021-03-12 15:00:00.304,16193,16197,16193,1
2021-03-12 15:00:00.314,16193,16197,16192,1
2021-03-12 15:00:00.364,16193,16197,16192,2
2021-03-12 15:00:00.377,16193,16197,16192,1
2021-03-12 15:00:00.380,16193,16197,16192,1
2021-03-12 15:00:00.384,16193,16197,16192,1
2021-03-12 15:00:00.406,16192,16196,16192,1
2021-03-12 15:00:00.435,16192,16196,16196,1
2021-03-12 15:00:00.435,16192,16196,16197,3
2021-03-12 15:00:00.443,16192,16196,16192,1
2021-03-12 15:00:00.443,16192,16196,16191,2
2021-03-12 15:00:00.477,16192,16196,16194,1
2021-03-12 15:00:00.484,16192,16196,16193,1
2021-03-12 15:00:00.485,16192,16196,16192,1
2021-03-12 15:00:00.486,16192,16196,16193,1
2021-03-12 15:00:00.490,16192,16196,16193,1
2021-03-12 15:00:00.533,16192,16195,16195,1
2021-03-12 15:00:00.533,16192,16195,16196,1
2021-03-12 15:00:00.563,16192,16195,16193,1
2021-03-12 15:00:00.580,16192,16195,16192,1
2021-03-12 15:00:00.592,16192,16195,16192,1
2021-03-12 15:00:00.592,16192,16195,16191,1
2021-03-12 15:00:00.602,16192,16195,16191,1
2021-03-12 15:00:00.604,16192,16195,16194,1
2021-03-12 15:00:00.604,16192,16195,16195,1
2021-03-12 15:00:00.610,16192,16195,16191,1
2021-03-12 15:00:00.636,16192,16195,16191,1
2021-03-12 15:00:00.646,16192,16195,16192,1
2021-03-12 15:00:00.646,16192,16195,16191,2
2021-03-12 15:00:00.646,16192,16195,16190,3
2021-03-12 15:00:00.670,16190,16194,16190,1
2021-03-12 15:00:00.689,16190,16194,16190,1
2021-03-12 15:00:00.702,16190,16194,16190,1
2021-03-12 15:00:00.713,16190,16194,16194,1
2021-03-12 15:00:00.713,16190,16194,16195,1
2021-03-12 15:00:00.714,16190,16194,16191,1
2021-03-12 15:00:00.719,16190,16194,16190,1
2021-03-12 15:00:00.723,16190,16194,16190,3
2021-03-12 15:00:00.770,16190,16194,16191,1
2021-03-12 15:00:00.770,16190,16194,16190,2
2021-03-12 15:00:00.770,16190,16194,16190,2
2021-03-12 15:00:00.770,16190,16194,16189,1
2021-03-12 15:00:00.770,16190,16194,16189,1
2021-03-12 15:00:00.770,16190,16194,16191,1
2021-03-12 15:00:00.797,16189,16193,16189,1
2021-03-12 15:00:00.820,16189,16193,16193,1
2021-03-12 15:00:00.823,16189,16193,16190,1
2021-03-12 15:00:00.884,16189,16193,16192,1
2021-03-12 15:00:00.890,16189,16193,16189,1
2021-03-12 15:00:00.978,16189,16193,16193,1
2021-03-12 15:00:01.028,16191,16194,16194,2
2021-03-12 15:00:01.097,16191,16194,16192,1
2021-03-12 15:00:01.144,16191,16194,16191,1
2021-03-12 15:00:01.244,16190,16194,16190,2
2021-03-12 15:00:01.247,16190,16194,16190,1
2021-03-12 15:00:01.247,16190,16194,16189,1
2021-03-12 15:00:01.262,16190,16194,16193,1
2021-03-12 15:00:01.341,16190,16194,16191,1
2021-03-12 15:00:01.398,16190,16194,16192,1
2021-03-12 15:00:01.403,16190,16193,16193,1
2021-03-12 15:00:01.478,16190,16193,16190,1
2021-03-12 15:00:01.523,16190,16193,16193,1
2021-03-12 15:00:01.523,16190,16193,16194,1
2021-03-12 15:00:01.525,16190,16193,16191,1
2021-03-12 15:00:01.528,16190,16193,16193,2
2021-03-12 15:00:01.528,16190,16193,16194,1
2021-03-12 15:00:01.602,16190,16193,16190,1
2021-03-12 15:00:01.653,16191,16193,16193,1
2021-03-12 15:00:01.778,16191,16193,16193,1
2021-03-12 15:00:01.840,16191,16193,16191,2
2021-03-12 15:00:01.897,16191,16193,16190,1
2021-03-12 15:00:01.903,16190,16193,16193,1
2021-03-12 15:00:01.969,16190,16193,16191,2
2021-03-12 15:00:01.969,16190,16193,16190,1
2021-03-12 15:00:01.969,16190,16193,16189,2
2021-03-12 15:00:02.567,16191,16194,16191,1
2021-03-12 15:00:02.685,16191,16194,16194,1
2021-03-12 15:00:03.050,16191,16194,16194,1
2021-03-12 15:00:03.455,16192,16194,16194,1
2021-03-12 15:00:03.460,16192,16194,16192,1
2021-03-12 15:00:03.524,16192,16194,16191,1
2021-03-12 15:00:03.751,16193,16195,16192,1
2021-03-12 15:00:03.751,16193,16195,16191,1
2021-03-12 15:00:04.184,16192,16195,16195,2
2021-03-12 15:00:04.272,16192,16195,16194,1
2021-03-12 15:00:04.272,16192,16195,16192,1
2021-03-12 15:00:04.272,16192,16195,16191,1
2021-03-12 15:00:04.753,16193,16195,16194,1
2021-03-12 15:00:04.753,16193,16195,16194,1
2021-03-12 15:00:04.834,16193,16195,16193,1
2021-03-12 15:00:05.079,16192,16195,16192,3
2021-03-12 15:00:05.253,16191,16195,16193,1
2021-03-12 15:00:05.588,16194,16195,16194,4
2021-03-12 15:00:05.941,16192,16195,16192,1
2021-03-12 15:00:06.043,16191,16195,16195,1
2021-03-12 15:00:06.346,16192,16195,16195,2
2021-03-12 15:00:06.391,16192,16195,16193,1
2021-03-12 15:00:06.391,16192,16195,16192,2
2021-03-12 15:00:06.490,16192,16195,16192,1
2021-03-12 15:00:06.753,16191,16194,16191,1
2021-03-12 15:00:06.822,16191,16194,16194,1
2021-03-12 15:00:07.406,16192,16194,16192,1
2021-03-12 15:00:07.406,16192,16194,16191,1
2021-03-12 15:00:08.001,16192,16194,16192,1
2021-03-12 15:00:08.294,16192,16194,16192,1
2021-03-12 15:00:08.428,16193,16194,16193,1
2021-03-12 15:00:08.753,16192,16194,16193,1
2021-03-12 15:00:09.823,16193,16194,16193,1
2021-03-12 15:00:10.173,16192,16193,16193,1
2021-03-12 15:00:10.278,16193,16194,16193,1
2021-03-12 15:00:10.620,16193,16194,16194,2
2021-03-12 15:00:10.733,16193,16195,16193,2
2021-03-12 15:00:10.733,16193,16195,16192,2
2021-03-12 15:00:11.859,16193,16194,16194,1
2021-03-12 15:00:11.950,16193,16195,16195,1
2021-03-12 15:00:12.082,16193,16195,16195,1
2021-03-12 15:00:12.212,16193,16195,16195,2
2021-03-12 15:00:14.568,16194,16195,16195,1
2021-03-12 15:00:14.648,16194,16195,16194,1
2021-03-12 15:00:14.649,16194,16195,16195,1
2021-03-12 15:00:15.856,16194,16195,16195,1
2021-03-12 15:00:15.903,16195,16196,16195,1
2021-03-12 15:00:16.342,16194,16195,16194,1
2021-03-12 15:00:16.435,16194,16195,16194,1
2021-03-12 15:00:16.585,16194,16195,16195,1
2021-03-12 15:00:17.155,16194,16195,16194,1
2021-03-12 15:00:17.734,16194,16195,16195,1
2021-03-12 15:00:17.778,16194,16195,16195,1
2021-03-12 15:00:17.778,16194,16195,16195,1
2021-03-12 15:00:18.079,16194,16195,16195,1
2021-03-12 15:00:19.178,16195,16196,16196,1
2021-03-12 15:00:21.403,16195,16196,16195,1
2021-03-12 15:00:21.403,16195,16196,16195,1
2021-03-12 15:00:22.109,16194,16196,16195,1
2021-03-12 15:00:22.773,16194,16197,16197,2
2021-03-12 15:00:23.074,16194,16196,16196,1
2021-03-12 15:00:23.380,16194,16197,16195,1
2021-03-12 15:00:23.528,16194,16197,16194,1
2021-03-12 15:00:23.710,16194,16197,16194,2
2021-03-12 15:00:23.711,16194,16197,16194,1
2021-03-12 15:00:24.063,16194,16197,16194,1
2021-03-12 15:00:24.063,16194,16197,16194,1
2021-03-12 15:00:24.454,16194,16197,16197,2
2021-03-12 15:00:24.454,16194,16197,16198,3
2021-03-12 15:00:24.863,16196,16198,16196,3
2021-03-12 15:00:25.637,16195,16197,16197,1
2021-03-12 15:00:26.146,16195,16197,16195,1
2021-03-12 15:00:28.469,16196,16198,16197,4
2021-03-12 15:00:28.577,16196,16198,16196,2
2021-03-12 15:00:28.815,16196,16197,16197,1
2021-03-12 15:00:29.314,16196,16198,16197,1
2021-03-12 15:00:29.418,16196,16197,16197,1
2021-03-12 15:00:30.023,16196,16198,16196,1
2021-03-12 15:00:30.025,16196,16198,16197,1
2021-03-12 15:00:30.046,16197,16198,16197,1
2021-03-12 15:00:30.046,16197,16198,16197,1
2021-03-12 15:00:30.613,16196,16197,16197,2
2021-03-12 15:00:30.653,16196,16197,16196,2
2021-03-12 15:00:31.465,16195,16197,16196,1
2021-03-12 15:00:31.574,16195,16198,16195,1
2021-03-12 15:00:31.574,16195,16198,16196,2
2021-03-12 15:00:31.773,16195,16197,16196,1
2021-03-12 15:00:32.322,16195,16197,16197,4
2021-03-12 15:00:32.333,16195,16197,16196,1
2021-03-12 15:00:32.411,16195,16197,16197,1
2021-03-12 15:00:32.411,16195,16197,16197,1
2021-03-12 15:00:32.711,16195,16197,16197,1
2021-03-12 15:00:32.979,16195,16198,16198,1
2021-03-12 15:00:33.913,16195,16197,16195,1
2021-03-12 15:00:34.451,16195,16196,16196,1
2021-03-12 15:00:34.652,16195,16197,16197,1
2021-03-12 15:00:34.778,16196,16197,16196,1
2021-03-12 15:00:34.794,16196,16197,16197,1
2021-03-12 15:00:35.278,16196,16197,16196,1
2021-03-12 15:00:35.903,16196,16197,16196,1
2021-03-12 15:00:36.028,16195,16197,16195,4
2021-03-12 15:00:36.153,16195,16196,16195,1
2021-03-12 15:00:39.528,16195,16196,16195,1
2021-03-12 15:00:39.653,16195,16196,16195,1
2021-03-12 15:00:40.208,16194,16196,16196,1
2021-03-12 15:00:40.208,16194,16196,16196,1
2021-03-12 15:00:41.265,16195,16197,16196,1
2021-03-12 15:00:41.549,16195,16197,16197,1
2021-03-12 15:00:41.888,16195,16197,16197,2
2021-03-12 15:00:43.527,16196,16197,16197,1
2021-03-12 15:00:44.077,16196,16197,16196,1
2021-03-12 15:00:45.324,16195,16196,16195,1
2021-03-12 15:00:45.403,16195,16196,16195,2
2021-03-12 15:00:45.403,16195,16196,16195,5
2021-03-12 15:00:45.676,16194,16196,16194,4
2021-03-12 15:00:47.942,16194,16195,16194,1
2021-03-12 15:00:48.942,16194,16195,16194,4
2021-03-12 15:00:49.546,16193,16195,16193,3
2021-03-12 15:00:49.615,16193,16195,16195,1
2021-03-12 15:00:49.691,16193,16195,16195,1
2021-03-12 15:00:51.732,16194,16195,16195,3
2021-03-12 15:00:52.979,16194,16195,16194,1
2021-03-12 15:00:52.980,16194,16195,16194,1
2021-03-12 15:00:53.179,16193,16195,16195,2
2021-03-12 15:00:53.435,16194,16195,16194,1
2021-03-12 15:00:55.467,16194,16195,16194,1
2021-03-12 15:00:57.422,16193,16195,16195,1
2021-03-12 15:00:57.986,16193,16195,16195,5
2021-03-12 15:00:59.106,16193,16195,16195,3
2021-03-12 15:00:59.106,16193,16195,16196,1
2021-03-12 15:00:59.658,16193,16195,16195,1
2021-03-12 15:01:00.050,16194,16196,16194,1
2021-03-12 15:01:00.050,16194,16196,16193,7
2021-03-12 15:01:00.109,16194,16196,16196,2
2021-03-12 15:01:00.157,16193,16196,16193,1
2021-03-12 15:01:00.157,16193,16196,16193,1
2021-03-12 15:01:00.327,16192,16195,16192,1
2021-03-12 15:01:00.331,16192,16195,16192,2
2021-03-12 15:01:00.338,16192,16195,16192,2
2021-03-12 15:01:00.398,16192,16195,16192,1
2021-03-12 15:01:00.677,16192,16194,16194,1
2021-03-12 15:01:00.677,16192,16194,16195,1
2021-03-12 15:01:01.028,16193,16194,16193,1
2021-03-12 15:01:01.450,16192,16194,16194,1
2021-03-12 15:01:01.748,16193,16195,16193,3
2021-03-12 15:01:02.524,16193,16196,16194,2
2021-03-12 15:01:04.042,16194,16196,16194,1
2021-03-12 15:01:04.741,16193,16196,16195,1
2021-03-12 15:01:09.219,16194,16195,16195,1
2021-03-12 15:01:09.278,16194,16195,16194,1
2021-03-12 15:01:09.991,16194,16195,16195,2
2021-03-12 15:01:10.377,16194,16195,16195,1
2021-03-12 15:01:10.404,16194,16195,16194,1
2021-03-12 15:01:10.405,16194,16195,16194,1
2021-03-12 15:01:10.405,16194,16195,16194,1
2021-03-12 15:01:10.405,16194,16195,16194,1
2021-03-12 15:01:10.405,16194,16195,16194,1
2021-03-12 15:01:10.405,16194,16195,16193,1
2021-03-12 15:01:10.405,16194,16195,16193,1
2021-03-12 15:01:10.405,16194,16195,16193,1
2021-03-12 15:01:10.405,16194,16195,16193,1
2021-03-12 15:01:10.406,16194,16195,16193,1
2021-03-12 15:01:10.406,16194,16195,16193,1
2021-03-12 15:01:10.682,16193,16195,16193,1
2021-03-12 15:01:10.709,16193,16195,16192,4
2021-03-12 15:01:10.919,16192,16194,16194,2
2021-03-12 15:01:11.414,16193,16195,16193,1
2021-03-12 15:01:12.497,16193,16194,16194,1
2021-03-12 15:01:13.874,16193,16194,16194,1
2021-03-12 15:01:14.403,16193,16194,16194,1
2021-03-12 15:01:15.108,16193,16194,16193,2
2021-03-12 15:01:15.108,16193,16194,16192,3
2021-03-12 15:01:16.464,16192,16194,16192,2
2021-03-12 15:01:16.520,16192,16194,16194,1
2021-03-12 15:01:16.526,16192,16194,16193,1
2021-03-12 15:01:16.726,16192,16194,16192,1
2021-03-12 15:01:16.726,16192,16194,16192,1
2021-03-12 15:01:16.734,16192,16194,16192,1
2021-03-12 15:01:16.735,16192,16194,16192,3
2021-03-12 15:01:16.852,16191,16193,16193,1
2021-03-12 15:01:17.348,16191,16193,16192,1
2021-03-12 15:01:17.407,16191,16193,16191,1
2021-03-12 15:01:18.010,16191,16193,16192,1
2021-03-12 15:01:18.542,16191,16193,16192,1
2021-03-12 15:01:19.216,16192,16193,16193,2
2021-03-12 15:01:19.252,16192,16193,16192,1
2021-03-12 15:01:19.252,16192,16193,16191,9
2021-03-12 15:01:19.515,16191,16193,16191,1
2021-03-12 15:01:19.516,16191,16193,16191,1
2021-03-12 15:01:19.695,16190,16193,16193,1
2021-03-12 15:01:20.055,16191,16193,16192,1
2021-03-12 15:01:21.090,16192,16193,16193,1
2021-03-12 15:01:21.650,16192,16194,16192,1
2021-03-12 15:01:22.315,16193,16194,16193,2
2021-03-12 15:01:22.315,16193,16194,16192,4
2021-03-12 15:01:22.416,16192,16194,16192,1
2021-03-12 15:01:22.416,16192,16194,16191,7
2021-03-12 15:01:22.417,16192,16194,16191,1
2021-03-12 15:01:22.417,16192,16194,16191,2
2021-03-12 15:01:23.738,16191,16194,16194,1
2021-03-12 15:01:24.903,16192,16194,16194,7
2021-03-12 15:01:25.028,16193,16195,16195,6
2021-03-12 15:01:25.658,16193,16195,16195,5
2021-03-12 15:01:26.181,16193,16195,16194,1
2021-03-12 15:01:27.824,16193,16194,16193,2
2021-03-12 15:01:27.904,16192,16194,16192,1
2021-03-12 15:01:27.905,16192,16194,16192,1
2021-03-12 15:01:28.146,16192,16194,16193,1
2021-03-12 15:01:29.547,16192,16193,16193,1
2021-03-12 15:01:34.419,16192,16193,16193,1
2021-03-12 15:01:34.498,16192,16193,16193,1
2021-03-12 15:01:34.654,16192,16193,16193,1
2021-03-12 15:01:34.654,16192,16193,16193,1
2021-03-12 15:01:34.654,16192,16193,16193,1
2021-03-12 15:01:34.654,16192,16193,16193,2
2021-03-12 15:01:34.655,16192,16193,16193,1
2021-03-12 15:01:34.800,16192,16194,16193,1
2021-03-12 15:01:35.339,16192,16194,16193,1
2021-03-12 15:01:35.343,16192,16194,16193,1
2021-03-12 15:01:36.003,16192,16194,16193,1
2021-03-12 15:01:37.358,16192,16193,16193,1
2021-03-12 15:01:39.732,16192,16193,16193,1
2021-03-12 15:01:39.986,16192,16194,16193,1
2021-03-12 15:01:40.770,16192,16193,16192,1
2021-03-12 15:01:41.536,16192,16193,16193,1
2021-03-12 15:01:42.222,16192,16193,16193,1
2021-03-12 15:01:42.696,16192,16193,16192,1
2021-03-12 15:01:43.328,16192,16193,16193,1
2021-03-12 15:01:43.755,16192,16193,16192,1
2021-03-12 15:01:45.587,16192,16193,16192,1
2021-03-12 15:01:48.806,16192,16193,16192,1
2021-03-12 15:01:48.871,16192,16193,16192,1
2021-03-12 15:01:50.527,16192,16193,16193,1
2021-03-12 15:01:50.531,16192,16193,16192,1
2021-03-12 15:01:51.559,16192,16193,16192,10
2021-03-12 15:01:51.653,16191,16192,16191,11
2021-03-12 15:01:51.778,16190,16191,16190,3
2021-03-12 15:01:52.530,16190,16191,16191,1
2021-03-12 15:01:52.741,16190,16191,16190,5
2021-03-12 15:01:52.989,16190,16191,16191,1
2021-03-12 15:01:53.946,16190,16191,16191,2
2021-03-12 15:01:54.270,16190,16191,16191,1
2021-03-12 15:01:56.206,16190,16191,16191,1
2021-03-12 15:01:57.873,16190,16191,16190,2
2021-03-12 15:01:58.124,16190,16191,16190,1
2021-03-12 15:01:58.237,16190,16191,16191,2
2021-03-12 15:01:58.407,16190,16191,16191,1
2021-03-12 15:01:59.561,16191,16192,16192,1
2021-03-12 15:02:00.051,16191,16192,16191,1
2021-03-12 15:02:00.067,16191,16192,16191,1
2021-03-12 15:02:02.649,16191,16192,16192,1
2021-03-12 15:02:02.650,16191,16192,16192,5
2021-03-12 15:02:02.650,16191,16192,16192,3
2021-03-12 15:02:02.652,16192,16193,16193,1
2021-03-12 15:02:02.722,16192,16193,16192,1
2021-03-12 15:02:02.778,16192,16193,16193,5
2021-03-12 15:02:02.791,16192,16193,16193,1
2021-03-12 15:02:02.903,16192,16194,16194,4
2021-03-12 15:02:03.028,16193,16195,16195,5
2021-03-12 15:02:03.299,16195,16196,16195,2
2021-03-12 15:02:03.480,16194,16195,16195,1
2021-03-12 15:02:03.564,16195,16196,16196,1
2021-03-12 15:02:04.399,16195,16196,16196,1
2021-03-12 15:02:04.809,16195,16197,16195,1
2021-03-12 15:02:07.250,16195,16197,16195,4
2021-03-12 15:02:07.585,16194,16195,16194,4
2021-03-12 15:02:08.290,16194,16195,16195,2
2021-03-12 15:02:08.554,16194,16195,16194,2
2021-03-12 15:02:09.868,16193,16195,16195,3
2021-03-12 15:02:10.756,16192,16194,16193,1
2021-03-12 15:02:11.203,16192,16194,16194,1
2021-03-12 15:02:13.938,16193,16194,16194,1
2021-03-12 15:02:13.939,16193,16194,16194,1
2021-03-12 15:02:14.334,16193,16195,16193,3
2021-03-12 15:02:15.606,16194,16195,16195,10
2021-03-12 15:02:16.605,16194,16195,16195,1
2021-03-12 15:02:18.758,16194,16195,16195,5
2021-03-12 15:02:18.759,16194,16195,16195,4
2021-03-12 15:02:18.759,16194,16195,16195,1
2021-03-12 15:02:18.759,16194,16195,16195,1
2021-03-12 15:02:18.759,16194,16195,16195,30
2021-03-12 15:02:18.819,16195,16196,16195,1
2021-03-12 15:02:21.450,16195,16196,16196,1
2021-03-12 15:02:22.219,16195,16196,16196,1
2021-03-12 15:02:25.267,16195,16196,16196,5
2021-03-12 15:02:26.518,16196,16197,16196,1
2021-03-12 15:02:26.835,16196,16197,16196,1
2021-03-12 15:02:27.559,16196,16197,16197,7
2021-03-12 15:02:27.561,16196,16197,16198,3
2021-03-12 15:02:27.856,16198,16199,16198,1
2021-03-12 15:02:29.668,16197,16198,16198,1
2021-03-12 15:02:29.873,16197,16198,16198,1
2021-03-12 15:02:30.089,16198,16199,16198,1
2021-03-12 15:02:30.103,16198,16199,16199,3
2021-03-12 15:02:33.015,16198,16199,16198,1
2021-03-12 15:02:33.403,16198,16199,16198,2
2021-03-12 15:02:33.528,16198,16199,16198,1
2021-03-12 15:02:33.903,16198,16199,16198,2
2021-03-12 15:02:38.606,16197,16198,16198,2
2021-03-12 15:02:46.395,16197,16198,16198,1
2021-03-12 15:02:47.324,16197,16198,16198,2
2021-03-12 15:02:47.766,16197,16198,16198,1
2021-03-12 15:02:47.952,16197,16198,16198,11
2021-03-12 15:02:48.580,16198,16199,16199,3
2021-03-12 15:02:48.725,16198,16200,16200,1
2021-03-12 15:02:48.824,16198,16200,16200,1
2021-03-12 15:02:49.691,16199,16200,16199,1
2021-03-12 15:02:52.911,16199,16200,16200,1
2021-03-12 15:02:53.415,16199,16200,16200,2
2021-03-12 15:02:55.645,16199,16200,16199,9
2021-03-12 15:02:56.062,16198,16199,16199,1
2021-03-12 15:02:57.104,16198,16199,16199,1
2021-03-12 15:02:57.414,16198,16199,16198,1
2021-03-12 15:02:57.415,16198,16199,16198,1
2021-03-12 15:02:57.415,16198,16199,16198,1
2021-03-12 15:02:57.415,16198,16199,16198,1
2021-03-12 15:02:57.415,16198,16199,16198,2
2021-03-12 15:02:57.415,16198,16199,16198,1
2021-03-12 15:02:59.025,16198,16199,16199,2
2021-03-12 15:02:59.930,16198,16199,16198,1
2021-03-12 15:02:59.934,16198,16199,16199,1
2021-03-12 15:03:00.039,16198,16199,16199,1
2021-03-12 15:03:00.040,16198,16199,16199,1
2021-03-12 15:03:00.258,16198,16200,16200,1
2021-03-12 15:03:01.076,16198,16199,16199,1
2021-03-12 15:03:03.029,16198,16199,16198,2
2021-03-12 15:03:04.358,16198,16199,16198,1
2021-03-12 15:03:04.475,16198,16199,16199,1
2021-03-12 15:03:04.582,16198,16199,16198,2
2021-03-12 15:03:04.718,16198,16199,16198,1
2021-03-12 15:03:04.718,16198,16199,16198,1
2021-03-12 15:03:04.897,16197,16198,16198,1
2021-03-12 15:03:05.005,16197,16199,16199,2
2021-03-12 15:03:05.211,16197,16199,16199,2
2021-03-12 15:03:07.067,16198,16199,16199,1
2021-03-12 15:03:07.696,16198,16200,16198,1
2021-03-12 15:03:12.050,16198,16199,16198,4
2021-03-12 15:03:17.400,16196,16197,16197,1
2021-03-12 15:03:17.644,16196,16197,16197,1
2021-03-12 15:03:27.509,16197,16199,16199,5
2021-03-12 15:03:27.528,16199,16200,16200,5
2021-03-12 15:03:29.051,16199,16200,16200,1
2021-03-12 15:03:29.052,16199,16200,16200,10
2021-03-12 15:03:31.877,16200,16201,16201,1
2021-03-12 15:03:32.876,16200,16202,16200,1
2021-03-12 15:03:33.141,16201,16202,16201,1
2021-03-12 15:03:33.528,16200,16201,16200,2
2021-03-12 15:03:34.028,16200,16201,16200,1
2021-03-12 15:03:35.238,16199,16201,16201,1
2021-03-12 15:03:36.903,16200,16201,16200,1
2021-03-12 15:03:37.048,16199,16201,16201,1
2021-03-12 15:03:37.989,16199,16200,16200,1
2021-03-12 15:03:39.278,16199,16200,16199,10
2021-03-12 15:03:39.278,16199,16200,16199,24
2021-03-12 15:03:39.280,16199,16200,16199,1
2021-03-12 15:03:39.831,16198,16199,16199,1
2021-03-12 15:03:40.224,16198,16199,16199,1
2021-03-12 15:03:43.713,16198,16199,16199,2
2021-03-12 15:03:45.505,16199,16200,16199,1
2021-03-12 15:03:48.294,16199,16200,16200,1
2021-03-12 15:03:48.357,16199,16200,16199,7
2021-03-12 15:03:48.358,16199,16200,16199,3
2021-03-12 15:03:50.928,16199,16200,16199,1
2021-03-12 15:03:54.812,16199,16200,16200,1
2021-03-12 15:03:56.692,16199,16200,16200,2
2021-03-12 15:03:58.128,16199,16200,16200,1
2021-03-12 15:04:03.960,16200,16201,16200,2
2021-03-12 15:04:03.960,16200,16201,16199,15
2021-03-12 15:04:08.546,16200,16201,16201,1
2021-03-12 15:04:10.770,16200,16201,16201,1
2021-03-12 15:04:11.049,16200,16201,16201,1
2021-03-12 15:04:11.190,16200,16201,16200,3
2021-03-12 15:04:12.978,16199,16200,16200,1
2021-03-12 15:04:13.256,16199,16200,16200,2
2021-03-12 15:04:13.256,16199,16200,16200,1
2021-03-12 15:04:13.256,16199,16200,16200,3
2021-03-12 15:04:13.803,16200,16201,16201,2
2021-03-12 15:04:16.571,16199,16201,16201,1
2021-03-12 15:04:18.817,16200,16201,16201,1
2021-03-12 15:04:19.511,16199,16201,16201,2
2021-03-12 15:04:20.916,16200,16201,16201,1
2021-03-12 15:04:23.787,16200,16202,16202,1
2021-03-12 15:04:27.529,16200,16201,16201,1
2021-03-12 15:04:28.703,16200,16201,16201,1
2021-03-12 15:04:30.305,16200,16201,16201,1
2021-03-12 15:04:31.500,16200,16202,16202,4
2021-03-12 15:04:36.396,16200,16202,16201,5
2021-03-12 15:04:40.585,16200,16201,16201,2
2021-03-12 15:04:42.292,16201,16202,16201,1
2021-03-12 15:04:42.568,16200,16202,16200,3
2021-03-12 15:04:49.330,16199,16201,16199,1
2021-03-12 15:04:50.029,16199,16201,16201,5
2021-03-12 15:04:51.035,16199,16201,16201,1
2021-03-12 15:04:53.615,16199,16201,16201,3
2021-03-12 15:04:53.616,16199,16201,16201,1
2021-03-12 15:04:53.617,16199,16201,16201,9
2021-03-12 15:04:57.332,16199,16200,16199,1
2021-03-12 15:04:57.332,16199,16200,16199,1
2021-03-12 15:04:57.333,16199,16200,16199,1
2021-03-12 15:04:57.333,16199,16200,16199,1
2021-03-12 15:04:57.333,16199,16200,16199,1
2021-03-12 15:04:57.333,16199,16200,16199,1
2021-03-12 15:04:57.333,16199,16200,16199,1
2021-03-12 15:04:57.410,16198,16199,16198,7
2021-03-12 15:04:57.797,16197,16198,16197,2
2021-03-12 15:04:57.951,16197,16198,16197,1
2021-03-12 15:04:58.481,16196,16197,16197,2
2021-03-12 15:05:01.804,16196,16197,16196,1
2021-03-12 15:05:02.543,16196,16197,16196,2
2021-03-12 15:05:02.551,16196,16197,16196,2
2021-03-12 15:05:02.874,16195,16197,16197,1
2021-03-12 15:05:04.041,16195,16197,16196,2
2021-03-12 15:05:05.771,16195,16196,16196,1
2021-03-12 15:05:06.007,16195,16196,16195,1
2021-03-12 15:05:06.098,16195,16196,16196,2
2021-03-12 15:05:11.714,16195,16196,16195,1
2021-03-12 15:05:12.603,16195,16196,16196,6
2021-03-12 15:05:12.603,16195,16196,16196,1
2021-03-12 15:05:13.532,16196,16197,16196,1
2021-03-12 15:05:15.380,16196,16197,16196,1
2021-03-12 15:05:15.953,16196,16197,16196,1
2021-03-12 15:05:16.820,16196,16197,16197,1
2021-03-12 15:05:16.820,16196,16197,16197,2
2021-03-12 15:05:17.376,16197,16199,16197,1
2021-03-12 15:05:18.165,16197,16199,16197,7
2021-03-12 15:05:18.165,16197,16199,16196,3
2021-03-12 15:05:26.031,16196,16197,16196,1
2021-03-12 15:05:26.067,16196,16197,16196,1
2021-03-12 15:05:29.128,16195,16196,16195,2
2021-03-12 15:05:29.128,16195,16196,16195,4
2021-03-12 15:05:29.129,16195,16196,16195,3
2021-03-12 15:05:34.895,16195,16196,16196,7
2021-03-12 15:05:34.895,16195,16196,16197,1
2021-03-12 15:05:35.711,16195,16196,16195,1
2021-03-12 15:05:36.163,16194,16196,16194,2
2021-03-12 15:05:38.179,16195,16196,16195,1
2021-03-12 15:05:38.499,16195,16196,16196,1
2021-03-12 15:05:38.898,16195,16196,16195,2
2021-03-12 15:05:41.088,16194,16195,16194,1
2021-03-12 15:05:41.212,16193,16195,16193,1
2021-03-12 15:05:44.010,16193,16194,16193,1
2021-03-12 15:05:44.088,16193,16194,16194,1
2021-03-12 15:05:46.741,16193,16194,16193,5
2021-03-12 15:05:47.414,16192,16193,16192,1
2021-03-12 15:05:49.865,16192,16193,16193,1
2021-03-12 15:05:52.962,16192,16193,16192,1
2021-03-12 15:05:53.566,16192,16193,16192,5
2021-03-12 15:05:54.887,16191,16192,16192,1
2021-03-12 15:05:55.725,16191,16192,16191,3
2021-03-12 15:05:57.891,16191,16192,16192,1
2021-03-12 15:05:58.015,16191,16192,16191,8
2021-03-12 15:05:58.015,16191,16192,16190,11
2021-03-12 15:05:58.048,16190,16191,16190,1
2021-03-12 15:05:58.075,16190,16191,16190,1
2021-03-12 15:05:58.429,16190,16191,16190,5
2021-03-12 15:06:01.093,16189,16190,16190,1
2021-03-12 15:06:01.232,16189,16190,16190,1
2021-03-12 15:06:01.312,16189,16190,16190,1
2021-03-12 15:06:01.567,16189,16190,16189,1
2021-03-12 15:06:01.724,16189,16190,16189,1
2021-03-12 15:06:01.756,16189,16190,16190,1
2021-03-12 15:06:05.139,16189,16190,16189,1
2021-03-12 15:06:05.843,16189,16190,16190,3
2021-03-12 15:06:06.389,16189,16190,16190,1
2021-03-12 15:06:08.037,16189,16190,16190,1
2021-03-12 15:06:08.254,16189,16190,16190,2
2021-03-12 15:06:08.355,16189,16190,16190,5
2021-03-12 15:06:08.355,16189,16190,16190,1
2021-03-12 15:06:08.406,16190,16192,16190,1
2021-03-12 15:06:08.435,16190,16192,16190,1
2021-03-12 15:06:08.453,16190,16192,16190,2
2021-03-12 15:06:09.109,16190,16192,16190,2
2021-03-12 15:06:09.740,16189,16190,16190,1
2021-03-12 15:06:09.740,16189,16190,16191,1
2021-03-12 15:06:10.302,16189,16191,16189,1
2021-03-12 15:06:13.618,16190,16191,16190,1
2021-03-12 15:06:15.037,16190,16191,16190,1
2021-03-12 15:06:15.496,16190,16191,16190,2
2021-03-12 15:06:18.659,16190,16191,16190,2
2021-03-12 15:06:20.376,16189,16190,16190,2
2021-03-12 15:06:21.247,16189,16191,16189,1
2021-03-12 15:06:21.845,16189,16191,16189,2
2021-03-12 15:06:24.466,16189,16190,16189,1
2021-03-12 15:06:26.845,16189,16190,16190,1
2021-03-12 15:06:26.879,16189,16190,16190,1
2021-03-12 15:06:27.007,16190,16191,16190,1
2021-03-12 15:06:28.030,16190,16191,16190,1
2021-03-12 15:06:32.471,16189,16190,16189,2
2021-03-12 15:06:33.028,16189,16190,16189,1
2021-03-12 15:06:35.137,16189,16190,16189,1
2021-03-12 15:06:36.895,16189,16190,16189,1
2021-03-12 15:06:37.111,16189,16190,16190,1
2021-03-12 15:06:37.219,16189,16190,16189,3
2021-03-12 15:06:37.278,16189,16190,16189,9
2021-03-12 15:06:37.318,16189,16190,16188,9
2021-03-12 15:06:37.318,16189,16190,16188,1
2021-03-12 15:06:37.318,16189,16190,16188,1
2021-03-12 15:06:37.318,16189,16190,16188,1
2021-03-12 15:06:37.319,16189,16190,16188,1
2021-03-12 15:06:37.319,16189,16190,16188,1
2021-03-12 15:06:37.319,16189,16190,16188,1
2021-03-12 15:06:37.389,16189,16190,16188,3
2021-03-12 15:06:37.440,16187,16189,16187,2
2021-03-12 15:06:37.662,16187,16188,16188,1
2021-03-12 15:06:42.386,16188,16189,16188,1
2021-03-12 15:06:43.857,16188,16189,16188,1
2021-03-12 15:06:45.580,16187,16188,16188,1
2021-03-12 15:06:46.482,16187,16188,16188,2
2021-03-12 15:06:47.727,16188,16189,16188,3
2021-03-12 15:06:48.653,16187,16188,16188,1
2021-03-12 15:06:48.776,16187,16188,16189,1
2021-03-12 15:06:48.903,16188,16189,16189,1
2021-03-12 15:06:48.997,16188,16189,16188,2
2021-03-12 15:06:50.988,16188,16189,16188,1
2021-03-12 15:06:53.001,16187,16188,16188,1
2021-03-12 15:06:53.539,16187,16188,16187,4
2021-03-12 15:06:53.807,16187,16188,16188,2
2021-03-12 15:06:54.042,16187,16188,16187,1
2021-03-12 15:06:54.713,16187,16188,16187,2
2021-03-12 15:06:56.479,16187,16188,16188,3
2021-03-12 15:06:56.498,16187,16188,16188,1
2021-03-12 15:06:59.688,16188,16189,16188,1
2021-03-12 15:07:01.470,16188,16189,16188,1
2021-03-12 15:07:01.528,16188,16189,16189,1
2021-03-12 15:07:06.015,16189,16190,16188,4
2021-03-12 15:07:06.839,16189,16190,16189,1
2021-03-12 15:07:08.478,16189,16190,16189,2
2021-03-12 15:07:11.869,16189,16190,16189,1
2021-03-12 15:07:22.818,16188,16189,16189,1
2021-03-12 15:07:25.890,16188,16189,16188,1
2021-03-12 15:07:26.059,16188,16189,16188,1
2021-03-12 15:07:27.870,16188,16189,16189,1
2021-03-12 15:07:30.557,16188,16189,16188,1
2021-03-12 15:07:30.879,16188,16189,16188,3
2021-03-12 15:07:31.384,16188,16189,16188,2
2021-03-12 15:07:31.552,16188,16189,16188,1
2021-03-12 15:07:31.773,16187,16188,16188,2
2021-03-12 15:07:32.546,16187,16188,16188,1
2021-03-12 15:07:37.090,16188,16189,16188,1
2021-03-12 15:07:40.473,16188,16189,16188,1
2021-03-12 15:07:40.473,16188,16189,16188,1
2021-03-12 15:07:40.474,16188,16189,16188,1
2021-03-12 15:07:40.489,16188,16189,16188,1
2021-03-12 15:07:40.496,16188,16189,16188,2
2021-03-12 15:07:40.496,16188,16189,16188,2
2021-03-12 15:07:40.497,16188,16189,16188,3
2021-03-12 15:07:40.526,16188,16189,16187,1
2021-03-12 15:07:40.555,16187,16188,16187,2
2021-03-12 15:07:40.556,16187,16188,16187,10
2021-03-12 15:07:40.970,16186,16187,16186,2
2021-03-12 15:07:41.413,16186,16187,16186,2
2021-03-12 15:07:41.723,16186,16187,16187,2
2021-03-12 15:07:43.414,16186,16187,16187,1
2021-03-12 15:07:46.821,16186,16187,16187,1
2021-03-12 15:07:49.948,16186,16187,16187,1
2021-03-12 15:07:50.089,16186,16187,16187,1
2021-03-12 15:07:50.793,16186,16187,16187,1
2021-03-12 15:07:50.899,16186,16187,16187,2
2021-03-12 15:07:51.181,16186,16187,16187,2
2021-03-12 15:07:52.929,16187,16188,16187,1
2021-03-12 15:07:53.339,16187,16188,16187,2
2021-03-12 15:07:54.612,16186,16187,16187,1
2021-03-12 15:07:54.964,16187,16188,16187,1
2021-03-12 15:07:55.433,16186,16188,16186,2
2021-03-12 15:07:56.185,16186,16187,16187,1
2021-03-12 15:07:56.271,16186,16187,16188,1
2021-03-12 15:07:59.210,16187,16188,16187,1
2021-03-12 15:07:59.857,16186,16187,16187,1
2021-03-12 15:08:00.958,16187,16188,16187,1
2021-03-12 15:08:00.959,16187,16188,16187,1
2021-03-12 15:08:03.093,16187,16188,16187,1
2021-03-12 15:08:04.466,16187,16188,16188,2
2021-03-12 15:08:04.466,16187,16188,16188,2
2021-03-12 15:08:04.466,16187,16188,16188,1
2021-03-12 15:08:05.446,16188,16189,16188,2
2021-03-12 15:08:07.065,16188,16189,16188,1
2021-03-12 15:08:07.424,16188,16189,16188,1
2021-03-12 15:08:07.557,16188,16189,16188,1
2021-03-12 15:08:08.663,16187,16188,16187,1
2021-03-12 15:08:10.531,16187,16188,16188,1
2021-03-12 15:08:10.915,16187,16189,16189,1
2021-03-12 15:08:11.837,16188,16189,16188,1
2021-03-12 15:08:13.459,16187,16189,16187,1
2021-03-12 15:08:14.271,16187,16188,16188,1
2021-03-12 15:08:14.395,16187,16188,16188,1
2021-03-12 15:08:15.381,16188,16189,16188,1
2021-03-12 15:08:15.687,16188,16189,16188,1
2021-03-12 15:08:17.025,16188,16189,16188,1
2021-03-12 15:08:18.282,16188,16189,16189,1
2021-03-12 15:08:18.429,16188,16189,16188,1
2021-03-12 15:08:20.714,16189,16190,16189,1
2021-03-12 15:08:21.104,16188,16190,16188,3
2021-03-12 15:08:21.278,16188,16189,16189,1
2021-03-12 15:08:21.986,16189,16190,16189,1
2021-03-12 15:08:22.653,16189,16190,16190,10
2021-03-12 15:08:22.653,16189,16190,16190,1
2021-03-12 15:08:22.653,16189,16190,16190,1
2021-03-12 15:08:22.653,16189,16190,16190,2
2021-03-12 15:08:24.181,16190,16191,16191,1
2021-03-12 15:08:25.193,16190,16191,16191,1
2021-03-12 15:08:25.193,16190,16191,16191,1
2021-03-12 15:08:25.375,16190,16192,16190,1
2021-03-12 15:08:25.982,16190,16192,16190,1
2021-03-12 15:08:27.903,16190,16192,16192,1
2021-03-12 15:08:30.430,16191,16192,16192,2
2021-03-12 15:08:38.452,16191,16192,16192,1
2021-03-12 15:08:38.573,16191,16192,16191,1
2021-03-12 15:08:39.034,16191,16192,16191,1
2021-03-12 15:08:39.514,16191,16192,16191,3
2021-03-12 15:08:39.562,16190,16192,16192,1
2021-03-12 15:08:40.747,16190,16191,16190,6
2021-03-12 15:08:42.423,16188,16189,16189,1
2021-03-12 15:08:43.645,16188,16189,16189,1
2021-03-12 15:08:43.874,16189,16190,16189,2
2021-03-12 15:08:43.874,16189,16190,16188,8
2021-03-12 15:08:45.544,16188,16190,16188,1
2021-03-12 15:08:47.430,16189,16190,16190,1
2021-03-12 15:08:48.215,16189,16190,16189,1
2021-03-12 15:08:48.296,16188,16190,16190,1
2021-03-12 15:08:52.653,16189,16190,16190,1
2021-03-12 15:08:56.479,16190,16191,16190,1
2021-03-12 15:08:56.974,16189,16191,16191,1
2021-03-12 15:08:58.861,16190,16191,16191,1
2021-03-12 15:08:59.890,16190,16191,16190,1
2021-03-12 15:09:01.985,16190,16191,16190,1
2021-03-12 15:09:03.956,16190,16191,16190,1
2021-03-12 15:09:04.751,16190,16191,16190,1
2021-03-12 15:09:08.225,16189,16190,16190,1
2021-03-12 15:09:08.225,16189,16190,16190,1
2021-03-12 15:09:08.226,16189,16190,16190,2
2021-03-12 15:09:09.773,16190,16191,16190,1
2021-03-12 15:09:14.403,16189,16190,16190,1
2021-03-12 15:09:16.693,16190,16191,16190,1
2021-03-12 15:09:20.294,16189,16190,16189,1
2021-03-12 15:09:24.274,16189,16190,16189,1
2021-03-12 15:09:24.274,16189,16190,16189,3
2021-03-12 15:09:24.274,16189,16190,16189,1
2021-03-12 15:09:26.528,16188,16189,16189,1
2021-03-12 15:09:30.973,16188,16189,16188,1
2021-03-12 15:09:31.322,16188,16189,16189,1
2021-03-12 15:09:37.007,16188,16189,16189,1
2021-03-12 15:09:38.964,16188,16189,16188,1
2021-03-12 15:09:39.910,16188,16189,16189,2
2021-03-12 15:09:40.654,16189,16190,16189,1
2021-03-12 15:09:42.163,16188,16190,16188,1
2021-03-12 15:09:43.730,16188,16190,16189,2
2021-03-12 15:09:43.772,16188,16190,16189,1
2021-03-12 15:09:53.658,16189,16190,16190,1
2021-03-12 15:09:55.419,16189,16190,16189,1
2021-03-12 15:09:55.419,16189,16190,16189,1
2021-03-12 15:10:04.141,16188,16189,16188,2
2021-03-12 15:10:04.204,16188,16189,16188,1
2021-03-12 15:10:05.979,16188,16189,16189,1
2021-03-12 15:10:08.696,16188,16189,16188,1
2021-03-12 15:10:13.124,16188,16189,16188,1
2021-03-12 15:10:15.223,16188,16189,16188,1
2021-03-12 15:10:15.243,16188,16189,16188,1
2021-03-12 15:10:15.243,16188,16189,16188,1
2021-03-12 15:10:15.244,16188,16189,16188,1
2021-03-12 15:10:15.244,16188,16189,16188,12
2021-03-12 15:10:15.244,16188,16189,16188,1
2021-03-12 15:10:15.244,16188,16189,16188,1
2021-03-12 15:10:15.244,16188,16189,16188,1
2021-03-12 15:10:15.244,16188,16189,16188,1
2021-03-12 15:10:15.244,16188,16189,16188,2
2021-03-12 15:10:15.244,16188,16189,16188,1
2021-03-12 15:10:15.244,16188,16189,16188,2
2021-03-12 15:10:15.244,16188,16189,16188,1
2021-03-12 15:10:16.894,16187,16188,16188,2
2021-03-12 15:10:16.983,16187,16188,16188,1
2021-03-12 15:10:18.841,16187,16188,16187,1
2021-03-12 15:10:19.063,16187,16188,16187,1
2021-03-12 15:10:19.294,16187,16188,16188,1
2021-03-12 15:10:21.415,16187,16188,16187,9
2021-03-12 15:10:21.416,16187,16188,16187,1
2021-03-12 15:10:22.714,16187,16188,16187,1
2021-03-12 15:10:23.580,16186,16188,16187,1
2021-03-12 15:10:24.180,16186,16188,16186,1
2021-03-12 15:10:24.596,16186,16188,16186,1
2021-03-12 15:10:24.708,16186,16187,16186,1
2021-03-12 15:10:24.757,16186,16187,16187,1
2021-03-12 15:10:24.779,16186,16188,16186,1
2021-03-12 15:10:25.089,16186,16188,16186,1
2021-03-12 15:10:30.492,16186,16187,16186,1
2021-03-12 15:10:31.547,16186,16187,16187,1
2021-03-12 15:10:32.079,16186,16187,16186,1
2021-03-12 15:10:36.337,16186,16188,16186,2
2021-03-12 15:10:37.071,16186,16187,16187,1
2021-03-12 15:10:37.124,16186,16187,16187,1
2021-03-12 15:10:37.208,16186,16188,16186,1
2021-03-12 15:10:38.306,16186,16188,16188,1
2021-03-12 15:10:38.862,16186,16188,16186,1
2021-03-12 15:10:43.790,16186,16187,16186,1
2021-03-12 15:10:43.829,16186,16187,16186,1
2021-03-12 15:10:45.962,16186,16188,16186,9
2021-03-12 15:10:46.097,16186,16187,16186,1
2021-03-12 15:10:48.992,16186,16188,16186,1
2021-03-12 15:10:52.182,16186,16188,16186,4
2021-03-12 15:10:55.468,16187,16188,16187,2
2021-03-12 15:10:56.480,16187,16188,16188,11
2021-03-12 15:10:57.103,16187,16189,16187,3
2021-03-12 15:10:57.103,16187,16189,16186,1
2021-03-12 15:11:00.538,16187,16188,16187,4
2021-03-12 15:11:03.003,16187,16188,16187,4
2021-03-12 15:11:04.446,16187,16188,16187,1
2021-03-12 15:11:04.446,16187,16188,16186,3
2021-03-12 15:11:08.258,16187,16188,16187,1
2021-03-12 15:11:08.258,16187,16188,16186,3
2021-03-12 15:11:13.170,16187,16188,16187,1
2021-03-12 15:11:13.170,16187,16188,16187,1
2021-03-12 15:11:14.637,16187,16188,16188,2
2021-03-12 15:11:14.642,16187,16188,16189,1
2021-03-12 15:11:27.987,16188,16190,16190,1
2021-03-12 15:11:28.122,16188,16190,16189,2
2021-03-12 15:11:29.893,16189,16190,16189,1
2021-03-12 15:11:32.220,16189,16190,16190,3
2021-03-12 15:11:33.692,16189,16190,16189,1
2021-03-12 15:11:34.373,16189,16190,16190,1
2021-03-12 15:11:34.669,16190,16191,16191,1
2021-03-12 15:11:34.669,16190,16191,16191,1
2021-03-12 15:11:34.669,16190,16191,16191,1
2021-03-12 15:11:34.669,16190,16191,16191,1
2021-03-12 15:11:34.669,16190,16191,16191,8
2021-03-12 15:11:35.386,16191,16193,16193,1
2021-03-12 15:11:35.656,16191,16193,16193,1
2021-03-12 15:11:35.757,16191,16193,16193,1
2021-03-12 15:11:35.856,16191,16193,16193,1
2021-03-12 15:11:36.648,16190,16192,16192,1
2021-03-12 15:11:39.997,16191,16192,16192,1
2021-03-12 15:11:44.401,16191,16192,16192,1
2021-03-12 15:11:46.498,16191,16192,16191,2
2021-03-12 15:11:46.842,16190,16192,16190,2
2021-03-12 15:11:47.083,16190,16192,16192,1
2021-03-12 15:11:56.295,16190,16191,16191,1
2021-03-12 15:11:56.819,16190,16191,16190,2
2021-03-12 15:12:06.816,16189,16190,16190,1
2021-03-12 15:12:06.816,16189,16190,16190,2
2021-03-12 15:12:06.816,16189,16190,16190,1
2021-03-12 15:12:06.816,16189,16190,16190,1
2021-03-12 15:12:06.816,16189,16190,16190,1
2021-03-12 15:12:06.816,16189,16190,16190,1
2021-03-12 15:12:07.028,16190,16191,16190,1
2021-03-12 15:12:08.173,16190,16191,16190,2
2021-03-12 15:12:08.316,16189,16191,16189,1
2021-03-12 15:12:08.422,16189,16191,16189,1
2021-03-12 15:12:08.497,16189,16191,16189,2
2021-03-12 15:12:08.504,16189,16191,16189,1
2021-03-12 15:12:12.653,16190,16191,16191,1
2021-03-12 15:12:12.835,16190,16192,16190,1
2021-03-12 15:12:13.430,16190,16192,16190,1
2021-03-12 15:12:16.309,16190,16192,16190,1
2021-03-12 15:12:19.289,16191,16192,16191,1
2021-03-12 15:12:24.221,16190,16192,16190,1
2021-03-12 15:12:35.122,16190,16191,16191,1
2021-03-12 15:12:39.736,16190,16191,16191,1
2021-03-12 15:12:39.983,16190,16191,16190,3
2021-03-12 15:12:39.983,16190,16191,16190,4
2021-03-12 15:12:39.983,16190,16191,16190,3
2021-03-12 15:12:39.984,16190,16191,16190,1
2021-03-12 15:12:39.984,16190,16191,16190,1
2021-03-12 15:12:39.984,16190,16191,16190,1
2021-03-12 15:12:39.984,16190,16191,16190,2
2021-03-12 15:12:41.527,16189,16190,16189,1
2021-03-12 15:12:42.489,16189,16190,16189,1
2021-03-12 15:12:47.793,16188,16189,16189,1
2021-03-12 15:12:48.038,16188,16189,16189,5
2021-03-12 15:12:48.038,16188,16189,16190,5
2021-03-12 15:12:49.261,16189,16191,16189,1
2021-03-12 15:12:52.127,16188,16189,16188,1
2021-03-12 15:12:52.211,16188,16189,16188,2
2021-03-12 15:12:57.353,16187,16188,16188,2
2021-03-12 15:12:59.328,16187,16188,16187,2
2021-03-12 15:13:00.592,16187,16188,16188,1
2021-03-12 15:13:01.755,16187,16188,16187,2
2021-03-12 15:13:02.821,16187,16188,16187,1
2021-03-12 15:13:03.337,16187,16188,16187,2
2021-03-12 15:13:04.022,16187,16188,16187,1
2021-03-12 15:13:05.527,16186,16187,16186,5
2021-03-12 15:13:08.028,16186,16187,16186,14
2021-03-12 15:13:08.028,16186,16187,16186,1
2021-03-12 15:13:08.028,16186,16187,16186,1
2021-03-12 15:13:08.029,16186,16187,16186,1
2021-03-12 15:13:08.029,16186,16187,16186,2
2021-03-12 15:13:12.971,16185,16186,16186,2
2021-03-12 15:13:12.971,16185,16186,16187,2
2021-03-12 15:13:14.765,16185,16186,16186,2
2021-03-12 15:13:14.943,16185,16186,16186,2
2021-03-12 15:13:15.223,16186,16187,16186,1
2021-03-12 15:13:15.230,16186,16187,16186,2
2021-03-12 15:13:16.839,16185,16186,16185,32
2021-03-12 15:13:16.840,16185,16186,16184,1
2021-03-12 15:13:16.841,16185,16186,16184,1
2021-03-12 15:13:16.913,16184,16185,16184,1
2021-03-12 15:13:17.063,16184,16185,16184,1
2021-03-12 15:13:17.103,16184,16185,16184,1
2021-03-12 15:13:17.103,16184,16185,16184,2
2021-03-12 15:13:17.104,16184,16185,16184,1
2021-03-12 15:13:17.516,16183,16184,16183,1
2021-03-12 15:13:17.609,16183,16184,16183,1
2021-03-12 15:13:17.978,16183,16184,16183,1
2021-03-12 15:13:18.031,16183,16184,16183,1
2021-03-12 15:13:18.071,16183,16184,16183,1
2021-03-12 15:13:18.111,16183,16184,16183,1
2021-03-12 15:13:18.747,16183,16184,16183,1
2021-03-12 15:13:19.652,16183,16184,16183,3
2021-03-12 15:13:20.653,16183,16184,16183,1
2021-03-12 15:13:21.251,16183,16184,16184,1
2021-03-12 15:13:22.442,16183,16184,16183,1
2021-03-12 15:13:22.444,16183,16184,16183,8
2021-03-12 15:13:23.343,16183,16184,16183,1
2021-03-12 15:13:23.598,16184,16185,16185,3
2021-03-12 15:13:23.669,16184,16185,16184,1
2021-03-12 15:13:23.715,16184,16185,16183,1
2021-03-12 15:13:24.240,16183,16184,16184,1
2021-03-12 15:13:25.798,16183,16184,16184,1
2021-03-12 15:13:26.702,16183,16185,16183,1
2021-03-12 15:13:27.121,16183,16185,16185,1
2021-03-12 15:13:29.015,16183,16184,16183,1
2021-03-12 15:13:30.288,16183,16184,16183,2
2021-03-12 15:13:31.410,16183,16184,16183,2
2021-03-12 15:13:32.158,16183,16184,16183,3
2021-03-12 15:13:33.872,16182,16183,16182,4
2021-03-12 15:13:33.965,16182,16183,16182,1
2021-03-12 15:13:34.037,16182,16183,16182,2
2021-03-12 15:13:34.089,16182,16183,16182,2
2021-03-12 15:13:34.153,16182,16183,16182,1
2021-03-12 15:13:34.167,16182,16183,16182,1
2021-03-12 15:13:34.172,16182,16183,16182,1
2021-03-12 15:13:34.696,16182,16183,16182,1
2021-03-12 15:13:34.779,16182,16183,16182,1
2021-03-12 15:13:34.896,16182,16183,16182,1
2021-03-12 15:13:35.525,16181,16182,16181,2
2021-03-12 15:13:35.550,16181,16182,16181,2
2021-03-12 15:13:35.672,16181,16182,16181,1
2021-03-12 15:13:35.719,16181,16182,16181,1
2021-03-12 15:13:38.071,16181,16182,16181,5
2021-03-12 15:13:39.159,16181,16182,16181,1
2021-03-12 15:13:39.912,16181,16182,16181,1
2021-03-12 15:13:40.105,16181,16182,16181,1
2021-03-12 15:13:40.300,16181,16182,16181,9
2021-03-12 15:13:40.301,16181,16182,16181,3
2021-03-12 15:13:42.509,16180,16181,16180,1
2021-03-12 15:13:42.550,16180,16181,16180,1
2021-03-12 15:13:42.676,16180,16181,16180,1
2021-03-12 15:13:42.717,16180,16181,16180,1
2021-03-12 15:13:42.757,16180,16181,16180,1
2021-03-12 15:13:42.799,16180,16181,16180,1
2021-03-12 15:13:46.553,16180,16181,16180,5
2021-03-12 15:13:48.798,16180,16181,16180,1
2021-03-12 15:13:48.988,16180,16181,16180,1
2021-03-12 15:13:50.196,16180,16181,16180,1
2021-03-12 15:13:50.236,16180,16181,16181,2
2021-03-12 15:13:50.935,16180,16181,16180,1
2021-03-12 15:13:51.494,16180,16181,16180,2
2021-03-12 15:13:52.105,16180,16181,16180,1
2021-03-12 15:13:52.511,16180,16181,16180,2
2021-03-12 15:13:56.065,16180,16181,16180,1
2021-03-12 15:13:56.338,16180,16181,16180,5
2021-03-12 15:13:56.338,16180,16181,16180,7
2021-03-12 15:13:56.730,16180,16181,16180,1
2021-03-12 15:13:56.730,16180,16181,16179,3
2021-03-12 15:13:56.806,16179,16181,16179,1
2021-03-12 15:13:56.849,16179,16181,16179,1
2021-03-12 15:13:56.925,16179,16181,16179,1
2021-03-12 15:13:57.041,16179,16181,16179,1
2021-03-12 15:13:59.415,16180,16181,16180,1
2021-03-12 15:14:00.255,16179,16181,16181,1
2021-03-12 15:14:00.469,16180,16181,16180,1
2021-03-12 15:14:00.567,16180,16181,16180,2
2021-03-12 15:14:00.567,16180,16181,16179,1
2021-03-12 15:14:01.153,16180,16181,16180,1
2021-03-12 15:14:02.859,16179,16180,16179,1
2021-03-12 15:14:04.036,16179,16180,16180,1
2021-03-12 15:14:04.696,16179,16180,16179,2
2021-03-12 15:14:05.796,16179,16180,16179,1
2021-03-12 15:14:06.326,16179,16180,16180,1
2021-03-12 15:14:06.904,16179,16180,16180,1
2021-03-12 15:14:07.836,16179,16180,16179,1
2021-03-12 15:14:10.211,16179,16180,16179,1
2021-03-12 15:14:10.996,16179,16180,16179,1
2021-03-12 15:14:12.448,16179,16180,16179,1
2021-03-12 15:14:14.233,16179,16180,16179,4
2021-03-12 15:14:14.659,16179,16180,16180,2
2021-03-12 15:14:15.640,16179,16180,16180,1
2021-03-12 15:14:15.946,16179,16180,16179,1
2021-03-12 15:14:16.705,16179,16180,16180,1
2021-03-12 15:14:18.756,16179,16180,16180,2
2021-03-12 15:14:19.028,16180,16181,16181,14
2021-03-12 15:14:19.652,16181,16182,16181,1
2021-03-12 15:14:22.680,16181,16182,16182,5
2021-03-12 15:14:23.447,16181,16182,16182,1
2021-03-12 15:14:24.129,16181,16182,16181,2
2021-03-12 15:14:24.975,16180,16182,16182,1
2021-03-12 15:14:25.012,16180,16182,16182,4
2021-03-12 15:14:25.710,16181,16182,16182,1
2021-03-12 15:14:29.616,16181,16182,16181,1
2021-03-12 15:14:29.788,16180,16182,16182,2
2021-03-12 15:14:30.462,16181,16182,16182,1
2021-03-12 15:14:34.995,16181,16182,16181,1
2021-03-12 15:14:37.171,16180,16181,16180,10
2021-03-12 15:14:38.456,16180,16181,16181,1
2021-03-12 15:14:38.647,16180,16181,16180,1
2021-03-12 15:14:38.647,16180,16181,16180,1
2021-03-12 15:14:39.152,16179,16180,16180,1
2021-03-12 15:14:39.653,16179,16180,16179,11
2021-03-12 15:14:40.778,16179,16180,16179,1
2021-03-12 15:14:41.403,16178,16179,16178,2
2021-03-12 15:14:42.170,16178,16179,16178,1
2021-03-12 15:14:42.226,16178,16179,16178,1
2021-03-12 15:14:42.267,16178,16179,16178,6
2021-03-12 15:14:42.268,16178,16179,16178,1
2021-03-12 15:14:42.268,16178,16179,16178,2
2021-03-12 15:14:43.293,16177,16178,16177,5
2021-03-12 15:14:43.718,16177,16178,16177,1
2021-03-12 15:14:44.225,16176,16178,16178,1
2021-03-12 15:14:44.588,16177,16178,16177,1
2021-03-12 15:14:44.646,16177,16178,16177,1
2021-03-12 15:14:48.397,16176,16178,16176,3
2021-03-12 15:14:48.474,16176,16178,16176,2
2021-03-12 15:14:48.549,16176,16177,16176,1
2021-03-12 15:14:48.565,16176,16177,16176,2
2021-03-12 15:14:48.574,16176,16177,16176,1
2021-03-12 15:14:48.574,16176,16177,16176,1
2021-03-12 15:14:48.574,16176,16177,16176,1
2021-03-12 15:14:48.621,16176,16177,16177,1
2021-03-12 15:14:48.634,16176,16177,16176,1
2021-03-12 15:14:48.659,16176,16177,16176,2
2021-03-12 15:14:50.961,16176,16177,16176,1
2021-03-12 15:14:50.961,16176,16177,16176,1
2021-03-12 15:14:51.580,16176,16177,16177,3
2021-03-12 15:14:52.211,16176,16177,16176,1
2021-03-12 15:14:52.211,16176,16177,16176,1
2021-03-12 15:14:52.745,16176,16177,16177,1
2021-03-12 15:14:52.745,16176,16177,16176,1
2021-03-12 15:14:52.775,16176,16177,16176,1
2021-03-12 15:14:52.909,16176,16177,16176,3
2021-03-12 15:14:52.909,16176,16177,16176,1
2021-03-12 15:14:54.301,16176,16177,16177,1
2021-03-12 15:14:56.839,16176,16177,16177,1
2021-03-12 15:14:57.287,16177,16178,16177,1
2021-03-12 15:14:59.031,16177,16178,16177,3
2021-03-12 15:14:59.057,16177,16178,16176,1
2021-03-12 15:14:59.442,16177,16178,16177,1
2021-03-12 15:15:00.408,16176,16177,16176,3
2021-03-12 15:15:00.756,16176,16177,16176,2
2021-03-12 15:15:00.760,16176,16177,16176,1
2021-03-12 15:15:00.760,16176,16177,16175,2
2021-03-12 15:15:00.805,16175,16177,16175,3
2021-03-12 15:15:01.118,16175,16176,16175,5
2021-03-12 15:15:01.119,16175,16176,16175,5
2021-03-12 15:15:01.156,16175,16176,16176,1
2021-03-12 15:15:01.557,16175,16176,16175,1
2021-03-12 15:15:01.567,16175,16176,16175,1
2021-03-12 15:15:01.920,16174,16175,16174,3
2021-03-12 15:15:02.152,16174,16175,16174,2
2021-03-12 15:15:02.616,16174,16175,16175,1
2021-03-12 15:15:02.820,16174,16175,16174,2
2021-03-12 15:15:02.856,16174,16175,16175,1
2021-03-12 15:15:02.870,16174,16175,16174,2
2021-03-12 15:15:02.919,16173,16175,16173,2
2021-03-12 15:15:04.060,16173,16175,16173,4
2021-03-12 15:15:08.033,16174,16175,16174,1
2021-03-12 15:15:08.099,16174,16175,16174,4
2021-03-12 15:15:08.422,16174,16175,16174,4
2021-03-12 15:15:08.481,16174,16175,16173,1
2021-03-12 15:15:10.149,16173,16174,16173,3
2021-03-12 15:15:10.155,16173,16174,16174,1
2021-03-12 15:15:10.155,16173,16174,16174,1
2021-03-12 15:15:10.367,16173,16174,16173,3
2021-03-12 15:15:10.452,16173,16174,16173,1
2021-03-12 15:15:10.695,16173,16174,16173,2
2021-03-12 15:15:11.409,16173,16174,16173,1
2021-03-12 15:15:11.932,16173,16174,16174,1
2021-03-12 15:15:12.254,16174,16175,16175,4
2021-03-12 15:15:12.254,16174,16175,16176,1
2021-03-12 15:15:12.896,16174,16176,16174,1
2021-03-12 15:15:14.073,16175,16176,16176,2
2021-03-12 15:15:14.073,16175,16176,16176,1
2021-03-12 15:15:14.456,16175,16176,16176,7
2021-03-12 15:15:16.219,16175,16177,16177,1
2021-03-12 15:15:16.299,16175,16177,16177,1
2021-03-12 15:15:16.540,16175,16177,16175,2
2021-03-12 15:15:16.540,16175,16177,16174,1
2021-03-12 15:15:18.804,16176,16177,16176,1
2021-03-12 15:15:18.804,16176,16177,16175,1
2021-03-12 15:15:18.906,16176,16177,16177,1
2021-03-12 15:15:20.034,16176,16177,16176,1
2021-03-12 15:15:28.273,16175,16176,16175,2
2021-03-12 15:15:28.607,16175,16176,16176,1
2021-03-12 15:15:30.557,16175,16176,16175,1
2021-03-12 15:15:30.654,16175,16176,16176,1
2021-03-12 15:15:30.655,16175,16176,16176,1
2021-03-12 15:15:30.655,16175,16176,16177,1
2021-03-12 15:15:30.655,16175,16176,16177,1
2021-03-12 15:15:30.655,16175,16176,16177,1
2021-03-12 15:15:30.655,16175,16176,16177,1
2021-03-12 15:15:30.655,16175,16176,16177,1
2021-03-12 15:15:30.655,16175,16176,16177,1
2021-03-12 15:15:30.656,16175,16176,16178,1
2021-03-12 15:15:30.656,16175,16176,16177,1
2021-03-12 15:15:30.656,16175,16176,16177,1
2021-03-12 15:15:31.991,16176,16178,16176,1
2021-03-12 15:15:32.494,16176,16178,16177,1
2021-03-12 15:15:34.836,16176,16177,16176,1
2021-03-12 15:15:40.763,16176,16177,16176,1
2021-03-12 15:15:40.763,16176,16177,16176,1
2021-03-12 15:15:43.801,16176,16177,16177,1
2021-03-12 15:15:46.838,16176,16177,16177,1
2021-03-12 15:15:46.934,16176,16177,16177,4
2021-03-12 15:15:46.934,16176,16177,16177,1
2021-03-12 15:15:52.619,16177,16178,16177,2
2021-03-12 15:15:52.968,16177,16178,16178,1
2021-03-12 15:15:53.574,16177,16178,16178,1
2021-03-12 15:15:54.559,16177,16178,16178,3
2021-03-12 15:15:58.088,16178,16179,16179,1
2021-03-12 15:15:58.089,16178,16179,16179,1
2021-03-12 15:15:58.089,16178,16179,16179,1
2021-03-12 15:15:58.265,16179,16180,16179,4
2021-03-12 15:16:00.362,16178,16180,16179,1
2021-03-12 15:16:00.407,16178,16180,16180,2
2021-03-12 15:16:00.407,16178,16180,16180,2
2021-03-12 15:16:00.409,16178,16180,16180,1
2021-03-12 15:16:00.410,16178,16180,16180,1
2021-03-12 15:16:00.580,16179,16180,16179,2
2021-03-12 15:16:02.668,16178,16179,16179,1
2021-03-12 15:16:02.780,16178,16179,16179,1
2021-03-12 15:16:02.781,16178,16179,16179,1
2021-03-12 15:16:03.643,16178,16179,16179,1
2021-03-12 15:16:04.711,16178,16179,16178,3
2021-03-12 15:16:06.026,16177,16178,16178,1
2021-03-12 15:16:06.154,16177,16178,16178,1
2021-03-12 15:16:09.461,16177,16178,16178,1
2021-03-12 15:16:09.529,16177,16178,16178,1
2021-03-12 15:16:09.530,16177,16178,16178,1
2021-03-12 15:16:12.293,16177,16178,16178,1
2021-03-12 15:16:12.612,16177,16179,16177,3
2021-03-12 15:16:12.653,16177,16179,16177,3
2021-03-12 15:16:14.545,16177,16178,16178,1
2021-03-12 15:16:15.926,16177,16178,16178,1
2021-03-12 15:16:16.973,16177,16179,16177,1
2021-03-12 15:16:18.173,16178,16179,16178,1
2021-03-12 15:16:18.279,16178,16179,16179,1
2021-03-12 15:16:18.279,16178,16179,16179,1
2021-03-12 15:16:18.280,16178,16179,16179,1
2021-03-12 15:16:18.280,16178,16179,16180,1
2021-03-12 15:16:21.143,16178,16180,16178,1
2021-03-12 15:16:22.458,16178,16179,16179,1
2021-03-12 15:16:26.991,16178,16179,16179,1
2021-03-12 15:16:28.177,16178,16179,16179,3
2021-03-12 15:16:28.279,16179,16180,16180,1
2021-03-12 15:16:28.280,16179,16180,16180,1
2021-03-12 15:16:29.339,16179,16180,16180,1
2021-03-12 15:16:29.339,16179,16180,16180,4
2021-03-12 15:16:30.528,16179,16180,16180,1
2021-03-12 15:16:30.824,16179,16180,16180,1
2021-03-12 15:16:31.783,16179,16180,16179,1
2021-03-12 15:16:32.015,16179,16180,16180,1
2021-03-12 15:16:33.300,16179,16180,16179,1
2021-03-12 15:16:33.374,16179,16180,16179,1
2021-03-12 15:16:33.658,16178,16180,16178,2
2021-03-12 15:16:33.896,16178,16179,16179,1
2021-03-12 15:16:33.963,16178,16179,16178,4
2021-03-12 15:16:34.403,16178,16179,16179,1
2021-03-12 15:16:34.800,16179,16180,16179,1
2021-03-12 15:16:37.024,16178,16179,16179,9
2021-03-12 15:16:38.153,16179,16180,16180,1
2021-03-12 15:16:38.280,16179,16180,16180,1
2021-03-12 15:16:38.281,16179,16180,16181,1
2021-03-12 15:16:38.281,16179,16180,16181,1
2021-03-12 15:16:38.656,16179,16181,16179,2
2021-03-12 15:16:40.405,16180,16181,16180,1
2021-03-12 15:16:45.513,16179,16180,16179,1
2021-03-12 15:16:45.715,16178,16179,16179,1
2021-03-12 15:16:48.285,16179,16180,16180,3
2021-03-12 15:16:48.707,16179,16180,16180,2
2021-03-12 15:16:50.640,16179,16180,16179,1
2021-03-12 15:16:50.641,16179,16180,16179,2
2021-03-12 15:16:50.912,16178,16179,16178,1
2021-03-12 15:16:50.930,16178,16179,16178,1
2021-03-12 15:16:51.049,16178,16179,16179,1
2021-03-12 15:16:51.145,16178,16179,16180,1
2021-03-12 15:16:52.337,16178,16180,16178,1
2021-03-12 15:16:57.028,16179,16180,16179,1
2021-03-12 15:16:58.253,16178,16180,16180,1
2021-03-12 15:16:59.654,16178,16179,16179,1
2021-03-12 15:17:00.169,16179,16180,16179,1
2021-03-12 15:17:01.709,16179,16180,16179,1
2021-03-12 15:17:03.690,16178,16179,16178,1
2021-03-12 15:17:04.103,16178,16179,16178,1
2021-03-12 15:17:05.005,16178,16179,16179,1
2021-03-12 15:17:05.293,16178,16180,16178,1
2021-03-12 15:17:06.817,16178,16180,16178,5
2021-03-12 15:17:11.042,16179,16180,16179,1
2021-03-12 15:17:11.205,16178,16180,16178,1
2021-03-12 15:17:13.284,16179,16180,16179,1
2021-03-12 15:17:13.284,16179,16180,16178,2
2021-03-12 15:17:13.682,16178,16179,16179,1
2021-03-12 15:17:14.513,16178,16180,16178,3
2021-03-12 15:17:16.702,16179,16180,16179,2
2021-03-12 15:17:16.702,16179,16180,16178,1
2021-03-12 15:17:20.810,16178,16179,16179,1
2021-03-12 15:17:22.614,16179,16180,16180,1
2021-03-12 15:17:22.614,16179,16180,16180,1
2021-03-12 15:17:22.614,16179,16180,16180,3
2021-03-12 15:17:22.661,16180,16182,16180,2
2021-03-12 15:17:22.885,16180,16181,16180,1
2021-03-12 15:17:23.020,16179,16181,16179,1
2021-03-12 15:17:30.465,16180,16181,16181,1
2021-03-12 15:17:31.911,16180,16181,16180,1
2021-03-12 15:17:35.276,16180,16181,16180,1
2021-03-12 15:17:35.508,16180,16181,16180,1
2021-03-12 15:17:35.737,16180,16181,16180,1
2021-03-12 15:17:36.516,16179,16181,16181,1
2021-03-12 15:17:38.403,16179,16180,16180,1
2021-03-12 15:17:41.906,16179,16180,16180,1
2021-03-12 15:17:44.989,16179,16180,16180,1
2021-03-12 15:17:49.097,16180,16181,16180,1
2021-03-12 15:17:49.396,16180,16181,16180,1
2021-03-12 15:17:51.505,16180,16181,16181,1
2021-03-12 15:17:51.559,16180,16181,16180,1
2021-03-12 15:17:56.418,16180,16181,16181,1
2021-03-12 15:17:56.624,16180,16181,16181,1
2021-03-12 15:17:57.161,16180,16181,16180,1
2021-03-12 15:17:57.551,16180,16181,16180,4
2021-03-12 15:17:59.128,16180,16181,16180,1
2021-03-12 15:18:00.492,16179,16180,16180,1
2021-03-12 15:18:00.618,16179,16180,16180,1
2021-03-12 15:18:02.552,16179,16180,16179,1
2021-03-12 15:18:04.267,16179,16180,16179,1
2021-03-12 15:18:04.267,16179,16180,16179,1
2021-03-12 15:18:04.401,16178,16179,16178,2
2021-03-12 15:18:04.402,16178,16179,16178,1
2021-03-12 15:18:04.402,16178,16179,16178,1
2021-03-12 15:18:04.402,16178,16179,16178,2
2021-03-12 15:18:04.402,16178,16179,16178,1
2021-03-12 15:18:04.403,16178,16179,16178,1
2021-03-12 15:18:04.403,16178,16179,16178,2
2021-03-12 15:18:05.569,16177,16178,16178,1
2021-03-12 15:18:05.891,16177,16179,16179,2
2021-03-12 15:18:09.151,16177,16179,16177,1
2021-03-12 15:18:12.278,16177,16178,16178,1
2021-03-12 15:18:13.164,16177,16179,16177,2
2021-03-12 15:18:13.830,16177,16178,16177,1
2021-03-12 15:18:17.325,16177,16178,16177,1
2021-03-12 15:18:17.433,16176,16178,16176,1
2021-03-12 15:18:17.732,16176,16177,16176,1
2021-03-12 15:18:17.788,16176,16177,16176,2
2021-03-12 15:18:17.873,16176,16177,16176,1
2021-03-12 15:18:17.950,16176,16178,16176,1
2021-03-12 15:18:18.213,16176,16177,16176,1
2021-03-12 15:18:21.468,16175,16176,16175,1
2021-03-12 15:18:22.378,16175,16176,16175,2
2021-03-12 15:18:22.378,16175,16176,16175,1
2021-03-12 15:18:23.297,16175,16176,16176,1
2021-03-12 15:18:23.297,16175,16176,16176,1
2021-03-12 15:18:23.301,16175,16176,16176,1
2021-03-12 15:18:23.668,16176,16177,16176,2
2021-03-12 15:18:25.337,16176,16177,16176,1
2021-03-12 15:18:26.573,16175,16177,16175,2
2021-03-12 15:18:27.598,16175,16176,16175,1
2021-03-12 15:18:28.511,16175,16176,16175,1
2021-03-12 15:18:29.636,16175,16176,16176,1
2021-03-12 15:18:29.636,16175,16176,16176,2
2021-03-12 15:18:29.902,16176,16177,16176,2
2021-03-12 15:18:29.961,16176,16177,16176,2
2021-03-12 15:18:30.411,16176,16177,16177,2
2021-03-12 15:18:33.124,16176,16178,16176,2
2021-03-12 15:18:33.124,16176,16178,16175,1
2021-03-12 15:18:36.126,16176,16178,16176,3
2021-03-12 15:18:40.736,16176,16177,16177,1
2021-03-12 15:18:47.348,16176,16177,16177,1
2021-03-12 15:18:47.403,16177,16178,16178,2
2021-03-12 15:18:50.552,16176,16178,16176,5
2021-03-12 15:18:53.600,16176,16177,16177,2
2021-03-12 15:18:53.952,16176,16177,16177,1
2021-03-12 15:18:53.952,16176,16177,16178,2
2021-03-12 15:18:55.469,16176,16178,16176,1
2021-03-12 15:18:59.897,16176,16177,16177,1
2021-03-12 15:19:02.135,16176,16177,16176,1
2021-03-12 15:19:02.153,16176,16177,16176,1
2021-03-12 15:19:03.371,16176,16177,16176,2
2021-03-12 15:19:05.408,16175,16176,16176,1
2021-03-12 15:19:10.823,16175,16176,16175,2
2021-03-12 15:19:10.823,16175,16176,16175,15
2021-03-12 15:19:10.823,16175,16176,16175,1
2021-03-12 15:19:10.823,16175,16176,16175,1
2021-03-12 15:19:10.823,16175,16176,16175,2
2021-03-12 15:19:10.824,16175,16176,16175,2
2021-03-12 15:19:10.824,16175,16176,16175,1
2021-03-12 15:19:10.834,16175,16176,16174,1
2021-03-12 15:19:10.880,16175,16176,16174,2
2021-03-12 15:19:11.147,16174,16176,16174,1
2021-03-12 15:19:11.203,16174,16176,16174,1
2021-03-12 15:19:11.221,16174,16176,16174,1
2021-03-12 15:19:14.548,16174,16176,16176,1
2021-03-12 15:19:14.802,16174,16176,16174,1
2021-03-12 15:19:16.551,16173,16175,16173,4
2021-03-12 15:19:18.264,16174,16175,16174,1
2021-03-12 15:19:18.278,16174,16175,16174,1
2021-03-12 15:19:19.508,16174,16175,16175,2
2021-03-12 15:19:20.380,16174,16176,16174,2
2021-03-12 15:19:22.491,16174,16176,16174,2
2021-03-12 15:19:23.106,16174,16176,16174,1
2021-03-12 15:19:23.278,16174,16175,16175,1
2021-03-12 15:19:24.403,16174,16175,16175,1
2021-03-12 15:19:25.153,16174,16175,16175,1
2021-03-12 15:19:26.974,16175,16176,16175,1
2021-03-12 15:19:28.528,16174,16175,16175,1
2021-03-12 15:19:32.080,16174,16175,16175,1
2021-03-12 15:19:36.468,16174,16176,16174,1
2021-03-12 15:19:37.357,16174,16176,16174,1
2021-03-12 15:19:38.106,16175,16176,16175,1
2021-03-12 15:19:42.384,16174,16176,16175,1
2021-03-12 15:19:45.557,16174,16175,16174,1
2021-03-12 15:19:47.141,16174,16175,16175,1
2021-03-12 15:19:56.022,16174,16175,16174,1
2021-03-12 15:19:56.888,16174,16175,16175,1
2021-03-12 15:19:59.654,16174,16175,16175,2
2021-03-12 15:20:00.654,16174,16176,16174,2
2021-03-12 15:20:00.709,16174,16176,16175,1
2021-03-12 15:20:03.618,16174,16175,16175,1
2021-03-12 15:20:04.122,16174,16175,16175,1
2021-03-12 15:20:06.153,16175,16176,16175,1
2021-03-12 15:20:07.646,16174,16176,16175,1
2021-03-12 15:20:07.653,16175,16176,16176,5
2021-03-12 15:20:07.656,16175,16176,16177,2
2021-03-12 15:20:08.653,16175,16176,16176,1
2021-03-12 15:20:08.708,16175,16176,16175,1
2021-03-12 15:20:08.724,16175,16176,16175,1
2021-03-12 15:20:08.868,16175,16177,16175,1
2021-03-12 15:20:10.052,16174,16176,16175,1
2021-03-12 15:20:11.126,16174,16176,16175,1
2021-03-12 15:20:12.849,16174,16176,16176,2
2021-03-12 15:20:15.463,16175,16177,16177,4
2021-03-12 15:20:15.667,16176,16178,16176,1
2021-03-12 15:20:17.403,16176,16177,16176,1
2021-03-12 15:20:17.867,16176,16177,16176,1
2021-03-12 15:20:17.967,16175,16177,16176,1
2021-03-12 15:20:21.884,16176,16178,16176,1
2021-03-12 15:20:22.278,16176,16177,16177,1
2021-03-12 15:20:24.963,16176,16178,16176,4
2021-03-12 15:20:30.611,16176,16177,16176,1
2021-03-12 15:20:31.103,16176,16177,16176,1
2021-03-12 15:20:32.258,16175,16176,16176,1
2021-03-12 15:20:32.259,16175,16176,16176,1
2021-03-12 15:20:34.127,16176,16177,16177,1
2021-03-12 15:20:37.702,16176,16177,16176,1
2021-03-12 15:20:43.708,16176,16177,16177,1
2021-03-12 15:20:48.176,16177,16178,16177,1
2021-03-12 15:20:49.239,16176,16178,16178,1
2021-03-12 15:20:49.900,16177,16178,16177,1
2021-03-12 15:20:55.613,16176,16177,16176,12
2021-03-12 15:20:57.115,16175,16176,16175,1
2021-03-12 15:20:57.115,16175,16176,16175,1
2021-03-12 15:20:57.115,16175,16176,16175,1
2021-03-12 15:20:57.142,16175,16176,16175,2
2021-03-12 15:20:57.437,16175,16176,16175,1
2021-03-12 15:20:57.446,16175,16176,16175,1
2021-03-12 15:20:57.446,16175,16176,16175,1
2021-03-12 15:20:57.446,16175,16176,16175,1
2021-03-12 15:20:57.446,16175,16176,16175,1
2021-03-12 15:20:57.612,16175,16176,16175,1
2021-03-12 15:20:57.668,16175,16176,16175,3
2021-03-12 15:20:57.855,16175,16176,16175,1
2021-03-12 15:20:59.291,16174,16176,16174,1
2021-03-12 15:21:00.277,16174,16176,16174,1
2021-03-12 15:21:02.234,16174,16175,16174,7
2021-03-12 15:21:04.267,16173,16175,16173,2
2021-03-12 15:21:04.276,16173,16175,16173,1
2021-03-12 15:21:04.336,16173,16174,16173,3
2021-03-12 15:21:04.360,16173,16174,16173,3
2021-03-12 15:21:04.403,16173,16174,16173,11
2021-03-12 15:21:04.404,16173,16174,16173,1
2021-03-12 15:21:04.407,16173,16174,16173,1
2021-03-12 15:21:04.408,16173,16174,16173,13
2021-03-12 15:21:04.528,16172,16174,16172,3
2021-03-12 15:21:04.679,16172,16174,16172,1
2021-03-12 15:21:05.094,16172,16174,16172,1
2021-03-12 15:21:05.955,16172,16174,16172,1
2021-03-12 15:21:08.244,16172,16173,16173,1
2021-03-12 15:21:08.818,16172,16173,16173,1
2021-03-12 15:21:13.451,16172,16173,16173,1
2021-03-12 15:21:13.451,16172,16173,16173,1
2021-03-12 15:21:13.451,16172,16173,16173,1
2021-03-12 15:21:13.451,16172,16173,16173,1
2021-03-12 15:21:15.138,16172,16174,16172,2
2021-03-12 15:21:16.302,16173,16174,16173,1
2021-03-12 15:21:17.733,16172,16174,16172,5
2021-03-12 15:21:19.642,16172,16174,16173,1
2021-03-12 15:21:23.106,16173,16174,16173,2
2021-03-12 15:21:23.709,16173,16174,16174,3
2021-03-12 15:21:23.899,16174,16175,16174,1
2021-03-12 15:21:24.691,16174,16176,16174,1
2021-03-12 15:21:25.237,16174,16176,16174,1
2021-03-12 15:21:25.713,16173,16174,16173,4
2021-03-12 15:21:27.467,16172,16174,16172,4
2021-03-12 15:21:27.622,16172,16174,16173,1
2021-03-12 15:21:31.941,16173,16174,16173,2
2021-03-12 15:21:33.589,16173,16174,16173,1
2021-03-12 15:21:33.694,16173,16174,16173,2
2021-03-12 15:21:33.694,16173,16174,16173,1
2021-03-12 15:21:38.626,16173,16174,16173,1
2021-03-12 15:21:38.626,16173,16174,16173,1
2021-03-12 15:21:38.912,16172,16173,16173,1
2021-03-12 15:21:40.975,16173,16174,16173,2
2021-03-12 15:21:42.422,16172,16173,16172,1
2021-03-12 15:21:42.422,16172,16173,16172,3
2021-03-12 15:21:42.422,16172,16173,16172,1
2021-03-12 15:21:42.422,16172,16173,16172,1
2021-03-12 15:21:42.941,16171,16173,16172,1
2021-03-12 15:21:43.042,16171,16173,16173,1
2021-03-12 15:21:46.001,16171,16173,16173,1
2021-03-12 15:21:48.810,16172,16173,16172,1
2021-03-12 15:21:48.810,16172,16173,16172,1
2021-03-12 15:21:49.559,16171,16173,16172,1
2021-03-12 15:21:53.380,16171,16173,16173,2
2021-03-12 15:21:54.979,16172,16173,16172,1
2021-03-12 15:21:56.756,16172,16173,16172,2
2021-03-12 15:21:57.165,16171,16172,16172,1
2021-03-12 15:21:57.168,16171,16172,16173,5
2021-03-12 15:22:00.544,16172,16174,16174,2
2021-03-12 15:22:01.570,16172,16173,16172,1
2021-03-12 15:22:04.983,16172,16173,16172,1
2021-03-12 15:22:07.851,16172,16173,16173,1
2021-03-12 15:22:09.609,16172,16173,16172,3
2021-03-12 15:22:10.114,16171,16173,16173,2
2021-03-12 15:22:10.538,16171,16173,16173,5
2021-03-12 15:22:11.454,16172,16173,16173,1
2021-03-12 15:22:11.454,16172,16173,16173,1
2021-03-12 15:22:11.454,16172,16173,16173,1
2021-03-12 15:22:11.454,16172,16173,16173,1
2021-03-12 15:22:11.454,16172,16173,16173,1
2021-03-12 15:22:11.454,16172,16173,16173,3
2021-03-12 15:22:11.454,16172,16173,16173,1
2021-03-12 15:22:11.454,16172,16173,16173,2
2021-03-12 15:22:11.454,16172,16173,16173,1
2021-03-12 15:22:17.484,16172,16173,16173,2
2021-03-12 15:22:18.149,16172,16173,16172,3
2021-03-12 15:22:18.149,16172,16173,16171,7
2021-03-12 15:22:18.392,16171,16172,16171,2
2021-03-12 15:22:19.307,16171,16172,16172,1
2021-03-12 15:22:19.676,16171,16172,16172,1
2021-03-12 15:22:19.726,16171,16172,16171,1
2021-03-12 15:22:20.949,16171,16173,16171,1
2021-03-12 15:22:21.859,16171,16173,16173,2
2021-03-12 15:22:24.815,16172,16173,16172,1
2021-03-12 15:22:24.815,16172,16173,16172,1
2021-03-12 15:22:26.971,16171,16172,16171,3
2021-03-12 15:22:28.542,16171,16172,16171,3
2021-03-12 15:22:28.620,16171,16172,16171,1
2021-03-12 15:22:29.701,16171,16172,16172,1
2021-03-12 15:22:31.954,16171,16172,16171,1
2021-03-12 15:22:33.160,16171,16172,16171,1
2021-03-12 15:22:33.506,16171,16172,16172,1
2021-03-12 15:22:37.180,16172,16173,16172,1
2021-03-12 15:22:37.792,16171,16173,16171,6
2021-03-12 15:22:39.686,16171,16173,16173,1
2021-03-12 15:22:40.247,16171,16173,16171,2
2021-03-12 15:22:40.339,16171,16173,16171,1
2021-03-12 15:22:43.010,16172,16173,16172,1
2021-03-12 15:22:48.074,16171,16172,16172,1
2021-03-12 15:22:48.354,16171,16172,16171,2
2021-03-12 15:22:52.106,16171,16172,16171,5
2021-03-12 15:22:52.340,16171,16172,16172,1
2021-03-12 15:22:53.707,16171,16172,16171,1
2021-03-12 15:22:54.653,16171,16172,16172,1
2021-03-12 15:22:56.929,16172,16173,16172,1
2021-03-12 15:22:56.929,16172,16173,16171,1
2021-03-12 15:23:00.276,16172,16173,16173,2
2021-03-12 15:23:00.276,16172,16173,16173,23
2021-03-12 15:23:00.726,16172,16174,16172,1
2021-03-12 15:23:00.781,16172,16174,16172,1
2021-03-12 15:23:03.528,16173,16174,16174,13
2021-03-12 15:23:03.529,16173,16174,16174,1
2021-03-12 15:23:03.529,16173,16174,16174,1
2021-03-12 15:23:03.529,16173,16174,16174,1
2021-03-12 15:23:03.529,16173,16174,16174,1
2021-03-12 15:23:03.541,16173,16174,16174,12
2021-03-12 15:23:06.213,16174,16175,16175,1
2021-03-12 15:23:06.237,16174,16175,16175,1
2021-03-12 15:23:08.912,16175,16176,16176,1
2021-03-12 15:23:08.912,16175,16176,16176,2
2021-03-12 15:23:10.544,16176,16177,16177,2
2021-03-12 15:23:10.724,16177,16178,16177,2
2021-03-12 15:23:10.890,16177,16178,16177,1
2021-03-12 15:23:10.891,16177,16178,16176,2
2021-03-12 15:23:12.778,16176,16177,16177,1
2021-03-12 15:23:12.809,16176,16177,16177,1
2021-03-12 15:23:12.913,16176,16177,16176,1
2021-03-12 15:23:14.430,16175,16177,16177,1
2021-03-12 15:23:17.188,16176,16177,16176,2
2021-03-12 15:23:20.091,16175,16176,16176,1
2021-03-12 15:23:20.382,16175,16176,16176,1
2021-03-12 15:23:21.279,16175,16176,16176,1
2021-03-12 15:23:21.279,16175,16176,16176,2
2021-03-12 15:23:21.279,16175,16176,16176,14
2021-03-12 15:23:22.004,16176,16177,16177,1
2021-03-12 15:23:23.168,16176,16177,16176,1
2021-03-12 15:23:23.218,16176,16177,16176,1
2021-03-12 15:23:26.130,16176,16177,16177,5
2021-03-12 15:23:27.333,16176,16178,16178,1
2021-03-12 15:23:29.556,16176,16177,16177,1
2021-03-12 15:23:29.556,16176,16177,16178,1
2021-03-12 15:23:30.623,16176,16178,16176,9
2021-03-12 15:23:31.099,16175,16176,16176,5
2021-03-12 15:23:32.022,16175,16176,16176,2
2021-03-12 15:23:35.380,16175,16176,16176,2
2021-03-12 15:23:36.934,16175,16176,16176,1
2021-03-12 15:23:37.053,16175,16176,16176,1
2021-03-12 15:23:43.096,16176,16177,16177,1
2021-03-12 15:23:46.306,16177,16178,16178,1
2021-03-12 15:23:46.816,16177,16178,16177,1
2021-03-12 15:23:48.077,16176,16177,16177,1
2021-03-12 15:23:48.077,16176,16177,16178,1
2021-03-12 15:23:49.978,16176,16177,16176,1
2021-03-12 15:23:51.784,16176,16177,16177,2
2021-03-12 15:23:57.882,16176,16177,16176,1
2021-03-12 15:23:57.933,16176,16177,16176,1
2021-03-12 15:23:58.096,16176,16177,16177,2
2021-03-12 15:23:58.689,16176,16178,16178,2
2021-03-12 15:23:59.438,16177,16178,16176,1
2021-03-12 15:23:59.440,16177,16178,16176,1
2021-03-12 15:23:59.440,16177,16178,16176,1
2021-03-12 15:23:59.440,16177,16178,16176,1
2021-03-12 15:23:59.440,16177,16178,16176,1
2021-03-12 15:23:59.440,16177,16178,16176,1
2021-03-12 15:23:59.440,16177,16178,16176,1
2021-03-12 15:23:59.576,16175,16176,16175,2
2021-03-12 15:24:00.088,16175,16176,16175,1
2021-03-12 15:24:00.439,16175,16176,16175,3
2021-03-12 15:24:00.440,16175,16176,16175,1
2021-03-12 15:24:00.440,16175,16176,16175,1
2021-03-12 15:24:00.566,16174,16175,16175,2
2021-03-12 15:24:01.070,16174,16176,16174,6
2021-03-12 15:24:12.356,16172,16174,16174,1
2021-03-12 15:24:14.864,16172,16174,16174,1
2021-03-12 15:24:16.877,16172,16174,16174,1
2021-03-12 15:24:21.352,16173,16174,16174,1
2021-03-12 15:24:23.389,16173,16174,16174,1
2021-03-12 15:24:23.389,16173,16174,16174,1
2021-03-12 15:24:23.389,16173,16174,16174,8
2021-03-12 15:24:26.773,16173,16174,16174,2
2021-03-12 15:24:28.390,16173,16175,16173,6
2021-03-12 15:24:37.316,16174,16175,16174,1
2021-03-12 15:24:37.316,16174,16175,16174,1
2021-03-12 15:24:39.503,16174,16175,16175,1
2021-03-12 15:24:41.993,16174,16175,16175,4
2021-03-12 15:24:45.919,16174,16176,16176,1
2021-03-12 15:24:48.967,16176,16177,16176,1
2021-03-12 15:24:55.486,16176,16177,16177,1
2021-03-12 15:24:55.694,16177,16178,16177,1
2021-03-12 15:24:56.089,16176,16178,16176,4
2021-03-12 15:25:00.581,16177,16178,16178,1
2021-03-12 15:25:03.958,16176,16177,16177,1
2021-03-12 15:25:04.215,16176,16178,16176,3
2021-03-12 15:25:05.003,16176,16177,16176,1
2021-03-12 15:25:09.430,16176,16177,16177,1
2021-03-12 15:25:09.906,16176,16177,16176,2
2021-03-12 15:25:09.906,16176,16177,16176,1
2021-03-12 15:25:10.460,16175,16177,16175,1
2021-03-12 15:25:15.470,16175,16176,16175,1
2021-03-12 15:25:25.389,16174,16175,16174,1
2021-03-12 15:25:26.659,16174,16175,16174,1
2021-03-12 15:25:29.286,16174,16175,16174,4
2021-03-12 15:25:31.758,16173,16174,16174,1
2021-03-12 15:25:32.959,16173,16174,16173,3
2021-03-12 15:25:32.960,16173,16174,16173,2
2021-03-12 15:25:36.380,16173,16174,16173,3
2021-03-12 15:25:38.277,16172,16173,16172,1
2021-03-12 15:25:38.277,16172,16173,16172,1
2021-03-12 15:25:38.277,16172,16173,16172,5
2021-03-12 15:25:38.278,16172,16173,16172,1
2021-03-12 15:25:38.278,16172,16173,16172,2
2021-03-12 15:25:38.290,16172,16173,16172,3
2021-03-12 15:25:38.728,16171,16173,16171,1
2021-03-12 15:25:39.150,16171,16173,16171,2
2021-03-12 15:25:39.744,16171,16173,16173,1
2021-03-12 15:25:40.860,16171,16173,16171,2
2021-03-12 15:25:41.733,16171,16173,16171,1
2021-03-12 15:25:41.955,16171,16172,16171,2
2021-03-12 15:25:46.282,16170,16171,16171,1
2021-03-12 15:25:47.089,16171,16172,16171,1
2021-03-12 15:25:47.479,16170,16172,16170,2
2021-03-12 15:25:47.550,16170,16172,16170,1
2021-03-12 15:25:47.551,16170,16172,16170,1
2021-03-12 15:25:47.633,16170,16172,16171,1
2021-03-12 15:25:48.188,16170,16172,16170,1
2021-03-12 15:25:49.180,16170,16171,16170,1
2021-03-12 15:25:49.543,16170,16171,16171,1
2021-03-12 15:25:51.073,16170,16171,16171,1
2021-03-12 15:25:52.536,16170,16171,16171,1
2021-03-12 15:25:52.541,16170,16171,16170,1
2021-03-12 15:25:52.764,16170,16171,16171,2
2021-03-12 15:25:56.493,16170,16171,16170,4
2021-03-12 15:25:56.716,16170,16171,16170,1
2021-03-12 15:25:58.374,16170,16171,16171,2
2021-03-12 15:25:58.374,16170,16171,16171,1
2021-03-12 15:25:58.958,16171,16172,16171,4
2021-03-12 15:25:59.259,16170,16172,16170,1
2021-03-12 15:26:00.576,16171,16172,16171,4
2021-03-12 15:26:00.577,16171,16172,16171,1
2021-03-12 15:26:00.577,16171,16172,16171,5
2021-03-12 15:26:01.211,16171,16172,16172,1
2021-03-12 15:26:01.455,16171,16173,16171,4
2021-03-12 15:26:02.101,16171,16173,16171,1
2021-03-12 15:26:03.105,16171,16173,16171,2
2021-03-12 15:26:06.778,16171,16172,16172,2
2021-03-12 15:26:09.222,16171,16172,16171,1
2021-03-12 15:26:09.928,16171,16172,16172,2
2021-03-12 15:26:12.336,16172,16173,16172,1
2021-03-12 15:26:20.164,16172,16173,16173,2
2021-03-12 15:26:20.165,16172,16173,16173,1
2021-03-12 15:26:24.741,16173,16174,16174,5
2021-03-12 15:26:28.019,16174,16175,16174,4
2021-03-12 15:26:28.019,16174,16175,16173,5
2021-03-12 15:26:28.739,16174,16175,16174,1
2021-03-12 15:26:34.519,16174,16175,16174,1
2021-03-12 15:26:34.531,16174,16175,16174,1
2021-03-12 15:26:40.674,16174,16175,16174,1
2021-03-12 15:26:40.693,16174,16175,16174,2
2021-03-12 15:26:41.365,16174,16175,16175,1
2021-03-12 15:26:43.823,16174,16175,16174,3
2021-03-12 15:26:43.947,16174,16175,16175,5
2021-03-12 15:26:46.214,16174,16175,16174,1
2021-03-12 15:26:53.724,16173,16174,16174,2
2021-03-12 15:27:02.771,16174,16175,16174,1
2021-03-12 15:27:03.132,16173,16174,16173,1
2021-03-12 15:27:03.132,16173,16174,16173,2
2021-03-12 15:27:03.132,16173,16174,16173,1
2021-03-12 15:27:03.132,16173,16174,16173,1
2021-03-12 15:27:03.132,16173,16174,16173,1
2021-03-12 15:27:03.826,16172,16173,16173,1
2021-03-12 15:27:04.977,16172,16173,16173,1
2021-03-12 15:27:10.303,16173,16174,16174,1
2021-03-12 15:27:10.322,16173,16174,16175,10
2021-03-12 15:27:17.252,16174,16175,16175,1
2021-03-12 15:27:17.340,16174,16175,16174,1
2021-03-12 15:27:17.530,16173,16174,16173,2
2021-03-12 15:27:19.216,16172,16174,16174,1
2021-03-12 15:27:23.243,16173,16174,16174,1
2021-03-12 15:27:25.339,16172,16174,16172,2
2021-03-12 15:27:32.977,16172,16173,16173,1
2021-03-12 15:27:35.873,16172,16173,16172,4
2021-03-12 15:27:37.082,16172,16173,16173,1
2021-03-12 15:27:37.131,16172,16173,16172,1
2021-03-12 15:27:41.240,16172,16173,16173,1
2021-03-12 15:27:43.643,16172,16173,16172,1
2021-03-12 15:27:44.043,16172,16173,16173,1
2021-03-12 15:27:46.376,16172,16173,16172,12
2021-03-12 15:27:46.376,16172,16173,16171,8
2021-03-12 15:27:46.964,16171,16172,16171,5
2021-03-12 15:27:50.049,16170,16171,16170,5
2021-03-12 15:27:50.080,16170,16171,16170,2
2021-03-12 15:27:50.176,16170,16171,16170,1
2021-03-12 15:27:50.627,16170,16171,16170,5
2021-03-12 15:27:50.627,16170,16171,16170,3
2021-03-12 15:27:50.627,16170,16171,16170,9
2021-03-12 15:27:50.627,16170,16171,16170,3
2021-03-12 15:27:50.627,16170,16171,16170,5
2021-03-12 15:27:50.628,16170,16171,16170,1
2021-03-12 15:27:50.628,16170,16171,16170,2
2021-03-12 15:27:50.653,16170,16171,16170,13
2021-03-12 15:27:50.866,16169,16170,16169,20
2021-03-12 15:27:50.867,16169,16170,16169,1
2021-03-12 15:27:50.867,16169,16170,16169,1
2021-03-12 15:27:51.849,16168,16169,16169,1
2021-03-12 15:27:51.849,16168,16169,16169,1
2021-03-12 15:27:51.849,16168,16169,16169,1
2021-03-12 15:27:51.899,16168,16169,16168,11
2021-03-12 15:27:52.075,16168,16169,16168,1
2021-03-12 15:27:52.124,16168,16169,16168,1
2021-03-12 15:27:52.129,16168,16169,16168,1
2021-03-12 15:27:52.202,16168,16169,16168,1
2021-03-12 15:27:52.236,16168,16169,16168,1
2021-03-12 15:27:52.562,16168,16169,16168,5
2021-03-12 15:27:52.563,16168,16169,16168,1
2021-03-12 15:27:54.278,16167,16168,16168,1
2021-03-12 15:27:54.527,16167,16169,16167,1
2021-03-12 15:27:54.552,16167,16169,16169,2
2021-03-12 15:27:54.696,16167,16169,16167,1
2021-03-12 15:27:54.704,16167,16169,16167,2
2021-03-12 15:27:54.725,16167,16169,16167,1
2021-03-12 15:27:55.687,16168,16170,16168,1
2021-03-12 15:27:55.836,16168,16170,16168,2
2021-03-12 15:27:58.667,16167,16168,16167,5
2021-03-12 15:27:59.085,16167,16168,16167,1
2021-03-12 15:28:00.495,16167,16168,16167,2
2021-03-12 15:28:00.589,16167,16168,16167,1
2021-03-12 15:28:01.180,16167,16168,16167,1
2021-03-12 15:28:01.879,16167,16168,16167,2
2021-03-12 15:28:02.725,16167,16168,16168,3
2021-03-12 15:28:02.877,16167,16169,16167,3
2021-03-12 15:28:03.009,16168,16169,16168,1
2021-03-12 15:28:04.028,16168,16169,16169,12
2021-03-12 15:28:04.028,16168,16169,16169,15
2021-03-12 15:28:04.104,16168,16169,16170,2
2021-03-12 15:28:04.305,16170,16171,16170,2
2021-03-12 15:28:05.290,16170,16171,16171,2
2021-03-12 15:28:06.618,16170,16171,16171,1
2021-03-12 15:28:07.554,16170,16172,16170,1
2021-03-12 15:28:08.346,16170,16172,16170,6
2021-03-12 15:28:11.587,16168,16169,16169,1
2021-03-12 15:28:12.623,16168,16169,16168,1
2021-03-12 15:28:14.578,16167,16169,16167,2
2021-03-12 15:28:14.845,16167,16168,16168,1
2021-03-12 15:28:21.596,16168,16169,16169,1
2021-03-12 15:28:25.540,16168,16169,16168,1
2021-03-12 15:28:27.466,16168,16169,16169,3
2021-03-12 15:28:27.646,16168,16169,16168,1
2021-03-12 15:28:33.695,16168,16169,16168,1
2021-03-12 15:28:33.695,16168,16169,16168,1
2021-03-12 15:28:33.695,16168,16169,16168,1
2021-03-12 15:28:33.695,16168,16169,16168,1
2021-03-12 15:28:33.695,16168,16169,16168,4
2021-03-12 15:28:34.866,16167,16168,16168,2
2021-03-12 15:28:41.708,16168,16169,16169,1
2021-03-12 15:28:41.709,16168,16169,16169,23
2021-03-12 15:28:41.709,16168,16169,16169,1
2021-03-12 15:28:43.469,16168,16170,16168,1
2021-03-12 15:28:44.227,16169,16170,16169,1
2021-03-12 15:28:44.614,16168,16170,16169,1
2021-03-12 15:28:47.270,16169,16170,16170,5
2021-03-12 15:28:47.270,16169,16170,16170,1
2021-03-12 15:28:47.271,16169,16170,16170,1
2021-03-12 15:28:47.271,16169,16170,16170,1
2021-03-12 15:28:47.271,16169,16170,16170,1
2021-03-12 15:28:47.271,16169,16170,16170,1
2021-03-12 15:28:47.271,16169,16170,16170,3
2021-03-12 15:28:47.271,16169,16170,16170,1
2021-03-12 15:28:47.271,16169,16170,16170,2
2021-03-12 15:28:47.271,16169,16170,16170,1
2021-03-12 15:28:47.271,16169,16170,16170,4
2021-03-12 15:28:47.271,16169,16170,16170,1
2021-03-12 15:28:47.272,16169,16170,16170,1
2021-03-12 15:28:47.844,16170,16171,16170,6
2021-03-12 15:28:47.844,16170,16171,16169,18
2021-03-12 15:28:47.845,16170,16171,16169,1
2021-03-12 15:28:47.847,16170,16171,16168,14
2021-03-12 15:28:48.058,16167,16168,16168,2
2021-03-12 15:28:48.058,16167,16168,16169,7
2021-03-12 15:28:50.660,16169,16170,16169,1
2021-03-12 15:28:54.941,16167,16169,16167,5
2021-03-12 15:28:55.756,16168,16169,16168,2
2021-03-12 15:28:55.756,16168,16169,16167,3
2021-03-12 15:28:59.201,16168,16170,16168,1
2021-03-12 15:28:59.201,16168,16170,16167,4
2021-03-12 15:28:59.388,16167,16169,16167,1
2021-03-12 15:29:00.565,16167,16168,16167,6
2021-03-12 15:29:02.177,16167,16168,16167,2
2021-03-12 15:29:03.664,16166,16167,16166,3
2021-03-12 15:29:03.665,16166,16167,16166,1
2021-03-12 15:29:03.665,16166,16167,16166,2
2021-03-12 15:29:03.665,16166,16167,16166,3
2021-03-12 15:29:03.665,16166,16167,16166,1
2021-03-12 15:29:03.665,16166,16167,16166,2
2021-03-12 15:29:03.665,16166,16167,16166,23
2021-03-12 15:29:03.665,16166,16167,16166,1
2021-03-12 15:29:03.665,16166,16167,16166,1
2021-03-12 15:29:03.721,16166,16167,16166,1
2021-03-12 15:29:03.895,16165,16166,16166,1
2021-03-12 15:29:03.984,16165,16167,16165,1
2021-03-12 15:29:04.004,16165,16167,16167,1
2021-03-12 15:29:04.147,16165,16167,16165,1
2021-03-12 15:29:04.155,16165,16167,16165,1
2021-03-12 15:29:04.247,16165,16167,16165,1
2021-03-12 15:29:05.994,16165,16166,16165,1
2021-03-12 15:29:06.070,16165,16167,16165,1
2021-03-12 15:29:06.692,16165,16167,16165,1
2021-03-12 15:29:08.324,16166,16167,16166,1
2021-03-12 15:29:10.170,16166,16167,16166,2
2021-03-12 15:29:10.459,16166,16167,16167,2
2021-03-12 15:29:10.687,16166,16167,16166,2
2021-03-12 15:29:10.687,16166,16167,16165,1
2021-03-12 15:29:11.344,16165,16167,16165,6
2021-03-12 15:29:12.465,16165,16166,16166,1
2021-03-12 15:29:13.429,16166,16167,16167,2
2021-03-12 15:29:13.429,16166,16167,16167,1
2021-03-12 15:29:13.429,16166,16167,16167,1
2021-03-12 15:29:13.429,16166,16167,16167,1
2021-03-12 15:29:13.429,16166,16167,16167,26
2021-03-12 15:29:13.429,16166,16167,16167,10
2021-03-12 15:29:13.430,16166,16167,16167,1
2021-03-12 15:29:13.430,16166,16167,16168,1
2021-03-12 15:29:13.435,16166,16167,16168,1
2021-03-12 15:29:13.555,16167,16169,16167,1
2021-03-12 15:29:16.812,16167,16169,16167,1
2021-03-12 15:29:18.121,16167,16168,16168,1
2021-03-12 15:29:21.697,16167,16169,16167,4
2021-03-12 15:29:24.062,16167,16168,16168,1
2021-03-12 15:29:25.346,16168,16169,16168,1
2021-03-12 15:29:29.975,16166,16168,16168,2
2021-03-12 15:29:32.099,16167,16168,16168,2
2021-03-12 15:29:32.206,16167,16168,16167,1
2021-03-12 15:29:33.526,16167,16168,16167,3
2021-03-12 15:29:35.080,16166,16167,16167,1
2021-03-12 15:29:35.720,16166,16167,16167,2
2021-03-12 15:29:35.887,16166,16167,16167,1
2021-03-12 15:29:40.341,16166,16167,16166,1
2021-03-12 15:29:40.424,16166,16167,16167,1
2021-03-12 15:29:41.061,16166,16167,16167,3
2021-03-12 15:29:41.126,16166,16167,16166,2
2021-03-12 15:29:42.275,16166,16167,16166,5
2021-03-12 15:29:42.276,16166,16167,16166,1
2021-03-12 15:29:42.410,16165,16167,16165,1
2021-03-12 15:29:50.850,16166,16167,16166,2
2021-03-12 15:29:51.092,16165,16166,16166,1
2021-03-12 15:29:54.770,16165,16166,16165,1
2021-03-12 15:29:54.770,16165,16166,16165,23
2021-03-12 15:29:54.770,16165,16166,16165,1
2021-03-12 15:29:54.770,16165,16166,16165,2
2021-03-12 15:29:54.770,16165,16166,16165,6
2021-03-12 15:29:56.152,16164,16165,16164,1
2021-03-12 15:29:56.169,16164,16165,16164,10
2021-03-12 15:29:56.171,16164,16165,16164,5
2021-03-12 15:29:56.194,16164,16165,16164,1
2021-03-12 15:29:57.435,16164,16165,16164,3
2021-03-12 15:29:58.789,16164,16165,16164,2
2021-03-12 15:29:58.947,16164,16165,16164,2
2021-03-12 15:29:59.416,16164,16165,16164,1
2021-03-12 15:29:59.995,16164,16165,16164,12
2021-03-12 15:29:59.996,16164,16165,16164,1
2021-03-12 15:30:00.605,16164,16165,16164,2
2021-03-12 15:30:00.666,16163,16165,16163,1
2021-03-12 15:30:00.667,16163,16165,16163,1
2021-03-12 15:30:00.667,16163,16165,16163,1
2021-03-12 15:30:00.900,16163,16164,16163,1
2021-03-12 15:30:00.921,16163,16164,16163,1
2021-03-12 15:30:00.963,16163,16164,16163,1
2021-03-12 15:30:00.986,16163,16164,16163,1
2021-03-12 15:30:00.990,16163,16164,16163,1
2021-03-12 15:30:00.991,16163,16164,16163,1
2021-03-12 15:30:01.068,16163,16164,16163,1
2021-03-12 15:30:01.076,16163,16164,16163,1
2021-03-12 15:30:01.076,16163,16164,16163,1
2021-03-12 15:30:01.077,16163,16164,16163,1
2021-03-12 15:30:01.079,16163,16164,16163,1
2021-03-12 15:30:01.081,16163,16164,16163,1
2021-03-12 15:30:01.089,16163,16164,16163,1
2021-03-12 15:30:01.096,16163,16164,16163,3
2021-03-12 15:30:01.142,16163,16164,16163,1
2021-03-12 15:30:01.151,16163,16164,16164,4
2021-03-12 15:30:01.151,16163,16164,16164,1
2021-03-12 15:30:01.151,16163,16164,16164,1
2021-03-12 15:30:01.155,16163,16165,16163,1
2021-03-12 15:30:01.156,16163,16165,16163,1
2021-03-12 15:30:01.156,16163,16165,16163,1
2021-03-12 15:30:01.168,16163,16165,16163,1
2021-03-12 15:30:01.340,16163,16165,16164,1
2021-03-12 15:30:01.881,16163,16165,16163,1
2021-03-12 15:30:03.455,16164,16165,16164,1
2021-03-12 15:30:05.884,16163,16165,16163,1
2021-03-12 15:30:06.658,16163,16165,16163,1
2021-03-12 15:30:07.337,16163,16165,16163,1
2021-03-12 15:30:07.404,16163,16165,16163,1
2021-03-12 15:30:07.508,16163,16165,16163,1
2021-03-12 15:30:07.555,16163,16165,16163,1
2021-03-12 15:30:08.300,16163,16165,16164,1
2021-03-12 15:30:09.498,16163,16164,16163,5
2021-03-12 15:30:10.303,16163,16164,16164,1
2021-03-12 15:30:11.181,16163,16164,16163,5
2021-03-12 15:30:11.183,16163,16164,16163,1
2021-03-12 15:30:11.318,16162,16163,16163,3
2021-03-12 15:30:11.845,16163,16164,16164,1
2021-03-12 15:30:12.671,16163,16164,16163,1
2021-03-12 15:30:13.161,16163,16164,16163,1
2021-03-12 15:30:13.378,16162,16164,16164,1
2021-03-12 15:30:15.071,16163,16164,16163,1
2021-03-12 15:30:15.224,16163,16164,16163,1
2021-03-12 15:30:16.528,16163,16164,16163,1
2021-03-12 15:30:16.587,16163,16164,16163,1
2021-03-12 15:30:16.990,16163,16164,16163,1
2021-03-12 15:30:17.097,16163,16164,16163,1
2021-03-12 15:30:17.097,16163,16164,16163,2
2021-03-12 15:30:17.154,16162,16163,16162,1
2021-03-12 15:30:17.155,16162,16163,16162,1
2021-03-12 15:30:17.390,16162,16163,16163,1
2021-03-12 15:30:18.053,16163,16164,16163,1
2021-03-12 15:30:18.365,16163,16164,16163,1
2021-03-12 15:30:18.365,16163,16164,16162,4
2021-03-12 15:30:18.533,16163,16164,16163,1
2021-03-12 15:30:18.571,16163,16164,16163,1
2021-03-12 15:30:18.876,16162,16164,16163,1
2021-03-12 15:30:20.246,16162,16163,16163,2
2021-03-12 15:30:20.339,16163,16164,16164,1
2021-03-12 15:30:20.339,16163,16164,16164,1
2021-03-12 15:30:20.339,16163,16164,16164,4
2021-03-12 15:30:20.339,16163,16164,16164,2
2021-03-12 15:30:20.339,16163,16164,16164,1
2021-03-12 15:30:20.339,16163,16164,16164,1
2021-03-12 15:30:20.339,16163,16164,16164,1
2021-03-12 15:30:20.339,16163,16164,16164,6
2021-03-12 15:30:21.435,16163,16164,16164,1
2021-03-12 15:30:21.593,16163,16165,16164,1
2021-03-12 15:30:21.978,16163,16165,16163,5
2021-03-12 15:30:22.135,16163,16165,16163,3
2021-03-12 15:30:22.334,16163,16165,16163,2
2021-03-12 15:30:24.130,16163,16165,16164,1
2021-03-12 15:30:24.406,16163,16165,16163,1
2021-03-12 15:30:25.034,16163,16165,16164,2
2021-03-12 15:30:25.144,16163,16165,16163,4
2021-03-12 15:30:25.144,16163,16165,16163,1
2021-03-12 15:30:25.145,16163,16165,16163,1
2021-03-12 15:30:25.145,16163,16165,16163,1
2021-03-12 15:30:25.145,16163,16165,16163,4
2021-03-12 15:30:28.116,16163,16165,16164,5
2021-03-12 15:30:28.965,16163,16165,16165,30
2021-03-12 15:30:28.966,16163,16165,16166,5
2021-03-12 15:30:29.278,16166,16167,16166,1
2021-03-12 15:30:29.404,16165,16167,16165,1
2021-03-12 15:30:29.404,16165,16167,16165,1
2021-03-12 15:30:29.405,16165,16167,16165,1
2021-03-12 15:30:29.534,16165,16167,16165,1
2021-03-12 15:30:29.885,16165,16167,16165,5
2021-03-12 15:30:32.327,16164,16166,16164,3
2021-03-12 15:30:32.327,16164,16166,16163,2
2021-03-12 15:30:33.542,16163,16165,16163,1
2021-03-12 15:30:33.545,16163,16165,16163,1
2021-03-12 15:30:34.015,16163,16165,16165,1
2021-03-12 15:30:35.030,16163,16165,16163,5
2021-03-12 15:30:35.140,16163,16165,16163,5
2021-03-12 15:30:36.669,16163,16165,16163,5
2021-03-12 15:30:39.142,16163,16165,16163,5
2021-03-12 15:30:41.287,16163,16164,16163,1
2021-03-12 15:30:44.046,16162,16164,16162,1
2021-03-12 15:30:44.818,16162,16164,16162,5
2021-03-12 15:30:46.121,16162,16163,16162,2
2021-03-12 15:30:46.636,16162,16163,16162,5
2021-03-12 15:30:46.636,16162,16163,16162,1
2021-03-12 15:30:46.636,16162,16163,16162,1
2021-03-12 15:30:46.637,16162,16163,16162,3
2021-03-12 15:30:46.637,16162,16163,16162,1
2021-03-12 15:30:46.653,16162,16163,16162,1
2021-03-12 15:30:46.903,16162,16163,16162,1
2021-03-12 15:30:48.756,16161,16163,16161,5
2021-03-12 15:30:48.846,16161,16163,16161,1
2021-03-12 15:30:48.888,16161,16163,16161,1
2021-03-12 15:30:48.907,16161,16163,16161,1
2021-03-12 15:30:48.935,16161,16163,16161,1
2021-03-12 15:30:48.961,16161,16163,16161,1
2021-03-12 15:30:48.983,16161,16163,16161,3
2021-03-12 15:30:48.995,16161,16163,16161,1
2021-03-12 15:30:49.655,16161,16162,16162,1
2021-03-12 15:30:50.042,16161,16162,16161,1
2021-03-12 15:30:50.581,16161,16162,16161,5
2021-03-12 15:30:52.339,16161,16162,16162,1
2021-03-12 15:30:52.543,16161,16162,16161,1
2021-03-12 15:30:53.153,16160,16161,16161,1
2021-03-12 15:30:53.153,16160,16161,16161,1
2021-03-12 15:30:53.153,16160,16161,16161,1
2021-03-12 15:30:53.153,16160,16161,16161,1
2021-03-12 15:30:53.153,16160,16161,16161,1
2021-03-12 15:30:53.807,16161,16162,16161,1
2021-03-12 15:30:53.853,16161,16162,16161,1
2021-03-12 15:30:53.935,16161,16162,16161,3
2021-03-12 15:30:53.935,16161,16162,16160,2
2021-03-12 15:30:54.040,16161,16162,16162,1
2021-03-12 15:30:54.042,16161,16162,16161,1
2021-03-12 15:30:54.127,16161,16162,16161,1
2021-03-12 15:30:54.688,16161,16162,16162,4
2021-03-12 15:30:54.764,16161,16162,16162,1
2021-03-12 15:30:54.764,16161,16162,16161,4
2021-03-12 15:30:55.034,16162,16163,16162,1
2021-03-12 15:30:55.798,16161,16163,16161,11
2021-03-12 15:30:55.798,16161,16163,16160,14
2021-03-12 15:30:56.048,16161,16162,16161,1
2021-03-12 15:30:56.048,16161,16162,16160,4
2021-03-12 15:30:56.432,16160,16162,16160,1
2021-03-12 15:30:58.009,16161,16162,16161,1
2021-03-12 15:30:58.029,16161,16162,16161,1
2021-03-12 15:30:58.160,16161,16162,16161,2
2021-03-12 15:30:58.160,16161,16162,16160,3
2021-03-12 15:30:59.791,16161,16162,16162,1
2021-03-12 15:31:00.369,16161,16163,16161,1
2021-03-12 15:31:00.936,16161,16163,16161,5
2021-03-12 15:31:01.343,16160,16162,16162,5
2021-03-12 15:31:01.765,16160,16162,16160,2
2021-03-12 15:31:02.887,16160,16162,16161,1
2021-03-12 15:31:03.276,16161,16162,16161,1
2021-03-12 15:31:03.276,16161,16162,16160,1
2021-03-12 15:31:03.319,16160,16162,16160,5
2021-03-12 15:31:05.087,16160,16162,16160,2
2021-03-12 15:31:05.863,16160,16161,16161,1
2021-03-12 15:31:06.313,16160,16162,16160,5
2021-03-12 15:31:07.237,16160,16162,16160,1
2021-03-12 15:31:07.433,16160,16162,16161,1
2021-03-12 15:31:09.634,16161,16162,16161,2
2021-03-12 15:31:09.634,16161,16162,16160,3
2021-03-12 15:31:15.090,16160,16161,16160,1
2021-03-12 15:31:15.300,16160,16161,16160,3
2021-03-12 15:31:15.343,16160,16161,16161,1
2021-03-12 15:31:16.298,16160,16161,16160,2
2021-03-12 15:31:17.320,16160,16161,16160,4
2021-03-12 15:31:17.320,16160,16161,16160,1
2021-03-12 15:31:17.321,16160,16161,16160,2
2021-03-12 15:31:17.321,16160,16161,16160,1
2021-03-12 15:31:17.321,16160,16161,16160,1
2021-03-12 15:31:17.321,16160,16161,16160,1
2021-03-12 15:31:17.321,16160,16161,16160,1
2021-03-12 15:31:17.404,16159,16161,16159,1
2021-03-12 15:31:17.406,16159,16161,16159,1
2021-03-12 15:31:17.406,16159,16161,16160,1
2021-03-12 15:31:17.543,16159,16160,16159,10
2021-03-12 15:31:17.544,16159,16160,16159,2
2021-03-12 15:31:17.544,16159,16160,16159,1
2021-03-12 15:31:17.544,16159,16160,16159,1
2021-03-12 15:31:17.691,16159,16160,16159,2
2021-03-12 15:31:18.020,16159,16160,16159,1
2021-03-12 15:31:21.456,16160,16161,16160,1
2021-03-12 15:31:21.641,16160,16161,16160,1
2021-03-12 15:31:24.114,16159,16160,16160,1
2021-03-12 15:31:25.029,16159,16160,16159,1
2021-03-12 15:31:28.361,16159,16160,16160,1
2021-03-12 15:31:29.126,16160,16161,16160,1
2021-03-12 15:31:30.250,16160,16161,16161,1
2021-03-12 15:31:30.968,16160,16161,16161,5
2021-03-12 15:31:30.968,16160,16161,16161,2
2021-03-12 15:31:30.972,16160,16161,16162,4
2021-03-12 15:31:31.226,16161,16162,16161,1
2021-03-12 15:31:32.610,16161,16162,16161,1
2021-03-12 15:31:33.402,16161,16162,16161,2
2021-03-12 15:31:33.830,16161,16162,16162,1
2021-03-12 15:31:34.260,16161,16162,16161,1
2021-03-12 15:31:35.203,16161,16162,16161,2
2021-03-12 15:31:35.583,16161,16162,16161,2
2021-03-12 15:31:36.884,16161,16162,16162,1
2021-03-12 15:31:36.884,16161,16162,16162,1
2021-03-12 15:31:36.884,16161,16162,16162,3
2021-03-12 15:31:36.884,16161,16162,16162,1
2021-03-12 15:31:36.884,16161,16162,16162,3
2021-03-12 15:31:38.082,16162,16163,16162,9
2021-03-12 15:31:38.472,16162,16163,16162,2
2021-03-12 15:31:40.476,16161,16163,16163,4
2021-03-12 15:31:41.208,16161,16163,16163,1
2021-03-12 15:31:44.577,16162,16163,16163,3
2021-03-12 15:31:47.190,16162,16163,16163,1
2021-03-12 15:31:47.289,16162,16163,16163,4
2021-03-12 15:31:50.860,16163,16164,16164,1
2021-03-12 15:31:50.860,16163,16164,16164,2
2021-03-12 15:31:50.860,16163,16164,16164,1
2021-03-12 15:31:51.413,16163,16165,16165,1
2021-03-12 15:31:51.685,16163,16165,16165,1
2021-03-12 15:31:52.523,16163,16165,16163,5
2021-03-12 15:31:53.502,16163,16165,16164,1
2021-03-12 15:31:54.143,16164,16165,16164,2
2021-03-12 15:31:54.987,16163,16165,16165,1
2021-03-12 15:31:55.464,16163,16165,16164,1
2021-03-12 15:31:58.398,16164,16165,16165,1
2021-03-12 15:31:58.588,16164,16165,16165,29
2021-03-12 15:31:58.589,16164,16165,16166,1
2021-03-12 15:31:58.590,16164,16165,16166,1
2021-03-12 15:31:58.590,16164,16165,16166,1
2021-03-12 15:31:58.590,16164,16165,16166,1
2021-03-12 15:31:58.590,16164,16165,16166,1
2021-03-12 15:31:58.903,16166,16167,16167,1
2021-03-12 15:32:01.839,16165,16167,16167,1
2021-03-12 15:32:03.342,16166,16167,16166,1
2021-03-12 15:32:04.001,16166,16167,16167,1
2021-03-12 15:32:04.429,16166,16167,16166,1
2021-03-12 15:32:05.212,16165,16166,16165,1
2021-03-12 15:32:05.212,16165,16166,16164,1
2021-03-12 15:32:07.564,16164,16166,16166,2
2021-03-12 15:32:08.765,16164,16166,16166,1
2021-03-12 15:32:09.846,16164,16166,16164,2
2021-03-12 15:32:20.575,16164,16166,16166,1
2021-03-12 15:32:20.934,16164,16166,16164,5
2021-03-12 15:32:22.725,16164,16166,16165,1
2021-03-12 15:32:28.490,16164,16166,16164,1
2021-03-12 15:32:29.278,16164,16166,16164,4
2021-03-12 15:32:32.249,16164,16165,16165,1
2021-03-12 15:32:32.998,16164,16166,16164,2
2021-03-12 15:32:33.002,16164,16166,16164,1
2021-03-12 15:32:33.064,16163,16165,16165,1
2021-03-12 15:32:33.347,16163,16165,16165,2
2021-03-12 15:32:33.347,16163,16165,16166,1
2021-03-12 15:32:39.120,16165,16166,16165,1
2021-03-12 15:32:39.878,16164,16166,16165,1
2021-03-12 15:32:40.778,16165,16166,16166,2
2021-03-12 15:32:43.508,16165,16166,16166,1
2021-03-12 15:32:46.041,16165,16166,16166,1
2021-03-12 15:32:46.500,16165,16166,16166,1
2021-03-12 15:32:46.963,16165,16166,16165,5
2021-03-12 15:32:47.376,16164,16165,16165,1
2021-03-12 15:32:47.406,16164,16165,16165,1
2021-03-12 15:32:49.336,16164,16165,16165,1
2021-03-12 15:32:52.543,16164,16165,16165,2
2021-03-12 15:32:54.060,16164,16165,16165,1
2021-03-12 15:32:54.207,16164,16165,16165,2
2021-03-12 15:32:54.207,16164,16165,16165,1
2021-03-12 15:32:54.207,16164,16165,16165,1
2021-03-12 15:32:54.207,16164,16165,16165,6
2021-03-12 15:32:54.207,16164,16165,16165,1
2021-03-12 15:32:54.207,16164,16165,16165,1
2021-03-12 15:32:54.207,16164,16165,16165,1
2021-03-12 15:32:54.207,16164,16165,16165,1
2021-03-12 15:32:56.046,16165,16166,16166,1
2021-03-12 15:33:00.053,16166,16167,16167,1
2021-03-12 15:33:00.344,16166,16167,16167,1
2021-03-12 15:33:01.309,16166,16167,16167,2
2021-03-12 15:33:07.457,16166,16167,16166,1
2021-03-12 15:33:08.036,16166,16167,16167,1
2021-03-12 15:33:08.037,16166,16167,16167,2
2021-03-12 15:33:11.027,16167,16168,16168,1
2021-03-12 15:33:11.028,16167,16168,16168,1
2021-03-12 15:33:11.031,16167,16168,16168,13
2021-03-12 15:33:11.638,16168,16169,16168,1
2021-03-12 15:33:16.975,16167,16169,16167,1
2021-03-12 15:33:17.812,16168,16169,16168,1
2021-03-12 15:33:22.186,16168,16169,16169,4
2021-03-12 15:33:22.531,16168,16169,16168,1
2021-03-12 15:33:22.610,16168,16169,16168,2
2021-03-12 15:33:25.105,16168,16169,16168,1
2021-03-12 15:33:25.451,16168,16169,16168,1
2021-03-12 15:33:25.537,16168,16169,16168,1
2021-03-12 15:33:27.968,16168,16169,16169,1
2021-03-12 15:33:29.752,16168,16169,16169,1
2021-03-12 15:33:29.765,16168,16169,16168,1
2021-03-12 15:33:29.765,16168,16169,16168,5
2021-03-12 15:33:29.765,16168,16169,16168,3
2021-03-12 15:33:29.766,16168,16169,16168,1
2021-03-12 15:33:29.766,16168,16169,16168,1
2021-03-12 15:33:29.766,16168,16169,16168,1
2021-03-12 15:33:30.176,16168,16169,16169,1
2021-03-12 15:33:31.938,16168,16169,16169,1
2021-03-12 15:33:32.768,16168,16169,16169,1
2021-03-12 15:33:34.117,16168,16169,16168,6
2021-03-12 15:33:34.423,16167,16168,16168,2
2021-03-12 15:33:34.884,16167,16169,16169,2
2021-03-12 15:33:35.424,16167,16169,16169,2
2021-03-12 15:33:36.861,16167,16169,16169,1
2021-03-12 15:33:45.379,16168,16169,16169,7
2021-03-12 15:33:45.380,16168,16169,16169,1
2021-03-12 15:33:45.380,16168,16169,16169,1
2021-03-12 15:33:45.380,16168,16169,16169,1
2021-03-12 15:33:45.380,16168,16169,16169,2
2021-03-12 15:33:45.380,16168,16169,16169,1
2021-03-12 15:33:45.380,16168,16169,16169,1
2021-03-12 15:33:45.380,16168,16169,16169,1
2021-03-12 15:33:46.851,16169,16170,16169,1
2021-03-12 15:33:47.109,16169,16170,16170,5
2021-03-12 15:33:47.109,16169,16170,16170,1
2021-03-12 15:33:47.277,16169,16170,16170,1
2021-03-12 15:33:47.277,16169,16170,16170,5
2021-03-12 15:33:47.277,16169,16170,16170,3
2021-03-12 15:33:47.277,16169,16170,16170,27
2021-03-12 15:33:47.278,16169,16170,16171,2
2021-03-12 15:33:47.288,16169,16170,16171,2
2021-03-12 15:33:47.333,16169,16170,16172,1
2021-03-12 15:33:47.527,16170,16172,16170,2
2021-03-12 15:33:50.163,16171,16172,16172,2
2021-03-12 15:33:51.554,16171,16172,16172,1
2021-03-12 15:33:51.559,16171,16172,16172,2
2021-03-12 15:33:52.964,16171,16172,16171,1
2021-03-12 15:33:54.577,16171,16172,16172,5
2021-03-12 15:33:57.477,16171,16172,16171,2
2021-03-12 15:33:58.254,16171,16172,16172,3
2021-03-12 15:33:58.933,16172,16173,16172,1
2021-03-12 15:33:59.980,16172,16173,16172,1
2021-03-12 15:34:02.327,16172,16173,16172,2
2021-03-12 15:34:03.340,16172,16173,16173,1
2021-03-12 15:34:04.065,16172,16173,16173,1
2021-03-12 15:34:04.618,16172,16173,16172,1
2021-03-12 15:34:06.339,16172,16173,16172,1
2021-03-12 15:34:06.339,16172,16173,16172,3
2021-03-12 15:34:06.339,16172,16173,16172,1
2021-03-12 15:34:06.339,16172,16173,16172,2
2021-03-12 15:34:06.603,16171,16172,16171,2
2021-03-12 15:34:07.084,16170,16172,16171,1
2021-03-12 15:34:10.042,16170,16171,16170,1
2021-03-12 15:34:10.568,16170,16171,16170,1
2021-03-12 15:34:10.569,16170,16171,16170,2
2021-03-12 15:34:10.569,16170,16171,16170,1
2021-03-12 15:34:10.569,16170,16171,16170,4
2021-03-12 15:34:10.569,16170,16171,16170,13
2021-03-12 15:34:11.651,16169,16170,16169,1
2021-03-12 15:34:11.652,16169,16170,16169,1
2021-03-12 15:34:11.652,16169,16170,16169,1
2021-03-12 15:34:11.804,16169,16170,16169,1
2021-03-12 15:34:11.804,16169,16170,16169,4
2021-03-12 15:34:12.251,16168,16169,16168,1
2021-03-12 15:34:12.594,16168,16169,16168,3
2021-03-12 15:34:13.889,16167,16168,16168,1
2021-03-12 15:34:17.859,16167,16168,16167,1
2021-03-12 15:34:18.262,16167,16168,16168,1
2021-03-12 15:34:20.340,16167,16168,16168,1
2021-03-12 15:34:22.498,16167,16168,16168,1
2021-03-12 15:34:24.341,16168,16169,16168,1
2021-03-12 15:34:25.141,16168,16169,16168,3
2021-03-12 15:34:25.141,16168,16169,16167,7
2021-03-12 15:34:27.124,16167,16168,16167,2
2021-03-12 15:34:28.215,16166,16167,16167,3
2021-03-12 15:34:30.770,16167,16168,16168,1
2021-03-12 15:34:32.141,16167,16168,16168,1
2021-03-12 15:34:32.873,16167,16168,16167,1
2021-03-12 15:34:33.686,16167,16168,16167,1
2021-03-12 15:34:33.927,16167,16168,16168,1
2021-03-12 15:34:33.927,16167,16168,16168,1
2021-03-12 15:34:33.927,16167,16168,16168,1
2021-03-12 15:34:33.927,16167,16168,16168,1
2021-03-12 15:34:33.927,16167,16168,16168,3
2021-03-12 15:34:33.928,16167,16168,16168,2
2021-03-12 15:34:37.403,16168,16169,16168,1
2021-03-12 15:34:38.367,16166,16168,16167,1
2021-03-12 15:34:38.677,16166,16167,16167,1
2021-03-12 15:34:39.303,16166,16167,16167,1
2021-03-12 15:34:39.726,16166,16167,16167,1
2021-03-12 15:34:41.455,16166,16167,16167,1
2021-03-12 15:34:41.534,16166,16168,16168,2
2021-03-12 15:34:42.059,16166,16168,16168,3
2021-03-12 15:34:42.060,16166,16168,16168,1
2021-03-12 15:34:42.060,16166,16168,16168,1
2021-03-12 15:34:45.182,16167,16168,16168,1
2021-03-12 15:34:46.194,16167,16168,16168,2
2021-03-12 15:34:47.459,16167,16169,16167,5
2021-03-12 15:34:48.776,16168,16169,16169,2
2021-03-12 15:34:51.103,16169,16170,16169,1
2021-03-12 15:34:51.946,16169,16170,16170,1
2021-03-12 15:34:53.461,16169,16170,16170,1
2021-03-12 15:34:59.325,16169,16170,16169,2
2021-03-12 15:35:01.839,16167,16169,16167,1
2021-03-12 15:35:03.612,16168,16169,16168,1
2021-03-12 15:35:07.225,16168,16169,16168,1
2021-03-12 15:35:07.677,16168,16169,16168,1
2021-03-12 15:35:08.044,16168,16169,16168,1
2021-03-12 15:35:08.348,16168,16169,16168,1
2021-03-12 15:35:08.405,16168,16169,16168,2
2021-03-12 15:35:10.402,16167,16169,16169,1
2021-03-12 15:35:12.574,16167,16169,16167,1
2021-03-12 15:35:12.575,16167,16169,16167,1
2021-03-12 15:35:16.978,16166,16168,16168,1
2021-03-12 15:35:17.034,16167,16168,16168,1
2021-03-12 15:35:18.217,16166,16168,16166,4
2021-03-12 15:35:18.701,16166,16168,16168,2
2021-03-12 15:35:18.701,16166,16168,16169,3
2021-03-12 15:35:19.134,16167,16169,16169,2
2021-03-12 15:35:22.725,16167,16168,16168,1
2021-03-12 15:35:26.297,16167,16168,16168,1
2021-03-12 15:35:30.698,16167,16168,16168,1
2021-03-12 15:35:32.273,16168,16169,16168,1
2021-03-12 15:35:36.805,16167,16168,16168,1
2021-03-12 15:35:46.072,16168,16169,16168,1
2021-03-12 15:35:47.370,16168,16169,16168,1
2021-03-12 15:35:47.482,16168,16169,16169,1
2021-03-12 15:35:56.076,16169,16170,16169,4
2021-03-12 15:35:56.203,16169,16170,16170,3
2021-03-12 15:35:56.362,16170,16171,16171,11
2021-03-12 15:35:56.362,16170,16171,16171,4
2021-03-12 15:35:56.362,16170,16171,16171,1
2021-03-12 15:35:59.323,16171,16172,16171,1
2021-03-12 15:36:02.500,16171,16172,16171,2
2021-03-12 15:36:03.671,16170,16171,16170,1
2021-03-12 15:36:07.204,16169,16171,16171,1
2021-03-12 15:36:09.034,16169,16170,16169,1
2021-03-12 15:36:09.034,16169,16170,16169,2
2021-03-12 15:36:11.634,16168,16169,16168,1
2021-03-12 15:36:11.634,16168,16169,16168,2
2021-03-12 15:36:11.634,16168,16169,16168,1
2021-03-12 15:36:11.726,16167,16169,16169,5
2021-03-12 15:36:13.388,16168,16169,16169,1
2021-03-12 15:36:14.716,16169,16170,16169,1
2021-03-12 15:36:24.485,16169,16170,16169,1
2021-03-12 15:36:30.414,16168,16169,16169,1
2021-03-12 15:36:31.152,16168,16169,16168,1
2021-03-12 15:36:31.152,16168,16169,16168,1
2021-03-12 15:36:31.152,16168,16169,16168,1
2021-03-12 15:36:31.152,16168,16169,16168,1
2021-03-12 15:36:31.153,16168,16169,16168,4
2021-03-12 15:36:31.240,16168,16169,16167,2
2021-03-12 15:36:31.243,16168,16169,16167,9
2021-03-12 15:36:31.285,16166,16167,16166,1
2021-03-12 15:36:31.371,16166,16167,16166,1
2021-03-12 15:36:31.372,16166,16167,16167,1
2021-03-12 15:36:31.613,16166,16168,16166,5
2021-03-12 15:36:31.958,16166,16168,16166,3
2021-03-12 15:36:32.014,16166,16168,16166,1
2021-03-12 15:36:33.112,16167,16168,16167,1
2021-03-12 15:36:40.640,16167,16168,16167,1
2021-03-12 15:36:40.839,16167,16168,16167,1
2021-03-12 15:36:43.808,16165,16167,16167,4
2021-03-12 15:36:43.921,16166,16167,16166,1
