2024-04-03 15:00:00.043,20348,20349,20349,78,78
2024-04-03 15:00:00.063,20348,20349,20348,1,-1
2024-04-03 15:00:00.288,20347,20349,20349,2,2
2024-04-03 15:00:00.288,20347,20349,20348,1,1
2024-04-03 15:00:00.366,20347,20349,20347,1,-1
2024-04-03 15:00:00.454,20347,20349,20348,1,-1
2024-04-03 15:00:00.486,20347,20349,20347,1,-1
2024-04-03 15:00:00.561,20347,20349,20347,2,-2
2024-04-03 15:00:00.656,20347,20349,20349,1,1
2024-04-03 15:00:00.728,20347,20349,20349,3,3
2024-04-03 15:00:00.779,20347,20349,20347,1,-1
2024-04-03 15:00:00.812,20347,20349,20347,1,-1
2024-04-03 15:00:00.812,20347,20349,20347,1,-1
2024-04-03 15:00:00.820,20347,20349,20346,2,-2
2024-04-03 15:00:00.867,20345,20347,20347,3,3
2024-04-03 15:00:01.099,20346,20348,20348,1,1
2024-04-03 15:00:01.376,20346,20348,20348,1,1
2024-04-03 15:00:02.231,20347,20348,20348,1,1
2024-04-03 15:00:02.317,20347,20348,20348,1,1
2024-04-03 15:00:02.814,20347,20349,20348,2,2
2024-04-03 15:00:02.814,20347,20349,20347,1,-1
2024-04-03 15:00:02.913,20347,20349,20348,1,-1
2024-04-03 15:00:02.913,20347,20349,20347,2,-2
2024-04-03 15:00:03.187,20347,20349,20349,1,1
2024-04-03 15:00:04.455,20349,20350,20349,2,-2
2024-04-03 15:00:04.455,20349,20350,20347,1,-1
2024-04-03 15:00:04.763,20349,20350,20349,1,-1
2024-04-03 15:00:06.025,20349,20350,20350,2,2
2024-04-03 15:00:06.089,20349,20350,20350,6,6
2024-04-03 15:00:06.092,20350,20351,20349,2,-2
2024-04-03 15:00:06.092,20350,20351,20349,2,-2
2024-04-03 15:00:06.118,20350,20351,20350,3,-3
2024-04-03 15:00:06.119,20350,20351,20350,4,-4
2024-04-03 15:00:06.133,20350,20351,20350,1,-1
2024-04-03 15:00:06.135,20350,20351,20350,1,-1
2024-04-03 15:00:06.136,20350,20351,20350,1,-1
2024-04-03 15:00:06.136,20350,20351,20350,2,-2
2024-04-03 15:00:06.137,20350,20351,20350,1,-1
2024-04-03 15:00:06.141,20350,20351,20350,1,-1
2024-04-03 15:00:06.250,20348,20350,20348,4,-4
2024-04-03 15:00:07.606,20349,20350,20349,3,-3
2024-04-03 15:00:07.764,20349,20350,20350,1,1
2024-04-03 15:00:08.884,20349,20350,20349,2,-2
2024-04-03 15:00:09.606,20349,20350,20350,2,2
2024-04-03 15:00:09.606,20349,20350,20351,4,4
2024-04-03 15:00:09.608,20349,20350,20351,36,36
2024-04-03 15:00:09.608,20349,20350,20351,8,8
2024-04-03 15:00:09.608,20349,20350,20351,2,2
2024-04-03 15:00:09.608,20349,20350,20351,2,2
2024-04-03 15:00:09.609,20349,20350,20352,4,4
2024-04-03 15:00:09.609,20349,20350,20353,1,1
2024-04-03 15:00:09.609,20349,20350,20352,1,1
2024-04-03 15:00:09.741,20351,20353,20351,1,-1
2024-04-03 15:00:12.354,20350,20351,20350,1,-1
2024-04-03 15:00:12.944,20351,20352,20351,1,-1
2024-04-03 15:00:14.800,20351,20353,20353,1,1
2024-04-03 15:00:16.273,20352,20354,20353,1,1
2024-04-03 15:00:16.341,20351,20353,20351,3,-3
2024-04-03 15:00:16.932,20352,20354,20354,10,10
2024-04-03 15:00:18.244,20354,20355,20355,5,5
2024-04-03 15:00:18.245,20354,20355,20356,1,1
2024-04-03 15:00:18.455,20354,20356,20356,1,1
2024-04-03 15:00:19.157,20355,20357,20355,2,-2
2024-04-03 15:00:19.876,20354,20356,20354,4,-4
2024-04-03 15:00:22.604,20352,20354,20354,1,1
2024-04-03 15:00:22.613,20352,20354,20352,5,-5
2024-04-03 15:00:23.331,20353,20354,20354,1,1
2024-04-03 15:00:23.815,20355,20356,20355,1,-1
2024-04-03 15:00:24.795,20354,20355,20355,3,3
2024-04-03 15:00:26.122,20354,20355,20354,3,-3
2024-04-03 15:00:26.288,20353,20354,20354,2,2
2024-04-03 15:00:26.438,20354,20355,20354,6,-6
2024-04-03 15:00:26.438,20354,20355,20354,1,-1
2024-04-03 15:00:26.438,20354,20355,20354,1,-1
2024-04-03 15:00:28.034,20353,20354,20354,4,4
2024-04-03 15:00:28.187,20353,20354,20354,1,1
2024-04-03 15:00:30.754,20354,20355,20354,1,-1
2024-04-03 15:00:31.959,20354,20355,20354,7,-7
2024-04-03 15:00:32.482,20353,20354,20353,5,-5
2024-04-03 15:00:32.491,20353,20354,20353,1,-1
2024-04-03 15:00:35.990,20354,20355,20355,1,1
2024-04-03 15:00:35.990,20354,20355,20355,1,1
2024-04-03 15:00:35.990,20354,20355,20355,4,4
2024-04-03 15:00:35.991,20354,20355,20355,2,2
2024-04-03 15:00:36.308,20355,20356,20356,1,1
2024-04-03 15:00:39.046,20356,20357,20357,1,1
2024-04-03 15:00:39.838,20356,20357,20356,2,-2
2024-04-03 15:00:39.838,20356,20357,20355,3,-3
2024-04-03 15:00:41.762,20356,20357,20356,5,-5
2024-04-03 15:00:41.808,20356,20357,20356,1,-1
2024-04-03 15:00:42.227,20355,20356,20356,3,3
2024-04-03 15:00:42.999,20355,20356,20356,10,10
2024-04-03 15:00:42.999,20355,20356,20357,5,5
2024-04-03 15:00:43.595,20355,20357,20355,5,-5
2024-04-03 15:00:44.459,20356,20357,20356,5,-5
2024-04-03 15:00:44.958,20355,20356,20355,2,-2
2024-04-03 15:00:44.958,20355,20356,20354,2,-2
2024-04-03 15:00:45.790,20355,20356,20356,1,1
2024-04-03 15:00:46.608,20355,20356,20356,2,2
2024-04-03 15:00:46.608,20355,20356,20356,2,2
2024-04-03 15:00:46.634,20355,20356,20356,2,2
2024-04-03 15:00:46.634,20355,20356,20356,6,6
2024-04-03 15:00:47.597,20355,20357,20355,1,-1
2024-04-03 15:00:48.883,20355,20356,20356,1,1
2024-04-03 15:00:49.013,20355,20356,20356,2,2
2024-04-03 15:00:50.127,20355,20356,20356,12,12
2024-04-03 15:00:50.400,20355,20357,20357,5,5
2024-04-03 15:00:54.621,20356,20357,20357,3,3
2024-04-03 15:00:54.621,20356,20357,20357,2,2
2024-04-03 15:00:54.668,20356,20357,20357,1,1
2024-04-03 15:00:54.955,20357,20358,20357,1,-1
2024-04-03 15:00:56.462,20357,20358,20358,1,1
2024-04-03 15:00:56.463,20357,20358,20358,2,2
2024-04-03 15:00:56.463,20357,20358,20358,6,6
2024-04-03 15:00:56.463,20357,20358,20358,1,1
2024-04-03 15:00:56.464,20357,20358,20359,6,6
2024-04-03 15:00:57.676,20357,20359,20357,1,-1
2024-04-03 15:00:58.520,20358,20360,20359,1,-1
2024-04-03 15:00:59.188,20359,20360,20359,1,-1
2024-04-03 15:00:59.485,20359,20360,20359,1,-1
2024-04-03 15:00:59.514,20359,20360,20359,1,-1
2024-04-03 15:00:59.889,20359,20360,20360,1,1
2024-04-03 15:01:00.003,20359,20360,20360,1,1
2024-04-03 15:01:00.089,20359,20360,20360,1,1
2024-04-03 15:01:00.216,20359,20360,20360,4,4
2024-04-03 15:01:00.321,20359,20360,20360,4,4
2024-04-03 15:01:00.608,20358,20359,20359,1,1
2024-04-03 15:01:01.212,20358,20359,20359,5,5
2024-04-03 15:01:01.460,20358,20360,20360,4,4
2024-04-03 15:01:01.614,20358,20360,20358,1,-1
2024-04-03 15:01:02.312,20358,20359,20359,1,1
2024-04-03 15:01:02.313,20358,20359,20359,1,1
2024-04-03 15:01:02.513,20359,20360,20360,1,1
2024-04-03 15:01:03.068,20359,20360,20359,1,-1
2024-04-03 15:01:04.842,20358,20359,20358,1,-1
2024-04-03 15:01:04.843,20358,20359,20358,4,-4
2024-04-03 15:01:04.843,20358,20359,20358,1,-1
2024-04-03 15:01:04.844,20358,20359,20358,5,-5
2024-04-03 15:01:05.947,20357,20358,20357,2,-2
2024-04-03 15:01:05.947,20357,20358,20357,1,-1
2024-04-03 15:01:05.947,20357,20358,20357,3,-3
2024-04-03 15:01:06.607,20356,20358,20358,1,1
2024-04-03 15:01:06.978,20356,20358,20357,1,1
2024-04-03 15:01:08.043,20356,20358,20358,2,2
2024-04-03 15:01:08.083,20356,20358,20358,1,1
2024-04-03 15:01:08.259,20357,20359,20357,4,-4
2024-04-03 15:01:08.378,20357,20358,20358,1,1
2024-04-03 15:01:10.038,20358,20359,20358,1,-1
2024-04-03 15:01:10.402,20358,20359,20358,1,-1
2024-04-03 15:01:11.558,20358,20359,20358,3,-3
2024-04-03 15:01:12.992,20358,20359,20359,1,1
2024-04-03 15:01:12.999,20358,20359,20359,1,1
2024-04-03 15:01:13.859,20358,20359,20359,6,6
2024-04-03 15:01:13.860,20358,20359,20360,14,14
2024-04-03 15:01:13.899,20358,20359,20359,3,3
2024-04-03 15:01:15.383,20359,20360,20359,1,-1
2024-04-03 15:01:15.383,20359,20360,20358,1,-1
2024-04-03 15:01:17.355,20357,20359,20359,1,1
2024-04-03 15:01:18.627,20357,20358,20357,3,-3
2024-04-03 15:01:18.627,20357,20358,20357,5,-5
2024-04-03 15:01:18.627,20357,20358,20357,1,-1
2024-04-03 15:01:18.652,20357,20358,20357,1,-1
2024-04-03 15:01:19.032,20357,20358,20357,1,-1
2024-04-03 15:01:22.577,20357,20358,20358,1,1
2024-04-03 15:01:22.896,20358,20359,20359,2,2
2024-04-03 15:01:22.897,20358,20359,20359,2,2
2024-04-03 15:01:23.074,20359,20360,20359,2,-2
2024-04-03 15:01:27.306,20358,20360,20358,3,-3
2024-04-03 15:01:27.370,20358,20360,20360,1,1
2024-04-03 15:01:30.450,20358,20359,20359,1,1
2024-04-03 15:01:33.829,20359,20360,20360,1,1
2024-04-03 15:01:33.829,20359,20360,20360,1,1
2024-04-03 15:01:34.181,20360,20361,20360,4,-4
2024-04-03 15:01:34.367,20360,20361,20360,1,-1
2024-04-03 15:01:35.067,20360,20361,20360,1,-1
2024-04-03 15:01:36.198,20360,20361,20361,2,2
2024-04-03 15:01:36.199,20360,20361,20361,6,6
2024-04-03 15:01:36.199,20360,20361,20361,3,3
2024-04-03 15:01:36.200,20360,20361,20362,2,2
2024-04-03 15:01:36.200,20360,20361,20362,1,1
2024-04-03 15:01:36.200,20360,20361,20362,1,1
2024-04-03 15:01:37.061,20362,20363,20362,1,-1
2024-04-03 15:01:37.308,20361,20363,20361,1,-1
2024-04-03 15:01:38.736,20361,20363,20361,1,-1
2024-04-03 15:01:38.805,20361,20363,20361,4,-4
2024-04-03 15:01:38.805,20361,20363,20360,1,-1
2024-04-03 15:01:39.332,20360,20361,20360,1,-1
2024-04-03 15:01:44.043,20360,20361,20360,4,-4
2024-04-03 15:01:45.267,20360,20361,20361,2,2
2024-04-03 15:01:45.363,20360,20362,20360,2,-2
2024-04-03 15:01:45.966,20360,20361,20361,1,1
2024-04-03 15:01:46.702,20360,20361,20361,1,1
2024-04-03 15:01:47.913,20360,20362,20362,2,2
2024-04-03 15:01:50.082,20360,20362,20360,3,-3
2024-04-03 15:01:52.663,20360,20361,20361,1,1
2024-04-03 15:01:52.709,20360,20361,20360,1,-1
2024-04-03 15:01:53.165,20360,20361,20360,1,-1
2024-04-03 15:01:53.165,20360,20361,20360,1,-1
2024-04-03 15:01:53.166,20360,20361,20360,2,-2
2024-04-03 15:01:55.154,20360,20361,20361,3,3
2024-04-03 15:01:56.139,20360,20361,20361,2,2
2024-04-03 15:02:00.241,20360,20361,20361,2,2
2024-04-03 15:02:00.402,20360,20361,20360,1,-1
2024-04-03 15:02:03.907,20360,20361,20360,4,-4
2024-04-03 15:02:03.908,20360,20361,20360,1,-1
2024-04-03 15:02:06.097,20359,20360,20360,2,2
2024-04-03 15:02:10.727,20360,20361,20360,1,-1
2024-04-03 15:02:12.734,20359,20360,20359,1,-1
2024-04-03 15:02:12.735,20359,20360,20359,1,-1
2024-04-03 15:02:14.477,20358,20360,20360,1,1
2024-04-03 15:02:15.507,20359,20360,20359,1,-1
2024-04-03 15:02:17.092,20359,20360,20359,1,-1
2024-04-03 15:02:17.385,20359,20360,20360,1,1
2024-04-03 15:02:20.970,20358,20360,20360,2,2
2024-04-03 15:02:24.134,20359,20360,20359,1,-1
2024-04-03 15:02:29.571,20358,20359,20358,7,-7
2024-04-03 15:02:29.572,20358,20359,20358,6,-6
2024-04-03 15:02:31.756,20357,20358,20358,2,2
2024-04-03 15:02:33.267,20357,20358,20357,1,-1
2024-04-03 15:02:37.373,20357,20358,20358,3,3
2024-04-03 15:02:37.373,20357,20358,20358,2,2
2024-04-03 15:02:38.970,20358,20359,20358,1,-1
2024-04-03 15:02:39.491,20357,20359,20357,1,-1
2024-04-03 15:02:45.239,20357,20358,20358,1,1
2024-04-03 15:02:50.526,20358,20359,20359,1,1
2024-04-03 15:02:50.526,20358,20359,20359,4,4
2024-04-03 15:02:50.526,20358,20359,20359,1,1
2024-04-03 15:02:50.526,20358,20359,20359,1,1
2024-04-03 15:02:56.610,20359,20360,20359,3,-3
2024-04-03 15:03:00.106,20359,20360,20360,1,1
2024-04-03 15:03:03.646,20359,20360,20360,1,1
2024-04-03 15:03:04.449,20359,20360,20359,1,-1
2024-04-03 15:03:04.520,20358,20360,20359,9,-9
2024-04-03 15:03:04.520,20358,20360,20360,11,11
2024-04-03 15:03:04.989,20359,20360,20359,1,-1
2024-04-03 15:03:05.454,20359,20360,20360,1,1
2024-04-03 15:03:05.586,20359,20360,20360,1,1
2024-04-03 15:03:06.586,20359,20361,20359,1,-1
2024-04-03 15:03:09.647,20359,20360,20359,1,-1
2024-04-03 15:03:09.647,20359,20360,20359,1,-1
2024-04-03 15:03:32.743,20358,20359,20359,1,1
2024-04-03 15:03:33.032,20358,20359,20359,1,1
2024-04-03 15:03:37.563,20358,20359,20359,2,2
2024-04-03 15:03:37.609,20359,20360,20359,1,-1
2024-04-03 15:03:38.907,20359,20360,20359,1,-1
2024-04-03 15:03:39.311,20358,20360,20358,1,-1
2024-04-03 15:03:41.566,20358,20360,20358,1,-1
2024-04-03 15:03:50.445,20358,20359,20358,3,-3
2024-04-03 15:04:03.927,20358,20359,20358,3,-3
2024-04-03 15:04:03.927,20358,20359,20358,2,-2
2024-04-03 15:04:04.388,20357,20358,20357,1,-1
2024-04-03 15:04:04.389,20357,20358,20357,1,-1
2024-04-03 15:04:04.661,20356,20357,20356,1,-1
2024-04-03 15:04:06.472,20356,20357,20357,1,1
2024-04-03 15:04:12.948,20356,20357,20356,3,-3
2024-04-03 15:04:15.057,20355,20356,20355,1,-1
2024-04-03 15:04:16.862,20355,20356,20355,1,-1
2024-04-03 15:04:17.573,20355,20356,20355,1,-1
2024-04-03 15:04:17.589,20355,20356,20355,1,-1
2024-04-03 15:04:19.523,20354,20355,20355,1,1
2024-04-03 15:04:19.863,20354,20355,20355,8,8
2024-04-03 15:04:20.557,20355,20356,20356,2,2
2024-04-03 15:04:24.753,20356,20358,20356,4,-4
2024-04-03 15:04:26.583,20356,20357,20356,1,-1
2024-04-03 15:04:30.542,20355,20356,20355,1,-1
2024-04-03 15:04:32.320,20355,20356,20355,1,-1
2024-04-03 15:04:36.048,20354,20356,20354,2,-2
2024-04-03 15:04:37.373,20354,20356,20354,4,-4
2024-04-03 15:04:38.138,20355,20356,20355,1,-1
2024-04-03 15:04:38.931,20355,20356,20355,1,-1
2024-04-03 15:04:40.792,20354,20356,20356,2,2
2024-04-03 15:04:48.298,20354,20355,20354,2,-2
2024-04-03 15:04:49.768,20354,20355,20355,5,5
2024-04-03 15:04:55.358,20354,20356,20354,7,-7
2024-04-03 15:04:58.752,20354,20356,20354,1,-1
2024-04-03 15:05:00.329,20354,20355,20354,2,-2
2024-04-03 15:05:01.638,20354,20355,20355,2,2
2024-04-03 15:05:02.165,20354,20355,20354,1,-1
2024-04-03 15:05:04.322,20354,20355,20354,1,-1
2024-04-03 15:05:07.198,20353,20354,20353,1,-1
2024-04-03 15:05:07.315,20353,20354,20353,2,-2
2024-04-03 15:05:07.315,20353,20354,20352,7,-7
2024-04-03 15:05:07.446,20352,20354,20352,1,-1
2024-04-03 15:05:10.480,20352,20353,20352,2,-2
2024-04-03 15:05:10.873,20352,20353,20352,1,-1
2024-04-03 15:05:11.494,20352,20353,20352,1,-1
2024-04-03 15:05:13.968,20351,20352,20351,1,-1
2024-04-03 15:05:14.971,20351,20352,20349,4,-4
2024-04-03 15:05:14.971,20351,20352,20350,17,-17
2024-04-03 15:05:14.971,20351,20352,20351,5,-5
2024-04-03 15:05:16.588,20350,20351,20350,2,-2
2024-04-03 15:05:16.687,20349,20351,20349,1,-1
2024-04-03 15:05:16.835,20349,20351,20351,1,1
2024-04-03 15:05:20.240,20350,20351,20350,1,-1
2024-04-03 15:05:23.360,20350,20351,20350,2,-2
2024-04-03 15:05:24.359,20349,20350,20349,1,-1
2024-04-03 15:05:26.052,20348,20350,20348,4,-4
2024-04-03 15:05:26.058,20348,20350,20348,1,-1
2024-04-03 15:05:27.402,20348,20349,20348,1,-1
2024-04-03 15:05:29.940,20347,20348,20347,1,-1
2024-04-03 15:05:31.017,20347,20348,20348,2,2
2024-04-03 15:05:32.987,20347,20348,20348,1,1
2024-04-03 15:05:33.419,20348,20350,20348,1,-1
2024-04-03 15:05:34.395,20348,20350,20348,2,-2
2024-04-03 15:05:36.675,20348,20350,20348,1,-1
2024-04-03 15:05:40.218,20348,20349,20348,3,-3
2024-04-03 15:05:42.727,20347,20348,20347,1,-1
2024-04-03 15:05:42.903,20347,20348,20347,1,-1
2024-04-03 15:05:47.648,20347,20348,20347,1,-1
2024-04-03 15:05:47.994,20347,20348,20347,1,-1
2024-04-03 15:05:48.525,20346,20347,20347,1,1
2024-04-03 15:05:48.525,20346,20347,20348,2,2
2024-04-03 15:05:49.952,20346,20347,20347,1,1
2024-04-03 15:05:52.688,20347,20348,20347,1,-1
2024-04-03 15:05:53.446,20346,20348,20347,1,-1
2024-04-03 15:05:57.292,20347,20348,20347,1,-1
2024-04-03 15:05:58.394,20346,20347,20346,3,-3
2024-04-03 15:05:58.394,20346,20347,20346,1,-1
2024-04-03 15:05:58.394,20346,20347,20346,1,-1
2024-04-03 15:05:58.394,20346,20347,20346,1,-1
2024-04-03 15:05:58.394,20346,20347,20346,4,-4
2024-04-03 15:05:58.828,20345,20346,20346,3,3
2024-04-03 15:06:00.221,20346,20347,20346,6,-6
2024-04-03 15:06:00.221,20346,20347,20346,1,-1
2024-04-03 15:06:02.990,20345,20346,20346,4,4
2024-04-03 15:06:04.030,20347,20348,20347,1,-1
2024-04-03 15:06:04.124,20346,20347,20346,1,-1
2024-04-03 15:06:05.125,20345,20346,20345,1,-1
2024-04-03 15:06:05.229,20345,20346,20345,1,-1
2024-04-03 15:06:05.357,20345,20346,20345,1,-1
2024-04-03 15:06:05.601,20345,20346,20345,2,-2
2024-04-03 15:06:05.831,20345,20346,20345,1,-1
2024-04-03 15:06:06.451,20345,20346,20346,1,1
2024-04-03 15:06:07.080,20345,20346,20345,1,-1
2024-04-03 15:06:07.082,20345,20346,20345,1,-1
2024-04-03 15:06:08.063,20344,20346,20344,1,-1
2024-04-03 15:06:08.557,20344,20346,20344,1,-1
2024-04-03 15:06:08.786,20344,20346,20344,1,-1
2024-04-03 15:06:08.794,20344,20346,20344,1,-1
2024-04-03 15:06:08.854,20344,20345,20344,1,-1
2024-04-03 15:06:09.863,20343,20345,20345,1,1
2024-04-03 15:06:10.099,20343,20345,20343,1,-1
2024-04-03 15:06:12.603,20344,20346,20344,15,-15
2024-04-03 15:06:12.985,20344,20346,20344,1,-1
2024-04-03 15:06:14.116,20344,20346,20344,5,-5
2024-04-03 15:06:15.853,20344,20345,20345,2,2
2024-04-03 15:06:16.227,20345,20346,20345,1,-1
2024-04-03 15:06:16.428,20345,20346,20345,1,-1
2024-04-03 15:06:16.459,20345,20346,20345,1,-1
2024-04-03 15:06:16.613,20344,20346,20344,1,-1
2024-04-03 15:06:20.063,20344,20345,20345,3,3
2024-04-03 15:06:20.215,20345,20346,20345,2,-2
2024-04-03 15:06:22.528,20344,20345,20345,2,2
2024-04-03 15:06:23.259,20344,20345,20345,1,1
2024-04-03 15:06:25.946,20345,20346,20346,1,1
2024-04-03 15:06:31.247,20345,20346,20346,5,5
2024-04-03 15:06:31.810,20346,20347,20346,5,-5
2024-04-03 15:06:33.312,20346,20347,20347,1,1
2024-04-03 15:06:33.313,20346,20347,20347,4,4
2024-04-03 15:06:34.099,20346,20348,20346,1,-1
2024-04-03 15:06:35.152,20346,20348,20348,1,1
2024-04-03 15:06:39.385,20347,20348,20347,4,-4
2024-04-03 15:06:39.385,20347,20348,20346,3,-3
2024-04-03 15:06:40.682,20347,20348,20348,1,1
2024-04-03 15:06:46.846,20346,20348,20346,1,-1
2024-04-03 15:06:50.516,20346,20347,20346,4,-4
2024-04-03 15:06:50.517,20346,20347,20346,2,-2
2024-04-03 15:06:58.094,20345,20347,20345,1,-1
2024-04-03 15:07:00.460,20345,20346,20345,2,-2
2024-04-03 15:07:01.690,20345,20346,20345,2,-2
2024-04-03 15:07:01.691,20345,20346,20345,1,-1
2024-04-03 15:07:02.012,20344,20346,20344,2,-2
2024-04-03 15:07:06.638,20344,20345,20345,2,2
2024-04-03 15:07:07.929,20345,20346,20345,2,-2
2024-04-03 15:07:11.653,20344,20345,20345,1,1
2024-04-03 15:07:12.571,20344,20345,20345,1,1
2024-04-03 15:07:12.571,20344,20345,20345,1,1
2024-04-03 15:07:16.990,20345,20346,20346,2,2
2024-04-03 15:07:16.990,20345,20346,20346,4,4
2024-04-03 15:07:16.990,20345,20346,20346,2,2
2024-04-03 15:07:17.655,20346,20347,20346,5,-5
2024-04-03 15:07:17.772,20346,20347,20347,1,1
2024-04-03 15:07:17.772,20346,20347,20347,1,1
2024-04-03 15:07:17.772,20346,20347,20347,3,3
2024-04-03 15:07:18.742,20346,20348,20346,2,-2
2024-04-03 15:07:19.018,20346,20348,20348,11,11
2024-04-03 15:07:19.018,20346,20348,20349,15,15
2024-04-03 15:07:25.350,20348,20350,20350,1,1
2024-04-03 15:07:27.341,20348,20350,20350,1,1
2024-04-03 15:07:37.915,20348,20349,20348,1,-1
2024-04-03 15:07:38.015,20348,20349,20348,4,-4
2024-04-03 15:07:39.184,20345,20346,20345,3,-3
2024-04-03 15:07:39.184,20345,20346,20345,1,-1
2024-04-03 15:07:46.524,20345,20346,20345,3,-3
2024-04-03 15:07:49.135,20344,20345,20345,1,1
2024-04-03 15:07:52.821,20345,20346,20346,1,1
2024-04-03 15:07:58.261,20345,20346,20345,1,-1
2024-04-03 15:07:58.548,20344,20345,20345,3,3
2024-04-03 15:08:00.894,20344,20345,20345,1,1
2024-04-03 15:08:01.445,20344,20345,20345,1,1
2024-04-03 15:08:03.840,20345,20346,20346,1,1
2024-04-03 15:08:03.841,20345,20346,20346,2,2
2024-04-03 15:08:08.894,20346,20348,20348,3,3
2024-04-03 15:08:11.936,20347,20349,20347,3,-3
2024-04-03 15:08:12.739,20347,20348,20348,1,1
2024-04-03 15:08:13.095,20347,20349,20347,1,-1
2024-04-03 15:08:13.196,20347,20349,20347,2,-2
2024-04-03 15:08:17.540,20346,20348,20346,1,-1
2024-04-03 15:08:31.200,20346,20347,20347,2,2
2024-04-03 15:08:31.232,20347,20348,20347,1,-1
2024-04-03 15:08:31.480,20347,20348,20347,2,-2
2024-04-03 15:08:32.701,20347,20348,20347,2,-2
2024-04-03 15:08:38.287,20347,20348,20347,1,-1
2024-04-03 15:08:38.885,20347,20348,20347,1,-1
2024-04-03 15:08:40.222,20347,20348,20347,4,-4
2024-04-03 15:08:47.181,20345,20347,20345,1,-1
2024-04-03 15:08:48.320,20346,20347,20346,1,-1
2024-04-03 15:08:50.294,20345,20347,20346,5,-5
2024-04-03 15:08:52.686,20345,20346,20345,2,-2
2024-04-03 15:08:53.886,20345,20346,20346,1,1
2024-04-03 15:08:56.660,20345,20347,20345,1,-1
2024-04-03 15:08:57.956,20345,20346,20345,4,-4
2024-04-03 15:09:01.462,20344,20345,20344,1,-1
2024-04-03 15:09:01.462,20344,20345,20344,6,-6
2024-04-03 15:09:01.727,20343,20344,20343,6,-6
2024-04-03 15:09:01.727,20343,20344,20343,1,-1
2024-04-03 15:09:04.356,20342,20344,20342,1,-1
2024-04-03 15:09:04.970,20342,20343,20343,1,1
2024-04-03 15:09:05.610,20343,20344,20343,1,-1
2024-04-03 15:09:05.610,20343,20344,20342,1,-1
2024-04-03 15:09:08.794,20343,20344,20343,2,-2
2024-04-03 15:09:13.080,20343,20344,20343,3,-3
2024-04-03 15:09:15.534,20343,20344,20344,2,2
2024-04-03 15:09:15.534,20343,20344,20344,1,1
2024-04-03 15:09:15.800,20344,20345,20344,1,-1
2024-04-03 15:09:20.222,20344,20345,20344,5,-5
2024-04-03 15:09:27.330,20344,20345,20344,1,-1
2024-04-03 15:09:35.339,20343,20344,20344,1,1
2024-04-03 15:09:35.340,20343,20344,20344,1,1
2024-04-03 15:09:35.434,20343,20344,20345,1,1
2024-04-03 15:09:40.588,20345,20347,20345,1,-1
2024-04-03 15:09:42.957,20346,20347,20346,1,-1
2024-04-03 15:09:43.290,20345,20346,20346,2,2
2024-04-03 15:09:56.220,20346,20347,20347,1,1
2024-04-03 15:09:59.005,20346,20347,20346,3,-3
2024-04-03 15:09:59.005,20346,20347,20345,1,-1
2024-04-03 15:10:00.791,20345,20347,20347,5,5
2024-04-03 15:10:05.580,20346,20347,20346,5,-5
2024-04-03 15:10:05.593,20345,20347,20345,1,-1
2024-04-03 15:10:05.593,20345,20347,20345,1,-1
2024-04-03 15:10:05.593,20345,20347,20345,1,-1
2024-04-03 15:10:05.746,20345,20347,20347,1,1
2024-04-03 15:10:11.507,20345,20346,20345,1,-1
2024-04-03 15:10:18.768,20346,20347,20346,1,-1
2024-04-03 15:10:18.843,20345,20347,20345,1,-1
2024-04-03 15:10:25.210,20346,20347,20346,1,-1
2024-04-03 15:10:34.318,20345,20346,20347,1,1
2024-04-03 15:10:34.318,20345,20346,20346,1,1
2024-04-03 15:10:35.632,20345,20346,20345,1,-1
2024-04-03 15:10:35.633,20345,20346,20345,5,-5
2024-04-03 15:10:35.633,20345,20346,20345,1,-1
2024-04-03 15:10:35.633,20345,20346,20345,1,-1
2024-04-03 15:10:35.633,20345,20346,20345,1,-1
2024-04-03 15:10:35.718,20344,20346,20344,1,-1
2024-04-03 15:10:35.719,20344,20346,20344,1,-1
2024-04-03 15:10:37.558,20344,20346,20344,1,-1
2024-04-03 15:10:37.571,20344,20346,20344,1,-1
2024-04-03 15:10:40.223,20345,20346,20345,1,-1
2024-04-03 15:10:44.411,20344,20345,20345,1,1
2024-04-03 15:10:46.839,20345,20346,20345,2,-2
2024-04-03 15:10:49.478,20345,20346,20345,5,-5
2024-04-03 15:10:54.055,20345,20346,20346,2,2
2024-04-03 15:11:01.252,20346,20347,20347,4,4
2024-04-03 15:11:01.439,20347,20348,20347,1,-1
2024-04-03 15:11:01.513,20347,20348,20347,1,-1
2024-04-03 15:11:03.219,20347,20348,20348,9,9
2024-04-03 15:11:11.140,20348,20349,20349,1,1
2024-04-03 15:11:11.140,20348,20349,20349,1,1
2024-04-03 15:11:11.198,20348,20349,20350,4,4
2024-04-03 15:11:11.966,20349,20350,20350,6,6
2024-04-03 15:11:17.671,20350,20351,20350,1,-1
2024-04-03 15:11:18.473,20348,20350,20348,1,-1
2024-04-03 15:11:18.552,20348,20350,20350,2,2
2024-04-03 15:11:21.265,20349,20350,20350,1,1
2024-04-03 15:11:25.757,20349,20350,20350,1,1
2024-04-03 15:11:32.962,20349,20350,20349,2,-2
2024-04-03 15:11:32.962,20349,20350,20349,1,-1
2024-04-03 15:11:32.962,20349,20350,20349,1,-1
2024-04-03 15:11:32.962,20349,20350,20349,2,-2
2024-04-03 15:11:32.962,20349,20350,20349,1,-1
2024-04-03 15:11:33.613,20348,20349,20349,1,1
2024-04-03 15:11:39.512,20348,20349,20348,1,-1
2024-04-03 15:11:40.067,20346,20348,20348,1,1
2024-04-03 15:11:48.386,20348,20349,20349,1,1
2024-04-03 15:12:00.663,20348,20349,20349,1,1
2024-04-03 15:12:00.663,20348,20349,20349,1,1
2024-04-03 15:12:00.663,20348,20349,20349,4,4
2024-04-03 15:12:06.781,20348,20350,20350,3,3
2024-04-03 15:12:10.492,20349,20351,20349,1,-1
2024-04-03 15:12:12.466,20349,20351,20349,3,-3
2024-04-03 15:12:13.394,20348,20350,20350,1,1
2024-04-03 15:12:15.886,20349,20350,20350,1,1
2024-04-03 15:12:17.993,20349,20350,20349,2,-2
2024-04-03 15:12:18.800,20349,20350,20350,1,1
2024-04-03 15:12:18.800,20349,20350,20350,1,1
2024-04-03 15:12:26.950,20349,20350,20350,1,1
2024-04-03 15:12:32.052,20349,20350,20350,1,1
2024-04-03 15:12:35.359,20350,20351,20351,12,12
2024-04-03 15:12:35.359,20350,20351,20351,2,2
2024-04-03 15:12:35.359,20350,20351,20351,1,1
2024-04-03 15:12:38.715,20351,20352,20352,1,1
2024-04-03 15:12:38.715,20351,20352,20352,1,1
2024-04-03 15:12:39.061,20351,20352,20351,1,-1
2024-04-03 15:12:40.331,20351,20352,20352,1,1
2024-04-03 15:12:40.481,20352,20353,20353,1,1
2024-04-03 15:12:44.088,20352,20353,20353,1,1
2024-04-03 15:12:44.746,20353,20354,20354,1,1
2024-04-03 15:12:44.787,20353,20354,20353,1,-1
2024-04-03 15:12:48.082,20353,20354,20353,2,-2
2024-04-03 15:12:48.683,20352,20353,20353,1,1
2024-04-03 15:12:54.200,20352,20353,20352,1,-1
2024-04-03 15:12:59.106,20351,20352,20351,1,-1
2024-04-03 15:12:59.858,20350,20351,20350,1,-1
2024-04-03 15:13:04.805,20349,20351,20351,5,5
2024-04-03 15:13:12.093,20350,20351,20351,1,1
2024-04-03 15:13:12.093,20350,20351,20351,1,1
2024-04-03 15:13:14.007,20350,20351,20351,1,1
2024-04-03 15:13:17.707,20350,20351,20351,10,10
2024-04-03 15:13:20.728,20351,20352,20352,2,2
2024-04-03 15:13:26.038,20352,20353,20352,1,-1
2024-04-03 15:13:28.187,20352,20353,20352,2,-2
2024-04-03 15:13:28.187,20352,20353,20352,9,-9
2024-04-03 15:13:29.995,20351,20353,20353,10,10
2024-04-03 15:13:33.061,20352,20354,20354,1,1
2024-04-03 15:13:36.486,20353,20354,20354,2,2
2024-04-03 15:13:36.486,20353,20354,20354,1,1
2024-04-03 15:13:36.486,20353,20354,20354,4,4
2024-04-03 15:13:36.486,20353,20354,20354,2,2
2024-04-03 15:13:36.486,20353,20354,20354,4,4
2024-04-03 15:13:37.125,20354,20355,20355,1,1
2024-04-03 15:13:37.126,20354,20355,20355,6,6
2024-04-03 15:13:37.126,20354,20355,20355,1,1
2024-04-03 15:13:37.126,20354,20355,20355,7,7
2024-04-03 15:13:41.213,20355,20356,20356,1,1
2024-04-03 15:13:41.236,20355,20356,20356,1,1
2024-04-03 15:13:42.556,20355,20356,20355,1,-1
2024-04-03 15:13:42.737,20355,20356,20356,3,3
2024-04-03 15:13:42.797,20355,20356,20356,1,1
2024-04-03 15:13:44.097,20356,20357,20357,1,1
2024-04-03 15:13:44.242,20356,20357,20357,1,1
2024-04-03 15:13:44.311,20356,20357,20357,1,1
2024-04-03 15:13:44.684,20356,20357,20356,1,-1
2024-04-03 15:13:46.434,20356,20357,20356,1,-1
2024-04-03 15:13:47.132,20356,20357,20356,1,-1
2024-04-03 15:13:47.149,20356,20357,20356,3,-3
2024-04-03 15:13:47.943,20355,20356,20356,2,2
2024-04-03 15:13:51.807,20355,20356,20356,1,1
2024-04-03 15:13:51.854,20355,20356,20355,1,-1
2024-04-03 15:13:51.972,20355,20356,20355,4,-4
2024-04-03 15:13:52.550,20353,20355,20355,2,2
2024-04-03 15:13:52.952,20353,20355,20355,5,5
2024-04-03 15:13:52.954,20353,20355,20355,5,5
2024-04-03 15:13:57.869,20354,20355,20355,1,1
2024-04-03 15:13:59.802,20354,20355,20354,1,-1
2024-04-03 15:14:09.949,20353,20354,20354,1,1
2024-04-03 15:14:10.094,20353,20354,20354,2,2
2024-04-03 15:14:17.101,20354,20355,20354,1,-1
2024-04-03 15:14:39.895,20354,20355,20354,1,-1
2024-04-03 15:14:43.069,20354,20355,20355,17,17
2024-04-03 15:14:46.962,20355,20356,20356,2,2
2024-04-03 15:14:50.894,20355,20356,20356,5,5
2024-04-03 15:14:52.686,20355,20356,20356,5,5
2024-04-03 15:14:55.561,20355,20356,20356,4,4
2024-04-03 15:14:55.818,20356,20357,20357,2,2
2024-04-03 15:14:56.857,20356,20357,20357,1,1
2024-04-03 15:14:57.893,20356,20357,20357,4,4
2024-04-03 15:14:57.893,20356,20357,20357,2,2
2024-04-03 15:14:58.212,20357,20358,20357,1,-1
2024-04-03 15:15:00.851,20357,20358,20357,1,-1
2024-04-03 15:15:01.530,20357,20358,20357,1,-1
2024-04-03 15:15:01.592,20356,20358,20358,1,1
2024-04-03 15:15:02.329,20356,20358,20358,2,2
2024-04-03 15:15:06.189,20356,20357,20357,2,2
2024-04-03 15:15:13.653,20356,20357,20357,1,1
2024-04-03 15:15:13.815,20356,20357,20357,1,1
2024-04-03 15:15:13.826,20356,20357,20357,1,1
2024-04-03 15:15:14.142,20356,20357,20356,1,-1
2024-04-03 15:15:14.611,20355,20356,20356,2,2
2024-04-03 15:15:14.611,20355,20356,20357,15,15
2024-04-03 15:15:14.611,20355,20356,20358,11,11
2024-04-03 15:15:20.482,20355,20357,20357,1,1
2024-04-03 15:15:27.457,20355,20357,20357,2,2
2024-04-03 15:15:27.468,20355,20357,20357,1,1
2024-04-03 15:15:27.468,20355,20357,20357,1,1
2024-04-03 15:15:47.590,20356,20357,20357,1,1
2024-04-03 15:15:50.701,20357,20358,20358,4,4
2024-04-03 15:15:50.701,20357,20358,20358,1,1
2024-04-03 15:15:50.701,20357,20358,20358,2,2
2024-04-03 15:15:51.021,20358,20359,20359,1,1
2024-04-03 15:15:51.022,20358,20359,20359,14,14
2024-04-03 15:15:53.693,20359,20360,20359,1,-1
2024-04-03 15:15:59.183,20359,20360,20359,2,-2
2024-04-03 15:16:00.098,20358,20359,20359,1,1
2024-04-03 15:16:00.931,20358,20360,20360,1,1
2024-04-03 15:16:02.357,20358,20359,20359,1,1
2024-04-03 15:16:02.468,20358,20359,20359,1,1
2024-04-03 15:16:02.469,20358,20359,20359,1,1
2024-04-03 15:16:03.759,20358,20360,20360,1,1
2024-04-03 15:16:07.471,20358,20360,20360,1,1
2024-04-03 15:16:09.693,20359,20360,20359,1,-1
2024-04-03 15:16:09.717,20358,20360,20360,1,1
2024-04-03 15:16:09.718,20358,20360,20360,1,1
2024-04-03 15:16:13.105,20359,20360,20360,1,1
2024-04-03 15:16:15.848,20359,20360,20359,1,-1
2024-04-03 15:16:17.227,20359,20360,20360,1,1
2024-04-03 15:16:19.918,20359,20360,20360,1,1
2024-04-03 15:16:19.968,20359,20360,20360,1,1
2024-04-03 15:16:19.969,20359,20360,20360,1,1
2024-04-03 15:16:20.544,20359,20360,20360,1,1
2024-04-03 15:16:20.544,20359,20360,20360,3,3
2024-04-03 15:16:20.544,20359,20360,20360,5,5
2024-04-03 15:16:20.544,20359,20360,20360,5,5
2024-04-03 15:16:21.756,20359,20361,20360,1,1
2024-04-03 15:16:23.910,20360,20361,20360,1,-1
2024-04-03 15:16:24.738,20360,20361,20360,1,-1
2024-04-03 15:16:25.451,20360,20361,20361,1,1
2024-04-03 15:16:26.496,20360,20361,20361,1,1
2024-04-03 15:16:27.863,20360,20361,20360,1,-1
2024-04-03 15:16:27.967,20360,20361,20361,1,1
2024-04-03 15:16:31.643,20360,20361,20360,3,-3
2024-04-03 15:16:38.309,20359,20360,20359,1,-1
2024-04-03 15:16:38.347,20359,20360,20360,1,1
2024-04-03 15:16:41.137,20359,20360,20359,1,-1
2024-04-03 15:16:41.137,20359,20360,20359,1,-1
2024-04-03 15:16:43.058,20359,20360,20360,1,1
2024-04-03 15:16:43.058,20359,20360,20360,2,2
2024-04-03 15:16:43.059,20359,20360,20361,5,5
2024-04-03 15:16:49.359,20360,20361,20361,5,5
2024-04-03 15:16:51.441,20359,20361,20359,1,-1
2024-04-03 15:17:01.175,20360,20361,20360,1,-1
2024-04-03 15:17:17.802,20359,20361,20361,1,1
2024-04-03 15:17:28.117,20359,20360,20360,3,3
2024-04-03 15:17:28.117,20359,20360,20360,1,1
2024-04-03 15:17:28.117,20359,20360,20360,2,2
2024-04-03 15:17:28.117,20359,20360,20360,2,2
2024-04-03 15:17:28.203,20359,20360,20359,1,-1
2024-04-03 15:17:29.207,20359,20361,20361,3,3
2024-04-03 15:17:29.224,20359,20361,20361,3,3
2024-04-03 15:17:30.257,20359,20361,20361,3,3
2024-04-03 15:17:30.275,20359,20361,20361,3,3
2024-04-03 15:17:30.519,20359,20361,20359,8,-8
2024-04-03 15:17:39.145,20359,20360,20359,1,-1
2024-04-03 15:17:40.486,20359,20360,20359,1,-1
2024-04-03 15:17:42.801,20358,20360,20358,1,-1
2024-04-03 15:17:46.134,20358,20360,20358,10,-10
2024-04-03 15:18:04.439,20357,20358,20358,1,1
2024-04-03 15:18:05.032,20357,20359,20357,1,-1
2024-04-03 15:18:08.897,20358,20359,20358,2,-2
2024-04-03 15:18:10.969,20357,20358,20358,1,1
2024-04-03 15:18:11.614,20357,20358,20357,1,-1
2024-04-03 15:18:15.252,20357,20358,20358,1,1
2024-04-03 15:18:15.252,20357,20358,20358,6,6
2024-04-03 15:18:15.252,20357,20358,20358,5,5
2024-04-03 15:18:15.650,20358,20359,20358,1,-1
2024-04-03 15:18:22.466,20358,20359,20358,10,-10
2024-04-03 15:18:33.912,20358,20359,20359,1,1
2024-04-03 15:18:33.912,20358,20359,20359,1,1
2024-04-03 15:18:34.182,20359,20360,20358,2,-2
2024-04-03 15:18:49.798,20358,20359,20357,1,-1
2024-04-03 15:18:49.798,20358,20359,20358,3,-3
2024-04-03 15:18:51.331,20357,20359,20359,1,1
2024-04-03 15:19:15.598,20357,20358,20358,1,1
2024-04-03 15:19:18.861,20357,20358,20358,1,1
2024-04-03 15:19:19.150,20357,20358,20357,5,-5
2024-04-03 15:19:19.150,20357,20358,20357,1,-1
2024-04-03 15:19:25.771,20356,20357,20357,1,1
2024-04-03 15:19:27.553,20356,20357,20357,1,1
2024-04-03 15:19:48.101,20356,20357,20356,10,-10
2024-04-03 15:19:50.842,20355,20356,20355,1,-1
2024-04-03 15:19:50.863,20355,20356,20355,3,-3
2024-04-03 15:19:50.863,20355,20356,20355,2,-2
2024-04-03 15:19:58.137,20354,20356,20355,1,-1
2024-04-03 15:20:00.307,20354,20356,20354,1,-1
2024-04-03 15:20:00.682,20354,20356,20356,1,1
2024-04-03 15:20:03.000,20355,20357,20355,1,-1
2024-04-03 15:20:03.000,20355,20357,20355,2,-2
2024-04-03 15:20:03.992,20354,20356,20356,1,1
2024-04-03 15:20:06.093,20353,20354,20353,1,-1
2024-04-03 15:20:06.246,20353,20354,20353,1,-1
2024-04-03 15:20:06.558,20353,20354,20354,1,1
2024-04-03 15:20:07.704,20353,20354,20353,2,-2
2024-04-03 15:20:07.704,20353,20354,20352,1,-1
2024-04-03 15:20:08.961,20352,20354,20352,3,-3
2024-04-03 15:20:10.307,20352,20353,20352,3,-3
2024-04-03 15:20:14.124,20352,20353,20352,1,-1
2024-04-03 15:20:14.900,20351,20353,20353,5,5
2024-04-03 15:20:18.106,20353,20354,20354,3,3
2024-04-03 15:20:18.106,20353,20354,20355,7,7
2024-04-03 15:20:21.731,20353,20355,20355,2,2
2024-04-03 15:20:21.731,20353,20355,20355,11,11
2024-04-03 15:20:21.732,20353,20355,20355,5,5
2024-04-03 15:20:21.962,20353,20355,20354,1,1
2024-04-03 15:20:24.470,20353,20355,20353,1,-1
2024-04-03 15:20:25.636,20353,20355,20353,1,-1
2024-04-03 15:20:28.121,20353,20355,20355,16,16
2024-04-03 15:20:28.122,20353,20355,20355,2,2
2024-04-03 15:20:35.233,20355,20356,20356,1,1
2024-04-03 15:20:35.234,20355,20356,20356,1,1
2024-04-03 15:20:35.234,20355,20356,20356,1,1
2024-04-03 15:20:35.235,20355,20356,20356,1,1
2024-04-03 15:20:35.235,20355,20356,20356,1,1
2024-04-03 15:20:42.762,20355,20356,20356,1,1
2024-04-03 15:20:43.231,20355,20357,20357,18,18
2024-04-03 15:20:43.232,20355,20357,20357,1,1
2024-04-03 15:20:43.232,20355,20357,20357,1,1
2024-04-03 15:20:45.972,20355,20357,20357,15,15
2024-04-03 15:20:45.972,20355,20357,20357,1,1
2024-04-03 15:20:45.973,20355,20357,20357,4,4
2024-04-03 15:20:46.561,20356,20357,20357,1,1
2024-04-03 15:20:51.375,20356,20357,20356,1,-1
2024-04-03 15:20:52.888,20356,20357,20357,1,1
2024-04-03 15:20:53.294,20356,20357,20357,1,1
2024-04-03 15:20:54.111,20356,20358,20356,5,-5
2024-04-03 15:21:06.995,20356,20357,20356,1,-1
2024-04-03 15:21:06.995,20356,20357,20355,2,-2
2024-04-03 15:21:07.879,20355,20356,20356,1,1
2024-04-03 15:21:07.968,20355,20357,20357,1,1
2024-04-03 15:21:09.899,20356,20357,20356,5,-5
2024-04-03 15:21:20.211,20355,20356,20355,7,-7
2024-04-03 15:21:25.759,20355,20356,20356,2,2
2024-04-03 15:21:25.760,20355,20356,20356,5,5
2024-04-03 15:21:26.603,20356,20357,20357,2,2
2024-04-03 15:21:26.603,20356,20357,20357,1,1
2024-04-03 15:21:26.603,20356,20357,20357,1,1
2024-04-03 15:21:26.603,20356,20357,20357,3,3
2024-04-03 15:21:37.299,20357,20358,20358,5,5
2024-04-03 15:21:37.752,20358,20359,20358,5,-5
2024-04-03 15:21:37.752,20358,20359,20358,2,-2
2024-04-03 15:21:37.752,20358,20359,20358,1,-1
2024-04-03 15:21:37.752,20358,20359,20358,1,-1
2024-04-03 15:21:37.753,20358,20359,20358,1,-1
2024-04-03 15:21:37.753,20358,20359,20358,1,-1
2024-04-03 15:21:37.804,20358,20359,20358,3,-3
2024-04-03 15:21:37.839,20358,20359,20358,1,-1
2024-04-03 15:21:38.125,20357,20359,20358,1,-1
2024-04-03 15:21:38.340,20357,20359,20358,1,-1
2024-04-03 15:21:38.340,20357,20359,20358,1,-1
2024-04-03 15:21:38.341,20357,20359,20358,1,-1
2024-04-03 15:21:40.427,20357,20359,20358,1,-1
2024-04-03 15:21:43.155,20358,20359,20359,1,1
2024-04-03 15:21:45.833,20358,20359,20359,1,1
2024-04-03 15:21:49.544,20358,20359,20359,2,2
2024-04-03 15:21:49.546,20358,20359,20359,1,1
2024-04-03 15:21:56.784,20359,20360,20360,1,1
2024-04-03 15:21:57.612,20359,20360,20360,1,1
2024-04-03 15:21:58.840,20359,20360,20359,2,-2
2024-04-03 15:22:10.044,20358,20359,20358,1,-1
2024-04-03 15:22:10.544,20358,20359,20358,1,-1
2024-04-03 15:22:16.201,20356,20358,20358,1,1
2024-04-03 15:22:44.517,20356,20357,20357,4,4
2024-04-03 15:22:48.343,20356,20357,20356,1,-1
2024-04-03 15:22:52.128,20355,20357,20357,1,1
2024-04-03 15:22:56.109,20357,20358,20357,1,-1
2024-04-03 15:22:56.364,20357,20358,20357,1,-1
2024-04-03 15:23:05.129,20356,20357,20356,3,-3
2024-04-03 15:23:05.220,20355,20356,20356,1,1
2024-04-03 15:23:05.221,20355,20356,20357,1,1
2024-04-03 15:23:15.405,20355,20357,20357,3,3
2024-04-03 15:23:17.704,20355,20357,20355,1,-1
2024-04-03 15:23:18.350,20355,20357,20355,1,-1
2024-04-03 15:23:33.602,20356,20357,20356,1,-1
2024-04-03 15:23:33.602,20356,20357,20355,2,-2
2024-04-03 15:23:42.054,20355,20356,20356,7,7
2024-04-03 15:24:01.968,20356,20357,20356,1,-1
2024-04-03 15:24:01.968,20356,20357,20356,2,-2
2024-04-03 15:24:02.806,20355,20357,20355,1,-1
2024-04-03 15:24:33.079,20355,20356,20355,14,-14
2024-04-03 15:24:33.109,20354,20355,20354,1,-1
2024-04-03 15:24:34.109,20354,20355,20354,1,-1
2024-04-03 15:24:34.218,20353,20355,20355,1,1
2024-04-03 15:25:00.100,20353,20354,20354,1,1
2024-04-03 15:25:00.579,20353,20354,20353,1,-1
2024-04-03 15:25:01.327,20353,20354,20353,1,-1
2024-04-03 15:25:01.327,20353,20354,20353,3,-3
2024-04-03 15:25:06.414,20352,20353,20352,1,-1
2024-04-03 15:25:06.501,20352,20353,20352,1,-1
2024-04-03 15:25:06.501,20352,20353,20352,1,-1
2024-04-03 15:25:17.242,20352,20353,20353,1,1
2024-04-03 15:25:17.242,20352,20353,20353,1,1
2024-04-03 15:25:31.526,20351,20352,20351,2,-2
2024-04-03 15:25:31.610,20351,20352,20351,2,-2
2024-04-03 15:25:36.318,20351,20352,20351,2,-2
2024-04-03 15:25:36.466,20351,20352,20352,4,4
2024-04-03 15:25:37.048,20352,20354,20352,1,-1
2024-04-03 15:25:37.863,20352,20354,20352,1,-1
2024-04-03 15:25:49.396,20352,20353,20352,2,-2
2024-04-03 15:25:52.457,20352,20353,20352,1,-1
2024-04-03 15:25:53.873,20352,20353,20352,1,-1
2024-04-03 15:26:00.212,20352,20353,20352,1,-1
2024-04-03 15:26:06.646,20351,20353,20353,10,10
2024-04-03 15:26:11.441,20353,20355,20355,10,10
2024-04-03 15:26:20.224,20354,20355,20354,1,-1
2024-04-03 15:26:26.609,20353,20354,20354,1,1
2024-04-03 15:26:40.224,20354,20355,20354,7,-7
2024-04-03 15:26:45.451,20354,20355,20355,1,1
2024-04-03 15:26:45.451,20354,20355,20355,2,2
2024-04-03 15:26:56.096,20354,20356,20354,2,-2
2024-04-03 15:27:01.547,20354,20355,20355,1,1
2024-04-03 15:27:01.547,20354,20355,20355,1,1
2024-04-03 15:27:02.403,20355,20356,20355,1,-1
2024-04-03 15:27:06.220,20355,20356,20355,2,-2
2024-04-03 15:27:08.776,20355,20356,20356,1,1
2024-04-03 15:27:14.617,20355,20356,20356,3,3
2024-04-03 15:27:36.718,20354,20355,20355,1,1
2024-04-03 15:27:45.990,20354,20355,20354,1,-1
2024-04-03 15:27:45.992,20354,20355,20353,1,-1
2024-04-03 15:27:56.473,20351,20353,20351,6,-6
2024-04-03 15:28:25.213,20352,20354,20352,3,-3
2024-04-03 15:28:51.579,20352,20353,20352,1,-1
2024-04-03 15:28:59.111,20352,20353,20353,1,1
2024-04-03 15:29:04.675,20352,20353,20352,2,-2
2024-04-03 15:29:04.677,20352,20353,20351,17,-17
2024-04-03 15:29:08.543,20350,20351,20351,2,2
2024-04-03 15:29:10.015,20350,20351,20351,2,2
2024-04-03 15:29:10.015,20350,20351,20352,18,18
2024-04-03 15:29:11.243,20350,20351,20351,1,1
2024-04-03 15:29:18.757,20351,20352,20351,1,-1
2024-04-03 15:29:20.359,20351,20352,20351,1,-1
2024-04-03 15:29:27.469,20350,20351,20350,1,-1
2024-04-03 15:29:29.851,20350,20351,20350,1,-1
2024-04-03 15:29:31.673,20350,20351,20350,1,-1
2024-04-03 15:29:32.130,20350,20351,20350,1,-1
2024-04-03 15:29:36.867,20350,20351,20350,1,-1
2024-04-03 15:29:37.144,20350,20351,20350,2,-2
2024-04-03 15:29:40.215,20350,20351,20350,4,-4
2024-04-03 15:29:43.355,20349,20350,20349,1,-1
2024-04-03 15:29:47.340,20349,20350,20349,2,-2
2024-04-03 15:29:49.388,20348,20349,20348,1,-1
2024-04-03 15:29:50.110,20348,20349,20349,4,4
2024-04-03 15:29:50.289,20349,20350,20349,1,-1
2024-04-03 15:29:51.814,20349,20350,20349,1,-1
2024-04-03 15:29:55.350,20349,20350,20349,3,-3
2024-04-03 15:29:57.986,20349,20350,20350,1,1
2024-04-03 15:29:57.987,20349,20350,20350,1,1
2024-04-03 15:29:58.537,20349,20351,20349,1,-1
2024-04-03 15:30:05.450,20349,20350,20350,1,1
2024-04-03 15:30:05.648,20349,20350,20349,3,-3
2024-04-03 15:30:05.654,20349,20350,20348,7,-7
2024-04-03 15:30:05.832,20348,20350,20348,1,-1
2024-04-03 15:30:06.123,20348,20350,20350,1,1
2024-04-03 15:30:11.891,20348,20350,20348,1,-1
2024-04-03 15:30:11.968,20348,20350,20348,1,-1
2024-04-03 15:30:12.743,20348,20349,20348,2,-2
2024-04-03 15:30:12.744,20348,20349,20348,5,-5
2024-04-03 15:30:19.657,20348,20349,20348,1,-1
2024-04-03 15:30:19.822,20347,20349,20347,1,-1
2024-04-03 15:30:25.254,20347,20349,20347,1,-1
2024-04-03 15:30:25.906,20347,20349,20347,1,-1
2024-04-03 15:30:27.094,20347,20349,20347,1,-1
2024-04-03 15:30:28.503,20348,20349,20348,1,-1
2024-04-03 15:30:31.784,20347,20349,20347,1,-1
2024-04-03 15:30:32.419,20347,20349,20349,1,1
2024-04-03 15:30:47.336,20348,20349,20348,1,-1
2024-04-03 15:31:00.214,20347,20348,20347,7,-7
2024-04-03 15:31:00.228,20347,20348,20348,1,1
2024-04-03 15:31:00.229,20347,20348,20348,1,1
2024-04-03 15:31:04.229,20348,20349,20347,1,-1
2024-04-03 15:31:04.229,20348,20349,20348,3,-3
2024-04-03 15:31:04.343,20347,20349,20349,1,1
2024-04-03 15:31:14.337,20348,20349,20348,1,-1
2024-04-03 15:31:14.337,20348,20349,20348,3,-3
2024-04-03 15:31:14.339,20348,20349,20347,2,-2
2024-04-03 15:31:20.221,20347,20348,20347,1,-1
2024-04-03 15:31:20.343,20346,20347,20347,1,1
2024-04-03 15:31:20.344,20346,20347,20347,1,1
2024-04-03 15:31:20.345,20346,20347,20347,1,1
2024-04-03 15:31:20.345,20346,20347,20347,2,2
2024-04-03 15:31:29.746,20346,20347,20346,1,-1
2024-04-03 15:31:29.843,20346,20347,20347,1,1
2024-04-03 15:31:29.843,20346,20347,20347,1,1
2024-04-03 15:31:40.214,20346,20347,20346,4,-4
2024-04-03 15:31:45.080,20346,20347,20346,1,-1
2024-04-03 15:31:45.398,20346,20347,20347,1,1
2024-04-03 15:31:45.398,20346,20347,20347,4,4
2024-04-03 15:31:46.284,20347,20348,20348,1,1
2024-04-03 15:31:46.340,20347,20348,20347,3,-3
2024-04-03 15:31:48.493,20348,20349,20348,1,-1
2024-04-03 15:31:48.937,20347,20349,20347,1,-1
2024-04-03 15:31:54.188,20347,20348,20348,1,1
2024-04-03 15:31:55.173,20348,20349,20349,4,4
2024-04-03 15:32:16.611,20350,20351,20350,3,-3
2024-04-03 15:32:24.231,20349,20350,20350,1,1
2024-04-03 15:32:24.604,20349,20350,20350,1,1
2024-04-03 15:32:24.837,20349,20350,20350,2,2
2024-04-03 15:32:26.372,20350,20351,20351,1,1
2024-04-03 15:32:43.206,20350,20351,20350,2,-2
2024-04-03 15:32:44.730,20350,20351,20351,2,2
2024-04-03 15:32:59.159,20351,20352,20351,2,-2
2024-04-03 15:32:59.638,20350,20351,20351,1,1
2024-04-03 15:33:01.127,20350,20351,20350,2,-2
2024-04-03 15:33:03.647,20349,20350,20349,1,-1
2024-04-03 15:33:05.882,20348,20349,20348,2,-2
2024-04-03 15:33:05.883,20348,20349,20347,4,-4
2024-04-03 15:33:09.183,20346,20348,20348,1,1
2024-04-03 15:33:17.743,20346,20347,20347,1,1
2024-04-03 15:33:29.988,20346,20347,20346,3,-3
2024-04-03 15:33:52.398,20346,20347,20347,1,1
2024-04-03 15:33:57.654,20347,20348,20347,2,-2
2024-04-03 15:34:00.232,20347,20348,20347,2,-2
2024-04-03 15:34:00.959,20346,20348,20348,1,1
2024-04-03 15:34:05.927,20348,20350,20350,17,17
2024-04-03 15:34:05.929,20348,20350,20350,3,3
2024-04-03 15:34:10.950,20350,20351,20351,9,9
2024-04-03 15:34:10.950,20350,20351,20352,8,8
2024-04-03 15:34:11.313,20350,20352,20351,5,5
2024-04-03 15:34:11.989,20351,20352,20352,1,1
2024-04-03 15:34:16.448,20351,20353,20352,1,1
2024-04-03 15:34:18.885,20351,20353,20351,1,-1
2024-04-03 15:34:19.042,20350,20352,20352,1,1
2024-04-03 15:34:38.387,20351,20353,20353,1,1
2024-04-03 15:34:38.505,20351,20353,20353,5,5
2024-04-03 15:34:41.728,20352,20353,20353,4,4
2024-04-03 15:34:42.259,20352,20353,20352,1,-1
2024-04-03 15:34:46.656,20352,20353,20353,1,1
2024-04-03 15:34:51.412,20353,20354,20353,2,-2
2024-04-03 15:34:51.413,20353,20354,20352,6,-6
2024-04-03 15:34:56.418,20351,20353,20351,1,-1
2024-04-03 15:35:00.282,20351,20352,20352,1,1
2024-04-03 15:35:04.393,20352,20353,20352,2,-2
2024-04-03 15:35:12.853,20352,20353,20352,2,-2
2024-04-03 15:35:21.785,20351,20352,20351,1,-1
2024-04-03 15:35:29.346,20350,20352,20350,1,-1
2024-04-03 15:35:36.905,20350,20352,20350,1,-1
2024-04-03 15:35:41.824,20351,20352,20352,1,1
2024-04-03 15:35:44.168,20352,20353,20353,12,12
2024-04-03 15:35:47.695,20353,20354,20354,1,1
2024-04-03 15:35:47.784,20353,20354,20354,1,1
2024-04-03 15:35:50.709,20353,20354,20354,5,5
2024-04-03 15:35:55.687,20352,20354,20354,4,4
2024-04-03 15:35:58.383,20352,20354,20354,4,4
2024-04-03 15:36:01.411,20352,20354,20352,1,-1
2024-04-03 15:36:02.626,20352,20354,20354,1,1
2024-04-03 15:36:14.893,20353,20354,20354,3,3
2024-04-03 15:36:24.196,20354,20355,20354,6,-6
2024-04-03 15:36:28.755,20353,20355,20355,33,33
2024-04-03 15:36:32.625,20354,20356,20356,1,1
2024-04-03 15:36:35.613,20355,20356,20355,1,-1
2024-04-03 15:36:38.730,20355,20356,20356,9,9
2024-04-03 15:36:39.545,20356,20357,20357,3,3
2024-04-03 15:36:41.114,20356,20357,20356,1,-1
2024-04-03 15:36:48.153,20356,20357,20357,1,1
2024-04-03 15:36:49.822,20356,20357,20357,10,10
2024-04-03 15:36:52.418,20356,20357,20357,3,3
2024-04-03 15:36:58.354,20357,20358,20358,1,1
2024-04-03 15:37:02.630,20357,20358,20358,1,1
2024-04-03 15:37:02.630,20357,20358,20358,2,2
2024-04-03 15:37:07.932,20357,20358,20358,1,1
2024-04-03 15:37:08.716,20357,20358,20357,11,-11
2024-04-03 15:37:10.339,20356,20358,20356,3,-3
2024-04-03 15:37:16.560,20356,20357,20356,1,-1
2024-04-03 15:37:18.173,20356,20357,20357,1,1
2024-04-03 15:37:22.076,20356,20357,20357,5,5
2024-04-03 15:37:26.801,20357,20358,20358,1,1
2024-04-03 15:37:34.322,20357,20358,20358,1,1
2024-04-03 15:37:36.495,20357,20358,20357,1,-1
2024-04-03 15:37:37.810,20357,20358,20357,4,-4
2024-04-03 15:37:45.565,20357,20358,20358,4,4
2024-04-03 15:37:45.565,20357,20358,20358,1,1
2024-04-03 15:37:45.776,20357,20359,20357,1,-1
2024-04-03 15:37:47.965,20357,20358,20358,1,1
2024-04-03 15:37:56.547,20357,20359,20359,1,1
2024-04-03 15:38:02.122,20358,20359,20358,1,-1
2024-04-03 15:38:03.183,20357,20359,20359,4,4
2024-04-03 15:38:03.519,20357,20359,20359,1,1
2024-04-03 15:38:04.990,20357,20359,20359,25,25
2024-04-03 15:38:04.991,20357,20359,20359,1,1
2024-04-03 15:38:09.700,20359,20360,20360,6,6
2024-04-03 15:38:09.707,20359,20360,20360,3,3
2024-04-03 15:38:09.708,20359,20360,20360,21,21
2024-04-03 15:38:09.708,20359,20360,20360,4,4
2024-04-03 15:38:09.708,20359,20360,20360,1,1
2024-04-03 15:38:09.708,20359,20360,20360,10,10
2024-04-03 15:38:12.038,20360,20361,20360,1,-1
2024-04-03 15:38:12.111,20360,20361,20360,1,-1
2024-04-03 15:38:12.919,20360,20361,20361,1,1
2024-04-03 15:38:12.921,20360,20361,20361,4,4
2024-04-03 15:38:12.921,20360,20361,20361,2,2
2024-04-03 15:38:12.921,20360,20361,20361,1,1
2024-04-03 15:38:12.921,20360,20361,20361,1,1
2024-04-03 15:38:15.778,20361,20362,20361,1,-1
2024-04-03 15:38:18.956,20361,20362,20361,1,-1
2024-04-03 15:38:19.071,20360,20362,20360,1,-1
2024-04-03 15:38:19.581,20360,20362,20362,1,1
2024-04-03 15:38:19.609,20360,20362,20362,1,1
2024-04-03 15:38:19.610,20360,20362,20360,1,-1
2024-04-03 15:38:19.622,20360,20362,20362,1,1
2024-04-03 15:38:19.622,20360,20362,20362,1,1
2024-04-03 15:38:19.643,20360,20362,20362,1,1
2024-04-03 15:38:19.648,20360,20362,20362,1,1
2024-04-03 15:38:19.669,20360,20362,20362,2,2
2024-04-03 15:38:19.671,20360,20362,20362,1,1
2024-04-03 15:38:19.673,20360,20362,20362,1,1
2024-04-03 15:38:20.175,20361,20362,20361,1,-1
2024-04-03 15:38:20.456,20361,20362,20361,1,-1
2024-04-03 15:38:21.096,20361,20362,20362,1,1
2024-04-03 15:38:21.576,20361,20362,20361,1,-1
2024-04-03 15:38:25.845,20361,20362,20362,1,1
2024-04-03 15:38:30.050,20361,20362,20361,1,-1
2024-04-03 15:38:30.962,20361,20362,20361,1,-1
2024-04-03 15:38:31.812,20360,20361,20361,1,1
2024-04-03 15:38:32.279,20361,20362,20362,4,4
2024-04-03 15:38:36.397,20361,20362,20362,1,1
2024-04-03 15:38:38.077,20361,20362,20361,1,-1
2024-04-03 15:38:38.077,20361,20362,20361,2,-2
2024-04-03 15:38:39.240,20360,20362,20362,2,2
2024-04-03 15:38:42.362,20360,20362,20362,1,1
2024-04-03 15:38:45.523,20361,20362,20362,1,1
2024-04-03 15:38:45.693,20361,20362,20361,4,-4
2024-04-03 15:38:51.596,20361,20362,20362,2,2
2024-04-03 15:38:51.596,20361,20362,20362,4,4
2024-04-03 15:38:54.067,20362,20363,20362,1,-1
2024-04-03 15:38:54.968,20362,20363,20363,1,1
2024-04-03 15:38:55.108,20362,20363,20363,1,1
2024-04-03 15:38:56.825,20362,20363,20362,1,-1
2024-04-03 15:38:57.536,20362,20363,20363,1,1
2024-04-03 15:38:59.723,20362,20363,20363,1,1
2024-04-03 15:39:06.227,20362,20363,20363,1,1
2024-04-03 15:39:07.071,20362,20363,20362,1,-1
2024-04-03 15:39:07.071,20362,20363,20362,2,-2
2024-04-03 15:39:13.099,20361,20362,20361,1,-1
2024-04-03 15:39:13.139,20361,20362,20362,1,1
2024-04-03 15:39:13.635,20361,20362,20362,1,1
2024-04-03 15:39:15.710,20361,20362,20362,1,1
2024-04-03 15:39:17.251,20361,20363,20362,3,3
2024-04-03 15:39:32.751,20361,20362,20361,1,-1
2024-04-03 15:39:32.751,20361,20362,20361,1,-1
2024-04-03 15:39:42.479,20361,20362,20361,1,-1
2024-04-03 15:39:44.420,20361,20362,20362,1,1
2024-04-03 15:39:44.468,20361,20362,20362,1,1
2024-04-03 15:39:49.547,20361,20362,20361,2,-2
2024-04-03 15:39:54.886,20360,20362,20362,1,1
2024-04-03 15:39:55.633,20360,20362,20361,1,1
2024-04-03 15:39:59.052,20360,20361,20360,1,-1
2024-04-03 15:40:04.074,20360,20361,20361,2,2
2024-04-03 15:40:04.213,20360,20361,20360,2,-2
2024-04-03 15:40:06.916,20360,20361,20361,1,1
2024-04-03 15:40:06.916,20360,20361,20361,2,2
2024-04-03 15:40:07.582,20361,20362,20361,1,-1
2024-04-03 15:40:08.433,20361,20362,20362,4,4
2024-04-03 15:40:08.434,20361,20362,20362,2,2
2024-04-03 15:40:08.435,20361,20362,20362,1,1
2024-04-03 15:40:16.866,20362,20363,20362,1,-1
2024-04-03 15:40:21.133,20361,20363,20363,1,1
2024-04-03 15:40:29.044,20361,20362,20361,1,-1
2024-04-03 15:40:29.874,20361,20362,20362,1,1
2024-04-03 15:40:29.874,20361,20362,20362,2,2
2024-04-03 15:40:31.287,20361,20363,20363,10,10
2024-04-03 15:40:33.406,20362,20363,20363,1,1
2024-04-03 15:40:33.406,20362,20363,20363,1,1
2024-04-03 15:40:33.406,20362,20363,20363,2,2
2024-04-03 15:40:33.406,20362,20363,20363,1,1
2024-04-03 15:40:36.482,20362,20364,20364,1,1
2024-04-03 15:40:36.649,20362,20364,20364,1,1
2024-04-03 15:40:36.707,20362,20364,20364,1,1
2024-04-03 15:40:36.831,20363,20364,20364,1,1
2024-04-03 15:40:37.229,20363,20364,20363,2,-2
2024-04-03 15:40:44.827,20363,20364,20363,1,-1
2024-04-03 15:40:46.407,20363,20364,20363,2,-2
2024-04-03 15:40:49.574,20362,20363,20363,1,1
2024-04-03 15:40:53.513,20362,20363,20363,1,1
2024-04-03 15:41:02.384,20363,20364,20363,1,-1
2024-04-03 15:41:05.469,20363,20364,20363,1,-1
2024-04-03 15:41:06.391,20363,20364,20363,1,-1
2024-04-03 15:41:14.022,20363,20364,20363,1,-1
2024-04-03 15:41:15.720,20363,20364,20363,1,-1
2024-04-03 15:41:15.808,20363,20364,20363,1,-1
2024-04-03 15:41:21.591,20363,20364,20363,1,-1
2024-04-03 15:41:26.863,20363,20364,20364,1,1
2024-04-03 15:41:34.205,20363,20364,20363,4,-4
2024-04-03 15:41:38.902,20362,20364,20364,1,1
2024-04-03 15:41:41.716,20362,20363,20363,1,1
2024-04-03 15:41:41.716,20362,20363,20364,2,2
2024-04-03 15:41:42.228,20362,20364,20364,3,3
2024-04-03 15:41:44.564,20363,20364,20364,2,2
2024-04-03 15:41:45.726,20363,20364,20364,1,1
2024-04-03 15:41:46.024,20363,20364,20364,1,1
2024-04-03 15:41:47.370,20363,20364,20364,3,3
2024-04-03 15:41:47.370,20363,20364,20364,1,1
2024-04-03 15:41:47.370,20363,20364,20364,1,1
2024-04-03 15:41:47.370,20363,20364,20364,6,6
2024-04-03 15:41:47.370,20363,20364,20364,4,4
2024-04-03 15:41:47.370,20363,20364,20364,2,2
2024-04-03 15:41:47.413,20363,20364,20365,1,1
2024-04-03 15:41:47.414,20363,20364,20365,1,1
2024-04-03 15:41:47.414,20363,20364,20365,2,2
2024-04-03 15:41:47.415,20363,20364,20365,1,1
2024-04-03 15:41:47.476,20364,20365,20365,1,1
2024-04-03 15:41:47.558,20364,20365,20365,1,1
2024-04-03 15:41:47.784,20364,20365,20365,1,1
2024-04-03 15:41:48.409,20364,20365,20364,3,-3
2024-04-03 15:41:49.424,20364,20365,20364,1,-1
2024-04-03 15:41:50.926,20364,20365,20364,13,-13
2024-04-03 15:41:50.926,20364,20365,20363,17,-17
2024-04-03 15:41:57.310,20363,20364,20364,1,1
2024-04-03 15:41:59.778,20363,20364,20364,1,1
2024-04-03 15:41:59.778,20363,20364,20365,2,2
2024-04-03 15:42:03.010,20363,20364,20363,1,-1
2024-04-03 15:42:03.492,20362,20364,20364,1,1
2024-04-03 15:42:10.939,20362,20363,20363,1,1
2024-04-03 15:42:10.968,20362,20363,20363,1,1
2024-04-03 15:42:10.992,20362,20363,20364,2,2
2024-04-03 15:42:15.005,20363,20364,20364,1,1
2024-04-03 15:42:15.228,20363,20364,20364,5,5
2024-04-03 15:42:17.647,20364,20365,20364,1,-1
2024-04-03 15:42:20.223,20363,20364,20364,4,4
2024-04-03 15:42:22.538,20363,20365,20365,1,1
2024-04-03 15:42:27.829,20363,20364,20364,1,1
2024-04-03 15:42:29.870,20363,20364,20364,1,1
2024-04-03 15:42:29.968,20363,20364,20364,1,1
2024-04-03 15:42:33.051,20363,20364,20364,2,2
2024-04-03 15:42:48.766,20364,20365,20364,1,-1
2024-04-03 15:42:49.980,20364,20365,20365,4,4
2024-04-03 15:42:51.441,20364,20365,20365,2,2
2024-04-03 15:42:55.332,20364,20365,20365,1,1
2024-04-03 15:42:56.204,20364,20365,20365,2,2
2024-04-03 15:43:00.229,20364,20365,20365,4,4
2024-04-03 15:43:00.345,20364,20365,20365,1,1
2024-04-03 15:43:02.613,20364,20365,20364,1,-1
2024-04-03 15:43:02.718,20364,20365,20365,1,1
2024-04-03 15:43:02.718,20364,20365,20365,1,1
2024-04-03 15:43:06.777,20364,20365,20364,1,-1
2024-04-03 15:43:18.090,20363,20364,20364,1,1
2024-04-03 15:43:19.109,20363,20364,20364,1,1
2024-04-03 15:43:25.416,20363,20364,20364,1,1
2024-04-03 15:43:28.084,20363,20364,20363,2,-2
2024-04-03 15:43:28.168,20363,20364,20364,1,1
2024-04-03 15:43:38.941,20363,20364,20363,1,-1
2024-04-03 15:43:41.513,20363,20364,20363,1,-1
2024-04-03 15:43:52.466,20363,20364,20363,1,-1
2024-04-03 15:44:00.206,20363,20364,20363,2,-2
2024-04-03 15:44:00.232,20363,20364,20364,1,1
2024-04-03 15:44:13.608,20363,20364,20363,2,-2
2024-04-03 15:44:13.718,20362,20363,20362,2,-2
2024-04-03 15:44:13.718,20362,20363,20362,5,-5
2024-04-03 15:44:13.718,20362,20363,20362,1,-1
2024-04-03 15:44:22.259,20362,20364,20362,1,-1
2024-04-03 15:44:40.325,20363,20364,20363,2,-2
2024-04-03 15:44:55.498,20363,20364,20363,1,-1
2024-04-03 15:44:55.593,20363,20364,20364,1,1
2024-04-03 15:44:57.335,20363,20364,20363,1,-1
2024-04-03 15:45:02.448,20363,20364,20363,1,-1
2024-04-03 15:45:03.090,20362,20364,20362,2,-2
2024-04-03 15:45:03.218,20362,20364,20364,1,1
2024-04-03 15:45:03.219,20362,20364,20364,1,1
2024-04-03 15:45:06.156,20362,20363,20363,1,1
2024-04-03 15:45:18.934,20363,20364,20363,1,-1
2024-04-03 15:45:20.373,20362,20364,20364,1,1
2024-04-03 15:45:22.094,20362,20363,20363,1,1
2024-04-03 15:45:22.943,20362,20364,20363,1,1
2024-04-03 15:45:33.764,20362,20363,20362,5,-5
2024-04-03 15:45:34.750,20362,20363,20362,1,-1
2024-04-03 15:45:50.046,20361,20362,20362,1,1
2024-04-03 15:45:50.267,20361,20362,20361,2,-2
2024-04-03 15:45:50.487,20361,20362,20361,2,-2
2024-04-03 15:46:04.614,20361,20362,20361,1,-1
2024-04-03 15:46:04.761,20361,20362,20361,1,-1
2024-04-03 15:46:06.254,20361,20362,20362,4,4
2024-04-03 15:46:06.348,20362,20363,20363,1,1
2024-04-03 15:46:06.647,20362,20363,20363,1,1
2024-04-03 15:46:31.614,20362,20363,20363,6,6
2024-04-03 15:46:31.719,20363,20364,20364,1,1
2024-04-03 15:46:31.720,20363,20364,20364,2,2
2024-04-03 15:46:58.475,20364,20365,20364,1,-1
2024-04-03 15:47:11.612,20363,20364,20364,1,1
2024-04-03 15:47:11.612,20363,20364,20364,4,4
2024-04-03 15:47:11.720,20364,20365,20365,1,1
2024-04-03 15:47:11.720,20364,20365,20365,1,1
2024-04-03 15:47:11.721,20364,20365,20365,1,1
2024-04-03 15:47:11.721,20364,20365,20365,1,1
2024-04-03 15:47:11.722,20364,20365,20365,3,3
2024-04-03 15:47:12.517,20364,20365,20365,13,13
2024-04-03 15:47:12.559,20364,20365,20366,2,2
2024-04-03 15:47:12.559,20364,20365,20366,1,1
2024-04-03 15:47:12.560,20364,20365,20366,2,2
2024-04-03 15:47:12.560,20364,20365,20366,3,3
2024-04-03 15:47:13.090,20365,20366,20366,2,2
2024-04-03 15:47:13.090,20365,20366,20366,4,4
2024-04-03 15:47:13.090,20365,20366,20366,1,1
2024-04-03 15:47:13.090,20365,20366,20366,1,1
2024-04-03 15:47:13.090,20365,20366,20366,1,1
2024-04-03 15:47:13.091,20365,20366,20366,3,3
2024-04-03 15:47:13.091,20365,20366,20366,1,1
2024-04-03 15:47:15.677,20365,20367,20365,2,-2
2024-04-03 15:47:15.949,20364,20366,20366,1,1
2024-04-03 15:47:22.915,20364,20366,20366,1,1
2024-04-03 15:47:24.225,20365,20366,20366,1,1
2024-04-03 15:47:24.343,20365,20366,20366,1,1
2024-04-03 15:47:24.841,20365,20366,20366,1,1
2024-04-03 15:47:25.068,20365,20366,20365,2,-2
2024-04-03 15:47:25.492,20365,20366,20366,1,1
2024-04-03 15:47:26.879,20365,20366,20366,1,1
2024-04-03 15:47:31.882,20365,20366,20366,1,1
2024-04-03 15:47:33.168,20365,20366,20365,1,-1
2024-04-03 15:47:40.669,20364,20365,20365,1,1
2024-04-03 15:47:41.900,20365,20366,20365,1,-1
2024-04-03 15:47:44.950,20364,20365,20364,1,-1
2024-04-03 15:47:45.124,20364,20365,20365,1,1
2024-04-03 15:47:56.874,20365,20366,20366,1,1
2024-04-03 15:48:00.084,20365,20366,20366,1,1
2024-04-03 15:48:00.138,20365,20366,20366,3,3
2024-04-03 15:48:00.138,20365,20366,20366,2,2
2024-04-03 15:48:00.138,20365,20366,20366,1,1
2024-04-03 15:48:00.139,20365,20366,20366,1,1
2024-04-03 15:48:00.202,20365,20366,20367,3,3
2024-04-03 15:48:00.206,20365,20366,20367,7,7
2024-04-03 15:48:00.296,20366,20367,20367,2,2
2024-04-03 15:48:02.181,20366,20367,20367,2,2
2024-04-03 15:48:03.968,20367,20368,20368,1,1
2024-04-03 15:48:04.130,20366,20368,20368,1,1
2024-04-03 15:48:04.775,20366,20368,20368,1,1
2024-04-03 15:48:04.939,20366,20368,20368,1,1
2024-04-03 15:48:06.976,20366,20367,20367,1,1
2024-04-03 15:48:11.624,20365,20366,20365,2,-2
2024-04-03 15:48:11.624,20365,20366,20365,2,-2
2024-04-03 15:48:11.624,20365,20366,20365,2,-2
2024-04-03 15:48:16.202,20364,20365,20365,1,1
2024-04-03 15:48:16.223,20365,20366,20365,2,-2
2024-04-03 15:48:16.248,20365,20366,20365,1,-1
2024-04-03 15:48:19.308,20364,20366,20364,6,-6
2024-04-03 15:48:24.503,20364,20365,20364,1,-1
2024-04-03 15:48:26.653,20363,20365,20365,2,2
2024-04-03 15:48:32.851,20363,20364,20363,1,-1
2024-04-03 15:48:33.038,20363,20364,20363,1,-1
2024-04-03 15:48:34.120,20363,20364,20363,1,-1
2024-04-03 15:48:34.399,20362,20364,20364,3,3
2024-04-03 15:48:36.762,20362,20364,20364,1,1
2024-04-03 15:48:39.463,20362,20363,20362,1,-1
2024-04-03 15:48:42.778,20361,20363,20361,1,-1
2024-04-03 15:48:44.897,20361,20362,20361,1,-1
2024-04-03 15:48:50.000,20361,20362,20361,1,-1
2024-04-03 15:48:50.019,20361,20362,20361,4,-4
2024-04-03 15:48:54.064,20360,20362,20362,3,3
2024-04-03 15:48:54.064,20360,20362,20363,5,5
2024-04-03 15:48:55.311,20361,20363,20361,1,-1
2024-04-03 15:48:55.533,20361,20363,20361,1,-1
2024-04-03 15:48:57.081,20361,20362,20362,1,1
2024-04-03 15:48:58.920,20362,20363,20362,1,-1
2024-04-03 15:48:59.116,20361,20363,20361,1,-1
2024-04-03 15:49:04.332,20361,20363,20361,1,-1
2024-04-03 15:49:05.813,20361,20362,20361,1,-1
2024-04-03 15:49:07.104,20360,20362,20362,1,1
2024-04-03 15:49:10.350,20360,20362,20360,34,-34
2024-04-03 15:49:11.014,20359,20360,20359,3,-3
2024-04-03 15:49:11.014,20359,20360,20358,1,-1
2024-04-03 15:49:11.762,20358,20360,20360,1,1
2024-04-03 15:49:11.846,20358,20360,20360,4,4
2024-04-03 15:49:11.846,20358,20360,20361,6,6
2024-04-03 15:49:22.464,20359,20360,20359,6,-6
2024-04-03 15:49:22.466,20359,20360,20359,3,-3
2024-04-03 15:49:23.973,20359,20360,20359,1,-1
2024-04-03 15:49:31.996,20359,20360,20360,1,1
2024-04-03 15:49:41.386,20359,20360,20360,1,1
2024-04-03 15:49:45.403,20359,20360,20359,1,-1
2024-04-03 15:49:50.900,20359,20360,20359,1,-1
2024-04-03 15:49:54.276,20358,20359,20359,1,1
2024-04-03 15:49:54.614,20359,20360,20359,2,-2
2024-04-03 15:50:04.784,20359,20360,20359,1,-1
2024-04-03 15:50:05.560,20359,20360,20360,2,2
2024-04-03 15:50:06.418,20359,20360,20359,1,-1
2024-04-03 15:50:11.996,20358,20359,20359,1,1
2024-04-03 15:50:12.733,20358,20359,20359,2,2
2024-04-03 15:50:12.733,20358,20359,20359,1,1
2024-04-03 15:50:18.606,20359,20360,20358,1,-1
2024-04-03 15:50:20.494,20359,20360,20360,1,1
2024-04-03 15:50:20.494,20359,20360,20360,1,1
2024-04-03 15:50:21.707,20360,20361,20361,2,2
2024-04-03 15:50:21.707,20360,20361,20361,2,2
2024-04-03 15:50:31.720,20361,20362,20362,1,1
2024-04-03 15:50:32.807,20361,20363,20362,3,3
2024-04-03 15:50:40.960,20361,20362,20362,1,1
2024-04-03 15:50:44.791,20362,20363,20363,1,1
2024-04-03 15:50:44.792,20362,20363,20363,2,2
2024-04-03 15:50:46.223,20363,20364,20363,1,-1
2024-04-03 15:50:52.175,20363,20364,20364,1,1
2024-04-03 15:50:52.176,20363,20364,20364,3,3
2024-04-03 15:50:54.691,20363,20364,20364,1,1
2024-04-03 15:50:57.272,20363,20364,20364,2,2
2024-04-03 15:51:02.042,20364,20365,20364,1,-1
2024-04-03 15:51:05.206,20363,20365,20365,7,7
2024-04-03 15:51:05.297,20364,20366,20366,1,1
2024-04-03 15:51:09.347,20363,20365,20365,4,4
2024-04-03 15:51:10.407,20363,20365,20365,10,10
2024-04-03 15:51:15.261,20364,20365,20364,1,-1
2024-04-03 15:51:19.863,20364,20365,20364,1,-1
2024-04-03 15:51:19.863,20364,20365,20364,2,-2
2024-04-03 15:51:19.863,20364,20365,20364,1,-1
2024-04-03 15:51:25.682,20364,20365,20364,1,-1
2024-04-03 15:51:28.849,20363,20364,20364,1,1
2024-04-03 15:51:36.174,20363,20364,20364,1,1
2024-04-03 15:51:37.145,20363,20365,20363,1,-1
2024-04-03 15:51:40.663,20363,20364,20364,1,1
2024-04-03 15:51:43.807,20363,20365,20363,1,-1
2024-04-03 15:51:48.387,20364,20365,20364,2,-2
2024-04-03 15:51:49.492,20364,20365,20364,2,-2
2024-04-03 15:52:00.104,20363,20364,20364,1,1
2024-04-03 15:52:02.872,20363,20364,20364,2,2
2024-04-03 15:52:03.411,20363,20364,20363,2,-2
2024-04-03 15:52:06.881,20362,20364,20362,2,-2
2024-04-03 15:52:08.765,20362,20364,20362,1,-1
2024-04-03 15:52:13.962,20362,20363,20363,1,1
2024-04-03 15:52:24.139,20363,20365,20365,2,2
2024-04-03 15:52:24.291,20363,20365,20365,7,7
2024-04-03 15:52:36.443,20364,20365,20365,2,2
2024-04-03 15:52:36.951,20365,20366,20365,1,-1
2024-04-03 15:52:37.149,20365,20366,20365,1,-1
2024-04-03 15:52:48.620,20364,20365,20365,1,1
2024-04-03 15:53:00.212,20365,20366,20366,1,1
2024-04-03 15:53:00.945,20365,20366,20365,1,-1
2024-04-03 15:53:30.266,20364,20365,20365,1,1
2024-04-03 15:53:33.696,20364,20365,20364,3,-3
2024-04-03 15:53:35.116,20364,20365,20364,2,-2
2024-04-03 15:53:48.056,20363,20364,20364,2,2
2024-04-03 15:54:12.117,20363,20364,20363,2,-2
2024-04-03 15:54:13.202,20362,20363,20362,1,-1
2024-04-03 15:54:17.677,20361,20363,20363,1,1
2024-04-03 15:54:21.149,20361,20362,20362,1,1
2024-04-03 15:54:39.547,20361,20362,20361,8,-8
2024-04-03 15:54:42.232,20361,20362,20361,4,-4
2024-04-03 15:54:53.123,20360,20361,20360,1,-1
2024-04-03 15:55:08.441,20360,20361,20361,2,2
2024-04-03 15:55:08.441,20360,20361,20361,1,1
2024-04-03 15:55:08.441,20360,20361,20361,1,1
2024-04-03 15:55:09.433,20361,20362,20361,1,-1
2024-04-03 15:55:09.787,20360,20362,20362,1,1
2024-04-03 15:55:25.311,20360,20362,20361,1,1
2024-04-03 15:55:32.362,20360,20361,20361,1,1
2024-04-03 15:55:43.144,20361,20362,20362,1,1
2024-04-03 15:55:43.144,20361,20362,20362,1,1
2024-04-03 15:55:57.669,20363,20364,20364,1,1
2024-04-03 15:56:09.929,20362,20363,20363,1,1
2024-04-03 15:56:20.693,20362,20363,20361,1,-1
2024-04-03 15:56:20.693,20362,20363,20362,2,-2
2024-04-03 15:56:33.093,20361,20362,20361,2,-2
2024-04-03 15:56:33.093,20361,20362,20360,23,-23
2024-04-03 15:56:33.731,20360,20362,20360,17,-17
2024-04-03 15:56:43.202,20359,20360,20359,3,-3
2024-04-03 15:56:46.717,20359,20360,20359,2,-2
2024-04-03 15:56:51.921,20359,20360,20359,4,-4
2024-04-03 15:56:52.474,20359,20360,20360,1,1
2024-04-03 15:56:54.252,20359,20360,20359,3,-3
2024-04-03 15:56:58.978,20359,20360,20359,1,-1
2024-04-03 15:56:58.978,20359,20360,20358,1,-1
2024-04-03 15:56:59.180,20358,20360,20358,3,-3
2024-04-03 15:56:59.360,20358,20360,20358,4,-4
2024-04-03 15:57:04.450,20358,20360,20360,1,1
2024-04-03 15:57:04.881,20359,20360,20360,1,1
2024-04-03 15:57:05.023,20359,20360,20360,1,1
2024-04-03 15:57:05.197,20359,20360,20360,1,1
2024-04-03 15:57:05.339,20359,20360,20360,1,1
2024-04-03 15:57:05.482,20359,20360,20360,1,1
2024-04-03 15:57:05.620,20359,20360,20360,1,1
2024-04-03 15:57:05.781,20359,20360,20360,1,1
2024-04-03 15:57:05.957,20359,20360,20360,1,1
2024-04-03 15:57:06.101,20359,20360,20360,1,1
2024-04-03 15:57:06.262,20359,20361,20361,1,1
2024-04-03 15:57:06.419,20359,20361,20361,1,1
2024-04-03 15:57:06.564,20359,20361,20361,1,1
2024-04-03 15:57:06.723,20359,20360,20360,1,1
2024-04-03 15:57:06.844,20359,20361,20361,1,1
2024-04-03 15:57:06.995,20359,20361,20361,1,1
2024-04-03 15:57:11.889,20360,20362,20360,2,-2
2024-04-03 15:57:14.273,20361,20363,20361,1,-1
2024-04-03 15:57:14.399,20361,20363,20361,2,-2
2024-04-03 15:57:15.956,20360,20362,20361,1,-1
2024-04-03 15:57:17.419,20360,20361,20361,1,1
2024-04-03 15:57:17.795,20361,20362,20361,1,-1
2024-04-03 15:57:31.397,20360,20361,20360,1,-1
2024-04-03 15:57:35.517,20360,20361,20361,1,1
2024-04-03 15:57:35.859,20360,20361,20361,1,1
2024-04-03 15:57:35.859,20360,20361,20361,1,1
2024-04-03 15:57:37.160,20361,20362,20361,2,-2
2024-04-03 15:57:37.160,20361,20362,20360,3,-3
2024-04-03 15:57:42.855,20360,20361,20360,1,-1
2024-04-03 15:57:51.387,20360,20361,20360,1,-1
2024-04-03 15:58:15.321,20359,20360,20359,1,-1
2024-04-03 15:58:15.321,20359,20360,20359,5,-5
2024-04-03 15:58:16.007,20358,20359,20359,1,1
2024-04-03 15:58:20.553,20358,20359,20358,1,-1
2024-04-03 15:58:23.073,20358,20359,20358,1,-1
2024-04-03 15:58:23.073,20358,20359,20358,4,-4
2024-04-03 15:58:23.073,20358,20359,20358,7,-7
2024-04-03 15:58:23.073,20358,20359,20358,3,-3
2024-04-03 15:58:23.073,20358,20359,20358,3,-3
2024-04-03 15:58:23.073,20358,20359,20358,3,-3
2024-04-03 15:58:23.073,20358,20359,20358,3,-3
2024-04-03 15:58:23.073,20358,20359,20358,4,-4
2024-04-03 15:58:23.073,20358,20359,20358,14,-14
2024-04-03 15:58:35.630,20357,20358,20358,1,1
2024-04-03 15:58:42.965,20358,20359,20359,4,4
2024-04-03 15:58:43.854,20358,20360,20358,1,-1
2024-04-03 15:58:50.233,20358,20359,20359,1,1
2024-04-03 15:58:52.260,20358,20360,20358,1,-1
2024-04-03 15:59:02.727,20358,20360,20360,2,2
2024-04-03 15:59:06.568,20360,20361,20360,2,-2
2024-04-03 15:59:17.056,20358,20360,20360,1,1
2024-04-03 15:59:20.755,20359,20360,20359,1,-1
2024-04-03 15:59:25.986,20358,20359,20358,1,-1
2024-04-03 15:59:43.865,20358,20359,20358,3,-3
2024-04-03 15:59:46.380,20358,20360,20358,2,-2
2024-04-03 16:00:56.730,20358,20359,20358,3,-3
2024-04-03 16:00:56.929,20358,20359,20359,1,1
2024-04-03 16:00:56.930,20358,20359,20359,1,1
2024-04-03 16:00:57.226,20358,20360,20360,2,2
2024-04-03 16:00:57.313,20358,20360,20358,1,-1
2024-04-03 16:00:57.344,20358,20360,20360,1,1
2024-04-03 16:00:57.344,20358,20360,20360,1,1
2024-04-03 16:00:57.377,20358,20360,20360,1,1
2024-04-03 16:00:57.455,20358,20360,20358,7,-7
2024-04-03 16:00:57.511,20358,20360,20358,1,-1
2024-04-03 16:00:57.524,20358,20360,20358,1,-1
2024-04-03 16:00:57.541,20358,20360,20360,2,2
2024-04-03 16:00:57.790,20358,20360,20358,6,-6
2024-04-03 16:00:57.852,20358,20360,20358,3,-3
2024-04-03 16:00:58.981,20358,20360,20358,3,-3
2024-04-03 16:01:11.683,20359,20360,20359,1,-1
2024-04-03 16:01:15.995,20359,20360,20359,2,-2
2024-04-03 16:01:17.406,20359,20360,20359,2,-2
2024-04-03 16:01:35.201,20359,20360,20360,1,1
2024-04-03 16:01:35.319,20359,20360,20359,2,-2
2024-04-03 16:01:35.319,20359,20360,20358,1,-1
2024-04-03 16:01:36.624,20358,20360,20358,3,-3
2024-04-03 16:01:45.136,20358,20360,20359,1,-1
2024-04-03 16:01:55.910,20358,20360,20360,1,1
2024-04-03 16:01:59.383,20359,20360,20360,1,1
2024-04-03 16:01:59.383,20359,20360,20360,5,5
2024-04-03 16:02:05.922,20359,20361,20359,1,-1
2024-04-03 16:02:05.970,20359,20361,20361,1,1
2024-04-03 16:02:05.970,20359,20361,20361,1,1
2024-04-03 16:02:06.015,20359,20361,20360,1,1
2024-04-03 16:02:06.093,20359,20361,20361,1,1
2024-04-03 16:02:06.094,20359,20361,20361,1,1
2024-04-03 16:02:08.578,20359,20360,20360,1,1
2024-04-03 16:02:09.474,20358,20360,20360,1,1
2024-04-03 16:02:21.353,20360,20361,20360,1,-1
2024-04-03 16:02:21.353,20360,20361,20360,2,-2
2024-04-03 16:02:21.353,20360,20361,20360,3,-3
2024-04-03 16:02:21.428,20360,20361,20359,1,-1
2024-04-03 16:02:23.753,20359,20360,20359,4,-4
2024-04-03 16:02:23.849,20358,20359,20359,1,1
2024-04-03 16:02:30.724,20358,20359,20359,1,1
2024-04-03 16:02:31.988,20359,20360,20359,1,-1
2024-04-03 16:02:32.092,20359,20360,20360,1,1
2024-04-03 16:02:32.092,20359,20360,20360,1,1
2024-04-03 16:02:32.093,20359,20360,20361,1,1
2024-04-03 16:02:32.094,20359,20360,20361,1,1
2024-04-03 16:02:33.120,20360,20361,20360,1,-1
2024-04-03 16:02:37.692,20360,20361,20361,1,1
2024-04-03 16:02:37.694,20360,20361,20361,1,1
2024-04-03 16:02:56.097,20361,20362,20362,16,16
2024-04-03 16:02:56.098,20361,20362,20362,1,1
2024-04-03 16:02:56.218,20362,20363,20363,1,1
2024-04-03 16:02:56.219,20362,20363,20363,1,1
2024-04-03 16:03:01.459,20361,20363,20362,1,1
2024-04-03 16:03:33.320,20362,20363,20363,5,5
2024-04-03 16:03:36.911,20362,20363,20362,1,-1
2024-04-03 16:03:36.968,20362,20363,20363,1,1
2024-04-03 16:03:36.968,20362,20363,20363,1,1
2024-04-03 16:03:37.497,20362,20363,20363,1,1
2024-04-03 16:03:46.777,20363,20364,20364,1,1
2024-04-03 16:03:50.965,20363,20364,20364,7,7
2024-04-03 16:03:55.044,20363,20364,20364,2,2
2024-04-03 16:03:56.422,20363,20364,20364,2,2
2024-04-03 16:03:57.398,20363,20364,20363,1,-1
2024-04-03 16:03:57.398,20363,20364,20362,2,-2
2024-04-03 16:03:58.653,20362,20364,20362,3,-3
2024-04-03 16:03:59.853,20362,20364,20362,3,-3
2024-04-03 16:04:04.517,20363,20364,20364,1,1
2024-04-03 16:04:04.517,20363,20364,20364,1,1
2024-04-03 16:04:09.593,20363,20364,20363,1,-1
2024-04-03 16:04:11.499,20363,20364,20364,1,1
2024-04-03 16:04:16.066,20363,20364,20364,1,1
2024-04-03 16:04:16.572,20363,20364,20364,1,1
2024-04-03 16:04:16.852,20363,20364,20364,1,1
2024-04-03 16:04:19.109,20363,20364,20364,1,1
2024-04-03 16:04:43.988,20364,20365,20365,3,3
2024-04-03 16:04:51.476,20364,20365,20364,1,-1
2024-04-03 16:04:51.476,20364,20365,20364,1,-1
2024-04-03 16:04:51.476,20364,20365,20364,1,-1
2024-04-03 16:05:00.810,20363,20364,20363,3,-3
2024-04-03 16:05:00.810,20363,20364,20363,2,-2
2024-04-03 16:05:01.365,20361,20363,20363,1,1
2024-04-03 16:05:10.613,20362,20363,20362,1,-1
2024-04-03 16:05:11.284,20361,20362,20362,1,1
2024-04-03 16:05:12.637,20361,20362,20361,1,-1
2024-04-03 16:05:12.637,20361,20362,20361,2,-2
2024-04-03 16:05:14.915,20360,20361,20361,1,1
2024-04-03 16:05:17.828,20360,20361,20360,1,-1
2024-04-03 16:05:19.616,20360,20361,20360,1,-1
2024-04-03 16:05:32.302,20358,20359,20358,3,-3
2024-04-03 16:05:32.449,20358,20359,20358,1,-1
2024-04-03 16:05:33.700,20358,20359,20358,3,-3
2024-04-03 16:05:34.917,20358,20359,20358,3,-3
2024-04-03 16:05:35.842,20358,20359,20358,5,-5
2024-04-03 16:05:41.505,20358,20359,20359,2,2
2024-04-03 16:05:48.738,20359,20360,20360,1,1
2024-04-03 16:05:56.506,20359,20360,20359,1,-1
2024-04-03 16:06:05.542,20358,20359,20359,1,1
2024-04-03 16:06:05.542,20358,20359,20359,2,2
2024-04-03 16:06:05.542,20358,20359,20359,1,1
2024-04-03 16:06:13.654,20359,20361,20359,1,-1
2024-04-03 16:06:20.914,20359,20360,20360,1,1
2024-04-03 16:06:27.720,20359,20361,20361,1,1
2024-04-03 16:06:30.050,20359,20361,20361,1,1
2024-04-03 16:06:33.601,20360,20361,20361,1,1
2024-04-03 16:06:35.921,20360,20361,20361,1,1
2024-04-03 16:06:36.684,20360,20361,20360,1,-1
2024-04-03 16:06:36.748,20359,20360,20360,1,1
2024-04-03 16:06:54.395,20361,20362,20361,1,-1
2024-04-03 16:06:55.353,20361,20362,20362,1,1
2024-04-03 16:06:55.353,20361,20362,20362,1,1
2024-04-03 16:07:12.660,20363,20364,20363,3,-3
2024-04-03 16:07:13.023,20363,20364,20363,1,-1
2024-04-03 16:07:13.269,20362,20364,20363,1,-1
2024-04-03 16:07:21.692,20363,20364,20364,1,1
2024-04-03 16:07:21.693,20363,20364,20364,1,1
2024-04-03 16:07:21.693,20363,20364,20364,1,1
2024-04-03 16:07:31.560,20363,20364,20364,1,1
2024-04-03 16:07:31.720,20363,20364,20364,1,1
2024-04-03 16:07:49.737,20363,20365,20365,1,1
2024-04-03 16:07:57.051,20363,20364,20364,1,1
2024-04-03 16:08:02.032,20363,20364,20364,1,1
2024-04-03 16:08:06.097,20363,20365,20363,1,-1
2024-04-03 16:08:13.877,20364,20365,20364,1,-1
2024-04-03 16:08:13.877,20364,20365,20364,1,-1
2024-04-03 16:08:20.795,20364,20365,20364,1,-1
2024-04-03 16:08:21.014,20364,20365,20364,1,-1
2024-04-03 16:08:21.233,20364,20365,20365,2,2
2024-04-03 16:08:31.238,20364,20365,20365,1,1
2024-04-03 16:08:32.047,20364,20365,20365,1,1
2024-04-03 16:08:34.584,20364,20365,20365,5,5
2024-04-03 16:08:36.641,20364,20365,20365,15,15
2024-04-03 16:08:36.641,20364,20365,20366,23,23
2024-04-03 16:08:36.642,20364,20365,20366,5,5
2024-04-03 16:08:36.644,20364,20365,20366,9,9
2024-04-03 16:08:37.626,20365,20367,20365,1,-1
2024-04-03 16:08:37.741,20365,20367,20365,1,-1
2024-04-03 16:08:37.889,20366,20367,20366,1,-1
2024-04-03 16:08:39.779,20365,20367,20367,1,1
2024-04-03 16:08:48.216,20366,20367,20367,1,1
2024-04-03 16:08:49.287,20366,20367,20367,1,1
2024-04-03 16:08:51.938,20366,20367,20367,1,1
2024-04-03 16:08:57.820,20366,20367,20366,2,-2
2024-04-03 16:08:57.820,20366,20367,20366,1,-1
2024-04-03 16:08:57.820,20366,20367,20366,1,-1
2024-04-03 16:08:57.821,20366,20367,20365,1,-1
2024-04-03 16:08:58.560,20365,20366,20366,1,1
2024-04-03 16:08:58.560,20365,20366,20367,6,6
2024-04-03 16:08:58.759,20365,20367,20367,5,5
2024-04-03 16:09:05.192,20365,20366,20365,2,-2
2024-04-03 16:09:06.390,20365,20366,20366,2,2
2024-04-03 16:09:09.343,20365,20366,20365,1,-1
2024-04-03 16:09:09.343,20365,20366,20365,1,-1
2024-04-03 16:09:11.608,20364,20366,20366,4,4
2024-04-03 16:09:21.592,20365,20366,20365,1,-1
2024-04-03 16:09:26.472,20364,20365,20365,3,3
2024-04-03 16:09:37.625,20365,20366,20365,1,-1
2024-04-03 16:09:47.364,20364,20365,20365,1,1
2024-04-03 16:09:50.783,20364,20365,20365,1,1
2024-04-03 16:09:52.169,20364,20366,20366,16,16
2024-04-03 16:10:01.114,20364,20366,20364,1,-1
2024-04-03 16:10:02.279,20364,20366,20366,1,1
2024-04-03 16:10:02.291,20364,20366,20366,1,1
2024-04-03 16:10:02.302,20364,20366,20366,1,1
2024-04-03 16:10:02.306,20364,20366,20367,1,1
2024-04-03 16:10:04.336,20365,20367,20367,1,1
2024-04-03 16:10:09.603,20365,20367,20367,1,1
2024-04-03 16:10:13.173,20365,20367,20367,1,1
2024-04-03 16:10:31.166,20366,20367,20366,1,-1
2024-04-03 16:10:31.166,20366,20367,20366,4,-4
2024-04-03 16:10:31.166,20366,20367,20366,2,-2
2024-04-03 16:10:31.170,20366,20367,20366,4,-4
2024-04-03 16:10:31.350,20365,20366,20366,1,1
2024-04-03 16:10:40.542,20365,20367,20365,3,-3
2024-04-03 16:10:49.363,20364,20366,20366,1,1
2024-04-03 16:10:54.300,20365,20366,20366,1,1
2024-04-03 16:10:54.484,20365,20366,20366,1,1
2024-04-03 16:10:55.573,20365,20366,20366,1,1
2024-04-03 16:10:58.078,20365,20366,20365,2,-2
2024-04-03 16:10:59.093,20365,20366,20365,2,-2
2024-04-03 16:11:02.829,20364,20365,20364,3,-3
2024-04-03 16:11:02.829,20364,20365,20364,2,-2
2024-04-03 16:11:02.829,20364,20365,20364,1,-1
2024-04-03 16:11:02.845,20363,20365,20365,1,1
2024-04-03 16:11:02.845,20363,20365,20365,1,1
2024-04-03 16:11:08.030,20363,20365,20365,4,4
2024-04-03 16:11:27.600,20363,20365,20364,1,1
2024-04-03 16:11:32.281,20364,20365,20364,2,-2
2024-04-03 16:11:36.555,20364,20366,20365,1,-1
2024-04-03 16:11:41.597,20364,20365,20365,4,4
2024-04-03 16:11:59.690,20364,20365,20365,1,1
2024-04-03 16:12:03.131,20364,20366,20364,3,-3
2024-04-03 16:12:05.181,20364,20366,20366,2,2
2024-04-03 16:12:05.282,20364,20366,20364,3,-3
2024-04-03 16:12:06.094,20364,20365,20364,3,-3
2024-04-03 16:12:12.546,20364,20365,20364,1,-1
2024-04-03 16:12:20.313,20364,20365,20365,2,2
2024-04-03 16:12:20.313,20364,20365,20365,1,1
2024-04-03 16:12:24.156,20365,20366,20365,1,-1
2024-04-03 16:12:40.013,20365,20366,20365,3,-3
2024-04-03 16:12:40.251,20364,20365,20364,7,-7
2024-04-03 16:12:41.444,20364,20365,20365,1,1
2024-04-03 16:12:42.264,20365,20366,20366,6,6
2024-04-03 16:12:42.264,20365,20366,20366,3,3
2024-04-03 16:12:42.264,20365,20366,20366,3,3
2024-04-03 16:12:42.264,20365,20366,20366,1,1
2024-04-03 16:12:43.092,20366,20367,20366,1,-1
2024-04-03 16:12:56.117,20365,20367,20367,17,17
2024-04-03 16:12:59.384,20365,20367,20367,1,1
2024-04-03 16:13:20.631,20366,20367,20366,1,-1
2024-04-03 16:14:01.736,20366,20367,20367,2,2
2024-04-03 16:14:03.072,20366,20367,20367,1,1
2024-04-03 16:14:03.073,20366,20367,20367,1,1
2024-04-03 16:14:03.073,20366,20367,20367,1,1
2024-04-03 16:14:06.993,20366,20367,20367,1,1
2024-04-03 16:14:10.595,20366,20368,20368,1,1
2024-04-03 16:14:10.855,20366,20368,20368,1,1
2024-04-03 16:14:10.998,20366,20368,20368,1,1
2024-04-03 16:14:34.723,20366,20367,20367,1,1
2024-04-03 16:14:42.404,20366,20367,20367,2,2
2024-04-03 16:14:48.073,20366,20368,20368,1,1
2024-04-03 16:14:55.014,20366,20368,20367,1,1
2024-04-03 16:15:03.803,20366,20368,20368,1,1
2024-04-03 16:15:04.026,20366,20368,20368,6,6
2024-04-03 16:15:04.029,20366,20368,20368,14,14
2024-04-03 16:15:04.258,20367,20368,20368,2,2
2024-04-03 16:15:04.258,20367,20368,20369,1,1
2024-04-03 16:15:15.696,20367,20368,20368,2,2
2024-04-03 16:15:17.978,20368,20369,20368,1,-1
2024-04-03 16:15:19.590,20368,20369,20368,1,-1
2024-04-03 16:15:19.590,20368,20369,20368,2,-2
2024-04-03 16:15:21.029,20368,20369,20369,1,1
2024-04-03 16:15:23.813,20368,20369,20369,5,5
2024-04-03 16:15:27.331,20368,20369,20368,1,-1
2024-04-03 16:15:27.813,20368,20369,20369,3,3
2024-04-03 16:15:29.606,20368,20369,20368,3,-3
2024-04-03 16:15:31.131,20368,20369,20368,1,-1
2024-04-03 16:15:31.212,20368,20369,20368,1,-1
2024-04-03 16:15:32.339,20367,20368,20368,1,1
2024-04-03 16:15:42.026,20367,20368,20367,1,-1
2024-04-03 16:15:45.553,20367,20368,20368,2,2
2024-04-03 16:15:45.554,20367,20368,20368,1,1
2024-04-03 16:16:04.737,20367,20368,20367,1,-1
2024-04-03 16:16:06.158,20366,20367,20367,1,1
2024-04-03 16:16:06.158,20366,20367,20368,7,7
2024-04-03 16:16:06.878,20366,20368,20366,1,-1
2024-04-03 16:16:06.974,20366,20368,20366,1,-1
2024-04-03 16:16:11.346,20367,20368,20367,1,-1
2024-04-03 16:16:16.756,20367,20368,20367,1,-1
2024-04-03 16:16:21.122,20367,20368,20367,2,-2
2024-04-03 16:16:28.383,20366,20367,20366,9,-9
2024-04-03 16:16:32.442,20365,20366,20365,1,-1
2024-04-03 16:16:38.530,20364,20366,20364,1,-1
2024-04-03 16:16:59.984,20364,20365,20364,1,-1
2024-04-03 16:17:13.802,20363,20364,20363,3,-3
2024-04-03 16:17:48.065,20364,20365,20365,2,2
2024-04-03 16:17:48.065,20364,20365,20365,2,2
2024-04-03 16:17:48.685,20364,20366,20364,1,-1
2024-04-03 16:18:10.611,20365,20366,20365,1,-1
2024-04-03 16:18:10.878,20365,20367,20366,1,-1
2024-04-03 16:18:10.985,20365,20367,20365,1,-1
2024-04-03 16:18:10.987,20365,20367,20365,1,-1
2024-04-03 16:18:11.204,20365,20367,20367,1,1
2024-04-03 16:18:27.068,20365,20366,20366,1,1
2024-04-03 16:18:27.320,20365,20367,20366,1,1
2024-04-03 16:18:34.423,20365,20366,20365,1,-1
2024-04-03 16:18:41.566,20365,20366,20366,1,1
2024-04-03 16:18:46.852,20366,20367,20367,3,3
2024-04-03 16:18:46.853,20366,20367,20367,3,3
2024-04-03 16:19:03.814,20367,20368,20367,1,-1
2024-04-03 16:19:48.779,20366,20367,20367,1,1
2024-04-03 16:19:48.779,20366,20367,20367,1,1
2024-04-03 16:19:48.779,20366,20367,20367,2,2
2024-04-03 16:19:48.779,20366,20367,20367,3,3
2024-04-03 16:19:58.432,20367,20368,20367,1,-1
2024-04-03 16:20:03.070,20366,20367,20367,1,1
2024-04-03 16:20:10.561,20366,20368,20366,3,-3
2024-04-03 16:20:11.726,20366,20368,20366,3,-3
2024-04-03 16:20:17.412,20366,20367,20366,1,-1
2024-04-03 16:20:24.191,20366,20367,20367,4,4
2024-04-03 16:20:33.448,20366,20367,20366,3,-3
2024-04-03 16:20:49.669,20366,20367,20366,1,-1
2024-04-03 16:20:50.202,20365,20366,20366,1,1
2024-04-03 16:20:51.668,20365,20366,20365,1,-1
2024-04-03 16:20:56.775,20365,20366,20365,1,-1
2024-04-03 16:21:00.084,20365,20366,20365,1,-1
2024-04-03 16:21:00.085,20365,20366,20365,1,-1
2024-04-03 16:21:00.085,20365,20366,20365,5,-5
2024-04-03 16:21:24.441,20364,20366,20364,3,-3
2024-04-03 16:21:30.334,20363,20364,20363,1,-1
2024-04-03 16:21:30.334,20363,20364,20363,1,-1
2024-04-03 16:21:30.334,20363,20364,20363,3,-3
2024-04-03 16:21:33.489,20363,20365,20363,2,-2
2024-04-03 16:21:49.853,20364,20365,20364,1,-1
2024-04-03 16:22:24.639,20364,20365,20365,1,1
2024-04-03 16:22:24.640,20364,20365,20365,1,1
2024-04-03 16:22:36.044,20364,20365,20365,3,3
2024-04-03 16:22:40.516,20364,20366,20364,8,-8
2024-04-03 16:22:50.552,20364,20365,20365,1,1
2024-04-03 16:23:13.715,20364,20365,20364,2,-2
2024-04-03 16:23:23.850,20363,20364,20364,1,1
2024-04-03 16:23:52.215,20363,20364,20363,4,-4
2024-04-03 16:23:53.510,20363,20364,20363,1,-1
2024-04-03 16:24:02.090,20363,20364,20364,1,1
2024-04-03 16:24:02.239,20363,20364,20363,3,-3
2024-04-03 16:24:03.106,20363,20364,20363,1,-1
2024-04-03 16:24:03.177,20363,20364,20364,2,2
2024-04-03 16:24:53.444,20364,20365,20364,3,-3
2024-04-03 16:25:06.811,20364,20365,20364,2,-2
2024-04-03 16:25:22.929,20362,20363,20362,6,-6
2024-04-03 16:25:23.240,20361,20362,20361,1,-1
2024-04-03 16:25:23.404,20361,20362,20361,1,-1
2024-04-03 16:25:28.903,20361,20362,20361,1,-1
2024-04-03 16:25:37.342,20362,20363,20362,1,-1
2024-04-03 16:25:37.370,20362,20363,20361,1,-1
2024-04-03 16:26:03.051,20361,20363,20361,1,-1
2024-04-03 16:26:19.917,20361,20362,20362,1,1
2024-04-03 16:26:19.917,20361,20362,20362,2,2
2024-04-03 16:26:30.173,20361,20362,20361,1,-1
2024-04-03 16:26:35.093,20361,20362,20361,1,-1
2024-04-03 16:26:41.647,20361,20362,20362,1,1
2024-04-03 16:26:41.900,20361,20363,20363,2,2
2024-04-03 16:27:09.550,20362,20363,20362,1,-1
2024-04-03 16:27:16.193,20361,20362,20361,3,-3
2024-04-03 16:28:01.492,20361,20362,20362,1,1
2024-04-03 16:28:02.873,20361,20362,20362,1,1
2024-04-03 16:28:29.750,20361,20363,20363,2,2
2024-04-03 16:28:49.147,20362,20363,20362,1,-1
2024-04-03 16:28:51.860,20362,20363,20362,1,-1
2024-04-03 16:29:12.522,20361,20362,20362,1,1
2024-04-03 16:29:12.522,20361,20362,20362,2,2
2024-04-03 16:29:26.373,20362,20363,20362,2,-2
2024-04-03 16:29:37.113,20362,20363,20362,1,-1
2024-04-03 16:29:51.580,20361,20362,20361,1,-1
2024-04-03 16:29:51.580,20361,20362,20361,2,-2
2024-04-03 16:29:51.713,20361,20362,20361,4,-4
2024-04-03 16:30:18.086,20360,20361,20360,1,-1
2024-04-03 16:30:18.136,20360,20361,20360,2,-2
2024-04-03 16:30:18.310,20360,20361,20360,2,-2
2024-04-03 16:30:18.389,20360,20361,20360,1,-1
2024-04-03 16:30:18.529,20360,20361,20360,1,-1
2024-04-03 16:30:18.529,20360,20361,20360,6,-6
2024-04-03 16:30:18.555,20360,20361,20359,2,-2
2024-04-03 16:30:18.558,20360,20361,20359,1,-1
2024-04-03 16:30:18.622,20359,20361,20359,1,-1
2024-04-03 16:30:18.865,20359,20361,20359,1,-1
2024-04-03 16:30:24.264,20359,20360,20359,1,-1
2024-04-03 16:30:28.742,20359,20360,20359,2,-2
2024-04-03 16:30:29.508,20359,20360,20359,2,-2
2024-04-03 16:30:29.608,20359,20360,20359,3,-3
2024-04-03 16:30:30.783,20358,20359,20358,1,-1
2024-04-03 16:30:36.982,20358,20359,20358,1,-1
2024-04-03 16:30:38.241,20358,20359,20358,2,-2
2024-04-03 16:30:39.290,20358,20359,20359,2,2
2024-04-03 16:30:39.290,20358,20359,20359,1,1
2024-04-03 16:30:49.642,20358,20359,20359,1,1
2024-04-03 16:30:51.108,20358,20359,20359,1,1
2024-04-03 16:31:00.486,20359,20360,20359,1,-1
2024-04-03 16:31:00.543,20359,20360,20360,1,1
2024-04-03 16:31:03.990,20358,20359,20359,1,1
2024-04-03 16:31:05.108,20359,20360,20360,1,1
2024-04-03 16:31:05.108,20359,20360,20360,1,1
2024-04-03 16:31:05.109,20359,20360,20360,1,1
2024-04-03 16:31:05.109,20359,20360,20360,1,1
2024-04-03 16:31:05.109,20359,20360,20360,1,1
2024-04-03 16:31:05.109,20359,20360,20360,5,5
2024-04-03 16:31:05.109,20359,20360,20360,6,6
2024-04-03 16:31:13.203,20360,20361,20361,1,1
2024-04-03 16:31:16.980,20361,20362,20361,1,-1
2024-04-03 16:31:35.363,20361,20362,20361,2,-2
2024-04-03 16:31:40.779,20360,20361,20361,1,1
2024-04-03 16:31:49.430,20361,20362,20362,1,1
2024-04-03 16:31:50.539,20361,20362,20362,1,1
2024-04-03 16:32:00.220,20361,20362,20362,1,1
2024-04-03 16:32:00.285,20361,20362,20362,1,1
2024-04-03 16:32:46.254,20361,20362,20362,1,1
2024-04-03 16:32:56.919,20361,20362,20362,3,3
2024-04-03 16:33:02.859,20361,20362,20361,2,-2
2024-04-03 16:33:08.463,20361,20362,20361,2,-2
2024-04-03 16:33:11.906,20361,20362,20361,2,-2
2024-04-03 16:33:11.907,20361,20362,20361,2,-2
2024-04-03 16:33:11.907,20361,20362,20361,3,-3
2024-04-03 16:33:11.907,20361,20362,20361,2,-2
2024-04-03 16:33:11.917,20361,20362,20360,1,-1
2024-04-03 16:33:11.994,20359,20361,20361,1,1
2024-04-03 16:33:20.220,20359,20360,20360,1,1
2024-04-03 16:33:55.265,20359,20360,20360,1,1
2024-04-03 16:34:09.418,20359,20360,20360,1,1
2024-04-03 16:34:12.185,20359,20360,20359,1,-1
2024-04-03 16:34:14.791,20359,20360,20359,2,-2
2024-04-03 16:34:26.163,20359,20360,20360,1,1
2024-04-03 16:35:17.294,20359,20360,20359,1,-1
2024-04-03 16:35:17.523,20359,20360,20360,2,2
2024-04-03 16:35:19.900,20359,20360,20359,4,-4
2024-04-03 16:35:20.134,20358,20360,20358,12,-12
2024-04-03 16:35:40.658,20358,20359,20358,1,-1
2024-04-03 16:36:03.729,20358,20359,20358,1,-1
2024-04-03 16:36:09.370,20358,20359,20358,11,-11
2024-04-03 16:36:09.435,20358,20359,20357,2,-2
2024-04-03 16:36:09.435,20358,20359,20357,2,-2
2024-04-03 16:36:09.435,20358,20359,20357,1,-1
2024-04-03 16:36:09.435,20358,20359,20357,7,-7
2024-04-03 16:36:09.435,20358,20359,20357,2,-2
2024-04-03 16:36:09.435,20358,20359,20357,6,-6
2024-04-03 16:36:10.100,20356,20358,20358,1,1
2024-04-03 16:36:16.910,20357,20358,20357,1,-1
2024-04-03 16:36:20.971,20357,20358,20357,8,-8
2024-04-03 16:36:23.752,20357,20358,20357,1,-1
2024-04-03 16:36:25.077,20357,20358,20357,1,-1
2024-04-03 16:36:27.135,20357,20358,20357,1,-1
2024-04-03 16:36:54.545,20356,20357,20356,1,-1
2024-04-03 16:37:09.925,20356,20357,20356,1,-1
2024-04-03 16:37:17.306,20356,20357,20356,1,-1
2024-04-03 16:37:22.276,20356,20357,20357,2,2
2024-04-03 16:37:34.675,20356,20357,20357,1,1
2024-04-03 16:37:34.711,20356,20357,20356,1,-1
2024-04-03 16:37:44.216,20356,20357,20356,1,-1
2024-04-03 16:37:44.731,20356,20357,20356,1,-1
2024-04-03 16:37:48.987,20356,20357,20356,1,-1
2024-04-03 16:37:53.296,20356,20357,20357,1,1
2024-04-03 16:38:06.204,20355,20356,20356,1,1
2024-04-03 16:38:06.204,20355,20356,20356,3,3
2024-04-03 16:38:14.248,20355,20356,20356,2,2
2024-04-03 16:38:14.248,20355,20356,20356,1,1
2024-04-03 16:38:20.874,20356,20357,20357,1,1
2024-04-03 16:38:24.095,20356,20357,20357,1,1
2024-04-03 16:38:28.963,20356,20357,20357,1,1
2024-04-03 16:38:30.054,20356,20357,20357,1,1
2024-04-03 16:38:41.736,20356,20357,20356,1,-1
2024-04-03 16:38:41.736,20356,20357,20356,1,-1
2024-04-03 16:38:41.736,20356,20357,20356,1,-1
2024-04-03 16:38:42.068,20355,20356,20355,5,-5
2024-04-03 16:38:42.069,20355,20356,20355,5,-5
2024-04-03 16:38:42.069,20355,20356,20355,5,-5
2024-04-03 16:38:42.069,20355,20356,20355,1,-1
2024-04-03 16:38:42.069,20355,20356,20355,1,-1
2024-04-03 16:38:42.069,20355,20356,20355,3,-3
2024-04-03 16:38:42.069,20355,20356,20355,1,-1
2024-04-03 16:38:42.069,20355,20356,20355,1,-1
2024-04-03 16:38:42.069,20355,20356,20355,4,-4
2024-04-03 16:38:42.069,20355,20356,20355,1,-1
2024-04-03 16:38:42.069,20355,20356,20355,1,-1
2024-04-03 16:38:42.069,20355,20356,20355,1,-1
2024-04-03 16:38:46.615,20354,20356,20354,1,-1
2024-04-03 16:38:47.447,20354,20356,20355,1,-1
2024-04-03 16:38:53.777,20355,20357,20356,1,-1
2024-04-03 16:38:57.530,20355,20356,20355,1,-1
2024-04-03 16:38:59.508,20355,20356,20356,1,1
2024-04-03 16:39:00.277,20356,20357,20356,1,-1
2024-04-03 16:39:00.429,20355,20357,20355,2,-2
2024-04-03 16:39:01.107,20355,20357,20355,1,-1
2024-04-03 16:39:03.873,20356,20357,20356,1,-1
2024-04-03 16:39:04.391,20356,20357,20357,1,1
2024-04-03 16:39:20.243,20359,20360,20360,1,1
2024-04-03 16:39:22.482,20359,20360,20360,1,1
2024-04-03 16:39:24.356,20359,20360,20360,1,1
2024-04-03 16:39:27.676,20359,20360,20360,5,5
2024-04-03 16:39:28.354,20359,20360,20360,2,2
2024-04-03 16:39:30.784,20359,20360,20360,1,1
2024-04-03 16:40:01.058,20359,20360,20359,1,-1
2024-04-03 16:40:06.167,20359,20360,20360,1,1
2024-04-03 16:40:06.786,20359,20360,20359,1,-1
2024-04-03 16:40:07.047,20358,20359,20359,1,1
2024-04-03 16:40:26.474,20359,20360,20359,1,-1
2024-04-03 16:40:26.475,20359,20360,20359,3,-3
2024-04-03 16:40:26.475,20359,20360,20359,1,-1
2024-04-03 16:40:34.652,20358,20359,20358,1,-1
2024-04-03 16:40:35.793,20358,20359,20359,1,1
2024-04-03 16:40:37.394,20358,20359,20359,1,1
2024-04-03 16:40:47.602,20359,20360,20359,1,-1
2024-04-03 16:40:47.602,20359,20360,20358,2,-2
2024-04-03 16:40:53.757,20358,20359,20358,5,-5
2024-04-03 16:40:57.983,20358,20359,20358,1,-1
2024-04-03 16:41:01.866,20358,20359,20359,3,3
2024-04-03 16:41:09.388,20359,20360,20360,4,4
2024-04-03 16:41:09.628,20359,20361,20359,1,-1
2024-04-03 16:41:15.988,20359,20360,20360,2,2
2024-04-03 16:41:21.673,20360,20361,20361,1,1
2024-04-03 16:41:21.930,20360,20362,20360,1,-1
2024-04-03 16:41:39.955,20359,20360,20360,2,2
2024-04-03 16:42:07.924,20359,20360,20359,3,-3
2024-04-03 16:42:27.623,20358,20359,20359,2,2
2024-04-03 16:42:50.996,20358,20359,20359,2,2
2024-04-03 16:42:50.996,20358,20359,20359,1,1
2024-04-03 16:43:06.010,20359,20360,20360,1,1
2024-04-03 16:43:10.749,20359,20360,20360,1,1
2024-04-03 16:43:19.089,20359,20360,20360,1,1
2024-04-03 16:43:20.795,20360,20361,20361,1,1
2024-04-03 16:43:20.795,20360,20361,20361,1,1
2024-04-03 16:43:31.609,20361,20362,20362,19,19
2024-04-03 16:43:36.512,20361,20363,20363,1,1
2024-04-03 16:43:40.232,20362,20363,20363,2,2
2024-04-03 16:43:43.005,20362,20363,20363,6,6
2024-04-03 16:43:45.507,20362,20363,20363,1,1
2024-04-03 16:43:45.507,20362,20363,20363,4,4
2024-04-03 16:43:45.507,20362,20363,20363,5,5
2024-04-03 16:43:50.614,20363,20364,20364,1,1
2024-04-03 16:43:52.645,20363,20364,20363,1,-1
2024-04-03 16:43:52.645,20363,20364,20364,5,5
2024-04-03 16:43:57.608,20363,20365,20363,14,-14
2024-04-03 16:43:57.608,20363,20365,20362,10,-10
2024-04-03 16:44:00.220,20363,20364,20364,1,1
2024-04-03 16:44:02.746,20363,20364,20363,1,-1
2024-04-03 16:44:02.746,20363,20364,20363,1,-1
2024-04-03 16:44:12.722,20362,20363,20362,1,-1
2024-04-03 16:44:20.220,20361,20362,20362,1,1
2024-04-03 16:44:20.422,20361,20363,20363,2,2
2024-04-03 16:44:20.478,20361,20363,20363,1,1
2024-04-03 16:44:21.225,20361,20363,20363,5,5
2024-04-03 16:44:21.279,20361,20363,20362,5,5
2024-04-03 16:44:22.631,20361,20362,20362,18,18
2024-04-03 16:44:25.070,20361,20362,20362,1,1
2024-04-03 16:44:26.795,20361,20363,20362,1,1
2024-04-03 16:44:27.289,20361,20363,20361,1,-1
2024-04-03 16:44:29.070,20362,20363,20363,1,1
2024-04-03 16:44:35.384,20362,20363,20362,1,-1
2024-04-03 16:44:53.774,20361,20362,20361,1,-1
2024-04-03 16:45:08.297,20360,20362,20362,1,1
2024-04-03 16:45:08.703,20361,20362,20361,1,-1
2024-04-03 16:45:08.705,20361,20362,20361,1,-1
2024-04-03 16:45:08.713,20361,20362,20360,6,-6
2024-04-03 16:45:08.715,20361,20362,20360,1,-1
2024-04-03 16:45:08.732,20361,20362,20360,1,-1
2024-04-03 16:45:08.780,20361,20362,20360,1,-1
2024-04-03 16:45:08.835,20361,20362,20360,1,-1
2024-04-03 16:45:08.922,20360,20361,20360,2,-2
2024-04-03 16:45:09.078,20359,20361,20359,5,-5
2024-04-03 16:45:09.085,20359,20361,20359,1,-1
2024-04-03 16:45:09.094,20359,20361,20361,1,1
2024-04-03 16:45:09.094,20359,20361,20361,1,1
2024-04-03 16:45:09.122,20359,20361,20359,1,-1
2024-04-03 16:45:13.741,20359,20361,20359,1,-1
2024-04-03 16:45:26.424,20360,20361,20360,1,-1
2024-04-03 16:45:32.362,20360,20361,20361,1,1
2024-04-03 16:45:32.363,20360,20361,20361,2,2
2024-04-03 16:45:38.060,20360,20362,20362,35,35
2024-04-03 16:45:40.233,20362,20363,20363,4,4
2024-04-03 16:45:42.090,20362,20364,20362,1,-1
2024-04-03 16:45:46.016,20362,20364,20364,4,4
2024-04-03 16:45:46.016,20362,20364,20364,1,1
2024-04-03 16:45:46.019,20362,20364,20365,2,2
2024-04-03 16:45:50.269,20363,20364,20364,1,1
2024-04-03 16:45:50.318,20363,20364,20364,1,1
2024-04-03 16:45:51.811,20363,20365,20365,40,40
2024-04-03 16:45:51.812,20363,20365,20365,4,4
2024-04-03 16:45:52.920,20364,20366,20366,1,1
2024-04-03 16:45:52.983,20365,20366,20366,1,1
2024-04-03 16:45:53.100,20365,20366,20366,1,1
2024-04-03 16:45:55.150,20365,20366,20365,3,-3
2024-04-03 16:45:57.750,20365,20366,20366,1,1
2024-04-03 16:45:58.242,20365,20366,20366,13,13
2024-04-03 16:45:58.243,20365,20366,20367,2,2
2024-04-03 16:45:58.243,20365,20366,20367,8,8
2024-04-03 16:45:58.555,20366,20368,20366,3,-3
2024-04-03 16:45:59.252,20366,20368,20368,1,1
2024-04-03 16:45:59.453,20366,20368,20368,1,1
2024-04-03 16:45:59.600,20366,20368,20368,1,1
2024-04-03 16:46:02.795,20366,20368,20368,1,1
2024-04-03 16:46:02.868,20366,20368,20368,1,1
2024-04-03 16:46:02.881,20366,20368,20368,1,1
2024-04-03 16:46:02.933,20366,20368,20368,1,1
2024-04-03 16:46:03.787,20367,20368,20368,1,1
2024-04-03 16:46:05.550,20367,20368,20367,1,-1
2024-04-03 16:46:09.030,20366,20367,20367,1,1
2024-04-03 16:46:10.985,20366,20367,20367,1,1
2024-04-03 16:46:11.499,20366,20367,20366,1,-1
2024-04-03 16:46:11.500,20366,20367,20366,1,-1
2024-04-03 16:46:13.219,20365,20367,20367,10,10
2024-04-03 16:46:13.220,20365,20367,20367,4,4
2024-04-03 16:46:13.566,20366,20368,20368,2,2
2024-04-03 16:46:14.647,20366,20368,20366,1,-1
2024-04-03 16:46:14.658,20366,20368,20366,2,-2
2024-04-03 16:46:18.448,20365,20366,20366,2,2
2024-04-03 16:46:18.701,20365,20366,20366,1,1
2024-04-03 16:46:18.701,20365,20366,20367,17,17
2024-04-03 16:46:18.701,20365,20366,20368,2,2
2024-04-03 16:46:19.991,20367,20368,20368,1,1
2024-04-03 16:46:20.093,20367,20368,20368,1,1
2024-04-03 16:46:20.205,20367,20368,20368,7,7
2024-04-03 16:46:20.262,20367,20368,20368,1,1
2024-04-03 16:46:20.262,20367,20368,20368,2,2
2024-04-03 16:46:21.180,20367,20369,20368,1,1
2024-04-03 16:46:21.557,20367,20368,20368,2,2
2024-04-03 16:46:21.661,20367,20368,20367,1,-1
2024-04-03 16:46:22.801,20367,20368,20368,1,1
2024-04-03 16:46:23.880,20367,20368,20367,1,-1
2024-04-03 16:46:23.908,20367,20368,20367,1,-1
2024-04-03 16:46:24.593,20367,20368,20367,1,-1
2024-04-03 16:46:28.855,20367,20368,20367,1,-1
2024-04-03 16:46:29.861,20367,20368,20367,1,-1
2024-04-03 16:46:30.464,20367,20368,20367,1,-1
2024-04-03 16:46:35.279,20367,20368,20367,2,-2
2024-04-03 16:46:40.213,20366,20367,20367,1,1
2024-04-03 16:46:40.214,20366,20367,20367,1,1
2024-04-03 16:46:40.929,20367,20368,20368,4,4
2024-04-03 16:46:49.139,20367,20368,20367,6,-6
2024-04-03 16:46:49.139,20367,20368,20366,18,-18
2024-04-03 16:46:55.557,20366,20368,20367,1,-1
2024-04-03 16:46:57.465,20366,20367,20366,1,-1
2024-04-03 16:47:01.273,20366,20367,20367,1,1
2024-04-03 16:47:06.882,20366,20368,20368,1,1
2024-04-03 16:47:10.136,20366,20368,20368,1,1
2024-04-03 16:47:20.217,20366,20367,20367,2,2
2024-04-03 16:47:33.445,20367,20368,20367,1,-1
2024-04-03 16:47:36.324,20367,20368,20367,1,-1
2024-04-03 16:47:40.217,20366,20367,20367,1,1
2024-04-03 16:47:40.308,20366,20367,20367,1,1
2024-04-03 16:47:41.266,20367,20368,20367,1,-1
2024-04-03 16:47:49.023,20367,20368,20367,1,-1
2024-04-03 16:47:50.296,20367,20368,20368,1,1
2024-04-03 16:47:52.477,20367,20368,20367,1,-1
2024-04-03 16:47:53.427,20367,20368,20367,1,-1
2024-04-03 16:47:56.789,20367,20368,20367,1,-1
2024-04-03 16:47:56.877,20367,20368,20368,2,2
2024-04-03 16:47:59.633,20367,20368,20368,1,1
2024-04-03 16:48:02.387,20367,20368,20368,1,1
2024-04-03 16:48:02.387,20367,20368,20368,3,3
2024-04-03 16:48:02.387,20367,20368,20368,7,7
2024-04-03 16:48:02.387,20367,20368,20368,4,4
2024-04-03 16:48:02.387,20367,20368,20368,5,5
2024-04-03 16:48:02.387,20367,20368,20368,1,1
2024-04-03 16:48:02.387,20367,20368,20368,3,3
2024-04-03 16:48:03.174,20368,20369,20369,1,1
2024-04-03 16:48:07.637,20368,20369,20368,5,-5
2024-04-03 16:48:10.056,20368,20369,20368,1,-1
2024-04-03 16:48:10.347,20368,20369,20368,1,-1
2024-04-03 16:48:13.499,20367,20368,20368,1,1
2024-04-03 16:48:22.742,20367,20369,20369,1,1
2024-04-03 16:48:30.301,20367,20369,20369,1,1
2024-04-03 16:48:31.299,20367,20369,20367,1,-1
2024-04-03 16:48:31.339,20367,20369,20369,3,3
2024-04-03 16:48:31.347,20367,20369,20369,1,1
2024-04-03 16:48:39.173,20368,20369,20369,1,1
2024-04-03 16:48:39.204,20368,20369,20369,13,13
2024-04-03 16:48:39.204,20368,20369,20369,1,1
2024-04-03 16:48:39.204,20368,20369,20369,3,3
2024-04-03 16:48:43.644,20368,20369,20369,1,1
2024-04-03 16:48:50.524,20368,20369,20369,1,1
2024-04-03 16:48:57.548,20368,20369,20369,1,1
2024-04-03 16:49:00.214,20368,20369,20369,4,4
2024-04-03 16:49:00.220,20369,20370,20370,1,1
2024-04-03 16:49:00.220,20369,20370,20370,1,1
2024-04-03 16:49:00.221,20369,20370,20370,1,1
2024-04-03 16:49:00.326,20369,20370,20370,1,1
2024-04-03 16:49:00.348,20369,20370,20370,5,5
2024-04-03 16:49:00.360,20369,20370,20370,1,1
2024-04-03 16:49:00.364,20369,20370,20370,1,1
2024-04-03 16:49:00.402,20369,20370,20370,1,1
2024-04-03 16:49:00.444,20369,20370,20370,1,1
2024-04-03 16:49:00.632,20369,20370,20370,6,6
2024-04-03 16:49:00.643,20369,20370,20371,1,1
2024-04-03 16:49:00.708,20369,20370,20371,1,1
2024-04-03 16:49:00.715,20369,20371,20371,1,1
2024-04-03 16:49:00.774,20369,20371,20371,1,1
2024-04-03 16:49:01.777,20369,20370,20370,4,4
2024-04-03 16:49:01.843,20369,20370,20370,1,1
2024-04-03 16:49:03.891,20369,20370,20370,1,1
2024-04-03 16:49:04.561,20369,20370,20370,1,1
2024-04-03 16:49:04.561,20369,20370,20371,2,2
2024-04-03 16:49:06.150,20369,20371,20371,2,2
2024-04-03 16:49:06.900,20369,20371,20371,1,1
2024-04-03 16:49:07.063,20369,20371,20370,1,1
2024-04-03 16:49:09.423,20369,20370,20370,1,1
2024-04-03 16:49:09.849,20370,20371,20371,2,2
2024-04-03 16:49:13.364,20370,20371,20371,2,2
2024-04-03 16:49:14.283,20370,20371,20371,1,1
2024-04-03 16:49:15.350,20370,20371,20371,1,1
2024-04-03 16:49:15.756,20370,20372,20372,1,1
2024-04-03 16:49:15.853,20370,20372,20372,2,2
2024-04-03 16:49:15.875,20370,20372,20370,1,-1
2024-04-03 16:49:16.277,20370,20372,20372,1,1
2024-04-03 16:49:16.533,20370,20372,20370,1,-1
2024-04-03 16:49:20.223,20371,20372,20372,3,3
2024-04-03 16:49:20.227,20371,20372,20372,6,6
2024-04-03 16:49:22.182,20371,20372,20372,2,2
2024-04-03 16:49:22.289,20371,20372,20372,1,1
2024-04-03 16:49:24.113,20371,20372,20372,1,1
2024-04-03 16:49:25.016,20372,20373,20373,2,2
2024-04-03 16:49:25.216,20372,20373,20373,1,1
2024-04-03 16:49:27.144,20372,20373,20373,1,1
2024-04-03 16:49:32.592,20372,20373,20373,2,2
2024-04-03 16:49:33.642,20372,20373,20373,1,1
2024-04-03 16:49:35.689,20372,20373,20372,1,-1
2024-04-03 16:49:37.561,20372,20373,20372,2,-2
2024-04-03 16:49:42.823,20371,20372,20372,2,2
2024-04-03 16:49:48.783,20372,20373,20372,1,-1
2024-04-03 16:49:48.958,20372,20373,20372,1,-1
2024-04-03 16:49:52.785,20372,20373,20373,1,1
2024-04-03 16:49:53.965,20372,20373,20372,1,-1
2024-04-03 16:49:53.966,20372,20373,20372,2,-2
2024-04-03 16:49:53.966,20372,20373,20372,2,-2
2024-04-03 16:49:55.496,20371,20373,20373,1,1
2024-04-03 16:49:55.579,20371,20373,20373,9,9
2024-04-03 16:49:55.756,20372,20373,20372,1,-1
2024-04-03 16:49:58.068,20372,20373,20373,1,1
2024-04-03 16:49:58.322,20372,20373,20373,1,1
2024-04-03 16:49:58.987,20372,20373,20373,1,1
2024-04-03 16:50:01.547,20372,20373,20372,1,-1
2024-04-03 16:50:01.797,20371,20372,20372,2,2
2024-04-03 16:50:01.818,20371,20372,20372,1,1
2024-04-03 16:50:02.525,20371,20373,20372,2,2
2024-04-03 16:50:05.480,20371,20372,20372,1,1
2024-04-03 16:50:13.205,20371,20372,20371,2,-2
2024-04-03 16:50:15.976,20371,20372,20372,2,2
2024-04-03 16:50:21.648,20371,20372,20372,1,1
2024-04-03 16:50:21.649,20371,20372,20372,1,1
2024-04-03 16:50:24.348,20372,20373,20373,2,2
2024-04-03 16:50:24.392,20372,20373,20372,1,-1
2024-04-03 16:50:28.412,20372,20373,20372,1,-1
2024-04-03 16:50:31.035,20372,20373,20372,1,-1
2024-04-03 16:50:31.094,20372,20373,20373,1,1
2024-04-03 16:50:35.526,20372,20373,20373,1,1
2024-04-03 16:50:38.490,20372,20373,20373,1,1
2024-04-03 16:50:38.692,20372,20373,20373,1,1
2024-04-03 16:50:39.750,20372,20373,20373,1,1
2024-04-03 16:50:39.971,20372,20373,20373,1,1
2024-04-03 16:50:41.028,20372,20373,20372,5,-5
2024-04-03 16:50:41.029,20372,20373,20372,1,-1
2024-04-03 16:50:41.029,20372,20373,20372,1,-1
2024-04-03 16:50:41.257,20371,20372,20372,1,1
2024-04-03 16:50:48.203,20371,20372,20372,1,1
2024-04-03 16:50:52.510,20371,20372,20372,1,1
2024-04-03 16:50:57.657,20371,20372,20372,1,1
2024-04-03 16:51:00.669,20371,20372,20371,4,-4
2024-04-03 16:51:00.670,20371,20372,20371,6,-6
2024-04-03 16:51:00.670,20371,20372,20371,4,-4
2024-04-03 16:51:02.886,20370,20372,20372,4,4
2024-04-03 16:51:11.648,20371,20372,20371,1,-1
2024-04-03 16:51:20.457,20370,20371,20371,1,1
2024-04-03 16:51:32.772,20370,20371,20370,6,-6
2024-04-03 16:51:49.121,20369,20370,20370,1,1
2024-04-03 16:51:53.135,20369,20370,20370,1,1
2024-04-03 16:51:54.168,20369,20370,20369,1,-1
2024-04-03 16:51:56.804,20369,20370,20369,1,-1
2024-04-03 16:51:57.422,20369,20370,20369,1,-1
2024-04-03 16:52:00.428,20369,20370,20370,1,1
2024-04-03 16:52:00.428,20369,20370,20370,1,1
2024-04-03 16:52:13.813,20370,20371,20370,1,-1
2024-04-03 16:52:16.991,20370,20371,20371,1,1
2024-04-03 16:52:25.011,20370,20371,20371,1,1
