2019-04-12 15:00:00.013,10804,10805,10805,36,36
2019-04-12 15:00:00.014,10805,10806,10805,5,-5
2019-04-12 15:00:00.113,10805,10806,10805,1,-1
2019-04-12 15:00:00.235,10805,10806,10805,1,-1
2019-04-12 15:00:00.651,10805,10806,10806,2,2
2019-04-12 15:00:00.665,10805,10806,10807,2,2
2019-04-12 15:00:00.674,10805,10806,10807,2,2
2019-04-12 15:00:01.105,10806,10808,10806,2,-2
2019-04-12 15:00:01.722,10806,10807,10806,2,-2
2019-04-12 15:00:02.439,10806,10808,10808,2,2
2019-04-12 15:00:02.581,10806,10808,10808,2,2
2019-04-12 15:00:02.585,10806,10808,10808,2,2
2019-04-12 15:00:02.652,10806,10808,10808,2,2
2019-04-12 15:00:04.042,10806,10808,10808,2,2
2019-04-12 15:00:04.158,10806,10808,10808,2,2
2019-04-12 15:00:05.041,10807,10808,10808,1,1
2019-04-12 15:00:05.166,10807,10808,10808,2,2
2019-04-12 15:00:05.228,10807,10808,10807,2,-2
2019-04-12 15:00:05.312,10807,10808,10808,1,1
2019-04-12 15:00:07.327,10807,10809,10808,1,-1
2019-04-12 15:00:07.574,10807,10808,10808,1,1
2019-04-12 15:00:08.531,10807,10808,10808,7,7
2019-04-12 15:00:11.493,10808,10809,10808,4,-4
2019-04-12 15:00:11.992,10807,10808,10808,1,1
2019-04-12 15:00:17.674,10807,10808,10807,2,-2
2019-04-12 15:00:17.702,10807,10808,10807,1,-1
2019-04-12 15:00:18.157,10807,10808,10807,2,-2
2019-04-12 15:00:18.209,10807,10808,10807,1,-1
2019-04-12 15:00:19.756,10806,10807,10807,1,1
2019-04-12 15:00:23.464,10806,10807,10807,1,1
2019-04-12 15:00:31.408,10806,10807,10806,1,-1
2019-04-12 15:00:36.153,10806,10807,10806,2,-2
2019-04-12 15:00:37.260,10806,10807,10806,2,-2
2019-04-12 15:00:40.727,10806,10807,10806,2,-2
2019-04-12 15:00:40.862,10806,10807,10806,1,-1
2019-04-12 15:00:48.339,10806,10807,10806,2,-2
2019-04-12 15:00:48.874,10806,10807,10807,3,3
2019-04-12 15:00:51.310,10806,10807,10807,3,3
2019-04-12 15:00:51.946,10806,10807,10806,1,-1
2019-04-12 15:00:54.648,10806,10807,10807,2,2
2019-04-12 15:00:57.239,10807,10808,10807,1,-1
2019-04-12 15:00:57.414,10807,10808,10808,4,4
2019-04-12 15:00:57.854,10807,10808,10807,1,-1
2019-04-12 15:01:00.098,10807,10808,10808,6,6
2019-04-12 15:01:00.123,10807,10808,10808,2,2
2019-04-12 15:01:00.123,10807,10808,10809,2,2
2019-04-12 15:01:00.130,10807,10808,10809,4,4
2019-04-12 15:01:00.132,10807,10808,10809,4,4
2019-04-12 15:01:00.165,10807,10808,10809,1,1
2019-04-12 15:01:00.320,10807,10809,10809,1,1
2019-04-12 15:01:00.334,10808,10809,10809,6,6
2019-04-12 15:01:00.403,10808,10809,10810,1,1
2019-04-12 15:01:00.519,10809,10810,10810,2,2
2019-04-12 15:01:01.009,10809,10810,10810,1,1
2019-04-12 15:01:01.048,10809,10810,10810,2,2
2019-04-12 15:01:01.134,10809,10810,10810,4,4
2019-04-12 15:01:01.238,10809,10810,10810,2,2
2019-04-12 15:01:01.355,10809,10810,10810,1,1
2019-04-12 15:01:01.435,10809,10810,10810,1,1
2019-04-12 15:01:02.114,10809,10810,10810,2,2
2019-04-12 15:01:02.254,10809,10810,10810,1,1
2019-04-12 15:01:02.291,10809,10810,10810,1,1
2019-04-12 15:01:02.314,10809,10810,10810,1,1
2019-04-12 15:01:03.292,10809,10810,10809,1,-1
2019-04-12 15:01:07.494,10809,10810,10810,3,3
2019-04-12 15:01:07.585,10809,10810,10810,12,12
2019-04-12 15:01:07.585,10809,10810,10810,1,1
2019-04-12 15:01:07.659,10809,10810,10809,1,-1
2019-04-12 15:01:07.985,10809,10810,10810,1,1
2019-04-12 15:01:08.084,10809,10810,10810,8,8
2019-04-12 15:01:08.084,10809,10810,10810,1,1
2019-04-12 15:01:08.209,10809,10810,10810,3,3
2019-04-12 15:01:08.336,10809,10810,10810,1,1
2019-04-12 15:01:08.597,10809,10810,10810,1,1
2019-04-12 15:01:08.598,10809,10810,10810,1,1
2019-04-12 15:01:08.872,10809,10810,10810,1,1
2019-04-12 15:01:08.873,10809,10810,10810,1,1
2019-04-12 15:01:08.873,10809,10810,10810,1,1
2019-04-12 15:01:09.133,10809,10810,10810,1,1
2019-04-12 15:01:09.133,10809,10810,10810,1,1
2019-04-12 15:01:10.089,10809,10810,10810,2,2
2019-04-12 15:01:10.869,10809,10810,10809,1,-1
2019-04-12 15:01:12.874,10809,10810,10809,1,-1
2019-04-12 15:01:13.918,10809,10810,10809,3,-3
2019-04-12 15:01:17.373,10809,10810,10809,1,-1
2019-04-12 15:01:19.684,10809,10810,10810,1,1
2019-04-12 15:01:19.750,10809,10810,10810,20,20
2019-04-12 15:01:19.750,10809,10810,10811,5,5
2019-04-12 15:01:20.322,10810,10811,10811,1,1
2019-04-12 15:01:20.334,10810,10811,10811,2,2
2019-04-12 15:01:20.532,10810,10812,10812,1,1
2019-04-12 15:01:20.808,10811,10812,10812,1,1
2019-04-12 15:01:20.832,10811,10812,10812,2,2
2019-04-12 15:01:20.833,10811,10812,10812,1,1
2019-04-12 15:01:20.913,10811,10812,10812,2,2
2019-04-12 15:01:21.029,10811,10812,10812,1,1
2019-04-12 15:01:21.169,10811,10812,10812,4,4
2019-04-12 15:01:21.172,10811,10812,10812,1,1
2019-04-12 15:01:21.259,10811,10812,10812,2,2
2019-04-12 15:01:21.318,10811,10812,10812,1,1
2019-04-12 15:01:21.331,10811,10812,10812,1,1
2019-04-12 15:01:21.331,10811,10812,10812,1,1
2019-04-12 15:01:24.700,10812,10813,10813,1,1
2019-04-12 15:01:24.974,10812,10813,10813,1,1
2019-04-12 15:01:25.200,10812,10813,10813,2,2
2019-04-12 15:01:25.430,10812,10813,10812,1,-1
2019-04-12 15:01:25.723,10812,10813,10813,2,2
2019-04-12 15:01:26.523,10812,10813,10812,3,-3
2019-04-12 15:01:27.513,10812,10813,10812,1,-1
2019-04-12 15:01:28.920,10812,10813,10813,1,1
2019-04-12 15:01:30.354,10812,10813,10812,1,-1
2019-04-12 15:01:30.367,10812,10813,10813,22,22
2019-04-12 15:01:30.459,10813,10814,10813,2,-2
2019-04-12 15:01:30.459,10813,10814,10813,1,-1
2019-04-12 15:01:30.691,10813,10814,10814,6,6
2019-04-12 15:01:30.709,10814,10815,10814,4,-4
2019-04-12 15:01:30.730,10814,10815,10814,4,-4
2019-04-12 15:01:30.827,10814,10815,10813,10,-10
2019-04-12 15:01:30.955,10813,10814,10814,12,12
2019-04-12 15:01:30.955,10813,10814,10815,1,1
2019-04-12 15:01:30.979,10813,10815,10815,8,8
2019-04-12 15:01:30.993,10813,10815,10814,1,-1
2019-04-12 15:01:31.010,10813,10815,10814,2,-2
2019-04-12 15:01:31.039,10813,10815,10815,1,1
2019-04-12 15:01:31.084,10813,10814,10814,1,1
2019-04-12 15:01:31.089,10813,10814,10814,1,1
2019-04-12 15:01:31.247,10813,10814,10813,1,-1
2019-04-12 15:01:31.250,10813,10814,10813,1,-1
2019-04-12 15:01:31.675,10813,10814,10813,1,-1
2019-04-12 15:01:31.781,10813,10814,10813,1,-1
2019-04-12 15:01:32.327,10813,10814,10814,2,2
2019-04-12 15:01:33.309,10813,10814,10814,1,1
2019-04-12 15:01:34.007,10813,10814,10814,3,3
2019-04-12 15:01:35.560,10812,10814,10814,1,1
2019-04-12 15:01:39.884,10812,10813,10812,1,-1
2019-04-12 15:01:39.969,10812,10813,10813,1,1
2019-04-12 15:01:41.999,10812,10813,10812,7,-7
2019-04-12 15:01:42.198,10811,10813,10812,1,-1
2019-04-12 15:01:42.410,10811,10812,10811,2,-2
2019-04-12 15:01:42.410,10811,10812,10811,1,-1
2019-04-12 15:01:42.709,10811,10812,10811,1,-1
2019-04-12 15:01:42.721,10811,10812,10811,1,-1
2019-04-12 15:01:42.730,10811,10812,10811,1,-1
2019-04-12 15:01:42.768,10811,10812,10811,1,-1
2019-04-12 15:01:42.769,10811,10812,10811,1,-1
2019-04-12 15:01:42.769,10811,10812,10811,1,-1
2019-04-12 15:01:42.769,10811,10812,10811,1,-1
2019-04-12 15:01:42.834,10810,10811,10811,1,1
2019-04-12 15:01:43.998,10810,10812,10810,1,-1
2019-04-12 15:01:45.709,10810,10811,10810,1,-1
2019-04-12 15:01:45.717,10810,10811,10810,4,-4
2019-04-12 15:01:45.717,10810,10811,10810,7,-7
2019-04-12 15:01:45.736,10810,10811,10810,2,-2
2019-04-12 15:01:45.756,10810,10811,10810,2,-2
2019-04-12 15:01:45.834,10810,10811,10810,6,-6
2019-04-12 15:01:46.459,10809,10810,10809,6,-6
2019-04-12 15:01:46.584,10808,10809,10809,1,1
2019-04-12 15:01:47.408,10808,10809,10809,1,1
2019-04-12 15:01:49.585,10808,10809,10809,1,1
2019-04-12 15:02:00.050,10809,10810,10810,1,1
2019-04-12 15:02:00.090,10809,10810,10810,1,1
2019-04-12 15:02:00.195,10809,10810,10810,3,3
2019-04-12 15:02:02.344,10809,10810,10810,1,1
2019-04-12 15:02:03.464,10809,10810,10809,1,-1
2019-04-12 15:02:04.701,10809,10810,10810,1,1
2019-04-12 15:02:14.487,10809,10810,10810,1,1
2019-04-12 15:02:18.837,10809,10810,10810,1,1
2019-04-12 15:02:23.323,10809,10810,10809,2,-2
2019-04-12 15:02:23.369,10809,10810,10809,13,-13
2019-04-12 15:02:27.403,10808,10809,10808,15,-15
2019-04-12 15:02:27.404,10808,10809,10808,1,-1
2019-04-12 15:02:27.459,10808,10809,10808,3,-3
2019-04-12 15:02:27.459,10808,10809,10808,1,-1
2019-04-12 15:02:31.258,10807,10808,10807,1,-1
2019-04-12 15:02:31.313,10807,10808,10808,1,1
2019-04-12 15:02:31.408,10807,10808,10807,1,-1
2019-04-12 15:02:35.177,10807,10808,10807,1,-1
2019-04-12 15:02:37.719,10807,10808,10807,1,-1
2019-04-12 15:02:38.737,10807,10808,10807,1,-1
2019-04-12 15:02:39.824,10807,10808,10807,1,-1
2019-04-12 15:02:42.021,10807,10808,10808,1,1
2019-04-12 15:02:43.061,10807,10808,10807,1,-1
2019-04-12 15:02:45.597,10807,10808,10808,1,1
2019-04-12 15:02:46.725,10807,10808,10808,1,1
2019-04-12 15:02:47.635,10807,10808,10808,1,1
2019-04-12 15:02:49.566,10807,10808,10808,1,1
2019-04-12 15:02:58.248,10807,10808,10807,1,-1
2019-04-12 15:02:58.744,10807,10808,10808,1,1
2019-04-12 15:03:01.536,10807,10808,10808,1,1
2019-04-12 15:03:16.533,10807,10808,10807,2,-2
2019-04-12 15:03:16.946,10807,10808,10808,1,1
2019-04-12 15:03:22.228,10807,10808,10808,1,1
2019-04-12 15:03:30.056,10807,10808,10808,1,1
2019-04-12 15:03:40.607,10807,10808,10808,1,1
2019-04-12 15:03:40.607,10807,10808,10808,1,1
2019-04-12 15:03:40.743,10807,10808,10808,11,11
2019-04-12 15:03:42.260,10808,10809,10808,2,-2
2019-04-12 15:03:45.104,10808,10809,10808,2,-2
2019-04-12 15:03:46.854,10808,10809,10808,3,-3
2019-04-12 15:03:47.620,10808,10809,10809,1,1
2019-04-12 15:03:54.639,10808,10809,10808,1,-1
2019-04-12 15:03:59.811,10808,10809,10808,2,-2
2019-04-12 15:04:02.353,10808,10809,10808,1,-1
2019-04-12 15:04:03.137,10808,10809,10808,2,-2
2019-04-12 15:04:04.503,10807,10808,10808,1,1
2019-04-12 15:04:04.829,10808,10809,10808,1,-1
2019-04-12 15:04:05.012,10807,10808,10807,1,-1
2019-04-12 15:04:05.064,10807,10808,10808,2,2
2019-04-12 15:04:05.298,10807,10808,10808,1,1
2019-04-12 15:04:08.781,10807,10808,10808,1,1
2019-04-12 15:04:14.701,10807,10808,10808,5,5
2019-04-12 15:04:16.627,10807,10808,10808,1,1
2019-04-12 15:04:26.466,10807,10808,10807,1,-1
2019-04-12 15:04:27.169,10807,10808,10807,1,-1
2019-04-12 15:04:32.147,10807,10808,10807,1,-1
2019-04-12 15:04:40.322,10807,10808,10808,1,1
2019-04-12 15:04:40.563,10807,10808,10807,1,-1
2019-04-12 15:04:46.192,10807,10808,10807,10,-10
2019-04-12 15:04:46.646,10807,10808,10807,2,-2
2019-04-12 15:04:51.654,10807,10808,10807,2,-2
2019-04-12 15:04:55.791,10807,10808,10807,2,-2
2019-04-12 15:05:00.919,10807,10808,10808,3,3
2019-04-12 15:05:01.545,10807,10808,10807,1,-1
2019-04-12 15:05:02.235,10807,10808,10807,1,-1
2019-04-12 15:05:09.949,10807,10808,10807,1,-1
2019-04-12 15:05:13.705,10807,10808,10807,3,-3
2019-04-12 15:05:13.709,10807,10808,10807,5,-5
2019-04-12 15:05:14.125,10806,10807,10807,1,1
2019-04-12 15:05:15.246,10806,10807,10807,1,1
2019-04-12 15:05:20.999,10806,10807,10806,1,-1
2019-04-12 15:05:24.781,10806,10807,10806,1,-1
2019-04-12 15:05:32.493,10806,10807,10806,4,-4
2019-04-12 15:05:33.342,10806,10807,10806,1,-1
2019-04-12 15:05:36.785,10806,10807,10806,1,-1
2019-04-12 15:05:37.280,10806,10807,10806,1,-1
2019-04-12 15:05:49.872,10806,10807,10806,2,-2
2019-04-12 15:05:56.944,10806,10807,10807,2,2
2019-04-12 15:06:05.722,10806,10807,10807,1,1
2019-04-12 15:06:30.629,10806,10807,10806,1,-1
2019-04-12 15:06:33.186,10806,10807,10807,1,1
2019-04-12 15:06:33.693,10806,10807,10807,1,1
2019-04-12 15:06:35.552,10806,10807,10807,1,1
2019-04-12 15:06:40.729,10806,10807,10806,1,-1
2019-04-12 15:06:41.093,10806,10807,10806,1,-1
2019-04-12 15:06:41.211,10806,10807,10806,20,-20
2019-04-12 15:06:44.678,10805,10806,10805,1,-1
2019-04-12 15:06:47.762,10805,10806,10805,1,-1
2019-04-12 15:06:48.311,10805,10806,10805,1,-1
2019-04-12 15:06:48.311,10805,10806,10805,1,-1
2019-04-12 15:06:48.341,10805,10806,10805,3,-3
2019-04-12 15:06:55.991,10804,10805,10805,1,1
2019-04-12 15:06:59.591,10804,10805,10805,5,5
2019-04-12 15:07:00.401,10804,10805,10805,1,1
2019-04-12 15:07:00.828,10804,10805,10805,1,1
2019-04-12 15:07:00.834,10804,10805,10805,1,1
2019-04-12 15:07:03.459,10804,10805,10805,4,4
2019-04-12 15:07:13.534,10805,10806,10805,1,-1
2019-04-12 15:07:31.609,10805,10806,10805,3,-3
2019-04-12 15:07:36.041,10805,10806,10805,2,-2
2019-04-12 15:07:39.720,10805,10806,10805,1,-1
2019-04-12 15:07:49.363,10805,10806,10805,2,-2
2019-04-12 15:07:53.104,10805,10806,10805,11,-11
2019-04-12 15:07:57.475,10804,10805,10805,2,2
2019-04-12 15:08:00.218,10804,10805,10805,2,2
2019-04-12 15:08:02.992,10804,10805,10804,1,-1
2019-04-12 15:08:03.254,10804,10805,10804,3,-3
2019-04-12 15:08:03.407,10804,10805,10804,1,-1
2019-04-12 15:08:08.074,10804,10805,10804,6,-6
2019-04-12 15:08:11.634,10804,10805,10804,2,-2
2019-04-12 15:08:13.280,10804,10805,10804,1,-1
2019-04-12 15:08:13.604,10804,10805,10804,1,-1
2019-04-12 15:08:16.377,10804,10805,10804,1,-1
2019-04-12 15:08:19.211,10804,10805,10804,1,-1
2019-04-12 15:08:21.915,10804,10805,10804,1,-1
2019-04-12 15:08:23.896,10804,10805,10804,1,-1
2019-04-12 15:08:26.009,10804,10805,10804,2,-2
2019-04-12 15:08:26.611,10804,10805,10804,3,-3
2019-04-12 15:08:34.612,10803,10804,10804,1,1
2019-04-12 15:08:37.354,10803,10804,10804,1,1
2019-04-12 15:08:43.019,10803,10804,10803,2,-2
2019-04-12 15:08:48.223,10803,10804,10803,28,-28
2019-04-12 15:08:58.966,10802,10803,10802,1,-1
2019-04-12 15:08:59.005,10802,10803,10803,1,1
2019-04-12 15:08:59.634,10802,10803,10802,9,-9
2019-04-12 15:09:03.068,10802,10803,10802,1,-1
2019-04-12 15:09:03.971,10802,10803,10802,1,-1
2019-04-12 15:09:07.577,10802,10803,10802,3,-3
2019-04-12 15:09:18.912,10802,10803,10802,1,-1
2019-04-12 15:09:21.212,10802,10803,10802,2,-2
2019-04-12 15:09:22.572,10802,10803,10802,1,-1
2019-04-12 15:09:26.755,10802,10803,10802,1,-1
2019-04-12 15:09:27.643,10802,10803,10802,1,-1
2019-04-12 15:09:30.968,10802,10803,10803,1,1
2019-04-12 15:09:31.117,10802,10803,10802,1,-1
2019-04-12 15:09:31.118,10802,10803,10802,2,-2
2019-04-12 15:09:34.781,10802,10803,10802,1,-1
2019-04-12 15:09:35.140,10802,10803,10802,1,-1
2019-04-12 15:09:39.559,10802,10803,10802,1,-1
2019-04-12 15:09:40.280,10802,10803,10802,1,-1
2019-04-12 15:09:46.419,10802,10803,10803,1,1
2019-04-12 15:09:51.200,10802,10803,10803,1,1
2019-04-12 15:09:57.472,10802,10803,10803,1,1
2019-04-12 15:10:01.614,10802,10803,10803,1,1
2019-04-12 15:10:03.733,10802,10803,10802,3,-3
2019-04-12 15:10:05.458,10802,10803,10802,2,-2
2019-04-12 15:10:09.429,10802,10803,10802,1,-1
2019-04-12 15:10:09.982,10802,10803,10802,10,-10
2019-04-12 15:10:14.079,10801,10802,10802,1,1
2019-04-12 15:10:37.394,10801,10802,10802,2,2
2019-04-12 15:10:51.074,10801,10802,10801,1,-1
2019-04-12 15:10:53.986,10801,10802,10801,1,-1
2019-04-12 15:10:55.713,10801,10802,10801,1,-1
2019-04-12 15:10:56.705,10801,10802,10801,1,-1
2019-04-12 15:10:57.334,10801,10802,10801,2,-2
2019-04-12 15:10:59.574,10801,10802,10801,8,-8
2019-04-12 15:11:00.247,10800,10801,10801,1,1
2019-04-12 15:11:02.708,10800,10801,10801,1,1
2019-04-12 15:11:06.151,10800,10801,10801,3,3
2019-04-12 15:11:06.204,10800,10801,10801,5,5
2019-04-12 15:11:08.144,10800,10801,10801,1,1
2019-04-12 15:11:10.388,10801,10802,10801,1,-1
2019-04-12 15:11:11.545,10801,10802,10801,1,-1
2019-04-12 15:11:20.843,10801,10802,10801,2,-2
2019-04-12 15:11:21.486,10801,10802,10801,1,-1
2019-04-12 15:11:22.019,10801,10802,10801,2,-2
2019-04-12 15:11:28.080,10801,10802,10802,12,12
2019-04-12 15:11:30.351,10802,10803,10803,1,1
2019-04-12 15:11:31.652,10802,10803,10803,1,1
2019-04-12 15:11:32.122,10802,10803,10803,1,1
2019-04-12 15:11:37.890,10802,10803,10803,1,1
2019-04-12 15:11:48.131,10802,10803,10803,1,1
2019-04-12 15:11:53.442,10802,10803,10803,1,1
2019-04-12 15:12:51.498,10802,10803,10802,1,-1
2019-04-12 15:12:52.141,10802,10803,10802,5,-5
2019-04-12 15:12:54.230,10801,10802,10801,11,-11
2019-04-12 15:12:54.230,10801,10802,10800,9,-9
2019-04-12 15:12:54.737,10800,10801,10800,1,-1
2019-04-12 15:12:56.089,10800,10801,10800,2,-2
2019-04-12 15:12:56.089,10800,10801,10800,1,-1
2019-04-12 15:12:56.220,10800,10801,10801,1,1
2019-04-12 15:12:58.882,10800,10801,10801,5,5
2019-04-12 15:13:06.782,10801,10802,10802,2,2
2019-04-12 15:13:06.782,10801,10802,10803,2,2
2019-04-12 15:13:06.782,10801,10802,10803,24,24
2019-04-12 15:13:06.782,10801,10802,10803,37,37
2019-04-12 15:13:06.782,10801,10802,10803,18,18
2019-04-12 15:13:06.910,10803,10804,10803,1,-1
2019-04-12 15:13:06.959,10803,10805,10804,5,5
2019-04-12 15:13:06.959,10803,10805,10804,1,-1
2019-04-12 15:13:06.959,10803,10805,10804,2,-2
2019-04-12 15:13:07.084,10803,10804,10804,2,2
2019-04-12 15:13:07.712,10803,10805,10803,5,-5
2019-04-12 15:13:08.718,10803,10804,10803,1,-1
2019-04-12 15:13:10.598,10803,10804,10804,2,2
2019-04-12 15:13:22.794,10803,10804,10803,1,-1
2019-04-12 15:13:26.461,10803,10804,10804,2,2
2019-04-12 15:13:30.717,10803,10804,10804,1,1
2019-04-12 15:13:33.677,10803,10804,10804,1,1
2019-04-12 15:13:36.560,10803,10804,10804,5,5
2019-04-12 15:13:40.074,10803,10804,10804,1,1
2019-04-12 15:14:01.695,10803,10804,10804,1,1
2019-04-12 15:14:07.529,10803,10804,10804,5,5
2019-04-12 15:14:09.228,10803,10804,10803,16,-16
2019-04-12 15:14:09.334,10803,10804,10803,8,-8
2019-04-12 15:14:12.307,10802,10803,10803,5,5
2019-04-12 15:14:13.141,10802,10803,10802,2,-2
2019-04-12 15:14:39.563,10802,10803,10803,5,5
2019-04-12 15:14:42.084,10802,10803,10803,1,1
2019-04-12 15:15:09.305,10802,10803,10802,24,-24
2019-04-12 15:15:09.305,10802,10803,10802,5,-5
2019-04-12 15:15:09.506,10801,10802,10802,1,1
2019-04-12 15:15:09.526,10801,10802,10802,1,1
2019-04-12 15:15:21.232,10802,10803,10802,3,-3
2019-04-12 15:15:32.752,10802,10803,10802,5,-5
2019-04-12 15:15:43.347,10801,10802,10802,1,1
2019-04-12 15:15:43.352,10801,10802,10802,1,1
2019-04-12 15:15:43.366,10801,10802,10802,1,1
2019-04-12 15:15:46.578,10802,10803,10802,1,-1
2019-04-12 15:15:56.134,10802,10803,10802,1,-1
2019-04-12 15:15:56.828,10802,10803,10802,1,-1
2019-04-12 15:16:04.396,10802,10803,10802,1,-1
2019-04-12 15:16:08.210,10802,10803,10802,1,-1
2019-04-12 15:16:12.571,10802,10803,10802,2,-2
2019-04-12 15:16:16.027,10802,10803,10802,1,-1
2019-04-12 15:16:25.394,10802,10803,10802,1,-1
2019-04-12 15:16:39.070,10802,10803,10802,1,-1
2019-04-12 15:16:39.880,10802,10803,10803,1,1
2019-04-12 15:16:40.091,10802,10803,10802,1,-1
2019-04-12 15:16:44.229,10802,10803,10802,1,-1
2019-04-12 15:17:05.334,10802,10803,10803,10,10
2019-04-12 15:17:11.429,10803,10804,10804,5,5
2019-04-12 15:17:12.533,10803,10804,10804,4,4
2019-04-12 15:17:15.412,10803,10804,10804,2,2
2019-04-12 15:17:15.449,10803,10804,10805,1,1
2019-04-12 15:17:15.649,10804,10805,10804,2,-2
2019-04-12 15:17:15.884,10804,10805,10804,1,-1
2019-04-12 15:17:31.492,10804,10805,10805,1,1
2019-04-12 15:17:40.055,10804,10805,10805,8,8
2019-04-12 15:17:54.157,10804,10805,10805,4,4
2019-04-12 15:18:08.625,10804,10805,10805,1,1
2019-04-12 15:18:20.716,10804,10805,10805,6,6
2019-04-12 15:18:21.180,10804,10805,10805,7,7
2019-04-12 15:18:21.209,10804,10805,10805,1,1
2019-04-12 15:18:22.543,10804,10805,10805,5,5
2019-04-12 15:18:22.584,10804,10805,10805,1,1
2019-04-12 15:18:22.584,10804,10805,10805,3,3
2019-04-12 15:18:24.585,10805,10806,10806,1,1
2019-04-12 15:18:30.127,10805,10806,10805,1,-1
2019-04-12 15:18:30.169,10805,10806,10806,1,1
2019-04-12 15:18:33.918,10805,10806,10806,1,1
2019-04-12 15:18:34.850,10805,10806,10805,5,-5
2019-04-12 15:18:36.388,10805,10806,10806,3,3
2019-04-12 15:18:38.970,10805,10806,10806,1,1
2019-04-12 15:18:54.359,10805,10806,10805,2,-2
2019-04-12 15:18:58.133,10805,10806,10806,1,1
2019-04-12 15:19:10.421,10805,10806,10806,1,1
2019-04-12 15:19:36.241,10805,10806,10806,4,4
2019-04-12 15:19:40.763,10805,10806,10805,1,-1
2019-04-12 15:19:41.300,10805,10806,10806,1,1
2019-04-12 15:19:52.451,10805,10806,10806,4,4
2019-04-12 15:20:36.196,10805,10806,10806,5,5
2019-04-12 15:20:44.545,10805,10806,10805,24,-24
2019-04-12 15:20:44.545,10805,10806,10804,9,-9
2019-04-12 15:20:44.545,10805,10806,10804,8,-8
2019-04-12 15:20:44.545,10805,10806,10804,5,-5
2019-04-12 15:20:44.545,10805,10806,10804,27,-27
2019-04-12 15:20:44.545,10805,10806,10804,18,-18
2019-04-12 15:20:44.584,10804,10805,10804,11,-11
2019-04-12 15:20:44.960,10803,10804,10803,3,-3
2019-04-12 15:20:54.852,10803,10804,10803,1,-1
2019-04-12 15:21:00.348,10803,10804,10803,1,-1
2019-04-12 15:21:03.592,10803,10804,10803,5,-5
2019-04-12 15:21:08.370,10803,10804,10803,1,-1
2019-04-12 15:21:12.913,10803,10804,10803,3,-3
2019-04-12 15:21:17.190,10803,10804,10803,1,-1
2019-04-12 15:21:32.798,10803,10804,10803,1,-1
2019-04-12 15:21:41.278,10803,10804,10803,1,-1
2019-04-12 15:21:59.505,10803,10804,10803,1,-1
2019-04-12 15:22:00.959,10803,10804,10803,1,-1
2019-04-12 15:22:08.822,10803,10804,10803,1,-1
2019-04-12 15:22:10.034,10803,10804,10803,1,-1
2019-04-12 15:22:38.837,10803,10804,10803,1,-1
2019-04-12 15:22:44.564,10803,10804,10803,5,-5
2019-04-12 15:22:50.959,10803,10804,10804,1,1
2019-04-12 15:22:51.978,10803,10804,10803,1,-1
2019-04-12 15:23:05.262,10803,10804,10803,1,-1
2019-04-12 15:23:06.504,10803,10804,10803,1,-1
2019-04-12 15:23:11.856,10803,10804,10803,1,-1
2019-04-12 15:23:24.129,10803,10804,10803,1,-1
2019-04-12 15:23:36.172,10803,10804,10803,1,-1
2019-04-12 15:23:42.499,10803,10804,10804,3,3
2019-04-12 15:23:42.499,10803,10804,10804,6,6
2019-04-12 15:23:42.500,10803,10804,10804,4,4
2019-04-12 15:23:42.500,10803,10804,10804,5,5
2019-04-12 15:23:42.500,10803,10804,10804,2,2
2019-04-12 15:23:42.500,10803,10804,10804,1,1
2019-04-12 15:24:02.724,10804,10805,10805,3,3
2019-04-12 15:24:15.231,10804,10805,10805,1,1
2019-04-12 15:24:52.893,10804,10805,10805,5,5
2019-04-12 15:25:18.021,10804,10805,10805,1,1
2019-04-12 15:25:21.297,10804,10805,10805,1,1
2019-04-12 15:26:12.388,10804,10805,10804,6,-6
2019-04-12 15:26:12.388,10804,10805,10804,10,-10
2019-04-12 15:26:55.799,10803,10804,10803,1,-1
2019-04-12 15:26:57.020,10803,10804,10803,4,-4
2019-04-12 15:27:02.023,10803,10804,10803,1,-1
2019-04-12 15:27:03.294,10803,10804,10803,1,-1
2019-04-12 15:27:15.011,10803,10804,10803,5,-5
2019-04-12 15:27:18.665,10803,10804,10803,1,-1
2019-04-12 15:27:24.149,10803,10804,10803,7,-7
2019-04-12 15:27:25.662,10802,10804,10802,1,-1
2019-04-12 15:27:46.740,10803,10804,10803,1,1
2019-04-12 15:27:52.473,10803,10804,10803,1,-1
2019-04-12 15:29:12.958,10803,10804,10803,1,-1
2019-04-12 15:29:14.149,10803,10804,10803,20,-20
2019-04-12 15:29:16.769,10803,10804,10803,1,-1
2019-04-12 15:30:13.084,10803,10804,10804,17,17
2019-04-12 15:30:13.209,10803,10804,10804,9,9
2019-04-12 15:30:14.009,10804,10805,10804,1,-1
2019-04-12 15:30:14.087,10804,10805,10804,1,-1
2019-04-12 15:30:14.720,10804,10805,10804,1,-1
2019-04-12 15:30:14.726,10804,10805,10804,2,-2
2019-04-12 15:30:37.595,10804,10805,10805,1,1
2019-04-12 15:32:30.522,10804,10805,10805,3,3
2019-04-12 15:32:30.522,10804,10805,10805,15,15
2019-04-12 15:32:30.584,10804,10805,10805,2,2
2019-04-12 15:32:36.219,10805,10806,10806,1,1
2019-04-12 15:32:36.358,10805,10806,10805,1,-1
2019-04-12 15:32:54.700,10805,10806,10805,1,-1
2019-04-12 15:33:35.138,10805,10806,10806,28,28
2019-04-12 15:33:36.169,10806,10807,10806,13,-13
2019-04-12 15:33:38.353,10806,10807,10807,1,1
2019-04-12 15:33:57.147,10806,10807,10807,2,2
2019-04-12 15:33:59.877,10806,10807,10807,2,2
2019-04-12 15:34:01.877,10806,10807,10807,1,1
2019-04-12 15:34:02.790,10806,10807,10807,1,1
2019-04-12 15:34:03.232,10806,10807,10807,1,1
2019-04-12 15:34:06.055,10806,10807,10807,5,5
2019-04-12 15:34:08.694,10806,10807,10807,21,21
2019-04-12 15:34:08.694,10806,10807,10807,1,1
2019-04-12 15:34:08.694,10806,10807,10807,1,1
2019-04-12 15:34:11.863,10807,10808,10808,1,1
2019-04-12 15:34:12.085,10807,10808,10807,2,-2
2019-04-12 15:34:12.149,10807,10808,10807,1,-1
2019-04-12 15:34:17.934,10807,10808,10807,1,-1
2019-04-12 15:34:25.084,10807,10808,10807,6,-6
2019-04-12 15:34:25.209,10807,10808,10807,1,-1
2019-04-12 15:34:25.635,10806,10807,10807,1,1
2019-04-12 15:34:26.619,10806,10807,10807,1,1
2019-04-12 15:34:35.216,10806,10807,10806,1,-1
2019-04-12 15:34:41.472,10806,10807,10806,5,-5
2019-04-12 15:34:42.965,10806,10807,10806,1,-1
2019-04-12 15:34:49.209,10806,10807,10806,2,-2
2019-04-12 15:35:00.225,10806,10807,10807,2,2
2019-04-12 15:35:02.027,10806,10807,10806,1,-1
2019-04-12 15:35:05.858,10806,10807,10807,2,2
2019-04-12 15:35:08.293,10807,10808,10807,1,-1
2019-04-12 15:35:51.994,10807,10808,10808,1,1
2019-04-12 15:35:55.106,10807,10808,10808,1,1
2019-04-12 15:35:56.689,10807,10808,10808,3,3
2019-04-12 15:35:58.432,10807,10808,10808,1,1
2019-04-12 15:36:00.057,10807,10808,10808,1,1
2019-04-12 15:36:00.757,10807,10808,10808,1,1
2019-04-12 15:36:01.449,10807,10808,10808,1,1
2019-04-12 15:36:04.429,10807,10808,10808,1,1
2019-04-12 15:36:07.096,10807,10808,10808,1,1
2019-04-12 15:36:09.508,10807,10808,10808,1,1
2019-04-12 15:36:09.627,10807,10808,10808,1,1
2019-04-12 15:36:09.627,10807,10808,10808,8,8
2019-04-12 15:36:09.709,10807,10808,10808,3,3
2019-04-12 15:36:09.834,10807,10808,10808,1,1
2019-04-12 15:36:10.034,10807,10809,10809,1,1
2019-04-12 15:36:10.155,10808,10809,10809,5,5
2019-04-12 15:36:10.155,10808,10809,10809,5,5
2019-04-12 15:36:12.864,10808,10809,10809,1,1
2019-04-12 15:36:14.690,10808,10809,10809,1,1
2019-04-12 15:36:15.639,10808,10809,10808,1,-1
2019-04-12 15:36:16.387,10808,10809,10809,1,1
2019-04-12 15:36:19.557,10808,10809,10809,1,1
2019-04-12 15:36:23.025,10808,10809,10809,1,1
2019-04-12 15:36:25.071,10808,10809,10809,1,1
2019-04-12 15:36:25.911,10808,10809,10809,1,1
2019-04-12 15:36:26.952,10808,10809,10809,3,3
2019-04-12 15:36:29.127,10808,10809,10809,1,1
2019-04-12 15:36:32.228,10808,10809,10809,1,1
2019-04-12 15:36:35.572,10808,10809,10809,1,1
2019-04-12 15:36:36.137,10808,10809,10809,1,1
2019-04-12 15:36:37.056,10808,10809,10809,1,1
2019-04-12 15:36:38.665,10808,10809,10809,1,1
2019-04-12 15:36:42.510,10808,10809,10809,1,1
2019-04-12 15:36:43.153,10808,10809,10809,3,3
2019-04-12 15:36:44.790,10808,10809,10809,2,2
2019-04-12 15:36:50.706,10808,10809,10809,7,7
2019-04-12 15:36:53.624,10808,10809,10809,3,3
2019-04-12 15:36:55.130,10808,10809,10809,1,1
2019-04-12 15:36:56.631,10808,10809,10809,6,6
2019-04-12 15:36:57.105,10809,10810,10810,1,1
2019-04-12 15:36:59.202,10809,10810,10809,1,-1
2019-04-12 15:37:03.231,10809,10810,10810,2,2
2019-04-12 15:37:23.912,10809,10810,10810,7,7
2019-04-12 15:37:25.613,10809,10810,10809,1,-1
2019-04-12 15:37:32.365,10809,10810,10809,1,-1
2019-04-12 15:37:32.661,10809,10810,10809,2,-2
2019-04-12 15:37:39.998,10809,10810,10810,1,1
2019-04-12 15:37:41.757,10809,10810,10809,1,-1
2019-04-12 15:37:43.747,10809,10810,10809,5,-5
2019-04-12 15:37:43.834,10809,10810,10809,26,-26
2019-04-12 15:37:52.254,10808,10809,10809,1,1
2019-04-12 15:37:55.647,10808,10809,10809,1,1
2019-04-12 15:38:02.368,10808,10809,10809,7,7
2019-04-12 15:38:17.551,10808,10809,10809,2,2
2019-04-12 15:38:22.817,10808,10809,10809,1,1
2019-04-12 15:38:30.555,10808,10809,10809,2,2
2019-04-12 15:38:38.144,10809,10810,10809,1,-1
2019-04-12 15:38:47.452,10809,10810,10810,22,22
2019-04-12 15:38:49.379,10810,10811,10811,1,1
2019-04-12 15:38:49.509,10810,10811,10811,1,1
2019-04-12 15:38:49.611,10810,10811,10810,2,-2
2019-04-12 15:38:50.086,10810,10811,10810,5,-5
2019-04-12 15:38:50.488,10810,10811,10810,1,-1
2019-04-12 15:38:51.679,10810,10811,10811,4,4
2019-04-12 15:38:52.773,10810,10811,10811,5,5
2019-04-12 15:38:57.036,10810,10811,10811,2,2
2019-04-12 15:38:57.664,10810,10811,10811,1,1
2019-04-12 15:39:02.482,10810,10811,10811,2,2
2019-04-12 15:39:10.283,10810,10811,10811,1,1
2019-04-12 15:39:11.701,10810,10811,10811,2,2
2019-04-12 15:39:34.135,10810,10811,10810,1,-1
2019-04-12 15:39:34.350,10810,10811,10811,12,12
2019-04-12 15:39:34.927,10810,10811,10810,1,-1
2019-04-12 15:39:37.732,10810,10811,10810,1,-1
2019-04-12 15:39:51.444,10810,10811,10810,1,-1
2019-04-12 15:39:54.880,10810,10811,10810,1,-1
2019-04-12 15:39:56.866,10810,10811,10810,1,-1
2019-04-12 15:39:57.876,10810,10811,10810,1,-1
2019-04-12 15:39:57.959,10810,10811,10810,4,-4
2019-04-12 15:39:58.729,10809,10811,10811,1,1
2019-04-12 15:39:58.834,10809,10810,10810,4,4
2019-04-12 15:40:08.862,10809,10810,10810,2,2
2019-04-12 15:40:08.862,10809,10810,10811,1,1
2019-04-12 15:40:09.207,10809,10811,10811,1,1
2019-04-12 15:40:14.134,10810,10811,10810,1,-1
2019-04-12 15:40:19.798,10809,10810,10809,1,-1
2019-04-12 15:40:21.793,10809,10810,10810,3,3
2019-04-12 15:40:22.501,10809,10810,10810,1,1
2019-04-12 15:40:22.873,10809,10810,10810,1,1
2019-04-12 15:40:25.841,10809,10810,10810,1,1
2019-04-12 15:40:31.918,10809,10810,10810,1,1
2019-04-12 15:40:43.602,10809,10810,10810,1,1
2019-04-12 15:40:45.424,10809,10810,10810,1,1
2019-04-12 15:40:49.156,10809,10810,10810,1,1
2019-04-12 15:40:53.543,10809,10810,10809,1,-1
2019-04-12 15:41:04.462,10809,10810,10810,1,1
2019-04-12 15:41:09.807,10809,10810,10810,1,1
2019-04-12 15:41:13.558,10809,10810,10810,1,1
2019-04-12 15:41:14.166,10809,10810,10810,1,1
2019-04-12 15:41:20.834,10809,10810,10809,1,-1
2019-04-12 15:41:29.126,10809,10810,10810,1,1
2019-04-12 15:41:31.489,10809,10810,10810,1,1
2019-04-12 15:41:53.287,10809,10810,10810,3,3
2019-04-12 15:41:56.162,10809,10810,10810,1,1
2019-04-12 15:41:59.959,10809,10810,10810,1,1
2019-04-12 15:42:05.614,10809,10810,10810,1,1
2019-04-12 15:42:24.418,10809,10810,10810,1,1
2019-04-12 15:42:25.311,10809,10810,10810,8,8
2019-04-12 15:42:40.423,10810,10811,10810,1,-1
2019-04-12 15:42:59.655,10810,10811,10810,1,-1
2019-04-12 15:43:16.476,10810,10811,10810,1,-1
2019-04-12 15:43:34.601,10810,10811,10810,1,-1
2019-04-12 15:43:35.533,10810,10811,10810,1,-1
2019-04-12 15:43:44.440,10810,10811,10810,1,-1
2019-04-12 15:43:44.440,10810,10811,10810,1,-1
2019-04-12 15:43:44.440,10810,10811,10810,1,-1
2019-04-12 15:44:20.274,10809,10810,10809,1,-1
2019-04-12 15:44:20.334,10809,10810,10809,10,-10
2019-04-12 15:44:30.169,10808,10809,10808,2,-2
2019-04-12 15:45:52.553,10808,10809,10809,1,1
2019-04-12 15:45:54.396,10808,10809,10809,1,1
2019-04-12 15:45:57.698,10808,10809,10809,2,2
2019-04-12 15:46:04.880,10808,10809,10809,1,1
2019-04-12 15:46:14.334,10808,10809,10809,3,3
2019-04-12 15:46:14.352,10808,10809,10809,2,2
2019-04-12 15:46:14.356,10808,10809,10809,2,2
2019-04-12 15:46:14.367,10808,10809,10809,1,1
2019-04-12 15:46:15.983,10809,10810,10810,6,6
2019-04-12 15:46:40.623,10809,10810,10809,1,-1
2019-04-12 15:47:29.088,10809,10810,10809,1,-1
2019-04-12 15:47:38.372,10809,10810,10810,1,1
2019-04-12 15:47:38.372,10809,10810,10810,3,3
2019-04-12 15:47:38.372,10809,10810,10810,13,13
2019-04-12 15:47:43.772,10810,10811,10810,2,-2
2019-04-12 15:47:54.464,10810,10811,10810,1,-1
2019-04-12 15:48:03.844,10810,10811,10810,1,-1
2019-04-12 15:48:07.235,10810,10811,10810,1,-1
2019-04-12 15:48:14.579,10810,10811,10810,1,-1
2019-04-12 15:48:23.500,10809,10810,10810,1,1
2019-04-12 15:48:38.670,10809,10810,10810,5,5
2019-04-12 15:50:01.211,10809,10810,10809,9,-9
2019-04-12 15:50:01.334,10809,10810,10809,10,-10
2019-04-12 15:50:01.334,10809,10810,10809,6,-6
2019-04-12 15:50:01.334,10809,10810,10809,7,-7
2019-04-12 15:50:36.166,10808,10809,10808,1,-1
2019-04-12 15:50:38.469,10808,10809,10808,1,-1
2019-04-12 15:51:01.053,10808,10809,10808,1,-1
2019-04-12 15:51:10.240,10808,10809,10808,1,-1
2019-04-12 15:51:13.867,10808,10809,10808,1,-1
2019-04-12 15:51:18.709,10808,10809,10808,1,-1
2019-04-12 15:51:27.671,10808,10809,10809,1,1
2019-04-12 15:51:28.073,10808,10809,10808,1,-1
2019-04-12 15:51:30.871,10808,10809,10808,1,-1
2019-04-12 15:51:32.215,10808,10809,10808,1,-1
2019-04-12 15:52:20.132,10807,10808,10808,4,4
2019-04-12 15:52:31.295,10807,10808,10807,1,-1
2019-04-12 15:52:31.919,10807,10808,10807,1,-1
2019-04-12 15:52:32.022,10807,10808,10808,1,1
2019-04-12 15:52:34.964,10807,10808,10807,1,-1
2019-04-12 15:52:35.437,10807,10808,10807,1,-1
2019-04-12 15:52:35.885,10807,10808,10807,1,-1
2019-04-12 15:52:38.143,10807,10808,10807,5,-5
2019-04-12 15:53:01.798,10807,10808,10807,1,-1
2019-04-12 15:53:08.697,10807,10808,10807,1,-1
2019-04-12 15:53:12.645,10807,10808,10807,1,-1
2019-04-12 15:53:17.231,10807,10808,10808,2,2
2019-04-12 15:53:22.926,10807,10808,10808,1,1
2019-04-12 15:53:24.557,10807,10808,10808,1,1
2019-04-12 15:53:25.453,10807,10808,10808,1,1
2019-04-12 15:53:28.129,10807,10808,10808,1,1
2019-04-12 15:53:30.435,10807,10808,10808,1,1
2019-04-12 15:53:32.663,10807,10808,10808,10,10
2019-04-12 15:53:32.709,10807,10808,10808,1,1
2019-04-12 15:53:35.127,10808,10809,10808,1,-1
2019-04-12 15:53:47.442,10808,10809,10809,1,1
2019-04-12 15:54:18.118,10808,10809,10808,1,-1
2019-04-12 15:54:18.587,10808,10809,10808,1,-1
2019-04-12 15:54:19.258,10808,10809,10808,1,-1
2019-04-12 15:54:19.277,10808,10809,10807,1,-1
2019-04-12 15:54:40.735,10807,10808,10808,1,1
2019-04-12 15:55:22.394,10807,10808,10808,1,1
2019-04-12 15:55:54.031,10808,10809,10808,1,-1
2019-04-12 15:55:54.290,10808,10809,10809,1,1
2019-04-12 15:55:54.330,10808,10809,10809,3,3
2019-04-12 15:55:54.340,10808,10809,10809,2,2
2019-04-12 15:55:54.378,10808,10809,10809,1,1
2019-04-12 15:55:54.378,10808,10809,10810,2,2
2019-04-12 15:56:06.383,10809,10810,10810,1,1
2019-04-12 15:56:18.935,10809,10810,10809,1,-1
2019-04-12 15:56:41.218,10808,10809,10809,1,1
2019-04-12 15:57:04.394,10808,10809,10808,3,-3
2019-04-12 15:57:06.861,10807,10808,10807,3,-3
2019-04-12 15:57:12.948,10807,10808,10807,4,-4
2019-04-12 15:57:20.392,10807,10808,10807,1,-1
2019-04-12 15:57:20.459,10807,10808,10807,1,-1
2019-04-12 15:57:20.584,10807,10808,10807,1,-1
2019-04-12 15:57:28.202,10807,10808,10807,1,-1
2019-04-12 15:57:43.219,10807,10808,10808,1,1
2019-04-12 15:57:45.692,10807,10808,10807,1,-1
2019-04-12 15:58:21.372,10807,10808,10807,1,-1
2019-04-12 15:58:26.338,10807,10809,10807,1,-1
2019-04-12 15:58:48.084,10807,10808,10808,1,1
2019-04-12 15:58:54.701,10807,10809,10807,1,-1
2019-04-12 15:59:03.860,10808,10809,10808,1,1
2019-04-12 15:59:06.928,10807,10808,10807,1,-1
2019-04-12 15:59:13.138,10807,10808,10807,17,-17
2019-04-12 15:59:13.138,10807,10808,10807,1,-1
2019-04-12 15:59:24.299,10806,10807,10807,3,3
2019-04-12 15:59:36.338,10807,10808,10808,4,4
2019-04-12 16:00:04.306,10807,10808,10808,1,1
2019-04-12 16:00:04.560,10807,10808,10807,2,-2
2019-04-12 16:00:19.527,10807,10808,10808,1,1
2019-04-12 16:00:51.111,10807,10808,10808,16,16
2019-04-12 16:00:51.111,10807,10808,10808,1,1
2019-04-12 16:00:51.111,10807,10808,10808,3,3
2019-04-12 16:00:51.112,10807,10808,10808,2,2
2019-04-12 16:00:51.112,10807,10808,10808,14,14
2019-04-12 16:00:51.112,10807,10808,10808,1,1
2019-04-12 16:00:51.112,10807,10808,10808,1,1
2019-04-12 16:00:51.257,10808,10809,10809,4,4
2019-04-12 16:00:51.261,10808,10809,10809,2,2
2019-04-12 16:00:51.293,10808,10809,10809,4,4
2019-04-12 16:00:54.334,10808,10809,10809,4,4
2019-04-12 16:00:54.459,10808,10809,10809,2,2
2019-04-12 16:00:54.459,10808,10809,10809,2,2
2019-04-12 16:00:54.459,10808,10809,10809,2,2
2019-04-12 16:00:54.584,10808,10809,10809,4,4
2019-04-12 16:00:54.834,10808,10809,10809,4,4
2019-04-12 16:00:55.209,10808,10809,10809,4,4
2019-04-12 16:00:55.584,10808,10809,10809,2,2
2019-04-12 16:00:55.709,10808,10809,10809,2,2
2019-04-12 16:00:56.854,10808,10809,10809,1,1
2019-04-12 16:00:56.854,10808,10809,10809,1,1
2019-04-12 16:00:56.959,10808,10809,10809,2,2
2019-04-12 16:01:00.907,10809,10810,10810,1,1
2019-04-12 16:01:00.913,10809,10810,10810,3,3
2019-04-12 16:01:01.447,10809,10810,10809,1,-1
2019-04-12 16:01:06.888,10809,10810,10810,1,1
2019-04-12 16:01:13.396,10809,10810,10810,1,1
2019-04-12 16:01:15.873,10809,10810,10810,1,1
2019-04-12 16:01:17.968,10809,10810,10810,1,1
2019-04-12 16:01:20.015,10809,10810,10810,1,1
2019-04-12 16:01:20.085,10809,10810,10810,1,1
2019-04-12 16:01:20.210,10809,10810,10810,26,26
2019-04-12 16:01:20.788,10810,10811,10811,1,1
2019-04-12 16:01:26.193,10810,10811,10811,1,1
2019-04-12 16:01:26.660,10810,10811,10811,20,20
2019-04-12 16:01:28.710,10810,10811,10811,7,7
2019-04-12 16:01:35.383,10811,10812,10812,1,1
2019-04-12 16:01:35.507,10811,10812,10812,1,1
2019-04-12 16:01:35.525,10811,10812,10812,7,7
2019-04-12 16:01:35.583,10811,10812,10812,7,7
2019-04-12 16:01:38.645,10811,10812,10812,2,2
2019-04-12 16:01:38.709,10811,10812,10812,2,2
2019-04-12 16:01:38.842,10811,10812,10812,6,6
2019-04-12 16:01:38.960,10811,10812,10812,28,28
2019-04-12 16:01:39.782,10812,10813,10812,1,-1
2019-04-12 16:01:41.145,10812,10813,10812,1,-1
2019-04-12 16:01:41.483,10812,10813,10813,2,2
2019-04-12 16:01:41.630,10812,10813,10813,1,1
2019-04-12 16:01:41.953,10812,10813,10813,7,7
2019-04-12 16:01:41.953,10812,10813,10813,8,8
2019-04-12 16:01:41.953,10812,10813,10813,7,7
2019-04-12 16:01:41.953,10812,10813,10813,8,8
2019-04-12 16:01:41.954,10812,10813,10813,1,1
2019-04-12 16:01:41.956,10812,10813,10814,1,1
2019-04-12 16:01:41.960,10813,10814,10814,31,31
2019-04-12 16:01:41.960,10813,10814,10814,1,1
2019-04-12 16:01:41.960,10813,10814,10814,2,2
2019-04-12 16:01:41.960,10813,10814,10814,11,11
2019-04-12 16:01:41.962,10813,10814,10814,3,3
2019-04-12 16:01:41.962,10813,10814,10814,4,4
2019-04-12 16:01:41.962,10813,10814,10814,1,1
2019-04-12 16:01:41.963,10813,10814,10814,2,2
2019-04-12 16:01:41.994,10813,10814,10814,1,1
2019-04-12 16:01:42.028,10813,10814,10814,1,1
2019-04-12 16:01:42.084,10813,10814,10814,2,2
2019-04-12 16:01:42.084,10813,10814,10814,6,6
2019-04-12 16:01:42.118,10813,10814,10815,4,4
2019-04-12 16:01:42.265,10814,10815,10815,2,2
2019-04-12 16:01:42.270,10814,10815,10815,1,1
2019-04-12 16:01:42.272,10814,10815,10815,1,1
2019-04-12 16:01:42.280,10814,10815,10815,1,1
2019-04-12 16:01:42.321,10814,10815,10815,2,2
2019-04-12 16:01:42.342,10814,10815,10814,1,-1
2019-04-12 16:01:44.986,10814,10815,10814,1,-1
2019-04-12 16:01:45.150,10814,10815,10815,1,1
2019-04-12 16:01:45.654,10814,10815,10815,2,2
2019-04-12 16:01:45.885,10814,10815,10815,1,1
2019-04-12 16:01:45.887,10814,10815,10815,1,1
2019-04-12 16:01:45.949,10814,10815,10815,2,2
2019-04-12 16:01:46.501,10814,10815,10814,1,-1
2019-04-12 16:01:46.584,10814,10815,10814,3,-3
2019-04-12 16:01:46.584,10814,10815,10814,6,-6
2019-04-12 16:01:46.584,10814,10815,10814,1,-1
2019-04-12 16:01:46.584,10814,10815,10814,4,-4
2019-04-12 16:01:46.584,10814,10815,10814,3,-3
2019-04-12 16:01:46.662,10814,10815,10814,1,-1
2019-04-12 16:01:46.833,10813,10814,10814,1,1
2019-04-12 16:01:47.133,10813,10814,10814,1,1
2019-04-12 16:01:51.628,10813,10814,10814,1,1
2019-04-12 16:02:01.957,10813,10814,10813,1,-1
2019-04-12 16:02:02.649,10813,10814,10814,9,9
2019-04-12 16:02:04.085,10813,10814,10814,1,1
2019-04-12 16:02:07.986,10813,10814,10813,1,-1
2019-04-12 16:02:09.946,10813,10814,10814,1,1
2019-04-12 16:02:11.290,10813,10814,10814,2,2
2019-04-12 16:02:11.809,10813,10814,10814,2,2
2019-04-12 16:02:12.453,10813,10814,10814,2,2
2019-04-12 16:02:12.453,10813,10814,10814,3,3
2019-04-12 16:02:12.453,10813,10814,10814,3,3
2019-04-12 16:02:12.453,10813,10814,10814,2,2
2019-04-12 16:02:12.454,10813,10814,10814,11,11
2019-04-12 16:02:12.454,10813,10814,10814,2,2
2019-04-12 16:02:12.455,10813,10814,10814,1,1
2019-04-12 16:02:12.456,10813,10814,10814,21,21
2019-04-12 16:02:12.589,10814,10815,10815,2,2
2019-04-12 16:02:12.600,10814,10815,10815,2,2
2019-04-12 16:02:12.612,10814,10815,10815,2,2
2019-04-12 16:02:12.655,10814,10815,10815,4,4
2019-04-12 16:02:13.952,10814,10815,10815,20,20
2019-04-12 16:02:14.010,10814,10815,10815,1,1
2019-04-12 16:02:17.430,10814,10815,10815,1,1
2019-04-12 16:02:17.747,10814,10815,10814,1,-1
2019-04-12 16:02:19.404,10814,10815,10814,1,-1
2019-04-12 16:02:19.642,10814,10815,10814,1,-1
2019-04-12 16:02:20.368,10814,10815,10815,1,1
2019-04-12 16:02:20.470,10814,10815,10814,1,-1
2019-04-12 16:02:21.541,10814,10815,10815,2,2
2019-04-12 16:02:23.172,10814,10815,10815,1,1
2019-04-12 16:02:24.269,10814,10815,10814,1,-1
2019-04-12 16:02:24.456,10814,10815,10815,1,1
2019-04-12 16:02:25.189,10814,10815,10815,3,3
2019-04-12 16:02:29.257,10814,10815,10814,1,-1
2019-04-12 16:02:29.335,10814,10815,10815,10,10
2019-04-12 16:02:29.799,10814,10815,10814,1,-1
2019-04-12 16:02:30.615,10814,10815,10814,1,-1
2019-04-12 16:02:30.956,10814,10815,10815,10,10
2019-04-12 16:02:31.206,10814,10815,10815,10,10
2019-04-12 16:02:31.386,10814,10815,10815,10,10
2019-04-12 16:02:31.510,10814,10815,10815,1,1
2019-04-12 16:02:31.704,10814,10815,10815,2,2
2019-04-12 16:02:31.888,10814,10815,10815,2,2
2019-04-12 16:02:32.865,10814,10815,10815,3,3
2019-04-12 16:02:37.301,10814,10815,10815,7,7
2019-04-12 16:02:37.302,10814,10815,10815,2,2
2019-04-12 16:02:37.302,10814,10815,10815,2,2
2019-04-12 16:02:37.302,10814,10815,10815,7,7
2019-04-12 16:02:37.303,10814,10815,10815,1,1
2019-04-12 16:02:37.334,10814,10815,10815,2,2
2019-04-12 16:02:37.334,10814,10815,10815,2,2
2019-04-12 16:02:37.334,10814,10815,10815,3,3
2019-04-12 16:02:37.334,10814,10815,10815,2,2
2019-04-12 16:02:37.334,10814,10815,10815,1,1
2019-04-12 16:02:37.334,10814,10815,10815,6,6
2019-04-12 16:02:37.334,10814,10815,10815,1,1
2019-04-12 16:02:37.335,10814,10815,10815,1,1
2019-04-12 16:02:37.336,10814,10815,10815,4,4
2019-04-12 16:02:37.336,10814,10815,10815,3,3
2019-04-12 16:02:37.336,10814,10815,10815,4,4
2019-04-12 16:02:37.337,10814,10815,10815,6,6
2019-04-12 16:02:38.298,10815,10816,10815,1,-1
2019-04-12 16:02:39.162,10815,10816,10816,1,1
2019-04-12 16:02:39.204,10815,10816,10816,4,4
2019-04-12 16:02:39.253,10815,10816,10816,1,1
2019-04-12 16:02:39.377,10815,10816,10816,1,1
2019-04-12 16:02:39.399,10815,10816,10816,2,2
2019-04-12 16:02:39.424,10815,10816,10816,1,1
2019-04-12 16:02:39.546,10815,10816,10816,5,5
2019-04-12 16:02:39.613,10815,10816,10816,2,2
2019-04-12 16:02:40.211,10815,10816,10816,2,2
2019-04-12 16:02:40.300,10815,10816,10816,1,1
2019-04-12 16:02:40.359,10815,10816,10816,2,2
2019-04-12 16:02:40.847,10815,10816,10816,2,2
2019-04-12 16:02:40.888,10815,10816,10816,1,1
2019-04-12 16:02:40.888,10815,10816,10816,3,3
2019-04-12 16:02:40.900,10815,10816,10816,3,3
2019-04-12 16:02:40.983,10815,10816,10816,1,1
2019-04-12 16:02:41.084,10816,10817,10816,1,-1
2019-04-12 16:02:41.192,10816,10817,10816,1,-1
2019-04-12 16:02:41.209,10816,10817,10816,1,-1
2019-04-12 16:02:41.436,10815,10816,10816,1,1
2019-04-12 16:02:41.613,10815,10816,10816,1,1
2019-04-12 16:02:41.751,10815,10816,10816,1,1
2019-04-12 16:02:41.809,10815,10816,10816,1,1
2019-04-12 16:02:42.498,10815,10816,10816,2,2
2019-04-12 16:02:42.943,10815,10816,10815,1,-1
2019-04-12 16:02:43.463,10815,10816,10815,1,-1
2019-04-12 16:02:43.522,10815,10816,10816,2,2
2019-04-12 16:02:43.815,10815,10816,10816,2,2
2019-04-12 16:02:43.997,10815,10816,10816,1,1
2019-04-12 16:02:44.731,10815,10816,10816,20,20
2019-04-12 16:02:45.812,10815,10816,10816,3,3
2019-04-12 16:02:45.823,10815,10816,10816,1,1
2019-04-12 16:02:45.834,10815,10816,10817,2,2
2019-04-12 16:02:45.847,10815,10816,10817,3,3
2019-04-12 16:02:45.996,10815,10817,10817,1,1
2019-04-12 16:02:45.999,10815,10817,10817,1,1
2019-04-12 16:02:46.084,10816,10817,10816,1,-1
2019-04-12 16:02:47.584,10815,10816,10816,1,1
2019-04-12 16:02:47.591,10815,10816,10816,1,1
2019-04-12 16:02:47.969,10815,10816,10816,1,1
2019-04-12 16:02:48.465,10815,10816,10816,1,1
2019-04-12 16:02:48.556,10815,10816,10816,2,2
2019-04-12 16:02:48.557,10815,10816,10816,1,1
2019-04-12 16:02:48.584,10816,10817,10816,2,-2
2019-04-12 16:02:48.709,10816,10817,10816,2,-2
2019-04-12 16:02:48.709,10816,10817,10816,2,-2
2019-04-12 16:02:52.195,10815,10816,10816,1,1
2019-04-12 16:02:54.984,10815,10816,10815,1,-1
2019-04-12 16:02:58.311,10815,10816,10816,1,1
2019-04-12 16:02:58.448,10815,10816,10816,2,2
2019-04-12 16:02:58.462,10815,10816,10816,2,2
2019-04-12 16:02:58.565,10815,10816,10816,2,2
2019-04-12 16:02:58.966,10815,10816,10816,2,2
2019-04-12 16:02:58.991,10815,10816,10815,5,-5
2019-04-12 16:02:59.372,10815,10816,10815,4,-4
2019-04-12 16:02:59.459,10815,10816,10815,2,-2
2019-04-12 16:03:01.436,10815,10816,10815,1,-1
2019-04-12 16:03:01.474,10815,10816,10816,2,2
2019-04-12 16:03:06.181,10815,10816,10816,1,1
2019-04-12 16:03:06.202,10815,10816,10816,3,3
2019-04-12 16:03:06.204,10815,10816,10816,2,2
2019-04-12 16:03:06.263,10815,10816,10816,3,3
2019-04-12 16:03:06.784,10815,10816,10815,1,-1
2019-04-12 16:03:06.885,10815,10816,10815,5,-5
2019-04-12 16:03:07.028,10815,10816,10816,1,1
2019-04-12 16:03:08.102,10815,10816,10816,1,1
2019-04-12 16:03:08.575,10815,10816,10816,1,1
2019-04-12 16:03:11.684,10815,10816,10815,1,-1
2019-04-12 16:03:12.528,10815,10816,10816,1,1
2019-04-12 16:03:15.805,10815,10816,10816,2,2
2019-04-12 16:03:17.929,10815,10816,10816,2,2
2019-04-12 16:03:20.420,10815,10816,10816,1,1
2019-04-12 16:03:23.906,10815,10816,10816,1,1
2019-04-12 16:03:26.040,10815,10816,10816,2,2
2019-04-12 16:03:26.548,10815,10816,10816,2,2
2019-04-12 16:03:26.645,10815,10816,10816,1,1
2019-04-12 16:03:26.645,10815,10816,10816,1,1
2019-04-12 16:03:26.646,10815,10816,10816,5,5
2019-04-12 16:03:26.646,10815,10816,10816,6,6
2019-04-12 16:03:26.646,10815,10816,10816,1,1
2019-04-12 16:03:27.054,10816,10817,10817,6,6
2019-04-12 16:03:27.055,10816,10817,10817,3,3
2019-04-12 16:03:27.056,10816,10817,10817,1,1
2019-04-12 16:03:27.084,10816,10817,10817,2,2
2019-04-12 16:03:30.136,10816,10817,10816,1,-1
2019-04-12 16:03:30.773,10816,10817,10816,4,-4
2019-04-12 16:03:31.737,10816,10817,10816,1,-1
2019-04-12 16:03:38.544,10816,10817,10816,1,-1
2019-04-12 16:03:38.709,10816,10817,10816,2,-2
2019-04-12 16:03:38.834,10816,10817,10816,1,-1
2019-04-12 16:03:39.975,10815,10816,10816,2,2
2019-04-12 16:03:42.803,10815,10816,10816,1,1
2019-04-12 16:03:42.803,10815,10816,10816,4,4
2019-04-12 16:03:43.133,10815,10816,10816,1,1
2019-04-12 16:03:43.310,10815,10816,10815,1,-1
2019-04-12 16:03:43.433,10815,10816,10815,1,-1
2019-04-12 16:03:45.373,10815,10816,10816,1,1
2019-04-12 16:03:50.912,10815,10816,10816,1,1
2019-04-12 16:03:51.229,10815,10816,10816,1,1
2019-04-12 16:03:52.348,10815,10816,10816,1,1
2019-04-12 16:03:55.869,10815,10816,10816,1,1
2019-04-12 16:03:56.373,10815,10816,10816,1,1
2019-04-12 16:03:57.904,10815,10816,10816,1,1
2019-04-12 16:03:58.164,10815,10816,10816,1,1
2019-04-12 16:04:02.950,10815,10816,10816,2,2
2019-04-12 16:04:07.734,10815,10816,10816,1,1
2019-04-12 16:04:09.878,10815,10816,10816,1,1
2019-04-12 16:04:11.871,10815,10816,10816,7,7
2019-04-12 16:04:11.874,10815,10816,10816,3,3
2019-04-12 16:04:12.000,10815,10816,10816,1,1
2019-04-12 16:04:14.584,10816,10817,10816,1,-1
2019-04-12 16:04:20.168,10816,10817,10816,1,-1
2019-04-12 16:04:20.627,10816,10817,10816,1,-1
2019-04-12 16:04:21.517,10816,10817,10816,1,-1
2019-04-12 16:04:21.518,10816,10817,10816,1,-1
2019-04-12 16:04:21.518,10816,10817,10816,1,-1
2019-04-12 16:04:21.527,10816,10817,10816,2,-2
2019-04-12 16:04:21.527,10816,10817,10816,1,-1
2019-04-12 16:04:21.527,10816,10817,10816,1,-1
2019-04-12 16:04:22.985,10815,10816,10816,1,1
2019-04-12 16:04:23.116,10815,10816,10816,2,2
2019-04-12 16:04:24.017,10815,10816,10816,1,1
2019-04-12 16:04:26.966,10815,10816,10816,6,6
2019-04-12 16:04:33.793,10815,10816,10816,1,1
2019-04-12 16:04:36.367,10815,10816,10816,2,2
2019-04-12 16:04:37.196,10815,10816,10816,1,1
2019-04-12 16:04:39.115,10815,10816,10816,2,2
2019-04-12 16:04:44.529,10815,10816,10815,1,-1
2019-04-12 16:04:45.216,10815,10816,10816,1,1
2019-04-12 16:04:48.324,10815,10816,10816,1,1
2019-04-12 16:04:48.871,10815,10816,10816,1,1
2019-04-12 16:04:49.786,10815,10816,10816,1,1
2019-04-12 16:04:51.123,10815,10816,10816,1,1
2019-04-12 16:04:55.943,10815,10816,10815,1,-1
2019-04-12 16:04:57.244,10815,10816,10816,2,2
2019-04-12 16:04:58.338,10815,10816,10816,1,1
2019-04-12 16:05:03.051,10815,10816,10816,10,10
2019-04-12 16:05:03.236,10815,10816,10816,7,7
2019-04-12 16:05:03.416,10816,10817,10817,1,1
2019-04-12 16:05:03.454,10816,10817,10817,2,2
2019-04-12 16:05:03.493,10816,10817,10817,6,6
2019-04-12 16:05:08.352,10816,10817,10816,1,-1
2019-04-12 16:05:10.325,10816,10817,10816,1,-1
2019-04-12 16:05:16.303,10816,10817,10816,2,-2
2019-04-12 16:05:19.611,10816,10817,10817,1,1
2019-04-12 16:05:20.702,10816,10817,10816,1,-1
2019-04-12 16:05:22.667,10816,10817,10817,1,1
2019-04-12 16:05:23.265,10816,10817,10817,1,1
2019-04-12 16:05:25.509,10816,10817,10817,40,40
2019-04-12 16:05:31.335,10816,10817,10817,1,1
2019-04-12 16:05:31.588,10816,10817,10817,1,1
2019-04-12 16:05:31.742,10816,10817,10817,1,1
2019-04-12 16:05:35.203,10816,10817,10816,1,-1
2019-04-12 16:05:35.695,10816,10817,10817,2,2
2019-04-12 16:05:38.991,10816,10817,10817,1,1
2019-04-12 16:05:39.019,10816,10817,10817,1,1
2019-04-12 16:05:39.621,10816,10817,10817,1,1
2019-04-12 16:05:40.366,10816,10817,10817,1,1
2019-04-12 16:05:40.675,10816,10817,10817,1,1
2019-04-12 16:05:41.461,10816,10817,10816,5,-5
2019-04-12 16:05:44.140,10816,10817,10816,1,-1
2019-04-12 16:05:48.090,10816,10817,10816,1,-1
2019-04-12 16:05:50.558,10816,10817,10817,1,1
2019-04-12 16:05:50.728,10816,10817,10816,3,-3
2019-04-12 16:05:52.117,10816,10817,10816,2,-2
2019-04-12 16:05:54.420,10816,10817,10816,1,-1
2019-04-12 16:05:57.284,10816,10817,10816,1,-1
2019-04-12 16:05:58.566,10816,10817,10816,2,-2
2019-04-12 16:06:00.484,10816,10817,10817,2,2
2019-04-12 16:06:02.905,10816,10817,10816,10,-10
2019-04-12 16:06:03.421,10816,10817,10817,9,9
2019-04-12 16:06:07.013,10816,10817,10817,1,1
2019-04-12 16:06:07.020,10816,10817,10816,1,-1
2019-04-12 16:06:15.717,10816,10817,10816,1,-1
2019-04-12 16:06:24.173,10816,10817,10816,26,-26
2019-04-12 16:06:24.173,10816,10817,10816,3,-3
2019-04-12 16:06:24.209,10815,10816,10816,1,1
2019-04-12 16:06:29.007,10815,10816,10816,1,1
2019-04-12 16:06:29.255,10815,10816,10816,1,1
2019-04-12 16:06:30.555,10815,10816,10816,1,1
2019-04-12 16:06:31.871,10815,10816,10816,1,1
2019-04-12 16:06:34.989,10815,10816,10816,1,1
2019-04-12 16:06:38.311,10815,10816,10816,2,2
2019-04-12 16:06:39.577,10815,10816,10816,1,1
2019-04-12 16:06:40.693,10815,10816,10816,3,3
2019-04-12 16:06:41.084,10815,10816,10816,1,1
2019-04-12 16:06:42.140,10816,10817,10816,1,-1
2019-04-12 16:06:43.051,10816,10817,10816,1,-1
2019-04-12 16:06:47.210,10816,10817,10816,1,-1
2019-04-12 16:06:47.903,10816,10817,10816,1,-1
2019-04-12 16:06:49.303,10816,10817,10816,1,-1
2019-04-12 16:06:52.842,10816,10817,10816,1,-1
2019-04-12 16:06:53.084,10816,10817,10817,10,10
2019-04-12 16:06:54.546,10816,10817,10817,1,1
2019-04-12 16:06:58.074,10816,10817,10817,4,4
2019-04-12 16:06:58.084,10816,10817,10817,9,9
2019-04-12 16:06:58.631,10816,10818,10818,1,1
2019-04-12 16:06:59.251,10816,10818,10818,1,1
2019-04-12 16:06:59.985,10816,10818,10818,1,1
2019-04-12 16:07:04.130,10817,10818,10818,2,2
2019-04-12 16:07:04.576,10817,10818,10818,2,2
2019-04-12 16:07:10.894,10817,10818,10817,1,-1
2019-04-12 16:07:11.126,10817,10818,10817,7,-7
2019-04-12 16:07:16.334,10816,10817,10816,25,-25
2019-04-12 16:07:16.459,10816,10817,10816,5,-5
2019-04-12 16:07:19.461,10815,10816,10816,1,1
2019-04-12 16:07:21.605,10815,10816,10816,1,1
2019-04-12 16:07:24.198,10815,10816,10816,1,1
2019-04-12 16:07:26.024,10816,10817,10816,1,-1
2019-04-12 16:07:34.399,10816,10817,10816,1,-1
2019-04-12 16:07:38.601,10816,10817,10816,1,-1
2019-04-12 16:07:38.652,10816,10817,10816,1,-1
2019-04-12 16:07:40.939,10815,10816,10816,2,2
2019-04-12 16:07:43.668,10815,10816,10816,1,1
2019-04-12 16:07:55.022,10815,10816,10815,1,-1
2019-04-12 16:07:55.971,10815,10816,10815,1,-1
2019-04-12 16:08:01.665,10815,10816,10815,1,-1
2019-04-12 16:08:02.689,10815,10816,10816,5,5
2019-04-12 16:08:06.827,10815,10816,10816,1,1
2019-04-12 16:08:08.220,10815,10816,10816,1,1
2019-04-12 16:08:08.730,10815,10816,10816,1,1
2019-04-12 16:08:09.426,10815,10816,10816,1,1
2019-04-12 16:08:17.624,10815,10816,10815,1,-1
2019-04-12 16:08:23.671,10815,10816,10815,1,-1
2019-04-12 16:08:36.997,10815,10816,10816,1,1
2019-04-12 16:08:38.326,10815,10816,10815,1,-1
2019-04-12 16:08:40.943,10815,10816,10815,5,-5
2019-04-12 16:08:42.545,10815,10816,10815,1,-1
2019-04-12 16:09:14.704,10815,10816,10815,4,-4
2019-04-12 16:09:17.610,10815,10816,10815,1,-1
2019-04-12 16:09:31.103,10815,10816,10816,1,1
2019-04-12 16:09:38.718,10815,10816,10816,1,1
2019-04-12 16:09:43.399,10815,10816,10815,3,-3
2019-04-12 16:09:48.455,10815,10816,10816,4,4
2019-04-12 16:09:48.926,10815,10816,10815,5,-5
2019-04-12 16:09:55.570,10815,10816,10815,1,-1
2019-04-12 16:09:56.565,10815,10816,10816,1,1
2019-04-12 16:09:57.414,10815,10816,10815,1,-1
2019-04-12 16:09:59.204,10815,10816,10815,1,-1
2019-04-12 16:09:59.204,10815,10816,10815,3,-3
2019-04-12 16:09:59.204,10815,10816,10815,18,-18
2019-04-12 16:09:59.204,10815,10816,10815,4,-4
2019-04-12 16:09:59.204,10815,10816,10815,2,-2
2019-04-12 16:09:59.209,10815,10816,10815,4,-4
2019-04-12 16:10:01.053,10814,10815,10815,1,1
2019-04-12 16:10:02.839,10814,10815,10815,1,1
2019-04-12 16:10:05.376,10814,10815,10815,1,1
2019-04-12 16:10:14.810,10814,10815,10815,11,11
2019-04-12 16:10:15.045,10815,10816,10815,2,-2
2019-04-12 16:10:15.364,10815,10816,10816,1,1
2019-04-12 16:10:15.452,10815,10816,10815,7,-7
2019-04-12 16:10:15.452,10815,10816,10814,3,-3
2019-04-12 16:10:18.761,10814,10815,10814,1,-1
2019-04-12 16:10:24.863,10814,10815,10815,5,5
2019-04-12 16:10:53.097,10814,10815,10815,2,2
2019-04-12 16:11:06.978,10814,10815,10815,2,2
2019-04-12 16:11:08.914,10814,10815,10815,1,1
2019-04-12 16:11:15.428,10814,10815,10814,1,-1
2019-04-12 16:11:22.455,10814,10815,10814,1,-1
2019-04-12 16:11:31.066,10814,10815,10814,1,-1
2019-04-12 16:11:32.624,10814,10815,10814,1,-1
2019-04-12 16:11:44.926,10814,10815,10814,1,-1
2019-04-12 16:11:47.738,10814,10815,10815,1,1
2019-04-12 16:11:55.543,10814,10815,10814,1,-1
2019-04-12 16:12:09.959,10814,10815,10814,1,-1
2019-04-12 16:12:39.700,10814,10815,10814,1,-1
2019-04-12 16:12:42.932,10814,10815,10815,1,1
2019-04-12 16:12:50.415,10814,10815,10815,23,23
2019-04-12 16:12:55.061,10815,10816,10816,18,18
2019-04-12 16:12:55.084,10815,10816,10816,4,4
2019-04-12 16:12:55.084,10815,10816,10816,3,3
2019-04-12 16:12:55.382,10816,10817,10817,1,1
2019-04-12 16:13:07.387,10816,10817,10817,1,1
2019-04-12 16:13:18.887,10816,10817,10817,1,1
2019-04-12 16:13:29.237,10816,10817,10817,1,1
2019-04-12 16:13:33.075,10816,10817,10817,10,10
2019-04-12 16:13:39.982,10816,10817,10817,1,1
2019-04-12 16:13:52.248,10816,10817,10817,2,2
2019-04-12 16:13:52.305,10816,10817,10817,1,1
2019-04-12 16:13:52.334,10816,10817,10817,2,2
2019-04-12 16:13:52.334,10816,10817,10817,1,1
2019-04-12 16:13:52.334,10816,10817,10817,4,4
2019-04-12 16:13:52.334,10816,10817,10817,1,1
2019-04-12 16:13:52.334,10816,10817,10817,2,2
2019-04-12 16:13:55.505,10817,10818,10817,1,-1
2019-04-12 16:13:56.003,10817,10818,10817,1,-1
2019-04-12 16:13:57.101,10817,10818,10817,2,-2
2019-04-12 16:14:00.612,10817,10818,10817,1,-1
2019-04-12 16:14:01.210,10817,10818,10817,1,-1
2019-04-12 16:14:03.376,10816,10817,10817,1,1
2019-04-12 16:14:04.405,10816,10817,10817,3,3
2019-04-12 16:14:04.405,10816,10817,10818,1,1
2019-04-12 16:14:05.177,10817,10818,10818,1,1
2019-04-12 16:14:05.375,10817,10818,10817,1,-1
2019-04-12 16:14:12.989,10817,10818,10817,2,-2
2019-04-12 16:14:12.989,10817,10818,10817,2,-2
2019-04-12 16:14:12.989,10817,10818,10817,6,-6
2019-04-12 16:14:12.990,10817,10818,10817,1,-1
2019-04-12 16:14:12.990,10817,10818,10817,1,-1
2019-04-12 16:14:13.502,10816,10817,10817,1,1
2019-04-12 16:14:13.773,10816,10817,10817,1,1
2019-04-12 16:14:19.084,10816,10817,10817,1,1
2019-04-12 16:14:34.371,10816,10817,10817,1,1
2019-04-12 16:14:34.870,10816,10817,10817,1,1
2019-04-12 16:14:35.456,10816,10817,10817,3,3
2019-04-12 16:15:00.339,10816,10817,10817,1,1
2019-04-12 16:15:00.459,10816,10817,10817,1,1
2019-04-12 16:15:00.709,10817,10818,10818,1,1
2019-04-12 16:15:00.968,10817,10818,10818,8,8
2019-04-12 16:15:00.998,10817,10818,10818,1,1
2019-04-12 16:15:01.014,10817,10818,10818,12,12
2019-04-12 16:15:01.196,10817,10818,10818,1,1
2019-04-12 16:15:01.196,10817,10818,10818,2,2
2019-04-12 16:15:01.196,10817,10818,10818,1,1
2019-04-12 16:15:02.068,10817,10818,10818,1,1
2019-04-12 16:15:04.399,10817,10818,10818,16,16
2019-04-12 16:15:04.459,10817,10818,10818,1,1
2019-04-12 16:15:05.060,10817,10818,10818,1,1
2019-04-12 16:15:05.061,10817,10818,10818,1,1
2019-04-12 16:15:05.063,10817,10818,10818,21,21
2019-04-12 16:15:05.084,10817,10818,10818,8,8
2019-04-12 16:15:05.084,10817,10818,10818,1,1
2019-04-12 16:15:05.084,10817,10818,10818,12,12
2019-04-12 16:15:05.487,10818,10819,10819,2,2
2019-04-12 16:15:05.631,10818,10819,10819,2,2
2019-04-12 16:15:05.647,10818,10819,10819,2,2
2019-04-12 16:15:05.706,10818,10819,10819,1,1
2019-04-12 16:15:09.202,10818,10819,10819,1,1
2019-04-12 16:15:10.811,10818,10819,10819,1,1
2019-04-12 16:15:12.388,10818,10819,10819,1,1
2019-04-12 16:15:12.485,10818,10819,10819,1,1
2019-04-12 16:15:16.292,10818,10819,10819,1,1
2019-04-12 16:15:16.754,10818,10819,10819,1,1
2019-04-12 16:15:17.864,10818,10819,10818,1,-1
2019-04-12 16:15:22.834,10818,10819,10818,7,-7
2019-04-12 16:15:24.089,10817,10818,10818,1,1
2019-04-12 16:15:25.387,10817,10818,10817,5,-5
2019-04-12 16:15:27.685,10817,10818,10817,2,-2
2019-04-12 16:15:32.026,10817,10818,10817,1,-1
2019-04-12 16:15:32.850,10817,10818,10817,1,-1
2019-04-12 16:15:36.483,10817,10818,10817,1,-1
2019-04-12 16:15:39.710,10817,10818,10817,1,-1
2019-04-12 16:15:53.495,10817,10818,10817,1,-1
2019-04-12 16:15:58.865,10817,10818,10818,1,1
2019-04-12 16:16:01.796,10817,10818,10818,1,1
2019-04-12 16:16:07.599,10817,10818,10817,1,-1
2019-04-12 16:16:15.932,10817,10818,10817,3,-3
2019-04-12 16:16:17.415,10817,10818,10818,1,1
2019-04-12 16:16:19.156,10817,10818,10817,7,-7
2019-04-12 16:16:30.438,10816,10817,10817,1,1
2019-04-12 16:16:49.501,10816,10817,10817,2,2
2019-04-12 16:17:07.695,10816,10817,10817,1,1
2019-04-12 16:17:19.759,10816,10817,10817,2,2
2019-04-12 16:17:42.388,10817,10818,10817,1,-1
2019-04-12 16:17:42.826,10817,10818,10817,2,-2
2019-04-12 16:17:42.988,10816,10817,10817,1,1
2019-04-12 16:17:43.907,10817,10818,10818,2,2
2019-04-12 16:17:44.065,10817,10818,10818,2,2
2019-04-12 16:17:44.182,10817,10818,10818,2,2
2019-04-12 16:17:47.257,10817,10818,10818,1,1
2019-04-12 16:17:57.703,10817,10818,10818,1,1
2019-04-12 16:17:57.724,10817,10818,10818,2,2
2019-04-12 16:17:57.819,10817,10818,10818,2,2
2019-04-12 16:17:57.932,10817,10818,10818,2,2
2019-04-12 16:18:00.827,10817,10818,10818,1,1
2019-04-12 16:18:00.863,10817,10818,10818,2,2
2019-04-12 16:18:00.973,10817,10818,10818,2,2
2019-04-12 16:18:01.000,10817,10818,10818,2,2
2019-04-12 16:18:01.034,10817,10818,10818,1,1
2019-04-12 16:18:01.301,10817,10818,10818,7,7
2019-04-12 16:18:02.038,10817,10818,10818,1,1
2019-04-12 16:18:02.448,10817,10818,10818,1,1
2019-04-12 16:18:03.348,10817,10818,10818,3,3
2019-04-12 16:18:03.486,10817,10818,10818,1,1
2019-04-12 16:18:03.525,10817,10818,10818,1,1
2019-04-12 16:18:03.584,10818,10819,10818,1,-1
2019-04-12 16:18:03.709,10818,10819,10818,1,-1
2019-04-12 16:18:03.761,10818,10819,10818,1,-1
2019-04-12 16:18:03.766,10818,10819,10818,1,-1
2019-04-12 16:18:03.770,10818,10819,10818,1,-1
2019-04-12 16:18:05.972,10817,10818,10818,1,1
2019-04-12 16:18:06.005,10817,10818,10818,2,2
2019-04-12 16:18:06.262,10817,10818,10818,2,2
2019-04-12 16:18:06.334,10818,10819,10818,2,-2
2019-04-12 16:18:18.646,10817,10818,10817,8,-8
2019-04-12 16:18:18.646,10817,10818,10817,8,-8
2019-04-12 16:18:18.709,10817,10818,10817,8,-8
2019-04-12 16:18:51.001,10817,10818,10817,1,-1
2019-04-12 16:18:55.418,10817,10818,10817,1,-1
2019-04-12 16:18:57.588,10817,10818,10818,19,19
2019-04-12 16:19:14.278,10817,10818,10818,11,11
2019-04-12 16:19:34.592,10817,10818,10817,1,-1
2019-04-12 16:19:38.531,10817,10818,10818,1,1
2019-04-12 16:19:41.132,10817,10818,10817,2,-2
2019-04-12 16:19:45.989,10817,10818,10818,2,2
2019-04-12 16:19:48.184,10817,10818,10817,3,-3
2019-04-12 16:19:56.335,10817,10818,10817,1,-1
2019-04-12 16:19:56.633,10817,10818,10817,1,-1
2019-04-12 16:19:56.911,10817,10818,10817,1,-1
2019-04-12 16:19:57.228,10817,10818,10817,1,-1
2019-04-12 16:19:57.551,10817,10818,10817,1,-1
2019-04-12 16:20:02.985,10817,10818,10817,5,-5
2019-04-12 16:20:03.185,10817,10818,10818,2,2
2019-04-12 16:20:05.879,10817,10818,10818,1,1
2019-04-12 16:20:09.382,10817,10818,10818,2,2
2019-04-12 16:20:11.672,10817,10818,10818,1,1
2019-04-12 16:20:17.327,10817,10818,10818,1,1
2019-04-12 16:20:20.722,10817,10818,10818,2,2
2019-04-12 16:20:31.189,10817,10818,10818,1,1
2019-04-12 16:20:52.847,10817,10818,10817,1,-1
2019-04-12 16:21:06.551,10817,10818,10817,2,-2
2019-04-12 16:21:09.791,10817,10818,10817,2,-2
2019-04-12 16:21:15.598,10817,10818,10817,1,-1
2019-04-12 16:21:15.988,10817,10818,10817,1,-1
2019-04-12 16:21:16.339,10817,10818,10817,1,-1
2019-04-12 16:21:21.513,10817,10818,10817,1,-1
2019-04-12 16:21:21.880,10817,10818,10817,1,-1
2019-04-12 16:21:22.309,10817,10818,10817,1,-1
2019-04-12 16:21:45.952,10817,10818,10817,1,-1
2019-04-12 16:21:59.121,10817,10818,10817,2,-2
2019-04-12 16:22:04.869,10817,10818,10817,23,-23
2019-04-12 16:22:09.789,10816,10817,10817,1,1
2019-04-12 16:22:17.609,10816,10817,10817,5,5
2019-04-12 16:22:19.609,10816,10817,10817,1,1
2019-04-12 16:22:24.482,10816,10817,10817,1,1
2019-04-12 16:22:24.482,10816,10817,10817,3,3
2019-04-12 16:22:25.398,10817,10818,10817,1,-1
2019-04-12 16:22:30.266,10817,10818,10818,1,1
2019-04-12 16:22:37.945,10817,10818,10818,1,1
2019-04-12 16:22:41.459,10817,10818,10818,1,1
2019-04-12 16:22:43.151,10817,10818,10818,1,1
2019-04-12 16:22:45.566,10817,10818,10818,1,1
2019-04-12 16:23:07.174,10817,10818,10818,1,1
2019-04-12 16:23:08.423,10817,10818,10818,1,1
2019-04-12 16:23:11.097,10817,10818,10818,2,2
2019-04-12 16:23:29.966,10817,10818,10818,3,3
2019-04-12 16:23:38.012,10817,10818,10817,1,-1
2019-04-12 16:23:38.775,10817,10818,10818,1,1
2019-04-12 16:23:46.229,10817,10818,10817,1,-1
2019-04-12 16:23:51.920,10817,10818,10818,1,1
2019-04-12 16:23:54.174,10817,10818,10817,6,-6
2019-04-12 16:24:03.447,10816,10817,10817,1,1
2019-04-12 16:24:03.498,10816,10817,10816,1,-1
2019-04-12 16:24:03.684,10816,10817,10817,3,3
2019-04-12 16:24:03.743,10816,10817,10817,2,2
2019-04-12 16:24:03.743,10816,10817,10818,2,2
2019-04-12 16:24:03.800,10816,10817,10818,2,2
2019-04-12 16:24:03.805,10816,10817,10818,2,2
2019-04-12 16:24:03.807,10816,10817,10818,2,2
2019-04-12 16:24:03.839,10816,10818,10818,2,2
2019-04-12 16:24:03.840,10816,10818,10818,1,1
2019-04-12 16:24:03.851,10816,10818,10818,1,1
2019-04-12 16:24:03.851,10816,10818,10818,2,2
2019-04-12 16:24:03.853,10816,10818,10818,1,1
2019-04-12 16:24:03.855,10816,10818,10818,4,4
2019-04-12 16:24:03.858,10816,10818,10818,1,1
2019-04-12 16:24:03.859,10816,10818,10818,4,4
2019-04-12 16:24:03.874,10816,10818,10818,2,2
2019-04-12 16:24:03.876,10816,10818,10818,5,5
2019-04-12 16:24:03.924,10816,10818,10818,1,1
2019-04-12 16:24:03.966,10817,10818,10818,2,2
2019-04-12 16:24:03.974,10817,10818,10818,1,1
2019-04-12 16:24:07.182,10817,10818,10817,1,-1
2019-04-12 16:24:08.406,10817,10818,10817,1,-1
2019-04-12 16:24:19.364,10818,10819,10818,1,1
2019-04-12 16:24:26.651,10818,10819,10819,2,2
2019-04-12 16:24:26.959,10818,10819,10819,16,16
2019-04-12 16:24:27.084,10818,10819,10819,6,6
2019-04-12 16:24:48.713,10818,10819,10819,1,1
2019-04-12 16:24:58.678,10818,10819,10819,2,2
2019-04-12 16:24:59.646,10818,10819,10819,2,2
2019-04-12 16:24:59.647,10818,10819,10819,1,1
2019-04-12 16:24:59.647,10818,10819,10819,1,1
2019-04-12 16:24:59.647,10818,10819,10819,7,7
2019-04-12 16:24:59.647,10818,10819,10819,8,8
2019-04-12 16:24:59.648,10818,10819,10819,2,2
2019-04-12 16:24:59.649,10818,10819,10819,4,4
2019-04-12 16:24:59.649,10818,10819,10819,2,2
2019-04-12 16:24:59.649,10818,10819,10819,3,3
2019-04-12 16:24:59.649,10818,10819,10819,1,1
2019-04-12 16:24:59.710,10819,10820,10820,1,1
2019-04-12 16:24:59.710,10819,10820,10820,1,1
2019-04-12 16:24:59.805,10819,10820,10820,2,2
2019-04-12 16:24:59.870,10819,10820,10820,1,1
2019-04-12 16:24:59.885,10819,10820,10820,9,9
2019-04-12 16:24:59.900,10819,10820,10820,9,9
2019-04-12 16:24:59.959,10819,10820,10820,2,2
2019-04-12 16:25:00.267,10819,10820,10820,1,1
2019-04-12 16:25:00.321,10819,10820,10819,2,-2
2019-04-12 16:25:00.323,10819,10820,10820,1,1
2019-04-12 16:25:00.369,10819,10820,10819,4,-4
2019-04-12 16:25:00.369,10819,10820,10819,3,-3
2019-04-12 16:25:00.372,10819,10820,10820,1,1
2019-04-12 16:25:00.375,10819,10820,10819,4,-4
2019-04-12 16:25:00.459,10819,10820,10819,2,-2
2019-04-12 16:25:00.571,10819,10820,10819,1,-1
2019-04-12 16:25:04.594,10818,10819,10819,1,1
2019-04-12 16:25:05.056,10818,10819,10819,1,1
2019-04-12 16:25:07.601,10818,10819,10819,1,1
2019-04-12 16:25:12.648,10818,10819,10819,2,2
2019-04-12 16:25:15.505,10818,10819,10819,10,10
2019-04-12 16:25:19.508,10818,10819,10819,1,1
2019-04-12 16:25:19.516,10818,10819,10818,4,-4
2019-04-12 16:25:19.516,10818,10819,10818,8,-8
2019-04-12 16:25:19.517,10818,10819,10818,8,-8
2019-04-12 16:25:19.517,10818,10819,10818,3,-3
2019-04-12 16:25:19.584,10818,10819,10818,1,-1
2019-04-12 16:25:19.584,10818,10819,10818,3,-3
2019-04-12 16:25:32.729,10817,10818,10818,2,2
2019-04-12 16:25:35.106,10817,10818,10818,2,2
2019-04-12 16:25:41.828,10817,10818,10818,3,3
2019-04-12 16:25:47.019,10818,10819,10818,1,-1
2019-04-12 16:26:06.114,10818,10819,10818,2,-2
2019-04-12 16:26:12.764,10818,10819,10818,2,-2
2019-04-12 16:26:39.746,10818,10819,10818,2,-2
2019-04-12 16:26:40.743,10818,10819,10818,3,-3
2019-04-12 16:26:42.025,10818,10819,10818,1,-1
2019-04-12 16:26:43.805,10818,10819,10818,1,-1
2019-04-12 16:26:44.991,10818,10819,10818,1,-1
2019-04-12 16:26:45.138,10818,10819,10818,1,-1
2019-04-12 16:26:46.658,10818,10819,10818,1,-1
2019-04-12 16:26:46.832,10818,10819,10818,1,-1
2019-04-12 16:26:54.980,10818,10819,10818,1,-1
2019-04-12 16:26:55.673,10818,10819,10818,1,-1
2019-04-12 16:26:55.673,10818,10819,10818,1,-1
2019-04-12 16:26:56.262,10817,10818,10818,5,5
2019-04-12 16:26:58.627,10817,10818,10817,2,-2
2019-04-12 16:27:04.479,10817,10818,10818,3,3
2019-04-12 16:27:12.760,10817,10818,10818,1,1
2019-04-12 16:27:17.869,10817,10818,10818,3,3
2019-04-12 16:27:19.503,10817,10818,10817,5,-5
2019-04-12 16:27:21.885,10817,10818,10817,1,-1
2019-04-12 16:27:22.133,10817,10818,10818,1,1
2019-04-12 16:27:22.148,10817,10818,10817,1,-1
2019-04-12 16:27:22.858,10817,10818,10817,1,-1
2019-04-12 16:27:23.313,10817,10818,10817,1,-1
2019-04-12 16:27:30.000,10817,10818,10817,1,-1
2019-04-12 16:27:35.468,10817,10818,10818,1,1
2019-04-12 16:27:35.468,10817,10818,10819,1,1
2019-04-12 16:27:35.793,10818,10819,10818,1,-1
2019-04-12 16:27:42.211,10818,10819,10818,3,-3
2019-04-12 16:27:44.478,10817,10818,10818,1,1
2019-04-12 16:27:45.378,10817,10818,10818,1,1
2019-04-12 16:27:57.219,10817,10818,10818,4,4
2019-04-12 16:28:05.439,10818,10819,10818,1,-1
2019-04-12 16:28:17.200,10818,10819,10818,1,-1
2019-04-12 16:28:22.403,10818,10819,10818,1,-1
2019-04-12 16:28:23.650,10818,10819,10818,1,-1
2019-04-12 16:28:27.512,10818,10819,10818,1,-1
2019-04-12 16:28:32.801,10818,10819,10818,5,-5
2019-04-12 16:28:33.290,10817,10818,10818,1,1
2019-04-12 16:28:35.582,10817,10818,10818,1,1
2019-04-12 16:28:38.296,10817,10818,10818,1,1
2019-04-12 16:28:46.745,10817,10818,10818,2,2
2019-04-12 16:28:52.527,10817,10818,10817,1,-1
2019-04-12 16:29:05.384,10817,10818,10818,1,1
2019-04-12 16:29:07.697,10817,10818,10818,1,1
2019-04-12 16:29:11.905,10817,10818,10817,5,-5
2019-04-12 16:29:15.545,10817,10818,10817,5,-5
2019-04-12 16:29:29.214,10817,10818,10818,1,1
2019-04-12 16:29:36.963,10817,10818,10817,5,-5
2019-04-12 16:29:46.028,10817,10818,10817,4,-4
2019-04-12 16:29:58.355,10817,10818,10818,2,2
2019-04-12 16:30:21.181,10817,10818,10818,1,1
2019-04-12 16:30:21.486,10817,10818,10817,1,-1
2019-04-12 16:30:21.545,10817,10818,10818,6,6
2019-04-12 16:30:48.738,10817,10818,10818,3,3
2019-04-12 16:30:49.903,10817,10818,10818,1,1
2019-04-12 16:30:55.262,10817,10818,10818,1,1
2019-04-12 16:30:59.175,10817,10818,10818,1,1
2019-04-12 16:30:59.175,10817,10818,10818,2,2
2019-04-12 16:30:59.175,10817,10818,10818,1,1
2019-04-12 16:30:59.175,10817,10818,10818,1,1
2019-04-12 16:30:59.175,10817,10818,10818,1,1
2019-04-12 16:30:59.175,10817,10818,10818,1,1
2019-04-12 16:30:59.176,10817,10818,10818,1,1
2019-04-12 16:30:59.177,10817,10818,10818,1,1
2019-04-12 16:31:05.598,10818,10819,10818,1,-1
2019-04-12 16:31:06.050,10818,10819,10818,1,-1
2019-04-12 16:31:06.503,10818,10819,10818,1,-1
2019-04-12 16:31:07.259,10818,10819,10818,1,-1
2019-04-12 16:31:21.809,10818,10819,10819,1,1
2019-04-12 16:31:25.559,10818,10819,10818,2,-2
2019-04-12 16:31:28.997,10818,10819,10818,1,-1
2019-04-12 16:31:31.086,10818,10819,10819,1,1
2019-04-12 16:31:34.815,10818,10819,10819,2,2
2019-04-12 16:31:40.920,10818,10819,10818,1,-1
2019-04-12 16:32:32.368,10818,10819,10818,1,-1
2019-04-12 16:32:52.659,10818,10819,10818,2,-2
2019-04-12 16:32:56.195,10818,10819,10819,2,2
2019-04-12 16:32:56.211,10818,10819,10819,23,23
2019-04-12 16:32:56.334,10818,10819,10819,8,8
2019-04-12 16:32:56.334,10818,10819,10819,2,2
2019-04-12 16:32:56.334,10818,10819,10819,1,1
2019-04-12 16:32:59.513,10819,10820,10819,1,-1
2019-04-12 16:33:08.912,10819,10820,10819,1,-1
2019-04-12 16:33:13.262,10819,10820,10819,1,-1
2019-04-12 16:33:15.262,10819,10820,10819,1,-1
2019-04-12 16:33:15.446,10818,10819,10818,1,-1
2019-04-12 16:33:26.350,10818,10819,10818,1,-1
2019-04-12 16:33:32.967,10818,10819,10819,6,6
2019-04-12 16:33:49.863,10819,10820,10819,1,-1
2019-04-12 16:33:52.760,10819,10820,10820,8,8
2019-04-12 16:33:52.760,10819,10820,10820,7,7
2019-04-12 16:33:52.760,10819,10820,10820,8,8
2019-04-12 16:33:52.760,10819,10820,10820,7,7
2019-04-12 16:33:52.762,10819,10820,10820,2,2
2019-04-12 16:33:52.765,10819,10820,10820,5,5
2019-04-12 16:33:52.765,10819,10820,10820,1,1
2019-04-12 16:33:52.765,10819,10820,10820,5,5
2019-04-12 16:33:52.766,10819,10820,10820,1,1
2019-04-12 16:33:52.766,10819,10820,10820,12,12
2019-04-12 16:33:52.767,10819,10820,10820,1,1
2019-04-12 16:33:52.767,10819,10820,10820,9,9
2019-04-12 16:33:52.767,10819,10820,10820,1,1
2019-04-12 16:33:52.767,10819,10820,10820,5,5
2019-04-12 16:33:52.767,10819,10820,10820,1,1
2019-04-12 16:33:52.767,10819,10820,10820,1,1
2019-04-12 16:33:52.779,10819,10820,10820,2,2
2019-04-12 16:33:52.834,10819,10820,10820,6,6
2019-04-12 16:33:53.160,10820,10821,10820,7,-7
2019-04-12 16:33:58.057,10820,10821,10820,1,-1
2019-04-12 16:33:58.057,10820,10821,10820,1,-1
2019-04-12 16:33:58.058,10820,10821,10820,1,-1
2019-04-12 16:33:58.058,10820,10821,10820,1,-1
2019-04-12 16:33:58.113,10820,10821,10820,1,-1
2019-04-12 16:33:58.561,10820,10821,10820,1,-1
2019-04-12 16:34:00.436,10820,10821,10820,1,-1
2019-04-12 16:34:01.959,10820,10821,10820,1,-1
2019-04-12 16:34:02.334,10820,10821,10820,1,-1
2019-04-12 16:34:02.584,10820,10821,10820,1,-1
2019-04-12 16:34:06.497,10819,10820,10820,1,1
2019-04-12 16:34:10.421,10819,10820,10820,4,4
2019-04-12 16:34:17.257,10820,10821,10820,1,-1
2019-04-12 16:34:17.257,10820,10821,10820,1,-1
2019-04-12 16:34:17.258,10820,10821,10820,1,-1
2019-04-12 16:34:17.258,10820,10821,10820,1,-1
2019-04-12 16:34:17.271,10820,10821,10820,1,-1
2019-04-12 16:34:17.272,10820,10821,10820,1,-1
2019-04-12 16:34:38.500,10819,10820,10820,10,10
2019-04-12 16:34:44.754,10819,10820,10819,1,-1
2019-04-12 16:35:11.769,10819,10820,10819,5,-5
2019-04-12 16:35:13.078,10819,10820,10820,10,10
2019-04-12 16:35:32.700,10819,10820,10820,3,3
2019-04-12 16:35:32.700,10819,10820,10820,1,1
2019-04-12 16:35:32.713,10819,10820,10820,2,2
2019-04-12 16:35:32.724,10819,10820,10820,3,3
2019-04-12 16:35:41.575,10819,10820,10820,1,1
2019-04-12 16:35:42.452,10819,10820,10820,1,1
2019-04-12 16:35:43.321,10819,10820,10820,2,2
2019-04-12 16:35:43.326,10819,10820,10820,2,2
2019-04-12 16:35:43.688,10819,10820,10820,1,1
2019-04-12 16:35:43.689,10819,10820,10820,1,1
2019-04-12 16:35:43.954,10819,10820,10820,1,1
2019-04-12 16:35:44.429,10819,10820,10820,1,1
2019-04-12 16:35:44.819,10819,10820,10820,1,1
2019-04-12 16:35:45.010,10819,10820,10820,1,1
2019-04-12 16:35:45.203,10819,10820,10820,1,1
2019-04-12 16:35:45.392,10819,10820,10820,1,1
2019-04-12 16:35:45.600,10819,10820,10820,1,1
2019-04-12 16:35:46.487,10819,10820,10820,1,1
2019-04-12 16:35:48.228,10819,10820,10820,1,1
2019-04-12 16:35:51.692,10819,10820,10820,1,1
2019-04-12 16:35:51.692,10819,10820,10820,1,1
2019-04-12 16:35:51.697,10819,10820,10820,1,1
2019-04-12 16:35:51.697,10819,10820,10820,1,1
2019-04-12 16:35:51.697,10819,10820,10820,1,1
2019-04-12 16:35:51.697,10819,10820,10820,1,1
2019-04-12 16:35:51.697,10819,10820,10820,1,1
2019-04-12 16:35:51.697,10819,10820,10820,1,1
2019-04-12 16:35:51.697,10819,10820,10820,3,3
2019-04-12 16:35:51.797,10819,10821,10821,2,2
2019-04-12 16:35:51.880,10820,10821,10821,1,1
2019-04-12 16:35:51.952,10820,10821,10821,11,11
2019-04-12 16:35:51.979,10820,10821,10821,4,4
2019-04-12 16:35:51.980,10820,10821,10821,1,1
2019-04-12 16:35:52.122,10820,10821,10821,2,2
2019-04-12 16:35:52.138,10820,10821,10821,2,2
2019-04-12 16:35:52.205,10820,10821,10821,2,2
2019-04-12 16:35:52.220,10820,10821,10821,2,2
2019-04-12 16:35:52.702,10820,10821,10821,1,1
2019-04-12 16:35:53.006,10820,10821,10821,4,4
2019-04-12 16:35:54.420,10820,10821,10820,2,-2
2019-04-12 16:36:01.346,10820,10821,10820,1,-1
2019-04-12 16:36:01.422,10820,10821,10820,1,-1
2019-04-12 16:36:02.139,10820,10821,10821,5,5
2019-04-12 16:36:02.141,10820,10821,10821,2,2
2019-04-12 16:36:09.278,10820,10821,10821,3,3
2019-04-12 16:36:15.192,10821,10822,10821,4,-4
2019-04-12 16:36:16.498,10820,10821,10821,1,1
2019-04-12 16:36:22.985,10820,10821,10821,5,5
2019-04-12 16:36:23.355,10820,10821,10821,9,9
2019-04-12 16:36:23.459,10821,10822,10821,11,-11
2019-04-12 16:36:24.067,10820,10821,10821,1,1
2019-04-12 16:36:29.399,10820,10821,10821,1,1
2019-04-12 16:36:29.818,10820,10821,10821,1,1
2019-04-12 16:36:35.719,10820,10821,10821,1,1
2019-04-12 16:36:42.834,10820,10821,10820,18,-18
2019-04-12 16:36:52.738,10819,10820,10820,1,1
2019-04-12 16:37:09.843,10819,10820,10819,2,-2
2019-04-12 16:37:11.033,10819,10820,10820,2,2
2019-04-12 16:37:24.740,10819,10820,10820,1,1
2019-04-12 16:37:25.840,10819,10820,10820,1,1
2019-04-12 16:37:26.927,10819,10820,10820,2,2
2019-04-12 16:37:30.433,10819,10820,10820,1,1
2019-04-12 16:37:30.801,10819,10820,10820,1,1
2019-04-12 16:37:30.811,10819,10820,10820,1,1
2019-04-12 16:37:37.735,10819,10820,10820,1,1
2019-04-12 16:37:40.552,10819,10820,10820,1,1
2019-04-12 16:37:44.629,10819,10820,10820,1,1
2019-04-12 16:37:47.689,10819,10820,10820,1,1
2019-04-12 16:37:52.222,10819,10820,10820,1,1
2019-04-12 16:37:56.573,10819,10820,10820,1,1
2019-04-12 16:37:59.748,10819,10820,10820,7,7
2019-04-12 16:38:02.792,10819,10820,10820,1,1
2019-04-12 16:38:04.509,10819,10820,10820,6,6
2019-04-12 16:38:06.988,10819,10820,10820,1,1
2019-04-12 16:38:11.885,10819,10821,10819,1,-1
2019-04-12 16:38:13.308,10819,10820,10820,1,1
2019-04-12 16:38:13.858,10820,10821,10820,1,-1
2019-04-12 16:38:19.101,10819,10820,10820,1,1
2019-04-12 16:38:22.458,10820,10821,10820,2,-2
2019-04-12 16:38:22.780,10819,10821,10821,1,1
2019-04-12 16:38:22.896,10819,10820,10821,1,1
2019-04-12 16:38:23.643,10820,10821,10820,1,-1
2019-04-12 16:38:26.713,10820,10821,10820,5,-5
2019-04-12 16:38:43.152,10819,10821,10819,1,-1
2019-04-12 16:39:03.043,10820,10821,10821,4,4
2019-04-12 16:39:07.334,10820,10821,10820,1,-1
2019-04-12 16:39:10.679,10820,10821,10821,2,2
2019-04-12 16:39:20.217,10820,10821,10821,1,1
2019-04-12 16:39:23.895,10820,10821,10821,1,1
2019-04-12 16:39:29.207,10820,10821,10820,1,-1
2019-04-12 16:39:29.517,10820,10821,10821,2,2
2019-04-12 16:39:31.366,10820,10821,10821,1,1
2019-04-12 16:39:32.745,10820,10821,10821,1,1
2019-04-12 16:39:33.431,10820,10821,10820,1,-1
2019-04-12 16:39:39.079,10820,10821,10820,1,-1
2019-04-12 16:39:40.314,10820,10821,10820,1,-1
2019-04-12 16:39:40.839,10820,10821,10820,8,-8
2019-04-12 16:39:44.093,10819,10821,10820,1,-1
2019-04-12 16:39:44.790,10820,10821,10821,1,1
2019-04-12 16:39:45.003,10820,10821,10820,1,-1
2019-04-12 16:39:45.737,10819,10820,10819,1,-1
2019-04-12 16:39:46.129,10819,10820,10819,1,-1
2019-04-12 16:39:46.980,10819,10820,10819,1,-1
2019-04-12 16:39:47.696,10819,10820,10819,1,-1
2019-04-12 16:40:03.913,10819,10820,10820,1,1
2019-04-12 16:40:13.709,10819,10820,10820,1,1
2019-04-12 16:40:20.494,10819,10820,10820,1,1
2019-04-12 16:40:21.353,10819,10820,10820,2,2
2019-04-12 16:40:36.239,10820,10821,10821,1,1
2019-04-12 16:40:49.098,10820,10821,10821,1,1
2019-04-12 16:40:53.669,10820,10821,10821,1,1
2019-04-12 16:40:54.369,10820,10821,10821,1,1
2019-04-12 16:40:54.370,10820,10821,10821,1,1
2019-04-12 16:40:54.441,10820,10821,10821,1,1
2019-04-12 16:40:54.459,10820,10821,10821,1,1
2019-04-12 16:40:57.078,10820,10821,10820,1,-1
2019-04-12 16:40:58.011,10820,10821,10821,1,1
2019-04-12 16:41:01.026,10820,10821,10821,5,5
2019-04-12 16:41:01.743,10820,10821,10821,1,1
2019-04-12 16:41:04.962,10820,10821,10821,3,3
2019-04-12 16:41:07.002,10820,10821,10821,1,1
2019-04-12 16:41:10.519,10820,10821,10820,1,-1
2019-04-12 16:41:20.017,10820,10821,10821,5,5
2019-04-12 16:41:22.651,10820,10821,10820,1,-1
2019-04-12 16:41:35.648,10820,10821,10820,1,-1
2019-04-12 16:41:40.474,10820,10821,10821,2,2
2019-04-12 16:41:53.126,10820,10821,10821,7,7
2019-04-12 16:41:58.051,10821,10822,10821,1,-1
2019-04-12 16:42:02.662,10821,10822,10821,1,-1
2019-04-12 16:42:03.075,10821,10822,10822,1,1
2019-04-12 16:42:03.147,10821,10822,10822,10,10
2019-04-12 16:42:05.467,10821,10822,10822,1,1
2019-04-12 16:42:06.309,10821,10822,10822,20,20
2019-04-12 16:42:06.334,10821,10822,10822,3,3
2019-04-12 16:42:06.334,10821,10822,10822,2,2
2019-04-12 16:42:07.413,10822,10823,10822,2,-2
2019-04-12 16:42:07.459,10821,10822,10822,1,1
2019-04-12 16:42:16.291,10821,10822,10822,2,2
2019-04-12 16:42:18.014,10821,10822,10821,1,-1
2019-04-12 16:42:29.052,10821,10822,10822,1,1
2019-04-12 16:42:38.762,10821,10822,10822,1,1
2019-04-12 16:42:39.736,10821,10822,10822,1,1
2019-04-12 16:42:42.129,10821,10822,10822,1,1
2019-04-12 16:42:42.435,10821,10822,10822,4,4
2019-04-12 16:42:42.931,10821,10822,10822,1,1
2019-04-12 16:42:45.193,10822,10823,10823,1,1
2019-04-12 16:42:45.247,10822,10823,10823,6,6
2019-04-12 16:42:45.324,10822,10823,10823,1,1
2019-04-12 16:42:45.466,10822,10823,10822,1,-1
2019-04-12 16:42:46.153,10822,10823,10823,1,1
2019-04-12 16:42:47.606,10822,10823,10822,1,-1
2019-04-12 16:42:51.469,10822,10823,10823,20,20
2019-04-12 16:42:53.459,10822,10823,10823,1,1
2019-04-12 16:42:57.653,10822,10823,10823,1,1
2019-04-12 16:43:00.529,10822,10823,10823,1,1
2019-04-12 16:43:04.966,10822,10823,10822,20,-20
2019-04-12 16:43:05.084,10821,10822,10822,11,11
2019-04-12 16:43:14.696,10821,10822,10821,1,-1
2019-04-12 16:43:15.031,10821,10822,10822,1,1
2019-04-12 16:43:17.008,10821,10822,10821,1,-1
2019-04-12 16:43:20.389,10821,10822,10822,1,1
2019-04-12 16:43:20.804,10821,10822,10822,10,10
2019-04-12 16:43:20.834,10822,10823,10822,5,-5
2019-04-12 16:43:20.837,10822,10823,10822,5,-5
2019-04-12 16:43:25.501,10821,10822,10821,1,-1
2019-04-12 16:43:42.063,10821,10822,10821,1,-1
2019-04-12 16:43:45.119,10821,10822,10821,1,-1
2019-04-12 16:43:46.091,10821,10822,10821,10,-10
2019-04-12 16:43:52.138,10821,10822,10821,1,-1
2019-04-12 16:43:56.265,10821,10822,10821,1,-1
2019-04-12 16:43:57.795,10821,10822,10821,1,-1
2019-04-12 16:44:03.297,10821,10822,10821,2,-2
2019-04-12 16:44:03.377,10821,10822,10821,8,-8
2019-04-12 16:44:03.377,10821,10822,10821,2,-2
2019-04-12 16:44:03.459,10821,10822,10821,4,-4
2019-04-12 16:44:30.899,10820,10821,10821,1,1
2019-04-12 16:44:47.159,10820,10821,10821,2,2
2019-04-12 16:44:49.423,10820,10822,10820,1,-1
2019-04-12 16:44:50.389,10820,10821,10821,2,2
2019-04-12 16:45:03.609,10820,10822,10822,3,3
2019-04-12 16:45:13.845,10821,10822,10822,2,2
2019-04-12 16:45:23.413,10821,10822,10821,1,-1
2019-04-12 16:45:23.659,10821,10822,10821,1,-1
2019-04-12 16:45:27.808,10821,10822,10821,1,-1
2019-04-12 16:45:30.576,10820,10821,10821,1,1
2019-04-12 16:45:30.579,10820,10821,10821,4,4
2019-04-12 16:45:34.901,10820,10821,10820,1,-1
2019-04-12 16:45:35.426,10820,10821,10820,1,-1
2019-04-12 16:45:35.826,10820,10821,10820,1,-1
2019-04-12 16:45:36.126,10820,10821,10820,1,-1
2019-04-12 16:45:36.386,10820,10821,10820,1,-1
2019-04-12 16:45:39.472,10820,10821,10821,1,1
2019-04-12 16:45:39.547,10820,10821,10820,1,-1
2019-04-12 16:45:39.708,10820,10821,10821,4,4
2019-04-12 16:45:40.007,10820,10821,10820,1,-1
2019-04-12 16:45:40.466,10820,10821,10820,1,-1
2019-04-12 16:45:40.718,10820,10821,10820,1,-1
2019-04-12 16:45:49.050,10820,10821,10820,1,-1
2019-04-12 16:45:52.256,10820,10821,10820,1,-1
2019-04-12 16:45:53.562,10820,10821,10821,2,2
2019-04-12 16:45:53.989,10820,10821,10821,1,1
2019-04-12 16:45:58.043,10820,10821,10821,3,3
2019-04-12 16:46:01.820,10820,10821,10820,1,-1
2019-04-12 16:46:03.063,10820,10821,10821,6,6
2019-04-12 16:46:08.341,10820,10821,10820,1,-1
2019-04-12 16:46:09.365,10820,10821,10820,1,-1
2019-04-12 16:46:12.353,10820,10821,10820,5,-5
2019-04-12 16:46:12.459,10820,10821,10820,16,-16
2019-04-12 16:46:12.460,10820,10821,10820,12,-12
2019-04-12 16:46:19.302,10819,10820,10819,1,-1
2019-04-12 16:46:19.359,10819,10820,10819,1,-1
2019-04-12 16:46:19.607,10819,10820,10819,1,-1
2019-04-12 16:46:22.580,10819,10820,10819,1,-1
2019-04-12 16:46:23.721,10819,10820,10819,1,-1
2019-04-12 16:46:29.514,10819,10820,10819,1,-1
2019-04-12 16:46:35.079,10819,10820,10819,1,-1
2019-04-12 16:46:39.189,10819,10820,10820,5,5
2019-04-12 16:46:42.348,10820,10821,10820,2,-2
2019-04-12 16:46:50.132,10819,10820,10819,5,-5
2019-04-12 16:46:50.597,10819,10820,10819,5,-5
2019-04-12 16:47:02.467,10819,10820,10820,1,1
2019-04-12 16:47:10.437,10819,10820,10819,1,-1
2019-04-12 16:47:13.995,10819,10820,10819,1,-1
2019-04-12 16:47:14.866,10819,10820,10820,1,1
2019-04-12 16:47:16.938,10819,10820,10819,5,-5
2019-04-12 16:47:17.590,10819,10820,10819,1,-1
2019-04-12 16:47:19.106,10819,10820,10819,5,-5
2019-04-12 16:47:19.471,10819,10820,10819,1,-1
2019-04-12 16:47:22.959,10819,10820,10819,5,-5
2019-04-12 16:47:24.380,10819,10820,10819,1,-1
2019-04-12 16:47:27.690,10819,10820,10819,1,-1
2019-04-12 16:47:27.858,10819,10820,10819,1,-1
2019-04-12 16:47:29.000,10819,10820,10819,2,-2
2019-04-12 16:47:30.337,10819,10820,10819,1,-1
2019-04-12 16:47:33.120,10819,10820,10820,6,6
2019-04-12 16:47:33.923,10819,10820,10819,1,-1
2019-04-12 16:47:37.026,10819,10820,10819,1,-1
2019-04-12 16:47:37.629,10819,10820,10819,2,-2
2019-04-12 16:47:37.629,10819,10820,10818,6,-6
2019-04-12 16:47:40.702,10818,10819,10819,2,2
2019-04-12 16:47:41.499,10818,10820,10818,1,-1
2019-04-12 16:47:42.506,10818,10819,10819,1,1
2019-04-12 16:47:45.768,10818,10819,10818,1,-1
2019-04-12 16:47:51.262,10818,10819,10818,1,-1
2019-04-12 16:48:00.722,10818,10819,10819,2,2
2019-04-12 16:48:01.218,10818,10819,10819,1,1
2019-04-12 16:48:01.443,10818,10819,10819,1,1
2019-04-12 16:48:06.611,10818,10819,10819,2,2
2019-04-12 16:48:10.328,10818,10819,10819,1,1
2019-04-12 16:48:12.569,10818,10819,10819,1,1
2019-04-12 16:48:13.215,10818,10819,10819,3,3
2019-04-12 16:48:13.621,10818,10819,10819,1,1
2019-04-12 16:48:13.925,10818,10819,10818,1,-1
2019-04-12 16:48:15.862,10818,10819,10819,1,1
2019-04-12 16:48:17.298,10818,10819,10819,1,1
2019-04-12 16:48:18.052,10818,10819,10819,1,1
2019-04-12 16:48:22.572,10819,10820,10819,1,-1
2019-04-12 16:48:25.508,10819,10820,10819,1,-1
2019-04-12 16:48:26.672,10819,10820,10819,6,-6
2019-04-12 16:48:26.672,10819,10820,10818,2,-2
2019-04-12 16:48:42.601,10818,10819,10818,3,-3
2019-04-12 16:48:48.078,10818,10819,10819,1,1
2019-04-12 16:48:56.368,10818,10819,10818,1,-1
2019-04-12 16:49:30.062,10818,10819,10819,1,1
2019-04-12 16:49:30.084,10818,10819,10819,1,1
2019-04-12 16:49:35.023,10818,10819,10819,3,3
2019-04-12 16:49:37.418,10819,10820,10819,1,-1
2019-04-12 16:49:37.418,10819,10820,10819,1,-1
2019-04-12 16:49:54.892,10819,10820,10819,20,-20
2019-04-12 16:49:59.436,10819,10820,10819,1,-1
2019-04-12 16:50:01.741,10819,10820,10820,10,10
2019-04-12 16:50:03.121,10819,10820,10820,2,2
2019-04-12 16:50:03.121,10819,10820,10820,1,1
2019-04-12 16:50:11.168,10820,10821,10820,3,-3
2019-04-12 16:50:13.586,10819,10821,10819,1,-1
2019-04-12 16:50:28.707,10819,10820,10819,10,-10
2019-04-12 16:50:45.078,10819,10820,10819,8,-8
2019-04-12 16:50:45.084,10818,10819,10819,10,10
2019-04-12 16:50:45.431,10818,10819,10819,2,2
2019-04-12 16:50:46.401,10819,10820,10819,1,-1
2019-04-12 16:50:50.217,10819,10820,10819,1,-1
2019-04-12 16:51:02.289,10819,10820,10819,1,-1
2019-04-12 16:51:14.723,10819,10820,10820,1,1
2019-04-12 16:51:30.076,10819,10820,10820,3,3
2019-04-12 16:51:30.714,10819,10820,10819,1,-1
2019-04-12 16:52:07.895,10819,10820,10819,1,-1
2019-04-12 16:52:26.624,10819,10820,10819,1,-1
2019-04-12 16:52:59.149,10819,10820,10819,1,-1
2019-04-12 16:53:15.020,10819,10820,10820,1,1
2019-04-12 16:53:32.837,10819,10820,10819,1,-1
2019-04-12 16:53:56.026,10819,10820,10820,1,1
2019-04-12 16:54:02.293,10819,10820,10820,1,1
2019-04-12 16:54:02.293,10819,10820,10820,2,2
2019-04-12 16:54:02.295,10819,10820,10820,1,1
2019-04-12 16:54:05.125,10819,10820,10820,1,1
2019-04-12 16:54:06.444,10819,10820,10820,1,1
2019-04-12 16:54:07.600,10819,10820,10820,1,1
2019-04-12 16:54:07.658,10819,10820,10820,1,1
2019-04-12 16:54:07.668,10819,10820,10820,1,1
2019-04-12 16:54:07.709,10819,10820,10820,7,7
2019-04-12 16:54:16.781,10820,10821,10821,4,4
2019-04-12 16:54:23.820,10820,10821,10821,5,5
2019-04-12 16:54:34.011,10820,10821,10821,8,8
2019-04-12 16:54:39.176,10820,10821,10821,1,1
2019-04-12 16:54:39.732,10820,10821,10820,3,-3
2019-04-12 16:54:41.687,10820,10821,10821,1,1
2019-04-12 16:54:47.639,10820,10821,10821,1,1
2019-04-12 16:54:50.891,10820,10821,10821,1,1
2019-04-12 16:55:10.072,10820,10821,10821,2,2
2019-04-12 16:55:18.105,10821,10822,10821,1,-1
2019-04-12 16:55:18.708,10821,10822,10821,1,-1
2019-04-12 16:55:39.777,10821,10822,10822,1,1
2019-04-12 16:55:53.843,10821,10822,10822,1,1
2019-04-12 16:55:59.508,10821,10822,10822,1,1
2019-04-12 16:56:03.634,10821,10822,10822,1,1
2019-04-12 16:56:08.968,10821,10822,10822,3,3
2019-04-12 16:56:09.084,10821,10822,10822,14,14
2019-04-12 16:56:12.806,10822,10823,10823,2,2
2019-04-12 16:56:12.974,10822,10823,10823,2,2
2019-04-12 16:56:13.014,10822,10823,10823,2,2
2019-04-12 16:56:13.894,10822,10823,10822,1,-1
2019-04-12 16:56:14.152,10822,10823,10823,1,1
2019-04-12 16:56:14.741,10822,10823,10823,8,8
2019-04-12 16:56:17.988,10822,10823,10823,1,1
2019-04-12 16:56:21.072,10822,10823,10823,4,4
2019-04-12 16:56:25.254,10822,10823,10823,6,6
2019-04-12 16:56:27.863,10822,10823,10823,2,2
2019-04-12 16:56:29.786,10822,10823,10823,1,1
2019-04-12 16:56:29.990,10822,10823,10823,1,1
2019-04-12 16:56:35.065,10822,10823,10823,1,1
2019-04-12 16:56:36.391,10822,10823,10823,1,1
2019-04-12 16:56:36.517,10822,10823,10823,1,1
2019-04-12 16:56:50.948,10822,10823,10823,2,2
2019-04-12 16:56:53.507,10822,10823,10822,1,-1
2019-04-12 16:56:58.971,10822,10823,10822,1,-1
2019-04-12 16:57:04.294,10822,10823,10823,10,10
2019-04-12 16:57:06.056,10822,10823,10822,4,-4
2019-04-12 16:57:10.621,10822,10823,10822,1,-1
2019-04-12 16:57:11.521,10822,10823,10823,1,1
2019-04-12 16:57:21.352,10822,10823,10822,1,-1
2019-04-12 16:57:22.193,10822,10823,10823,4,4
2019-04-12 16:57:28.188,10822,10823,10823,5,5
2019-04-12 16:57:28.723,10822,10823,10823,1,1
2019-04-12 16:57:28.725,10822,10823,10823,1,1
2019-04-12 16:57:28.834,10822,10823,10823,1,1
2019-04-12 16:57:29.870,10822,10824,10824,1,1
2019-04-12 16:57:30.087,10822,10824,10824,2,2
2019-04-12 16:57:30.112,10822,10824,10824,2,2
2019-04-12 16:57:30.142,10822,10824,10824,2,2
2019-04-12 16:57:30.211,10822,10824,10824,2,2
2019-04-12 16:57:30.341,10822,10824,10823,1,-1
2019-04-12 16:57:30.507,10823,10824,10824,1,1
2019-04-12 16:57:30.701,10823,10824,10824,1,1
2019-04-12 16:57:30.704,10823,10824,10824,1,1
2019-04-12 16:57:30.758,10823,10824,10824,1,1
2019-04-12 16:57:30.830,10823,10824,10824,1,1
2019-04-12 16:57:32.182,10823,10824,10823,1,-1
2019-04-12 16:57:40.404,10822,10824,10824,1,1
2019-04-12 16:57:43.299,10823,10824,10824,2,2
2019-04-12 16:57:46.737,10823,10824,10823,1,-1
2019-04-12 16:57:46.956,10823,10824,10824,40,40
2019-04-12 16:57:48.650,10823,10824,10823,1,-1
2019-04-12 16:57:54.367,10823,10824,10823,13,-13
2019-04-12 16:57:54.380,10823,10824,10823,1,-1
2019-04-12 16:57:55.411,10823,10824,10823,1,-1
2019-04-12 16:57:59.679,10822,10824,10824,1,1
2019-04-12 16:58:08.852,10823,10824,10824,1,1
2019-04-12 16:58:12.103,10823,10824,10824,1,1
2019-04-12 16:58:14.580,10823,10824,10824,1,1
2019-04-12 16:58:18.134,10823,10824,10823,1,-1
2019-04-12 16:58:18.348,10823,10824,10824,11,11
2019-04-12 16:58:18.348,10823,10824,10825,19,19
2019-04-12 16:58:18.489,10823,10825,10825,2,2
2019-04-12 16:58:18.562,10823,10825,10824,1,-1
2019-04-12 16:58:20.309,10823,10824,10824,1,1
2019-04-12 16:58:20.979,10824,10825,10824,1,-1
2019-04-12 16:58:24.286,10824,10825,10825,1,1
2019-04-12 16:58:26.753,10824,10825,10824,1,-1
2019-04-12 16:58:27.552,10824,10825,10825,2,2
2019-04-12 16:58:27.559,10824,10825,10824,1,-1
2019-04-12 16:58:27.702,10824,10825,10825,10,10
2019-04-12 16:58:28.430,10824,10825,10824,1,-1
2019-04-12 16:58:29.610,10824,10825,10824,1,-1
2019-04-12 16:58:35.063,10824,10825,10824,5,-5
2019-04-12 16:58:35.742,10823,10824,10824,1,1
2019-04-12 16:58:38.197,10823,10824,10824,1,1
2019-04-12 16:58:43.213,10823,10825,10825,1,1
2019-04-12 16:58:46.788,10823,10825,10825,1,1
2019-04-12 16:58:48.322,10824,10825,10825,1,1
2019-04-12 16:58:52.890,10824,10825,10825,1,1
2019-04-12 16:58:53.552,10824,10825,10825,1,1
2019-04-12 16:58:55.935,10824,10825,10825,7,7
2019-04-12 16:58:56.279,10824,10825,10824,16,-16
2019-04-12 16:58:56.282,10824,10825,10824,1,-1
2019-04-12 16:58:57.219,10823,10824,10824,1,1
2019-04-12 16:58:58.092,10823,10824,10824,1,1
2019-04-12 16:58:58.901,10823,10824,10824,14,14
2019-04-12 16:58:58.901,10823,10824,10824,4,4
2019-04-12 16:58:58.901,10823,10824,10824,2,2
2019-04-12 16:58:58.901,10823,10824,10824,1,1
2019-04-12 16:58:58.901,10823,10824,10824,6,6
2019-04-12 16:58:58.901,10823,10824,10824,1,1
2019-04-12 16:58:58.901,10823,10824,10824,3,3
2019-04-12 16:59:00.844,10823,10824,10824,4,4
2019-04-12 16:59:01.758,10823,10824,10824,1,1
2019-04-12 16:59:02.186,10824,10825,10824,1,-1
2019-04-12 16:59:09.796,10824,10825,10825,30,30
2019-04-12 16:59:13.151,10824,10825,10825,1,1
2019-04-12 16:59:13.425,10824,10825,10825,1,1
2019-04-12 16:59:21.019,10824,10825,10825,1,1
2019-04-12 16:59:21.188,10824,10825,10825,51,51
2019-04-12 16:59:21.335,10825,10826,10825,2,-2
2019-04-12 16:59:21.361,10825,10826,10825,1,-1
2019-04-12 16:59:26.528,10824,10825,10825,1,1
2019-04-12 16:59:26.543,10824,10825,10825,2,2
2019-04-12 16:59:26.633,10824,10825,10825,2,2
2019-04-12 16:59:26.642,10824,10825,10825,2,2
2019-04-12 16:59:28.291,10824,10825,10825,1,1
2019-04-12 16:59:28.637,10824,10825,10825,1,1
2019-04-12 16:59:28.675,10824,10825,10825,2,2
2019-04-12 16:59:28.719,10824,10825,10825,2,2
2019-04-12 16:59:28.758,10824,10825,10825,2,2
2019-04-12 16:59:29.012,10824,10825,10825,1,1
2019-04-12 16:59:30.757,10824,10825,10825,1,1
2019-04-12 16:59:30.770,10824,10825,10825,2,2
2019-04-12 16:59:30.861,10824,10825,10825,2,2
2019-04-12 16:59:30.883,10824,10825,10825,2,2
2019-04-12 16:59:31.699,10824,10825,10825,1,1
2019-04-12 16:59:32.773,10824,10825,10825,1,1
2019-04-12 16:59:32.787,10824,10825,10825,2,2
2019-04-12 16:59:32.878,10824,10825,10825,2,2
2019-04-12 16:59:32.891,10824,10825,10825,2,2
2019-04-12 16:59:32.901,10824,10825,10825,1,1
2019-04-12 16:59:34.773,10824,10825,10825,1,1
2019-04-12 16:59:34.797,10824,10825,10825,2,2
2019-04-12 16:59:34.959,10825,10826,10825,4,-4
2019-04-12 16:59:34.962,10825,10826,10825,1,-1
2019-04-12 16:59:37.076,10824,10825,10825,4,4
2019-04-12 16:59:37.076,10824,10825,10825,1,1
2019-04-12 16:59:40.488,10824,10825,10825,1,1
2019-04-12 16:59:44.728,10824,10825,10825,1,1
2019-04-12 16:59:49.214,10824,10825,10825,1,1
2019-04-12 16:59:51.390,10824,10825,10825,1,1
2019-04-12 17:00:02.559,10824,10825,10825,1,1
2019-04-12 17:00:02.702,10824,10825,10825,1,1
2019-04-12 17:00:02.754,10824,10825,10824,1,-1
2019-04-12 17:00:02.779,10824,10825,10825,1,1
2019-04-12 17:00:02.822,10824,10825,10825,24,24
2019-04-12 17:00:02.861,10824,10825,10825,1,1
2019-04-12 17:00:02.861,10824,10825,10826,1,1
2019-04-12 17:00:02.868,10824,10825,10826,2,2
2019-04-12 17:00:02.934,10824,10825,10826,6,6
2019-04-12 17:00:02.953,10824,10825,10826,2,2
2019-04-12 17:00:02.980,10824,10826,10826,2,2
2019-04-12 17:00:03.043,10824,10826,10826,1,1
2019-04-12 17:00:03.052,10824,10826,10826,1,1
2019-04-12 17:00:03.088,10825,10826,10826,1,1
2019-04-12 17:00:03.123,10825,10826,10826,1,1
2019-04-12 17:00:03.132,10825,10826,10826,1,1
2019-04-12 17:00:03.200,10825,10826,10825,2,-2
2019-04-12 17:00:03.238,10825,10826,10826,1,1
2019-04-12 17:00:03.259,10825,10826,10826,1,1
2019-04-12 17:00:03.358,10825,10826,10826,1,1
2019-04-12 17:00:03.953,10825,10826,10826,1,1
2019-04-12 17:00:03.995,10825,10826,10826,6,6
2019-04-12 17:00:04.280,10825,10826,10826,1,1
2019-04-12 17:00:04.734,10825,10826,10826,1,1
2019-04-12 17:00:05.881,10825,10826,10826,1,1
2019-04-12 17:00:05.886,10825,10826,10826,1,1
2019-04-12 17:00:10.158,10825,10826,10826,5,5
2019-04-12 17:00:11.731,10825,10826,10826,12,12
2019-04-12 17:00:11.834,10825,10826,10826,9,9
2019-04-12 17:00:11.959,10825,10826,10826,2,2
2019-04-12 17:00:12.475,10826,10827,10827,1,1
2019-04-12 17:00:12.609,10826,10827,10827,1,1
2019-04-12 17:00:12.617,10826,10827,10827,4,4
2019-04-12 17:00:12.662,10826,10827,10827,9,9
2019-04-12 17:00:12.696,10826,10827,10827,15,15
2019-04-12 17:00:12.722,10826,10827,10827,4,4
2019-04-12 17:00:12.806,10826,10827,10827,1,1
2019-04-12 17:00:12.829,10826,10827,10827,1,1
2019-04-12 17:00:13.114,10826,10827,10827,1,1
2019-04-12 17:00:13.155,10826,10827,10827,1,1
2019-04-12 17:00:13.158,10826,10827,10827,1,1
2019-04-12 17:00:13.733,10826,10827,10827,5,5
2019-04-12 17:00:14.123,10826,10827,10827,2,2
2019-04-12 17:00:14.477,10826,10827,10826,1,-1
2019-04-12 17:00:15.449,10826,10827,10827,1,1
2019-04-12 17:00:16.312,10826,10827,10827,1,1
2019-04-12 17:00:18.179,10826,10827,10827,10,10
2019-04-12 17:00:20.419,10826,10827,10827,1,1
2019-04-12 17:00:20.430,10826,10827,10827,1,1
2019-04-12 17:00:21.407,10826,10827,10827,1,1
2019-04-12 17:00:21.861,10826,10827,10826,1,-1
2019-04-12 17:00:22.001,10826,10827,10827,1,1
2019-04-12 17:00:22.136,10826,10827,10827,7,7
2019-04-12 17:00:22.136,10826,10827,10828,23,23
2019-04-12 17:00:22.335,10826,10827,10827,2,2
2019-04-12 17:00:22.570,10826,10827,10826,1,-1
2019-04-12 17:00:22.963,10826,10827,10827,1,1
2019-04-12 17:00:25.788,10826,10827,10826,1,-1
2019-04-12 17:00:25.939,10826,10827,10827,2,2
2019-04-12 17:00:26.709,10826,10827,10826,10,-10
2019-04-12 17:00:27.857,10825,10826,10826,3,3
2019-04-12 17:00:30.834,10826,10827,10826,43,-43
2019-04-12 17:00:30.836,10826,10827,10826,18,-18
2019-04-12 17:00:30.836,10826,10827,10825,22,-22
2019-04-12 17:00:30.959,10825,10826,10825,8,-8
2019-04-12 17:00:31.182,10824,10825,10825,15,15
2019-04-12 17:00:32.744,10824,10825,10825,1,1
2019-04-12 17:00:33.861,10824,10825,10825,1,1
2019-04-12 17:00:35.544,10824,10825,10825,4,4
2019-04-12 17:00:35.544,10824,10825,10826,3,3
2019-04-12 17:00:36.852,10824,10826,10825,2,-2
2019-04-12 17:00:36.965,10825,10826,10825,2,-2
2019-04-12 17:00:36.990,10825,10826,10825,1,-1
2019-04-12 17:00:37.855,10824,10825,10825,1,1
2019-04-12 17:00:37.855,10824,10825,10826,39,39
2019-04-12 17:00:39.442,10825,10826,10825,1,-1
2019-04-12 17:00:45.157,10825,10826,10825,2,-2
2019-04-12 17:00:47.324,10825,10826,10825,1,-1
2019-04-12 17:00:47.753,10825,10826,10825,1,-1
2019-04-12 17:00:49.562,10825,10826,10825,1,-1
2019-04-12 17:00:49.822,10825,10826,10825,1,-1
2019-04-12 17:00:49.835,10825,10826,10825,8,-8
2019-04-12 17:00:50.321,10824,10825,10825,1,1
2019-04-12 17:00:50.717,10824,10825,10825,2,2
2019-04-12 17:00:51.003,10824,10825,10824,1,-1
2019-04-12 17:00:51.214,10824,10825,10824,5,-5
2019-04-12 17:00:51.462,10824,10825,10824,1,-1
2019-04-12 17:00:51.766,10824,10825,10824,5,-5
2019-04-12 17:00:52.363,10824,10825,10824,1,-1
2019-04-12 17:00:53.023,10824,10825,10824,1,-1
2019-04-12 17:00:53.420,10824,10825,10825,1,1
2019-04-12 17:00:53.643,10824,10825,10824,1,-1
2019-04-12 17:00:56.601,10824,10825,10825,6,6
2019-04-12 17:00:56.709,10825,10826,10825,20,-20
2019-04-12 17:00:56.834,10825,10826,10825,4,-4
2019-04-12 17:01:00.633,10824,10825,10825,1,1
2019-04-12 17:01:10.151,10824,10826,10826,1,1
2019-04-12 17:01:12.995,10824,10825,10825,1,1
2019-04-12 17:01:14.208,10825,10826,10825,4,-4
2019-04-12 17:01:18.714,10824,10825,10825,1,1
2019-04-12 17:01:22.415,10824,10825,10825,1,1
2019-04-12 17:01:32.599,10824,10825,10825,3,3
2019-04-12 17:01:42.855,10824,10825,10825,2,2
2019-04-12 17:01:43.767,10824,10825,10824,1,-1
2019-04-12 17:01:44.158,10824,10825,10824,1,-1
2019-04-12 17:01:44.565,10824,10825,10824,1,-1
2019-04-12 17:01:44.977,10824,10825,10824,1,-1
2019-04-12 17:01:48.479,10824,10825,10824,1,-1
2019-04-12 17:01:52.787,10824,10825,10824,1,-1
2019-04-12 17:01:59.148,10824,10825,10824,1,-1
2019-04-12 17:02:00.204,10824,10825,10824,1,-1
2019-04-12 17:02:01.799,10824,10825,10824,1,-1
2019-04-12 17:02:06.212,10824,10825,10824,1,-1
2019-04-12 17:02:06.390,10824,10825,10824,1,-1
2019-04-12 17:02:16.746,10824,10825,10824,1,-1
2019-04-12 17:02:18.801,10824,10825,10824,1,-1
2019-04-12 17:02:24.296,10824,10825,10825,1,1
2019-04-12 17:02:25.753,10824,10825,10824,3,-3
2019-04-12 17:02:31.736,10824,10825,10825,8,8
2019-04-12 17:02:41.832,10824,10825,10825,1,1
2019-04-12 17:03:01.471,10824,10825,10824,1,-1
2019-04-12 17:03:02.811,10824,10825,10824,1,-1
2019-04-12 17:03:05.960,10824,10825,10824,1,-1
2019-04-12 17:03:28.459,10824,10825,10824,1,-1
2019-04-12 17:03:36.317,10824,10825,10824,1,-1
2019-04-12 17:03:41.084,10824,10825,10824,1,-1
2019-04-12 17:03:41.433,10824,10825,10824,1,-1
2019-04-12 17:03:44.840,10824,10825,10824,5,-5
2019-04-12 17:03:45.229,10824,10825,10824,17,-17
2019-04-12 17:03:46.636,10823,10824,10823,4,-4
2019-04-12 17:03:46.844,10823,10824,10823,3,-3
2019-04-12 17:03:46.980,10823,10824,10823,1,-1
2019-04-12 17:03:47.005,10823,10824,10824,1,1
2019-04-12 17:03:54.596,10823,10824,10824,2,2
2019-04-12 17:03:58.228,10823,10824,10824,1,1
2019-04-12 17:04:00.807,10824,10825,10824,1,-1
2019-04-12 17:04:08.314,10823,10824,10824,1,1
2019-04-12 17:04:08.314,10823,10824,10825,1,1
2019-04-12 17:04:23.385,10823,10824,10823,1,-1
2019-04-12 17:04:31.904,10823,10824,10824,3,3
2019-04-12 17:04:46.620,10823,10824,10824,1,1
2019-04-12 17:05:00.171,10823,10824,10824,1,1
2019-04-12 17:05:01.374,10823,10824,10824,4,4
2019-04-12 17:05:40.322,10823,10824,10823,15,-15
2019-04-12 17:05:40.322,10823,10824,10823,2,-2
2019-04-12 17:05:40.334,10823,10824,10823,3,-3
2019-04-12 17:05:49.236,10822,10823,10822,1,-1
2019-04-12 17:05:51.098,10822,10823,10822,1,-1
2019-04-12 17:05:51.823,10822,10823,10822,1,-1
2019-04-12 17:05:52.959,10822,10823,10822,10,-10
2019-04-12 17:05:53.022,10822,10823,10823,1,1
2019-04-12 17:05:54.253,10821,10822,10821,1,-1
2019-04-12 17:06:00.237,10821,10822,10822,1,1
2019-04-12 17:06:03.725,10822,10823,10822,1,-1
2019-04-12 17:06:04.584,10821,10822,10822,1,1
2019-04-12 17:06:06.869,10821,10822,10822,1,1
2019-04-12 17:06:08.334,10821,10822,10822,1,1
2019-04-12 17:06:11.785,10821,10823,10823,3,3
2019-04-12 17:06:13.060,10821,10823,10821,1,-1
2019-04-12 17:06:13.803,10821,10823,10821,1,-1
2019-04-12 17:06:18.308,10821,10823,10821,1,-1
2019-04-12 17:06:25.758,10821,10822,10821,1,-1
2019-04-12 17:06:26.713,10821,10822,10822,3,3
2019-04-12 17:06:34.186,10821,10822,10821,1,-1
2019-04-12 17:06:38.383,10821,10822,10821,1,-1
2019-04-12 17:06:57.394,10821,10822,10822,5,5
2019-04-12 17:06:57.395,10821,10822,10822,5,5
2019-04-12 17:07:04.491,10822,10823,10822,2,-2
2019-04-12 17:07:08.904,10822,10823,10822,1,-1
2019-04-12 17:07:10.819,10822,10823,10822,1,-1
2019-04-12 17:07:20.420,10822,10823,10823,1,1
2019-04-12 17:07:32.729,10822,10823,10823,1,1
2019-04-12 17:07:48.407,10822,10823,10822,17,-17
2019-04-12 17:07:48.458,10822,10823,10822,1,-1
2019-04-12 17:07:48.584,10821,10822,10822,2,2
2019-04-12 17:07:57.834,10822,10823,10823,6,6
2019-04-12 17:07:57.899,10822,10823,10823,2,2
2019-04-12 17:07:57.959,10822,10823,10823,13,13
2019-04-12 17:08:21.052,10823,10824,10823,1,-1
2019-04-12 17:08:26.474,10823,10824,10823,2,-2
2019-04-12 17:08:40.980,10823,10824,10823,1,-1
2019-04-12 17:08:56.485,10823,10824,10823,1,-1
2019-04-12 17:08:59.823,10823,10824,10823,1,-1
2019-04-12 17:09:52.124,10822,10823,10823,4,4
