2019-05-07 15:00:00.058,10992,10993,10992,105,-105
2019-05-07 15:00:00.059,10992,10993,10993,3,3
2019-05-07 15:00:00.116,10992,10993,10992,5,-5
2019-05-07 15:00:00.135,10992,10993,10993,1,1
2019-05-07 15:00:00.141,10992,10993,10993,4,4
2019-05-07 15:00:00.186,10992,10994,10993,1,-1
2019-05-07 15:00:00.215,10992,10994,10993,1,-1
2019-05-07 15:00:00.267,10992,10994,10994,1,1
2019-05-07 15:00:00.280,10992,10994,10992,1,-1
2019-05-07 15:00:00.326,10992,10994,10992,1,-1
2019-05-07 15:00:00.365,10992,10994,10992,1,-1
2019-05-07 15:00:00.421,10993,10994,10994,1,1
2019-05-07 15:00:00.426,10993,10994,10994,1,1
2019-05-07 15:00:00.430,10993,10994,10993,1,-1
2019-05-07 15:00:00.467,10993,10994,10994,1,1
2019-05-07 15:00:00.487,10993,10994,10994,1,1
2019-05-07 15:00:00.539,10993,10994,10994,2,2
2019-05-07 15:00:00.568,10993,10994,10994,1,1
2019-05-07 15:00:00.571,10993,10994,10994,2,2
2019-05-07 15:00:00.620,10993,10994,10994,3,3
2019-05-07 15:00:00.868,10993,10994,10994,1,1
2019-05-07 15:00:00.984,10993,10995,10995,3,3
2019-05-07 15:00:01.364,10993,10994,10993,2,-2
2019-05-07 15:00:01.371,10993,10994,10994,1,1
2019-05-07 15:00:01.458,10993,10994,10994,1,1
2019-05-07 15:00:01.644,10993,10994,10993,2,-2
2019-05-07 15:00:01.784,10993,10994,10993,1,-1
2019-05-07 15:00:01.884,10993,10994,10992,1,-1
2019-05-07 15:00:02.124,10993,10994,10994,2,2
2019-05-07 15:00:02.159,10993,10994,10993,1,-1
2019-05-07 15:00:02.509,10992,10994,10994,1,1
2019-05-07 15:00:02.543,10992,10994,10992,1,-1
2019-05-07 15:00:02.572,10992,10994,10994,2,2
2019-05-07 15:00:02.887,10992,10994,10994,1,1
2019-05-07 15:00:03.047,10993,10994,10993,1,-1
2019-05-07 15:00:03.534,10993,10994,10993,1,-1
2019-05-07 15:00:03.659,10993,10994,10993,3,-3
2019-05-07 15:00:03.659,10993,10994,10993,1,-1
2019-05-07 15:00:03.896,10992,10994,10992,1,-1
2019-05-07 15:00:04.019,10992,10993,10992,1,-1
2019-05-07 15:00:04.109,10992,10993,10993,1,1
2019-05-07 15:00:04.680,10992,10993,10993,1,1
2019-05-07 15:00:04.684,10992,10993,10993,2,2
2019-05-07 15:00:04.684,10992,10993,10994,2,2
2019-05-07 15:00:05.387,10992,10993,10992,10,-10
2019-05-07 15:00:05.696,10992,10993,10993,2,2
2019-05-07 15:00:05.892,10992,10993,10993,1,1
2019-05-07 15:00:06.080,10992,10993,10993,1,1
2019-05-07 15:00:06.522,10992,10993,10993,1,1
2019-05-07 15:00:06.794,10992,10993,10993,1,1
2019-05-07 15:00:07.111,10992,10993,10993,4,4
2019-05-07 15:00:07.396,10992,10993,10992,23,-23
2019-05-07 15:00:07.713,10991,10992,10991,6,-6
2019-05-07 15:00:07.713,10991,10992,10991,4,-4
2019-05-07 15:00:07.715,10991,10992,10991,4,-4
2019-05-07 15:00:07.784,10991,10992,10991,2,-2
2019-05-07 15:00:07.784,10991,10992,10991,5,-5
2019-05-07 15:00:08.034,10991,10992,10991,5,-5
2019-05-07 15:00:08.175,10991,10992,10991,1,-1
2019-05-07 15:00:08.866,10990,10991,10991,1,1
2019-05-07 15:00:09.610,10990,10991,10990,8,-8
2019-05-07 15:00:09.636,10990,10991,10990,2,-2
2019-05-07 15:00:09.659,10990,10991,10990,9,-9
2019-05-07 15:00:09.695,10990,10991,10989,1,-1
2019-05-07 15:00:09.777,10990,10991,10990,1,1
2019-05-07 15:00:11.034,10989,10990,10989,7,-7
2019-05-07 15:00:11.138,10989,10990,10989,1,-1
2019-05-07 15:00:11.138,10989,10990,10990,2,2
2019-05-07 15:00:11.379,10988,10989,10989,1,1
2019-05-07 15:00:11.559,10988,10989,10989,1,1
2019-05-07 15:00:11.725,10988,10989,10989,1,1
2019-05-07 15:00:12.078,10988,10989,10989,2,2
2019-05-07 15:00:13.239,10988,10989,10989,1,1
2019-05-07 15:00:13.588,10988,10989,10988,1,-1
2019-05-07 15:00:13.659,10988,10989,10989,1,1
2019-05-07 15:00:15.682,10989,10990,10989,1,-1
2019-05-07 15:00:15.932,10989,10990,10989,1,-1
2019-05-07 15:00:16.034,10989,10990,10989,1,-1
2019-05-07 15:00:16.034,10989,10990,10989,1,-1
2019-05-07 15:00:16.065,10989,10990,10989,1,-1
2019-05-07 15:00:16.065,10989,10990,10990,1,1
2019-05-07 15:00:17.504,10988,10990,10990,3,3
2019-05-07 15:00:18.111,10989,10990,10989,1,-1
2019-05-07 15:00:18.752,10989,10990,10990,2,2
2019-05-07 15:00:19.951,10989,10990,10989,1,-1
2019-05-07 15:00:20.345,10989,10990,10990,1,1
2019-05-07 15:00:21.934,10989,10990,10990,1,1
2019-05-07 15:00:22.693,10989,10990,10989,14,-14
2019-05-07 15:00:23.581,10989,10990,10990,1,1
2019-05-07 15:00:24.005,10989,10990,10989,1,-1
2019-05-07 15:00:24.127,10989,10990,10989,1,-1
2019-05-07 15:00:24.127,10989,10990,10988,1,-1
2019-05-07 15:00:24.487,10988,10990,10990,1,1
2019-05-07 15:00:25.273,10988,10989,10989,1,1
2019-05-07 15:00:25.456,10988,10989,10988,25,-25
2019-05-07 15:00:25.600,10988,10989,10989,1,1
2019-05-07 15:00:25.744,10988,10989,10989,1,1
2019-05-07 15:00:26.675,10988,10989,10988,1,-1
2019-05-07 15:00:27.699,10988,10989,10989,1,1
2019-05-07 15:00:27.734,10988,10989,10989,1,1
2019-05-07 15:00:27.734,10988,10989,10990,1,1
2019-05-07 15:00:28.525,10989,10990,10989,1,-1
2019-05-07 15:00:29.572,10988,10989,10989,4,4
2019-05-07 15:00:29.572,10988,10989,10990,25,25
2019-05-07 15:00:29.572,10988,10989,10991,1,1
2019-05-07 15:00:29.813,10989,10990,10990,3,3
2019-05-07 15:00:29.837,10989,10990,10990,1,1
2019-05-07 15:00:30.979,10989,10990,10989,1,-1
2019-05-07 15:00:31.452,10989,10990,10989,1,-1
2019-05-07 15:00:31.840,10989,10990,10989,1,-1
2019-05-07 15:00:32.104,10989,10990,10989,20,-20
2019-05-07 15:00:32.159,10989,10990,10989,2,-2
2019-05-07 15:00:32.727,10988,10989,10989,2,2
2019-05-07 15:00:32.865,10988,10989,10988,1,-1
2019-05-07 15:00:34.340,10988,10989,10988,1,-1
2019-05-07 15:00:35.122,10988,10989,10989,1,1
2019-05-07 15:00:35.354,10988,10989,10988,2,-2
2019-05-07 15:00:35.940,10988,10989,10988,5,-5
2019-05-07 15:00:36.675,10988,10989,10989,1,1
2019-05-07 15:00:37.192,10988,10989,10989,1,1
2019-05-07 15:00:37.313,10988,10990,10988,1,-1
2019-05-07 15:00:38.551,10988,10989,10989,1,1
2019-05-07 15:00:40.738,10988,10989,10989,1,1
2019-05-07 15:00:41.935,10988,10989,10989,1,1
2019-05-07 15:00:43.967,10988,10989,10989,2,2
2019-05-07 15:00:44.298,10988,10989,10988,14,-14
2019-05-07 15:00:45.511,10988,10989,10989,1,1
2019-05-07 15:00:45.681,10988,10989,10989,2,2
2019-05-07 15:00:48.026,10988,10989,10989,1,1
2019-05-07 15:00:49.713,10988,10989,10989,1,1
2019-05-07 15:00:52.246,10988,10989,10988,20,-20
2019-05-07 15:00:52.284,10988,10989,10988,1,-1
2019-05-07 15:00:52.284,10988,10989,10988,1,-1
2019-05-07 15:00:52.564,10987,10988,10988,1,1
2019-05-07 15:00:52.700,10987,10989,10989,1,1
2019-05-07 15:00:53.348,10987,10989,10989,1,1
2019-05-07 15:00:53.635,10987,10989,10989,1,1
2019-05-07 15:00:53.939,10987,10989,10989,1,1
2019-05-07 15:00:55.607,10988,10989,10989,9,9
2019-05-07 15:00:56.524,10988,10989,10989,3,3
2019-05-07 15:00:57.683,10988,10989,10988,1,-1
2019-05-07 15:00:58.364,10988,10989,10988,1,-1
2019-05-07 15:00:59.392,10988,10989,10988,1,-1
2019-05-07 15:01:00.085,10988,10989,10988,3,-3
2019-05-07 15:01:00.137,10988,10989,10988,1,-1
2019-05-07 15:01:00.261,10988,10989,10989,1,1
2019-05-07 15:01:00.450,10988,10989,10989,1,1
2019-05-07 15:01:02.043,10988,10989,10989,1,1
2019-05-07 15:01:02.338,10988,10989,10988,1,-1
2019-05-07 15:01:02.345,10988,10989,10988,5,-5
2019-05-07 15:01:02.455,10988,10989,10988,4,-4
2019-05-07 15:01:03.768,10988,10989,10988,1,-1
2019-05-07 15:01:04.110,10988,10989,10989,1,1
2019-05-07 15:01:04.490,10988,10989,10988,2,-2
2019-05-07 15:01:05.652,10988,10989,10988,1,-1
2019-05-07 15:01:05.864,10988,10989,10989,20,20
2019-05-07 15:01:06.909,10989,10990,10990,3,3
2019-05-07 15:01:06.910,10989,10990,10990,3,3
2019-05-07 15:01:06.910,10989,10990,10990,1,1
2019-05-07 15:01:06.957,10989,10990,10990,1,1
2019-05-07 15:01:06.957,10989,10990,10990,1,1
2019-05-07 15:01:07.053,10990,10991,10990,3,-3
2019-05-07 15:01:07.201,10990,10991,10991,1,1
2019-05-07 15:01:10.759,10990,10991,10991,1,1
2019-05-07 15:01:11.555,10990,10991,10991,1,1
2019-05-07 15:01:12.133,10990,10991,10991,1,1
2019-05-07 15:01:12.977,10990,10991,10991,1,1
2019-05-07 15:01:14.831,10990,10991,10990,1,-1
2019-05-07 15:01:14.831,10990,10991,10990,5,-5
2019-05-07 15:01:14.909,10990,10991,10990,1,-1
2019-05-07 15:01:14.909,10990,10991,10990,1,-1
2019-05-07 15:01:14.909,10990,10991,10990,1,-1
2019-05-07 15:01:14.909,10990,10991,10990,3,-3
2019-05-07 15:01:14.933,10990,10991,10990,1,-1
2019-05-07 15:01:14.933,10990,10991,10991,2,2
2019-05-07 15:01:16.114,10989,10990,10990,1,1
2019-05-07 15:01:16.199,10989,10990,10990,1,1
2019-05-07 15:01:16.835,10989,10990,10990,2,2
2019-05-07 15:01:17.232,10989,10990,10990,1,1
2019-05-07 15:01:17.757,10989,10990,10989,1,-1
2019-05-07 15:01:19.238,10989,10990,10990,1,1
2019-05-07 15:01:25.138,10989,10990,10990,1,1
2019-05-07 15:01:26.138,10989,10990,10989,20,-20
2019-05-07 15:01:26.350,10988,10990,10989,1,-1
2019-05-07 15:01:26.350,10988,10990,10988,19,-19
2019-05-07 15:01:26.599,10988,10989,10989,1,1
2019-05-07 15:01:26.800,10988,10989,10989,1,1
2019-05-07 15:01:27.527,10988,10989,10989,1,1
2019-05-07 15:01:33.320,10988,10989,10989,2,2
2019-05-07 15:01:33.320,10988,10989,10990,2,2
2019-05-07 15:01:33.649,10988,10989,10989,1,1
2019-05-07 15:01:35.724,10989,10990,10989,1,-1
2019-05-07 15:01:35.921,10989,10990,10989,1,-1
2019-05-07 15:01:37.281,10988,10990,10988,1,-1
2019-05-07 15:01:37.324,10988,10990,10989,1,1
2019-05-07 15:01:39.188,10988,10989,10989,3,3
2019-05-07 15:01:40.655,10988,10989,10989,1,1
2019-05-07 15:01:42.950,10989,10990,10989,1,-1
2019-05-07 15:01:44.191,10989,10990,10989,1,-1
2019-05-07 15:01:44.548,10989,10990,10989,1,-1
2019-05-07 15:01:45.105,10989,10990,10989,3,-3
2019-05-07 15:01:47.954,10989,10990,10989,1,-1
2019-05-07 15:01:50.093,10989,10990,10989,1,-1
2019-05-07 15:01:53.945,10989,10990,10989,7,-7
2019-05-07 15:01:54.892,10989,10990,10989,1,-1
2019-05-07 15:01:57.159,10988,10989,10989,1,1
2019-05-07 15:01:59.187,10989,10990,10989,2,-2
2019-05-07 15:01:59.265,10989,10990,10990,1,1
2019-05-07 15:01:59.604,10989,10990,10989,3,-3
2019-05-07 15:02:00.040,10989,10990,10989,1,-1
2019-05-07 15:02:00.062,10989,10990,10989,1,-1
2019-05-07 15:02:01.064,10989,10990,10990,21,21
2019-05-07 15:02:01.159,10989,10990,10990,3,3
2019-05-07 15:02:01.291,10990,10991,10990,1,-1
2019-05-07 15:02:02.159,10990,10991,10990,5,-5
2019-05-07 15:02:03.249,10990,10991,10991,4,4
2019-05-07 15:02:03.270,10990,10991,10991,1,1
2019-05-07 15:02:03.380,10990,10991,10991,1,1
2019-05-07 15:02:04.100,10990,10991,10991,1,1
2019-05-07 15:02:04.682,10990,10991,10991,1,1
2019-05-07 15:02:05.357,10990,10991,10991,1,1
2019-05-07 15:02:05.367,10990,10991,10990,2,-2
2019-05-07 15:02:05.514,10990,10991,10990,1,-1
2019-05-07 15:02:08.973,10990,10991,10990,2,-2
2019-05-07 15:02:10.384,10990,10991,10990,2,-2
2019-05-07 15:02:10.758,10990,10991,10991,20,20
2019-05-07 15:02:12.633,10990,10991,10990,1,-1
2019-05-07 15:02:12.736,10990,10991,10990,1,-1
2019-05-07 15:02:14.051,10990,10991,10990,13,-13
2019-05-07 15:02:14.505,10990,10991,10991,1,1
2019-05-07 15:02:17.820,10990,10991,10991,1,1
2019-05-07 15:02:20.361,10990,10991,10991,1,1
2019-05-07 15:02:24.890,10990,10991,10990,1,-1
2019-05-07 15:02:26.250,10990,10991,10991,1,1
2019-05-07 15:02:29.174,10990,10991,10990,2,-2
2019-05-07 15:02:30.737,10990,10991,10990,1,-1
2019-05-07 15:02:32.511,10990,10991,10991,1,1
2019-05-07 15:02:35.255,10990,10991,10991,1,1
2019-05-07 15:02:36.642,10990,10991,10991,1,1
2019-05-07 15:02:36.680,10990,10991,10990,1,-1
2019-05-07 15:02:36.830,10990,10991,10991,1,1
2019-05-07 15:02:41.556,10990,10991,10991,1,1
2019-05-07 15:02:41.647,10990,10991,10991,3,3
2019-05-07 15:02:41.898,10990,10991,10991,11,11
2019-05-07 15:02:42.137,10991,10992,10991,2,-2
2019-05-07 15:02:42.198,10991,10992,10991,1,-1
2019-05-07 15:02:42.203,10991,10992,10991,1,-1
2019-05-07 15:02:42.373,10991,10992,10991,2,-2
2019-05-07 15:02:46.084,10990,10991,10991,1,1
2019-05-07 15:02:48.597,10990,10991,10991,1,1
2019-05-07 15:02:55.104,10990,10991,10991,3,3
2019-05-07 15:02:57.476,10990,10991,10991,1,1
2019-05-07 15:03:00.082,10990,10991,10991,1,1
2019-05-07 15:03:00.391,10990,10991,10991,12,12
2019-05-07 15:03:00.620,10991,10992,10992,1,1
2019-05-07 15:03:02.088,10990,10992,10990,1,-1
2019-05-07 15:03:05.582,10991,10992,10992,1,1
2019-05-07 15:03:06.105,10991,10992,10991,1,-1
2019-05-07 15:03:06.514,10991,10992,10991,1,-1
2019-05-07 15:03:09.396,10991,10992,10992,1,1
2019-05-07 15:03:10.214,10991,10992,10992,1,1
2019-05-07 15:03:13.887,10991,10992,10991,1,-1
2019-05-07 15:03:15.091,10991,10992,10992,3,3
2019-05-07 15:03:15.106,10991,10992,10992,1,1
2019-05-07 15:03:15.106,10991,10992,10992,3,3
2019-05-07 15:03:15.114,10991,10992,10992,1,1
2019-05-07 15:03:15.123,10991,10992,10992,2,2
2019-05-07 15:03:15.435,10991,10992,10992,27,27
2019-05-07 15:03:15.534,10991,10992,10992,1,1
2019-05-07 15:03:17.587,10992,10993,10993,1,1
2019-05-07 15:03:17.984,10992,10993,10992,1,-1
2019-05-07 15:03:19.729,10992,10993,10992,1,-1
2019-05-07 15:03:20.247,10992,10993,10992,1,-1
2019-05-07 15:03:20.861,10992,10993,10993,4,4
2019-05-07 15:03:22.984,10992,10993,10993,1,1
2019-05-07 15:03:22.984,10992,10993,10993,3,3
2019-05-07 15:03:22.992,10992,10993,10993,3,3
2019-05-07 15:03:22.993,10992,10993,10993,2,2
2019-05-07 15:03:22.994,10992,10993,10993,1,1
2019-05-07 15:03:26.982,10992,10993,10993,1,1
2019-05-07 15:03:28.472,10992,10993,10992,1,-1
2019-05-07 15:03:28.477,10992,10993,10992,1,-1
2019-05-07 15:03:28.534,10992,10993,10992,1,-1
2019-05-07 15:03:28.534,10992,10993,10992,1,-1
2019-05-07 15:03:28.534,10992,10993,10992,1,-1
2019-05-07 15:03:28.534,10992,10993,10992,1,-1
2019-05-07 15:03:28.535,10992,10993,10992,1,-1
2019-05-07 15:03:29.164,10991,10992,10992,1,1
2019-05-07 15:03:30.991,10991,10992,10992,1,1
2019-05-07 15:03:31.684,10991,10992,10991,1,-1
2019-05-07 15:03:32.151,10991,10992,10992,1,1
2019-05-07 15:03:32.212,10991,10992,10992,1,1
2019-05-07 15:03:32.517,10991,10992,10992,1,1
2019-05-07 15:03:32.526,10991,10992,10992,5,5
2019-05-07 15:03:33.594,10991,10992,10992,1,1
2019-05-07 15:03:33.740,10991,10992,10992,2,2
2019-05-07 15:03:34.879,10991,10992,10991,8,-8
2019-05-07 15:03:35.034,10990,10991,10991,2,2
2019-05-07 15:03:35.176,10990,10991,10991,4,4
2019-05-07 15:03:36.293,10990,10991,10991,1,1
2019-05-07 15:03:39.644,10990,10991,10990,32,-32
2019-05-07 15:03:40.128,10989,10990,10989,1,-1
2019-05-07 15:03:40.199,10989,10990,10989,5,-5
2019-05-07 15:03:40.284,10989,10990,10989,2,-2
2019-05-07 15:03:41.064,10989,10990,10989,1,-1
2019-05-07 15:03:41.281,10989,10990,10989,5,-5
2019-05-07 15:03:41.443,10988,10989,10989,1,1
2019-05-07 15:03:45.293,10988,10989,10989,5,5
2019-05-07 15:03:46.534,10989,10990,10990,7,7
2019-05-07 15:03:50.401,10990,10991,10991,1,1
2019-05-07 15:03:52.235,10990,10991,10991,1,1
2019-05-07 15:03:52.882,10990,10991,10990,1,-1
2019-05-07 15:03:55.061,10990,10991,10990,2,-2
2019-05-07 15:03:56.304,10990,10991,10991,1,1
2019-05-07 15:03:56.743,10990,10991,10990,1,-1
2019-05-07 15:03:57.423,10990,10991,10990,1,-1
2019-05-07 15:03:58.489,10990,10991,10990,1,-1
2019-05-07 15:03:59.981,10990,10991,10991,1,1
2019-05-07 15:04:02.632,10990,10991,10990,3,-3
2019-05-07 15:04:03.643,10990,10991,10990,1,-1
2019-05-07 15:04:03.967,10990,10991,10991,1,1
2019-05-07 15:04:05.410,10990,10991,10990,4,-4
2019-05-07 15:04:07.046,10990,10991,10990,5,-5
2019-05-07 15:04:07.929,10990,10991,10991,1,1
2019-05-07 15:04:09.506,10990,10991,10991,1,1
2019-05-07 15:04:14.625,10990,10991,10990,5,-5
2019-05-07 15:04:15.720,10990,10991,10991,1,1
2019-05-07 15:04:15.869,10990,10991,10991,1,1
2019-05-07 15:04:18.242,10990,10991,10990,1,-1
2019-05-07 15:04:19.903,10990,10991,10991,1,1
2019-05-07 15:04:20.807,10990,10991,10991,2,2
2019-05-07 15:04:21.475,10990,10991,10991,5,5
2019-05-07 15:04:23.788,10990,10991,10991,2,2
2019-05-07 15:04:26.057,10990,10991,10990,10,-10
2019-05-07 15:04:28.092,10989,10991,10991,1,1
2019-05-07 15:04:31.883,10990,10991,10990,2,-2
2019-05-07 15:04:33.505,10990,10991,10990,1,-1
2019-05-07 15:04:40.676,10990,10991,10991,2,2
2019-05-07 15:04:45.552,10990,10991,10990,1,-1
2019-05-07 15:04:50.674,10990,10991,10990,1,-1
2019-05-07 15:04:50.976,10990,10991,10990,1,-1
2019-05-07 15:04:55.437,10990,10991,10990,4,-4
2019-05-07 15:05:01.127,10990,10991,10990,1,-1
2019-05-07 15:05:02.780,10990,10991,10990,1,-1
2019-05-07 15:05:02.783,10990,10991,10990,8,-8
2019-05-07 15:05:03.028,10990,10991,10990,2,-2
2019-05-07 15:05:03.263,10990,10991,10990,1,-1
2019-05-07 15:05:03.729,10990,10991,10990,1,-1
2019-05-07 15:05:04.492,10989,10990,10990,1,1
2019-05-07 15:05:04.647,10989,10991,10991,5,5
2019-05-07 15:05:04.650,10989,10991,10991,5,5
2019-05-07 15:05:04.778,10990,10991,10991,5,5
2019-05-07 15:05:04.780,10990,10991,10991,5,5
2019-05-07 15:05:04.782,10990,10991,10991,5,5
2019-05-07 15:05:04.784,10990,10991,10991,3,3
2019-05-07 15:05:04.855,10990,10991,10991,1,1
2019-05-07 15:05:04.889,10990,10991,10991,2,2
2019-05-07 15:05:05.025,10991,10992,10991,1,-1
2019-05-07 15:05:05.134,10991,10992,10991,1,-1
2019-05-07 15:05:05.171,10991,10992,10992,5,5
2019-05-07 15:05:05.326,10991,10992,10992,5,5
2019-05-07 15:05:05.650,10991,10992,10992,5,5
2019-05-07 15:05:05.773,10991,10992,10992,5,5
2019-05-07 15:05:06.023,10991,10992,10992,5,5
2019-05-07 15:05:06.025,10991,10992,10992,5,5
2019-05-07 15:05:06.509,10992,10993,10992,1,-1
2019-05-07 15:05:06.977,10992,10993,10992,9,-9
2019-05-07 15:05:10.550,10991,10992,10991,3,-3
2019-05-07 15:05:12.122,10990,10991,10991,1,1
2019-05-07 15:05:12.633,10990,10991,10991,1,1
2019-05-07 15:05:15.982,10990,10991,10991,3,3
2019-05-07 15:05:24.121,10990,10991,10991,1,1
2019-05-07 15:05:25.784,10990,10991,10990,1,-1
2019-05-07 15:05:25.909,10990,10991,10990,7,-7
2019-05-07 15:05:27.236,10989,10990,10989,1,-1
2019-05-07 15:05:28.035,10989,10990,10989,6,-6
2019-05-07 15:05:38.325,10989,10990,10990,10,10
2019-05-07 15:05:38.978,10989,10991,10990,1,-1
2019-05-07 15:05:41.107,10989,10990,10990,10,10
2019-05-07 15:05:42.611,10989,10990,10989,5,-5
2019-05-07 15:05:43.245,10989,10990,10989,4,-4
2019-05-07 15:05:43.248,10989,10990,10989,4,-4
2019-05-07 15:05:43.256,10989,10990,10989,11,-11
2019-05-07 15:05:43.284,10989,10990,10989,1,-1
2019-05-07 15:05:43.284,10989,10990,10989,3,-3
2019-05-07 15:05:53.149,10988,10989,10989,1,1
2019-05-07 15:05:54.218,10988,10989,10989,1,1
2019-05-07 15:05:55.526,10988,10989,10988,1,-1
2019-05-07 15:05:57.913,10988,10989,10988,1,-1
2019-05-07 15:06:00.398,10988,10989,10988,10,-10
2019-05-07 15:06:02.828,10988,10989,10988,4,-4
2019-05-07 15:06:02.849,10988,10989,10988,4,-4
2019-05-07 15:06:02.909,10988,10989,10988,4,-4
2019-05-07 15:06:02.928,10988,10989,10988,2,-2
2019-05-07 15:06:03.876,10988,10989,10988,1,-1
2019-05-07 15:06:05.036,10988,10989,10988,1,-1
2019-05-07 15:06:07.590,10987,10989,10989,1,1
2019-05-07 15:06:08.554,10987,10989,10988,1,-1
2019-05-07 15:06:13.795,10987,10988,10987,2,-2
2019-05-07 15:06:14.096,10987,10988,10987,1,-1
2019-05-07 15:06:21.767,10987,10988,10987,1,-1
2019-05-07 15:06:22.054,10987,10988,10987,9,-9
2019-05-07 15:06:23.212,10987,10988,10987,1,-1
2019-05-07 15:06:23.410,10987,10988,10987,1,-1
2019-05-07 15:06:25.101,10987,10988,10987,2,-2
2019-05-07 15:06:29.807,10987,10988,10987,1,-1
2019-05-07 15:06:32.155,10986,10987,10986,1,-1
2019-05-07 15:06:32.276,10986,10987,10986,2,-2
2019-05-07 15:06:32.289,10986,10987,10986,1,-1
2019-05-07 15:06:34.425,10986,10987,10986,1,-1
2019-05-07 15:06:34.999,10986,10987,10986,5,-5
2019-05-07 15:06:35.551,10986,10987,10987,1,1
2019-05-07 15:06:36.069,10986,10987,10987,1,1
2019-05-07 15:06:43.029,10986,10987,10986,2,-2
2019-05-07 15:06:43.169,10986,10987,10986,5,-5
2019-05-07 15:06:51.747,10986,10987,10986,1,-1
2019-05-07 15:06:52.483,10986,10987,10987,1,1
2019-05-07 15:06:53.911,10986,10987,10987,14,14
2019-05-07 15:06:55.159,10987,10988,10988,1,1
2019-05-07 15:06:55.159,10987,10988,10988,1,1
2019-05-07 15:06:55.159,10987,10988,10988,1,1
2019-05-07 15:06:55.160,10987,10988,10988,1,1
2019-05-07 15:06:55.558,10987,10988,10987,1,-1
2019-05-07 15:06:58.084,10987,10988,10987,10,-10
2019-05-07 15:06:58.953,10987,10988,10988,1,1
2019-05-07 15:06:59.159,10987,10988,10988,1,1
2019-05-07 15:06:59.161,10987,10988,10988,9,9
2019-05-07 15:06:59.411,10988,10989,10989,1,1
2019-05-07 15:07:09.202,10988,10989,10989,18,18
2019-05-07 15:07:09.817,10989,10990,10989,1,-1
2019-05-07 15:07:12.192,10989,10990,10990,1,1
2019-05-07 15:07:12.746,10989,10990,10989,1,-1
2019-05-07 15:07:19.812,10989,10990,10989,2,-2
2019-05-07 15:07:19.859,10989,10990,10989,1,-1
2019-05-07 15:07:20.046,10989,10990,10989,2,-2
2019-05-07 15:07:20.286,10989,10990,10989,1,-1
2019-05-07 15:07:22.074,10988,10989,10988,1,-1
2019-05-07 15:07:27.387,10988,10989,10988,2,-2
2019-05-07 15:07:29.984,10988,10989,10989,2,2
2019-05-07 15:07:36.377,10988,10989,10988,1,-1
2019-05-07 15:07:43.490,10988,10989,10988,3,-3
2019-05-07 15:07:44.715,10988,10989,10989,1,1
2019-05-07 15:07:48.639,10988,10989,10988,1,-1
2019-05-07 15:07:50.112,10988,10989,10988,1,-1
2019-05-07 15:07:50.492,10988,10989,10988,1,-1
2019-05-07 15:07:50.847,10988,10989,10988,3,-3
2019-05-07 15:08:08.409,10988,10989,10988,4,-4
2019-05-07 15:08:08.534,10988,10989,10988,1,-1
2019-05-07 15:08:08.659,10987,10988,10988,1,1
2019-05-07 15:08:18.100,10987,10988,10988,1,1
2019-05-07 15:08:30.588,10987,10988,10988,1,1
2019-05-07 15:08:31.701,10987,10988,10988,2,2
2019-05-07 15:08:32.323,10987,10988,10987,5,-5
2019-05-07 15:08:34.594,10987,10988,10987,10,-10
2019-05-07 15:08:35.762,10987,10988,10987,1,-1
2019-05-07 15:08:37.785,10987,10988,10988,1,1
2019-05-07 15:08:52.040,10987,10988,10987,1,-1
2019-05-07 15:08:52.240,10987,10988,10987,1,-1
2019-05-07 15:08:52.919,10987,10988,10988,1,1
2019-05-07 15:09:00.731,10987,10988,10987,2,-2
2019-05-07 15:09:01.596,10987,10988,10987,2,-2
2019-05-07 15:09:02.176,10987,10988,10987,2,-2
2019-05-07 15:09:07.013,10987,10988,10987,2,-2
2019-05-07 15:09:12.301,10987,10988,10987,1,-1
2019-05-07 15:09:12.408,10987,10988,10987,5,-5
2019-05-07 15:09:14.664,10986,10988,10988,4,4
2019-05-07 15:09:17.642,10986,10988,10986,2,-2
2019-05-07 15:09:17.791,10986,10987,10987,1,1
2019-05-07 15:09:25.348,10986,10987,10987,1,1
2019-05-07 15:09:26.113,10986,10987,10987,2,2
2019-05-07 15:09:35.909,10986,10987,10987,9,9
2019-05-07 15:09:37.938,10987,10988,10987,1,-1
2019-05-07 15:09:38.353,10987,10988,10987,1,-1
2019-05-07 15:09:44.179,10986,10987,10987,1,1
2019-05-07 15:09:51.802,10987,10988,10987,1,-1
2019-05-07 15:09:53.462,10987,10988,10987,2,-2
2019-05-07 15:09:53.462,10987,10988,10986,3,-3
2019-05-07 15:10:02.285,10987,10988,10987,1,1
2019-05-07 15:10:02.580,10987,10988,10987,1,-1
2019-05-07 15:10:04.894,10987,10988,10987,2,-2
2019-05-07 15:10:05.519,10987,10988,10987,1,-1
2019-05-07 15:10:05.878,10987,10988,10987,1,-1
2019-05-07 15:10:14.771,10987,10988,10987,5,-5
2019-05-07 15:10:15.720,10987,10988,10987,1,-1
2019-05-07 15:10:24.034,10987,10988,10988,27,27
2019-05-07 15:10:24.159,10987,10988,10988,1,1
2019-05-07 15:10:24.159,10987,10988,10988,7,7
2019-05-07 15:10:24.159,10987,10988,10988,4,4
2019-05-07 15:10:31.779,10988,10989,10989,2,2
2019-05-07 15:10:39.498,10988,10989,10988,5,-5
2019-05-07 15:10:41.820,10988,10989,10988,1,-1
2019-05-07 15:10:52.897,10988,10989,10988,1,-1
2019-05-07 15:10:53.060,10988,10989,10989,1,1
2019-05-07 15:11:04.575,10988,10989,10989,1,1
2019-05-07 15:11:06.018,10988,10989,10988,2,-2
2019-05-07 15:11:08.853,10988,10989,10988,1,-1
2019-05-07 15:11:13.565,10988,10989,10989,1,1
2019-05-07 15:11:20.099,10988,10989,10989,1,1
2019-05-07 15:11:23.159,10988,10989,10989,1,1
2019-05-07 15:11:27.828,10988,10989,10989,1,1
2019-05-07 15:11:31.742,10988,10989,10989,2,2
2019-05-07 15:11:35.159,10988,10989,10989,4,4
2019-05-07 15:11:35.159,10988,10989,10989,8,8
2019-05-07 15:11:35.284,10988,10989,10989,1,1
2019-05-07 15:11:35.284,10988,10989,10989,4,4
2019-05-07 15:11:35.284,10988,10989,10989,1,1
2019-05-07 15:11:35.284,10988,10989,10989,1,1
2019-05-07 15:11:35.284,10988,10989,10989,2,2
2019-05-07 15:11:35.284,10988,10989,10989,11,11
2019-05-07 15:11:35.284,10988,10989,10989,1,1
2019-05-07 15:11:35.284,10988,10989,10989,4,4
2019-05-07 15:11:35.284,10988,10989,10989,5,5
2019-05-07 15:11:35.284,10988,10989,10989,4,4
2019-05-07 15:11:43.635,10989,10990,10990,2,2
2019-05-07 15:11:45.964,10989,10990,10990,1,1
2019-05-07 15:11:47.924,10989,10990,10989,6,-6
2019-05-07 15:11:50.257,10989,10990,10990,1,1
2019-05-07 15:11:50.720,10989,10990,10989,1,-1
2019-05-07 15:11:51.639,10989,10990,10990,7,7
2019-05-07 15:11:52.187,10989,10990,10990,1,1
2019-05-07 15:11:52.595,10989,10990,10989,1,-1
2019-05-07 15:12:02.407,10989,10990,10989,10,-10
2019-05-07 15:12:02.409,10988,10989,10989,24,24
2019-05-07 15:12:02.534,10988,10989,10989,1,1
2019-05-07 15:12:12.899,10989,10990,10989,2,-2
2019-05-07 15:12:13.052,10989,10990,10989,1,-1
2019-05-07 15:12:13.133,10989,10990,10989,1,-1
2019-05-07 15:12:20.833,10989,10990,10990,2,2
2019-05-07 15:12:21.773,10989,10990,10989,4,-4
2019-05-07 15:12:22.515,10988,10989,10989,2,2
2019-05-07 15:12:22.918,10988,10989,10989,1,1
2019-05-07 15:12:29.554,10988,10989,10989,1,1
2019-05-07 15:12:31.815,10988,10989,10989,2,2
2019-05-07 15:12:36.402,10988,10989,10989,1,1
2019-05-07 15:12:44.127,10988,10989,10989,2,2
2019-05-07 15:12:46.845,10988,10989,10989,1,1
2019-05-07 15:12:54.171,10988,10989,10988,20,-20
2019-05-07 15:13:06.369,10987,10988,10988,1,1
2019-05-07 15:13:09.458,10987,10988,10988,1,1
2019-05-07 15:13:43.897,10987,10988,10988,5,5
2019-05-07 15:13:52.954,10988,10989,10988,1,-1
2019-05-07 15:14:03.394,10988,10989,10988,1,-1
2019-05-07 15:14:04.140,10987,10988,10988,1,1
2019-05-07 15:14:07.555,10987,10988,10988,1,1
2019-05-07 15:14:09.892,10987,10988,10988,1,1
2019-05-07 15:14:12.931,10987,10989,10989,1,1
2019-05-07 15:14:19.483,10988,10989,10989,5,5
2019-05-07 15:14:19.721,10988,10989,10989,5,5
2019-05-07 15:14:22.310,10988,10989,10989,5,5
2019-05-07 15:14:29.265,10989,10990,10989,1,-1
2019-05-07 15:14:30.895,10988,10990,10989,1,-1
2019-05-07 15:14:49.962,10989,10990,10990,2,2
2019-05-07 15:15:01.105,10989,10990,10990,2,2
2019-05-07 15:15:01.805,10989,10990,10990,1,1
2019-05-07 15:15:03.591,10989,10990,10989,2,-2
2019-05-07 15:15:03.829,10989,10990,10989,2,-2
2019-05-07 15:15:05.604,10988,10990,10990,1,1
2019-05-07 15:15:37.911,10989,10990,10990,6,6
2019-05-07 15:15:38.034,10989,10990,10990,22,22
2019-05-07 15:15:38.034,10989,10990,10990,1,1
2019-05-07 15:15:38.034,10989,10990,10990,1,1
2019-05-07 15:15:38.034,10989,10990,10990,1,1
2019-05-07 15:15:38.034,10989,10990,10990,1,1
2019-05-07 15:15:38.034,10989,10990,10990,1,1
2019-05-07 15:15:38.035,10989,10990,10990,1,1
2019-05-07 15:15:38.036,10989,10990,10990,17,17
2019-05-07 15:15:38.041,10989,10990,10990,10,10
2019-05-07 15:15:38.072,10989,10990,10991,31,31
2019-05-07 15:15:38.072,10989,10990,10991,3,3
2019-05-07 15:15:38.073,10989,10990,10991,2,2
2019-05-07 15:15:38.073,10989,10990,10991,3,3
2019-05-07 15:15:38.076,10989,10990,10991,3,3
2019-05-07 15:15:38.159,10990,10991,10991,1,1
2019-05-07 15:15:38.159,10990,10991,10991,4,4
2019-05-07 15:15:38.161,10990,10991,10991,3,3
2019-05-07 15:15:38.163,10990,10991,10991,2,2
2019-05-07 15:15:39.659,10991,10992,10991,1,-1
2019-05-07 15:15:39.659,10991,10992,10991,1,-1
2019-05-07 15:15:39.659,10991,10992,10991,1,-1
2019-05-07 15:15:40.417,10990,10992,10992,1,1
2019-05-07 15:15:40.606,10991,10992,10991,2,-2
2019-05-07 15:15:45.001,10990,10991,10990,1,-1
2019-05-07 15:15:46.848,10990,10991,10991,1,1
2019-05-07 15:15:49.009,10990,10991,10990,1,-1
2019-05-07 15:15:51.892,10990,10991,10990,1,-1
2019-05-07 15:15:59.526,10990,10991,10990,1,-1
2019-05-07 15:15:59.527,10990,10991,10990,3,-3
2019-05-07 15:15:59.527,10990,10991,10990,1,-1
2019-05-07 15:15:59.527,10990,10991,10990,1,-1
2019-05-07 15:15:59.527,10990,10991,10990,8,-8
2019-05-07 15:15:59.527,10990,10991,10990,6,-6
2019-05-07 15:15:59.527,10990,10991,10990,1,-1
2019-05-07 15:15:59.527,10990,10991,10990,1,-1
2019-05-07 15:15:59.527,10990,10991,10990,1,-1
2019-05-07 15:15:59.534,10990,10991,10990,1,-1
2019-05-07 15:16:02.698,10989,10991,10991,1,1
2019-05-07 15:16:04.562,10990,10991,10990,5,-5
2019-05-07 15:16:10.443,10990,10991,10991,10,10
2019-05-07 15:16:11.210,10990,10991,10990,2,-2
2019-05-07 15:16:12.829,10990,10991,10990,10,-10
2019-05-07 15:16:21.868,10990,10991,10991,10,10
2019-05-07 15:16:31.284,10990,10991,10991,3,3
2019-05-07 15:16:42.189,10990,10991,10991,4,4
2019-05-07 15:16:43.205,10990,10991,10991,1,1
2019-05-07 15:16:46.544,10990,10991,10991,1,1
2019-05-07 15:16:47.525,10990,10991,10991,1,1
2019-05-07 15:16:55.335,10990,10991,10991,1,1
2019-05-07 15:16:58.455,10990,10991,10991,1,1
2019-05-07 15:17:05.720,10990,10991,10991,1,1
2019-05-07 15:17:05.768,10990,10991,10991,6,6
2019-05-07 15:17:05.769,10990,10991,10991,12,12
2019-05-07 15:17:05.769,10990,10991,10991,13,13
2019-05-07 15:17:05.769,10990,10991,10991,4,4
2019-05-07 15:17:05.770,10990,10991,10991,2,2
2019-05-07 15:17:05.784,10990,10991,10991,2,2
2019-05-07 15:17:05.784,10990,10991,10991,2,2
2019-05-07 15:17:11.488,10991,10992,10992,1,1
2019-05-07 15:17:13.236,10991,10992,10991,9,-9
2019-05-07 15:17:15.775,10990,10991,10990,1,-1
2019-05-07 15:17:23.217,10990,10991,10990,1,-1
2019-05-07 15:17:23.966,10990,10991,10991,60,60
2019-05-07 15:17:24.034,10990,10991,10991,3,3
2019-05-07 15:17:26.156,10991,10992,10992,5,5
2019-05-07 15:17:26.877,10991,10992,10992,5,5
2019-05-07 15:17:27.018,10991,10992,10991,1,-1
2019-05-07 15:17:27.133,10991,10992,10991,1,-1
2019-05-07 15:17:35.493,10991,10992,10991,1,-1
2019-05-07 15:17:41.845,10991,10992,10991,2,-2
2019-05-07 15:17:43.036,10991,10992,10991,6,-6
2019-05-07 15:17:47.799,10990,10991,10991,1,1
2019-05-07 15:17:50.287,10991,10992,10991,1,-1
2019-05-07 15:17:58.257,10991,10992,10991,1,-1
2019-05-07 15:17:58.561,10991,10992,10991,1,-1
2019-05-07 15:18:02.577,10991,10992,10991,1,-1
2019-05-07 15:18:05.105,10991,10992,10991,4,-4
2019-05-07 15:18:06.675,10991,10992,10991,1,-1
2019-05-07 15:18:12.874,10991,10992,10991,1,-1
2019-05-07 15:18:13.090,10991,10992,10992,1,1
2019-05-07 15:18:21.198,10991,10992,10991,1,-1
2019-05-07 15:18:24.429,10991,10992,10992,5,5
2019-05-07 15:18:24.509,10991,10992,10992,5,5
2019-05-07 15:18:25.290,10991,10992,10992,5,5
2019-05-07 15:18:26.298,10991,10992,10992,5,5
2019-05-07 15:18:26.486,10991,10992,10992,5,5
2019-05-07 15:18:28.376,10991,10992,10992,1,1
2019-05-07 15:18:32.263,10991,10992,10992,1,1
2019-05-07 15:18:34.426,10991,10992,10992,1,1
2019-05-07 15:18:35.926,10991,10992,10992,5,5
2019-05-07 15:18:37.604,10991,10992,10991,1,-1
2019-05-07 15:18:39.127,10991,10992,10992,1,1
2019-05-07 15:19:07.881,10991,10992,10991,1,-1
2019-05-07 15:19:09.773,10991,10992,10992,2,2
2019-05-07 15:19:10.950,10991,10992,10992,1,1
2019-05-07 15:19:11.653,10991,10992,10991,1,-1
2019-05-07 15:19:13.218,10991,10992,10991,1,-1
2019-05-07 15:19:24.281,10991,10992,10991,1,-1
2019-05-07 15:19:30.531,10991,10992,10991,10,-10
2019-05-07 15:19:35.592,10991,10992,10991,1,-1
2019-05-07 15:19:39.474,10991,10992,10991,1,-1
2019-05-07 15:19:41.976,10991,10992,10991,1,-1
2019-05-07 15:19:45.981,10991,10992,10991,8,-8
2019-05-07 15:19:45.981,10991,10992,10991,9,-9
2019-05-07 15:19:45.983,10991,10992,10991,2,-2
2019-05-07 15:19:46.034,10991,10992,10991,18,-18
2019-05-07 15:19:49.192,10990,10991,10991,1,1
2019-05-07 15:19:59.950,10990,10991,10991,1,1
2019-05-07 15:20:03.798,10990,10991,10991,1,1
2019-05-07 15:20:04.153,10990,10991,10991,1,1
2019-05-07 15:20:04.302,10990,10991,10991,1,1
2019-05-07 15:20:04.709,10990,10991,10991,1,1
2019-05-07 15:20:07.425,10991,10992,10991,4,-4
2019-05-07 15:20:13.219,10990,10991,10991,2,2
2019-05-07 15:20:24.758,10990,10991,10991,3,3
2019-05-07 15:20:24.912,10990,10991,10990,10,-10
2019-05-07 15:20:32.714,10990,10991,10990,1,-1
2019-05-07 15:20:41.490,10990,10991,10991,1,1
2019-05-07 15:20:54.802,10990,10991,10990,1,-1
2019-05-07 15:21:02.817,10990,10991,10990,1,-1
2019-05-07 15:21:02.909,10990,10991,10990,13,-13
2019-05-07 15:21:02.994,10990,10991,10990,37,-37
2019-05-07 15:21:03.726,10989,10990,10990,1,1
2019-05-07 15:21:07.386,10989,10990,10990,1,1
2019-05-07 15:21:11.824,10989,10990,10990,1,1
2019-05-07 15:21:18.866,10989,10990,10989,2,-2
2019-05-07 15:21:19.804,10989,10990,10989,8,-8
2019-05-07 15:21:28.186,10988,10989,10989,1,1
2019-05-07 15:21:37.743,10988,10989,10989,1,1
2019-05-07 15:21:48.330,10988,10989,10989,6,6
2019-05-07 15:21:51.322,10988,10989,10988,1,-1
2019-05-07 15:21:53.292,10988,10989,10988,2,-2
2019-05-07 15:21:58.852,10988,10989,10988,1,-1
2019-05-07 15:22:17.010,10988,10989,10988,1,-1
2019-05-07 15:22:17.712,10988,10989,10988,2,-2
2019-05-07 15:22:21.165,10988,10989,10988,5,-5
2019-05-07 15:22:21.273,10988,10989,10988,2,-2
2019-05-07 15:22:21.852,10988,10989,10988,6,-6
2019-05-07 15:22:23.169,10988,10989,10988,1,-1
2019-05-07 15:22:23.274,10988,10989,10988,1,-1
2019-05-07 15:22:29.376,10987,10988,10988,2,2
2019-05-07 15:22:37.098,10988,10989,10988,3,-3
2019-05-07 15:22:37.102,10988,10989,10988,10,-10
2019-05-07 15:22:37.102,10988,10989,10988,5,-5
2019-05-07 15:22:52.380,10987,10988,10988,1,1
2019-05-07 15:23:01.071,10987,10988,10987,5,-5
2019-05-07 15:23:04.951,10987,10988,10987,2,-2
2019-05-07 15:23:10.017,10987,10988,10987,1,-1
2019-05-07 15:23:13.214,10987,10988,10988,5,5
2019-05-07 15:23:15.686,10987,10988,10988,1,1
2019-05-07 15:23:20.624,10987,10988,10987,39,-39
2019-05-07 15:23:20.624,10987,10988,10986,11,-11
2019-05-07 15:23:20.741,10986,10988,10986,50,-50
2019-05-07 15:23:29.701,10985,10986,10985,1,-1
2019-05-07 15:23:29.897,10985,10986,10985,2,-2
2019-05-07 15:23:30.788,10985,10986,10985,1,-1
2019-05-07 15:23:30.980,10985,10986,10985,1,-1
2019-05-07 15:23:31.144,10985,10986,10985,1,-1
2019-05-07 15:23:31.440,10985,10986,10985,1,-1
2019-05-07 15:23:31.617,10985,10986,10985,1,-1
2019-05-07 15:23:31.764,10985,10986,10985,1,-1
2019-05-07 15:23:32.612,10985,10986,10985,1,-1
2019-05-07 15:23:32.616,10985,10986,10985,1,-1
2019-05-07 15:23:33.729,10985,10986,10985,1,-1
2019-05-07 15:23:37.053,10985,10986,10985,1,-1
2019-05-07 15:23:39.121,10985,10986,10985,3,-3
2019-05-07 15:23:41.491,10985,10986,10985,1,-1
2019-05-07 15:23:42.040,10985,10986,10985,1,-1
2019-05-07 15:23:42.762,10985,10986,10985,1,-1
2019-05-07 15:23:43.033,10985,10986,10985,1,-1
2019-05-07 15:23:43.757,10985,10986,10985,1,-1
2019-05-07 15:23:44.096,10985,10986,10985,1,-1
2019-05-07 15:23:44.714,10984,10985,10984,1,-1
2019-05-07 15:23:44.815,10984,10985,10984,1,-1
2019-05-07 15:23:44.896,10984,10985,10984,6,-6
2019-05-07 15:23:49.195,10984,10985,10985,1,1
2019-05-07 15:23:49.523,10985,10986,10985,3,-3
2019-05-07 15:23:50.994,10985,10986,10985,1,-1
2019-05-07 15:23:50.996,10985,10986,10985,2,-2
2019-05-07 15:23:51.177,10985,10986,10985,4,-4
2019-05-07 15:23:51.178,10985,10986,10985,1,-1
2019-05-07 15:23:51.178,10985,10986,10985,1,-1
2019-05-07 15:23:51.178,10985,10986,10985,2,-2
2019-05-07 15:23:52.242,10984,10985,10984,2,-2
2019-05-07 15:23:52.242,10984,10985,10984,1,-1
2019-05-07 15:23:52.242,10984,10985,10984,1,-1
2019-05-07 15:23:52.257,10984,10985,10984,2,-2
2019-05-07 15:23:52.284,10984,10985,10984,3,-3
2019-05-07 15:23:52.541,10983,10985,10985,1,1
2019-05-07 15:23:59.214,10983,10984,10984,1,1
2019-05-07 15:24:03.426,10983,10984,10983,1,-1
2019-05-07 15:24:03.653,10983,10984,10984,1,1
2019-05-07 15:24:05.191,10983,10984,10984,1,1
2019-05-07 15:24:05.371,10983,10984,10983,1,-1
2019-05-07 15:24:06.175,10983,10984,10983,1,-1
2019-05-07 15:24:07.440,10983,10984,10983,1,-1
2019-05-07 15:24:09.151,10983,10984,10983,1,-1
2019-05-07 15:24:10.715,10983,10984,10983,39,-39
2019-05-07 15:24:11.488,10982,10983,10982,1,-1
2019-05-07 15:24:11.812,10982,10983,10982,1,-1
2019-05-07 15:24:12.290,10982,10983,10982,1,-1
2019-05-07 15:24:13.020,10982,10983,10982,1,-1
2019-05-07 15:24:14.134,10982,10983,10982,1,-1
2019-05-07 15:24:14.275,10982,10983,10982,2,-2
2019-05-07 15:24:14.972,10982,10983,10982,1,-1
2019-05-07 15:24:15.492,10982,10983,10982,1,-1
2019-05-07 15:24:17.095,10982,10983,10982,1,-1
2019-05-07 15:24:18.574,10982,10983,10982,1,-1
2019-05-07 15:24:19.927,10982,10983,10982,1,-1
2019-05-07 15:24:20.198,10982,10983,10982,1,-1
2019-05-07 15:24:21.945,10982,10983,10982,1,-1
2019-05-07 15:24:22.796,10982,10983,10982,1,-1
2019-05-07 15:24:22.993,10982,10983,10982,1,-1
2019-05-07 15:24:23.065,10982,10983,10982,1,-1
2019-05-07 15:24:23.674,10981,10982,10981,2,-2
2019-05-07 15:24:23.920,10981,10982,10981,1,-1
2019-05-07 15:24:23.951,10981,10982,10981,1,-1
2019-05-07 15:24:28.940,10981,10982,10981,2,-2
2019-05-07 15:24:29.556,10981,10982,10981,1,-1
2019-05-07 15:24:30.704,10981,10982,10981,1,-1
2019-05-07 15:24:30.765,10981,10982,10981,1,-1
2019-05-07 15:24:31.987,10981,10982,10981,1,-1
2019-05-07 15:24:33.613,10981,10982,10982,15,15
2019-05-07 15:24:35.228,10982,10983,10982,1,-1
2019-05-07 15:24:35.271,10982,10983,10983,11,11
2019-05-07 15:24:37.990,10982,10983,10982,3,-3
2019-05-07 15:24:38.616,10982,10983,10983,10,10
2019-05-07 15:24:45.518,10983,10984,10983,1,-1
2019-05-07 15:24:54.432,10983,10984,10983,1,-1
2019-05-07 15:24:54.542,10983,10984,10983,4,-4
2019-05-07 15:24:55.814,10983,10984,10983,1,-1
2019-05-07 15:24:56.475,10983,10984,10983,1,-1
2019-05-07 15:24:58.256,10983,10984,10983,1,-1
2019-05-07 15:25:03.229,10983,10984,10983,1,-1
2019-05-07 15:25:04.508,10983,10984,10983,2,-2
2019-05-07 15:25:05.045,10983,10984,10983,1,-1
2019-05-07 15:25:16.108,10983,10984,10984,6,6
2019-05-07 15:25:16.161,10983,10984,10984,18,18
2019-05-07 15:25:16.284,10983,10984,10984,1,1
2019-05-07 15:25:16.332,10983,10984,10985,1,1
2019-05-07 15:25:18.382,10984,10985,10984,1,-1
2019-05-07 15:25:24.499,10984,10985,10985,1,1
2019-05-07 15:25:26.343,10984,10985,10985,10,10
2019-05-07 15:25:27.176,10984,10985,10985,1,1
2019-05-07 15:25:29.988,10984,10985,10985,1,1
2019-05-07 15:25:29.988,10984,10985,10985,7,7
2019-05-07 15:25:40.299,10985,10986,10985,1,-1
2019-05-07 15:25:40.409,10985,10986,10985,1,-1
2019-05-07 15:25:47.889,10984,10985,10985,1,1
2019-05-07 15:25:47.994,10984,10985,10985,1,1
2019-05-07 15:25:49.656,10984,10985,10985,2,2
2019-05-07 15:25:56.127,10984,10985,10984,1,-1
2019-05-07 15:25:56.127,10984,10985,10984,14,-14
2019-05-07 15:25:56.159,10984,10985,10984,8,-8
2019-05-07 15:25:56.159,10984,10985,10984,1,-1
2019-05-07 15:25:56.159,10984,10985,10984,1,-1
2019-05-07 15:25:56.159,10984,10985,10984,1,-1
2019-05-07 15:26:03.693,10983,10984,10983,2,-2
2019-05-07 15:26:03.784,10983,10984,10983,9,-9
2019-05-07 15:26:03.909,10982,10984,10983,1,-1
2019-05-07 15:26:06.789,10982,10983,10983,5,5
2019-05-07 15:26:10.039,10982,10983,10983,1,1
2019-05-07 15:26:13.874,10982,10983,10983,1,1
2019-05-07 15:26:15.284,10982,10983,10983,7,7
2019-05-07 15:26:20.427,10982,10983,10983,1,1
2019-05-07 15:26:27.455,10982,10983,10983,5,5
2019-05-07 15:26:40.657,10982,10983,10983,2,2
2019-05-07 15:26:40.784,10982,10983,10983,9,9
2019-05-07 15:26:55.527,10983,10984,10983,2,-2
2019-05-07 15:26:56.380,10983,10984,10983,1,-1
2019-05-07 15:26:56.637,10983,10984,10983,2,-2
2019-05-07 15:26:56.781,10983,10984,10983,1,-1
2019-05-07 15:26:57.223,10983,10984,10983,2,-2
2019-05-07 15:27:02.438,10983,10984,10983,2,-2
2019-05-07 15:27:03.032,10983,10984,10984,1,1
2019-05-07 15:27:18.835,10983,10984,10983,4,-4
2019-05-07 15:27:20.023,10983,10984,10984,1,1
2019-05-07 15:27:25.970,10983,10984,10984,6,6
2019-05-07 15:27:26.089,10983,10984,10984,1,1
2019-05-07 15:27:28.890,10983,10984,10984,1,1
2019-05-07 15:27:29.131,10983,10984,10984,1,1
2019-05-07 15:27:31.758,10983,10984,10984,5,5
2019-05-07 15:27:32.158,10983,10984,10984,1,1
2019-05-07 15:27:34.024,10983,10984,10983,1,-1
2019-05-07 15:27:43.419,10983,10984,10983,5,-5
2019-05-07 15:27:46.135,10983,10984,10984,5,5
2019-05-07 15:27:49.886,10984,10985,10984,2,-2
2019-05-07 15:27:54.502,10984,10985,10985,3,3
2019-05-07 15:27:58.791,10984,10985,10985,2,2
2019-05-07 15:27:59.784,10984,10985,10985,5,5
2019-05-07 15:28:12.874,10985,10986,10985,1,-1
2019-05-07 15:28:20.635,10985,10986,10985,1,-1
2019-05-07 15:28:23.128,10985,10986,10985,1,-1
2019-05-07 15:28:26.587,10985,10986,10985,1,-1
2019-05-07 15:28:44.413,10985,10986,10985,1,-1
2019-05-07 15:29:12.973,10985,10986,10985,1,-1
2019-05-07 15:29:14.440,10985,10986,10985,1,-1
2019-05-07 15:29:18.288,10985,10986,10985,1,-1
2019-05-07 15:29:34.836,10985,10986,10985,1,-1
2019-05-07 15:29:41.101,10985,10986,10985,2,-2
2019-05-07 15:29:50.617,10985,10986,10985,1,-1
2019-05-07 15:30:07.155,10985,10986,10985,1,-1
2019-05-07 15:30:07.636,10985,10986,10986,1,1
2019-05-07 15:30:07.758,10985,10986,10986,1,1
2019-05-07 15:30:07.771,10985,10986,10986,4,4
2019-05-07 15:30:08.307,10985,10986,10986,2,2
2019-05-07 15:30:08.312,10985,10986,10986,1,1
2019-05-07 15:30:08.373,10985,10986,10986,3,3
2019-05-07 15:30:08.409,10985,10986,10986,15,15
2019-05-07 15:30:08.534,10985,10986,10986,1,1
2019-05-07 15:30:08.534,10985,10986,10986,4,4
2019-05-07 15:30:08.534,10985,10986,10986,1,1
2019-05-07 15:30:08.534,10985,10986,10986,7,7
2019-05-07 15:30:08.713,10986,10987,10987,1,1
2019-05-07 15:30:08.728,10986,10987,10987,1,1
2019-05-07 15:30:08.961,10986,10987,10987,1,1
2019-05-07 15:30:09.917,10986,10987,10987,2,2
2019-05-07 15:30:12.108,10986,10987,10987,1,1
2019-05-07 15:30:13.321,10986,10987,10987,6,6
2019-05-07 15:30:13.717,10986,10987,10986,1,-1
2019-05-07 15:30:15.237,10986,10987,10987,1,1
2019-05-07 15:30:15.319,10986,10987,10987,7,7
2019-05-07 15:30:16.119,10987,10988,10987,1,-1
2019-05-07 15:30:16.518,10986,10987,10987,1,1
2019-05-07 15:30:16.538,10986,10987,10986,1,-1
2019-05-07 15:30:22.076,10986,10987,10987,1,1
2019-05-07 15:30:22.076,10986,10987,10987,1,1
2019-05-07 15:30:22.076,10986,10987,10987,1,1
2019-05-07 15:30:23.317,10986,10987,10987,1,1
2019-05-07 15:30:23.489,10986,10987,10987,1,1
2019-05-07 15:30:26.524,10986,10987,10987,1,1
2019-05-07 15:30:27.217,10986,10987,10987,1,1
2019-05-07 15:30:30.926,10986,10987,10987,1,1
2019-05-07 15:30:33.275,10986,10987,10987,1,1
2019-05-07 15:30:40.536,10986,10987,10987,2,2
2019-05-07 15:30:40.839,10986,10987,10987,2,2
2019-05-07 15:30:41.547,10986,10987,10987,8,8
2019-05-07 15:30:41.872,10986,10987,10987,9,9
2019-05-07 15:30:46.536,10987,10988,10988,1,1
2019-05-07 15:30:47.060,10987,10988,10988,1,1
2019-05-07 15:30:56.484,10987,10988,10988,1,1
2019-05-07 15:30:59.611,10987,10988,10988,1,1
2019-05-07 15:31:03.246,10987,10988,10988,1,1
2019-05-07 15:31:05.121,10987,10988,10988,1,1
2019-05-07 15:31:07.634,10987,10988,10987,1,-1
2019-05-07 15:31:07.691,10987,10988,10988,2,2
2019-05-07 15:31:09.031,10987,10988,10987,1,-1
2019-05-07 15:31:09.034,10987,10988,10987,3,-3
2019-05-07 15:31:12.850,10986,10988,10986,1,-1
2019-05-07 15:31:16.358,10987,10988,10987,1,1
2019-05-07 15:31:17.668,10987,10988,10987,1,-1
2019-05-07 15:31:20.219,10987,10988,10987,1,-1
2019-05-07 15:31:20.284,10987,10988,10987,2,-2
2019-05-07 15:31:30.865,10986,10987,10987,2,2
2019-05-07 15:31:30.865,10986,10987,10988,3,3
2019-05-07 15:31:40.161,10986,10987,10987,1,1
2019-05-07 15:31:40.185,10986,10987,10987,5,5
2019-05-07 15:31:45.508,10986,10987,10987,1,1
2019-05-07 15:31:46.259,10986,10987,10987,1,1
2019-05-07 15:31:54.876,10986,10987,10987,1,1
2019-05-07 15:31:57.638,10986,10987,10987,1,1
2019-05-07 15:32:00.443,10986,10987,10986,1,-1
2019-05-07 15:32:25.913,10986,10987,10986,1,-1
2019-05-07 15:32:34.118,10986,10987,10987,3,3
2019-05-07 15:32:39.614,10986,10987,10986,1,-1
2019-05-07 15:32:42.022,10986,10987,10987,3,3
2019-05-07 15:32:49.823,10986,10987,10987,1,1
2019-05-07 15:32:55.683,10986,10987,10986,10,-10
2019-05-07 15:32:55.784,10986,10987,10986,1,-1
2019-05-07 15:33:02.392,10985,10986,10986,2,2
2019-05-07 15:33:06.612,10986,10987,10987,1,1
2019-05-07 15:33:33.987,10986,10987,10987,3,3
2019-05-07 15:33:46.119,10986,10987,10987,2,2
2019-05-07 15:33:46.119,10986,10987,10987,3,3
2019-05-07 15:33:53.915,10987,10988,10988,2,2
2019-05-07 15:34:24.899,10987,10988,10987,6,-6
2019-05-07 15:34:38.315,10986,10987,10986,5,-5
2019-05-07 15:34:39.062,10985,10986,10987,3,3
2019-05-07 15:35:06.246,10986,10987,10986,2,-2
2019-05-07 15:35:07.992,10986,10987,10986,1,-1
2019-05-07 15:35:07.992,10986,10987,10986,1,-1
2019-05-07 15:35:08.034,10986,10987,10986,1,-1
2019-05-07 15:35:09.786,10985,10986,10986,1,1
2019-05-07 15:35:10.606,10985,10986,10986,1,1
2019-05-07 15:35:10.635,10985,10986,10986,1,1
2019-05-07 15:35:17.937,10986,10987,10987,1,1
2019-05-07 15:35:28.067,10986,10987,10986,1,-1
2019-05-07 15:35:29.849,10985,10987,10986,2,-2
2019-05-07 15:35:57.779,10985,10986,10985,4,-4
2019-05-07 15:36:03.371,10985,10986,10986,1,1
2019-05-07 15:36:03.371,10985,10986,10986,1,1
2019-05-07 15:36:03.371,10985,10986,10986,2,2
2019-05-07 15:36:04.881,10986,10987,10986,1,-1
2019-05-07 15:36:16.680,10986,10987,10986,1,-1
2019-05-07 15:36:19.039,10986,10987,10987,2,2
2019-05-07 15:36:19.060,10986,10987,10987,2,2
2019-05-07 15:36:19.146,10986,10987,10987,1,1
2019-05-07 15:36:19.154,10986,10987,10987,2,2
2019-05-07 15:36:19.159,10986,10987,10987,6,6
2019-05-07 15:36:22.607,10987,10988,10987,1,-1
2019-05-07 15:36:33.476,10987,10988,10988,1,1
2019-05-07 15:36:33.476,10987,10988,10988,1,1
2019-05-07 15:36:33.476,10987,10988,10988,2,2
2019-05-07 15:36:33.476,10987,10988,10988,1,1
2019-05-07 15:36:33.476,10987,10988,10988,4,4
2019-05-07 15:36:33.477,10987,10988,10988,6,6
2019-05-07 15:36:33.477,10987,10988,10988,6,6
2019-05-07 15:36:33.477,10987,10988,10988,1,1
2019-05-07 15:36:33.477,10987,10988,10988,1,1
2019-05-07 15:36:33.477,10987,10988,10988,1,1
2019-05-07 15:36:33.477,10987,10988,10988,1,1
2019-05-07 15:36:33.534,10987,10988,10988,4,4
2019-05-07 15:36:33.534,10987,10988,10988,6,6
2019-05-07 15:36:33.534,10987,10988,10988,3,3
2019-05-07 15:36:42.063,10988,10989,10988,2,-2
2019-05-07 15:36:42.447,10987,10988,10988,1,1
2019-05-07 15:36:48.751,10988,10989,10988,1,-1
2019-05-07 15:36:48.784,10988,10989,10988,1,-1
2019-05-07 15:36:56.320,10987,10988,10988,1,1
2019-05-07 15:36:56.320,10987,10988,10989,4,4
2019-05-07 15:37:04.050,10988,10989,10989,3,3
2019-05-07 15:37:17.910,10988,10989,10988,1,-1
2019-05-07 15:37:26.949,10988,10989,10989,1,1
2019-05-07 15:37:51.864,10988,10989,10989,1,1
2019-05-07 15:37:54.078,10988,10989,10989,6,6
2019-05-07 15:38:06.661,10988,10989,10989,5,5
2019-05-07 15:38:07.133,10988,10989,10989,1,1
2019-05-07 15:38:11.849,10988,10989,10989,8,8
2019-05-07 15:38:41.037,10988,10989,10988,1,-1
2019-05-07 15:38:44.168,10988,10989,10989,2,2
2019-05-07 15:39:01.824,10988,10989,10988,7,-7
2019-05-07 15:39:01.909,10987,10988,10988,3,3
2019-05-07 15:39:26.657,10988,10989,10988,1,-1
2019-05-07 15:39:37.266,10987,10988,10988,9,9
2019-05-07 15:39:37.321,10987,10989,10988,1,-1
2019-05-07 15:39:43.534,10988,10989,10988,1,-1
2019-05-07 15:39:43.534,10988,10989,10988,1,-1
2019-05-07 15:39:55.534,10987,10988,10987,2,-2
2019-05-07 15:39:55.548,10987,10988,10987,1,-1
2019-05-07 15:39:55.549,10987,10988,10987,1,-1
2019-05-07 15:39:59.128,10986,10987,10987,1,1
2019-05-07 15:40:02.593,10986,10987,10986,1,-1
2019-05-07 15:40:03.180,10986,10987,10986,1,-1
2019-05-07 15:40:16.325,10986,10988,10986,1,-1
2019-05-07 15:40:17.930,10986,10987,10987,3,3
2019-05-07 15:40:19.921,10987,10988,10987,1,-1
2019-05-07 15:40:32.204,10987,10988,10987,1,-1
2019-05-07 15:40:34.004,10987,10988,10987,2,-2
2019-05-07 15:40:39.202,10987,10988,10987,1,-1
2019-05-07 15:41:02.896,10987,10988,10988,2,2
2019-05-07 15:41:26.021,10987,10988,10988,1,1
2019-05-07 15:41:26.034,10987,10988,10988,1,1
2019-05-07 15:41:26.034,10987,10988,10988,1,1
2019-05-07 15:41:27.060,10988,10989,10988,1,-1
2019-05-07 15:41:51.600,10988,10989,10988,1,-1
2019-05-07 15:41:58.819,10988,10989,10988,1,-1
2019-05-07 15:42:27.854,10988,10989,10989,1,1
2019-05-07 15:42:29.991,10988,10989,10988,1,-1
2019-05-07 15:42:39.244,10988,10989,10988,1,-1
2019-05-07 15:42:40.618,10988,10989,10988,1,-1
2019-05-07 15:42:42.953,10988,10989,10989,2,2
2019-05-07 15:42:51.781,10988,10989,10989,2,2
2019-05-07 15:43:21.996,10988,10989,10989,1,1
2019-05-07 15:43:22.034,10988,10989,10989,1,1
2019-05-07 15:43:22.034,10988,10989,10989,1,1
2019-05-07 15:43:22.051,10988,10989,10989,2,2
2019-05-07 15:43:22.051,10988,10989,10989,2,2
2019-05-07 15:43:22.051,10988,10989,10989,1,1
2019-05-07 15:43:22.051,10988,10989,10989,1,1
2019-05-07 15:43:22.051,10988,10989,10989,1,1
2019-05-07 15:43:22.051,10988,10989,10989,4,4
2019-05-07 15:43:22.052,10988,10989,10989,1,1
2019-05-07 15:43:22.052,10988,10989,10989,4,4
2019-05-07 15:43:23.864,10989,10990,10990,1,1
2019-05-07 15:43:30.474,10989,10990,10990,4,4
2019-05-07 15:43:31.994,10989,10990,10990,1,1
2019-05-07 15:43:32.361,10989,10990,10990,2,2
2019-05-07 15:43:34.928,10989,10990,10990,2,2
2019-05-07 15:43:35.205,10989,10990,10990,3,3
2019-05-07 15:43:35.983,10989,10990,10990,1,1
2019-05-07 15:43:39.279,10989,10990,10990,3,3
2019-05-07 15:43:39.422,10989,10990,10989,1,-1
2019-05-07 15:43:39.607,10989,10990,10990,2,2
2019-05-07 15:43:45.484,10989,10990,10990,2,2
2019-05-07 15:43:49.027,10989,10990,10989,1,-1
2019-05-07 15:43:50.574,10989,10990,10990,1,1
2019-05-07 15:44:03.918,10989,10990,10989,1,-1
2019-05-07 15:44:05.103,10989,10990,10990,1,1
2019-05-07 15:44:27.449,10989,10990,10989,1,-1
2019-05-07 15:44:27.450,10989,10990,10989,1,-1
2019-05-07 15:44:27.450,10989,10990,10989,1,-1
2019-05-07 15:44:27.450,10989,10990,10989,1,-1
2019-05-07 15:44:27.450,10989,10990,10989,4,-4
2019-05-07 15:44:27.534,10989,10990,10989,9,-9
2019-05-07 15:44:50.840,10988,10989,10988,1,-1
2019-05-07 15:44:51.677,10988,10989,10989,1,1
2019-05-07 15:45:04.665,10988,10989,10989,2,2
2019-05-07 15:45:05.199,10988,10989,10989,1,1
2019-05-07 15:45:31.790,10988,10989,10989,1,1
2019-05-07 15:45:32.532,10988,10989,10989,1,1
2019-05-07 15:45:39.020,10988,10989,10989,1,1
2019-05-07 15:45:48.669,10988,10989,10989,2,2
2019-05-07 15:45:53.676,10988,10989,10989,1,1
2019-05-07 15:46:12.901,10988,10989,10988,1,-1
2019-05-07 15:46:35.913,10988,10989,10988,1,-1
2019-05-07 15:46:36.034,10988,10989,10988,8,-8
2019-05-07 15:46:36.159,10988,10989,10988,12,-12
2019-05-07 15:46:44.993,10987,10988,10988,1,1
2019-05-07 15:46:48.791,10987,10988,10987,4,-4
2019-05-07 15:46:49.526,10987,10988,10987,1,-1
2019-05-07 15:46:49.667,10987,10988,10987,1,-1
2019-05-07 15:46:50.059,10987,10988,10987,1,-1
2019-05-07 15:46:52.251,10987,10988,10988,4,4
2019-05-07 15:46:52.251,10987,10988,10988,1,1
2019-05-07 15:47:10.153,10987,10988,10987,5,-5
2019-05-07 15:47:10.159,10987,10988,10987,2,-2
2019-05-07 15:47:10.159,10987,10988,10987,1,-1
2019-05-07 15:47:10.159,10987,10988,10987,2,-2
2019-05-07 15:47:10.159,10987,10988,10987,1,-1
2019-05-07 15:47:11.533,10986,10987,10987,2,2
2019-05-07 15:47:12.825,10986,10987,10987,1,1
2019-05-07 15:47:20.042,10986,10987,10986,9,-9
2019-05-07 15:47:20.236,10986,10987,10986,2,-2
2019-05-07 15:47:28.765,10985,10986,10985,1,-1
2019-05-07 15:47:34.151,10985,10986,10986,2,2
2019-05-07 15:47:34.151,10985,10986,10986,1,1
2019-05-07 15:47:34.151,10985,10986,10986,3,3
2019-05-07 15:47:34.151,10985,10986,10986,2,2
2019-05-07 15:48:06.664,10986,10987,10986,2,-2
2019-05-07 15:48:33.659,10986,10987,10987,2,2
2019-05-07 15:49:12.287,10986,10987,10987,2,2
2019-05-07 15:49:19.131,10986,10987,10987,9,9
2019-05-07 15:49:39.601,10987,10988,10987,1,-1
2019-05-07 15:49:43.570,10987,10988,10987,2,-2
2019-05-07 15:49:53.823,10987,10988,10988,6,6
2019-05-07 15:49:53.909,10987,10988,10988,2,2
2019-05-07 15:49:54.286,10987,10988,10988,2,2
2019-05-07 15:50:01.430,10987,10988,10988,1,1
2019-05-07 15:50:01.534,10987,10988,10988,1,1
2019-05-07 15:50:32.654,10987,10988,10988,1,1
2019-05-07 15:50:41.274,10987,10988,10988,1,1
2019-05-07 15:50:41.474,10987,10988,10988,1,1
2019-05-07 15:50:53.359,10987,10988,10988,2,2
2019-05-07 15:50:58.315,10987,10988,10988,1,1
2019-05-07 15:51:03.216,10988,10989,10988,1,-1
2019-05-07 15:52:28.766,10988,10989,10988,1,-1
2019-05-07 15:52:28.766,10988,10989,10988,1,-1
2019-05-07 15:52:28.766,10988,10989,10988,1,-1
2019-05-07 15:52:28.766,10988,10989,10988,1,-1
2019-05-07 15:52:28.766,10988,10989,10988,2,-2
2019-05-07 15:52:28.766,10988,10989,10988,1,-1
2019-05-07 15:52:28.767,10988,10989,10988,1,-1
2019-05-07 15:52:28.767,10988,10989,10988,1,-1
2019-05-07 15:52:28.784,10987,10989,10988,2,-2
2019-05-07 15:52:34.317,10987,10989,10988,1,-1
2019-05-07 15:52:57.751,10988,10989,10988,2,-2
2019-05-07 15:52:57.751,10988,10989,10988,1,-1
2019-05-07 15:52:57.752,10988,10989,10988,1,-1
2019-05-07 15:53:04.795,10987,10988,10988,1,1
2019-05-07 15:53:26.521,10987,10988,10987,1,-1
2019-05-07 15:53:26.820,10987,10988,10988,1,1
2019-05-07 15:53:37.665,10987,10988,10988,1,1
2019-05-07 15:54:02.486,10987,10988,10987,1,-1
2019-05-07 15:54:02.486,10987,10988,10987,5,-5
2019-05-07 15:54:02.487,10987,10988,10987,5,-5
2019-05-07 15:54:02.487,10987,10988,10987,3,-3
2019-05-07 15:54:02.534,10986,10987,10987,17,17
2019-05-07 15:54:02.534,10986,10987,10987,6,6
2019-05-07 15:54:26.160,10986,10987,10986,6,-6
2019-05-07 15:54:26.284,10986,10987,10986,2,-2
2019-05-07 15:54:28.075,10985,10986,10986,1,1
2019-05-07 15:54:38.431,10985,10986,10986,1,1
2019-05-07 15:54:43.591,10985,10986,10985,10,-10
2019-05-07 15:54:43.591,10985,10986,10985,1,-1
2019-05-07 15:54:43.592,10985,10986,10985,2,-2
2019-05-07 15:54:43.592,10985,10986,10985,1,-1
2019-05-07 15:54:43.592,10985,10986,10985,4,-4
2019-05-07 15:54:43.592,10985,10986,10985,2,-2
2019-05-07 15:54:43.592,10985,10986,10985,1,-1
2019-05-07 15:54:43.592,10985,10986,10985,3,-3
2019-05-07 15:54:44.249,10984,10985,10985,1,1
2019-05-07 15:54:51.909,10984,10985,10985,4,4
2019-05-07 15:54:56.895,10985,10986,10986,1,1
2019-05-07 15:55:02.182,10985,10986,10985,1,-1
2019-05-07 15:55:11.901,10985,10986,10986,1,1
2019-05-07 15:55:12.190,10985,10986,10985,1,-1
2019-05-07 15:55:17.914,10985,10986,10985,1,-1
2019-05-07 15:55:21.461,10985,10986,10986,6,6
2019-05-07 15:55:27.537,10986,10987,10987,1,1
2019-05-07 15:55:37.448,10986,10987,10987,1,1
2019-05-07 15:55:38.423,10986,10987,10986,1,-1
2019-05-07 15:55:48.799,10986,10987,10986,9,-9
2019-05-07 15:55:54.450,10986,10987,10986,3,-3
2019-05-07 15:55:57.895,10986,10987,10986,1,-1
2019-05-07 15:56:02.290,10986,10987,10986,6,-6
2019-05-07 15:56:02.822,10986,10987,10986,1,-1
2019-05-07 15:56:03.421,10985,10986,10985,2,-2
2019-05-07 15:56:05.019,10985,10986,10985,2,-2
2019-05-07 15:56:05.374,10985,10986,10986,1,1
2019-05-07 15:56:26.200,10985,10986,10985,2,-2
2019-05-07 15:56:43.091,10985,10986,10985,1,-1
2019-05-07 15:56:49.341,10985,10986,10986,1,1
2019-05-07 15:56:55.787,10985,10986,10986,1,1
2019-05-07 15:57:01.128,10985,10986,10986,3,3
2019-05-07 15:57:02.422,10985,10986,10985,3,-3
2019-05-07 15:57:04.167,10985,10986,10986,1,1
2019-05-07 15:57:04.186,10985,10986,10986,2,2
2019-05-07 15:57:04.241,10985,10986,10986,2,2
2019-05-07 15:57:04.263,10985,10986,10986,2,2
2019-05-07 15:57:09.200,10985,10986,10986,1,1
2019-05-07 15:57:09.660,10985,10986,10986,2,2
2019-05-07 15:57:39.786,10985,10986,10986,1,1
2019-05-07 15:58:07.856,10985,10986,10985,2,-2
2019-05-07 15:58:15.534,10985,10986,10986,1,1
2019-05-07 15:58:19.284,10985,10986,10986,1,1
2019-05-07 15:58:20.409,10985,10986,10986,1,1
2019-05-07 15:58:21.284,10985,10986,10986,1,1
2019-05-07 15:58:22.284,10985,10986,10986,1,1
2019-05-07 15:58:25.131,10985,10986,10986,1,1
2019-05-07 15:58:57.074,10986,10987,10987,4,4
2019-05-07 15:59:02.228,10986,10987,10987,1,1
2019-05-07 15:59:02.284,10986,10987,10987,1,1
2019-05-07 15:59:02.284,10986,10987,10987,4,4
2019-05-07 15:59:02.284,10986,10987,10987,1,1
2019-05-07 15:59:02.284,10986,10987,10987,1,1
2019-05-07 15:59:02.284,10986,10987,10987,1,1
2019-05-07 15:59:02.284,10986,10987,10987,2,2
2019-05-07 15:59:29.107,10987,10988,10987,1,-1
2019-05-07 15:59:45.814,10987,10988,10987,2,-2
2019-05-07 15:59:45.814,10987,10988,10986,1,-1
2019-05-07 15:59:49.891,10986,10987,10987,5,5
2019-05-07 15:59:59.463,10986,10987,10987,3,3
2019-05-07 16:00:18.420,10986,10987,10986,1,-1
2019-05-07 16:00:18.798,10986,10987,10987,2,2
2019-05-07 16:00:40.552,10986,10987,10986,1,-1
2019-05-07 16:00:40.564,10986,10987,10986,6,-6
2019-05-07 16:00:40.927,10985,10986,10986,2,2
2019-05-07 16:00:41.279,10985,10986,10986,1,1
2019-05-07 16:00:47.843,10985,10986,10986,1,1
2019-05-07 16:01:37.166,10985,10986,10986,6,6
2019-05-07 16:02:11.706,10986,10987,10987,2,2
2019-05-07 16:02:16.125,10986,10987,10986,1,-1
2019-05-07 16:02:16.190,10986,10987,10986,1,-1
2019-05-07 16:02:30.169,10985,10986,10986,1,1
2019-05-07 16:02:31.567,10985,10986,10986,1,1
2019-05-07 16:02:46.179,10985,10986,10985,1,-1
2019-05-07 16:02:47.505,10985,10986,10985,2,-2
2019-05-07 16:02:47.505,10985,10986,10985,2,-2
2019-05-07 16:02:47.505,10985,10986,10985,4,-4
2019-05-07 16:02:47.534,10985,10986,10985,3,-3
2019-05-07 16:02:47.534,10985,10986,10985,3,-3
2019-05-07 16:02:55.412,10984,10985,10984,2,-2
2019-05-07 16:02:56.472,10984,10985,10984,1,-1
2019-05-07 16:02:59.839,10984,10985,10984,1,-1
2019-05-07 16:03:03.089,10984,10985,10984,3,-3
2019-05-07 16:03:03.390,10984,10985,10984,16,-16
2019-05-07 16:03:12.492,10983,10984,10983,1,-1
2019-05-07 16:03:15.599,10983,10984,10983,2,-2
2019-05-07 16:03:34.454,10983,10984,10983,29,-29
2019-05-07 16:03:34.719,10983,10984,10983,1,-1
2019-05-07 16:03:37.084,10983,10984,10983,5,-5
2019-05-07 16:03:42.042,10983,10984,10984,1,1
2019-05-07 16:04:16.032,10983,10984,10984,1,1
2019-05-07 16:04:25.760,10983,10984,10983,1,-1
2019-05-07 16:04:26.369,10983,10984,10984,1,1
2019-05-07 16:04:27.233,10983,10984,10983,1,-1
2019-05-07 16:04:41.928,10983,10984,10983,2,-2
2019-05-07 16:05:05.885,10983,10984,10983,2,-2
2019-05-07 16:05:06.284,10983,10984,10983,5,-5
2019-05-07 16:05:06.409,10983,10984,10983,1,-1
2019-05-07 16:05:06.911,10982,10983,10983,2,2
2019-05-07 16:05:08.142,10982,10983,10983,1,1
2019-05-07 16:05:11.592,10982,10983,10982,1,-1
2019-05-07 16:05:17.238,10982,10983,10982,1,-1
2019-05-07 16:05:21.368,10982,10983,10982,1,-1
2019-05-07 16:05:33.981,10982,10983,10982,1,-1
2019-05-07 16:05:35.196,10982,10983,10983,1,1
2019-05-07 16:05:46.996,10982,10983,10983,1,1
2019-05-07 16:05:54.993,10982,10983,10983,12,12
2019-05-07 16:06:02.430,10983,10984,10983,1,-1
2019-05-07 16:06:02.717,10983,10984,10983,1,-1
2019-05-07 16:06:07.007,10983,10984,10984,1,1
2019-05-07 16:06:07.007,10983,10984,10984,18,18
2019-05-07 16:06:07.007,10983,10984,10984,2,2
2019-05-07 16:06:07.007,10983,10984,10984,2,2
2019-05-07 16:06:07.007,10983,10984,10984,2,2
2019-05-07 16:06:07.008,10983,10984,10984,1,1
2019-05-07 16:06:07.008,10983,10984,10984,4,4
2019-05-07 16:06:07.266,10984,10985,10985,3,3
2019-05-07 16:06:07.284,10984,10985,10985,2,2
2019-05-07 16:06:09.166,10984,10985,10985,1,1
2019-05-07 16:06:16.351,10984,10985,10985,8,8
2019-05-07 16:06:16.351,10984,10985,10985,2,2
2019-05-07 16:06:16.471,10985,10986,10985,3,-3
2019-05-07 16:06:16.485,10985,10986,10985,1,-1
2019-05-07 16:06:16.626,10984,10985,10985,2,2
2019-05-07 16:06:29.297,10984,10985,10985,5,5
2019-05-07 16:06:34.604,10984,10985,10985,1,1
2019-05-07 16:07:11.197,10985,10986,10985,1,-1
2019-05-07 16:07:13.192,10985,10986,10985,1,-1
2019-05-07 16:07:18.630,10985,10986,10985,1,-1
2019-05-07 16:07:26.772,10985,10986,10985,1,-1
2019-05-07 16:07:33.017,10985,10986,10986,1,1
2019-05-07 16:07:37.801,10985,10986,10985,2,-2
2019-05-07 16:07:38.124,10985,10986,10985,1,-1
2019-05-07 16:07:38.737,10984,10985,10985,1,1
2019-05-07 16:07:46.286,10984,10985,10984,3,-3
2019-05-07 16:07:48.109,10984,10985,10984,3,-3
2019-05-07 16:07:54.922,10983,10984,10984,1,1
2019-05-07 16:08:04.381,10984,10985,10984,1,-1
2019-05-07 16:08:09.699,10984,10985,10984,1,-1
2019-05-07 16:08:13.627,10983,10984,10984,2,2
2019-05-07 16:08:24.526,10983,10984,10983,1,-1
2019-05-07 16:08:43.338,10983,10984,10983,2,-2
2019-05-07 16:08:56.654,10983,10984,10983,2,-2
2019-05-07 16:08:59.947,10983,10984,10983,1,-1
2019-05-07 16:09:07.588,10983,10984,10984,1,1
2019-05-07 16:09:07.588,10983,10984,10984,1,1
2019-05-07 16:09:07.588,10983,10984,10984,1,1
2019-05-07 16:09:18.639,10984,10985,10985,2,2
2019-05-07 16:09:20.476,10984,10985,10985,1,1
2019-05-07 16:09:20.757,10984,10985,10984,1,-1
2019-05-07 16:09:28.736,10984,10985,10984,4,-4
2019-05-07 16:09:28.775,10984,10985,10984,2,-2
2019-05-07 16:10:01.755,10983,10984,10984,4,4
2019-05-07 16:10:07.579,10984,10985,10985,1,1
2019-05-07 16:10:11.909,10984,10985,10984,1,-1
2019-05-07 16:10:11.909,10984,10985,10984,5,-5
2019-05-07 16:10:33.284,10983,10984,10983,9,-9
2019-05-07 16:10:33.284,10983,10984,10983,1,-1
2019-05-07 16:10:44.792,10982,10983,10983,1,1
2019-05-07 16:10:48.230,10982,10983,10983,1,1
2019-05-07 16:10:53.564,10982,10983,10983,2,2
2019-05-07 16:10:57.883,10982,10983,10983,1,1
2019-05-07 16:10:58.034,10983,10984,10983,2,-2
2019-05-07 16:11:09.348,10983,10984,10983,1,-1
2019-05-07 16:11:17.022,10983,10984,10983,1,-1
2019-05-07 16:11:29.241,10983,10984,10983,1,-1
2019-05-07 16:12:13.517,10983,10984,10983,1,-1
2019-05-07 16:12:30.863,10983,10984,10983,1,-1
2019-05-07 16:12:32.833,10983,10984,10983,1,-1
2019-05-07 16:12:39.901,10983,10984,10983,1,-1
2019-05-07 16:12:39.929,10983,10984,10983,1,-1
2019-05-07 16:12:40.034,10983,10984,10983,1,-1
2019-05-07 16:12:40.034,10983,10984,10983,1,-1
2019-05-07 16:12:40.159,10983,10984,10983,1,-1
2019-05-07 16:12:40.284,10983,10984,10983,1,-1
2019-05-07 16:12:40.854,10983,10984,10983,1,-1
2019-05-07 16:12:40.856,10983,10984,10983,1,-1
2019-05-07 16:12:40.857,10983,10984,10983,1,-1
2019-05-07 16:12:40.857,10983,10984,10983,1,-1
2019-05-07 16:12:40.857,10983,10984,10983,1,-1
2019-05-07 16:12:41.287,10982,10983,10983,1,1
2019-05-07 16:13:01.734,10982,10984,10982,3,-3
2019-05-07 16:13:17.790,10982,10983,10982,2,-2
2019-05-07 16:13:23.448,10982,10983,10982,1,-1
2019-05-07 16:13:25.050,10982,10983,10983,1,1
2019-05-07 16:13:28.173,10982,10983,10982,1,-1
2019-05-07 16:13:45.283,10982,10983,10983,1,1
2019-05-07 16:13:45.386,10982,10983,10983,1,1
2019-05-07 16:13:45.409,10982,10983,10983,1,1
2019-05-07 16:13:45.409,10982,10983,10983,1,1
2019-05-07 16:13:45.409,10982,10983,10983,1,1
2019-05-07 16:13:45.409,10982,10983,10983,1,1
2019-05-07 16:14:10.495,10982,10983,10983,1,1
2019-05-07 16:14:39.608,10983,10984,10984,10,10
2019-05-07 16:14:41.156,10983,10984,10984,2,2
2019-05-07 16:14:45.421,10983,10984,10983,1,-1
2019-05-07 16:14:46.084,10983,10984,10984,1,1
2019-05-07 16:14:47.717,10983,10984,10984,1,1
2019-05-07 16:15:04.505,10983,10984,10983,1,-1
2019-05-07 16:15:18.535,10983,10984,10983,2,-2
2019-05-07 16:15:31.775,10983,10984,10984,6,6
2019-05-07 16:15:31.784,10984,10985,10984,2,-2
2019-05-07 16:15:39.863,10983,10984,10984,1,1
2019-05-07 16:15:46.806,10984,10985,10984,1,-1
2019-05-07 16:16:15.590,10984,10985,10984,2,-2
2019-05-07 16:16:16.398,10984,10985,10984,2,-2
2019-05-07 16:16:17.860,10984,10985,10984,1,-1
2019-05-07 16:16:50.607,10984,10985,10984,5,-5
2019-05-07 16:16:56.975,10983,10984,10984,1,1
2019-05-07 16:17:08.728,10983,10984,10984,5,5
2019-05-07 16:17:37.537,10983,10984,10984,1,1
2019-05-07 16:17:38.130,10983,10984,10984,2,2
2019-05-07 16:18:31.154,10983,10984,10983,7,-7
2019-05-07 16:18:31.156,10983,10984,10983,8,-8
2019-05-07 16:18:31.159,10983,10984,10983,14,-14
2019-05-07 16:18:31.441,10982,10983,10983,2,2
2019-05-07 16:18:32.469,10982,10983,10983,2,2
2019-05-07 16:18:32.530,10982,10983,10983,2,2
2019-05-07 16:18:32.539,10982,10983,10983,2,2
2019-05-07 16:18:32.547,10982,10983,10983,2,2
2019-05-07 16:19:02.910,10982,10983,10983,1,1
2019-05-07 16:19:08.078,10982,10983,10983,2,2
2019-05-07 16:19:08.114,10982,10983,10983,1,1
2019-05-07 16:19:08.282,10982,10983,10983,1,1
2019-05-07 16:19:34.073,10982,10983,10983,4,4
2019-05-07 16:19:38.284,10982,10983,10983,1,1
2019-05-07 16:19:38.284,10982,10983,10983,2,2
2019-05-07 16:19:38.284,10982,10983,10983,3,3
2019-05-07 16:19:38.304,10982,10983,10983,1,1
2019-05-07 16:19:52.806,10982,10983,10983,2,2
2019-05-07 16:20:00.728,10982,10983,10982,1,-1
2019-05-07 16:20:01.011,10982,10983,10982,1,-1
2019-05-07 16:20:01.036,10982,10983,10982,24,-24
2019-05-07 16:20:01.159,10982,10983,10982,1,-1
2019-05-07 16:20:01.159,10982,10983,10982,1,-1
2019-05-07 16:20:01.557,10982,10983,10982,2,-2
2019-05-07 16:20:01.623,10982,10983,10982,1,-1
2019-05-07 16:20:01.793,10982,10983,10982,2,-2
2019-05-07 16:20:05.276,10982,10983,10982,2,-2
2019-05-07 16:20:07.591,10982,10983,10982,5,-5
2019-05-07 16:20:09.197,10982,10983,10982,1,-1
2019-05-07 16:20:09.267,10982,10983,10982,9,-9
2019-05-07 16:20:11.570,10981,10982,10982,1,1
2019-05-07 16:20:12.064,10981,10982,10981,1,-1
2019-05-07 16:20:12.417,10981,10982,10981,1,-1
2019-05-07 16:20:12.562,10981,10982,10981,1,-1
2019-05-07 16:20:16.392,10981,10982,10981,3,-3
2019-05-07 16:20:18.545,10981,10982,10981,1,-1
2019-05-07 16:20:23.187,10981,10982,10981,10,-10
2019-05-07 16:20:27.489,10981,10982,10981,10,-10
2019-05-07 16:20:28.663,10981,10982,10981,1,-1
2019-05-07 16:20:29.450,10981,10982,10981,1,-1
2019-05-07 16:20:30.079,10980,10981,10981,1,1
2019-05-07 16:20:40.021,10980,10981,10980,10,-10
2019-05-07 16:20:40.317,10980,10981,10980,1,-1
2019-05-07 16:20:41.468,10980,10981,10980,5,-5
2019-05-07 16:20:47.310,10980,10981,10980,1,-1
2019-05-07 16:20:48.984,10980,10981,10980,1,-1
2019-05-07 16:20:52.875,10980,10981,10980,5,-5
2019-05-07 16:20:54.730,10980,10981,10980,10,-10
2019-05-07 16:20:56.495,10980,10981,10980,1,-1
2019-05-07 16:20:57.110,10980,10981,10980,5,-5
2019-05-07 16:20:57.903,10980,10981,10980,1,-1
2019-05-07 16:20:59.336,10979,10980,10980,1,1
2019-05-07 16:20:59.830,10979,10980,10979,13,-13
2019-05-07 16:20:59.935,10979,10980,10979,8,-8
2019-05-07 16:21:09.404,10979,10980,10979,2,-2
2019-05-07 16:21:11.736,10979,10980,10979,3,-3
2019-05-07 16:21:11.747,10979,10980,10979,1,-1
2019-05-07 16:21:11.780,10979,10980,10979,3,-3
2019-05-07 16:21:11.850,10979,10980,10979,1,-1
2019-05-07 16:21:11.882,10979,10980,10979,2,-2
2019-05-07 16:21:13.081,10979,10980,10979,1,-1
2019-05-07 16:21:15.580,10979,10980,10979,1,-1
2019-05-07 16:21:16.043,10979,10980,10979,1,-1
2019-05-07 16:21:17.024,10979,10980,10979,1,-1
2019-05-07 16:21:23.316,10979,10980,10980,1,1
2019-05-07 16:21:23.316,10979,10980,10980,1,1
2019-05-07 16:21:23.409,10979,10980,10980,1,1
2019-05-07 16:21:23.409,10979,10980,10980,1,1
2019-05-07 16:21:23.409,10979,10980,10980,1,1
2019-05-07 16:21:36.670,10980,10981,10981,1,1
2019-05-07 16:21:36.909,10980,10981,10981,4,4
2019-05-07 16:21:38.586,10981,10982,10982,1,1
2019-05-07 16:21:38.659,10981,10982,10982,1,1
2019-05-07 16:21:38.661,10981,10982,10982,1,1
2019-05-07 16:21:38.663,10981,10982,10982,1,1
2019-05-07 16:21:38.696,10981,10982,10982,6,6
2019-05-07 16:21:42.964,10982,10983,10982,1,-1
2019-05-07 16:21:46.419,10982,10983,10982,10,-10
2019-05-07 16:21:50.016,10982,10983,10982,2,-2
2019-05-07 16:21:51.663,10981,10982,10982,1,1
2019-05-07 16:22:04.110,10982,10983,10982,1,-1
2019-05-07 16:22:04.159,10982,10983,10982,1,-1
2019-05-07 16:22:04.490,10982,10983,10982,1,-1
2019-05-07 16:22:05.659,10982,10983,10983,2,2
2019-05-07 16:22:17.972,10982,10983,10982,2,-2
2019-05-07 16:23:04.679,10982,10983,10982,1,-1
2019-05-07 16:23:13.643,10982,10983,10982,3,-3
2019-05-07 16:23:20.012,10981,10982,10981,2,-2
2019-05-07 16:23:21.062,10981,10982,10981,3,-3
2019-05-07 16:23:21.063,10981,10982,10981,2,-2
2019-05-07 16:23:21.075,10981,10982,10981,1,-1
2019-05-07 16:23:21.075,10981,10982,10981,1,-1
2019-05-07 16:23:21.081,10981,10982,10981,3,-3
2019-05-07 16:23:38.452,10981,10982,10981,1,-1
2019-05-07 16:23:38.474,10981,10982,10981,3,-3
2019-05-07 16:23:38.484,10981,10982,10981,1,-1
2019-05-07 16:23:39.776,10980,10981,10980,1,-1
2019-05-07 16:23:39.784,10980,10981,10980,1,-1
2019-05-07 16:23:56.558,10980,10981,10980,1,-1
2019-05-07 16:23:56.571,10980,10981,10980,3,-3
2019-05-07 16:23:56.571,10980,10981,10980,1,-1
2019-05-07 16:23:56.577,10980,10981,10980,2,-2
2019-05-07 16:23:56.616,10980,10981,10980,3,-3
2019-05-07 16:23:57.218,10980,10981,10980,1,-1
2019-05-07 16:24:02.992,10980,10981,10980,1,-1
2019-05-07 16:24:03.004,10980,10981,10980,1,-1
2019-05-07 16:24:07.049,10979,10980,10979,1,-1
2019-05-07 16:24:07.049,10979,10980,10979,3,-3
2019-05-07 16:24:07.075,10979,10980,10979,2,-2
2019-05-07 16:24:07.108,10979,10980,10979,1,-1
2019-05-07 16:24:07.122,10979,10980,10979,2,-2
2019-05-07 16:24:07.262,10979,10980,10979,1,-1
2019-05-07 16:24:18.246,10979,10980,10979,1,-1
2019-05-07 16:24:21.076,10979,10980,10980,1,1
2019-05-07 16:24:24.146,10979,10980,10979,2,-2
2019-05-07 16:24:38.667,10979,10980,10979,5,-5
2019-05-07 16:24:55.264,10979,10980,10980,1,1
2019-05-07 16:24:55.494,10979,10980,10979,1,-1
2019-05-07 16:24:55.723,10979,10980,10980,1,1
2019-05-07 16:25:06.781,10980,10981,10980,1,-1
2019-05-07 16:25:06.781,10980,10981,10980,1,-1
2019-05-07 16:25:06.784,10980,10981,10980,1,-1
2019-05-07 16:25:09.383,10980,10981,10980,1,-1
2019-05-07 16:25:23.443,10979,10980,10980,2,2
2019-05-07 16:25:44.784,10980,10981,10981,10,10
2019-05-07 16:25:50.280,10981,10982,10981,1,-1
2019-05-07 16:25:53.846,10981,10982,10981,1,-1
2019-05-07 16:25:58.781,10981,10982,10982,1,1
2019-05-07 16:25:58.861,10981,10982,10982,1,1
2019-05-07 16:26:07.305,10981,10982,10981,1,-1
2019-05-07 16:26:38.033,10981,10982,10981,4,-4
2019-05-07 16:26:40.206,10980,10981,10980,20,-20
2019-05-07 16:26:40.289,10980,10981,10980,4,-4
2019-05-07 16:26:48.599,10980,10981,10980,1,-1
2019-05-07 16:26:49.322,10980,10981,10980,1,-1
2019-05-07 16:26:50.037,10980,10981,10980,1,-1
2019-05-07 16:26:52.804,10980,10981,10981,1,1
2019-05-07 16:26:56.739,10980,10981,10981,1,1
2019-05-07 16:26:58.916,10980,10981,10981,1,1
2019-05-07 16:27:00.904,10980,10981,10981,1,1
2019-05-07 16:27:24.228,10980,10981,10981,1,1
2019-05-07 16:27:45.785,10980,10981,10980,1,-1
2019-05-07 16:27:47.997,10980,10981,10980,1,-1
2019-05-07 16:27:55.301,10980,10981,10980,1,-1
2019-05-07 16:27:58.232,10980,10981,10980,1,-1
2019-05-07 16:28:12.476,10980,10981,10981,1,1
2019-05-07 16:28:51.659,10980,10981,10981,5,5
2019-05-07 16:28:56.406,10980,10981,10981,1,1
2019-05-07 16:28:59.034,10980,10981,10981,5,5
2019-05-07 16:30:00.146,10980,10981,10980,1,-1
2019-05-07 16:30:00.146,10980,10981,10980,2,-2
2019-05-07 16:30:05.005,10980,10981,10980,2,-2
2019-05-07 16:30:39.610,10980,10981,10980,1,-1
2019-05-07 16:31:13.862,10980,10981,10980,1,-1
2019-05-07 16:31:39.141,10980,10981,10981,1,1
2019-05-07 16:31:41.037,10980,10981,10981,5,5
2019-05-07 16:31:47.654,10980,10981,10981,1,1
2019-05-07 16:31:51.486,10980,10981,10981,5,5
2019-05-07 16:32:01.051,10980,10981,10981,8,8
2019-05-07 16:32:01.159,10980,10981,10981,4,4
2019-05-07 16:32:16.522,10981,10982,10981,2,-2
2019-05-07 16:32:16.523,10981,10982,10981,1,-1
2019-05-07 16:32:16.523,10981,10982,10981,2,-2
2019-05-07 16:32:39.284,10980,10981,10980,2,-2
2019-05-07 16:32:39.284,10980,10981,10980,2,-2
2019-05-07 16:32:39.409,10980,10981,10980,14,-14
2019-05-07 16:32:39.484,10980,10981,10980,5,-5
2019-05-07 16:32:39.485,10980,10981,10980,7,-7
2019-05-07 16:32:50.058,10979,10980,10979,1,-1
2019-05-07 16:32:50.601,10979,10980,10979,2,-2
2019-05-07 16:32:58.718,10979,10980,10980,3,3
2019-05-07 16:33:25.286,10980,10981,10981,3,3
2019-05-07 16:33:58.609,10980,10981,10981,4,4
2019-05-07 16:34:08.514,10981,10982,10981,1,-1
2019-05-07 16:34:08.516,10981,10982,10981,1,-1
2019-05-07 16:34:09.680,10980,10981,10980,2,-2
2019-05-07 16:34:10.352,10980,10981,10980,2,-2
2019-05-07 16:34:15.261,10980,10981,10980,1,-1
2019-05-07 16:34:18.421,10979,10980,10980,3,3
2019-05-07 16:34:20.987,10979,10980,10980,2,2
2019-05-07 16:34:37.238,10980,10981,10980,1,-1
2019-05-07 16:34:53.493,10980,10981,10980,6,-6
2019-05-07 16:34:57.499,10979,10980,10980,1,1
2019-05-07 16:35:02.895,10979,10980,10980,2,2
2019-05-07 16:35:03.247,10979,10980,10980,1,1
2019-05-07 16:35:12.036,10979,10980,10980,5,5
2019-05-07 16:35:16.618,10980,10981,10980,1,-1
2019-05-07 16:35:16.618,10980,10981,10979,1,-1
2019-05-07 16:35:16.918,10979,10981,10979,2,-2
2019-05-07 16:35:22.425,10979,10980,10980,1,1
2019-05-07 16:35:39.099,10980,10981,10981,1,1
2019-05-07 16:35:47.985,10980,10981,10981,1,1
2019-05-07 16:35:55.227,10980,10981,10981,1,1
2019-05-07 16:36:00.973,10980,10981,10981,1,1
2019-05-07 16:36:21.776,10981,10982,10981,1,-1
2019-05-07 16:36:52.874,10981,10982,10981,1,-1
2019-05-07 16:36:59.365,10981,10982,10981,1,-1
2019-05-07 16:37:26.248,10981,10982,10982,1,1
2019-05-07 16:37:26.616,10981,10982,10982,2,2
2019-05-07 16:37:34.116,10981,10982,10982,1,1
2019-05-07 16:37:34.159,10981,10982,10982,6,6
2019-05-07 16:37:58.073,10982,10983,10983,1,1
2019-05-07 16:37:58.443,10982,10983,10983,1,1
2019-05-07 16:38:11.515,10982,10983,10983,1,1
2019-05-07 16:38:30.161,10982,10983,10983,2,2
2019-05-07 16:39:38.651,10982,10983,10982,1,-1
2019-05-07 16:39:41.829,10982,10983,10982,1,-1
2019-05-07 16:39:47.131,10982,10983,10982,1,-1
2019-05-07 16:39:47.159,10982,10983,10982,1,-1
2019-05-07 16:39:47.409,10982,10983,10982,1,-1
2019-05-07 16:39:55.284,10981,10982,10981,1,-1
2019-05-07 16:39:55.409,10981,10982,10981,1,-1
2019-05-07 16:39:55.659,10981,10982,10981,3,-3
2019-05-07 16:39:55.689,10981,10982,10981,1,-1
2019-05-07 16:39:55.691,10981,10982,10981,1,-1
2019-05-07 16:39:58.949,10980,10981,10980,1,-1
2019-05-07 16:40:13.563,10980,10981,10980,1,-1
2019-05-07 16:40:16.323,10980,10981,10980,1,-1
2019-05-07 16:40:42.189,10980,10981,10981,1,1
2019-05-07 16:40:54.979,10980,10981,10980,2,-2
2019-05-07 16:40:55.084,10980,10981,10980,11,-11
2019-05-07 16:41:00.847,10979,10980,10980,1,1
2019-05-07 16:41:20.798,10979,10980,10979,2,-2
2019-05-07 16:41:25.023,10979,10980,10979,1,-1
2019-05-07 16:41:39.217,10979,10980,10979,1,-1
2019-05-07 16:41:45.483,10979,10980,10980,2,2
2019-05-07 16:41:45.534,10979,10980,10980,4,4
2019-05-07 16:41:51.139,10980,10981,10980,1,-1
2019-05-07 16:41:52.866,10980,10981,10980,1,-1
2019-05-07 16:41:59.116,10980,10981,10980,1,-1
2019-05-07 16:42:07.302,10980,10981,10981,1,1
2019-05-07 16:42:07.409,10980,10981,10981,1,1
2019-05-07 16:42:30.704,10981,10982,10981,1,-1
2019-05-07 16:42:48.319,10981,10982,10982,1,1
2019-05-07 16:43:02.414,10981,10982,10981,1,-1
2019-05-07 16:43:02.416,10981,10982,10981,1,-1
2019-05-07 16:43:02.534,10981,10982,10981,2,-2
2019-05-07 16:43:02.754,10981,10982,10981,1,-1
2019-05-07 16:43:02.755,10981,10982,10981,1,-1
2019-05-07 16:43:11.519,10980,10981,10980,4,-4
2019-05-07 16:43:30.612,10980,10981,10980,3,-3
2019-05-07 16:44:17.413,10980,10981,10980,1,-1
2019-05-07 16:45:16.560,10980,10981,10981,2,2
2019-05-07 16:45:17.228,10980,10981,10980,1,-1
2019-05-07 16:45:17.370,10980,10981,10980,1,-1
2019-05-07 16:46:45.435,10980,10981,10980,1,-1
2019-05-07 16:47:07.697,10980,10981,10980,16,-16
2019-05-07 16:48:16.136,10979,10980,10980,1,1
2019-05-07 16:48:25.876,10979,10980,10980,1,1
2019-05-07 16:48:29.198,10979,10980,10980,2,2
2019-05-07 16:48:48.019,10979,10980,10979,2,-2
2019-05-07 16:49:13.317,10979,10980,10979,2,-2
2019-05-07 16:49:15.025,10979,10980,10979,6,-6
2019-05-07 16:49:19.741,10979,10980,10979,1,-1
2019-05-07 16:49:29.949,10979,10980,10979,10,-10
2019-05-07 16:49:56.646,10978,10979,10978,1,-1
2019-05-07 16:49:56.692,10978,10979,10978,2,-2
2019-05-07 16:49:56.851,10978,10979,10978,1,-1
2019-05-07 16:49:56.930,10978,10979,10978,1,-1
2019-05-07 16:50:00.222,10978,10979,10978,2,-2
2019-05-07 16:50:07.591,10978,10979,10978,1,-1
2019-05-07 16:50:08.135,10978,10979,10978,1,-1
2019-05-07 16:50:08.759,10978,10979,10978,1,-1
2019-05-07 16:50:11.549,10978,10979,10978,1,-1
2019-05-07 16:50:24.567,10978,10979,10979,1,1
2019-05-07 16:50:27.218,10978,10979,10978,1,-1
2019-05-07 16:50:49.285,10978,10979,10978,1,-1
2019-05-07 16:50:53.634,10978,10979,10978,1,-1
2019-05-07 16:50:55.197,10978,10979,10979,1,1
2019-05-07 16:51:17.941,10978,10979,10978,1,-1
2019-05-07 16:51:25.592,10978,10979,10978,1,-1
2019-05-07 16:51:37.644,10978,10979,10978,1,-1
2019-05-07 16:51:38.981,10978,10979,10978,1,-1
2019-05-07 16:51:55.355,10978,10979,10979,1,1
2019-05-07 16:52:17.821,10978,10979,10979,3,3
2019-05-07 16:52:38.422,10978,10979,10978,1,-1
2019-05-07 16:52:44.970,10978,10979,10978,18,-18
2019-05-07 16:52:45.662,10977,10978,10977,3,-3
2019-05-07 16:52:45.785,10977,10978,10977,4,-4
2019-05-07 16:52:45.821,10977,10978,10977,2,-2
2019-05-07 16:52:45.821,10977,10978,10976,18,-18
2019-05-07 16:52:46.072,10976,10977,10976,1,-1
2019-05-07 16:52:46.654,10976,10977,10976,5,-5
2019-05-07 16:52:46.811,10976,10977,10977,1,1
2019-05-07 16:52:50.788,10976,10977,10976,1,-1
2019-05-07 16:53:02.642,10976,10977,10976,2,-2
2019-05-07 16:53:03.027,10976,10977,10976,2,-2
2019-05-07 16:53:15.585,10976,10977,10976,1,-1
2019-05-07 16:53:17.554,10976,10977,10976,1,-1
2019-05-07 16:53:17.944,10976,10977,10976,2,-2
2019-05-07 16:53:19.169,10976,10977,10976,1,-1
2019-05-07 16:53:24.160,10976,10977,10976,1,-1
2019-05-07 16:53:24.184,10976,10977,10977,1,1
2019-05-07 16:53:25.454,10976,10977,10976,1,-1
2019-05-07 16:53:25.672,10976,10977,10976,1,-1
2019-05-07 16:53:26.027,10976,10977,10976,1,-1
2019-05-07 16:53:34.390,10975,10976,10976,4,4
2019-05-07 16:53:37.659,10975,10976,10976,14,14
2019-05-07 16:53:37.952,10976,10977,10976,1,-1
2019-05-07 16:53:40.891,10976,10977,10976,1,-1
2019-05-07 16:53:42.172,10976,10977,10976,1,-1
2019-05-07 16:53:47.905,10975,10976,10975,1,-1
2019-05-07 16:53:47.944,10975,10976,10975,1,-1
2019-05-07 16:53:48.127,10975,10976,10975,10,-10
2019-05-07 16:53:52.877,10975,10976,10975,1,-1
2019-05-07 16:53:55.732,10975,10976,10975,5,-5
2019-05-07 16:53:57.153,10975,10976,10975,5,-5
2019-05-07 16:54:00.132,10975,10976,10975,2,-2
2019-05-07 16:54:00.245,10975,10976,10975,1,-1
2019-05-07 16:54:04.007,10975,10976,10975,2,-2
2019-05-07 16:54:04.515,10975,10976,10975,1,-1
2019-05-07 16:54:04.534,10975,10976,10975,1,-1
2019-05-07 16:54:08.089,10974,10975,10975,2,2
2019-05-07 16:54:11.449,10974,10975,10974,1,-1
2019-05-07 16:54:11.827,10974,10975,10974,1,-1
2019-05-07 16:54:11.914,10974,10975,10974,8,-8
2019-05-07 16:54:14.746,10974,10975,10974,2,-2
2019-05-07 16:54:15.023,10974,10975,10975,4,4
2019-05-07 16:54:15.024,10974,10975,10975,1,1
2019-05-07 16:54:18.736,10975,10976,10975,1,-1
2019-05-07 16:54:18.948,10975,10976,10975,1,-1
2019-05-07 16:54:19.207,10975,10976,10975,1,-1
2019-05-07 16:54:19.476,10975,10976,10975,1,-1
2019-05-07 16:54:34.161,10974,10975,10975,1,1
2019-05-07 16:54:38.050,10974,10975,10974,1,-1
2019-05-07 16:54:38.633,10974,10975,10974,5,-5
2019-05-07 16:54:42.534,10974,10975,10974,1,-1
2019-05-07 16:54:51.561,10974,10975,10974,4,-4
2019-05-07 16:54:51.893,10973,10975,10973,1,-1
2019-05-07 16:54:52.131,10973,10974,10973,1,-1
2019-05-07 16:54:53.504,10973,10974,10974,1,1
2019-05-07 16:54:54.171,10973,10974,10974,1,1
2019-05-07 16:54:58.595,10973,10974,10974,1,1
2019-05-07 16:55:00.697,10973,10974,10974,1,1
2019-05-07 16:55:01.116,10973,10974,10973,1,-1
2019-05-07 16:55:02.140,10973,10974,10973,5,-5
2019-05-07 16:55:02.815,10973,10974,10974,2,2
2019-05-07 16:55:02.827,10973,10974,10974,2,2
2019-05-07 16:55:04.087,10973,10974,10973,1,-1
2019-05-07 16:55:07.034,10973,10974,10973,1,-1
2019-05-07 16:55:10.118,10973,10974,10973,1,-1
2019-05-07 16:55:14.955,10973,10974,10973,1,-1
2019-05-07 16:55:16.093,10973,10974,10974,14,14
2019-05-07 16:55:17.461,10973,10974,10974,1,1
2019-05-07 16:55:19.413,10973,10974,10974,1,1
2019-05-07 16:55:27.157,10973,10974,10973,25,-25
2019-05-07 16:55:29.150,10973,10974,10973,2,-2
2019-05-07 16:55:29.976,10973,10974,10973,5,-5
2019-05-07 16:55:30.244,10973,10974,10973,5,-5
2019-05-07 16:55:30.284,10973,10974,10973,1,-1
2019-05-07 16:55:30.498,10973,10974,10973,5,-5
2019-05-07 16:55:30.832,10973,10974,10973,1,-1
2019-05-07 16:55:31.385,10973,10974,10973,6,-6
2019-05-07 16:55:31.490,10972,10973,10972,4,-4
2019-05-07 16:55:31.494,10972,10973,10972,5,-5
2019-05-07 16:55:31.668,10972,10973,10972,1,-1
2019-05-07 16:55:31.789,10972,10973,10972,5,-5
2019-05-07 16:55:31.790,10972,10973,10972,5,-5
2019-05-07 16:55:32.206,10972,10973,10972,3,-3
2019-05-07 16:55:32.991,10972,10973,10972,5,-5
2019-05-07 16:55:33.402,10972,10973,10972,1,-1
2019-05-07 16:55:34.301,10972,10973,10972,1,-1
2019-05-07 16:55:35.142,10972,10973,10972,10,-10
2019-05-07 16:55:37.131,10972,10973,10972,1,-1
2019-05-07 16:55:38.024,10972,10973,10973,1,1
2019-05-07 16:55:38.473,10972,10973,10972,1,-1
2019-05-07 16:55:39.448,10972,10973,10972,1,-1
2019-05-07 16:55:40.019,10972,10973,10972,1,-1
2019-05-07 16:55:42.303,10971,10972,10972,2,2
2019-05-07 16:55:43.378,10971,10972,10972,1,1
2019-05-07 16:55:50.177,10972,10973,10972,1,-1
2019-05-07 16:55:50.842,10972,10973,10972,6,-6
2019-05-07 16:55:51.129,10971,10972,10972,1,1
2019-05-07 16:55:57.465,10971,10972,10972,1,1
2019-05-07 16:55:59.896,10971,10972,10972,1,1
2019-05-07 16:56:03.102,10971,10972,10972,2,2
2019-05-07 16:56:03.159,10971,10972,10972,2,2
2019-05-07 16:56:03.159,10971,10972,10972,4,4
2019-05-07 16:56:03.159,10971,10972,10972,5,5
2019-05-07 16:56:05.366,10971,10973,10973,1,1
2019-05-07 16:56:09.457,10971,10972,10972,1,1
2019-05-07 16:56:17.881,10971,10972,10972,1,1
2019-05-07 16:56:19.541,10971,10972,10971,1,-1
2019-05-07 16:56:19.735,10971,10972,10972,1,1
2019-05-07 16:56:20.848,10971,10972,10972,13,13
2019-05-07 16:56:20.848,10971,10972,10973,13,13
2019-05-07 16:56:22.272,10972,10973,10972,1,-1
2019-05-07 16:56:32.450,10972,10973,10972,5,-5
2019-05-07 16:56:32.475,10972,10973,10972,1,-1
2019-05-07 16:56:35.674,10972,10973,10972,1,-1
2019-05-07 16:56:41.659,10972,10973,10973,1,1
2019-05-07 16:56:41.659,10972,10973,10973,22,22
2019-05-07 16:56:41.659,10972,10973,10973,4,4
2019-05-07 16:56:41.784,10972,10973,10973,6,6
2019-05-07 16:56:41.910,10973,10974,10974,1,1
2019-05-07 16:56:42.204,10973,10974,10973,1,-1
2019-05-07 16:56:42.614,10973,10974,10973,1,-1
2019-05-07 16:56:44.481,10973,10974,10973,1,-1
2019-05-07 16:56:46.994,10973,10974,10973,1,-1
2019-05-07 16:56:50.536,10973,10974,10974,1,1
2019-05-07 16:56:53.477,10973,10974,10974,1,1
2019-05-07 16:56:54.506,10973,10974,10974,1,1
2019-05-07 16:56:56.014,10973,10974,10974,3,3
2019-05-07 16:56:59.754,10973,10974,10973,1,-1
2019-05-07 16:57:07.273,10973,10974,10974,1,1
2019-05-07 16:57:07.439,10973,10974,10974,4,4
2019-05-07 16:57:07.441,10973,10974,10974,8,8
2019-05-07 16:57:16.428,10974,10975,10974,1,-1
2019-05-07 16:57:17.633,10974,10975,10975,3,3
2019-05-07 16:57:17.642,10974,10975,10975,3,3
2019-05-07 16:57:25.703,10974,10975,10974,1,-1
2019-05-07 16:57:26.636,10974,10975,10974,3,-3
2019-05-07 16:57:26.958,10973,10974,10974,1,1
2019-05-07 16:57:43.561,10973,10974,10974,1,1
2019-05-07 16:57:56.149,10973,10974,10973,1,-1
2019-05-07 16:58:16.961,10973,10974,10974,1,1
2019-05-07 16:58:20.200,10973,10974,10973,2,-2
2019-05-07 16:58:22.995,10973,10974,10974,1,1
2019-05-07 16:58:24.075,10973,10974,10974,2,2
2019-05-07 16:58:38.724,10973,10974,10974,1,1
2019-05-07 16:58:43.369,10973,10974,10974,1,1
2019-05-07 16:59:01.104,10973,10974,10973,1,-1
2019-05-07 16:59:01.105,10973,10974,10973,1,-1
2019-05-07 16:59:01.107,10973,10974,10973,13,-13
2019-05-07 16:59:01.107,10973,10974,10973,5,-5
2019-05-07 16:59:08.909,10972,10973,10972,19,-19
2019-05-07 16:59:11.661,10971,10972,10972,1,1
2019-05-07 16:59:14.995,10972,10973,10972,1,-1
2019-05-07 16:59:21.305,10972,10973,10972,1,-1
2019-05-07 16:59:25.230,10972,10973,10972,5,-5
2019-05-07 16:59:30.850,10972,10973,10972,1,-1
2019-05-07 16:59:33.125,10972,10973,10972,1,-1
2019-05-07 16:59:34.735,10972,10973,10972,1,-1
2019-05-07 16:59:35.500,10972,10973,10972,6,-6
2019-05-07 16:59:36.500,10972,10973,10972,1,-1
2019-05-07 16:59:43.104,10972,10973,10972,1,-1
2019-05-07 16:59:43.939,10972,10973,10972,2,-2
2019-05-07 16:59:48.396,10971,10972,10972,1,1
2019-05-07 16:59:52.621,10971,10972,10972,2,2
2019-05-07 16:59:52.659,10971,10972,10972,4,4
2019-05-07 17:00:00.972,10972,10973,10972,2,-2
2019-05-07 17:00:01.338,10972,10973,10972,2,-2
2019-05-07 17:00:02.039,10972,10973,10972,1,-1
2019-05-07 17:00:02.159,10971,10973,10972,1,-1
2019-05-07 17:00:02.547,10971,10972,10972,1,1
2019-05-07 17:00:12.152,10971,10972,10972,1,1
2019-05-07 17:00:13.092,10971,10972,10972,1,1
2019-05-07 17:00:13.325,10971,10973,10971,11,-11
2019-05-07 17:00:13.934,10971,10972,10971,2,-2
2019-05-07 17:00:13.976,10971,10972,10971,1,-1
2019-05-07 17:00:13.997,10971,10972,10971,1,-1
2019-05-07 17:00:14.109,10971,10972,10971,5,-5
2019-05-07 17:00:14.139,10971,10972,10971,1,-1
2019-05-07 17:00:14.148,10971,10972,10971,1,-1
2019-05-07 17:00:14.151,10971,10972,10971,3,-3
2019-05-07 17:00:14.632,10971,10972,10971,1,-1
2019-05-07 17:00:14.643,10971,10972,10971,1,-1
2019-05-07 17:00:14.651,10971,10972,10971,1,-1
2019-05-07 17:00:14.674,10971,10972,10971,1,-1
2019-05-07 17:00:14.712,10971,10972,10971,1,-1
2019-05-07 17:00:14.864,10971,10972,10971,1,-1
2019-05-07 17:00:15.101,10971,10972,10971,1,-1
2019-05-07 17:00:15.116,10971,10972,10971,1,-1
2019-05-07 17:00:15.134,10971,10972,10971,1,-1
2019-05-07 17:00:15.286,10971,10972,10971,1,-1
2019-05-07 17:00:16.143,10971,10972,10971,2,-2
2019-05-07 17:00:19.471,10971,10972,10972,1,1
2019-05-07 17:00:25.578,10971,10972,10972,2,2
2019-05-07 17:00:25.880,10971,10972,10972,5,5
2019-05-07 17:00:26.503,10971,10972,10972,1,1
2019-05-07 17:00:27.195,10971,10972,10972,2,2
2019-05-07 17:00:30.882,10971,10972,10972,1,1
2019-05-07 17:00:33.818,10971,10972,10971,1,-1
2019-05-07 17:00:35.439,10971,10972,10972,4,4
2019-05-07 17:00:36.770,10972,10973,10972,1,-1
2019-05-07 17:00:43.040,10972,10973,10972,5,-5
2019-05-07 17:00:44.604,10972,10973,10972,5,-5
2019-05-07 17:00:45.573,10972,10973,10972,1,-1
2019-05-07 17:00:54.224,10972,10973,10973,3,3
2019-05-07 17:01:07.504,10972,10973,10973,1,1
2019-05-07 17:01:07.534,10972,10973,10973,1,1
2019-05-07 17:01:10.398,10972,10973,10973,2,2
2019-05-07 17:01:10.399,10972,10973,10973,2,2
2019-05-07 17:01:10.399,10972,10973,10973,2,2
2019-05-07 17:01:31.366,10973,10974,10974,1,1
2019-05-07 17:01:42.269,10973,10974,10974,1,1
2019-05-07 17:01:51.293,10973,10974,10974,1,1
2019-05-07 17:02:01.759,10973,10974,10974,1,1
2019-05-07 17:02:05.269,10973,10974,10974,1,1
2019-05-07 17:02:13.689,10973,10974,10974,1,1
2019-05-07 17:03:38.911,10973,10974,10974,1,1
2019-05-07 17:03:41.062,10973,10974,10974,5,5
2019-05-07 17:03:43.108,10973,10974,10973,1,-1
2019-05-07 17:03:58.409,10973,10974,10974,8,8
2019-05-07 17:03:58.409,10973,10974,10974,4,4
2019-05-07 17:04:04.782,10973,10974,10974,1,1
2019-05-07 17:04:06.521,10973,10974,10974,1,1
2019-05-07 17:04:06.733,10973,10974,10974,1,1
2019-05-07 17:04:08.726,10973,10974,10974,1,1
2019-05-07 17:04:24.094,10973,10974,10974,1,1
2019-05-07 17:04:24.238,10973,10974,10974,1,1
2019-05-07 17:04:32.355,10973,10974,10974,4,4
2019-05-07 17:04:47.718,10973,10974,10974,1,1
2019-05-07 17:05:05.546,10973,10974,10973,1,-1
2019-05-07 17:05:09.159,10973,10974,10973,1,-1
2019-05-07 17:05:10.365,10973,10974,10974,10,10
2019-05-07 17:05:15.856,10973,10974,10973,1,-1
2019-05-07 17:05:28.186,10973,10974,10974,2,2
2019-05-07 17:05:36.199,10973,10974,10974,2,2
2019-05-07 17:05:38.345,10973,10974,10974,1,1
2019-05-07 17:05:46.457,10973,10974,10973,1,-1
2019-05-07 17:05:58.928,10973,10974,10973,2,-2
2019-05-07 17:06:16.069,10973,10974,10973,1,-1
2019-05-07 17:06:16.069,10973,10974,10973,1,-1
2019-05-07 17:06:16.070,10973,10974,10973,1,-1
2019-05-07 17:06:16.071,10973,10974,10973,2,-2
2019-05-07 17:06:16.071,10973,10974,10973,1,-1
2019-05-07 17:06:16.093,10973,10974,10973,10,-10
2019-05-07 17:06:25.004,10972,10973,10972,3,-3
2019-05-07 17:06:25.034,10972,10973,10972,19,-19
2019-05-07 17:06:25.219,10971,10973,10972,1,-1
2019-05-07 17:06:29.504,10971,10972,10971,1,-1
2019-05-07 17:06:33.770,10971,10972,10971,3,-3
2019-05-07 17:06:37.351,10971,10972,10971,1,-1
2019-05-07 17:06:37.383,10971,10972,10971,2,-2
2019-05-07 17:06:37.387,10971,10972,10971,2,-2
2019-05-07 17:06:37.393,10971,10972,10971,5,-5
2019-05-07 17:06:37.395,10971,10972,10971,1,-1
2019-05-07 17:06:37.395,10971,10972,10971,5,-5
2019-05-07 17:06:37.409,10971,10972,10971,4,-4
2019-05-07 17:06:37.409,10971,10972,10971,7,-7
2019-05-07 17:06:37.409,10971,10972,10971,1,-1
2019-05-07 17:06:38.607,10970,10971,10970,1,-1
2019-05-07 17:06:38.738,10970,10971,10970,1,-1
2019-05-07 17:06:39.900,10970,10971,10970,1,-1
2019-05-07 17:06:41.434,10970,10971,10970,2,-2
2019-05-07 17:06:44.268,10970,10971,10970,1,-1
2019-05-07 17:06:49.322,10970,10971,10970,1,-1
2019-05-07 17:06:49.381,10970,10971,10970,2,-2
2019-05-07 17:06:56.241,10970,10971,10971,1,1
2019-05-07 17:06:58.582,10970,10971,10970,2,-2
2019-05-07 17:07:03.264,10970,10971,10970,5,-5
2019-05-07 17:07:06.345,10970,10971,10970,1,-1
2019-05-07 17:07:08.443,10970,10971,10970,1,-1
2019-05-07 17:07:14.298,10970,10971,10971,1,1
2019-05-07 17:07:16.409,10970,10971,10971,2,2
2019-05-07 17:07:16.409,10970,10971,10971,2,2
2019-05-07 17:07:16.409,10970,10971,10971,2,2
2019-05-07 17:07:16.410,10970,10971,10971,1,1
2019-05-07 17:07:16.410,10970,10971,10971,1,1
2019-05-07 17:07:16.410,10970,10971,10971,1,1
2019-05-07 17:07:16.410,10970,10971,10971,1,1
2019-05-07 17:07:16.410,10970,10971,10971,1,1
2019-05-07 17:07:16.492,10970,10971,10970,4,-4
2019-05-07 17:07:26.005,10971,10972,10971,1,1
2019-05-07 17:07:37.174,10971,10972,10971,5,-5
2019-05-07 17:07:38.093,10971,10972,10971,5,-5
2019-05-07 17:07:41.567,10971,10972,10971,1,-1
2019-05-07 17:07:41.675,10971,10972,10971,2,-2
2019-05-07 17:07:43.304,10970,10971,10971,1,1
2019-05-07 17:07:50.095,10971,10972,10971,1,-1
2019-05-07 17:07:51.225,10970,10971,10971,1,1
2019-05-07 17:08:01.955,10971,10972,10971,2,-2
2019-05-07 17:08:04.969,10971,10972,10971,1,-1
2019-05-07 17:08:05.337,10971,10972,10971,1,-1
2019-05-07 17:08:16.383,10970,10971,10971,1,1
2019-05-07 17:08:30.250,10970,10971,10971,1,1
2019-05-07 17:08:34.388,10970,10971,10970,1,-1
2019-05-07 17:08:34.389,10970,10971,10970,1,-1
2019-05-07 17:08:34.389,10970,10971,10970,2,-2
2019-05-07 17:08:34.389,10970,10971,10970,1,-1
2019-05-07 17:08:34.389,10970,10971,10970,4,-4
2019-05-07 17:08:34.389,10970,10971,10970,7,-7
2019-05-07 17:08:34.389,10970,10971,10970,1,-1
2019-05-07 17:08:34.409,10970,10971,10970,2,-2
2019-05-07 17:08:34.409,10970,10971,10970,4,-4
2019-05-07 17:08:34.409,10970,10971,10970,2,-2
2019-05-07 17:08:34.409,10970,10971,10970,1,-1
2019-05-07 17:08:34.410,10970,10971,10970,28,-28
2019-05-07 17:08:42.872,10969,10970,10969,7,-7
2019-05-07 17:08:42.911,10969,10970,10969,7,-7
2019-05-07 17:08:43.070,10968,10970,10968,1,-1
2019-05-07 17:08:43.266,10968,10969,10968,1,-1
2019-05-07 17:08:43.312,10968,10969,10968,1,-1
2019-05-07 17:08:43.359,10968,10969,10968,1,-1
2019-05-07 17:08:43.412,10968,10969,10969,1,1
2019-05-07 17:08:43.531,10968,10969,10968,2,-2
2019-05-07 17:08:45.133,10968,10969,10968,1,-1
2019-05-07 17:08:47.102,10968,10969,10968,5,-5
2019-05-07 17:08:48.082,10968,10969,10968,1,-1
2019-05-07 17:08:48.789,10968,10969,10968,12,-12
2019-05-07 17:08:49.609,10968,10969,10968,4,-4
2019-05-07 17:08:50.092,10968,10969,10968,4,-4
2019-05-07 17:08:52.200,10968,10969,10968,2,-2
2019-05-07 17:08:54.309,10967,10968,10968,1,1
2019-05-07 17:08:58.638,10967,10968,10968,1,1
2019-05-07 17:08:58.638,10967,10968,10968,2,2
2019-05-07 17:08:58.638,10967,10968,10968,1,1
2019-05-07 17:08:58.639,10967,10968,10968,1,1
2019-05-07 17:08:58.639,10967,10968,10968,2,2
2019-05-07 17:08:58.639,10967,10968,10968,1,1
2019-05-07 17:08:58.930,10968,10969,10968,10,-10
2019-05-07 17:09:01.996,10967,10968,10967,2,-2
2019-05-07 17:09:02.074,10967,10968,10967,1,-1
2019-05-07 17:09:02.159,10967,10968,10967,1,-1
2019-05-07 17:09:02.171,10967,10968,10968,1,1
2019-05-07 17:09:02.361,10967,10968,10967,4,-4
2019-05-07 17:09:03.201,10967,10968,10967,3,-3
2019-05-07 17:09:03.228,10967,10968,10967,1,-1
2019-05-07 17:09:03.302,10967,10968,10967,1,-1
2019-05-07 17:09:03.665,10967,10968,10967,2,-2
2019-05-07 17:09:05.076,10967,10968,10967,1,-1
2019-05-07 17:09:06.257,10967,10968,10967,1,-1
2019-05-07 17:09:09.567,10967,10968,10967,3,-3
2019-05-07 17:09:11.135,10966,10967,10967,1,1
2019-05-07 17:09:11.866,10966,10967,10967,1,1
2019-05-07 17:09:14.460,10966,10967,10967,5,5
2019-05-07 17:09:14.534,10966,10967,10967,2,2
2019-05-07 17:09:18.284,10967,10968,10968,18,18
2019-05-07 17:09:18.959,10968,10969,10968,1,-1
2019-05-07 17:09:20.703,10968,10969,10968,1,-1
2019-05-07 17:09:21.184,10968,10969,10968,1,-1
2019-05-07 17:09:30.965,10968,10969,10969,1,1
2019-05-07 17:09:47.495,10968,10969,10969,1,1
2019-05-07 17:09:49.349,10968,10969,10968,1,-1
2019-05-07 17:09:49.950,10968,10969,10969,1,1
2019-05-07 17:10:01.191,10968,10969,10969,1,1
2019-05-07 17:10:02.091,10968,10969,10968,1,-1
2019-05-07 17:10:02.585,10968,10969,10969,1,1
2019-05-07 17:10:03.736,10968,10969,10969,1,1
2019-05-07 17:10:05.320,10968,10969,10968,2,-2
2019-05-07 17:10:07.878,10968,10969,10969,1,1
2019-05-07 17:10:08.749,10968,10969,10969,12,12
2019-05-07 17:10:09.144,10969,10970,10969,10,-10
2019-05-07 17:10:13.573,10968,10969,10969,1,1
2019-05-07 17:10:15.810,10968,10969,10969,3,3
2019-05-07 17:10:16.361,10968,10969,10969,3,3
2019-05-07 17:10:17.310,10969,10970,10970,1,1
2019-05-07 17:10:22.578,10969,10970,10969,5,-5
2019-05-07 17:10:27.037,10969,10970,10970,1,1
2019-05-07 17:10:40.247,10969,10970,10970,1,1
2019-05-07 17:10:41.649,10969,10970,10969,10,-10
2019-05-07 17:10:41.925,10969,10970,10970,2,2
2019-05-07 17:10:42.130,10969,10970,10970,1,1
2019-05-07 17:10:43.059,10969,10970,10970,5,5
2019-05-07 17:10:43.138,10969,10970,10970,1,1
2019-05-07 17:10:46.752,10970,10971,10970,1,-1
2019-05-07 17:10:55.600,10969,10970,10970,6,6
2019-05-07 17:10:57.594,10969,10970,10970,4,4
2019-05-07 17:11:01.913,10969,10970,10970,1,1
2019-05-07 17:11:14.982,10969,10970,10970,3,3
2019-05-07 17:11:16.474,10970,10971,10970,2,-2
2019-05-07 17:11:20.718,10969,10970,10970,1,1
2019-05-07 17:11:24.181,10970,10971,10970,1,-1
2019-05-07 17:11:26.798,10969,10970,10970,1,1
2019-05-07 17:11:32.797,10969,10970,10970,5,5
2019-05-07 17:11:34.141,10970,10971,10970,1,-1
2019-05-07 17:12:02.427,10970,10971,10970,1,-1
2019-05-07 17:12:02.427,10970,10971,10970,2,-2
2019-05-07 17:12:02.427,10970,10971,10970,1,-1
2019-05-07 17:12:02.427,10970,10971,10970,2,-2
2019-05-07 17:12:02.428,10970,10971,10970,1,-1
2019-05-07 17:12:10.528,10969,10970,10969,2,-2
2019-05-07 17:12:14.912,10969,10970,10969,2,-2
2019-05-07 17:12:22.125,10969,10971,10969,3,-3
2019-05-07 17:12:36.210,10970,10971,10970,1,1
2019-05-07 17:12:41.731,10969,10971,10969,1,-1
2019-05-07 17:13:00.034,10969,10970,10969,1,-1
2019-05-07 17:13:00.064,10969,10970,10969,4,-4
2019-05-07 17:13:02.877,10968,10969,10969,1,1
2019-05-07 17:13:15.409,10968,10969,10968,2,-2
2019-05-07 17:13:15.534,10968,10969,10968,8,-8
2019-05-07 17:13:15.659,10968,10969,10968,1,-1
2019-05-07 17:13:15.659,10968,10969,10968,2,-2
2019-05-07 17:13:16.991,10968,10969,10968,1,-1
2019-05-07 17:13:23.117,10968,10969,10968,1,-1
2019-05-07 17:13:26.802,10968,10969,10968,1,-1
2019-05-07 17:13:28.401,10968,10969,10968,1,-1
2019-05-07 17:13:42.227,10967,10968,10968,1,1
2019-05-07 17:13:42.775,10967,10968,10967,1,-1
2019-05-07 17:14:03.284,10967,10968,10967,1,-1
2019-05-07 17:14:03.409,10967,10968,10967,6,-6
2019-05-07 17:14:04.007,10967,10968,10967,17,-17
2019-05-07 17:14:04.187,10966,10967,10967,1,1
2019-05-07 17:14:04.263,10966,10967,10967,1,1
2019-05-07 17:14:04.932,10966,10967,10966,1,-1
2019-05-07 17:14:05.078,10966,10967,10966,2,-2
2019-05-07 17:14:05.204,10966,10967,10966,2,-2
2019-05-07 17:14:05.216,10966,10967,10966,2,-2
2019-05-07 17:14:05.229,10966,10967,10966,1,-1
2019-05-07 17:14:05.277,10966,10967,10966,2,-2
2019-05-07 17:14:05.308,10966,10967,10966,8,-8
2019-05-07 17:14:05.328,10966,10967,10966,1,-1
2019-05-07 17:14:05.351,10966,10967,10966,2,-2
2019-05-07 17:14:05.412,10966,10967,10966,2,-2
2019-05-07 17:14:05.433,10966,10967,10966,3,-3
2019-05-07 17:14:05.469,10966,10967,10966,2,-2
2019-05-07 17:14:05.482,10966,10967,10966,3,-3
2019-05-07 17:14:05.499,10966,10967,10966,8,-8
2019-05-07 17:14:05.499,10966,10967,10965,3,-3
2019-05-07 17:14:05.540,10966,10967,10965,4,-4
2019-05-07 17:14:05.570,10966,10967,10965,2,-2
2019-05-07 17:14:05.575,10966,10967,10965,3,-3
2019-05-07 17:14:05.578,10966,10967,10965,2,-2
2019-05-07 17:14:05.583,10966,10967,10965,1,-1
2019-05-07 17:14:05.587,10966,10967,10965,3,-3
2019-05-07 17:14:05.588,10966,10967,10965,7,-7
2019-05-07 17:14:05.589,10966,10967,10965,9,-9
2019-05-07 17:14:05.590,10966,10967,10965,2,-2
2019-05-07 17:14:05.601,10966,10967,10965,3,-3
2019-05-07 17:14:05.601,10966,10967,10965,3,-3
2019-05-07 17:14:05.607,10966,10967,10965,1,-1
2019-05-07 17:14:05.612,10966,10967,10965,1,-1
2019-05-07 17:14:05.655,10966,10967,10965,4,-4
2019-05-07 17:14:05.670,10965,10966,10965,4,-4
2019-05-07 17:14:05.672,10965,10966,10965,3,-3
2019-05-07 17:14:05.676,10965,10966,10965,7,-7
2019-05-07 17:14:05.676,10965,10966,10964,1,-1
2019-05-07 17:14:05.682,10965,10966,10964,2,-2
2019-05-07 17:14:05.684,10965,10966,10964,4,-4
2019-05-07 17:14:05.687,10965,10966,10964,2,-2
2019-05-07 17:14:05.716,10965,10966,10965,1,1
2019-05-07 17:14:05.774,10965,10966,10965,1,-1
2019-05-07 17:14:05.790,10964,10965,10964,1,-1
2019-05-07 17:14:05.809,10964,10965,10964,1,-1
2019-05-07 17:14:05.886,10964,10965,10964,2,-2
2019-05-07 17:14:05.892,10964,10965,10964,3,-3
2019-05-07 17:14:05.911,10964,10965,10964,2,-2
2019-05-07 17:14:05.913,10964,10965,10964,2,-2
2019-05-07 17:14:05.913,10964,10965,10963,1,-1
2019-05-07 17:14:05.928,10964,10965,10963,1,-1
2019-05-07 17:14:05.945,10964,10965,10963,1,-1
2019-05-07 17:14:05.966,10964,10965,10963,1,-1
2019-05-07 17:14:06.078,10963,10965,10964,1,1
2019-05-07 17:14:06.080,10963,10965,10963,1,-1
2019-05-07 17:14:06.208,10964,10965,10965,5,5
2019-05-07 17:14:06.214,10964,10965,10964,3,-3
2019-05-07 17:14:06.222,10964,10965,10963,1,-1
2019-05-07 17:14:06.222,10964,10965,10963,2,-2
2019-05-07 17:14:06.229,10964,10965,10963,1,-1
2019-05-07 17:14:06.244,10964,10965,10963,1,-1
2019-05-07 17:14:06.251,10964,10965,10963,2,-2
2019-05-07 17:14:06.311,10963,10965,10964,2,2
2019-05-07 17:14:06.409,10964,10965,10964,1,-1
2019-05-07 17:14:06.454,10964,10965,10964,2,-2
2019-05-07 17:14:06.454,10964,10965,10963,1,-1
2019-05-07 17:14:06.493,10964,10965,10963,1,-1
2019-05-07 17:14:06.511,10964,10965,10963,1,-1
2019-05-07 17:14:06.585,10963,10965,10963,1,-1
2019-05-07 17:14:06.695,10963,10964,10963,1,-1
2019-05-07 17:14:06.782,10963,10964,10963,4,-4
2019-05-07 17:14:06.792,10963,10964,10963,1,-1
2019-05-07 17:14:06.911,10963,10964,10963,1,-1
2019-05-07 17:14:06.937,10963,10964,10963,2,-2
2019-05-07 17:14:06.986,10963,10964,10963,1,-1
2019-05-07 17:14:07.004,10963,10964,10963,2,-2
2019-05-07 17:14:07.069,10963,10964,10963,3,-3
2019-05-07 17:14:07.157,10963,10964,10963,2,-2
2019-05-07 17:14:07.247,10963,10964,10963,2,-2
2019-05-07 17:14:07.251,10963,10964,10963,3,-3
2019-05-07 17:14:07.274,10963,10964,10963,1,-1
2019-05-07 17:14:07.365,10963,10964,10963,2,-2
2019-05-07 17:14:07.365,10963,10964,10963,1,-1
2019-05-07 17:14:07.503,10963,10964,10963,1,-1
2019-05-07 17:14:07.512,10963,10964,10963,1,-1
2019-05-07 17:14:07.519,10963,10964,10963,1,-1
2019-05-07 17:14:07.766,10963,10964,10963,2,-2
2019-05-07 17:14:07.995,10963,10964,10963,1,-1
2019-05-07 17:14:08.050,10963,10964,10963,1,-1
2019-05-07 17:14:08.079,10963,10964,10963,1,-1
2019-05-07 17:14:08.083,10963,10964,10963,1,-1
2019-05-07 17:14:08.117,10963,10964,10963,6,-6
2019-05-07 17:14:08.909,10963,10964,10964,10,10
2019-05-07 17:14:08.909,10963,10964,10964,5,5
2019-05-07 17:14:09.409,10964,10965,10965,1,1
2019-05-07 17:14:11.409,10964,10965,10965,5,5
2019-05-07 17:14:15.908,10965,10966,10965,1,-1
2019-05-07 17:14:18.966,10965,10966,10966,1,1
2019-05-07 17:14:23.523,10965,10966,10965,1,-1
2019-05-07 17:14:23.995,10965,10966,10966,1,1
2019-05-07 17:14:25.157,10965,10966,10965,1,-1
2019-05-07 17:14:26.126,10965,10966,10966,1,1
2019-05-07 17:14:30.319,10965,10966,10966,1,1
2019-05-07 17:14:40.067,10965,10966,10966,1,1
2019-05-07 17:14:41.017,10965,10966,10965,2,-2
2019-05-07 17:14:42.944,10965,10966,10966,1,1
2019-05-07 17:14:47.719,10965,10966,10966,4,4
2019-05-07 17:14:50.755,10965,10966,10965,1,-1
2019-05-07 17:14:57.822,10965,10966,10965,4,-4
2019-05-07 17:15:00.409,10965,10966,10965,4,-4
2019-05-07 17:15:00.503,10965,10966,10965,4,-4
2019-05-07 17:15:00.504,10965,10966,10965,4,-4
2019-05-07 17:15:00.509,10965,10966,10965,1,-1
2019-05-07 17:15:00.601,10965,10966,10965,1,-1
2019-05-07 17:15:00.609,10965,10966,10965,1,-1
2019-05-07 17:15:00.648,10965,10966,10965,2,-2
2019-05-07 17:15:00.659,10965,10966,10965,3,-3
2019-05-07 17:15:00.763,10965,10966,10964,2,-2
2019-05-07 17:15:01.173,10964,10965,10965,1,1
2019-05-07 17:15:01.696,10964,10965,10964,2,-2
