2019-07-09 15:00:00.073,10647,10648,10646,28,-28
2019-07-09 15:00:00.089,10646,10647,10647,1,1
2019-07-09 15:00:00.329,10646,10648,10648,1,1
2019-07-09 15:00:00.454,10646,10648,10648,2,2
2019-07-09 15:00:00.937,10646,10648,10648,2,2
2019-07-09 15:00:01.304,10647,10648,10647,1,-1
2019-07-09 15:00:01.430,10647,10648,10647,4,-4
2019-07-09 15:00:01.508,10647,10648,10648,1,1
2019-07-09 15:00:01.588,10646,10648,10648,4,4
2019-07-09 15:00:04.415,10648,10649,10649,1,1
2019-07-09 15:00:04.793,10648,10649,10648,1,-1
2019-07-09 15:00:05.835,10648,10649,10649,1,1
2019-07-09 15:00:06.260,10648,10649,10649,3,3
2019-07-09 15:00:07.977,10649,10650,10649,1,-1
2019-07-09 15:00:08.086,10649,10650,10649,1,-1
2019-07-09 15:00:08.109,10649,10650,10649,1,-1
2019-07-09 15:00:08.125,10649,10650,10649,1,-1
2019-07-09 15:00:10.500,10649,10650,10649,1,-1
2019-07-09 15:00:10.502,10649,10650,10649,4,-4
2019-07-09 15:00:13.105,10648,10649,10648,1,-1
2019-07-09 15:00:14.519,10648,10649,10648,1,-1
2019-07-09 15:00:17.430,10648,10649,10649,2,2
2019-07-09 15:00:19.256,10648,10649,10648,1,-1
2019-07-09 15:00:19.815,10648,10649,10648,1,-1
2019-07-09 15:00:20.668,10648,10649,10649,20,20
2019-07-09 15:00:20.680,10648,10649,10649,4,4
2019-07-09 15:00:21.678,10649,10650,10649,1,-1
2019-07-09 15:00:23.272,10649,10650,10649,1,-1
2019-07-09 15:00:27.404,10649,10650,10649,4,-4
2019-07-09 15:00:27.407,10649,10650,10649,1,-1
2019-07-09 15:00:29.613,10649,10650,10649,1,-1
2019-07-09 15:00:30.970,10649,10650,10649,1,-1
2019-07-09 15:00:32.116,10648,10650,10649,1,-1
2019-07-09 15:00:45.972,10648,10649,10649,3,3
2019-07-09 15:00:51.010,10648,10649,10649,1,1
2019-07-09 15:00:52.585,10648,10649,10649,1,1
2019-07-09 15:00:57.659,10648,10649,10649,4,4
2019-07-09 15:01:00.130,10649,10650,10650,3,3
2019-07-09 15:01:02.102,10649,10650,10650,2,2
2019-07-09 15:01:06.519,10649,10650,10649,1,-1
2019-07-09 15:01:06.556,10649,10650,10649,9,-9
2019-07-09 15:01:09.196,10648,10649,10648,2,-2
2019-07-09 15:01:17.874,10648,10649,10648,3,-3
2019-07-09 15:01:25.338,10648,10649,10649,10,10
2019-07-09 15:01:37.410,10648,10649,10649,4,4
2019-07-09 15:01:38.537,10649,10650,10649,1,-1
2019-07-09 15:01:49.104,10649,10650,10650,3,3
2019-07-09 15:01:56.903,10649,10650,10649,4,-4
2019-07-09 15:02:07.408,10649,10650,10649,1,-1
2019-07-09 15:02:08.706,10649,10650,10650,1,1
2019-07-09 15:02:19.209,10649,10650,10650,1,1
2019-07-09 15:02:20.802,10649,10650,10650,19,19
2019-07-09 15:02:20.892,10650,10651,10650,1,-1
2019-07-09 15:02:22.488,10649,10650,10650,2,2
2019-07-09 15:02:26.737,10650,10651,10650,2,-2
2019-07-09 15:02:27.737,10649,10650,10650,1,1
2019-07-09 15:02:33.845,10649,10650,10650,2,2
2019-07-09 15:02:35.750,10649,10650,10649,8,-8
2019-07-09 15:02:35.750,10649,10650,10649,6,-6
2019-07-09 15:02:35.805,10649,10650,10649,2,-2
2019-07-09 15:02:35.806,10649,10650,10649,2,-2
2019-07-09 15:02:35.806,10649,10650,10649,2,-2
2019-07-09 15:02:35.806,10649,10650,10649,7,-7
2019-07-09 15:02:35.806,10649,10650,10649,2,-2
2019-07-09 15:02:35.806,10649,10650,10649,2,-2
2019-07-09 15:02:41.284,10648,10649,10648,17,-17
2019-07-09 15:02:41.578,10647,10648,10647,2,-2
2019-07-09 15:02:41.737,10647,10648,10647,2,-2
2019-07-09 15:02:41.883,10647,10648,10648,1,1
2019-07-09 15:02:42.508,10647,10648,10648,1,1
2019-07-09 15:02:45.302,10647,10648,10647,1,-1
2019-07-09 15:02:46.902,10647,10648,10648,14,14
2019-07-09 15:02:46.902,10647,10648,10649,7,7
2019-07-09 15:02:51.397,10647,10648,10648,1,1
2019-07-09 15:02:56.482,10647,10648,10648,9,9
2019-07-09 15:03:01.280,10648,10649,10648,2,-2
2019-07-09 15:03:01.611,10648,10649,10648,1,-1
2019-07-09 15:03:02.112,10648,10649,10648,2,-2
2019-07-09 15:03:06.802,10647,10648,10648,2,2
2019-07-09 15:03:07.988,10647,10648,10647,3,-3
2019-07-09 15:03:08.409,10647,10648,10647,30,-30
2019-07-09 15:03:09.778,10646,10647,10646,2,-2
2019-07-09 15:03:12.090,10646,10647,10646,1,-1
2019-07-09 15:03:12.274,10646,10647,10646,2,-2
2019-07-09 15:03:13.280,10646,10647,10646,7,-7
2019-07-09 15:03:17.751,10645,10646,10645,1,-1
2019-07-09 15:03:17.807,10645,10646,10645,1,-1
2019-07-09 15:03:17.808,10645,10646,10645,2,-2
2019-07-09 15:03:17.808,10645,10646,10645,2,-2
2019-07-09 15:03:18.064,10645,10646,10646,1,1
2019-07-09 15:03:18.282,10645,10646,10645,7,-7
2019-07-09 15:03:18.546,10644,10646,10646,1,1
2019-07-09 15:03:18.737,10644,10645,10645,1,1
2019-07-09 15:03:19.144,10644,10645,10645,3,3
2019-07-09 15:03:19.427,10644,10645,10646,22,22
2019-07-09 15:03:19.427,10644,10645,10647,3,3
2019-07-09 15:03:19.575,10646,10647,10646,2,-2
2019-07-09 15:03:19.682,10645,10646,10646,2,2
2019-07-09 15:03:25.169,10645,10646,10645,4,-4
2019-07-09 15:03:25.555,10645,10646,10645,14,-14
2019-07-09 15:03:30.468,10644,10645,10644,1,-1
2019-07-09 15:03:30.725,10644,10645,10645,1,1
2019-07-09 15:03:31.698,10644,10645,10644,5,-5
2019-07-09 15:03:32.554,10644,10645,10645,2,2
2019-07-09 15:03:33.581,10644,10645,10645,1,1
2019-07-09 15:03:33.604,10644,10645,10644,3,-3
2019-07-09 15:03:34.879,10644,10645,10645,1,1
2019-07-09 15:03:35.854,10644,10645,10644,1,-1
2019-07-09 15:03:38.943,10644,10645,10645,3,3
2019-07-09 15:03:43.142,10644,10645,10644,3,-3
2019-07-09 15:03:43.281,10644,10645,10645,1,1
2019-07-09 15:03:46.399,10644,10645,10644,1,-1
2019-07-09 15:03:46.704,10644,10645,10644,1,-1
2019-07-09 15:03:47.019,10644,10645,10644,1,-1
2019-07-09 15:03:47.331,10644,10645,10644,1,-1
2019-07-09 15:03:47.425,10644,10645,10644,2,-2
2019-07-09 15:03:47.649,10644,10645,10644,1,-1
2019-07-09 15:03:47.743,10644,10645,10644,1,-1
2019-07-09 15:03:47.959,10644,10645,10644,1,-1
2019-07-09 15:03:48.169,10644,10645,10644,2,-2
2019-07-09 15:03:48.278,10644,10645,10644,2,-2
2019-07-09 15:03:48.485,10644,10645,10644,2,-2
2019-07-09 15:03:48.582,10644,10645,10644,1,-1
2019-07-09 15:03:48.814,10644,10645,10644,2,-2
2019-07-09 15:03:48.883,10644,10645,10644,1,-1
2019-07-09 15:03:48.932,10644,10645,10644,2,-2
2019-07-09 15:03:49.234,10644,10645,10644,1,-1
2019-07-09 15:03:49.540,10644,10645,10644,1,-1
2019-07-09 15:03:49.963,10644,10645,10644,1,-1
2019-07-09 15:03:50.274,10644,10645,10644,1,-1
2019-07-09 15:03:50.582,10644,10645,10644,1,-1
2019-07-09 15:03:50.996,10644,10645,10644,1,-1
2019-07-09 15:03:51.319,10644,10645,10644,1,-1
2019-07-09 15:03:51.628,10644,10645,10644,1,-1
2019-07-09 15:03:52.051,10644,10645,10644,1,-1
2019-07-09 15:03:52.105,10644,10645,10644,2,-2
2019-07-09 15:03:52.340,10644,10645,10644,1,-1
2019-07-09 15:03:52.356,10644,10645,10644,1,-1
2019-07-09 15:03:52.361,10644,10645,10644,1,-1
2019-07-09 15:03:52.686,10644,10645,10644,1,-1
2019-07-09 15:03:53.224,10644,10645,10644,2,-2
2019-07-09 15:03:54.932,10644,10645,10644,1,-1
2019-07-09 15:03:55.785,10644,10645,10644,1,-1
2019-07-09 15:03:56.067,10644,10645,10644,1,-1
2019-07-09 15:03:56.386,10644,10645,10644,1,-1
2019-07-09 15:03:57.215,10643,10644,10643,1,-1
2019-07-09 15:03:57.343,10643,10644,10643,1,-1
2019-07-09 15:03:57.463,10643,10644,10643,1,-1
2019-07-09 15:03:57.696,10643,10644,10644,2,2
2019-07-09 15:03:57.895,10643,10644,10644,1,1
2019-07-09 15:03:58.159,10643,10644,10644,6,6
2019-07-09 15:03:58.564,10643,10644,10644,1,1
2019-07-09 15:04:00.755,10643,10644,10644,2,2
2019-07-09 15:04:00.926,10644,10645,10644,1,-1
2019-07-09 15:04:06.059,10644,10645,10645,2,2
2019-07-09 15:04:07.290,10644,10645,10644,5,-5
2019-07-09 15:04:08.822,10644,10645,10644,4,-4
2019-07-09 15:04:15.696,10643,10644,10644,1,1
2019-07-09 15:04:16.088,10643,10644,10644,5,5
2019-07-09 15:04:17.081,10643,10644,10644,1,1
2019-07-09 15:04:17.968,10643,10644,10644,1,1
2019-07-09 15:04:22.020,10643,10644,10644,1,1
2019-07-09 15:04:22.560,10643,10644,10644,1,1
2019-07-09 15:04:25.305,10643,10644,10644,19,19
2019-07-09 15:04:25.430,10643,10644,10644,3,3
2019-07-09 15:04:25.556,10644,10645,10644,4,-4
2019-07-09 15:04:26.084,10644,10645,10644,1,-1
2019-07-09 15:04:27.793,10644,10645,10644,1,-1
2019-07-09 15:04:30.479,10644,10645,10644,4,-4
2019-07-09 15:04:30.996,10644,10645,10644,1,-1
2019-07-09 15:04:32.596,10644,10645,10644,5,-5
2019-07-09 15:04:36.209,10644,10645,10644,2,-2
2019-07-09 15:04:38.460,10644,10645,10644,1,-1
2019-07-09 15:04:42.030,10644,10645,10644,1,-1
2019-07-09 15:04:42.128,10644,10645,10644,1,-1
2019-07-09 15:04:42.342,10644,10645,10644,1,-1
2019-07-09 15:04:42.660,10644,10645,10644,1,-1
2019-07-09 15:04:42.965,10644,10645,10644,1,-1
2019-07-09 15:04:43.273,10644,10645,10644,1,-1
2019-07-09 15:04:43.691,10644,10645,10644,1,-1
2019-07-09 15:04:44.004,10644,10645,10644,1,-1
2019-07-09 15:04:44.252,10644,10645,10644,1,-1
2019-07-09 15:04:44.315,10644,10645,10644,1,-1
2019-07-09 15:04:44.620,10644,10645,10644,1,-1
2019-07-09 15:04:45.068,10644,10645,10644,1,-1
2019-07-09 15:04:45.543,10644,10645,10644,1,-1
2019-07-09 15:04:48.292,10644,10645,10644,1,-1
2019-07-09 15:04:48.305,10644,10645,10644,4,-4
2019-07-09 15:04:48.605,10643,10645,10644,1,-1
2019-07-09 15:04:51.127,10643,10644,10643,1,-1
2019-07-09 15:04:51.418,10643,10644,10644,4,4
2019-07-09 15:04:51.443,10643,10644,10643,1,-1
2019-07-09 15:04:52.111,10643,10644,10644,9,9
2019-07-09 15:04:52.555,10644,10645,10644,1,-1
2019-07-09 15:04:59.219,10644,10645,10645,1,1
2019-07-09 15:04:59.572,10644,10645,10645,1,1
2019-07-09 15:05:06.156,10644,10645,10645,2,2
2019-07-09 15:05:06.595,10644,10645,10644,1,-1
2019-07-09 15:05:07.647,10644,10645,10645,1,1
2019-07-09 15:05:12.749,10644,10645,10645,13,13
2019-07-09 15:05:12.805,10644,10645,10645,12,12
2019-07-09 15:05:13.029,10644,10646,10645,1,-1
2019-07-09 15:05:18.352,10645,10646,10645,1,-1
2019-07-09 15:05:20.488,10645,10646,10646,5,5
2019-07-09 15:05:21.532,10645,10646,10646,1,1
2019-07-09 15:05:23.842,10645,10646,10646,1,1
2019-07-09 15:05:26.977,10645,10646,10646,1,1
2019-07-09 15:05:28.588,10645,10646,10645,1,-1
2019-07-09 15:05:32.178,10645,10646,10646,1,1
2019-07-09 15:05:32.698,10645,10646,10645,1,-1
2019-07-09 15:05:33.006,10645,10646,10645,1,-1
2019-07-09 15:05:33.315,10645,10646,10645,1,-1
2019-07-09 15:05:35.199,10645,10646,10645,1,-1
2019-07-09 15:05:36.227,10645,10646,10645,1,-1
2019-07-09 15:05:37.074,10644,10646,10644,3,-3
2019-07-09 15:05:45.122,10644,10645,10645,1,1
2019-07-09 15:05:46.443,10644,10645,10645,2,2
2019-07-09 15:05:48.672,10644,10645,10645,1,1
2019-07-09 15:05:55.598,10645,10646,10645,1,-1
2019-07-09 15:05:55.808,10645,10646,10645,1,-1
2019-07-09 15:05:58.392,10645,10646,10645,1,-1
2019-07-09 15:06:07.806,10645,10646,10645,15,-15
2019-07-09 15:06:17.777,10644,10645,10644,1,-1
2019-07-09 15:06:17.890,10644,10645,10644,1,-1
2019-07-09 15:06:18.094,10644,10645,10644,1,-1
2019-07-09 15:06:18.291,10644,10645,10644,1,-1
2019-07-09 15:06:19.653,10644,10645,10645,6,6
2019-07-09 15:06:22.992,10645,10646,10645,1,-1
2019-07-09 15:06:23.955,10645,10646,10646,2,2
2019-07-09 15:06:28.762,10645,10646,10645,1,-1
2019-07-09 15:06:29.681,10645,10646,10645,1,-1
2019-07-09 15:06:30.622,10645,10646,10645,1,-1
2019-07-09 15:06:51.809,10645,10646,10645,3,-3
2019-07-09 15:06:53.940,10645,10646,10645,5,-5
2019-07-09 15:06:59.680,10644,10645,10645,2,2
2019-07-09 15:06:59.805,10644,10645,10645,3,3
2019-07-09 15:06:59.995,10645,10646,10645,1,-1
2019-07-09 15:07:21.581,10645,10646,10645,1,-1
2019-07-09 15:07:31.905,10645,10646,10645,1,-1
2019-07-09 15:07:32.211,10645,10646,10645,1,-1
2019-07-09 15:07:32.512,10645,10646,10645,1,-1
2019-07-09 15:07:42.698,10644,10646,10646,2,2
2019-07-09 15:07:42.996,10645,10646,10645,1,-1
2019-07-09 15:07:49.912,10645,10646,10645,3,-3
2019-07-09 15:07:53.080,10644,10645,10645,1,1
2019-07-09 15:07:55.553,10644,10645,10645,2,2
2019-07-09 15:08:00.265,10645,10646,10645,6,-6
2019-07-09 15:08:00.411,10644,10645,10645,1,1
2019-07-09 15:08:01.141,10645,10646,10645,1,-1
2019-07-09 15:08:02.212,10645,10646,10645,1,-1
2019-07-09 15:08:04.039,10645,10646,10645,5,-5
2019-07-09 15:08:08.860,10645,10646,10645,1,-1
2019-07-09 15:08:19.721,10645,10646,10645,5,-5
2019-07-09 15:08:28.025,10645,10646,10645,5,-5
2019-07-09 15:08:30.182,10645,10646,10646,1,1
2019-07-09 15:08:30.183,10645,10646,10646,2,2
2019-07-09 15:08:45.397,10645,10646,10645,1,-1
2019-07-09 15:08:54.788,10644,10645,10644,1,-1
2019-07-09 15:08:57.781,10644,10645,10645,1,1
2019-07-09 15:09:00.540,10644,10645,10645,1,1
2019-07-09 15:09:03.805,10644,10645,10645,1,1
2019-07-09 15:09:03.826,10644,10645,10645,1,1
2019-07-09 15:09:03.930,10644,10645,10645,1,1
2019-07-09 15:09:06.072,10645,10646,10645,1,-1
2019-07-09 15:09:08.791,10644,10645,10645,1,1
2019-07-09 15:09:16.271,10644,10645,10645,1,1
2019-07-09 15:09:17.491,10644,10645,10645,1,1
2019-07-09 15:09:17.504,10644,10645,10645,1,1
2019-07-09 15:09:17.528,10644,10645,10645,2,2
2019-07-09 15:09:17.555,10644,10645,10645,5,5
2019-07-09 15:09:22.305,10645,10646,10645,1,-1
2019-07-09 15:09:28.526,10645,10646,10646,1,1
2019-07-09 15:09:30.307,10645,10646,10645,1,-1
2019-07-09 15:09:31.183,10644,10645,10645,1,1
2019-07-09 15:09:35.020,10645,10646,10645,2,-2
2019-07-09 15:09:35.441,10644,10645,10645,1,1
2019-07-09 15:09:55.337,10644,10645,10645,1,1
2019-07-09 15:09:55.699,10644,10645,10644,1,-1
2019-07-09 15:09:59.037,10644,10645,10644,1,-1
2019-07-09 15:10:00.210,10644,10645,10645,2,2
2019-07-09 15:10:02.269,10644,10645,10645,7,7
2019-07-09 15:10:07.687,10644,10645,10645,1,1
2019-07-09 15:10:08.835,10644,10645,10645,1,1
2019-07-09 15:10:09.637,10644,10645,10645,1,1
2019-07-09 15:10:10.246,10644,10645,10645,1,1
2019-07-09 15:10:34.960,10644,10645,10645,1,1
2019-07-09 15:10:36.141,10644,10645,10645,1,1
2019-07-09 15:10:38.877,10644,10645,10645,1,1
2019-07-09 15:10:42.331,10644,10645,10645,4,4
2019-07-09 15:10:46.613,10645,10646,10645,1,-1
2019-07-09 15:10:59.887,10645,10646,10646,1,1
2019-07-09 15:11:00.192,10645,10646,10645,1,-1
2019-07-09 15:11:02.378,10645,10646,10646,2,2
2019-07-09 15:11:11.020,10645,10646,10645,1,-1
2019-07-09 15:11:12.375,10645,10646,10645,1,-1
2019-07-09 15:11:23.920,10645,10646,10645,1,-1
2019-07-09 15:11:26.250,10645,10646,10646,2,2
2019-07-09 15:11:33.588,10645,10646,10645,1,-1
2019-07-09 15:11:44.706,10645,10646,10646,2,2
2019-07-09 15:11:44.746,10645,10646,10645,1,-1
2019-07-09 15:11:49.004,10645,10646,10646,1,1
2019-07-09 15:12:02.485,10645,10646,10646,4,4
2019-07-09 15:12:03.465,10645,10646,10645,12,-12
2019-07-09 15:12:10.195,10644,10645,10645,1,1
2019-07-09 15:12:16.870,10644,10645,10644,4,-4
2019-07-09 15:12:25.539,10644,10645,10645,1,1
2019-07-09 15:12:25.973,10644,10645,10644,1,-1
2019-07-09 15:12:28.945,10644,10645,10645,1,1
2019-07-09 15:12:30.805,10644,10645,10644,1,-1
2019-07-09 15:12:37.922,10644,10645,10644,5,-5
2019-07-09 15:12:45.097,10644,10645,10644,5,-5
2019-07-09 15:13:16.142,10644,10645,10644,1,-1
2019-07-09 15:13:37.343,10644,10645,10644,1,-1
2019-07-09 15:13:37.945,10644,10645,10644,1,-1
2019-07-09 15:13:43.813,10644,10645,10644,3,-3
2019-07-09 15:14:09.417,10644,10645,10645,2,2
2019-07-09 15:14:12.795,10644,10645,10645,1,1
2019-07-09 15:14:12.795,10644,10645,10645,4,4
2019-07-09 15:14:12.805,10644,10645,10645,7,7
2019-07-09 15:14:12.806,10644,10645,10645,9,9
2019-07-09 15:14:12.806,10644,10645,10645,1,1
2019-07-09 15:14:13.389,10645,10646,10645,2,-2
2019-07-09 15:14:14.277,10645,10646,10646,1,1
2019-07-09 15:14:15.065,10645,10646,10646,1,1
2019-07-09 15:14:16.643,10645,10646,10646,1,1
2019-07-09 15:14:25.603,10645,10646,10645,5,-5
2019-07-09 15:14:33.622,10645,10646,10645,5,-5
2019-07-09 15:14:34.212,10645,10646,10645,1,-1
2019-07-09 15:14:47.191,10645,10646,10645,1,-1
2019-07-09 15:14:52.107,10645,10646,10646,2,2
2019-07-09 15:14:55.905,10645,10646,10646,2,2
2019-07-09 15:14:56.067,10645,10646,10646,2,2
2019-07-09 15:14:56.489,10645,10646,10646,1,1
2019-07-09 15:15:02.179,10645,10646,10645,5,-5
2019-07-09 15:15:02.805,10644,10645,10645,10,10
2019-07-09 15:15:02.870,10644,10645,10645,1,1
2019-07-09 15:15:04.032,10645,10646,10645,1,-1
2019-07-09 15:15:04.341,10644,10645,10645,1,1
2019-07-09 15:15:11.676,10644,10645,10645,4,4
2019-07-09 15:15:11.680,10644,10645,10645,1,1
2019-07-09 15:15:11.680,10644,10645,10645,2,2
2019-07-09 15:15:12.158,10644,10645,10645,18,18
2019-07-09 15:15:45.962,10645,10646,10645,1,-1
2019-07-09 15:15:50.336,10645,10646,10645,2,-2
2019-07-09 15:15:51.297,10645,10646,10646,2,2
2019-07-09 15:15:51.297,10645,10646,10646,3,3
2019-07-09 15:15:51.297,10645,10646,10646,2,2
2019-07-09 15:15:51.306,10645,10646,10646,1,1
2019-07-09 15:15:51.306,10645,10646,10646,4,4
2019-07-09 15:15:51.307,10645,10646,10646,10,10
2019-07-09 15:15:52.712,10646,10647,10646,1,-1
2019-07-09 15:15:52.824,10646,10647,10646,2,-2
2019-07-09 15:15:53.053,10646,10647,10646,1,-1
2019-07-09 15:15:54.880,10646,10647,10646,2,-2
2019-07-09 15:16:07.674,10646,10647,10646,1,-1
2019-07-09 15:16:16.006,10645,10646,10646,1,1
2019-07-09 15:16:21.998,10646,10647,10646,1,-1
2019-07-09 15:16:23.171,10646,10647,10646,1,-1
2019-07-09 15:16:38.714,10646,10647,10646,1,-1
2019-07-09 15:16:45.201,10646,10647,10647,13,13
2019-07-09 15:16:45.532,10647,10648,10648,4,4
2019-07-09 15:16:45.541,10647,10648,10648,4,4
2019-07-09 15:16:45.556,10647,10648,10648,2,2
2019-07-09 15:16:45.556,10647,10648,10648,4,4
2019-07-09 15:16:45.571,10647,10648,10649,1,1
2019-07-09 15:16:45.770,10648,10649,10649,4,4
2019-07-09 15:16:56.330,10648,10649,10649,1,1
2019-07-09 15:17:00.182,10648,10649,10649,2,2
2019-07-09 15:17:02.533,10648,10649,10649,2,2
2019-07-09 15:17:03.053,10648,10649,10649,8,8
2019-07-09 15:17:04.497,10648,10649,10649,3,3
2019-07-09 15:17:04.689,10648,10649,10649,2,2
2019-07-09 15:17:04.764,10648,10649,10649,2,2
2019-07-09 15:17:04.825,10648,10649,10649,3,3
2019-07-09 15:17:04.828,10648,10649,10649,2,2
2019-07-09 15:17:05.561,10648,10650,10650,5,5
2019-07-09 15:17:06.071,10648,10650,10650,1,1
2019-07-09 15:17:06.077,10648,10650,10650,1,1
2019-07-09 15:17:06.085,10648,10650,10650,1,1
2019-07-09 15:17:07.798,10649,10650,10649,2,-2
2019-07-09 15:17:09.505,10648,10649,10649,1,1
2019-07-09 15:17:11.700,10648,10649,10649,3,3
2019-07-09 15:17:11.851,10649,10650,10650,2,2
2019-07-09 15:17:15.725,10649,10650,10650,5,5
2019-07-09 15:17:15.933,10649,10650,10650,2,2
2019-07-09 15:17:16.204,10649,10650,10650,5,5
2019-07-09 15:17:17.071,10649,10650,10650,2,2
2019-07-09 15:17:19.139,10649,10650,10650,5,5
2019-07-09 15:17:19.532,10649,10650,10650,5,5
2019-07-09 15:17:20.240,10649,10650,10650,3,3
2019-07-09 15:17:21.326,10650,10651,10651,1,1
2019-07-09 15:17:21.556,10650,10651,10650,1,-1
2019-07-09 15:17:21.993,10650,10651,10650,1,-1
2019-07-09 15:17:24.305,10650,10651,10650,10,-10
2019-07-09 15:17:24.430,10650,10651,10650,1,-1
2019-07-09 15:17:26.095,10649,10651,10649,1,-1
2019-07-09 15:17:26.575,10650,10651,10650,1,1
2019-07-09 15:17:26.764,10650,10651,10650,1,-1
2019-07-09 15:17:27.530,10650,10651,10650,1,-1
2019-07-09 15:17:29.380,10650,10651,10651,5,5
2019-07-09 15:17:31.627,10650,10651,10651,5,5
2019-07-09 15:17:32.308,10650,10651,10651,5,5
2019-07-09 15:17:33.744,10650,10651,10651,10,10
2019-07-09 15:17:33.744,10650,10651,10652,8,8
2019-07-09 15:17:33.897,10650,10652,10651,2,-2
2019-07-09 15:17:33.900,10650,10652,10651,1,-1
2019-07-09 15:17:33.904,10650,10652,10651,1,-1
2019-07-09 15:17:33.907,10650,10652,10651,1,-1
2019-07-09 15:17:33.910,10650,10652,10651,1,-1
2019-07-09 15:17:33.914,10650,10652,10651,1,-1
2019-07-09 15:17:33.922,10650,10652,10651,1,-1
2019-07-09 15:17:33.975,10650,10651,10650,1,-1
2019-07-09 15:17:34.037,10650,10651,10651,1,1
2019-07-09 15:17:34.228,10650,10651,10651,1,1
2019-07-09 15:17:34.358,10650,10651,10651,3,3
2019-07-09 15:17:34.680,10651,10652,10651,1,-1
2019-07-09 15:17:36.305,10650,10651,10651,11,11
2019-07-09 15:17:36.431,10650,10652,10652,1,1
2019-07-09 15:17:36.640,10650,10651,10651,1,1
2019-07-09 15:17:37.622,10650,10651,10651,3,3
2019-07-09 15:17:42.601,10650,10651,10651,1,1
2019-07-09 15:17:43.933,10650,10651,10651,1,1
2019-07-09 15:17:48.792,10650,10651,10651,3,3
2019-07-09 15:17:49.392,10650,10651,10651,4,4
2019-07-09 15:17:52.950,10651,10652,10652,3,3
2019-07-09 15:17:56.258,10651,10652,10652,3,3
2019-07-09 15:17:56.797,10651,10652,10651,7,-7
2019-07-09 15:17:57.186,10650,10651,10651,1,1
2019-07-09 15:17:57.200,10650,10651,10651,11,11
2019-07-09 15:17:57.930,10651,10652,10651,1,-1
2019-07-09 15:17:59.957,10650,10651,10650,1,-1
2019-07-09 15:18:05.414,10650,10651,10651,1,1
2019-07-09 15:18:06.083,10650,10651,10651,1,1
2019-07-09 15:18:10.083,10650,10651,10651,6,6
2019-07-09 15:18:12.768,10651,10652,10651,1,-1
2019-07-09 15:18:14.403,10651,10652,10652,3,3
2019-07-09 15:18:16.093,10651,10652,10652,9,9
2019-07-09 15:18:25.825,10651,10652,10652,17,17
2019-07-09 15:18:26.360,10651,10652,10652,4,4
2019-07-09 15:18:26.430,10652,10653,10652,1,-1
2019-07-09 15:18:30.778,10651,10652,10652,5,5
2019-07-09 15:18:31.865,10651,10652,10652,1,1
2019-07-09 15:18:32.387,10651,10652,10652,1,1
2019-07-09 15:18:42.470,10651,10652,10652,5,5
2019-07-09 15:18:43.307,10651,10652,10652,3,3
2019-07-09 15:18:44.801,10651,10652,10652,1,1
2019-07-09 15:18:47.680,10651,10652,10652,4,4
2019-07-09 15:18:47.680,10651,10652,10652,1,1
2019-07-09 15:18:48.413,10651,10652,10652,2,2
2019-07-09 15:18:52.938,10651,10652,10652,5,5
2019-07-09 15:19:14.638,10651,10652,10652,10,10
2019-07-09 15:19:27.675,10651,10652,10652,1,1
2019-07-09 15:19:35.968,10651,10652,10652,5,5
2019-07-09 15:19:36.991,10651,10652,10652,1,1
2019-07-09 15:19:37.578,10651,10652,10652,1,1
2019-07-09 15:19:38.116,10651,10652,10652,1,1
2019-07-09 15:19:38.813,10651,10652,10652,1,1
2019-07-09 15:19:39.288,10651,10653,10652,1,-1
2019-07-09 15:19:42.106,10651,10652,10652,1,1
2019-07-09 15:19:42.106,10651,10652,10653,6,6
2019-07-09 15:19:42.368,10651,10653,10653,1,1
2019-07-09 15:19:42.372,10651,10653,10653,4,4
2019-07-09 15:19:42.382,10651,10653,10653,2,2
2019-07-09 15:19:42.424,10651,10653,10653,2,2
2019-07-09 15:19:42.448,10651,10653,10653,2,2
2019-07-09 15:19:42.475,10651,10653,10653,2,2
2019-07-09 15:19:42.495,10651,10653,10653,2,2
2019-07-09 15:19:42.529,10651,10653,10653,2,2
2019-07-09 15:19:42.641,10652,10653,10653,1,1
2019-07-09 15:19:42.645,10652,10653,10653,2,2
2019-07-09 15:19:42.686,10652,10653,10653,2,2
2019-07-09 15:19:42.807,10652,10653,10653,2,2
2019-07-09 15:19:42.878,10652,10653,10653,2,2
2019-07-09 15:19:42.957,10652,10653,10653,2,2
2019-07-09 15:19:43.036,10652,10653,10653,2,2
2019-07-09 15:19:43.095,10652,10653,10653,2,2
2019-07-09 15:19:43.114,10652,10653,10653,2,2
2019-07-09 15:19:43.116,10652,10653,10654,1,1
2019-07-09 15:19:43.174,10652,10653,10654,2,2
2019-07-09 15:19:43.211,10652,10654,10654,2,2
2019-07-09 15:19:43.331,10652,10654,10654,2,2
2019-07-09 15:19:43.614,10652,10654,10653,1,-1
2019-07-09 15:19:43.614,10652,10654,10654,1,1
2019-07-09 15:19:43.735,10652,10654,10654,1,1
2019-07-09 15:19:43.792,10652,10654,10654,1,1
2019-07-09 15:19:43.803,10652,10654,10654,1,1
2019-07-09 15:19:44.207,10652,10654,10654,1,1
2019-07-09 15:19:48.531,10652,10653,10653,6,6
2019-07-09 15:19:53.844,10652,10653,10653,1,1
2019-07-09 15:19:54.405,10652,10653,10653,1,1
2019-07-09 15:19:54.405,10652,10653,10654,1,1
2019-07-09 15:19:55.160,10653,10654,10653,4,-4
2019-07-09 15:20:00.640,10652,10653,10653,1,1
2019-07-09 15:20:00.816,10652,10653,10653,2,2
2019-07-09 15:20:01.030,10652,10653,10653,1,1
2019-07-09 15:20:01.065,10652,10653,10653,1,1
2019-07-09 15:20:02.414,10652,10653,10653,1,1
2019-07-09 15:20:02.626,10652,10653,10653,2,2
2019-07-09 15:20:08.492,10652,10653,10652,2,-2
2019-07-09 15:20:12.003,10652,10653,10653,6,6
2019-07-09 15:20:12.829,10652,10653,10652,5,-5
2019-07-09 15:20:13.289,10652,10653,10652,12,-12
2019-07-09 15:20:13.663,10651,10652,10651,1,-1
2019-07-09 15:20:14.189,10651,10652,10652,11,11
2019-07-09 15:20:21.834,10651,10652,10652,5,5
2019-07-09 15:20:22.681,10651,10652,10652,5,5
2019-07-09 15:20:24.726,10651,10652,10652,1,1
2019-07-09 15:20:25.864,10651,10652,10652,1,1
2019-07-09 15:20:26.379,10651,10652,10652,1,1
2019-07-09 15:20:30.216,10651,10652,10652,2,2
2019-07-09 15:20:31.515,10651,10652,10651,1,-1
2019-07-09 15:20:32.901,10651,10652,10652,5,5
2019-07-09 15:20:34.928,10651,10652,10651,2,-2
2019-07-09 15:21:01.623,10651,10652,10652,5,5
2019-07-09 15:21:01.710,10651,10652,10653,2,2
2019-07-09 15:21:09.005,10651,10652,10652,1,1
2019-07-09 15:21:09.005,10651,10652,10653,3,3
2019-07-09 15:21:23.195,10651,10652,10652,1,1
2019-07-09 15:21:25.196,10651,10652,10652,1,1
2019-07-09 15:21:25.335,10651,10652,10652,1,1
2019-07-09 15:21:26.671,10651,10652,10652,3,3
2019-07-09 15:21:28.269,10652,10653,10652,1,-1
2019-07-09 15:21:33.786,10652,10653,10652,1,-1
2019-07-09 15:21:33.967,10652,10653,10653,20,20
2019-07-09 15:21:39.798,10652,10653,10653,10,10
2019-07-09 15:21:50.744,10652,10653,10653,1,1
2019-07-09 15:22:02.842,10652,10653,10653,1,1
2019-07-09 15:22:03.355,10652,10653,10653,1,1
2019-07-09 15:22:05.056,10652,10653,10652,5,-5
2019-07-09 15:22:05.586,10651,10652,10652,2,2
2019-07-09 15:22:05.586,10651,10652,10653,8,8
2019-07-09 15:22:07.577,10651,10653,10653,5,5
2019-07-09 15:22:26.617,10652,10653,10653,5,5
2019-07-09 15:22:33.461,10652,10653,10653,5,5
2019-07-09 15:22:35.312,10652,10653,10653,4,4
2019-07-09 15:22:41.890,10652,10653,10653,1,1
2019-07-09 15:22:47.568,10652,10653,10652,2,-2
2019-07-09 15:22:49.436,10652,10653,10652,1,-1
2019-07-09 15:22:56.083,10652,10653,10652,3,-3
2019-07-09 15:22:56.180,10652,10653,10652,2,-2
2019-07-09 15:22:57.651,10652,10653,10652,1,-1
2019-07-09 15:23:15.799,10652,10653,10653,20,20
2019-07-09 15:23:51.766,10652,10653,10653,1,1
2019-07-09 15:23:58.805,10652,10653,10652,1,-1
2019-07-09 15:24:00.120,10652,10653,10652,2,-2
2019-07-09 15:24:00.125,10652,10653,10652,5,-5
2019-07-09 15:24:21.429,10651,10652,10652,5,5
2019-07-09 15:24:24.396,10651,10652,10652,2,2
2019-07-09 15:24:26.198,10652,10653,10652,1,-1
2019-07-09 15:24:29.927,10652,10653,10653,1,1
2019-07-09 15:24:33.022,10652,10653,10652,1,-1
2019-07-09 15:24:33.292,10652,10653,10652,1,-1
2019-07-09 15:24:33.773,10652,10653,10652,1,-1
2019-07-09 15:24:36.769,10652,10653,10652,3,-3
2019-07-09 15:24:48.451,10651,10652,10652,2,2
2019-07-09 15:24:49.063,10652,10653,10652,4,-4
2019-07-09 15:24:50.181,10651,10652,10651,4,-4
2019-07-09 15:24:50.181,10651,10652,10651,5,-5
2019-07-09 15:24:50.181,10651,10652,10651,10,-10
2019-07-09 15:24:51.118,10650,10651,10650,1,-1
2019-07-09 15:24:55.243,10650,10651,10650,1,-1
2019-07-09 15:25:01.788,10650,10651,10650,1,-1
2019-07-09 15:25:05.606,10650,10651,10650,5,-5
2019-07-09 15:25:06.064,10650,10651,10651,10,10
2019-07-09 15:25:17.848,10650,10651,10651,5,5
2019-07-09 15:25:28.551,10650,10651,10651,5,5
2019-07-09 15:25:32.315,10650,10651,10651,1,1
2019-07-09 15:25:40.892,10650,10651,10651,1,1
2019-07-09 15:26:03.579,10650,10651,10650,1,-1
2019-07-09 15:26:09.561,10650,10651,10650,25,-25
2019-07-09 15:26:09.681,10650,10651,10650,2,-2
2019-07-09 15:26:17.128,10649,10650,10650,4,4
2019-07-09 15:26:17.181,10650,10651,10650,1,-1
2019-07-09 15:26:22.950,10650,10651,10650,1,-1
2019-07-09 15:26:29.298,10650,10651,10651,5,5
2019-07-09 15:26:30.341,10650,10651,10651,5,5
2019-07-09 15:26:31.427,10650,10651,10651,5,5
2019-07-09 15:26:33.089,10650,10651,10651,2,2
2019-07-09 15:26:43.986,10650,10651,10651,5,5
2019-07-09 15:26:49.641,10650,10651,10651,8,8
2019-07-09 15:26:49.642,10650,10651,10651,4,4
2019-07-09 15:26:49.992,10651,10652,10652,1,1
2019-07-09 15:26:50.390,10651,10652,10651,1,-1
2019-07-09 15:26:54.169,10651,10652,10652,20,20
2019-07-09 15:26:54.181,10651,10652,10652,1,1
2019-07-09 15:26:56.257,10651,10652,10652,5,5
2019-07-09 15:26:57.499,10651,10652,10652,5,5
2019-07-09 15:26:57.938,10651,10652,10652,1,1
2019-07-09 15:27:02.506,10651,10652,10652,5,5
2019-07-09 15:27:11.871,10651,10652,10652,1,1
2019-07-09 15:27:20.198,10651,10652,10652,5,5
2019-07-09 15:27:21.393,10651,10652,10652,4,4
2019-07-09 15:27:21.431,10652,10653,10652,1,-1
2019-07-09 15:27:21.812,10651,10653,10651,1,-1
2019-07-09 15:27:29.016,10651,10652,10652,1,1
2019-07-09 15:27:40.990,10652,10653,10652,3,-3
2019-07-09 15:27:41.912,10652,10653,10652,1,-1
2019-07-09 15:27:44.464,10652,10653,10653,1,1
2019-07-09 15:27:45.544,10652,10653,10653,1,1
2019-07-09 15:27:47.659,10652,10653,10652,1,-1
2019-07-09 15:28:00.259,10652,10653,10652,6,-6
2019-07-09 15:28:08.933,10651,10652,10652,1,1
2019-07-09 15:28:32.781,10651,10652,10652,1,1
2019-07-09 15:28:43.177,10651,10652,10652,5,5
2019-07-09 15:28:46.586,10651,10652,10652,2,2
2019-07-09 15:28:49.617,10651,10652,10652,5,5
2019-07-09 15:29:10.680,10652,10653,10653,12,12
2019-07-09 15:29:10.805,10652,10653,10653,1,1
2019-07-09 15:29:10.805,10652,10653,10653,16,16
2019-07-09 15:29:10.805,10652,10653,10653,1,1
2019-07-09 15:29:10.805,10652,10653,10653,1,1
2019-07-09 15:29:10.930,10652,10653,10653,2,2
2019-07-09 15:29:10.931,10652,10653,10653,5,5
2019-07-09 15:29:10.931,10652,10653,10653,1,1
2019-07-09 15:29:10.931,10652,10653,10653,1,1
2019-07-09 15:29:38.071,10653,10654,10654,5,5
2019-07-09 15:29:41.360,10653,10654,10654,5,5
2019-07-09 15:29:45.642,10653,10654,10654,5,5
2019-07-09 15:29:54.376,10653,10654,10654,5,5
2019-07-09 15:29:54.937,10653,10654,10654,5,5
2019-07-09 15:30:00.258,10653,10654,10654,5,5
2019-07-09 15:30:00.620,10653,10654,10654,1,1
2019-07-09 15:30:00.690,10653,10654,10653,1,-1
2019-07-09 15:30:00.841,10653,10654,10654,1,1
2019-07-09 15:30:00.975,10653,10654,10654,13,13
2019-07-09 15:30:01.056,10653,10654,10654,1,1
2019-07-09 15:30:01.071,10653,10654,10654,1,1
2019-07-09 15:30:01.220,10653,10655,10654,1,-1
2019-07-09 15:30:01.374,10653,10655,10655,2,2
2019-07-09 15:30:01.516,10654,10655,10655,1,1
2019-07-09 15:30:01.553,10654,10655,10655,1,1
2019-07-09 15:30:01.588,10654,10655,10655,1,1
2019-07-09 15:30:01.604,10654,10655,10655,4,4
2019-07-09 15:30:01.651,10654,10655,10655,2,2
2019-07-09 15:30:01.919,10654,10655,10655,2,2
2019-07-09 15:30:01.955,10654,10655,10655,2,2
2019-07-09 15:30:02.950,10654,10655,10654,11,-11
2019-07-09 15:30:03.002,10654,10655,10653,1,-1
2019-07-09 15:30:03.011,10654,10655,10653,2,-2
2019-07-09 15:30:06.855,10653,10654,10654,1,1
2019-07-09 15:30:11.174,10653,10654,10654,2,2
2019-07-09 15:30:12.013,10653,10654,10654,5,5
2019-07-09 15:30:13.243,10653,10654,10654,2,2
2019-07-09 15:30:14.950,10653,10654,10654,1,1
2019-07-09 15:30:15.258,10653,10654,10653,1,-1
2019-07-09 15:30:23.191,10653,10654,10654,2,2
2019-07-09 15:30:38.306,10653,10654,10654,1,1
2019-07-09 15:30:38.681,10653,10654,10654,1,1
2019-07-09 15:30:41.239,10653,10654,10653,15,-15
2019-07-09 15:30:45.211,10652,10653,10652,10,-10
2019-07-09 15:30:45.241,10652,10653,10652,2,-2
2019-07-09 15:30:50.855,10652,10653,10652,4,-4
2019-07-09 15:30:50.861,10652,10653,10652,1,-1
2019-07-09 15:30:50.867,10652,10653,10652,2,-2
2019-07-09 15:30:52.801,10651,10652,10652,7,7
2019-07-09 15:30:55.342,10651,10652,10652,1,1
2019-07-09 15:31:00.813,10651,10652,10652,5,5
2019-07-09 15:31:01.395,10651,10652,10652,1,1
2019-07-09 15:31:02.327,10651,10652,10652,5,5
2019-07-09 15:31:08.033,10651,10652,10652,1,1
2019-07-09 15:31:11.239,10651,10652,10652,1,1
2019-07-09 15:31:19.660,10651,10652,10652,3,3
2019-07-09 15:31:57.519,10652,10653,10652,1,-1
2019-07-09 15:32:00.113,10652,10653,10652,1,-1
2019-07-09 15:32:08.269,10652,10653,10652,1,-1
2019-07-09 15:32:09.106,10652,10653,10653,1,1
2019-07-09 15:32:23.228,10652,10653,10652,1,-1
2019-07-09 15:32:25.769,10652,10653,10652,1,-1
2019-07-09 15:32:27.411,10652,10653,10652,1,-1
2019-07-09 15:32:29.036,10652,10653,10652,10,-10
2019-07-09 15:32:36.150,10652,10653,10652,5,-5
2019-07-09 15:32:53.909,10652,10653,10652,1,-1
2019-07-09 15:33:01.834,10652,10653,10652,1,-1
2019-07-09 15:33:16.762,10652,10653,10652,10,-10
2019-07-09 15:33:16.806,10652,10653,10652,4,-4
2019-07-09 15:33:59.140,10651,10652,10651,1,-1
2019-07-09 15:34:04.953,10651,10652,10652,1,1
2019-07-09 15:34:05.417,10651,10652,10651,1,-1
2019-07-09 15:34:11.462,10651,10652,10652,10,10
2019-07-09 15:34:11.556,10652,10653,10652,10,-10
2019-07-09 15:34:38.177,10652,10653,10652,2,-2
2019-07-09 15:35:29.876,10651,10652,10652,2,2
2019-07-09 15:35:55.764,10651,10652,10652,2,2
2019-07-09 15:36:19.570,10651,10652,10651,1,-1
2019-07-09 15:36:23.357,10651,10652,10652,10,10
2019-07-09 15:36:25.801,10651,10652,10651,1,-1
2019-07-09 15:36:35.918,10651,10652,10651,1,-1
2019-07-09 15:36:43.285,10651,10652,10652,10,10
2019-07-09 15:36:46.680,10651,10652,10652,10,10
2019-07-09 15:36:50.652,10651,10652,10651,4,-4
2019-07-09 15:37:07.291,10651,10652,10652,1,1
2019-07-09 15:37:07.696,10651,10652,10651,1,-1
2019-07-09 15:37:07.735,10651,10652,10651,1,-1
2019-07-09 15:37:08.204,10651,10652,10651,1,-1
2019-07-09 15:37:08.305,10651,10652,10651,1,-1
2019-07-09 15:37:08.305,10651,10652,10651,1,-1
2019-07-09 15:37:09.250,10651,10652,10652,10,10
2019-07-09 15:37:10.207,10651,10652,10652,10,10
2019-07-09 15:37:24.117,10651,10652,10652,1,1
2019-07-09 15:37:28.589,10651,10652,10651,1,-1
2019-07-09 15:37:35.405,10651,10652,10651,1,-1
2019-07-09 15:37:37.385,10651,10652,10651,1,-1
2019-07-09 15:37:43.313,10651,10652,10651,1,-1
2019-07-09 15:37:45.251,10651,10652,10651,1,-1
2019-07-09 15:37:45.503,10651,10652,10651,1,-1
2019-07-09 15:37:48.532,10651,10652,10651,1,-1
2019-07-09 15:37:51.957,10651,10652,10651,1,-1
2019-07-09 15:37:59.082,10651,10652,10651,2,-2
2019-07-09 15:37:59.320,10651,10652,10651,1,-1
2019-07-09 15:38:00.852,10650,10651,10651,4,4
2019-07-09 15:38:09.329,10651,10652,10651,1,-1
2019-07-09 15:38:12.562,10651,10652,10652,10,10
2019-07-09 15:38:12.680,10651,10652,10652,23,23
2019-07-09 15:38:19.304,10652,10653,10652,1,-1
2019-07-09 15:38:19.596,10652,10653,10652,1,-1
2019-07-09 15:38:29.698,10652,10653,10652,1,-1
2019-07-09 15:38:49.574,10652,10653,10652,11,-11
2019-07-09 15:39:12.495,10651,10652,10651,1,-1
2019-07-09 15:39:21.944,10651,10652,10651,1,-1
2019-07-09 15:40:06.647,10651,10652,10651,1,-1
2019-07-09 15:40:08.069,10651,10652,10651,2,-2
2019-07-09 15:40:23.495,10651,10652,10651,1,-1
2019-07-09 15:40:50.872,10651,10652,10652,10,10
2019-07-09 15:41:09.383,10651,10652,10651,1,-1
2019-07-09 15:41:42.596,10651,10652,10652,8,8
2019-07-09 15:41:44.149,10651,10652,10652,1,1
2019-07-09 15:41:46.558,10651,10652,10652,4,4
2019-07-09 15:41:52.157,10652,10653,10652,6,-6
2019-07-09 15:41:53.899,10651,10653,10652,1,-1
2019-07-09 15:41:56.030,10651,10653,10653,1,1
2019-07-09 15:42:18.555,10652,10653,10652,16,-16
2019-07-09 15:42:18.680,10652,10653,10652,5,-5
2019-07-09 15:42:18.680,10652,10653,10652,1,-1
2019-07-09 15:42:18.681,10652,10653,10652,10,-10
2019-07-09 15:42:26.805,10651,10652,10651,11,-11
2019-07-09 15:42:26.810,10651,10652,10652,1,1
2019-07-09 15:42:48.902,10651,10652,10652,10,10
2019-07-09 15:43:00.821,10651,10652,10652,2,2
2019-07-09 15:43:15.256,10651,10652,10651,13,-13
2019-07-09 15:43:33.399,10650,10651,10651,4,4
2019-07-09 15:43:33.433,10651,10652,10651,6,-6
2019-07-09 15:43:38.952,10650,10651,10651,2,2
2019-07-09 15:43:39.592,10651,10652,10651,1,-1
2019-07-09 15:43:40.866,10651,10652,10651,9,-9
2019-07-09 15:43:48.323,10650,10651,10650,1,-1
2019-07-09 15:43:48.779,10650,10651,10650,1,-1
2019-07-09 15:43:49.575,10650,10651,10650,2,-2
2019-07-09 15:43:49.663,10650,10651,10650,1,-1
2019-07-09 15:43:50.987,10650,10651,10650,2,-2
2019-07-09 15:43:51.492,10650,10651,10650,2,-2
2019-07-09 15:43:51.492,10650,10651,10650,3,-3
2019-07-09 15:43:51.492,10650,10651,10650,4,-4
2019-07-09 15:43:51.492,10650,10651,10650,4,-4
2019-07-09 15:43:51.492,10650,10651,10650,4,-4
2019-07-09 15:43:51.492,10650,10651,10650,4,-4
2019-07-09 15:43:51.492,10650,10651,10650,9,-9
2019-07-09 15:43:51.492,10650,10651,10650,3,-3
2019-07-09 15:43:51.492,10650,10651,10650,3,-3
2019-07-09 15:43:51.493,10650,10651,10650,1,-1
2019-07-09 15:43:54.694,10649,10650,10649,1,-1
2019-07-09 15:43:54.868,10649,10650,10649,1,-1
2019-07-09 15:43:57.502,10649,10650,10649,1,-1
2019-07-09 15:43:58.203,10649,10650,10649,1,-1
2019-07-09 15:43:59.004,10649,10650,10649,1,-1
2019-07-09 15:44:10.769,10649,10650,10650,9,9
2019-07-09 15:44:13.564,10650,10651,10650,1,-1
2019-07-09 15:44:22.958,10649,10650,10650,1,1
2019-07-09 15:44:25.945,10649,10650,10649,1,-1
2019-07-09 15:44:26.316,10649,10650,10649,1,-1
2019-07-09 15:44:28.148,10649,10650,10650,20,20
2019-07-09 15:44:29.603,10649,10650,10649,2,-2
2019-07-09 15:44:30.066,10649,10650,10650,20,20
2019-07-09 15:44:34.094,10649,10650,10650,1,1
2019-07-09 15:44:35.952,10649,10650,10650,1,1
2019-07-09 15:44:38.074,10649,10650,10649,5,-5
2019-07-09 15:44:38.539,10649,10650,10650,1,1
2019-07-09 15:44:45.864,10649,10650,10649,8,-8
2019-07-09 15:44:49.601,10649,10650,10649,1,-1
2019-07-09 15:44:51.688,10649,10650,10649,7,-7
2019-07-09 15:44:53.148,10648,10649,10649,5,5
2019-07-09 15:44:55.315,10648,10649,10649,4,4
2019-07-09 15:44:57.868,10649,10650,10650,1,1
2019-07-09 15:44:58.508,10649,10650,10649,1,-1
2019-07-09 15:44:58.902,10649,10650,10649,1,-1
2019-07-09 15:44:59.299,10649,10650,10649,1,-1
2019-07-09 15:45:02.095,10649,10650,10649,1,-1
2019-07-09 15:45:06.675,10649,10650,10649,1,-1
2019-07-09 15:45:16.431,10649,10650,10649,1,-1
2019-07-09 15:45:18.624,10649,10650,10649,1,-1
2019-07-09 15:45:24.122,10649,10650,10649,3,-3
2019-07-09 15:45:25.818,10649,10650,10649,1,-1
2019-07-09 15:45:26.379,10648,10649,10649,1,1
2019-07-09 15:45:36.328,10648,10649,10649,16,16
2019-07-09 15:45:38.017,10649,10650,10649,23,-23
2019-07-09 15:45:39.622,10649,10650,10649,10,-10
2019-07-09 15:45:39.734,10649,10650,10649,1,-1
2019-07-09 15:45:53.713,10649,10650,10649,2,-2
2019-07-09 15:45:55.122,10649,10650,10649,2,-2
2019-07-09 15:45:58.891,10649,10650,10649,1,-1
2019-07-09 15:46:05.605,10649,10650,10649,1,-1
2019-07-09 15:46:06.066,10649,10650,10649,1,-1
2019-07-09 15:46:16.075,10649,10650,10649,1,-1
2019-07-09 15:46:18.894,10648,10649,10649,1,1
2019-07-09 15:46:28.621,10648,10649,10649,1,1
2019-07-09 15:46:31.113,10648,10649,10649,3,3
2019-07-09 15:46:43.702,10648,10649,10648,3,-3
2019-07-09 15:46:43.942,10648,10649,10648,1,-1
2019-07-09 15:46:45.031,10648,10649,10648,2,-2
2019-07-09 15:46:51.465,10648,10649,10648,1,-1
2019-07-09 15:47:01.659,10648,10649,10648,1,-1
2019-07-09 15:47:03.870,10648,10649,10648,1,-1
2019-07-09 15:47:03.935,10648,10649,10648,1,-1
2019-07-09 15:47:06.707,10648,10649,10648,1,-1
2019-07-09 15:47:07.270,10648,10649,10648,1,-1
2019-07-09 15:47:07.667,10648,10649,10648,1,-1
2019-07-09 15:47:10.887,10648,10649,10648,1,-1
2019-07-09 15:47:11.523,10648,10649,10648,1,-1
2019-07-09 15:47:13.798,10648,10649,10648,1,-1
2019-07-09 15:47:15.503,10648,10649,10648,2,-2
2019-07-09 15:47:17.625,10648,10649,10648,5,-5
2019-07-09 15:47:30.501,10647,10648,10647,1,-1
2019-07-09 15:47:30.780,10647,10648,10647,1,-1
2019-07-09 15:47:30.788,10647,10648,10647,1,-1
2019-07-09 15:47:30.812,10647,10648,10647,1,-1
2019-07-09 15:47:55.502,10647,10648,10647,1,-1
2019-07-09 15:47:57.593,10647,10648,10647,1,-1
2019-07-09 15:48:01.104,10647,10648,10648,2,2
2019-07-09 15:48:13.781,10647,10648,10648,1,1
2019-07-09 15:48:22.756,10647,10648,10648,1,1
2019-07-09 15:48:39.626,10647,10648,10648,1,1
2019-07-09 15:48:48.922,10647,10648,10647,2,-2
2019-07-09 15:48:55.438,10647,10648,10647,1,-1
2019-07-09 15:49:02.435,10647,10648,10648,1,1
2019-07-09 15:49:05.904,10647,10648,10647,1,-1
2019-07-09 15:49:08.979,10647,10648,10647,1,-1
2019-07-09 15:49:09.659,10647,10648,10647,1,-1
2019-07-09 15:49:10.212,10647,10648,10647,1,-1
2019-07-09 15:49:11.139,10647,10648,10647,1,-1
2019-07-09 15:49:17.719,10647,10648,10647,1,-1
2019-07-09 15:49:17.826,10647,10648,10647,1,-1
2019-07-09 15:49:23.799,10647,10648,10648,1,1
2019-07-09 15:49:33.954,10647,10648,10647,4,-4
2019-07-09 15:49:37.050,10647,10648,10647,5,-5
2019-07-09 15:49:37.160,10647,10648,10648,1,1
2019-07-09 15:49:40.799,10647,10648,10647,3,-3
2019-07-09 15:49:41.617,10647,10648,10647,1,-1
2019-07-09 15:49:42.554,10647,10648,10647,1,-1
2019-07-09 15:49:43.785,10647,10648,10647,1,-1
2019-07-09 15:49:44.656,10647,10648,10647,1,-1
2019-07-09 15:49:45.386,10647,10648,10647,1,-1
2019-07-09 15:49:47.212,10646,10647,10647,1,1
2019-07-09 15:50:00.668,10646,10647,10647,7,7
2019-07-09 15:50:00.845,10646,10647,10647,1,1
2019-07-09 15:50:00.850,10646,10647,10646,2,-2
2019-07-09 15:50:00.942,10646,10647,10646,1,-1
2019-07-09 15:50:02.306,10646,10647,10646,4,-4
2019-07-09 15:50:02.378,10646,10647,10646,2,-2
2019-07-09 15:50:02.431,10646,10647,10646,2,-2
2019-07-09 15:50:02.431,10646,10647,10646,1,-1
2019-07-09 15:50:02.431,10646,10647,10646,4,-4
2019-07-09 15:50:03.649,10645,10646,10646,1,1
2019-07-09 15:50:06.816,10645,10646,10646,1,1
2019-07-09 15:50:07.849,10645,10646,10646,1,1
2019-07-09 15:50:11.822,10645,10646,10646,1,1
2019-07-09 15:50:12.515,10645,10646,10646,1,1
2019-07-09 15:50:17.119,10645,10646,10645,9,-9
2019-07-09 15:50:21.609,10645,10646,10645,13,-13
2019-07-09 15:50:21.609,10645,10646,10645,2,-2
2019-07-09 15:50:21.609,10645,10646,10645,4,-4
2019-07-09 15:50:21.612,10645,10646,10645,1,-1
2019-07-09 15:50:21.613,10645,10646,10645,1,-1
2019-07-09 15:50:21.681,10645,10646,10645,1,-1
2019-07-09 15:50:21.681,10645,10646,10645,2,-2
2019-07-09 15:50:21.681,10645,10646,10645,1,-1
2019-07-09 15:50:21.681,10645,10646,10645,2,-2
2019-07-09 15:50:21.681,10645,10646,10645,4,-4
2019-07-09 15:50:21.681,10645,10646,10645,2,-2
2019-07-09 15:50:21.681,10645,10646,10645,5,-5
2019-07-09 15:50:21.681,10645,10646,10645,2,-2
2019-07-09 15:50:21.681,10645,10646,10645,1,-1
2019-07-09 15:50:21.681,10645,10646,10645,4,-4
2019-07-09 15:50:22.136,10644,10645,10645,1,1
2019-07-09 15:50:22.136,10644,10645,10645,1,1
2019-07-09 15:50:22.136,10644,10645,10645,2,2
2019-07-09 15:50:22.136,10644,10645,10645,1,1
2019-07-09 15:50:23.517,10645,10646,10645,5,-5
2019-07-09 15:50:28.558,10645,10646,10645,10,-10
2019-07-09 15:50:30.848,10645,10646,10645,1,-1
2019-07-09 15:50:35.392,10645,10646,10645,5,-5
2019-07-09 15:50:38.560,10645,10646,10645,1,-1
2019-07-09 15:50:38.903,10645,10646,10645,1,-1
2019-07-09 15:50:46.425,10645,10646,10645,1,-1
2019-07-09 15:50:46.967,10645,10646,10645,1,-1
2019-07-09 15:50:47.436,10645,10646,10645,1,-1
2019-07-09 15:50:48.463,10645,10646,10645,8,-8
2019-07-09 15:50:50.372,10644,10645,10645,1,1
2019-07-09 15:50:52.208,10644,10645,10645,2,2
2019-07-09 15:50:55.083,10644,10645,10645,1,1
2019-07-09 15:51:08.810,10644,10645,10644,1,-1
2019-07-09 15:51:09.164,10644,10645,10644,2,-2
2019-07-09 15:51:12.963,10644,10645,10645,21,21
2019-07-09 15:51:18.814,10645,10646,10645,1,-1
2019-07-09 15:51:19.499,10645,10646,10645,1,-1
2019-07-09 15:51:20.200,10645,10646,10645,1,-1
2019-07-09 15:51:20.926,10645,10646,10645,1,-1
2019-07-09 15:51:22.733,10645,10646,10645,6,-6
2019-07-09 15:51:25.602,10644,10645,10645,4,4
2019-07-09 15:51:25.680,10644,10645,10645,1,1
2019-07-09 15:51:25.843,10644,10645,10645,1,1
2019-07-09 15:51:27.076,10645,10646,10645,1,-1
2019-07-09 15:51:28.211,10645,10646,10645,1,-1
2019-07-09 15:51:34.019,10644,10645,10645,3,3
2019-07-09 15:51:49.024,10644,10645,10645,1,1
2019-07-09 15:51:49.055,10644,10645,10645,6,6
2019-07-09 15:51:49.180,10644,10645,10645,1,1
2019-07-09 15:51:49.180,10644,10645,10645,1,1
2019-07-09 15:51:49.180,10644,10645,10645,4,4
2019-07-09 15:51:50.048,10645,10646,10646,3,3
2019-07-09 15:51:52.326,10645,10646,10645,1,-1
2019-07-09 15:51:54.735,10645,10646,10645,1,-1
2019-07-09 15:51:54.898,10645,10646,10645,1,-1
2019-07-09 15:51:57.470,10645,10646,10645,7,-7
2019-07-09 15:52:01.518,10645,10646,10645,2,-2
2019-07-09 15:52:03.231,10644,10645,10645,1,1
2019-07-09 15:52:07.620,10644,10646,10644,1,-1
2019-07-09 15:52:11.371,10644,10645,10645,1,1
2019-07-09 15:52:12.372,10644,10645,10645,1,1
2019-07-09 15:52:14.602,10644,10645,10644,2,-2
2019-07-09 15:52:28.394,10644,10645,10645,1,1
2019-07-09 15:52:28.740,10644,10645,10645,1,1
2019-07-09 15:52:28.742,10644,10645,10645,1,1
2019-07-09 15:52:38.172,10645,10646,10645,1,-1
2019-07-09 15:52:45.983,10644,10645,10645,1,1
2019-07-09 15:52:45.983,10644,10645,10645,1,1
2019-07-09 15:52:46.333,10645,10646,10645,1,-1
2019-07-09 15:52:51.671,10645,10646,10645,6,-6
2019-07-09 15:52:51.991,10644,10645,10645,1,1
2019-07-09 15:52:57.778,10644,10645,10645,1,1
2019-07-09 15:53:00.966,10644,10645,10644,4,-4
2019-07-09 15:53:23.510,10644,10645,10645,1,1
2019-07-09 15:53:27.014,10644,10645,10645,1,1
2019-07-09 15:53:28.490,10644,10645,10644,1,-1
2019-07-09 15:53:30.684,10644,10645,10645,1,1
2019-07-09 15:53:30.805,10644,10645,10645,1,1
2019-07-09 15:53:30.930,10644,10645,10645,1,1
2019-07-09 15:53:31.055,10644,10645,10645,1,1
2019-07-09 15:53:31.180,10644,10645,10645,2,2
2019-07-09 15:53:31.305,10644,10645,10645,1,1
2019-07-09 15:53:31.305,10644,10645,10645,3,3
2019-07-09 15:53:32.192,10645,10646,10645,1,-1
2019-07-09 15:53:32.804,10645,10646,10645,2,-2
2019-07-09 15:53:32.804,10645,10646,10644,95,-95
2019-07-09 15:53:32.807,10643,10644,10643,3,-3
2019-07-09 15:53:32.809,10643,10644,10644,5,5
2019-07-09 15:53:32.959,10643,10644,10643,3,-3
2019-07-09 15:53:32.960,10643,10644,10643,4,-4
2019-07-09 15:53:32.963,10643,10644,10643,1,-1
2019-07-09 15:53:32.995,10643,10644,10643,5,-5
2019-07-09 15:53:33.113,10643,10644,10643,1,-1
2019-07-09 15:53:33.160,10643,10644,10643,1,-1
2019-07-09 15:53:40.551,10643,10644,10644,1,1
2019-07-09 15:53:42.189,10643,10644,10643,1,-1
2019-07-09 15:53:42.357,10643,10644,10643,1,-1
2019-07-09 15:53:46.049,10643,10644,10643,1,-1
2019-07-09 15:53:46.297,10643,10644,10643,1,-1
2019-07-09 15:54:05.808,10643,10644,10643,5,-5
2019-07-09 15:54:06.807,10643,10644,10643,3,-3
2019-07-09 15:54:07.005,10643,10644,10643,1,-1
2019-07-09 15:54:07.107,10643,10644,10643,3,-3
2019-07-09 15:54:07.116,10643,10644,10643,1,-1
2019-07-09 15:54:07.683,10643,10644,10643,3,-3
2019-07-09 15:54:11.430,10643,10644,10643,6,-6
2019-07-09 15:54:20.357,10642,10643,10643,1,1
2019-07-09 15:54:23.050,10642,10643,10643,3,3
2019-07-09 15:54:29.783,10642,10643,10642,1,-1
2019-07-09 15:54:29.847,10642,10643,10642,1,-1
2019-07-09 15:54:29.854,10642,10643,10642,1,-1
2019-07-09 15:54:30.931,10642,10643,10642,25,-25
2019-07-09 15:54:36.137,10642,10643,10642,1,-1
2019-07-09 15:54:37.895,10642,10643,10642,1,-1
2019-07-09 15:54:46.716,10642,10643,10642,1,-1
2019-07-09 15:54:59.587,10642,10643,10642,1,-1
2019-07-09 15:55:00.026,10642,10643,10642,1,-1
2019-07-09 15:55:01.182,10642,10643,10643,1,1
2019-07-09 15:55:01.277,10642,10643,10642,1,-1
2019-07-09 15:55:02.545,10642,10643,10642,2,-2
2019-07-09 15:55:06.137,10642,10643,10643,2,2
2019-07-09 15:55:10.540,10642,10643,10643,2,2
2019-07-09 15:55:11.305,10642,10643,10643,3,3
2019-07-09 15:55:30.451,10643,10644,10643,2,-2
2019-07-09 15:55:30.456,10643,10644,10643,2,-2
2019-07-09 15:55:34.182,10643,10644,10643,1,-1
2019-07-09 15:55:40.195,10643,10644,10643,1,-1
2019-07-09 15:55:47.805,10643,10644,10644,18,18
2019-07-09 15:55:47.806,10643,10644,10644,4,4
2019-07-09 15:55:47.806,10643,10644,10644,2,2
2019-07-09 15:55:47.806,10643,10644,10644,3,3
2019-07-09 15:55:47.822,10643,10644,10644,1,1
2019-07-09 15:55:51.941,10644,10645,10644,1,-1
2019-07-09 15:56:08.254,10644,10645,10644,1,-1
2019-07-09 15:56:14.139,10644,10645,10645,2,2
2019-07-09 15:56:14.970,10644,10645,10645,2,2
2019-07-09 15:56:34.634,10644,10645,10644,1,-1
2019-07-09 15:56:35.750,10644,10645,10645,2,2
2019-07-09 15:56:36.004,10644,10645,10645,1,1
2019-07-09 15:56:37.126,10644,10645,10645,25,25
2019-07-09 15:56:39.974,10644,10645,10645,25,25
2019-07-09 15:56:42.619,10644,10645,10645,2,2
2019-07-09 15:56:44.348,10644,10645,10645,1,1
2019-07-09 15:56:44.385,10644,10645,10645,3,3
2019-07-09 15:56:45.219,10645,10646,10645,1,-1
2019-07-09 15:56:46.669,10644,10645,10645,1,1
2019-07-09 15:56:48.529,10644,10645,10645,1,1
2019-07-09 15:56:49.538,10644,10645,10645,1,1
2019-07-09 15:56:59.070,10644,10645,10645,1,1
2019-07-09 15:57:01.820,10644,10645,10645,1,1
2019-07-09 15:57:06.930,10644,10645,10644,16,-16
2019-07-09 15:57:08.949,10643,10644,10644,1,1
2019-07-09 15:57:11.057,10643,10644,10643,2,-2
2019-07-09 15:57:16.266,10643,10644,10643,1,-1
2019-07-09 15:57:16.866,10643,10644,10643,1,-1
2019-07-09 15:57:36.144,10643,10644,10644,5,5
2019-07-09 15:57:36.208,10643,10645,10644,1,-1
2019-07-09 15:57:36.353,10644,10645,10644,1,-1
2019-07-09 15:57:40.553,10644,10645,10644,3,-3
2019-07-09 15:57:49.991,10644,10645,10644,1,-1
2019-07-09 15:57:50.131,10644,10645,10644,1,-1
2019-07-09 15:57:54.231,10644,10645,10644,1,-1
2019-07-09 15:57:57.946,10644,10645,10644,2,-2
2019-07-09 15:58:30.228,10643,10644,10644,1,1
2019-07-09 15:58:47.761,10643,10644,10644,13,13
2019-07-09 15:58:53.220,10643,10644,10644,1,1
2019-07-09 15:59:09.000,10644,10645,10644,1,-1
2019-07-09 15:59:22.004,10644,10645,10644,1,-1
2019-07-09 15:59:26.547,10644,10645,10645,2,2
2019-07-09 15:59:27.121,10644,10645,10644,1,-1
2019-07-09 15:59:30.680,10644,10645,10644,1,-1
2019-07-09 15:59:32.007,10644,10645,10644,1,-1
2019-07-09 15:59:32.007,10644,10645,10644,1,-1
2019-07-09 15:59:32.010,10644,10645,10644,2,-2
2019-07-09 15:59:34.613,10643,10644,10644,1,1
2019-07-09 15:59:53.490,10644,10645,10644,2,-2
2019-07-09 15:59:53.490,10644,10645,10643,1,-1
2019-07-09 15:59:56.116,10643,10644,10643,1,-1
2019-07-09 15:59:57.587,10643,10644,10643,2,-2
2019-07-09 15:59:59.170,10643,10644,10643,1,-1
2019-07-09 16:00:01.826,10643,10644,10643,1,-1
2019-07-09 16:00:06.112,10643,10644,10643,1,-1
2019-07-09 16:00:06.930,10643,10644,10643,20,-20
2019-07-09 16:00:07.056,10643,10644,10643,3,-3
2019-07-09 16:00:07.056,10643,10644,10643,2,-2
2019-07-09 16:00:07.056,10643,10644,10643,3,-3
2019-07-09 16:00:07.056,10643,10644,10643,3,-3
2019-07-09 16:00:07.768,10642,10643,10643,1,1
2019-07-09 16:00:10.031,10642,10643,10642,1,-1
2019-07-09 16:00:11.739,10642,10643,10642,1,-1
2019-07-09 16:00:14.256,10642,10643,10642,1,-1
2019-07-09 16:00:15.109,10642,10643,10642,1,-1
2019-07-09 16:00:17.960,10642,10643,10642,1,-1
2019-07-09 16:00:26.280,10642,10643,10642,1,-1
2019-07-09 16:00:26.453,10642,10643,10643,2,2
2019-07-09 16:00:30.196,10643,10644,10643,3,-3
2019-07-09 16:00:38.237,10643,10644,10643,1,-1
2019-07-09 16:00:41.812,10643,10644,10643,4,-4
2019-07-09 16:00:43.978,10642,10643,10643,1,1
2019-07-09 16:00:51.163,10643,10644,10643,2,-2
2019-07-09 16:01:00.475,10643,10644,10643,1,-1
2019-07-09 16:01:01.869,10643,10644,10643,1,-1
2019-07-09 16:01:05.828,10643,10644,10643,3,-3
2019-07-09 16:01:17.314,10643,10644,10643,1,-1
2019-07-09 16:01:17.681,10643,10644,10644,14,14
2019-07-09 16:01:19.880,10644,10645,10644,1,-1
2019-07-09 16:01:38.199,10644,10645,10644,1,-1
2019-07-09 16:02:01.657,10644,10645,10645,2,2
2019-07-09 16:02:09.104,10644,10645,10645,1,1
2019-07-09 16:02:09.773,10644,10645,10645,1,1
2019-07-09 16:02:10.042,10644,10645,10645,1,1
2019-07-09 16:02:11.691,10644,10645,10645,8,8
2019-07-09 16:02:11.805,10644,10645,10645,4,4
2019-07-09 16:02:21.839,10645,10646,10645,1,-1
2019-07-09 16:02:23.072,10645,10646,10645,2,-2
2019-07-09 16:02:41.474,10645,10646,10645,1,-1
2019-07-09 16:02:57.871,10645,10646,10645,1,-1
2019-07-09 16:03:20.263,10645,10646,10645,1,-1
2019-07-09 16:03:20.431,10645,10646,10645,16,-16
2019-07-09 16:03:20.899,10644,10645,10645,6,6
2019-07-09 16:03:32.846,10644,10645,10645,2,2
2019-07-09 16:03:33.341,10645,10646,10645,1,-1
2019-07-09 16:03:33.608,10645,10646,10646,1,1
2019-07-09 16:03:35.224,10645,10646,10645,2,-2
2019-07-09 16:03:48.691,10645,10646,10645,1,-1
2019-07-09 16:03:50.663,10645,10646,10645,1,-1
2019-07-09 16:03:52.555,10645,10646,10645,4,-4
2019-07-09 16:03:52.680,10645,10646,10645,1,-1
2019-07-09 16:03:52.680,10645,10646,10645,2,-2
2019-07-09 16:04:45.453,10644,10645,10645,10,10
2019-07-09 16:04:58.560,10644,10645,10644,10,-10
2019-07-09 16:05:14.004,10643,10644,10644,5,5
2019-07-09 16:05:14.056,10644,10645,10644,2,-2
2019-07-09 16:05:15.312,10644,10645,10644,1,-1
2019-07-09 16:05:20.582,10644,10645,10644,1,-1
2019-07-09 16:05:23.877,10644,10645,10645,1,1
2019-07-09 16:05:28.119,10644,10645,10644,1,-1
2019-07-09 16:05:36.109,10644,10645,10644,2,-2
2019-07-09 16:05:37.135,10644,10645,10644,1,-1
2019-07-09 16:05:45.821,10644,10645,10644,1,-1
2019-07-09 16:05:49.721,10643,10644,10643,1,-1
2019-07-09 16:05:53.927,10643,10644,10643,5,-5
2019-07-09 16:06:06.807,10643,10644,10643,1,-1
2019-07-09 16:06:08.386,10643,10644,10643,10,-10
2019-07-09 16:06:11.230,10643,10644,10643,1,-1
2019-07-09 16:06:11.279,10643,10644,10643,2,-2
2019-07-09 16:06:13.179,10643,10644,10643,1,-1
2019-07-09 16:06:29.067,10643,10644,10643,8,-8
2019-07-09 16:06:34.303,10643,10644,10643,1,-1
2019-07-09 16:06:34.512,10643,10644,10643,3,-3
2019-07-09 16:06:43.555,10642,10643,10643,2,2
2019-07-09 16:06:52.363,10642,10643,10643,1,1
2019-07-09 16:07:16.152,10642,10643,10643,1,1
2019-07-09 16:07:21.402,10642,10643,10643,4,4
2019-07-09 16:08:02.405,10643,10644,10644,13,13
2019-07-09 16:08:03.227,10644,10645,10644,1,-1
2019-07-09 16:08:15.694,10644,10645,10645,1,1
2019-07-09 16:08:21.193,10644,10645,10644,3,-3
2019-07-09 16:08:32.670,10643,10644,10643,3,-3
2019-07-09 16:08:40.104,10643,10644,10643,1,-1
2019-07-09 16:08:40.417,10643,10644,10643,3,-3
2019-07-09 16:08:49.519,10643,10644,10643,3,-3
2019-07-09 16:08:49.532,10643,10644,10643,1,-1
2019-07-09 16:08:49.555,10643,10644,10643,2,-2
2019-07-09 16:08:54.134,10642,10643,10643,1,1
2019-07-09 16:09:17.420,10642,10643,10642,1,-1
2019-07-09 16:09:17.485,10642,10643,10642,2,-2
2019-07-09 16:09:19.452,10642,10643,10643,1,1
2019-07-09 16:09:20.557,10642,10643,10643,1,1
2019-07-09 16:09:33.938,10642,10643,10643,1,1
2019-07-09 16:09:40.931,10642,10643,10643,1,1
2019-07-09 16:09:44.703,10642,10643,10643,1,1
2019-07-09 16:09:46.613,10642,10643,10643,2,2
2019-07-09 16:09:48.757,10642,10643,10643,2,2
2019-07-09 16:09:51.585,10642,10643,10642,8,-8
2019-07-09 16:09:53.245,10642,10643,10643,1,1
2019-07-09 16:10:04.784,10642,10643,10642,1,-1
2019-07-09 16:10:04.857,10642,10643,10642,1,-1
2019-07-09 16:10:04.887,10642,10643,10642,1,-1
2019-07-09 16:10:04.903,10642,10643,10642,1,-1
2019-07-09 16:10:04.922,10642,10643,10642,1,-1
2019-07-09 16:10:04.956,10642,10643,10642,1,-1
2019-07-09 16:10:04.984,10642,10643,10642,2,-2
2019-07-09 16:10:05.000,10642,10643,10642,1,-1
2019-07-09 16:10:05.292,10642,10643,10643,2,2
2019-07-09 16:10:10.028,10642,10643,10642,1,-1
2019-07-09 16:10:10.031,10642,10643,10642,1,-1
2019-07-09 16:10:10.035,10642,10643,10642,3,-3
2019-07-09 16:10:10.055,10642,10643,10642,3,-3
2019-07-09 16:10:10.055,10642,10643,10642,7,-7
2019-07-09 16:10:10.845,10642,10643,10642,2,-2
2019-07-09 16:10:11.331,10642,10643,10642,3,-3
2019-07-09 16:10:39.718,10642,10643,10643,1,1
2019-07-09 16:10:52.177,10642,10643,10643,1,1
2019-07-09 16:10:56.344,10642,10643,10643,5,5
2019-07-09 16:11:31.784,10643,10644,10643,1,-1
2019-07-09 16:11:49.951,10643,10644,10644,1,1
2019-07-09 16:11:50.055,10643,10644,10644,9,9
2019-07-09 16:11:50.544,10644,10645,10644,2,-2
2019-07-09 16:12:53.302,10644,10645,10644,1,-1
2019-07-09 16:12:53.462,10644,10645,10645,1,1
2019-07-09 16:12:53.874,10644,10645,10645,1,1
2019-07-09 16:13:06.759,10644,10645,10645,1,1
2019-07-09 16:13:12.427,10644,10645,10645,4,4
2019-07-09 16:13:22.024,10644,10645,10645,1,1
2019-07-09 16:13:27.555,10644,10645,10645,1,1
2019-07-09 16:13:30.917,10644,10645,10645,1,1
2019-07-09 16:13:32.443,10644,10645,10645,1,1
2019-07-09 16:13:36.446,10644,10645,10645,1,1
2019-07-09 16:13:36.555,10644,10645,10645,12,12
2019-07-09 16:13:37.754,10645,10646,10645,1,-1
2019-07-09 16:13:37.938,10644,10645,10645,1,1
2019-07-09 16:13:55.959,10644,10645,10645,1,1
2019-07-09 16:13:59.549,10645,10646,10645,5,-5
2019-07-09 16:14:02.200,10645,10646,10645,1,-1
2019-07-09 16:14:02.236,10645,10646,10645,1,-1
2019-07-09 16:14:26.683,10644,10645,10645,1,1
2019-07-09 16:14:29.162,10644,10645,10645,1,1
2019-07-09 16:14:29.744,10644,10645,10645,3,3
2019-07-09 16:14:29.744,10644,10645,10646,2,2
2019-07-09 16:14:30.086,10644,10646,10646,1,1
2019-07-09 16:14:30.117,10644,10646,10644,1,-1
2019-07-09 16:15:01.137,10645,10646,10646,1,1
2019-07-09 16:15:01.410,10645,10646,10646,1,1
2019-07-09 16:15:01.619,10645,10646,10645,2,-2
2019-07-09 16:15:01.634,10645,10646,10645,2,-2
2019-07-09 16:15:10.343,10645,10646,10645,1,-1
2019-07-09 16:15:17.208,10645,10646,10645,1,-1
2019-07-09 16:16:00.633,10645,10646,10646,1,1
2019-07-09 16:16:13.673,10645,10646,10645,5,-5
2019-07-09 16:16:17.867,10645,10646,10646,2,2
2019-07-09 16:17:02.410,10645,10646,10645,1,-1
2019-07-09 16:17:15.081,10645,10646,10645,2,-2
2019-07-09 16:17:51.556,10645,10646,10646,1,1
2019-07-09 16:17:54.613,10645,10646,10645,1,-1
2019-07-09 16:18:04.033,10645,10646,10645,10,-10
2019-07-09 16:18:19.634,10645,10646,10646,2,2
2019-07-09 16:18:21.785,10645,10646,10645,1,-1
2019-07-09 16:18:29.189,10645,10646,10645,2,-2
2019-07-09 16:19:05.847,10645,10646,10645,1,-1
2019-07-09 16:19:26.678,10645,10646,10645,2,-2
2019-07-09 16:20:19.595,10645,10646,10646,1,1
2019-07-09 16:20:26.114,10645,10646,10646,1,1
2019-07-09 16:20:34.253,10645,10646,10645,1,-1
2019-07-09 16:20:43.198,10645,10646,10645,1,-1
2019-07-09 16:20:48.242,10645,10646,10646,1,1
2019-07-09 16:20:56.757,10645,10646,10646,10,10
2019-07-09 16:21:01.222,10645,10646,10646,1,1
2019-07-09 16:21:01.250,10645,10646,10646,2,2
2019-07-09 16:21:01.305,10645,10646,10646,13,13
2019-07-09 16:21:08.622,10646,10647,10646,1,-1
2019-07-09 16:21:12.639,10645,10646,10646,1,1
2019-07-09 16:21:20.745,10645,10646,10645,2,-2
2019-07-09 16:21:28.665,10645,10646,10645,2,-2
2019-07-09 16:21:29.325,10645,10646,10645,3,-3
2019-07-09 16:21:32.956,10645,10646,10645,2,-2
2019-07-09 16:21:40.401,10645,10646,10645,2,-2
2019-07-09 16:21:43.009,10645,10646,10645,2,-2
2019-07-09 16:21:43.099,10645,10646,10645,4,-4
2019-07-09 16:21:43.390,10644,10645,10645,2,2
2019-07-09 16:21:54.661,10644,10645,10645,1,1
2019-07-09 16:22:02.438,10644,10645,10645,5,5
2019-07-09 16:22:22.856,10645,10646,10645,2,-2
2019-07-09 16:22:44.064,10644,10645,10645,3,3
2019-07-09 16:22:49.281,10644,10645,10645,5,5
2019-07-09 16:22:50.020,10644,10645,10645,1,1
2019-07-09 16:23:08.137,10644,10645,10645,1,1
2019-07-09 16:23:12.984,10645,10646,10645,2,-2
2019-07-09 16:23:15.408,10645,10646,10645,2,-2
2019-07-09 16:23:15.538,10644,10646,10645,1,-1
2019-07-09 16:23:16.664,10645,10646,10645,1,-1
2019-07-09 16:23:17.660,10645,10646,10645,1,-1
2019-07-09 16:23:17.834,10645,10646,10645,3,-3
2019-07-09 16:23:18.008,10644,10646,10645,1,-1
2019-07-09 16:23:25.338,10645,10646,10645,2,-2
2019-07-09 16:23:45.579,10645,10646,10645,1,-1
2019-07-09 16:23:51.633,10645,10646,10646,3,3
2019-07-09 16:23:51.634,10645,10646,10646,1,1
2019-07-09 16:23:51.634,10645,10646,10646,1,1
2019-07-09 16:23:51.634,10645,10646,10646,6,6
2019-07-09 16:23:52.167,10646,10647,10646,1,-1
2019-07-09 16:24:12.644,10646,10647,10646,1,-1
2019-07-09 16:24:13.220,10646,10647,10646,2,-2
2019-07-09 16:24:24.334,10646,10647,10646,1,-1
2019-07-09 16:24:37.089,10646,10647,10646,1,-1
2019-07-09 16:24:51.572,10646,10647,10647,1,1
2019-07-09 16:24:51.885,10646,10647,10647,1,1
2019-07-09 16:25:03.969,10646,10647,10647,2,2
2019-07-09 16:25:10.314,10646,10647,10647,2,2
2019-07-09 16:25:11.051,10646,10647,10646,2,-2
2019-07-09 16:25:11.245,10646,10647,10647,2,2
2019-07-09 16:25:14.258,10646,10647,10646,2,-2
2019-07-09 16:25:14.388,10646,10647,10646,1,-1
2019-07-09 16:25:31.150,10646,10647,10647,10,10
2019-07-09 16:25:31.180,10646,10647,10647,1,1
2019-07-09 16:25:31.180,10646,10647,10647,2,2
2019-07-09 16:25:49.062,10647,10648,10648,2,2
2019-07-09 16:25:49.241,10647,10648,10648,1,1
2019-07-09 16:25:49.344,10647,10648,10648,1,1
2019-07-09 16:25:49.431,10647,10648,10647,2,-2
2019-07-09 16:26:21.886,10647,10648,10647,3,-3
2019-07-09 16:26:23.372,10647,10648,10647,1,-1
2019-07-09 16:26:26.807,10647,10648,10647,1,-1
2019-07-09 16:26:28.805,10647,10648,10647,1,-1
2019-07-09 16:26:39.545,10647,10648,10647,6,-6
2019-07-09 16:26:42.418,10647,10648,10647,1,-1
2019-07-09 16:26:44.205,10647,10648,10647,7,-7
2019-07-09 16:26:50.259,10646,10648,10648,2,2
2019-07-09 16:26:50.550,10646,10648,10646,2,-2
2019-07-09 16:27:06.004,10646,10647,10647,8,8
2019-07-09 16:27:46.601,10646,10647,10647,2,2
2019-07-09 16:27:47.073,10646,10647,10646,2,-2
2019-07-09 16:27:51.603,10646,10647,10647,4,4
2019-07-09 16:27:52.023,10646,10647,10646,4,-4
2019-07-09 16:28:56.766,10646,10647,10646,1,-1
2019-07-09 16:29:23.210,10646,10647,10647,1,1
2019-07-09 16:29:24.445,10646,10647,10646,1,-1
2019-07-09 16:29:26.378,10646,10647,10646,2,-2
2019-07-09 16:29:26.839,10646,10647,10647,4,4
2019-07-09 16:29:27.442,10646,10647,10646,2,-2
2019-07-09 16:29:57.512,10646,10647,10646,1,-1
2019-07-09 16:30:00.036,10646,10647,10646,1,-1
2019-07-09 16:30:00.036,10646,10647,10646,14,-14
2019-07-09 16:30:09.780,10645,10646,10645,1,-1
2019-07-09 16:30:11.053,10645,10646,10645,1,-1
2019-07-09 16:30:47.095,10645,10646,10645,1,-1
2019-07-09 16:30:51.194,10645,10646,10646,5,5
2019-07-09 16:31:30.184,10645,10646,10646,1,1
2019-07-09 16:32:14.372,10645,10646,10646,1,1
2019-07-09 16:32:40.984,10645,10646,10646,9,9
2019-07-09 16:32:40.984,10645,10646,10647,16,16
2019-07-09 16:33:08.134,10646,10647,10646,1,-1
2019-07-09 16:33:14.449,10646,10647,10646,1,-1
2019-07-09 16:33:33.858,10646,10647,10647,1,1
2019-07-09 16:34:18.764,10646,10647,10646,1,-1
2019-07-09 16:34:23.433,10646,10647,10646,1,-1
2019-07-09 16:34:28.201,10646,10647,10646,1,-1
2019-07-09 16:34:28.201,10646,10647,10646,1,-1
2019-07-09 16:35:01.207,10645,10646,10646,2,2
2019-07-09 16:35:25.667,10645,10646,10646,2,2
2019-07-09 16:35:27.957,10645,10646,10645,2,-2
2019-07-09 16:37:58.541,10645,10646,10645,1,-1
2019-07-09 16:38:16.059,10645,10646,10645,2,-2
2019-07-09 16:38:26.009,10645,10646,10645,1,-1
2019-07-09 16:38:40.207,10645,10646,10645,1,-1
2019-07-09 16:38:40.208,10645,10646,10645,22,-22
2019-07-09 16:38:40.305,10645,10646,10645,1,-1
2019-07-09 16:38:40.305,10645,10646,10645,4,-4
2019-07-09 16:38:40.306,10645,10646,10645,3,-3
2019-07-09 16:39:17.316,10644,10645,10644,8,-8
2019-07-09 16:39:17.672,10644,10645,10644,1,-1
2019-07-09 16:39:17.743,10644,10645,10644,1,-1
2019-07-09 16:39:18.682,10644,10645,10644,3,-3
2019-07-09 16:39:21.432,10644,10645,10644,3,-3
2019-07-09 16:39:39.342,10644,10645,10644,1,-1
2019-07-09 16:39:40.613,10644,10645,10644,2,-2
2019-07-09 16:39:46.580,10644,10645,10644,8,-8
2019-07-09 16:39:48.454,10644,10645,10644,1,-1
2019-07-09 16:40:03.951,10643,10644,10644,1,1
2019-07-09 16:40:15.151,10643,10644,10643,1,-1
2019-07-09 16:40:15.774,10643,10644,10643,3,-3
2019-07-09 16:40:36.409,10643,10644,10643,1,-1
2019-07-09 16:40:36.564,10643,10644,10643,2,-2
2019-07-09 16:40:51.060,10643,10644,10643,1,-1
2019-07-09 16:41:26.605,10643,10644,10643,1,-1
2019-07-09 16:41:41.847,10643,10644,10643,1,-1
2019-07-09 16:41:45.498,10643,10644,10643,1,-1
2019-07-09 16:41:51.759,10643,10644,10643,1,-1
2019-07-09 16:41:52.159,10643,10644,10643,1,-1
2019-07-09 16:42:09.211,10643,10644,10644,1,1
2019-07-09 16:42:09.242,10643,10644,10643,1,-1
2019-07-09 16:42:24.757,10643,10644,10643,18,-18
2019-07-09 16:42:24.757,10643,10644,10643,1,-1
2019-07-09 16:42:24.757,10643,10644,10643,2,-2
2019-07-09 16:42:24.758,10643,10644,10643,1,-1
2019-07-09 16:42:24.758,10643,10644,10643,2,-2
2019-07-09 16:42:24.758,10643,10644,10643,1,-1
2019-07-09 16:42:27.098,10643,10644,10643,1,-1
2019-07-09 16:42:34.423,10643,10644,10643,3,-3
2019-07-09 16:42:43.048,10643,10644,10643,4,-4
2019-07-09 16:42:48.486,10643,10644,10643,1,-1
2019-07-09 16:43:32.727,10643,10644,10643,1,-1
2019-07-09 16:43:58.630,10643,10644,10643,10,-10
2019-07-09 16:44:07.095,10643,10644,10643,4,-4
2019-07-09 16:44:07.096,10643,10644,10643,3,-3
2019-07-09 16:44:07.096,10643,10644,10643,4,-4
2019-07-09 16:44:07.096,10643,10644,10643,2,-2
2019-07-09 16:44:07.096,10643,10644,10643,1,-1
2019-07-09 16:44:07.096,10643,10644,10643,1,-1
2019-07-09 16:44:07.096,10643,10644,10643,2,-2
2019-07-09 16:44:07.096,10643,10644,10643,5,-5
2019-07-09 16:44:07.096,10643,10644,10643,1,-1
2019-07-09 16:44:07.096,10643,10644,10643,2,-2
2019-07-09 16:44:07.097,10643,10644,10643,1,-1
2019-07-09 16:44:25.601,10642,10643,10642,1,-1
2019-07-09 16:44:25.985,10642,10643,10642,2,-2
2019-07-09 16:44:26.030,10642,10643,10642,1,-1
2019-07-09 16:44:27.288,10642,10643,10642,1,-1
2019-07-09 16:44:29.156,10642,10643,10642,1,-1
2019-07-09 16:44:32.659,10642,10643,10642,1,-1
2019-07-09 16:44:45.555,10642,10643,10642,1,-1
2019-07-09 16:44:53.242,10642,10643,10642,1,-1
2019-07-09 16:44:58.547,10642,10643,10642,25,-25
2019-07-09 16:45:01.614,10642,10643,10642,2,-2
2019-07-09 16:45:07.576,10642,10643,10643,4,4
2019-07-09 16:45:07.680,10642,10644,10643,1,-1
2019-07-09 16:45:23.766,10642,10643,10643,1,1
2019-07-09 16:45:26.644,10642,10643,10643,1,1
2019-07-09 16:45:56.495,10642,10643,10642,1,-1
2019-07-09 16:46:00.471,10642,10643,10643,1,1
2019-07-09 16:46:27.132,10642,10643,10642,1,-1
2019-07-09 16:46:41.770,10642,10643,10642,9,-9
2019-07-09 16:46:50.599,10642,10643,10642,1,-1
2019-07-09 16:47:01.426,10642,10643,10642,1,-1
2019-07-09 16:47:01.705,10642,10643,10643,3,3
2019-07-09 16:47:01.728,10642,10643,10643,4,4
2019-07-09 16:47:01.739,10642,10643,10643,1,1
2019-07-09 16:47:01.739,10642,10643,10643,3,3
2019-07-09 16:47:01.752,10642,10643,10643,3,3
2019-07-09 16:47:01.860,10642,10643,10644,3,3
2019-07-09 16:47:01.874,10642,10643,10644,2,2
2019-07-09 16:47:01.875,10642,10643,10644,3,3
2019-07-09 16:47:01.877,10642,10643,10644,1,1
2019-07-09 16:47:01.879,10642,10643,10644,1,1
2019-07-09 16:47:01.881,10642,10643,10644,1,1
2019-07-09 16:47:01.909,10642,10643,10644,2,2
2019-07-09 16:47:01.913,10642,10643,10644,3,3
2019-07-09 16:47:01.914,10642,10643,10644,1,1
2019-07-09 16:47:01.950,10643,10644,10644,2,2
2019-07-09 16:47:01.969,10643,10644,10644,1,1
2019-07-09 16:47:01.970,10643,10644,10644,3,3
2019-07-09 16:47:01.973,10643,10644,10644,1,1
2019-07-09 16:47:01.992,10643,10644,10644,1,1
2019-07-09 16:47:02.270,10643,10644,10644,3,3
2019-07-09 16:47:02.271,10643,10644,10644,2,2
2019-07-09 16:47:02.276,10643,10644,10644,1,1
2019-07-09 16:47:02.276,10643,10644,10645,2,2
2019-07-09 16:47:02.301,10643,10644,10645,1,1
2019-07-09 16:47:02.303,10643,10644,10645,3,3
2019-07-09 16:47:02.307,10643,10645,10644,2,-2
2019-07-09 16:47:02.307,10643,10645,10645,1,1
2019-07-09 16:47:03.306,10643,10644,10644,1,1
2019-07-09 16:47:03.306,10643,10644,10644,3,3
2019-07-09 16:47:03.310,10643,10644,10645,2,2
2019-07-09 16:47:03.310,10643,10644,10645,1,1
2019-07-09 16:47:03.310,10643,10644,10645,3,3
2019-07-09 16:47:03.310,10643,10644,10645,3,3
2019-07-09 16:47:03.310,10643,10644,10645,3,3
2019-07-09 16:47:03.310,10643,10644,10645,2,2
2019-07-09 16:47:03.310,10643,10644,10645,1,1
2019-07-09 16:47:03.310,10643,10644,10645,3,3
2019-07-09 16:47:10.801,10643,10644,10644,1,1
2019-07-09 16:47:40.109,10643,10644,10643,5,-5
2019-07-09 16:47:40.930,10643,10644,10643,5,-5
2019-07-09 16:47:46.514,10643,10644,10643,2,-2
2019-07-09 16:48:01.650,10643,10644,10643,1,-1
2019-07-09 16:48:02.124,10643,10644,10643,1,-1
2019-07-09 16:48:49.881,10643,10644,10644,11,11
2019-07-09 16:48:49.930,10643,10644,10644,2,2
2019-07-09 16:49:29.030,10644,10645,10645,1,1
2019-07-09 16:49:45.803,10644,10645,10644,4,-4
2019-07-09 16:49:51.569,10644,10645,10644,1,-1
2019-07-09 16:49:58.458,10644,10645,10644,8,-8
2019-07-09 16:49:58.821,10644,10645,10644,1,-1
2019-07-09 16:49:59.160,10644,10645,10645,1,1
2019-07-09 16:50:01.893,10644,10645,10644,1,-1
2019-07-09 16:50:31.564,10644,10645,10644,1,-1
2019-07-09 16:50:52.581,10644,10645,10644,1,-1
2019-07-09 16:51:02.856,10644,10645,10644,1,-1
2019-07-09 16:51:30.891,10644,10645,10645,4,4
2019-07-09 16:51:31.582,10644,10645,10645,1,1
2019-07-09 16:51:31.582,10644,10645,10645,1,1
2019-07-09 16:51:31.583,10644,10645,10645,1,1
2019-07-09 16:51:31.680,10644,10645,10645,1,1
2019-07-09 16:51:32.861,10644,10645,10645,1,1
2019-07-09 16:51:37.339,10644,10645,10645,10,10
2019-07-09 16:51:37.557,10645,10646,10645,2,-2
2019-07-09 16:52:01.515,10645,10646,10646,20,20
2019-07-09 16:52:02.818,10646,10647,10646,1,-1
2019-07-09 16:52:16.689,10646,10647,10647,1,1
2019-07-09 16:52:32.423,10646,10647,10647,4,4
2019-07-09 16:52:33.211,10646,10647,10647,2,2
2019-07-09 16:52:33.232,10646,10647,10647,1,1
2019-07-09 16:52:33.246,10646,10647,10647,1,1
2019-07-09 16:52:34.446,10646,10647,10647,1,1
2019-07-09 16:52:36.697,10646,10647,10646,1,-1
2019-07-09 16:52:39.563,10646,10647,10646,1,-1
2019-07-09 16:52:40.221,10646,10647,10646,1,-1
2019-07-09 16:52:42.655,10646,10647,10646,1,-1
2019-07-09 16:52:53.086,10646,10647,10646,1,-1
2019-07-09 16:53:03.324,10646,10647,10646,1,-1
2019-07-09 16:53:03.726,10646,10647,10647,1,1
2019-07-09 16:53:28.352,10646,10647,10646,5,-5
2019-07-09 16:54:12.226,10645,10646,10646,3,3
2019-07-09 16:55:19.547,10645,10646,10646,1,1
2019-07-09 16:55:19.555,10645,10646,10646,1,1
2019-07-09 16:55:19.680,10645,10646,10646,1,1
2019-07-09 16:55:19.805,10645,10646,10646,1,1
2019-07-09 16:55:39.009,10645,10646,10645,3,-3
2019-07-09 16:55:52.363,10645,10646,10646,1,1
2019-07-09 16:55:56.041,10645,10646,10646,1,1
2019-07-09 16:55:56.176,10645,10646,10645,1,-1
2019-07-09 16:56:22.046,10645,10646,10645,1,-1
2019-07-09 16:56:46.654,10645,10646,10646,1,1
2019-07-09 16:57:25.765,10645,10646,10646,2,2
2019-07-09 16:57:30.550,10645,10646,10646,1,1
2019-07-09 16:57:32.966,10645,10646,10646,1,1
2019-07-09 16:57:34.866,10645,10646,10646,2,2
2019-07-09 16:57:34.930,10645,10646,10646,2,2
2019-07-09 16:57:35.055,10645,10646,10646,1,1
2019-07-09 16:57:35.056,10645,10646,10646,3,3
2019-07-09 16:57:35.056,10645,10646,10646,2,2
2019-07-09 16:57:57.161,10646,10647,10646,3,-3
2019-07-09 16:59:25.419,10645,10646,10646,1,1
2019-07-09 16:59:34.619,10645,10646,10646,2,2
2019-07-09 16:59:35.105,10645,10646,10645,1,-1
2019-07-09 16:59:37.238,10645,10646,10646,1,1
2019-07-09 16:59:38.475,10645,10646,10646,2,2
2019-07-09 16:59:40.651,10645,10646,10646,2,2
2019-07-09 16:59:47.035,10645,10646,10646,2,2
2019-07-09 16:59:55.411,10645,10646,10646,2,2
2019-07-09 16:59:55.907,10645,10646,10646,2,2
2019-07-09 16:59:58.365,10645,10646,10645,2,-2
2019-07-09 17:01:15.754,10645,10646,10645,1,-1
2019-07-09 17:01:16.172,10645,10646,10645,4,-4
2019-07-09 17:01:16.625,10645,10646,10645,1,-1
2019-07-09 17:01:18.309,10645,10646,10645,1,-1
2019-07-09 17:01:22.048,10645,10646,10645,3,-3
2019-07-09 17:01:22.055,10645,10646,10645,18,-18
2019-07-09 17:01:35.339,10644,10645,10644,1,-1
2019-07-09 17:01:41.769,10644,10645,10645,1,1
2019-07-09 17:02:25.989,10644,10645,10645,3,3
2019-07-09 17:02:36.584,10644,10645,10645,3,3
2019-07-09 17:03:20.266,10644,10645,10645,1,1
2019-07-09 17:03:31.124,10645,10646,10646,1,1
2019-07-09 17:03:39.206,10645,10646,10646,4,4
2019-07-09 17:04:00.428,10645,10646,10645,1,-1
2019-07-09 17:04:19.050,10645,10646,10645,1,-1
2019-07-09 17:04:19.051,10645,10646,10645,2,-2
2019-07-09 17:04:19.051,10645,10646,10645,1,-1
2019-07-09 17:04:25.645,10644,10645,10645,1,1
2019-07-09 17:04:32.330,10644,10645,10645,1,1
2019-07-09 17:05:12.207,10645,10646,10646,4,4
2019-07-09 17:05:47.339,10645,10646,10645,1,-1
2019-07-09 17:05:50.881,10645,10646,10646,1,1
2019-07-09 17:06:57.893,10645,10646,10645,1,-1
2019-07-09 17:07:15.743,10645,10646,10645,1,-1
2019-07-09 17:07:24.338,10645,10646,10645,1,-1
2019-07-09 17:07:26.704,10645,10646,10645,1,-1
2019-07-09 17:07:29.938,10645,10646,10645,1,-1
2019-07-09 17:07:37.269,10645,10646,10645,1,-1
2019-07-09 17:07:37.937,10645,10646,10646,1,1
2019-07-09 17:08:47.196,10645,10646,10645,1,-1
2019-07-09 17:08:47.196,10645,10646,10645,1,-1
2019-07-09 17:08:47.196,10645,10646,10645,1,-1
2019-07-09 17:09:13.344,10645,10646,10645,1,-1
2019-07-09 17:09:20.329,10645,10646,10645,1,-1
2019-07-09 17:09:59.044,10645,10646,10645,5,-5
2019-07-09 17:10:16.272,10645,10646,10645,2,-2
2019-07-09 17:10:19.648,10645,10646,10645,1,-1
2019-07-09 17:11:13.303,10645,10646,10645,1,-1
2019-07-09 17:11:13.304,10645,10646,10645,1,-1
2019-07-09 17:11:18.089,10645,10646,10645,1,-1
2019-07-09 17:11:29.787,10645,10646,10645,1,-1
2019-07-09 17:11:29.787,10645,10646,10645,2,-2
2019-07-09 17:11:29.787,10645,10646,10645,3,-3
2019-07-09 17:11:29.787,10645,10646,10645,1,-1
2019-07-09 17:11:29.787,10645,10646,10645,2,-2
2019-07-09 17:11:29.787,10645,10646,10645,2,-2
2019-07-09 17:11:29.787,10645,10646,10645,1,-1
2019-07-09 17:11:29.787,10645,10646,10645,2,-2
2019-07-09 17:11:29.787,10645,10646,10645,1,-1
2019-07-09 17:11:29.788,10645,10646,10645,2,-2
2019-07-09 17:11:50.413,10644,10645,10645,1,1
2019-07-09 17:11:58.353,10645,10646,10645,4,-4
2019-07-09 17:12:10.874,10645,10646,10645,1,-1
2019-07-09 17:12:44.158,10644,10645,10645,1,1
2019-07-09 17:12:58.086,10644,10645,10645,1,1
2019-07-09 17:13:17.607,10645,10646,10645,5,-5
2019-07-09 17:13:25.891,10645,10646,10645,1,-1
2019-07-09 17:13:34.820,10645,10646,10645,1,-1
2019-07-09 17:13:50.292,10645,10646,10645,1,-1
2019-07-09 17:13:55.545,10645,10646,10645,4,-4
2019-07-09 17:14:02.286,10644,10645,10644,8,-8
2019-07-09 17:14:10.395,10644,10645,10645,1,1
2019-07-09 17:14:49.831,10644,10645,10644,1,-1
2019-07-09 17:14:49.831,10644,10645,10644,1,-1
2019-07-09 17:15:01.137,10644,10645,10644,1,-1
2019-07-09 17:15:01.346,10643,10645,10643,1,-1
2019-07-09 17:15:12.255,10643,10644,10643,5,-5
2019-07-09 17:15:52.276,10643,10644,10643,1,-1
2019-07-09 17:16:11.997,10643,10644,10644,2,2
2019-07-09 17:16:37.509,10644,10645,10644,1,-1
2019-07-09 17:16:52.985,10644,10645,10645,2,2
2019-07-09 17:17:49.155,10644,10645,10644,1,-1
2019-07-09 17:17:52.747,10644,10645,10644,3,-3
2019-07-09 17:18:36.726,10643,10644,10643,2,-2
2019-07-09 17:18:36.842,10643,10644,10644,1,1
2019-07-09 17:18:37.004,10643,10644,10643,1,-1
2019-07-09 17:19:05.161,10643,10644,10643,5,-5
2019-07-09 17:19:20.645,10643,10644,10643,3,-3
2019-07-09 17:19:21.884,10643,10644,10643,1,-1
2019-07-09 17:19:22.320,10643,10644,10643,2,-2
2019-07-09 17:19:27.253,10643,10644,10643,1,-1
2019-07-09 17:19:32.159,10643,10644,10643,1,-1
2019-07-09 17:19:32.160,10643,10644,10643,1,-1
2019-07-09 17:19:32.181,10643,10644,10643,2,-2
2019-07-09 17:19:32.214,10643,10644,10643,1,-1
2019-07-09 17:19:32.216,10643,10644,10642,1,-1
2019-07-09 17:19:32.218,10643,10644,10642,1,-1
2019-07-09 17:19:32.232,10643,10644,10642,1,-1
2019-07-09 17:19:32.721,10642,10643,10642,2,-2
2019-07-09 17:19:36.472,10642,10643,10643,1,1
2019-07-09 17:19:47.937,10642,10643,10642,1,-1
2019-07-09 17:19:57.975,10642,10643,10643,1,1
2019-07-09 17:20:11.020,10642,10643,10643,1,1
2019-07-09 17:20:11.055,10642,10643,10643,1,1
2019-07-09 17:20:11.180,10642,10643,10643,1,1
2019-07-09 17:20:11.809,10642,10643,10642,1,-1
2019-07-09 17:20:24.854,10642,10643,10642,2,-2
2019-07-09 17:20:25.726,10642,10643,10643,1,1
2019-07-09 17:20:45.224,10642,10643,10642,10,-10
2019-07-09 17:20:54.412,10642,10643,10642,1,-1
2019-07-09 17:21:00.363,10642,10643,10642,10,-10
2019-07-09 17:21:01.018,10642,10643,10643,1,1
2019-07-09 17:21:18.038,10642,10643,10642,9,-9
2019-07-09 17:21:19.858,10642,10643,10642,2,-2
2019-07-09 17:21:20.735,10642,10643,10642,1,-1
2019-07-09 17:21:23.911,10642,10643,10642,1,-1
2019-07-09 17:21:26.831,10642,10643,10642,1,-1
2019-07-09 17:21:37.003,10642,10643,10642,1,-1
2019-07-09 17:21:43.418,10642,10643,10642,5,-5
2019-07-09 17:21:50.903,10642,10643,10642,1,-1
2019-07-09 17:21:50.904,10642,10643,10642,1,-1
2019-07-09 17:21:53.588,10642,10643,10642,1,-1
2019-07-09 17:22:13.127,10642,10643,10642,1,-1
2019-07-09 17:22:13.180,10642,10643,10642,1,-1
2019-07-09 17:22:13.305,10642,10643,10642,1,-1
2019-07-09 17:22:29.091,10642,10643,10642,1,-1
2019-07-09 17:22:40.353,10642,10643,10642,2,-2
2019-07-09 17:22:50.402,10642,10643,10642,1,-1
2019-07-09 17:22:53.262,10642,10643,10642,3,-3
2019-07-09 17:23:18.142,10642,10643,10642,1,-1
2019-07-09 17:23:39.835,10642,10643,10642,1,-1
2019-07-09 17:23:44.017,10642,10643,10642,4,-4
2019-07-09 17:24:29.500,10642,10643,10642,2,-2
2019-07-09 17:24:31.283,10642,10643,10642,1,-1
2019-07-09 17:24:32.402,10642,10643,10642,2,-2
2019-07-09 17:24:34.014,10642,10643,10643,1,1
2019-07-09 17:25:06.162,10642,10643,10643,1,1
2019-07-09 17:25:25.444,10642,10643,10643,19,19
2019-07-09 17:25:25.446,10642,10643,10643,1,1
2019-07-09 17:25:43.045,10642,10643,10643,1,1
2019-07-09 17:25:48.584,10642,10643,10643,1,1
2019-07-09 17:25:48.589,10642,10643,10643,1,1
2019-07-09 17:25:48.702,10642,10643,10643,1,1
2019-07-09 17:25:52.771,10642,10643,10643,1,1
2019-07-09 17:25:56.631,10643,10644,10644,1,1
2019-07-09 17:26:07.408,10643,10644,10644,2,2
2019-07-09 17:26:33.785,10643,10644,10643,1,-1
2019-07-09 17:26:34.584,10643,10644,10644,1,1
2019-07-09 17:26:49.205,10643,10644,10644,1,1
2019-07-09 17:27:01.621,10643,10644,10643,3,-3
2019-07-09 17:27:32.642,10643,10644,10643,2,-2
2019-07-09 17:27:32.643,10643,10644,10643,2,-2
2019-07-09 17:27:32.681,10643,10644,10643,4,-4
2019-07-09 17:27:33.758,10642,10643,10643,1,1
2019-07-09 17:27:44.558,10642,10643,10643,1,1
2019-07-09 17:27:46.877,10642,10643,10643,1,1
2019-07-09 17:28:04.666,10642,10643,10643,1,1
2019-07-09 17:28:24.989,10642,10643,10643,1,1
2019-07-09 17:28:42.932,10642,10643,10643,1,1
2019-07-09 17:29:00.887,10642,10643,10643,5,5
2019-07-09 17:29:05.787,10642,10643,10643,2,2
2019-07-09 17:29:28.605,10642,10643,10642,1,-1
2019-07-09 17:29:57.719,10642,10643,10642,1,-1
2019-07-09 17:30:24.314,10642,10643,10642,1,-1
2019-07-09 17:30:45.965,10642,10643,10643,1,1
2019-07-09 17:30:45.972,10642,10643,10643,1,1
2019-07-09 17:30:46.055,10642,10643,10643,1,1
2019-07-09 17:30:56.482,10642,10643,10643,2,2
2019-07-09 17:30:57.208,10642,10643,10642,1,-1
2019-07-09 17:31:07.525,10642,10643,10642,4,-4
2019-07-09 17:31:22.573,10642,10643,10642,1,-1
2019-07-09 17:31:34.930,10642,10643,10642,7,-7
2019-07-09 17:31:34.931,10642,10643,10642,2,-2
2019-07-09 17:31:35.055,10642,10643,10642,9,-9
2019-07-09 17:31:35.057,10642,10643,10642,11,-11
2019-07-09 17:31:35.180,10642,10643,10642,3,-3
2019-07-09 17:31:35.181,10642,10643,10642,2,-2
2019-07-09 17:31:36.510,10641,10642,10641,1,-1
2019-07-09 17:31:36.566,10641,10642,10641,1,-1
2019-07-09 17:31:36.651,10641,10642,10641,1,-1
2019-07-09 17:31:36.651,10641,10642,10641,1,-1
2019-07-09 17:31:36.666,10641,10642,10641,2,-2
2019-07-09 17:31:36.911,10641,10642,10641,2,-2
2019-07-09 17:31:47.068,10641,10642,10641,5,-5
2019-07-09 17:31:47.925,10641,10642,10641,1,-1
2019-07-09 17:31:47.929,10641,10642,10641,2,-2
2019-07-09 17:31:48.247,10641,10642,10641,2,-2
2019-07-09 17:31:54.704,10641,10642,10641,3,-3
2019-07-09 17:32:00.495,10641,10642,10641,1,-1
2019-07-09 17:32:01.567,10641,10642,10641,1,-1
2019-07-09 17:32:04.035,10641,10642,10641,1,-1
2019-07-09 17:32:04.663,10641,10642,10641,4,-4
2019-07-09 17:32:06.937,10641,10642,10641,4,-4
2019-07-09 17:32:06.953,10641,10642,10641,4,-4
2019-07-09 17:32:08.642,10641,10642,10641,1,-1
2019-07-09 17:32:19.358,10641,10642,10641,4,-4
2019-07-09 17:32:19.513,10641,10642,10641,2,-2
2019-07-09 17:32:22.825,10641,10642,10641,1,-1
2019-07-09 17:32:26.046,10641,10642,10641,4,-4
2019-07-09 17:32:26.796,10641,10642,10641,1,-1
2019-07-09 17:32:30.930,10641,10642,10641,1,-1
2019-07-09 17:32:32.944,10641,10642,10641,4,-4
2019-07-09 17:32:33.102,10641,10642,10642,1,1
2019-07-09 17:32:33.344,10641,10642,10641,1,-1
2019-07-09 17:32:33.404,10641,10642,10641,2,-2
2019-07-09 17:32:34.592,10641,10642,10641,1,-1
2019-07-09 17:32:34.932,10641,10642,10641,9,-9
2019-07-09 17:32:42.995,10640,10641,10640,2,-2
2019-07-09 17:32:43.065,10640,10641,10640,1,-1
2019-07-09 17:32:43.093,10640,10641,10640,1,-1
2019-07-09 17:32:43.239,10640,10641,10640,1,-1
2019-07-09 17:32:43.285,10640,10641,10641,1,1
2019-07-09 17:32:43.658,10640,10641,10640,1,-1
2019-07-09 17:32:43.740,10640,10641,10641,3,3
2019-07-09 17:32:48.709,10641,10642,10641,1,-1
2019-07-09 17:32:49.665,10641,10642,10641,4,-4
2019-07-09 17:32:50.426,10641,10642,10641,1,-1
2019-07-09 17:32:50.770,10641,10642,10641,2,-2
2019-07-09 17:32:53.008,10640,10641,10640,6,-6
2019-07-09 17:32:57.077,10640,10641,10641,1,1
2019-07-09 17:33:02.463,10640,10641,10640,1,-1
2019-07-09 17:33:04.605,10640,10641,10640,6,-6
2019-07-09 17:33:09.570,10640,10641,10640,1,-1
2019-07-09 17:33:10.806,10640,10641,10641,1,1
2019-07-09 17:33:16.931,10640,10641,10641,4,4
2019-07-09 17:33:17.055,10640,10641,10641,3,3
2019-07-09 17:33:17.056,10640,10641,10641,5,5
2019-07-09 17:33:17.056,10640,10641,10641,4,4
2019-07-09 17:33:17.181,10640,10641,10641,1,1
2019-07-09 17:33:17.181,10640,10641,10641,6,6
2019-07-09 17:33:17.181,10640,10641,10641,2,2
2019-07-09 17:33:17.181,10640,10641,10641,4,4
2019-07-09 17:33:17.305,10640,10641,10641,4,4
2019-07-09 17:33:17.306,10640,10641,10641,2,2
2019-07-09 17:33:17.306,10640,10641,10641,4,4
2019-07-09 17:33:17.306,10640,10641,10641,4,4
2019-07-09 17:33:18.948,10641,10642,10641,3,-3
2019-07-09 17:33:20.910,10640,10641,10641,1,1
2019-07-09 17:33:26.032,10640,10641,10641,1,1
2019-07-09 17:33:38.094,10641,10642,10641,1,-1
2019-07-09 17:33:54.300,10641,10642,10641,1,-1
2019-07-09 17:33:58.674,10641,10642,10641,2,-2
2019-07-09 17:34:01.051,10641,10642,10641,1,-1
2019-07-09 17:34:08.141,10641,10642,10641,2,-2
2019-07-09 17:34:08.782,10641,10642,10641,2,-2
2019-07-09 17:34:35.115,10641,10642,10642,2,2
2019-07-09 17:34:38.906,10641,10642,10642,1,1
2019-07-09 17:34:53.053,10641,10642,10641,2,-2
2019-07-09 17:35:11.144,10641,10642,10641,1,-1
2019-07-09 17:35:11.526,10641,10642,10641,9,-9
2019-07-09 17:35:33.936,10641,10642,10641,2,-2
2019-07-09 17:35:46.340,10641,10642,10641,1,-1
2019-07-09 17:35:57.669,10641,10642,10641,3,-3
2019-07-09 17:36:15.748,10641,10642,10641,2,-2
2019-07-09 17:36:21.029,10641,10642,10641,1,-1
2019-07-09 17:36:27.456,10641,10642,10641,2,-2
2019-07-09 17:36:36.709,10641,10642,10641,1,-1
2019-07-09 17:36:38.513,10641,10642,10641,1,-1
2019-07-09 17:36:38.696,10641,10642,10641,2,-2
2019-07-09 17:37:17.527,10641,10642,10642,1,1
2019-07-09 17:37:32.253,10641,10642,10642,2,2
2019-07-09 17:37:41.912,10641,10642,10641,2,-2
2019-07-09 17:37:44.490,10641,10642,10642,2,2
2019-07-09 17:38:03.524,10641,10642,10642,7,7
2019-07-09 17:38:03.555,10641,10642,10642,22,22
2019-07-09 17:38:03.555,10641,10642,10642,1,1
2019-07-09 17:38:03.556,10641,10642,10642,3,3
2019-07-09 17:38:03.556,10641,10642,10642,12,12
2019-07-09 17:38:13.639,10642,10643,10642,1,-1
2019-07-09 17:38:14.214,10642,10643,10642,1,-1
2019-07-09 17:38:26.568,10642,10643,10642,1,-1
2019-07-09 17:38:33.190,10642,10643,10643,5,5
2019-07-09 17:38:34.895,10642,10644,10642,1,-1
2019-07-09 17:38:50.240,10642,10643,10643,2,2
2019-07-09 17:39:00.493,10642,10643,10643,1,1
2019-07-09 17:39:06.547,10642,10643,10643,2,2
2019-07-09 17:39:25.717,10642,10643,10642,2,-2
2019-07-09 17:39:27.004,10642,10643,10642,2,-2
2019-07-09 17:39:30.666,10642,10643,10642,1,-1
2019-07-09 17:39:51.280,10642,10643,10643,5,5
2019-07-09 17:39:57.086,10642,10643,10643,1,1
2019-07-09 17:39:58.686,10643,10644,10643,1,-1
2019-07-09 17:40:28.683,10643,10644,10643,3,-3
2019-07-09 17:40:55.144,10643,10644,10643,4,-4
2019-07-09 17:41:20.101,10642,10643,10642,5,-5
2019-07-09 17:41:20.125,10642,10643,10643,1,1
2019-07-09 17:41:21.251,10642,10643,10643,1,1
2019-07-09 17:41:27.075,10642,10644,10642,5,-5
2019-07-09 17:42:04.229,10642,10643,10643,1,1
2019-07-09 17:42:12.139,10642,10643,10642,1,-1
2019-07-09 17:42:12.141,10642,10643,10642,1,-1
2019-07-09 17:42:12.180,10642,10643,10642,1,-1
2019-07-09 17:42:12.181,10642,10643,10642,1,-1
2019-07-09 17:42:42.903,10642,10643,10642,2,-2
2019-07-09 17:43:45.316,10642,10643,10642,1,-1
2019-07-09 17:44:11.847,10642,10643,10643,10,10
2019-07-09 17:44:32.152,10642,10643,10642,1,-1
2019-07-09 17:45:01.136,10642,10643,10643,1,1
2019-07-09 17:45:01.344,10642,10643,10643,1,1
2019-07-09 17:45:17.202,10642,10643,10643,1,1
2019-07-09 17:45:17.225,10642,10643,10643,1,1
2019-07-09 17:45:28.693,10642,10643,10643,1,1
2019-07-09 17:45:56.930,10642,10643,10642,4,-4
2019-07-09 17:45:59.236,10642,10643,10642,1,-1
2019-07-09 17:46:00.603,10641,10642,10642,1,1
2019-07-09 17:46:19.755,10641,10642,10642,6,6
2019-07-09 17:46:40.405,10641,10642,10642,1,1
2019-07-09 17:46:52.760,10641,10642,10641,1,-1
2019-07-09 17:46:52.760,10641,10642,10641,1,-1
2019-07-09 17:46:52.761,10641,10642,10641,1,-1
2019-07-09 17:46:52.805,10641,10642,10641,1,-1
2019-07-09 17:46:52.839,10641,10642,10641,1,-1
2019-07-09 17:46:57.576,10641,10642,10642,1,1
2019-07-09 17:47:13.953,10641,10642,10641,22,-22
2019-07-09 17:47:15.075,10640,10641,10641,8,8
2019-07-09 17:47:48.613,10641,10642,10641,1,-1
2019-07-09 17:47:56.157,10641,10642,10641,6,-6
2019-07-09 17:48:06.216,10640,10641,10640,3,-3
2019-07-09 17:48:06.222,10640,10641,10640,3,-3
2019-07-09 17:48:06.223,10640,10641,10640,1,-1
2019-07-09 17:48:06.263,10640,10641,10640,1,-1
2019-07-09 17:48:06.666,10640,10641,10640,1,-1
2019-07-09 17:48:06.672,10640,10641,10640,1,-1
2019-07-09 17:48:57.809,10640,10641,10641,5,5
2019-07-09 17:48:58.437,10640,10641,10640,1,-1
2019-07-09 17:48:59.722,10640,10641,10641,3,3
2019-07-09 17:49:10.278,10640,10641,10641,3,3
2019-07-09 17:49:12.510,10640,10641,10641,1,1
2019-07-09 17:49:25.574,10640,10641,10641,5,5
2019-07-09 17:49:25.722,10640,10641,10641,2,2
2019-07-09 17:49:28.768,10640,10641,10641,1,1
2019-07-09 17:49:29.704,10640,10641,10641,1,1
2019-07-09 17:49:32.154,10640,10641,10641,1,1
2019-07-09 17:49:43.015,10640,10641,10641,2,2
2019-07-09 17:49:43.154,10640,10641,10640,1,-1
2019-07-09 17:49:46.835,10640,10641,10641,1,1
2019-07-09 17:49:52.648,10640,10641,10641,2,2
2019-07-09 17:49:52.649,10640,10641,10641,1,1
2019-07-09 17:49:52.649,10640,10641,10641,1,1
2019-07-09 17:50:06.835,10641,10642,10641,6,-6
2019-07-09 17:50:19.165,10640,10641,10641,1,1
2019-07-09 17:50:27.487,10640,10641,10641,2,2
2019-07-09 17:50:42.349,10640,10641,10641,1,1
2019-07-09 17:50:54.055,10640,10641,10641,1,1
2019-07-09 17:50:54.074,10640,10641,10641,2,2
2019-07-09 17:50:54.074,10640,10641,10641,1,1
2019-07-09 17:50:54.074,10640,10641,10641,1,1
2019-07-09 17:50:54.074,10640,10641,10641,2,2
2019-07-09 17:50:54.074,10640,10641,10641,2,2
2019-07-09 17:50:54.075,10640,10641,10641,3,3
2019-07-09 17:50:54.083,10640,10641,10641,1,1
2019-07-09 17:50:54.127,10640,10641,10641,2,2
2019-07-09 17:50:54.180,10640,10641,10641,4,4
2019-07-09 17:50:54.180,10640,10641,10641,4,4
2019-07-09 17:50:54.181,10640,10641,10641,1,1
2019-07-09 17:50:54.181,10640,10641,10641,2,2
2019-07-09 17:50:54.181,10640,10641,10641,1,1
2019-07-09 17:50:54.181,10640,10641,10641,4,4
2019-07-09 17:50:54.181,10640,10641,10641,6,6
2019-07-09 17:50:54.181,10640,10641,10641,3,3
2019-07-09 17:50:54.181,10640,10641,10641,6,6
2019-07-09 17:51:02.513,10641,10642,10641,1,-1
2019-07-09 17:51:02.745,10641,10642,10641,1,-1
2019-07-09 17:51:02.932,10641,10642,10641,1,-1
2019-07-09 17:51:02.932,10641,10642,10640,1,-1
2019-07-09 17:51:04.779,10641,10642,10641,2,2
2019-07-09 17:51:40.965,10641,10642,10641,8,-8
2019-07-09 17:51:40.965,10641,10642,10641,2,-2
2019-07-09 17:52:02.451,10640,10641,10641,1,1
2019-07-09 17:52:23.560,10641,10642,10641,26,-26
2019-07-09 17:52:23.560,10641,10642,10641,1,-1
2019-07-09 17:52:23.560,10641,10642,10641,1,-1
2019-07-09 17:52:23.587,10641,10642,10641,3,-3
2019-07-09 17:52:58.961,10640,10641,10641,1,1
2019-07-09 17:53:05.002,10640,10641,10641,2,2
2019-07-09 17:53:07.688,10640,10641,10641,3,3
2019-07-09 17:53:14.062,10640,10641,10640,1,-1
2019-07-09 17:53:19.149,10640,10641,10641,1,1
2019-07-09 17:53:28.433,10640,10641,10641,1,1
2019-07-09 17:53:37.992,10640,10641,10641,1,1
2019-07-09 17:53:38.270,10640,10641,10641,1,1
2019-07-09 17:53:44.599,10640,10641,10640,1,-1
2019-07-09 17:54:03.527,10640,10641,10641,31,31
2019-07-09 17:54:15.677,10641,10642,10642,1,1
2019-07-09 17:54:17.218,10641,10642,10642,3,3
2019-07-09 17:54:21.455,10641,10642,10642,5,5
2019-07-09 17:54:21.558,10641,10642,10642,1,1
2019-07-09 17:54:31.182,10641,10642,10642,1,1
2019-07-09 17:54:44.788,10641,10642,10642,1,1
2019-07-09 17:54:55.476,10641,10642,10642,2,2
2019-07-09 17:55:04.197,10641,10642,10642,2,2
2019-07-09 17:55:04.381,10641,10642,10642,1,1
2019-07-09 17:55:10.594,10641,10642,10642,1,1
2019-07-09 17:55:20.688,10641,10642,10642,1,1
2019-07-09 17:55:23.244,10641,10642,10642,1,1
2019-07-09 17:55:24.183,10641,10642,10642,1,1
2019-07-09 17:55:25.108,10641,10642,10641,12,-12
2019-07-09 17:55:25.394,10640,10641,10641,10,10
2019-07-09 17:55:39.871,10640,10641,10641,3,3
2019-07-09 17:55:46.306,10640,10641,10641,5,5
2019-07-09 17:55:47.115,10640,10641,10641,1,1
2019-07-09 17:55:50.065,10640,10641,10641,1,1
2019-07-09 17:55:50.973,10640,10641,10641,1,1
2019-07-09 17:55:51.053,10640,10641,10640,20,-20
2019-07-09 17:55:53.794,10640,10641,10640,1,-1
2019-07-09 17:55:56.341,10640,10641,10640,2,-2
2019-07-09 17:55:57.734,10640,10641,10641,2,2
2019-07-09 17:56:16.986,10640,10641,10641,3,3
2019-07-09 17:56:40.568,10640,10641,10641,2,2
2019-07-09 17:56:41.796,10640,10641,10641,2,2
2019-07-09 17:56:51.003,10640,10641,10641,2,2
2019-07-09 17:56:52.870,10640,10641,10641,1,1
2019-07-09 17:56:53.294,10640,10641,10641,1,1
2019-07-09 17:56:53.674,10640,10641,10641,1,1
2019-07-09 17:56:57.504,10640,10641,10641,1,1
2019-07-09 17:57:19.736,10640,10641,10641,1,1
2019-07-09 17:57:20.985,10640,10641,10641,1,1
2019-07-09 17:57:23.820,10640,10641,10641,3,3
2019-07-09 17:57:45.762,10641,10642,10642,1,1
2019-07-09 17:57:55.739,10641,10642,10642,1,1
2019-07-09 17:58:01.557,10641,10642,10642,1,1
2019-07-09 17:58:06.857,10641,10642,10642,1,1
2019-07-09 17:58:41.766,10641,10642,10642,1,1
2019-07-09 17:58:52.354,10641,10642,10642,1,1
2019-07-09 17:59:05.195,10641,10642,10642,2,2
2019-07-09 17:59:21.539,10641,10642,10641,16,-16
2019-07-09 17:59:33.413,10640,10641,10640,2,-2
2019-07-09 17:59:34.162,10640,10641,10641,5,5
2019-07-09 17:59:43.357,10640,10641,10641,1,1
2019-07-09 17:59:45.700,10640,10641,10641,1,1
2019-07-09 17:59:50.140,10640,10641,10641,1,1
2019-07-09 17:59:50.308,10640,10641,10641,1,1
2019-07-09 17:59:57.135,10640,10641,10641,1,1
2019-07-09 18:00:03.413,10640,10641,10641,1,1
2019-07-09 18:00:03.705,10640,10641,10640,1,-1
2019-07-09 18:00:03.783,10640,10641,10640,1,-1
2019-07-09 18:00:03.795,10640,10641,10640,2,-2
2019-07-09 18:00:03.890,10640,10641,10640,1,-1
2019-07-09 18:00:03.894,10640,10641,10640,1,-1
2019-07-09 18:00:03.973,10640,10641,10640,2,-2
2019-07-09 18:00:04.009,10640,10641,10640,2,-2
2019-07-09 18:00:04.410,10640,10641,10640,2,-2
2019-07-09 18:00:04.430,10640,10641,10640,23,-23
2019-07-09 18:00:04.555,10640,10641,10640,22,-22
2019-07-09 18:00:04.556,10640,10641,10640,1,-1
2019-07-09 18:00:04.556,10640,10641,10640,1,-1
2019-07-09 18:00:04.556,10640,10641,10640,2,-2
2019-07-09 18:00:04.612,10640,10641,10639,2,-2
2019-07-09 18:00:04.710,10639,10640,10639,3,-3
2019-07-09 18:00:04.746,10639,10640,10639,1,-1
2019-07-09 18:00:04.747,10639,10640,10639,1,-1
2019-07-09 18:00:04.751,10639,10640,10639,1,-1
2019-07-09 18:00:04.810,10639,10640,10639,4,-4
2019-07-09 18:00:04.818,10639,10640,10639,1,-1
2019-07-09 18:00:05.011,10639,10640,10639,1,-1
2019-07-09 18:00:05.511,10639,10640,10639,1,-1
2019-07-09 18:00:05.612,10639,10640,10639,1,-1
2019-07-09 18:00:11.009,10639,10640,10639,1,-1
2019-07-09 18:00:11.506,10639,10640,10639,1,-1
2019-07-09 18:00:59.741,10639,10640,10640,1,1
2019-07-09 18:00:59.805,10639,10640,10640,3,3
2019-07-09 18:01:13.654,10640,10641,10640,1,-1
2019-07-09 18:01:36.879,10640,10641,10640,1,-1
2019-07-09 18:01:36.882,10640,10641,10640,1,-1
2019-07-09 18:01:36.882,10640,10641,10640,2,-2
2019-07-09 18:01:36.959,10639,10641,10639,1,-1
2019-07-09 18:01:56.230,10639,10640,10639,1,-1
2019-07-09 18:02:08.011,10639,10640,10639,1,-1
2019-07-09 18:02:10.080,10639,10640,10639,1,-1
2019-07-09 18:02:11.297,10639,10640,10639,3,-3
2019-07-09 18:02:14.507,10639,10640,10639,1,-1
2019-07-09 18:02:17.314,10639,10640,10639,2,-2
2019-07-09 18:02:29.606,10639,10640,10639,1,-1
2019-07-09 18:02:36.838,10639,10640,10640,3,3
2019-07-09 18:02:54.232,10639,10640,10640,1,1
2019-07-09 18:03:46.834,10639,10640,10640,12,12
2019-07-09 18:03:53.693,10640,10641,10640,2,-2
2019-07-09 18:04:08.164,10640,10641,10640,1,-1
2019-07-09 18:04:19.807,10640,10641,10640,1,-1
2019-07-09 18:04:23.220,10640,10641,10640,1,-1
2019-07-09 18:04:29.809,10640,10641,10641,1,1
2019-07-09 18:04:31.994,10640,10641,10640,1,-1
2019-07-09 18:04:36.609,10640,10641,10640,2,-2
2019-07-09 18:04:38.924,10639,10640,10640,1,1
2019-07-09 18:04:45.480,10639,10640,10640,1,1
2019-07-09 18:04:46.999,10639,10640,10640,1,1
2019-07-09 18:04:50.428,10639,10640,10640,2,2
2019-07-09 18:05:07.136,10639,10640,10640,1,1
2019-07-09 18:05:07.438,10639,10640,10639,2,-2
2019-07-09 18:05:45.918,10639,10640,10640,4,4
2019-07-09 18:05:58.878,10639,10640,10640,1,1
2019-07-09 18:06:08.640,10639,10640,10640,1,1
2019-07-09 18:06:15.430,10639,10640,10640,14,14
2019-07-09 18:06:15.430,10639,10640,10640,8,8
2019-07-09 18:06:37.214,10640,10641,10641,1,1
2019-07-09 18:06:37.915,10640,10641,10641,4,4
2019-07-09 18:06:37.930,10640,10641,10641,5,5
2019-07-09 18:06:37.931,10640,10641,10641,19,19
2019-07-09 18:06:37.931,10640,10641,10641,3,3
2019-07-09 18:06:37.931,10640,10641,10641,1,1
2019-07-09 18:06:37.931,10640,10641,10641,4,4
2019-07-09 18:06:37.931,10640,10641,10641,1,1
2019-07-09 18:06:37.931,10640,10641,10641,3,3
2019-07-09 18:06:37.931,10640,10641,10641,8,8
2019-07-09 18:06:37.931,10640,10641,10641,1,1
2019-07-09 18:06:37.931,10640,10641,10641,1,1
2019-07-09 18:06:37.932,10640,10641,10641,2,2
2019-07-09 18:06:38.099,10641,10642,10641,1,-1
2019-07-09 18:06:55.390,10641,10642,10641,1,-1
2019-07-09 18:06:59.150,10641,10642,10641,1,-1
2019-07-09 18:06:59.419,10641,10642,10641,1,-1
2019-07-09 18:07:09.638,10641,10642,10641,1,-1
2019-07-09 18:07:21.796,10641,10642,10641,4,-4
2019-07-09 18:07:35.128,10641,10642,10641,1,-1
2019-07-09 18:08:16.062,10641,10642,10641,1,-1
2019-07-09 18:08:36.528,10641,10642,10641,1,-1
2019-07-09 18:08:43.158,10641,10642,10641,2,-2
2019-07-09 18:08:46.944,10641,10642,10642,1,1
2019-07-09 18:08:48.919,10641,10642,10642,21,21
2019-07-09 18:08:48.919,10641,10642,10643,60,60
2019-07-09 18:08:48.931,10642,10643,10643,1,1
2019-07-09 18:08:48.931,10642,10643,10643,5,5
2019-07-09 18:08:48.931,10642,10643,10643,2,2
2019-07-09 18:08:49.059,10643,10644,10644,1,1
2019-07-09 18:08:49.297,10643,10644,10644,5,5
2019-07-09 18:08:49.308,10643,10644,10644,2,2
2019-07-09 18:08:49.392,10643,10644,10644,1,1
2019-07-09 18:08:53.135,10643,10644,10644,1,1
2019-07-09 18:08:55.932,10643,10644,10643,2,-2
2019-07-09 18:09:04.575,10643,10644,10644,9,9
2019-07-09 18:09:11.243,10643,10644,10644,1,1
2019-07-09 18:09:15.300,10643,10644,10643,1,-1
2019-07-09 18:09:17.933,10643,10644,10644,1,1
2019-07-09 18:09:31.621,10643,10644,10644,1,1
2019-07-09 18:09:40.142,10643,10644,10644,5,5
2019-07-09 18:09:57.181,10643,10644,10644,25,25
2019-07-09 18:09:57.181,10643,10644,10645,56,56
2019-07-09 18:09:57.931,10644,10645,10645,1,1
2019-07-09 18:09:58.788,10644,10645,10645,1,1
2019-07-09 18:09:58.908,10644,10645,10645,4,4
2019-07-09 18:10:06.305,10644,10645,10644,3,-3
2019-07-09 18:10:06.871,10643,10644,10644,2,2
2019-07-09 18:10:14.250,10643,10644,10644,1,1
2019-07-09 18:10:20.708,10643,10644,10644,4,4
2019-07-09 18:10:20.806,10643,10644,10644,1,1
2019-07-09 18:10:35.410,10644,10645,10645,12,12
2019-07-09 18:10:35.431,10645,10646,10645,3,-3
2019-07-09 18:10:35.431,10645,10646,10646,2,2
2019-07-09 18:10:35.431,10645,10646,10646,5,5
2019-07-09 18:10:35.431,10645,10646,10646,1,1
2019-07-09 18:10:35.453,10645,10646,10644,45,-45
2019-07-09 18:10:35.454,10645,10646,10644,1,-1
2019-07-09 18:10:35.491,10645,10646,10644,5,-5
2019-07-09 18:10:35.555,10643,10644,10644,3,3
2019-07-09 18:10:35.555,10643,10644,10644,1,1
2019-07-09 18:10:35.556,10643,10644,10643,5,-5
2019-07-09 18:10:35.677,10643,10644,10643,3,-3
2019-07-09 18:10:35.815,10643,10644,10643,2,-2
2019-07-09 18:10:37.882,10643,10644,10644,30,30
2019-07-09 18:10:37.930,10643,10644,10644,2,2
2019-07-09 18:10:37.931,10643,10644,10644,2,2
2019-07-09 18:10:37.931,10643,10644,10644,1,1
2019-07-09 18:10:37.931,10643,10644,10644,10,10
2019-07-09 18:10:37.931,10643,10644,10644,4,4
2019-07-09 18:11:16.220,10644,10645,10645,1,1
2019-07-09 18:11:16.305,10644,10645,10645,2,2
2019-07-09 18:11:19.610,10644,10645,10645,1,1
2019-07-09 18:11:20.860,10644,10645,10645,2,2
2019-07-09 18:11:20.930,10644,10645,10645,1,1
2019-07-09 18:11:23.183,10645,10646,10646,1,1
2019-07-09 18:11:26.374,10645,10646,10645,9,-9
2019-07-09 18:11:27.739,10644,10645,10645,1,1
2019-07-09 18:11:29.127,10644,10645,10645,1,1
2019-07-09 18:11:33.267,10644,10645,10645,1,1
2019-07-09 18:11:38.224,10644,10645,10645,1,1
2019-07-09 18:11:38.503,10644,10645,10645,1,1
2019-07-09 18:11:39.012,10644,10645,10645,1,1
2019-07-09 18:11:39.618,10644,10645,10645,1,1
2019-07-09 18:12:11.293,10644,10645,10644,20,-20
2019-07-09 18:12:11.305,10644,10645,10644,3,-3
2019-07-09 18:12:26.774,10643,10644,10644,1,1
2019-07-09 18:12:26.805,10643,10644,10644,2,2
2019-07-09 18:12:27.843,10644,10645,10644,1,-1
2019-07-09 18:12:35.654,10644,10645,10644,2,-2
2019-07-09 18:12:44.488,10643,10644,10644,1,1
2019-07-09 18:12:44.547,10643,10644,10644,1,1
2019-07-09 18:12:50.491,10643,10644,10644,1,1
2019-07-09 18:12:55.182,10644,10645,10644,6,-6
2019-07-09 18:12:58.805,10644,10645,10645,42,42
2019-07-09 18:13:48.368,10644,10645,10645,1,1
2019-07-09 18:13:59.125,10644,10645,10644,3,-3
2019-07-09 18:14:58.782,10644,10645,10645,2,2
2019-07-09 18:14:59.665,10644,10645,10645,2,2
2019-07-09 18:14:59.927,10644,10645,10645,2,2
2019-07-09 18:15:01.815,10644,10645,10645,1,1
2019-07-09 18:15:02.219,10644,10645,10645,2,2
2019-07-09 18:15:02.504,10644,10645,10645,1,1
2019-07-09 18:15:05.522,10644,10645,10644,1,-1
2019-07-09 18:15:29.636,10644,10645,10644,16,-16
2019-07-09 18:15:29.636,10644,10645,10644,1,-1
2019-07-09 18:15:48.108,10643,10644,10644,5,5
2019-07-09 18:15:56.433,10643,10644,10644,1,1
2019-07-09 18:16:03.326,10643,10644,10643,2,-2
2019-07-09 18:16:06.229,10643,10644,10643,1,-1
2019-07-09 18:16:06.309,10643,10644,10643,1,-1
2019-07-09 18:16:07.055,10643,10644,10643,1,-1
2019-07-09 18:16:07.180,10643,10644,10643,1,-1
2019-07-09 18:16:07.305,10643,10644,10643,2,-2
2019-07-09 18:16:07.306,10643,10644,10643,1,-1
2019-07-09 18:16:07.306,10643,10644,10643,1,-1
2019-07-09 18:16:07.306,10643,10644,10643,3,-3
2019-07-09 18:16:07.306,10643,10644,10643,2,-2
2019-07-09 18:16:07.306,10643,10644,10643,1,-1
2019-07-09 18:16:07.321,10643,10644,10643,2,-2
2019-07-09 18:16:07.321,10643,10644,10643,4,-4
2019-07-09 18:16:07.430,10643,10644,10643,2,-2
2019-07-09 18:16:07.431,10643,10644,10643,10,-10
2019-07-09 18:16:23.129,10642,10643,10643,1,1
2019-07-09 18:16:55.069,10642,10643,10643,2,2
2019-07-09 18:16:55.069,10642,10643,10644,1,1
2019-07-09 18:17:30.283,10643,10644,10643,3,-3
2019-07-09 18:17:39.808,10643,10644,10643,1,-1
2019-07-09 18:17:42.550,10643,10644,10643,1,-1
2019-07-09 18:18:03.731,10642,10643,10643,1,1
2019-07-09 18:18:11.272,10643,10644,10643,1,-1
2019-07-09 18:18:11.536,10643,10644,10643,1,-1
2019-07-09 18:18:24.925,10643,10644,10643,1,-1
2019-07-09 18:18:29.265,10642,10643,10643,1,1
2019-07-09 18:18:29.305,10642,10643,10643,1,1
2019-07-09 18:18:32.403,10642,10643,10643,1,1
2019-07-09 18:19:16.793,10643,10644,10643,1,-1
2019-07-09 18:19:28.040,10643,10644,10643,1,-1
2019-07-09 18:19:28.750,10643,10644,10643,1,-1
2019-07-09 18:19:28.751,10643,10644,10643,1,-1
2019-07-09 18:19:33.246,10643,10644,10643,2,-2
2019-07-09 18:19:34.107,10643,10644,10643,1,-1
2019-07-09 18:19:34.108,10643,10644,10643,1,-1
2019-07-09 18:19:35.918,10643,10644,10643,1,-1
2019-07-09 18:19:37.860,10643,10644,10643,1,-1
2019-07-09 18:19:37.860,10643,10644,10643,1,-1
2019-07-09 18:19:38.383,10643,10644,10643,1,-1
2019-07-09 18:19:58.414,10642,10643,10643,1,1
2019-07-09 18:20:43.183,10643,10644,10644,1,1
2019-07-09 18:20:49.837,10643,10644,10644,12,12
2019-07-09 18:20:49.837,10643,10644,10644,3,3
2019-07-09 18:20:49.930,10643,10644,10644,2,2
2019-07-09 18:20:49.931,10643,10644,10644,1,1
2019-07-09 18:20:49.931,10643,10644,10644,16,16
2019-07-09 18:20:50.056,10643,10644,10644,4,4
2019-07-09 18:20:50.056,10643,10644,10644,1,1
2019-07-09 18:20:50.056,10643,10644,10644,2,2
2019-07-09 18:20:50.056,10643,10644,10644,9,9
2019-07-09 18:20:50.056,10643,10644,10644,6,6
2019-07-09 18:20:50.056,10643,10644,10644,3,3
2019-07-09 18:20:50.056,10643,10644,10644,1,1
2019-07-09 18:20:50.056,10643,10644,10644,18,18
2019-07-09 18:20:50.056,10643,10644,10644,1,1
2019-07-09 18:20:50.056,10643,10644,10644,1,1
2019-07-09 18:20:50.062,10643,10644,10644,4,4
2019-07-09 18:20:50.076,10643,10644,10644,2,2
2019-07-09 18:20:50.086,10643,10644,10644,2,2
2019-07-09 18:20:50.095,10643,10644,10644,1,1
2019-07-09 18:20:50.181,10643,10644,10644,1,1
2019-07-09 18:20:50.181,10643,10644,10644,1,1
