2022-01-11 15:00:00.030,18250,18253,18250,122,-122
2022-01-11 15:00:00.162,18250,18253,18253,1,1
2022-01-11 15:00:00.162,18250,18253,18250,5,-5
2022-01-11 15:00:00.168,18250,18253,18253,5,5
2022-01-11 15:00:00.187,18250,18253,18250,6,-6
2022-01-11 15:00:00.187,18250,18253,18250,1,-1
2022-01-11 15:00:00.203,18250,18253,18253,1,1
2022-01-11 15:00:00.272,18250,18253,18253,4,4
2022-01-11 15:00:00.389,18250,18253,18253,4,4
2022-01-11 15:00:00.480,18250,18253,18253,2,2
2022-01-11 15:00:00.480,18250,18253,18254,1,1
2022-01-11 15:00:00.498,18250,18254,18250,2,-2
2022-01-11 15:00:00.521,18250,18254,18249,1,-1
2022-01-11 15:00:00.523,18250,18254,18249,1,-1
2022-01-11 15:00:00.537,18250,18254,18254,2,2
2022-01-11 15:00:00.571,18250,18254,18254,1,1
2022-01-11 15:00:00.582,18250,18254,18254,2,2
2022-01-11 15:00:00.588,18250,18254,18255,1,1
2022-01-11 15:00:00.599,18250,18254,18255,1,1
2022-01-11 15:00:00.618,18250,18255,18255,1,1
2022-01-11 15:00:00.619,18250,18255,18255,4,4
2022-01-11 15:00:00.620,18250,18255,18255,1,1
2022-01-11 15:00:00.621,18250,18255,18255,1,1
2022-01-11 15:00:00.643,18250,18255,18253,1,1
2022-01-11 15:00:00.647,18250,18255,18255,1,1
2022-01-11 15:00:00.667,18250,18255,18255,1,1
2022-01-11 15:00:00.692,18250,18255,18255,2,2
2022-01-11 15:00:00.721,18250,18255,18255,1,1
2022-01-11 15:00:00.721,18250,18255,18256,5,5
2022-01-11 15:00:00.721,18250,18255,18250,1,-1
2022-01-11 15:00:00.728,18250,18255,18249,1,-1
2022-01-11 15:00:00.747,18252,18255,18255,1,1
2022-01-11 15:00:00.748,18252,18255,18254,1,1
2022-01-11 15:00:00.748,18252,18255,18253,1,-1
2022-01-11 15:00:00.749,18252,18255,18252,1,-1
2022-01-11 15:00:00.758,18252,18255,18254,1,1
2022-01-11 15:00:00.773,18252,18255,18255,1,1
2022-01-11 15:00:00.784,18252,18255,18255,2,2
2022-01-11 15:00:00.799,18252,18255,18255,1,1
2022-01-11 15:00:00.814,18252,18255,18255,1,1
2022-01-11 15:00:00.814,18252,18255,18256,1,1
2022-01-11 15:00:00.817,18252,18255,18254,1,1
2022-01-11 15:00:00.817,18252,18255,18253,1,-1
2022-01-11 15:00:00.827,18252,18255,18255,1,1
2022-01-11 15:00:00.918,18254,18256,18256,1,1
2022-01-11 15:00:00.919,18254,18256,18256,1,1
2022-01-11 15:00:00.922,18254,18256,18256,5,5
2022-01-11 15:00:00.928,18254,18256,18257,3,3
2022-01-11 15:00:00.944,18254,18256,18257,2,2
2022-01-11 15:00:00.945,18254,18256,18257,1,1
2022-01-11 15:00:00.971,18254,18256,18257,1,1
2022-01-11 15:00:00.971,18254,18256,18258,2,2
2022-01-11 15:00:00.972,18254,18256,18258,6,6
2022-01-11 15:00:01.033,18258,18260,18260,1,1
2022-01-11 15:00:01.044,18258,18260,18260,1,1
2022-01-11 15:00:01.045,18258,18260,18260,2,2
2022-01-11 15:00:01.045,18258,18260,18260,2,2
2022-01-11 15:00:01.045,18258,18260,18260,1,1
2022-01-11 15:00:01.046,18258,18260,18261,1,1
2022-01-11 15:00:01.057,18258,18260,18262,1,1
2022-01-11 15:00:01.104,18258,18260,18262,2,2
2022-01-11 15:00:01.118,18260,18262,18260,2,-2
2022-01-11 15:00:01.124,18260,18262,18259,1,-1
2022-01-11 15:00:01.138,18260,18262,18261,2,2
2022-01-11 15:00:01.171,18260,18262,18262,4,4
2022-01-11 15:00:01.171,18260,18262,18263,4,4
2022-01-11 15:00:01.171,18260,18262,18264,1,1
2022-01-11 15:00:01.182,18260,18262,18261,1,1
2022-01-11 15:00:01.182,18260,18262,18260,1,-1
2022-01-11 15:00:01.208,18260,18262,18263,1,1
2022-01-11 15:00:01.208,18260,18262,18264,2,2
2022-01-11 15:00:01.214,18260,18262,18264,2,2
2022-01-11 15:00:01.214,18260,18262,18265,1,1
2022-01-11 15:00:01.249,18261,18264,18261,2,-2
2022-01-11 15:00:01.285,18261,18264,18262,1,-1
2022-01-11 15:00:01.334,18261,18264,18260,1,-1
2022-01-11 15:00:01.379,18259,18262,18262,2,2
2022-01-11 15:00:01.379,18259,18262,18263,1,1
2022-01-11 15:00:01.379,18259,18262,18264,3,3
2022-01-11 15:00:01.421,18259,18262,18260,1,-1
2022-01-11 15:00:01.727,18261,18263,18263,1,1
2022-01-11 15:00:01.728,18261,18263,18261,2,-2
2022-01-11 15:00:01.824,18261,18263,18263,1,1
2022-01-11 15:00:01.824,18261,18263,18264,1,1
2022-01-11 15:00:01.824,18261,18263,18261,1,-1
2022-01-11 15:00:01.983,18260,18264,18260,1,-1
2022-01-11 15:00:01.984,18260,18264,18259,2,-2
2022-01-11 15:00:02.013,18258,18262,18258,1,-1
2022-01-11 15:00:02.117,18258,18262,18258,1,-1
2022-01-11 15:00:02.118,18258,18260,18258,1,-1
2022-01-11 15:00:02.118,18258,18260,18257,2,-2
2022-01-11 15:00:02.119,18258,18260,18256,3,-3
2022-01-11 15:00:02.158,18258,18260,18255,1,-1
2022-01-11 15:00:02.173,18258,18260,18257,1,-1
2022-01-11 15:00:02.177,18258,18260,18254,1,-1
2022-01-11 15:00:02.183,18258,18260,18256,1,-1
2022-01-11 15:00:02.223,18258,18260,18255,1,-1
2022-01-11 15:00:02.231,18258,18260,18254,1,-1
2022-01-11 15:00:02.232,18258,18260,18253,1,-1
2022-01-11 15:00:02.270,18254,18255,18255,1,1
2022-01-11 15:00:02.311,18254,18255,18254,1,-1
2022-01-11 15:00:02.330,18254,18255,18255,1,1
2022-01-11 15:00:02.330,18254,18255,18254,1,-1
2022-01-11 15:00:02.330,18254,18255,18252,1,-1
2022-01-11 15:00:02.346,18254,18255,18254,1,-1
2022-01-11 15:00:02.346,18254,18255,18252,1,-1
2022-01-11 15:00:02.356,18254,18255,18252,1,-1
2022-01-11 15:00:02.391,18253,18254,18253,1,-1
2022-01-11 15:00:02.400,18253,18254,18252,1,-1
2022-01-11 15:00:02.401,18253,18254,18251,1,-1
2022-01-11 15:00:02.401,18253,18254,18252,1,-1
2022-01-11 15:00:02.488,18253,18254,18251,1,-1
2022-01-11 15:00:02.488,18253,18254,18250,1,-1
2022-01-11 15:00:02.535,18250,18255,18250,1,-1
2022-01-11 15:00:02.617,18250,18255,18250,1,-1
2022-01-11 15:00:02.722,18250,18255,18250,1,-1
2022-01-11 15:00:02.822,18250,18255,18255,1,1
2022-01-11 15:00:02.943,18252,18255,18255,1,1
2022-01-11 15:00:02.943,18252,18255,18256,1,1
2022-01-11 15:00:02.985,18252,18255,18253,1,-1
2022-01-11 15:00:03.187,18253,18256,18252,1,-1
2022-01-11 15:00:03.235,18253,18256,18251,1,-1
2022-01-11 15:00:03.236,18253,18256,18251,1,-1
2022-01-11 15:00:03.236,18253,18256,18251,1,-1
2022-01-11 15:00:03.236,18253,18256,18251,1,-1
2022-01-11 15:00:03.251,18251,18254,18251,1,-1
2022-01-11 15:00:03.258,18251,18254,18254,1,1
2022-01-11 15:00:03.258,18251,18254,18255,1,1
2022-01-11 15:00:03.258,18251,18254,18256,1,1
2022-01-11 15:00:03.275,18251,18254,18253,1,1
2022-01-11 15:00:03.275,18251,18254,18252,1,-1
2022-01-11 15:00:03.275,18251,18254,18251,1,-1
2022-01-11 15:00:03.297,18251,18254,18255,2,2
2022-01-11 15:00:03.297,18251,18254,18256,5,5
2022-01-11 15:00:03.297,18251,18254,18257,3,3
2022-01-11 15:00:03.302,18251,18254,18253,2,2
2022-01-11 15:00:03.302,18251,18254,18252,2,-2
2022-01-11 15:00:03.530,18252,18254,18253,1,1
2022-01-11 15:00:03.637,18252,18254,18252,1,-1
2022-01-11 15:00:03.779,18253,18255,18255,1,1
2022-01-11 15:00:03.828,18253,18255,18253,1,-1
2022-01-11 15:00:03.910,18253,18255,18253,2,-2
2022-01-11 15:00:04.019,18253,18255,18253,1,-1
2022-01-11 15:00:04.154,18253,18255,18255,1,1
2022-01-11 15:00:04.254,18253,18256,18253,2,-2
2022-01-11 15:00:04.293,18253,18256,18256,1,1
2022-01-11 15:00:04.326,18253,18256,18253,1,-1
2022-01-11 15:00:05.437,18255,18257,18257,1,1
2022-01-11 15:00:05.855,18256,18257,18257,1,1
2022-01-11 15:00:05.859,18256,18257,18257,1,1
2022-01-11 15:00:06.012,18256,18258,18256,3,-3
2022-01-11 15:00:06.020,18256,18258,18256,1,-1
2022-01-11 15:00:06.180,18256,18258,18258,1,1
2022-01-11 15:00:06.465,18257,18258,18257,3,-3
2022-01-11 15:00:06.465,18257,18258,18256,1,-1
2022-01-11 15:00:06.639,18256,18258,18258,1,1
2022-01-11 15:00:06.820,18256,18258,18258,1,1
2022-01-11 15:00:07.157,18257,18258,18257,1,-1
2022-01-11 15:00:07.352,18256,18258,18257,1,1
2022-01-11 15:00:07.654,18256,18258,18258,1,1
2022-01-11 15:00:07.654,18256,18258,18259,4,4
2022-01-11 15:00:08.503,18256,18258,18258,1,1
2022-01-11 15:00:08.514,18256,18258,18257,1,1
2022-01-11 15:00:10.222,18256,18257,18257,1,1
2022-01-11 15:00:10.222,18256,18257,18256,3,-3
2022-01-11 15:00:10.222,18256,18257,18255,2,-2
2022-01-11 15:00:10.713,18255,18257,18257,1,1
2022-01-11 15:00:10.904,18255,18257,18255,2,-2
2022-01-11 15:00:10.904,18255,18257,18254,3,-3
2022-01-11 15:00:11.041,18255,18257,18255,1,-1
2022-01-11 15:00:11.043,18255,18257,18255,2,-2
2022-01-11 15:00:11.240,18254,18256,18256,1,1
2022-01-11 15:00:11.477,18254,18257,18257,4,4
2022-01-11 15:00:11.477,18254,18257,18258,1,1
2022-01-11 15:00:11.800,18255,18257,18257,1,1
2022-01-11 15:00:12.322,18254,18257,18254,3,-3
2022-01-11 15:00:12.562,18254,18257,18257,1,1
2022-01-11 15:00:12.976,18254,18256,18256,1,1
2022-01-11 15:00:13.716,18254,18257,18256,1,1
2022-01-11 15:00:13.932,18254,18256,18256,1,1
2022-01-11 15:00:14.100,18254,18256,18256,1,1
2022-01-11 15:00:14.123,18255,18257,18255,1,-1
2022-01-11 15:00:15.459,18255,18257,18257,4,4
2022-01-11 15:00:16.577,18256,18257,18256,1,-1
2022-01-11 15:00:16.603,18256,18257,18256,5,-5
2022-01-11 15:00:16.604,18256,18257,18257,4,4
2022-01-11 15:00:16.772,18257,18258,18257,3,-3
2022-01-11 15:00:16.772,18257,18258,18256,3,-3
2022-01-11 15:00:16.772,18257,18258,18255,4,-4
2022-01-11 15:00:16.977,18257,18258,18258,2,2
2022-01-11 15:00:16.980,18257,18258,18258,1,1
2022-01-11 15:00:16.983,18257,18258,18258,2,2
2022-01-11 15:00:16.984,18257,18258,18258,2,2
2022-01-11 15:00:16.994,18257,18259,18257,1,-1
2022-01-11 15:00:17.002,18257,18259,18257,1,-1
2022-01-11 15:00:17.015,18257,18259,18256,1,-1
2022-01-11 15:00:17.020,18257,18259,18257,1,-1
2022-01-11 15:00:17.058,18257,18259,18256,2,-2
2022-01-11 15:00:17.065,18257,18259,18256,1,-1
2022-01-11 15:00:17.065,18257,18259,18255,1,-1
2022-01-11 15:00:17.323,18256,18259,18258,2,2
2022-01-11 15:00:17.820,18256,18258,18256,1,-1
2022-01-11 15:00:17.841,18256,18258,18256,1,-1
2022-01-11 15:00:17.842,18256,18258,18255,2,-2
2022-01-11 15:00:18.957,18255,18258,18256,1,-1
2022-01-11 15:00:19.469,18256,18257,18256,1,-1
2022-01-11 15:00:19.469,18256,18257,18255,5,-5
2022-01-11 15:00:19.605,18254,18256,18256,1,1
2022-01-11 15:00:20.065,18255,18256,18256,1,1
2022-01-11 15:00:20.125,18255,18256,18256,1,1
2022-01-11 15:00:20.942,18256,18257,18256,1,-1
2022-01-11 15:00:20.942,18256,18257,18255,2,-2
2022-01-11 15:00:21.309,18254,18255,18255,1,1
2022-01-11 15:00:22.117,18254,18255,18255,1,1
2022-01-11 15:00:22.463,18254,18255,18255,1,1
2022-01-11 15:00:22.713,18254,18256,18256,1,1
2022-01-11 15:00:22.911,18254,18256,18256,1,1
2022-01-11 15:00:23.342,18254,18255,18255,1,1
2022-01-11 15:00:23.771,18255,18256,18255,2,-2
2022-01-11 15:00:24.061,18254,18256,18256,5,5
2022-01-11 15:00:24.165,18255,18257,18255,1,-1
2022-01-11 15:00:24.165,18255,18257,18254,5,-5
2022-01-11 15:00:25.197,18255,18256,18255,1,-1
2022-01-11 15:00:25.197,18255,18256,18255,1,-1
2022-01-11 15:00:25.647,18255,18257,18255,1,-1
2022-01-11 15:00:26.065,18256,18257,18256,1,-1
2022-01-11 15:00:26.697,18255,18256,18255,3,-3
2022-01-11 15:00:26.697,18255,18256,18255,1,-1
2022-01-11 15:00:26.879,18254,18256,18254,2,-2
2022-01-11 15:00:27.403,18254,18256,18254,5,-5
2022-01-11 15:00:27.403,18254,18256,18254,1,-1
2022-01-11 15:00:27.404,18254,18256,18253,7,-7
2022-01-11 15:00:27.642,18253,18255,18255,1,1
2022-01-11 15:00:27.926,18253,18255,18254,1,1
2022-01-11 15:00:27.926,18253,18255,18253,1,-1
2022-01-11 15:00:27.996,18252,18254,18252,3,-3
2022-01-11 15:00:28.692,18252,18254,18253,6,6
2022-01-11 15:00:28.692,18252,18254,18252,4,-4
2022-01-11 15:00:28.766,18252,18253,18252,1,-1
2022-01-11 15:00:28.767,18252,18253,18252,3,-3
2022-01-11 15:00:29.039,18251,18252,18252,1,1
2022-01-11 15:00:29.068,18251,18252,18253,1,1
2022-01-11 15:00:29.273,18251,18252,18251,1,-1
2022-01-11 15:00:29.401,18251,18252,18252,1,1
2022-01-11 15:00:29.401,18251,18252,18253,1,1
2022-01-11 15:00:30.384,18251,18253,18251,1,-1
2022-01-11 15:00:30.385,18251,18253,18251,4,-4
2022-01-11 15:00:30.386,18251,18253,18250,3,-3
2022-01-11 15:00:30.680,18250,18251,18250,8,-8
2022-01-11 15:00:30.681,18250,18251,18249,1,-1
2022-01-11 15:00:30.681,18250,18251,18249,1,-1
2022-01-11 15:00:30.702,18250,18251,18249,1,-1
2022-01-11 15:00:31.604,18248,18251,18248,2,-2
2022-01-11 15:00:31.662,18248,18251,18248,3,-3
2022-01-11 15:00:31.662,18248,18251,18247,3,-3
2022-01-11 15:00:31.662,18248,18251,18246,4,-4
2022-01-11 15:00:31.684,18248,18251,18247,1,-1
2022-01-11 15:00:31.864,18247,18249,18249,3,3
2022-01-11 15:00:31.865,18247,18249,18249,2,2
2022-01-11 15:00:32.138,18248,18250,18248,1,-1
2022-01-11 15:00:32.672,18248,18250,18248,2,-2
2022-01-11 15:00:32.672,18248,18250,18248,1,-1
2022-01-11 15:00:33.398,18248,18250,18248,1,-1
2022-01-11 15:00:33.654,18248,18250,18250,1,1
2022-01-11 15:00:33.945,18248,18250,18248,1,-1
2022-01-11 15:00:33.945,18248,18250,18247,3,-3
2022-01-11 15:00:34.004,18247,18249,18247,4,-4
2022-01-11 15:00:34.293,18247,18249,18247,1,-1
2022-01-11 15:00:34.573,18247,18249,18247,1,-1
2022-01-11 15:00:34.578,18247,18249,18249,1,1
2022-01-11 15:00:35.261,18248,18250,18249,2,2
2022-01-11 15:00:36.280,18248,18250,18248,1,-1
2022-01-11 15:00:36.812,18249,18250,18249,1,-1
2022-01-11 15:00:36.978,18248,18250,18248,3,-3
2022-01-11 15:00:38.201,18248,18250,18249,5,5
2022-01-11 15:00:38.604,18249,18250,18250,1,1
2022-01-11 15:00:38.751,18249,18250,18249,1,-1
2022-01-11 15:00:38.755,18249,18250,18249,1,-1
2022-01-11 15:00:41.023,18248,18249,18249,1,1
2022-01-11 15:00:41.930,18249,18250,18250,6,6
2022-01-11 15:00:41.931,18249,18250,18250,1,1
2022-01-11 15:00:42.542,18249,18251,18249,4,-4
2022-01-11 15:00:42.928,18249,18251,18251,4,4
2022-01-11 15:00:43.379,18250,18252,18250,1,-1
2022-01-11 15:00:45.172,18251,18252,18251,1,-1
2022-01-11 15:00:45.172,18251,18252,18250,4,-4
2022-01-11 15:00:45.712,18250,18252,18252,1,1
2022-01-11 15:00:46.604,18251,18252,18252,4,4
2022-01-11 15:00:46.605,18251,18252,18252,3,3
2022-01-11 15:00:46.676,18251,18253,18253,2,2
2022-01-11 15:00:47.138,18252,18253,18253,1,1
2022-01-11 15:00:47.138,18252,18253,18253,1,1
2022-01-11 15:00:47.679,18252,18254,18252,1,-1
2022-01-11 15:00:48.057,18252,18254,18253,1,1
2022-01-11 15:00:49.976,18252,18254,18254,5,5
2022-01-11 15:00:49.976,18252,18254,18254,1,1
2022-01-11 15:00:49.976,18252,18254,18254,1,1
2022-01-11 15:00:49.976,18252,18254,18254,1,1
2022-01-11 15:00:50.846,18253,18255,18255,2,2
2022-01-11 15:00:50.853,18253,18255,18255,2,2
2022-01-11 15:00:51.227,18254,18256,18254,1,-1
2022-01-11 15:00:51.969,18253,18255,18254,1,1
2022-01-11 15:00:52.451,18254,18256,18254,1,-1
2022-01-11 15:00:54.243,18253,18254,18254,1,1
2022-01-11 15:00:54.243,18253,18254,18253,2,-2
2022-01-11 15:00:54.286,18253,18254,18254,1,1
2022-01-11 15:00:54.292,18253,18254,18254,2,2
2022-01-11 15:00:55.025,18252,18254,18254,1,1
2022-01-11 15:00:56.197,18254,18255,18255,5,5
2022-01-11 15:00:56.198,18254,18255,18255,4,4
2022-01-11 15:00:56.247,18254,18257,18254,5,-5
2022-01-11 15:00:56.247,18254,18257,18253,1,-1
2022-01-11 15:00:56.341,18254,18257,18256,2,2
2022-01-11 15:00:57.323,18254,18256,18256,1,1
2022-01-11 15:00:57.433,18255,18256,18255,1,-1
2022-01-11 15:00:57.502,18255,18256,18255,1,-1
2022-01-11 15:00:57.503,18255,18256,18254,1,-1
2022-01-11 15:00:57.784,18253,18256,18253,1,-1
2022-01-11 15:00:58.094,18253,18255,18253,1,-1
2022-01-11 15:01:00.048,18253,18254,18253,1,-1
2022-01-11 15:01:00.065,18253,18254,18254,1,1
2022-01-11 15:01:00.075,18253,18254,18255,1,1
2022-01-11 15:01:00.077,18253,18254,18255,1,1
2022-01-11 15:01:00.122,18254,18255,18255,1,1
2022-01-11 15:01:00.123,18254,18255,18255,3,3
2022-01-11 15:01:00.123,18254,18255,18255,1,1
2022-01-11 15:01:00.160,18254,18255,18255,1,1
2022-01-11 15:01:00.187,18254,18255,18254,1,-1
2022-01-11 15:01:00.385,18253,18255,18255,2,2
2022-01-11 15:01:00.443,18253,18255,18253,1,-1
2022-01-11 15:01:00.894,18253,18254,18253,2,-2
2022-01-11 15:01:00.922,18253,18254,18254,1,1
2022-01-11 15:01:01.168,18254,18255,18254,1,-1
2022-01-11 15:01:01.168,18254,18255,18253,2,-2
2022-01-11 15:01:01.245,18253,18255,18255,1,1
2022-01-11 15:01:01.246,18253,18255,18255,1,1
2022-01-11 15:01:02.237,18254,18255,18254,2,-2
2022-01-11 15:01:02.237,18254,18255,18253,3,-3
2022-01-11 15:01:02.249,18253,18254,18253,1,-1
2022-01-11 15:01:02.250,18253,18254,18253,1,-1
2022-01-11 15:01:02.340,18253,18254,18255,1,1
2022-01-11 15:01:03.534,18252,18253,18253,1,1
2022-01-11 15:01:03.576,18252,18253,18253,1,1
2022-01-11 15:01:03.768,18253,18254,18253,1,-1
2022-01-11 15:01:06.005,18252,18253,18252,1,-1
2022-01-11 15:01:06.223,18252,18253,18253,1,1
2022-01-11 15:01:08.243,18252,18253,18253,3,3
2022-01-11 15:01:08.243,18252,18253,18254,2,2
2022-01-11 15:01:08.371,18252,18253,18253,1,1
2022-01-11 15:01:08.372,18252,18253,18254,1,1
2022-01-11 15:01:08.436,18252,18253,18252,3,-3
2022-01-11 15:01:08.436,18252,18253,18251,3,-3
2022-01-11 15:01:08.928,18251,18252,18251,2,-2
2022-01-11 15:01:12.322,18251,18252,18252,1,1
2022-01-11 15:01:16.067,18251,18252,18251,1,-1
2022-01-11 15:01:16.067,18251,18252,18251,2,-2
2022-01-11 15:01:16.067,18251,18252,18251,1,-1
2022-01-11 15:01:16.146,18250,18251,18251,1,1
2022-01-11 15:01:16.147,18250,18251,18251,1,1
2022-01-11 15:01:17.249,18250,18251,18250,1,-1
2022-01-11 15:01:17.249,18250,18251,18250,10,-10
2022-01-11 15:01:17.371,18249,18250,18250,1,1
2022-01-11 15:01:17.371,18249,18250,18250,1,1
2022-01-11 15:01:17.371,18249,18250,18251,1,1
2022-01-11 15:01:17.371,18249,18250,18251,1,1
2022-01-11 15:01:17.371,18249,18250,18250,1,1
2022-01-11 15:01:17.480,18249,18250,18249,5,-5
2022-01-11 15:01:17.536,18248,18251,18251,1,1
2022-01-11 15:01:18.196,18249,18250,18249,3,-3
2022-01-11 15:01:18.197,18249,18250,18249,1,-1
2022-01-11 15:01:19.991,18249,18250,18250,2,2
2022-01-11 15:01:19.991,18249,18250,18249,1,-1
2022-01-11 15:01:20.065,18248,18250,18249,1,1
2022-01-11 15:01:20.403,18249,18250,18249,1,-1
2022-01-11 15:01:20.403,18249,18250,18248,2,-2
2022-01-11 15:01:20.443,18249,18250,18248,3,-3
2022-01-11 15:01:20.443,18249,18250,18248,15,-15
2022-01-11 15:01:21.619,18247,18248,18247,3,-3
2022-01-11 15:01:21.772,18247,18248,18248,1,1
2022-01-11 15:01:22.113,18247,18248,18248,2,2
2022-01-11 15:01:22.113,18247,18248,18248,2,2
2022-01-11 15:01:22.191,18248,18249,18248,1,-1
2022-01-11 15:01:22.192,18248,18249,18247,2,-2
2022-01-11 15:01:22.192,18248,18249,18247,4,-4
2022-01-11 15:01:22.707,18247,18248,18248,1,1
2022-01-11 15:01:23.881,18248,18249,18248,1,-1
2022-01-11 15:01:24.425,18248,18249,18248,6,-6
2022-01-11 15:01:24.425,18248,18249,18247,1,-1
2022-01-11 15:01:24.439,18248,18249,18247,3,-3
2022-01-11 15:01:24.570,18246,18247,18247,1,1
2022-01-11 15:01:24.631,18247,18248,18248,1,1
2022-01-11 15:01:26.184,18247,18248,18247,2,-2
2022-01-11 15:01:26.184,18247,18248,18247,3,-3
2022-01-11 15:01:26.350,18246,18247,18247,8,8
2022-01-11 15:01:27.986,18247,18248,18248,1,1
2022-01-11 15:01:27.995,18247,18248,18248,1,1
2022-01-11 15:01:28.413,18247,18248,18248,1,1
2022-01-11 15:01:28.529,18247,18248,18248,1,1
2022-01-11 15:01:28.565,18247,18248,18247,1,-1
2022-01-11 15:01:31.446,18247,18248,18248,1,1
2022-01-11 15:01:31.760,18247,18248,18247,1,-1
2022-01-11 15:01:33.611,18247,18248,18247,1,-1
2022-01-11 15:01:34.623,18247,18248,18247,1,-1
2022-01-11 15:01:35.300,18247,18248,18247,6,-6
2022-01-11 15:01:35.300,18247,18248,18246,3,-3
2022-01-11 15:01:35.300,18247,18248,18246,2,-2
2022-01-11 15:01:35.775,18246,18247,18247,1,1
2022-01-11 15:01:38.614,18246,18247,18246,1,-1
2022-01-11 15:01:39.939,18246,18247,18246,1,-1
2022-01-11 15:01:40.010,18246,18247,18246,3,-3
2022-01-11 15:01:40.010,18246,18247,18246,1,-1
2022-01-11 15:01:40.010,18246,18247,18245,2,-2
2022-01-11 15:01:40.193,18245,18247,18245,1,-1
2022-01-11 15:01:40.278,18245,18247,18245,1,-1
2022-01-11 15:01:42.034,18245,18246,18245,1,-1
2022-01-11 15:01:42.067,18245,18246,18245,2,-2
2022-01-11 15:01:42.172,18245,18246,18246,1,1
2022-01-11 15:01:45.341,18245,18246,18246,1,1
2022-01-11 15:01:45.431,18245,18246,18246,1,1
2022-01-11 15:01:45.580,18245,18246,18246,3,3
2022-01-11 15:01:46.606,18245,18246,18245,2,-2
2022-01-11 15:01:47.035,18245,18246,18246,1,1
2022-01-11 15:01:47.230,18245,18246,18246,1,1
2022-01-11 15:01:47.674,18246,18247,18246,1,-1
2022-01-11 15:01:48.226,18245,18246,18245,1,-1
2022-01-11 15:01:48.463,18245,18246,18246,1,1
2022-01-11 15:01:48.808,18245,18247,18245,1,-1
2022-01-11 15:01:49.494,18246,18247,18246,1,-1
2022-01-11 15:01:50.361,18246,18247,18246,1,-1
2022-01-11 15:01:50.361,18246,18247,18246,1,-1
2022-01-11 15:01:50.940,18246,18247,18247,3,3
2022-01-11 15:01:50.942,18246,18247,18247,6,6
2022-01-11 15:01:50.942,18246,18247,18247,1,1
2022-01-11 15:01:50.942,18246,18247,18247,1,1
2022-01-11 15:01:50.942,18246,18247,18247,3,3
2022-01-11 15:01:51.797,18246,18248,18248,1,1
2022-01-11 15:01:51.797,18246,18248,18248,4,4
2022-01-11 15:01:51.797,18246,18248,18248,1,1
2022-01-11 15:01:51.797,18246,18248,18248,1,1
2022-01-11 15:01:51.797,18246,18248,18248,5,5
2022-01-11 15:01:52.741,18248,18249,18248,1,-1
2022-01-11 15:01:53.758,18248,18249,18249,5,5
2022-01-11 15:01:56.758,18248,18249,18248,3,-3
2022-01-11 15:01:56.758,18248,18249,18247,2,-2
2022-01-11 15:01:56.906,18247,18248,18248,1,1
2022-01-11 15:02:00.220,18248,18249,18248,1,-1
2022-01-11 15:02:00.241,18248,18249,18249,1,1
2022-01-11 15:02:00.281,18248,18249,18249,1,1
2022-01-11 15:02:00.332,18248,18249,18249,1,1
2022-01-11 15:02:00.369,18248,18249,18249,1,1
2022-01-11 15:02:00.641,18248,18249,18249,1,1
2022-01-11 15:02:00.712,18248,18249,18250,1,1
2022-01-11 15:02:03.109,18249,18250,18250,5,5
2022-01-11 15:02:03.109,18249,18250,18250,1,1
2022-01-11 15:02:03.109,18249,18250,18250,1,1
2022-01-11 15:02:05.948,18249,18250,18249,10,-10
2022-01-11 15:02:06.670,18249,18250,18249,5,-5
2022-01-11 15:02:06.849,18249,18250,18250,1,1
2022-01-11 15:02:06.850,18249,18250,18250,4,4
2022-01-11 15:02:07.710,18249,18250,18250,1,1
2022-01-11 15:02:07.710,18249,18250,18250,4,4
2022-01-11 15:02:07.711,18249,18250,18250,1,1
2022-01-11 15:02:07.711,18249,18250,18250,1,1
2022-01-11 15:02:10.660,18249,18251,18250,1,1
2022-01-11 15:02:11.329,18249,18251,18250,2,2
2022-01-11 15:02:11.944,18249,18250,18250,1,1
2022-01-11 15:02:13.225,18249,18250,18249,1,-1
2022-01-11 15:02:13.225,18249,18250,18249,1,-1
2022-01-11 15:02:13.802,18248,18250,18250,2,2
2022-01-11 15:02:13.811,18248,18250,18249,1,1
2022-01-11 15:02:14.477,18248,18250,18250,1,1
2022-01-11 15:02:14.791,18248,18250,18250,2,2
2022-01-11 15:02:16.582,18249,18250,18249,1,-1
2022-01-11 15:02:18.118,18249,18250,18250,1,1
2022-01-11 15:02:20.435,18250,18251,18250,1,-1
2022-01-11 15:02:20.435,18250,18251,18249,1,-1
2022-01-11 15:02:21.286,18250,18251,18251,9,9
2022-01-11 15:02:21.795,18250,18251,18250,2,-2
2022-01-11 15:02:22.618,18250,18251,18251,1,1
2022-01-11 15:02:22.618,18250,18251,18251,1,1
2022-01-11 15:02:22.618,18250,18251,18251,3,3
2022-01-11 15:02:22.618,18250,18251,18251,1,1
2022-01-11 15:02:23.839,18250,18251,18251,1,1
2022-01-11 15:02:23.840,18250,18251,18251,3,3
2022-01-11 15:02:24.346,18251,18252,18251,1,-1
2022-01-11 15:02:25.446,18251,18252,18251,5,-5
2022-01-11 15:02:25.446,18251,18252,18250,5,-5
2022-01-11 15:02:27.002,18250,18252,18250,1,-1
2022-01-11 15:02:30.240,18251,18252,18252,1,1
2022-01-11 15:02:30.240,18251,18252,18252,5,5
2022-01-11 15:02:30.273,18252,18253,18252,2,-2
2022-01-11 15:02:30.273,18252,18253,18251,12,-12
2022-01-11 15:02:30.273,18252,18253,18250,21,-21
2022-01-11 15:02:30.275,18252,18253,18250,9,-9
2022-01-11 15:02:30.275,18252,18253,18250,1,-1
2022-01-11 15:02:30.275,18252,18253,18250,1,-1
2022-01-11 15:02:30.275,18252,18253,18250,1,-1
2022-01-11 15:02:31.409,18249,18250,18250,1,1
2022-01-11 15:02:31.966,18249,18250,18250,1,1
2022-01-11 15:02:32.711,18249,18250,18250,1,1
2022-01-11 15:02:32.711,18249,18250,18250,1,1
2022-01-11 15:02:33.971,18250,18252,18252,1,1
2022-01-11 15:02:38.147,18251,18252,18251,1,-1
2022-01-11 15:02:39.834,18251,18252,18251,1,-1
2022-01-11 15:02:39.962,18251,18252,18251,3,-3
2022-01-11 15:02:40.345,18250,18252,18252,6,6
2022-01-11 15:02:40.397,18251,18253,18251,2,-2
2022-01-11 15:02:45.074,18252,18253,18252,1,-1
2022-01-11 15:02:50.175,18252,18253,18253,2,2
2022-01-11 15:02:53.733,18252,18253,18253,1,1
2022-01-11 15:02:57.878,18252,18253,18252,1,-1
2022-01-11 15:02:58.746,18252,18253,18252,1,-1
2022-01-11 15:02:58.746,18252,18253,18252,2,-2
2022-01-11 15:02:58.853,18252,18253,18253,1,1
2022-01-11 15:03:00.071,18252,18253,18253,1,1
2022-01-11 15:03:00.077,18252,18253,18253,1,1
2022-01-11 15:03:00.085,18252,18253,18253,1,1
2022-01-11 15:03:00.087,18252,18253,18253,1,1
2022-01-11 15:03:00.114,18252,18253,18252,1,-1
2022-01-11 15:03:00.127,18252,18253,18253,1,1
2022-01-11 15:03:00.127,18252,18253,18252,1,-1
2022-01-11 15:03:00.265,18251,18252,18251,2,-2
2022-01-11 15:03:00.269,18251,18252,18251,1,-1
2022-01-11 15:03:00.431,18251,18252,18252,2,2
2022-01-11 15:03:00.565,18251,18252,18252,1,1
2022-01-11 15:03:01.170,18251,18253,18253,2,2
2022-01-11 15:03:03.007,18253,18254,18253,1,-1
2022-01-11 15:03:03.077,18253,18254,18252,2,-2
2022-01-11 15:03:03.104,18253,18254,18252,1,-1
2022-01-11 15:03:03.318,18252,18254,18252,1,-1
2022-01-11 15:03:05.070,18252,18254,18254,1,1
2022-01-11 15:03:06.589,18252,18253,18253,2,2
2022-01-11 15:03:06.788,18252,18253,18252,1,-1
2022-01-11 15:03:07.157,18252,18253,18253,4,4
2022-01-11 15:03:09.563,18252,18253,18252,1,-1
2022-01-11 15:03:09.605,18252,18253,18252,1,-1
2022-01-11 15:03:09.606,18252,18253,18252,13,-13
2022-01-11 15:03:10.285,18251,18252,18252,1,1
2022-01-11 15:03:10.491,18251,18252,18252,1,1
2022-01-11 15:03:14.665,18251,18252,18252,1,1
2022-01-11 15:03:14.983,18251,18252,18251,3,-3
2022-01-11 15:03:14.983,18251,18252,18251,1,-1
2022-01-11 15:03:14.983,18251,18252,18250,6,-6
2022-01-11 15:03:17.869,18250,18251,18250,4,-4
2022-01-11 15:03:19.971,18250,18251,18250,13,-13
2022-01-11 15:03:19.972,18250,18251,18249,2,-2
2022-01-11 15:03:19.972,18250,18251,18249,1,-1
2022-01-11 15:03:19.972,18250,18251,18249,3,-3
2022-01-11 15:03:20.014,18249,18250,18249,1,-1
2022-01-11 15:03:20.015,18249,18250,18249,3,-3
2022-01-11 15:03:20.015,18249,18250,18248,9,-9
2022-01-11 15:03:20.017,18249,18250,18248,1,-1
2022-01-11 15:03:20.349,18247,18249,18249,3,3
2022-01-11 15:03:24.153,18247,18248,18247,1,-1
2022-01-11 15:03:24.903,18247,18248,18247,5,-5
2022-01-11 15:03:24.904,18247,18248,18246,5,-5
2022-01-11 15:03:24.904,18247,18248,18246,4,-4
2022-01-11 15:03:24.905,18247,18248,18246,1,-1
2022-01-11 15:03:24.905,18247,18248,18246,1,-1
2022-01-11 15:03:26.392,18246,18247,18246,1,-1
2022-01-11 15:03:26.566,18246,18247,18246,1,-1
2022-01-11 15:03:26.566,18246,18247,18246,4,-4
2022-01-11 15:03:26.722,18245,18247,18245,1,-1
2022-01-11 15:03:27.188,18245,18247,18247,1,1
2022-01-11 15:03:28.252,18245,18246,18245,1,-1
2022-01-11 15:03:28.872,18245,18246,18245,1,-1
2022-01-11 15:03:28.873,18245,18246,18245,1,-1
2022-01-11 15:03:28.873,18245,18246,18245,11,-11
2022-01-11 15:03:28.873,18245,18246,18244,3,-3
2022-01-11 15:03:30.991,18243,18245,18245,1,1
2022-01-11 15:03:32.280,18243,18245,18245,1,1
2022-01-11 15:03:34.387,18243,18244,18244,2,2
2022-01-11 15:03:35.266,18243,18244,18244,1,1
2022-01-11 15:03:35.269,18243,18244,18244,1,1
2022-01-11 15:03:35.365,18243,18244,18244,1,1
2022-01-11 15:03:35.365,18243,18244,18243,1,-1
2022-01-11 15:03:35.365,18243,18244,18243,3,-3
2022-01-11 15:03:35.386,18243,18245,18243,1,-1
2022-01-11 15:03:35.460,18243,18245,18243,1,-1
2022-01-11 15:03:36.630,18243,18244,18244,1,1
2022-01-11 15:03:36.790,18244,18245,18244,1,-1
2022-01-11 15:03:36.827,18244,18245,18243,1,-1
2022-01-11 15:03:37.605,18243,18244,18243,5,-5
2022-01-11 15:03:37.605,18243,18244,18242,2,-2
2022-01-11 15:03:37.606,18243,18244,18243,10,-10
2022-01-11 15:03:37.761,18242,18244,18242,5,-5
2022-01-11 15:03:38.419,18242,18243,18242,3,-3
2022-01-11 15:03:38.419,18242,18243,18241,4,-4
2022-01-11 15:03:38.419,18242,18243,18241,1,-1
2022-01-11 15:03:38.542,18241,18242,18242,1,1
2022-01-11 15:03:38.568,18241,18242,18241,1,-1
2022-01-11 15:03:38.578,18241,18242,18241,1,-1
2022-01-11 15:03:39.647,18241,18243,18243,1,1
2022-01-11 15:03:40.034,18242,18243,18242,4,-4
2022-01-11 15:03:40.402,18242,18243,18242,2,-2
2022-01-11 15:03:40.403,18242,18243,18241,1,-1
2022-01-11 15:03:41.089,18241,18242,18241,3,-3
2022-01-11 15:03:41.089,18241,18242,18241,1,-1
2022-01-11 15:03:42.613,18241,18242,18241,1,-1
2022-01-11 15:03:42.613,18241,18242,18241,1,-1
2022-01-11 15:03:43.392,18241,18242,18241,2,-2
2022-01-11 15:03:43.487,18241,18242,18242,1,1
2022-01-11 15:03:44.193,18241,18242,18241,5,-5
2022-01-11 15:03:44.193,18241,18242,18240,3,-3
2022-01-11 15:03:44.194,18241,18242,18240,12,-12
2022-01-11 15:03:44.195,18241,18242,18239,4,-4
2022-01-11 15:03:44.196,18241,18242,18239,1,-1
2022-01-11 15:03:44.260,18239,18240,18240,2,2
2022-01-11 15:03:44.263,18239,18240,18239,1,-1
2022-01-11 15:03:44.263,18239,18240,18238,1,-1
2022-01-11 15:03:44.285,18239,18240,18238,1,-1
2022-01-11 15:03:44.338,18239,18240,18238,1,-1
2022-01-11 15:03:44.385,18238,18239,18238,1,-1
2022-01-11 15:03:44.410,18238,18239,18239,1,1
2022-01-11 15:03:44.418,18238,18239,18238,1,-1
2022-01-11 15:03:44.586,18238,18239,18239,2,2
2022-01-11 15:03:44.586,18238,18239,18240,1,1
2022-01-11 15:03:44.617,18238,18239,18240,2,2
2022-01-11 15:03:45.655,18240,18241,18240,1,-1
2022-01-11 15:03:46.375,18241,18242,18241,1,-1
2022-01-11 15:03:46.478,18241,18242,18241,3,-3
2022-01-11 15:03:46.478,18241,18242,18240,1,-1
2022-01-11 15:03:47.307,18241,18242,18242,1,1
2022-01-11 15:03:47.399,18241,18242,18241,1,-1
2022-01-11 15:03:50.840,18240,18241,18240,2,-2
2022-01-11 15:03:51.675,18240,18241,18240,4,-4
2022-01-11 15:03:51.676,18240,18241,18239,2,-2
2022-01-11 15:03:51.890,18238,18240,18238,1,-1
2022-01-11 15:03:52.304,18238,18240,18240,1,1
2022-01-11 15:03:54.415,18238,18240,18238,1,-1
2022-01-11 15:03:55.070,18238,18240,18238,5,-5
2022-01-11 15:03:55.489,18238,18240,18238,1,-1
2022-01-11 15:03:55.625,18238,18240,18240,5,5
2022-01-11 15:03:55.634,18238,18240,18241,1,1
2022-01-11 15:03:55.755,18241,18242,18242,1,1
2022-01-11 15:03:55.996,18241,18242,18241,1,-1
2022-01-11 15:03:56.166,18240,18242,18242,1,1
2022-01-11 15:03:56.595,18240,18242,18242,1,1
2022-01-11 15:03:56.993,18241,18242,18242,2,2
2022-01-11 15:03:57.394,18242,18243,18243,2,2
2022-01-11 15:03:57.620,18242,18243,18242,3,-3
2022-01-11 15:03:58.537,18242,18243,18243,2,2
2022-01-11 15:03:58.538,18242,18243,18243,1,1
2022-01-11 15:03:58.538,18242,18243,18243,1,1
2022-01-11 15:03:59.322,18243,18244,18243,1,-1
2022-01-11 15:03:59.322,18243,18244,18243,1,-1
2022-01-11 15:03:59.550,18242,18244,18242,2,-2
2022-01-11 15:03:59.553,18242,18244,18243,1,1
2022-01-11 15:04:00.028,18243,18244,18244,1,1
2022-01-11 15:04:00.131,18244,18245,18244,1,-1
2022-01-11 15:04:00.407,18244,18245,18244,1,-1
2022-01-11 15:04:00.483,18244,18245,18245,2,2
2022-01-11 15:04:00.560,18245,18247,18244,1,-1
2022-01-11 15:04:00.663,18245,18247,18244,1,-1
2022-01-11 15:04:02.612,18243,18245,18245,1,1
2022-01-11 15:04:02.644,18244,18246,18246,1,1
2022-01-11 15:04:02.718,18244,18246,18246,1,1
2022-01-11 15:04:02.754,18244,18246,18246,1,1
2022-01-11 15:04:02.776,18244,18246,18247,1,1
2022-01-11 15:04:02.908,18245,18247,18246,1,1
2022-01-11 15:04:03.043,18244,18246,18246,1,1
2022-01-11 15:04:03.043,18244,18246,18247,11,11
2022-01-11 15:04:03.133,18247,18248,18248,1,1
2022-01-11 15:04:03.191,18247,18248,18248,1,1
2022-01-11 15:04:03.209,18247,18248,18248,1,1
2022-01-11 15:04:03.262,18247,18248,18248,1,1
2022-01-11 15:04:03.272,18247,18248,18249,1,1
2022-01-11 15:04:03.346,18247,18248,18249,1,1
2022-01-11 15:04:03.387,18247,18249,18249,1,1
2022-01-11 15:04:03.735,18247,18248,18248,1,1
2022-01-11 15:04:07.184,18246,18248,18246,1,-1
2022-01-11 15:04:10.793,18246,18247,18246,1,-1
2022-01-11 15:04:12.105,18246,18247,18246,3,-3
2022-01-11 15:04:13.657,18245,18246,18245,1,-1
2022-01-11 15:04:14.519,18245,18246,18245,1,-1
2022-01-11 15:04:14.874,18245,18246,18245,1,-1
2022-01-11 15:04:15.368,18245,18246,18245,2,-2
2022-01-11 15:04:15.611,18244,18246,18246,1,1
2022-01-11 15:04:16.954,18244,18245,18245,1,1
2022-01-11 15:04:20.398,18245,18246,18245,1,-1
2022-01-11 15:04:20.541,18245,18246,18245,10,-10
2022-01-11 15:04:20.541,18245,18246,18244,3,-3
2022-01-11 15:04:21.418,18244,18245,18245,1,1
2022-01-11 15:04:21.715,18244,18245,18245,3,3
2022-01-11 15:04:21.715,18244,18245,18245,1,1
2022-01-11 15:04:23.057,18244,18246,18246,1,1
2022-01-11 15:04:23.540,18244,18245,18245,1,1
2022-01-11 15:04:25.794,18244,18245,18245,1,1
2022-01-11 15:04:26.093,18244,18245,18245,1,1
2022-01-11 15:04:28.141,18244,18245,18244,2,-2
2022-01-11 15:04:29.004,18243,18244,18244,1,1
2022-01-11 15:04:29.805,18243,18244,18243,1,-1
2022-01-11 15:04:30.676,18241,18243,18241,1,-1
2022-01-11 15:04:35.732,18242,18243,18242,1,-1
2022-01-11 15:04:35.951,18242,18243,18243,1,1
2022-01-11 15:04:36.458,18242,18244,18244,5,5
2022-01-11 15:04:36.458,18242,18244,18245,7,7
2022-01-11 15:04:36.653,18244,18245,18244,1,-1
2022-01-11 15:04:36.653,18244,18245,18243,1,-1
2022-01-11 15:04:36.794,18243,18245,18243,1,-1
2022-01-11 15:04:36.860,18243,18245,18243,1,-1
2022-01-11 15:04:40.547,18243,18245,18245,1,1
2022-01-11 15:04:42.395,18244,18245,18244,1,-1
2022-01-11 15:04:42.395,18244,18245,18243,4,-4
2022-01-11 15:04:46.091,18243,18244,18243,3,-3
2022-01-11 15:04:46.134,18242,18244,18243,1,1
2022-01-11 15:04:46.280,18243,18244,18244,1,1
2022-01-11 15:04:46.362,18243,18244,18244,1,1
2022-01-11 15:04:46.362,18243,18244,18244,1,1
2022-01-11 15:04:48.666,18243,18245,18243,5,-5
2022-01-11 15:04:50.269,18244,18245,18244,1,-1
2022-01-11 15:04:52.977,18243,18244,18244,3,3
2022-01-11 15:04:52.977,18243,18244,18244,1,1
2022-01-11 15:04:54.791,18244,18245,18244,1,-1
2022-01-11 15:04:56.011,18244,18245,18244,1,-1
2022-01-11 15:04:57.687,18244,18245,18244,1,-1
2022-01-11 15:04:58.240,18244,18245,18245,1,1
2022-01-11 15:04:58.240,18244,18245,18245,21,21
2022-01-11 15:05:00.398,18245,18246,18245,1,-1
2022-01-11 15:05:00.826,18245,18246,18246,1,1
2022-01-11 15:05:01.022,18245,18246,18246,1,1
2022-01-11 15:05:02.581,18245,18246,18245,1,-1
2022-01-11 15:05:04.273,18245,18246,18245,1,-1
2022-01-11 15:05:08.533,18244,18245,18244,18,-18
2022-01-11 15:05:08.894,18243,18244,18243,4,-4
2022-01-11 15:05:08.895,18243,18244,18243,1,-1
2022-01-11 15:05:08.895,18243,18244,18243,3,-3
2022-01-11 15:05:08.895,18243,18244,18243,1,-1
2022-01-11 15:05:08.895,18243,18244,18243,1,-1
2022-01-11 15:05:11.290,18242,18244,18242,1,-1
2022-01-11 15:05:11.413,18242,18244,18242,1,-1
2022-01-11 15:05:11.842,18242,18244,18244,1,1
2022-01-11 15:05:13.497,18243,18245,18243,2,-2
2022-01-11 15:05:13.875,18243,18245,18243,1,-1
2022-01-11 15:05:15.164,18243,18244,18243,5,-5
2022-01-11 15:05:16.193,18242,18244,18244,1,1
2022-01-11 15:05:16.589,18243,18244,18243,2,-2
2022-01-11 15:05:18.838,18243,18244,18243,3,-3
2022-01-11 15:05:19.270,18242,18243,18243,1,1
2022-01-11 15:05:19.270,18242,18243,18243,4,4
2022-01-11 15:05:19.270,18242,18243,18243,1,1
2022-01-11 15:05:19.270,18242,18243,18243,1,1
2022-01-11 15:05:19.271,18242,18243,18243,1,1
2022-01-11 15:05:20.891,18243,18244,18243,1,-1
2022-01-11 15:05:24.228,18243,18244,18243,4,-4
2022-01-11 15:05:28.839,18242,18243,18243,1,1
2022-01-11 15:05:28.840,18242,18243,18243,9,9
2022-01-11 15:05:29.048,18243,18244,18244,4,4
2022-01-11 15:05:29.117,18243,18244,18244,3,3
2022-01-11 15:05:29.117,18243,18244,18243,6,-6
2022-01-11 15:05:29.118,18242,18243,18243,1,1
2022-01-11 15:05:29.166,18242,18243,18243,1,1
2022-01-11 15:05:29.904,18243,18245,18243,1,-1
2022-01-11 15:05:30.915,18244,18245,18244,1,-1
2022-01-11 15:05:32.179,18243,18245,18245,6,6
2022-01-11 15:05:32.605,18244,18245,18244,2,-2
2022-01-11 15:05:33.626,18244,18245,18245,1,1
2022-01-11 15:05:34.416,18244,18245,18245,8,8
2022-01-11 15:05:35.109,18244,18246,18245,1,1
2022-01-11 15:05:38.057,18244,18246,18246,1,1
2022-01-11 15:05:38.057,18244,18246,18246,12,12
2022-01-11 15:05:38.057,18244,18246,18246,6,6
2022-01-11 15:05:38.058,18244,18246,18246,4,4
2022-01-11 15:05:38.058,18244,18246,18245,1,1
2022-01-11 15:05:39.205,18246,18247,18247,2,2
2022-01-11 15:05:42.931,18247,18248,18247,1,-1
2022-01-11 15:05:43.173,18247,18248,18247,1,-1
2022-01-11 15:05:45.105,18246,18248,18246,1,-1
2022-01-11 15:05:46.324,18247,18248,18247,1,-1
2022-01-11 15:05:49.024,18246,18247,18247,3,3
2022-01-11 15:05:49.330,18246,18247,18246,2,-2
2022-01-11 15:05:51.633,18246,18247,18246,1,-1
2022-01-11 15:05:52.777,18246,18247,18246,1,-1
2022-01-11 15:05:53.363,18246,18247,18246,1,-1
2022-01-11 15:05:55.482,18246,18247,18246,6,-6
2022-01-11 15:05:55.482,18246,18247,18246,3,-3
2022-01-11 15:05:55.515,18245,18247,18247,2,2
2022-01-11 15:05:55.515,18245,18247,18248,3,3
2022-01-11 15:05:59.369,18246,18247,18247,1,1
2022-01-11 15:06:01.324,18247,18248,18247,1,-1
2022-01-11 15:06:01.544,18247,18248,18248,1,1
2022-01-11 15:06:02.357,18247,18248,18247,1,-1
2022-01-11 15:06:05.968,18246,18247,18247,6,6
2022-01-11 15:06:07.843,18246,18247,18247,18,18
2022-01-11 15:06:07.843,18246,18247,18248,5,5
2022-01-11 15:06:07.843,18246,18247,18249,20,20
2022-01-11 15:06:07.843,18246,18247,18250,7,7
2022-01-11 15:06:10.705,18249,18250,18249,1,-1
2022-01-11 15:06:11.495,18249,18250,18250,1,1
2022-01-11 15:06:16.258,18249,18250,18250,1,1
2022-01-11 15:06:16.972,18249,18250,18250,1,1
2022-01-11 15:06:17.178,18249,18250,18250,1,1
2022-01-11 15:06:20.464,18249,18250,18250,7,7
2022-01-11 15:06:20.465,18249,18250,18250,1,1
2022-01-11 15:06:20.465,18249,18250,18250,1,1
2022-01-11 15:06:20.925,18249,18250,18249,1,-1
2022-01-11 15:06:21.265,18249,18250,18250,1,1
2022-01-11 15:06:22.180,18249,18250,18249,1,-1
2022-01-11 15:06:25.094,18249,18250,18250,1,1
2022-01-11 15:06:25.110,18249,18250,18249,1,-1
2022-01-11 15:06:25.260,18249,18250,18249,5,-5
2022-01-11 15:06:25.838,18249,18250,18250,3,3
2022-01-11 15:06:28.609,18249,18250,18249,1,-1
2022-01-11 15:06:29.452,18249,18250,18249,10,-10
2022-01-11 15:06:29.937,18247,18249,18249,1,1
2022-01-11 15:06:33.460,18248,18249,18249,1,1
2022-01-11 15:06:35.275,18248,18249,18249,1,1
2022-01-11 15:06:35.621,18248,18249,18248,1,-1
2022-01-11 15:06:41.378,18248,18249,18249,1,1
2022-01-11 15:06:41.534,18248,18249,18248,1,-1
2022-01-11 15:06:42.767,18248,18249,18249,1,1
2022-01-11 15:06:43.665,18248,18249,18248,1,-1
2022-01-11 15:06:44.761,18248,18249,18249,1,1
2022-01-11 15:06:44.762,18248,18249,18249,4,4
2022-01-11 15:06:44.762,18248,18249,18249,1,1
2022-01-11 15:06:44.762,18248,18249,18249,1,1
2022-01-11 15:06:44.774,18248,18249,18250,2,2
2022-01-11 15:06:45.945,18249,18250,18250,1,1
2022-01-11 15:06:47.365,18249,18251,18249,1,-1
2022-01-11 15:06:50.408,18248,18250,18248,7,-7
2022-01-11 15:06:50.970,18246,18248,18248,2,2
2022-01-11 15:06:52.996,18246,18249,18249,1,1
2022-01-11 15:06:54.355,18247,18248,18248,3,3
2022-01-11 15:06:54.355,18247,18248,18248,2,2
2022-01-11 15:06:56.088,18246,18248,18248,2,2
2022-01-11 15:06:56.154,18246,18248,18248,1,1
2022-01-11 15:06:59.968,18246,18247,18247,1,1
2022-01-11 15:07:00.671,18246,18247,18247,2,2
2022-01-11 15:07:00.708,18246,18247,18246,6,-6
2022-01-11 15:07:00.864,18245,18247,18247,1,1
2022-01-11 15:07:01.873,18245,18247,18247,1,1
2022-01-11 15:07:07.620,18246,18247,18247,2,2
2022-01-11 15:07:08.763,18246,18247,18247,1,1
2022-01-11 15:07:14.000,18246,18247,18246,1,-1
2022-01-11 15:07:14.475,18246,18247,18246,1,-1
2022-01-11 15:07:14.475,18246,18247,18246,1,-1
2022-01-11 15:07:14.475,18246,18247,18246,1,-1
2022-01-11 15:07:24.998,18246,18247,18246,1,-1
2022-01-11 15:07:37.868,18246,18247,18246,1,-1
2022-01-11 15:07:41.428,18246,18247,18246,1,-1
2022-01-11 15:07:49.330,18246,18247,18247,1,1
2022-01-11 15:07:49.330,18246,18247,18247,2,2
2022-01-11 15:07:49.330,18246,18247,18247,4,4
2022-01-11 15:07:49.331,18246,18247,18247,1,1
2022-01-11 15:07:49.331,18246,18247,18247,1,1
2022-01-11 15:07:54.936,18247,18248,18247,1,-1
2022-01-11 15:08:00.385,18247,18248,18247,1,-1
2022-01-11 15:08:00.385,18247,18248,18247,1,-1
2022-01-11 15:08:01.102,18246,18248,18246,5,-5
2022-01-11 15:08:02.825,18246,18248,18246,1,-1
2022-01-11 15:08:24.382,18247,18248,18247,1,-1
2022-01-11 15:08:28.165,18247,18248,18248,1,1
2022-01-11 15:08:32.514,18247,18248,18248,1,1
2022-01-11 15:08:32.514,18247,18248,18248,1,1
2022-01-11 15:08:32.514,18247,18248,18248,1,1
2022-01-11 15:08:35.324,18248,18249,18249,2,2
2022-01-11 15:08:38.604,18248,18249,18249,1,1
2022-01-11 15:08:38.604,18248,18249,18249,1,1
2022-01-11 15:08:39.023,18249,18250,18249,1,-1
2022-01-11 15:08:39.075,18249,18250,18249,2,-2
2022-01-11 15:08:41.782,18248,18249,18249,1,1
2022-01-11 15:08:43.223,18248,18249,18249,1,1
2022-01-11 15:08:44.385,18249,18250,18249,1,-1
2022-01-11 15:08:46.256,18248,18250,18249,1,1
2022-01-11 15:08:50.609,18249,18250,18249,1,-1
2022-01-11 15:08:52.407,18249,18250,18249,1,-1
2022-01-11 15:09:09.050,18249,18250,18249,1,-1
2022-01-11 15:09:11.014,18249,18250,18249,1,-1
2022-01-11 15:09:11.015,18249,18250,18249,2,-2
2022-01-11 15:09:15.639,18248,18250,18250,1,1
2022-01-11 15:09:18.903,18248,18250,18248,5,-5
2022-01-11 15:09:19.478,18247,18248,18248,1,1
2022-01-11 15:09:19.478,18247,18248,18248,1,1
2022-01-11 15:09:19.478,18247,18248,18248,1,1
2022-01-11 15:09:20.577,18247,18248,18248,4,4
2022-01-11 15:09:20.578,18247,18248,18248,1,1
2022-01-11 15:09:20.578,18247,18248,18248,1,1
2022-01-11 15:09:20.578,18247,18248,18248,1,1
2022-01-11 15:09:23.562,18248,18249,18249,1,1
2022-01-11 15:09:23.563,18248,18249,18249,1,1
2022-01-11 15:09:25.454,18248,18249,18249,1,1
2022-01-11 15:09:25.591,18248,18249,18249,1,1
2022-01-11 15:09:28.824,18248,18249,18248,1,-1
2022-01-11 15:09:36.869,18248,18249,18248,2,-2
2022-01-11 15:09:37.606,18247,18248,18248,1,1
2022-01-11 15:09:46.829,18247,18248,18248,1,1
2022-01-11 15:09:58.078,18248,18249,18248,2,-2
2022-01-11 15:09:58.544,18247,18249,18247,2,-2
2022-01-11 15:10:00.386,18247,18248,18248,1,1
2022-01-11 15:10:04.250,18247,18249,18249,8,8
2022-01-11 15:10:04.251,18247,18249,18249,2,2
2022-01-11 15:10:07.572,18248,18249,18249,1,1
2022-01-11 15:10:08.615,18249,18250,18250,1,1
2022-01-11 15:10:11.414,18249,18250,18250,1,1
2022-01-11 15:10:11.414,18249,18250,18250,1,1
2022-01-11 15:10:11.414,18249,18250,18250,3,3
2022-01-11 15:10:11.415,18249,18250,18250,3,3
2022-01-11 15:10:11.966,18250,18251,18251,2,2
2022-01-11 15:10:13.671,18250,18251,18250,3,-3
2022-01-11 15:10:17.570,18249,18251,18249,3,-3
2022-01-11 15:10:24.411,18250,18251,18250,1,-1
2022-01-11 15:10:24.567,18250,18251,18250,1,-1
2022-01-11 15:10:25.287,18249,18250,18250,1,1
2022-01-11 15:10:27.299,18249,18250,18250,1,1
2022-01-11 15:10:27.300,18249,18250,18250,1,1
2022-01-11 15:10:28.126,18249,18250,18249,1,-1
2022-01-11 15:10:28.181,18249,18250,18249,7,-7
2022-01-11 15:10:31.326,18248,18250,18250,2,2
2022-01-11 15:10:31.960,18249,18250,18250,1,1
2022-01-11 15:10:37.933,18249,18250,18250,1,1
2022-01-11 15:10:40.023,18249,18250,18250,1,1
2022-01-11 15:10:44.840,18249,18250,18249,1,-1
2022-01-11 15:10:45.926,18249,18250,18249,3,-3
2022-01-11 15:10:55.287,18249,18250,18250,1,1
2022-01-11 15:10:57.375,18249,18250,18250,1,1
2022-01-11 15:11:02.060,18249,18250,18250,4,4
2022-01-11 15:11:13.040,18250,18251,18250,1,-1
2022-01-11 15:11:14.534,18250,18251,18250,1,-1
2022-01-11 15:11:21.182,18250,18251,18250,1,-1
2022-01-11 15:11:22.826,18249,18250,18250,1,1
2022-01-11 15:11:23.086,18249,18250,18249,3,-3
2022-01-11 15:11:26.909,18248,18249,18249,1,1
2022-01-11 15:11:27.270,18248,18249,18248,2,-2
2022-01-11 15:11:27.271,18248,18249,18248,1,-1
2022-01-11 15:11:27.271,18248,18249,18248,2,-2
2022-01-11 15:11:27.346,18248,18249,18247,1,-1
2022-01-11 15:11:28.337,18247,18248,18247,1,-1
2022-01-11 15:11:28.337,18247,18248,18247,1,-1
2022-01-11 15:11:28.588,18246,18248,18248,1,1
2022-01-11 15:11:35.849,18247,18249,18248,1,1
2022-01-11 15:11:36.124,18247,18249,18247,1,-1
2022-01-11 15:11:36.721,18247,18248,18248,2,2
2022-01-11 15:11:38.458,18247,18248,18248,1,1
2022-01-11 15:11:39.102,18247,18248,18247,2,-2
2022-01-11 15:11:46.233,18246,18248,18246,6,-6
2022-01-11 15:11:46.233,18246,18248,18246,3,-3
2022-01-11 15:11:46.449,18245,18246,18246,1,1
2022-01-11 15:11:49.190,18245,18246,18246,1,1
2022-01-11 15:11:56.136,18245,18246,18245,2,-2
2022-01-11 15:11:56.385,18245,18246,18246,1,1
2022-01-11 15:11:56.386,18245,18246,18246,1,1
2022-01-11 15:11:56.386,18245,18246,18246,1,1
2022-01-11 15:11:57.577,18245,18247,18245,3,-3
2022-01-11 15:12:06.515,18245,18246,18245,5,-5
2022-01-11 15:12:06.954,18244,18245,18245,1,1
2022-01-11 15:12:10.298,18244,18245,18244,1,-1
2022-01-11 15:12:20.397,18245,18246,18245,2,-2
2022-01-11 15:12:33.068,18245,18246,18246,1,1
2022-01-11 15:12:44.780,18246,18247,18246,1,-1
2022-01-11 15:12:46.829,18246,18247,18246,1,-1
2022-01-11 15:12:50.663,18245,18246,18246,3,3
2022-01-11 15:12:57.458,18246,18247,18246,1,-1
2022-01-11 15:13:03.432,18246,18247,18246,1,-1
2022-01-11 15:13:09.144,18246,18247,18246,3,-3
2022-01-11 15:13:11.870,18246,18247,18247,1,1
2022-01-11 15:13:12.199,18247,18248,18247,1,-1
2022-01-11 15:13:14.139,18246,18248,18246,1,-1
2022-01-11 15:13:23.687,18246,18247,18246,2,-2
2022-01-11 15:13:23.687,18246,18247,18245,3,-3
2022-01-11 15:13:26.502,18246,18247,18247,5,5
2022-01-11 15:13:35.585,18246,18247,18246,1,-1
2022-01-11 15:13:46.017,18245,18246,18246,1,1
2022-01-11 15:13:58.972,18245,18246,18246,1,1
2022-01-11 15:13:59.928,18245,18247,18247,1,1
2022-01-11 15:14:16.249,18246,18247,18247,1,1
2022-01-11 15:14:27.696,18247,18248,18248,4,4
2022-01-11 15:14:43.635,18247,18249,18247,1,-1
2022-01-11 15:14:48.599,18247,18249,18249,3,3
2022-01-11 15:15:00.088,18247,18249,18249,1,1
2022-01-11 15:15:14.463,18249,18250,18249,1,-1
2022-01-11 15:15:16.939,18248,18250,18250,12,12
2022-01-11 15:15:16.939,18248,18250,18250,1,1
2022-01-11 15:15:20.408,18249,18251,18250,2,2
2022-01-11 15:15:20.436,18249,18251,18251,1,1
2022-01-11 15:15:20.496,18249,18251,18251,1,1
2022-01-11 15:15:25.607,18249,18251,18251,2,2
2022-01-11 15:15:26.399,18250,18252,18252,1,1
2022-01-11 15:15:27.168,18250,18252,18252,2,2
2022-01-11 15:15:28.078,18251,18252,18252,2,2
2022-01-11 15:15:29.197,18251,18252,18252,3,3
2022-01-11 15:15:29.198,18251,18252,18253,7,7
2022-01-11 15:15:29.199,18251,18252,18253,10,10
2022-01-11 15:15:30.077,18252,18254,18252,1,-1
2022-01-11 15:15:35.867,18251,18252,18252,1,1
2022-01-11 15:15:40.411,18251,18252,18252,1,1
2022-01-11 15:15:43.365,18251,18252,18252,1,1
2022-01-11 15:15:43.616,18251,18252,18251,1,-1
2022-01-11 15:15:45.272,18251,18252,18252,1,1
2022-01-11 15:15:49.709,18252,18253,18252,1,-1
2022-01-11 15:15:49.710,18252,18253,18253,1,1
2022-01-11 15:15:52.062,18252,18253,18253,3,3
2022-01-11 15:15:52.468,18253,18254,18254,1,1
2022-01-11 15:15:52.525,18253,18254,18254,1,1
2022-01-11 15:15:52.559,18253,18254,18253,1,-1
2022-01-11 15:15:53.773,18253,18254,18253,1,-1
2022-01-11 15:16:00.003,18253,18254,18253,1,-1
2022-01-11 15:16:00.867,18253,18254,18254,2,2
2022-01-11 15:16:02.337,18253,18254,18254,1,1
2022-01-11 15:16:04.765,18253,18254,18254,1,1
2022-01-11 15:16:09.016,18253,18254,18254,2,2
2022-01-11 15:16:14.290,18253,18254,18253,1,-1
2022-01-11 15:16:15.579,18253,18254,18254,1,1
2022-01-11 15:16:18.803,18253,18254,18253,1,-1
2022-01-11 15:16:20.149,18253,18254,18253,1,-1
2022-01-11 15:16:23.203,18253,18254,18253,1,-1
2022-01-11 15:16:23.660,18253,18254,18253,1,-1
2022-01-11 15:16:24.697,18252,18253,18253,1,1
2022-01-11 15:16:24.774,18252,18253,18253,1,1
2022-01-11 15:16:25.601,18252,18253,18253,1,1
2022-01-11 15:16:25.739,18252,18254,18254,2,2
2022-01-11 15:16:26.430,18252,18254,18252,1,-1
2022-01-11 15:16:27.695,18252,18253,18252,2,-2
2022-01-11 15:16:28.038,18252,18253,18252,2,-2
2022-01-11 15:16:29.832,18251,18253,18251,2,-2
2022-01-11 15:16:30.059,18251,18253,18253,1,1
2022-01-11 15:16:31.374,18252,18253,18252,2,-2
2022-01-11 15:16:32.377,18252,18253,18252,2,-2
2022-01-11 15:16:32.840,18252,18253,18252,2,-2
2022-01-11 15:16:33.869,18252,18253,18252,2,-2
2022-01-11 15:16:35.221,18251,18252,18251,2,-2
2022-01-11 15:16:36.477,18251,18252,18251,2,-2
2022-01-11 15:16:36.481,18251,18252,18252,4,4
2022-01-11 15:16:38.539,18252,18253,18252,2,-2
2022-01-11 15:16:38.849,18252,18253,18252,2,-2
2022-01-11 15:16:43.099,18252,18253,18253,1,1
2022-01-11 15:16:44.285,18253,18254,18254,2,2
2022-01-11 15:16:44.590,18253,18254,18254,2,2
2022-01-11 15:16:44.924,18253,18254,18254,2,2
2022-01-11 15:16:45.089,18253,18254,18254,3,3
2022-01-11 15:16:46.377,18254,18255,18255,10,10
2022-01-11 15:16:48.849,18254,18255,18255,2,2
2022-01-11 15:16:49.282,18254,18255,18255,2,2
2022-01-11 15:16:49.450,18254,18255,18255,2,2
2022-01-11 15:16:49.497,18254,18255,18254,1,-1
2022-01-11 15:16:49.753,18254,18255,18255,2,2
2022-01-11 15:16:49.754,18254,18255,18255,4,4
2022-01-11 15:16:51.043,18254,18255,18255,1,1
2022-01-11 15:16:52.127,18254,18255,18255,1,1
2022-01-11 15:16:56.180,18254,18255,18255,2,2
2022-01-11 15:16:57.526,18254,18256,18254,1,-1
2022-01-11 15:17:01.238,18254,18255,18255,2,2
2022-01-11 15:17:01.657,18254,18255,18255,1,1
2022-01-11 15:17:01.908,18255,18256,18255,1,-1
2022-01-11 15:17:04.026,18255,18256,18256,2,2
2022-01-11 15:17:06.153,18255,18256,18256,1,1
2022-01-11 15:17:06.154,18255,18256,18256,1,1
2022-01-11 15:17:06.154,18255,18256,18256,1,1
2022-01-11 15:17:06.700,18255,18256,18256,1,1
2022-01-11 15:17:06.700,18255,18256,18256,2,2
2022-01-11 15:17:09.930,18256,18257,18256,1,-1
2022-01-11 15:17:13.879,18255,18256,18256,2,2
2022-01-11 15:17:14.235,18255,18257,18257,2,2
2022-01-11 15:17:15.339,18256,18257,18257,2,2
2022-01-11 15:17:15.732,18256,18257,18257,2,2
2022-01-11 15:17:17.596,18256,18257,18257,2,2
2022-01-11 15:17:18.130,18256,18257,18257,2,2
2022-01-11 15:17:18.756,18256,18257,18257,1,1
2022-01-11 15:17:19.345,18256,18257,18257,1,1
2022-01-11 15:17:21.076,18257,18258,18257,1,-1
2022-01-11 15:17:22.747,18257,18258,18258,1,1
2022-01-11 15:17:23.450,18257,18258,18258,2,2
2022-01-11 15:17:23.718,18257,18258,18258,2,2
2022-01-11 15:17:23.719,18257,18258,18258,2,2
2022-01-11 15:17:26.802,18257,18258,18258,1,1
2022-01-11 15:17:27.038,18257,18258,18258,1,1
2022-01-11 15:17:27.928,18257,18258,18258,3,3
2022-01-11 15:17:27.929,18257,18258,18258,2,2
2022-01-11 15:17:28.696,18257,18258,18258,3,3
2022-01-11 15:17:28.699,18257,18258,18257,2,-2
2022-01-11 15:17:29.098,18256,18257,18256,1,-1
2022-01-11 15:17:30.077,18256,18257,18256,1,-1
2022-01-11 15:17:30.282,18255,18257,18257,2,2
2022-01-11 15:17:30.944,18255,18257,18257,4,4
2022-01-11 15:17:30.944,18255,18257,18257,1,1
2022-01-11 15:17:30.945,18255,18257,18257,1,1
2022-01-11 15:17:34.113,18255,18256,18255,1,-1
2022-01-11 15:17:36.376,18255,18256,18256,1,1
2022-01-11 15:17:39.445,18256,18258,18256,7,-7
2022-01-11 15:17:39.446,18256,18258,18256,9,-9
2022-01-11 15:17:40.437,18255,18257,18257,1,1
2022-01-11 15:17:43.359,18255,18256,18256,1,1
2022-01-11 15:17:43.360,18255,18256,18256,15,15
2022-01-11 15:17:47.128,18256,18257,18257,2,2
2022-01-11 15:17:47.302,18257,18258,18258,5,5
2022-01-11 15:17:47.666,18257,18259,18257,1,-1
2022-01-11 15:17:51.777,18257,18258,18258,1,1
2022-01-11 15:17:52.721,18257,18258,18258,3,3
2022-01-11 15:17:52.721,18257,18258,18259,2,2
2022-01-11 15:17:53.825,18258,18259,18258,2,-2
2022-01-11 15:17:56.143,18258,18259,18258,2,-2
2022-01-11 15:17:58.919,18258,18259,18258,4,-4
2022-01-11 15:17:58.919,18258,18259,18258,4,-4
2022-01-11 15:17:59.822,18257,18259,18257,3,-3
2022-01-11 15:17:59.840,18257,18259,18258,1,1
2022-01-11 15:18:00.070,18257,18258,18258,2,2
2022-01-11 15:18:00.200,18257,18259,18259,2,2
2022-01-11 15:18:00.589,18258,18259,18258,1,-1
2022-01-11 15:18:01.370,18258,18259,18259,1,1
2022-01-11 15:18:01.910,18258,18259,18259,1,1
2022-01-11 15:18:01.911,18258,18259,18259,1,1
2022-01-11 15:18:01.915,18258,18259,18259,1,1
2022-01-11 15:18:02.089,18258,18259,18258,1,-1
2022-01-11 15:18:02.090,18258,18259,18258,2,-2
2022-01-11 15:18:02.271,18257,18259,18257,2,-2
2022-01-11 15:18:02.278,18257,18259,18257,2,-2
2022-01-11 15:18:06.414,18257,18259,18257,1,-1
2022-01-11 15:18:07.449,18257,18259,18259,2,2
2022-01-11 15:18:10.387,18257,18258,18257,10,-10
2022-01-11 15:18:10.724,18256,18257,18256,3,-3
2022-01-11 15:18:13.009,18255,18257,18257,1,1
2022-01-11 15:18:16.936,18255,18257,18256,1,1
2022-01-11 15:18:16.936,18255,18257,18255,4,-4
2022-01-11 15:18:27.507,18255,18257,18257,1,1
2022-01-11 15:18:33.070,18255,18256,18256,1,1
2022-01-11 15:18:35.355,18256,18257,18256,1,-1
2022-01-11 15:18:35.718,18255,18257,18256,1,1
2022-01-11 15:18:39.288,18256,18257,18257,1,1
2022-01-11 15:18:46.000,18256,18257,18257,1,1
2022-01-11 15:18:49.235,18256,18257,18256,1,-1
2022-01-11 15:18:52.186,18256,18257,18257,3,3
2022-01-11 15:18:52.187,18256,18257,18257,1,1
2022-01-11 15:18:52.187,18256,18257,18257,1,1
2022-01-11 15:18:58.329,18257,18258,18257,2,-2
2022-01-11 15:18:59.173,18257,18258,18257,1,-1
2022-01-11 15:19:00.599,18257,18258,18257,1,-1
2022-01-11 15:19:04.991,18257,18258,18258,1,1
2022-01-11 15:19:12.361,18257,18258,18258,1,1
2022-01-11 15:19:14.888,18257,18258,18258,1,1
2022-01-11 15:19:17.447,18257,18258,18258,5,5
2022-01-11 15:19:17.448,18257,18258,18258,1,1
2022-01-11 15:19:17.448,18257,18258,18258,1,1
2022-01-11 15:19:17.448,18257,18258,18258,1,1
2022-01-11 15:19:20.398,18258,18259,18259,1,1
2022-01-11 15:19:22.381,18258,18259,18258,1,-1
2022-01-11 15:19:24.615,18257,18258,18258,1,1
2022-01-11 15:19:25.873,18257,18258,18258,2,2
2022-01-11 15:19:36.038,18258,18259,18259,1,1
2022-01-11 15:19:36.496,18258,18259,18259,4,4
2022-01-11 15:19:51.251,18259,18260,18259,1,-1
2022-01-11 15:19:58.613,18259,18260,18259,1,-1
2022-01-11 15:20:00.399,18259,18260,18260,2,2
2022-01-11 15:20:00.704,18259,18260,18260,1,1
2022-01-11 15:20:03.660,18259,18260,18260,1,1
2022-01-11 15:20:06.545,18259,18260,18260,1,1
2022-01-11 15:20:10.269,18259,18260,18259,6,-6
2022-01-11 15:20:11.572,18258,18260,18260,3,3
2022-01-11 15:20:12.384,18258,18260,18260,3,3
2022-01-11 15:20:17.707,18259,18260,18260,4,4
2022-01-11 15:20:18.631,18260,18261,18260,1,-1
2022-01-11 15:20:30.760,18259,18260,18260,5,5
2022-01-11 15:20:31.167,18260,18261,18260,1,-1
2022-01-11 15:20:32.531,18260,18261,18260,1,-1
2022-01-11 15:20:34.945,18260,18261,18260,1,-1
2022-01-11 15:20:35.152,18260,18261,18260,1,-1
2022-01-11 15:20:40.392,18260,18261,18261,1,1
2022-01-11 15:20:44.994,18260,18261,18261,1,1
2022-01-11 15:20:45.932,18260,18261,18261,1,1
2022-01-11 15:20:48.766,18260,18261,18260,1,-1
2022-01-11 15:20:51.545,18260,18261,18261,1,1
2022-01-11 15:20:57.261,18260,18261,18261,1,1
2022-01-11 15:21:00.393,18260,18261,18261,1,1
2022-01-11 15:21:01.505,18260,18261,18261,1,1
2022-01-11 15:21:02.303,18260,18261,18260,15,-15
2022-01-11 15:21:04.385,18259,18260,18260,2,2
2022-01-11 15:21:04.387,18259,18260,18260,2,2
2022-01-11 15:21:06.716,18259,18260,18259,1,-1
2022-01-11 15:21:06.917,18259,18260,18259,8,-8
2022-01-11 15:21:08.917,18258,18259,18259,2,2
2022-01-11 15:21:08.917,18258,18259,18258,7,-7
2022-01-11 15:21:15.947,18258,18259,18259,2,2
2022-01-11 15:21:15.949,18258,18259,18259,1,1
2022-01-11 15:21:21.790,18258,18259,18258,1,-1
2022-01-11 15:21:29.240,18258,18259,18258,2,-2
2022-01-11 15:21:29.830,18258,18259,18259,1,1
2022-01-11 15:21:42.950,18258,18259,18258,10,-10
2022-01-11 15:21:42.950,18258,18259,18258,3,-3
2022-01-11 15:21:42.957,18258,18259,18257,4,-4
2022-01-11 15:21:46.533,18258,18259,18258,1,-1
2022-01-11 15:21:50.227,18258,18259,18258,1,-1
2022-01-11 15:21:51.152,18257,18259,18257,1,-1
2022-01-11 15:21:53.753,18257,18258,18258,2,2
2022-01-11 15:22:02.641,18256,18258,18257,1,1
2022-01-11 15:22:13.834,18256,18257,18256,1,-1
2022-01-11 15:22:13.893,18255,18257,18255,1,-1
2022-01-11 15:22:14.801,18255,18256,18256,1,1
2022-01-11 15:22:19.737,18255,18256,18255,1,-1
2022-01-11 15:22:24.489,18255,18256,18255,1,-1
2022-01-11 15:22:24.696,18255,18256,18255,3,-3
2022-01-11 15:22:27.414,18254,18255,18255,1,1
2022-01-11 15:22:36.130,18254,18255,18255,1,1
2022-01-11 15:22:36.130,18254,18255,18255,2,2
2022-01-11 15:22:39.334,18254,18256,18254,2,-2
2022-01-11 15:22:42.700,18254,18255,18254,5,-5
2022-01-11 15:22:42.700,18254,18255,18254,1,-1
2022-01-11 15:22:42.702,18254,18255,18254,1,-1
2022-01-11 15:22:47.204,18253,18255,18255,1,1
2022-01-11 15:22:48.562,18254,18255,18254,2,-2
2022-01-11 15:22:53.248,18253,18254,18254,1,1
2022-01-11 15:22:54.574,18254,18255,18254,1,-1
2022-01-11 15:23:03.341,18253,18254,18254,7,7
2022-01-11 15:23:03.341,18253,18254,18254,13,13
2022-01-11 15:23:08.550,18253,18254,18254,1,1
2022-01-11 15:23:10.576,18254,18255,18255,7,7
2022-01-11 15:23:10.589,18254,18255,18256,1,1
2022-01-11 15:23:10.770,18255,18257,18257,2,2
2022-01-11 15:23:11.407,18256,18258,18256,1,-1
2022-01-11 15:23:13.614,18256,18258,18256,1,-1
2022-01-11 15:23:16.340,18256,18257,18256,1,-1
2022-01-11 15:23:23.302,18254,18255,18255,5,5
2022-01-11 15:23:29.576,18254,18255,18255,2,2
2022-01-11 15:23:29.748,18255,18256,18256,3,3
2022-01-11 15:23:33.043,18255,18256,18255,3,-3
2022-01-11 15:23:39.857,18254,18255,18254,1,-1
2022-01-11 15:23:40.105,18254,18255,18255,1,1
2022-01-11 15:23:40.438,18254,18255,18255,1,1
2022-01-11 15:23:53.607,18254,18255,18254,1,-1
2022-01-11 15:23:53.657,18254,18255,18254,1,-1
2022-01-11 15:23:54.099,18253,18255,18253,5,-5
2022-01-11 15:23:54.099,18253,18255,18253,5,-5
2022-01-11 15:23:54.309,18252,18254,18254,1,1
2022-01-11 15:23:58.093,18252,18254,18252,1,-1
2022-01-11 15:23:58.143,18252,18253,18252,12,-12
2022-01-11 15:23:58.143,18252,18253,18252,3,-3
2022-01-11 15:24:00.556,18251,18252,18252,1,1
2022-01-11 15:24:05.809,18252,18254,18254,1,1
2022-01-11 15:24:06.198,18252,18253,18253,1,1
2022-01-11 15:24:14.244,18252,18254,18254,1,1
2022-01-11 15:24:21.159,18252,18253,18253,1,1
2022-01-11 15:24:36.850,18252,18253,18253,1,1
2022-01-11 15:24:43.354,18252,18253,18253,1,1
2022-01-11 15:24:47.017,18252,18254,18254,1,1
2022-01-11 15:25:02.653,18252,18254,18253,1,1
2022-01-11 15:25:02.671,18252,18254,18252,1,-1
2022-01-11 15:25:04.954,18252,18254,18252,1,-1
2022-01-11 15:25:13.135,18252,18253,18253,1,1
2022-01-11 15:25:13.135,18252,18253,18254,1,1
2022-01-11 15:25:24.909,18253,18254,18254,2,2
2022-01-11 15:25:31.652,18254,18255,18255,3,3
2022-01-11 15:25:31.994,18255,18256,18255,1,-1
2022-01-11 15:25:43.748,18254,18256,18254,3,-3
2022-01-11 15:25:45.362,18254,18256,18256,7,7
2022-01-11 15:25:45.362,18254,18256,18257,11,11
2022-01-11 15:25:45.362,18254,18256,18258,12,12
2022-01-11 15:25:52.608,18256,18257,18256,1,-1
2022-01-11 15:25:54.655,18254,18256,18254,1,-1
2022-01-11 15:25:57.487,18255,18256,18255,1,-1
2022-01-11 15:25:57.487,18255,18256,18254,2,-2
2022-01-11 15:26:21.623,18255,18256,18256,1,1
2022-01-11 15:26:30.765,18255,18256,18256,3,3
2022-01-11 15:26:45.378,18257,18259,18257,1,-1
2022-01-11 15:26:47.828,18258,18259,18259,5,5
2022-01-11 15:26:51.798,18259,18260,18260,1,1
2022-01-11 15:26:51.798,18259,18260,18260,1,1
2022-01-11 15:26:51.798,18259,18260,18260,1,1
2022-01-11 15:26:51.798,18259,18260,18260,1,1
2022-01-11 15:26:51.873,18259,18260,18260,13,13
2022-01-11 15:26:52.036,18260,18261,18261,1,1
2022-01-11 15:26:52.147,18260,18261,18260,1,-1
2022-01-11 15:26:55.338,18260,18261,18260,1,-1
2022-01-11 15:27:04.762,18260,18261,18261,1,1
2022-01-11 15:27:20.909,18261,18262,18261,2,-2
2022-01-11 15:27:22.485,18260,18262,18262,1,1
2022-01-11 15:27:25.681,18261,18262,18262,1,1
2022-01-11 15:27:25.895,18261,18262,18261,1,-1
2022-01-11 15:27:27.057,18261,18262,18261,1,-1
2022-01-11 15:27:27.088,18261,18262,18261,1,-1
2022-01-11 15:27:27.470,18261,18262,18262,2,2
2022-01-11 15:27:31.260,18261,18262,18262,1,1
2022-01-11 15:27:32.214,18261,18262,18262,2,2
2022-01-11 15:27:33.529,18261,18262,18262,4,4
2022-01-11 15:27:34.471,18261,18263,18261,1,-1
2022-01-11 15:27:38.160,18261,18262,18261,3,-3
2022-01-11 15:27:38.724,18260,18261,18261,1,1
2022-01-11 15:27:41.358,18260,18261,18261,1,1
2022-01-11 15:27:44.239,18260,18261,18261,1,1
2022-01-11 15:27:46.237,18260,18261,18261,3,3
2022-01-11 15:27:51.191,18260,18261,18260,5,-5
2022-01-11 15:27:52.292,18260,18261,18261,1,1
2022-01-11 15:27:52.548,18260,18261,18261,3,3
2022-01-11 15:28:17.169,18261,18262,18261,1,-1
2022-01-11 15:28:17.493,18261,18262,18262,1,1
2022-01-11 15:28:17.650,18261,18262,18262,1,1
2022-01-11 15:28:17.673,18261,18262,18262,1,1
2022-01-11 15:28:21.617,18261,18262,18262,1,1
2022-01-11 15:28:34.025,18261,18262,18262,8,8
2022-01-11 15:28:57.870,18261,18262,18262,5,5
2022-01-11 15:29:00.859,18262,18263,18263,1,1
2022-01-11 15:29:00.864,18262,18263,18263,1,1
2022-01-11 15:29:02.679,18262,18263,18263,10,10
2022-01-11 15:29:09.670,18262,18263,18262,1,-1
2022-01-11 15:29:09.672,18262,18263,18262,7,-7
2022-01-11 15:29:11.789,18261,18262,18262,1,1
2022-01-11 15:29:13.825,18261,18262,18261,1,-1
2022-01-11 15:29:27.656,18261,18262,18262,3,3
2022-01-11 15:29:28.739,18261,18262,18261,2,-2
2022-01-11 15:29:32.095,18261,18262,18262,1,1
2022-01-11 15:29:32.973,18261,18262,18261,1,-1
2022-01-11 15:29:35.231,18261,18262,18262,2,2
2022-01-11 15:29:41.416,18261,18262,18261,6,-6
2022-01-11 15:29:41.416,18261,18262,18261,5,-5
2022-01-11 15:29:41.425,18261,18262,18260,2,-2
2022-01-11 15:29:57.178,18261,18262,18261,2,-2
2022-01-11 15:30:01.566,18260,18262,18262,4,4
2022-01-11 15:30:01.757,18260,18262,18262,1,1
2022-01-11 15:30:02.142,18260,18262,18262,1,1
2022-01-11 15:30:02.819,18260,18262,18262,1,1
2022-01-11 15:30:06.823,18260,18261,18261,1,1
2022-01-11 15:30:24.071,18261,18262,18261,2,-2
2022-01-11 15:30:26.505,18260,18262,18262,2,2
2022-01-11 15:30:33.496,18260,18261,18261,1,1
2022-01-11 15:30:33.718,18260,18261,18260,11,-11
2022-01-11 15:30:37.669,18259,18260,18259,1,-1
2022-01-11 15:30:37.669,18259,18260,18259,2,-2
2022-01-11 15:30:38.971,18258,18260,18258,1,-1
2022-01-11 15:30:42.085,18258,18260,18259,1,1
2022-01-11 15:30:43.324,18259,18260,18259,1,-1
2022-01-11 15:31:08.569,18258,18259,18258,1,-1
2022-01-11 15:31:08.571,18258,18259,18258,1,-1
2022-01-11 15:31:14.697,18257,18258,18257,1,-1
2022-01-11 15:31:14.745,18257,18258,18258,1,1
2022-01-11 15:31:14.745,18257,18258,18259,1,1
2022-01-11 15:31:14.745,18257,18258,18259,1,1
2022-01-11 15:31:14.745,18257,18258,18259,1,1
2022-01-11 15:31:14.746,18257,18258,18259,1,1
2022-01-11 15:31:14.746,18257,18258,18259,1,1
2022-01-11 15:31:14.746,18257,18258,18259,1,1
2022-01-11 15:31:14.746,18257,18258,18259,1,1
2022-01-11 15:31:14.746,18257,18258,18259,1,1
2022-01-11 15:31:14.746,18257,18258,18259,1,1
2022-01-11 15:31:14.746,18257,18258,18259,1,1
2022-01-11 15:31:14.746,18257,18258,18259,1,1
2022-01-11 15:31:14.748,18257,18258,18260,1,1
2022-01-11 15:31:15.008,18258,18260,18258,1,-1
2022-01-11 15:31:15.927,18258,18260,18260,5,5
2022-01-11 15:31:26.728,18259,18260,18259,1,-1
2022-01-11 15:31:32.365,18258,18260,18258,1,-1
2022-01-11 15:31:32.370,18258,18260,18260,1,1
2022-01-11 15:31:32.370,18258,18260,18260,1,1
2022-01-11 15:31:32.370,18258,18260,18260,1,1
2022-01-11 15:31:32.370,18258,18260,18260,1,1
2022-01-11 15:31:32.370,18258,18260,18260,1,1
2022-01-11 15:31:32.371,18258,18260,18260,1,1
2022-01-11 15:31:32.371,18258,18260,18260,1,1
2022-01-11 15:31:32.372,18258,18260,18261,1,1
2022-01-11 15:31:32.372,18258,18260,18261,1,1
2022-01-11 15:31:32.374,18258,18260,18261,1,1
2022-01-11 15:31:37.726,18259,18260,18260,3,3
2022-01-11 15:31:37.726,18259,18260,18261,7,7
2022-01-11 15:31:41.230,18260,18261,18260,1,-1
2022-01-11 15:31:41.246,18259,18261,18261,1,1
2022-01-11 15:31:46.430,18259,18260,18259,1,-1
2022-01-11 15:32:02.922,18258,18259,18259,1,1
2022-01-11 15:32:02.995,18258,18260,18260,1,1
2022-01-11 15:32:02.999,18258,18260,18260,1,1
2022-01-11 15:32:03.001,18258,18260,18260,1,1
2022-01-11 15:32:12.718,18258,18260,18258,1,-1
2022-01-11 15:32:14.966,18257,18259,18257,1,-1
2022-01-11 15:32:17.293,18257,18258,18257,1,-1
2022-01-11 15:32:28.833,18257,18259,18257,1,-1
2022-01-11 15:32:34.926,18257,18258,18258,3,3
2022-01-11 15:32:34.926,18257,18258,18258,1,1
2022-01-11 15:32:34.926,18257,18258,18258,1,1
2022-01-11 15:32:42.289,18258,18260,18258,2,-2
2022-01-11 15:32:49.597,18258,18260,18258,1,-1
2022-01-11 15:32:50.906,18258,18260,18258,1,-1
2022-01-11 15:33:07.427,18258,18259,18259,1,1
2022-01-11 15:33:07.427,18258,18259,18259,3,3
2022-01-11 15:33:07.518,18259,18260,18259,2,-2
2022-01-11 15:33:13.539,18259,18260,18259,1,-1
2022-01-11 15:33:15.305,18259,18260,18260,2,2
2022-01-11 15:33:19.153,18259,18261,18261,1,1
2022-01-11 15:33:24.068,18260,18262,18260,1,-1
2022-01-11 15:33:28.977,18260,18262,18262,2,2
2022-01-11 15:33:33.175,18260,18262,18262,1,1
2022-01-11 15:33:34.088,18260,18262,18261,1,1
2022-01-11 15:33:36.729,18261,18262,18261,1,-1
2022-01-11 15:33:46.225,18260,18262,18262,1,1
2022-01-11 15:33:54.608,18260,18262,18262,1,1
2022-01-11 15:33:57.254,18260,18262,18260,1,-1
2022-01-11 15:34:02.066,18260,18262,18260,1,-1
2022-01-11 15:34:07.544,18260,18261,18261,1,1
2022-01-11 15:34:08.022,18260,18262,18262,2,2
2022-01-11 15:34:19.189,18260,18262,18261,1,1
2022-01-11 15:34:20.561,18260,18261,18260,1,-1
2022-01-11 15:34:21.200,18260,18261,18261,1,1
2022-01-11 15:34:25.679,18261,18262,18262,1,1
2022-01-11 15:34:30.650,18262,18263,18263,17,17
2022-01-11 15:34:32.432,18262,18264,18264,4,4
2022-01-11 15:34:47.986,18262,18264,18262,1,-1
2022-01-11 15:34:55.478,18263,18264,18263,1,-1
2022-01-11 15:34:56.865,18262,18263,18263,1,1
2022-01-11 15:34:59.792,18262,18264,18262,1,-1
2022-01-11 15:35:00.294,18262,18263,18263,1,1
2022-01-11 15:35:00.320,18262,18263,18263,1,1
2022-01-11 15:35:05.485,18263,18264,18264,1,1
2022-01-11 15:35:06.913,18263,18264,18263,20,-20
2022-01-11 15:35:12.647,18262,18263,18263,1,1
2022-01-11 15:35:15.445,18262,18263,18262,3,-3
2022-01-11 15:35:24.214,18260,18261,18261,1,1
2022-01-11 15:35:32.671,18260,18261,18261,1,1
2022-01-11 15:35:35.553,18260,18261,18261,1,1
2022-01-11 15:35:38.156,18260,18262,18260,2,-2
2022-01-11 15:35:38.156,18260,18262,18260,2,-2
2022-01-11 15:35:38.156,18260,18262,18260,1,-1
2022-01-11 15:35:38.165,18260,18262,18260,4,-4
2022-01-11 15:35:38.200,18260,18262,18259,2,-2
2022-01-11 15:35:43.103,18258,18260,18260,1,1
2022-01-11 15:35:53.602,18259,18260,18259,1,-1
2022-01-11 15:36:14.773,18259,18260,18260,3,3
2022-01-11 15:36:15.118,18259,18260,18260,1,1
2022-01-11 15:36:15.231,18259,18260,18260,2,2
2022-01-11 15:36:15.231,18259,18260,18261,2,2
2022-01-11 15:36:18.373,18259,18260,18259,2,-2
2022-01-11 15:36:22.190,18258,18260,18260,5,5
2022-01-11 15:36:27.273,18258,18259,18258,9,-9
2022-01-11 15:36:28.728,18258,18259,18258,1,-1
2022-01-11 15:36:28.729,18258,18259,18258,1,-1
2022-01-11 15:36:28.973,18257,18258,18258,1,1
2022-01-11 15:36:30.165,18257,18258,18257,1,-1
2022-01-11 15:36:32.694,18257,18258,18257,1,-1
2022-01-11 15:36:33.127,18257,18258,18257,3,-3
2022-01-11 15:36:33.648,18256,18257,18256,1,-1
2022-01-11 15:36:36.106,18256,18257,18256,1,-1
2022-01-11 15:36:37.601,18256,18257,18256,1,-1
2022-01-11 15:36:37.965,18256,18257,18256,3,-3
2022-01-11 15:36:38.005,18256,18257,18256,1,-1
2022-01-11 15:36:38.332,18256,18257,18256,1,-1
2022-01-11 15:36:47.857,18256,18257,18257,1,1
2022-01-11 15:36:47.865,18256,18257,18257,1,1
2022-01-11 15:36:54.639,18256,18257,18257,1,1
2022-01-11 15:36:54.917,18257,18258,18257,1,-1
2022-01-11 15:37:08.832,18257,18259,18258,1,1
2022-01-11 15:37:14.427,18258,18259,18258,1,-1
2022-01-11 15:37:51.131,18257,18258,18258,1,1
2022-01-11 15:37:51.443,18257,18258,18258,1,1
2022-01-11 15:37:51.887,18257,18258,18257,2,-2
2022-01-11 15:37:52.850,18256,18257,18257,2,2
2022-01-11 15:37:59.954,18255,18257,18255,1,-1
2022-01-11 15:38:07.192,18255,18257,18255,3,-3
2022-01-11 15:38:22.514,18256,18257,18256,3,-3
2022-01-11 15:38:49.578,18255,18256,18255,2,-2
2022-01-11 15:38:54.398,18255,18256,18256,7,7
2022-01-11 15:39:01.084,18256,18257,18257,1,1
2022-01-11 15:39:07.522,18256,18257,18256,2,-2
2022-01-11 15:39:09.362,18256,18257,18257,3,3
2022-01-11 15:39:21.442,18256,18258,18256,4,-4
2022-01-11 15:39:23.789,18255,18257,18257,1,1
2022-01-11 15:39:26.510,18256,18257,18257,1,1
2022-01-11 15:39:29.809,18257,18258,18258,4,4
2022-01-11 15:39:29.809,18257,18258,18258,1,1
2022-01-11 15:39:32.154,18258,18259,18259,1,1
2022-01-11 15:39:32.154,18258,18259,18259,1,1
2022-01-11 15:39:32.155,18258,18259,18259,1,1
2022-01-11 15:39:32.683,18258,18260,18258,1,-1
2022-01-11 15:39:48.060,18257,18258,18257,5,-5
2022-01-11 15:39:48.060,18257,18258,18257,6,-6
2022-01-11 15:39:48.125,18257,18258,18257,5,-5
2022-01-11 15:39:49.063,18256,18258,18256,1,-1
2022-01-11 15:39:54.356,18255,18256,18256,1,1
2022-01-11 15:39:54.356,18255,18256,18256,2,2
2022-01-11 15:39:54.605,18256,18257,18256,1,-1
2022-01-11 15:39:55.614,18256,18257,18256,1,-1
2022-01-11 15:39:56.963,18256,18257,18257,1,1
2022-01-11 15:39:57.330,18256,18257,18256,1,-1
2022-01-11 15:39:57.332,18256,18257,18256,1,-1
2022-01-11 15:40:00.010,18256,18257,18256,1,-1
2022-01-11 15:40:01.038,18255,18257,18257,1,1
2022-01-11 15:40:02.647,18256,18257,18256,1,-1
2022-01-11 15:40:02.922,18256,18257,18256,2,-2
2022-01-11 15:40:04.675,18255,18256,18256,1,1
2022-01-11 15:40:05.441,18256,18257,18257,2,2
2022-01-11 15:40:05.441,18256,18257,18257,1,1
2022-01-11 15:40:05.442,18256,18257,18257,2,2
2022-01-11 15:40:05.442,18256,18257,18257,1,1
2022-01-11 15:40:15.546,18257,18258,18257,1,-1
2022-01-11 15:40:21.935,18256,18257,18257,1,1
2022-01-11 15:40:27.622,18256,18257,18257,1,1
2022-01-11 15:40:35.620,18257,18258,18257,2,-2
2022-01-11 15:40:40.986,18257,18258,18257,1,-1
2022-01-11 15:40:49.304,18257,18258,18257,2,-2
2022-01-11 15:40:49.572,18256,18257,18257,9,9
2022-01-11 15:40:54.146,18257,18258,18257,1,-1
2022-01-11 15:40:54.593,18256,18258,18256,10,-10
2022-01-11 15:40:59.861,18255,18257,18255,2,-2
2022-01-11 15:41:01.143,18255,18256,18256,1,1
2022-01-11 15:41:02.017,18255,18256,18255,3,-3
2022-01-11 15:41:02.477,18254,18255,18255,1,1
2022-01-11 15:41:03.876,18254,18256,18256,1,1
2022-01-11 15:41:16.623,18254,18256,18256,3,3
2022-01-11 15:41:22.276,18254,18256,18254,1,-1
2022-01-11 15:41:22.532,18254,18256,18255,1,1
2022-01-11 15:41:27.574,18255,18256,18254,1,-1
2022-01-11 15:41:32.287,18254,18256,18256,1,1
2022-01-11 15:41:33.382,18255,18256,18255,2,-2
2022-01-11 15:41:38.369,18255,18256,18255,1,-1
2022-01-11 15:41:41.387,18254,18255,18254,1,-1
2022-01-11 15:41:42.556,18254,18255,18254,6,-6
2022-01-11 15:41:42.556,18254,18255,18253,4,-4
2022-01-11 15:41:42.651,18253,18255,18253,1,-1
2022-01-11 15:41:42.808,18253,18255,18253,1,-1
2022-01-11 15:41:47.683,18253,18254,18253,1,-1
2022-01-11 15:41:48.142,18253,18254,18253,1,-1
2022-01-11 15:41:48.450,18253,18254,18253,2,-2
2022-01-11 15:41:49.016,18253,18254,18253,1,-1
2022-01-11 15:41:50.660,18253,18254,18253,1,-1
2022-01-11 15:41:50.864,18253,18254,18253,8,-8
2022-01-11 15:41:56.648,18252,18253,18252,5,-5
2022-01-11 15:41:56.648,18252,18253,18251,5,-5
2022-01-11 15:41:56.795,18251,18253,18251,1,-1
2022-01-11 15:41:56.798,18251,18253,18251,1,-1
2022-01-11 15:41:59.809,18251,18253,18251,1,-1
2022-01-11 15:42:00.018,18251,18253,18253,1,1
2022-01-11 15:42:01.758,18251,18253,18251,1,-1
2022-01-11 15:42:02.870,18252,18253,18253,1,1
2022-01-11 15:42:04.581,18253,18254,18253,2,-2
2022-01-11 15:42:04.586,18253,18254,18254,1,1
2022-01-11 15:42:04.586,18253,18254,18254,2,2
2022-01-11 15:42:06.458,18252,18254,18253,1,1
2022-01-11 15:42:09.879,18254,18255,18255,1,1
2022-01-11 15:42:09.969,18254,18255,18255,1,1
2022-01-11 15:42:33.071,18254,18255,18255,3,3
2022-01-11 15:42:33.421,18254,18255,18255,3,3
2022-01-11 15:42:39.920,18254,18255,18254,3,-3
2022-01-11 15:42:44.931,18252,18253,18253,1,1
2022-01-11 15:42:50.687,18252,18253,18252,3,-3
2022-01-11 15:42:51.049,18251,18253,18253,1,1
2022-01-11 15:42:56.049,18252,18253,18252,1,-1
2022-01-11 15:43:03.928,18252,18253,18252,1,-1
2022-01-11 15:43:06.253,18253,18254,18253,1,-1
2022-01-11 15:43:06.916,18253,18254,18253,1,-1
2022-01-11 15:43:06.917,18253,18254,18253,1,-1
2022-01-11 15:43:08.338,18252,18254,18252,6,-6
2022-01-11 15:43:08.338,18252,18254,18252,2,-2
2022-01-11 15:43:08.864,18252,18254,18254,1,1
2022-01-11 15:43:11.748,18252,18255,18255,3,3
2022-01-11 15:43:29.151,18252,18253,18253,1,1
2022-01-11 15:43:46.903,18252,18253,18252,3,-3
2022-01-11 15:43:46.903,18252,18253,18252,1,-1
2022-01-11 15:44:01.115,18252,18253,18253,1,1
2022-01-11 15:44:18.715,18253,18254,18253,1,-1
2022-01-11 15:44:18.715,18253,18254,18252,2,-2
2022-01-11 15:44:23.332,18252,18253,18253,1,1
2022-01-11 15:44:36.086,18253,18254,18253,2,-2
2022-01-11 15:44:39.507,18253,18254,18253,1,-1
2022-01-11 15:44:39.508,18253,18254,18253,3,-3
2022-01-11 15:44:40.390,18253,18254,18254,2,2
2022-01-11 15:44:40.859,18253,18254,18254,3,3
2022-01-11 15:44:40.859,18253,18254,18254,7,7
2022-01-11 15:44:41.109,18254,18255,18255,3,3
2022-01-11 15:44:45.874,18254,18255,18255,3,3
2022-01-11 15:44:55.108,18254,18255,18255,1,1
2022-01-11 15:44:59.794,18254,18255,18254,1,-1
2022-01-11 15:45:09.415,18253,18254,18254,5,5
2022-01-11 15:45:09.416,18253,18254,18255,4,4
2022-01-11 15:45:20.397,18255,18256,18256,1,1
2022-01-11 15:45:22.014,18255,18256,18255,1,-1
2022-01-11 15:45:22.014,18255,18256,18255,1,-1
2022-01-11 15:45:22.188,18254,18255,18255,1,1
2022-01-11 15:45:28.015,18255,18256,18255,1,-1
2022-01-11 15:45:37.663,18255,18256,18256,4,4
2022-01-11 15:45:42.266,18255,18256,18255,3,-3
2022-01-11 15:45:47.854,18255,18256,18255,1,-1
2022-01-11 15:45:48.800,18254,18255,18254,1,-1
2022-01-11 15:45:51.410,18253,18254,18254,1,1
2022-01-11 15:45:51.411,18253,18254,18254,1,1
2022-01-11 15:45:58.959,18253,18254,18253,1,-1
2022-01-11 15:45:59.016,18253,18254,18253,2,-2
2022-01-11 15:46:07.024,18252,18253,18252,4,-4
2022-01-11 15:46:07.025,18252,18253,18252,3,-3
2022-01-11 15:46:15.271,18251,18252,18251,1,-1
2022-01-11 15:46:15.272,18251,18252,18251,8,-8
2022-01-11 15:46:17.774,18250,18251,18250,1,-1
2022-01-11 15:46:17.774,18250,18251,18250,4,-4
2022-01-11 15:46:17.775,18250,18251,18250,3,-3
2022-01-11 15:46:17.775,18250,18251,18250,1,-1
2022-01-11 15:46:17.775,18250,18251,18250,2,-2
2022-01-11 15:46:17.775,18250,18251,18250,10,-10
2022-01-11 15:46:17.981,18249,18250,18249,1,-1
2022-01-11 15:46:24.065,18249,18251,18249,1,-1
2022-01-11 15:46:24.428,18249,18251,18249,1,-1
2022-01-11 15:46:25.483,18249,18251,18250,1,1
2022-01-11 15:46:29.474,18249,18250,18249,1,-1
2022-01-11 15:46:31.200,18249,18250,18249,1,-1
2022-01-11 15:46:31.859,18249,18250,18249,1,-1
2022-01-11 15:46:36.531,18248,18250,18250,1,1
2022-01-11 15:46:42.239,18249,18250,18249,1,-1
2022-01-11 15:46:44.859,18248,18249,18250,1,1
2022-01-11 15:46:46.918,18248,18250,18248,2,-2
2022-01-11 15:46:49.142,18249,18250,18249,1,-1
2022-01-11 15:46:49.249,18248,18249,18249,1,1
2022-01-11 15:46:49.471,18248,18249,18249,1,1
2022-01-11 15:46:51.149,18248,18250,18248,1,-1
2022-01-11 15:47:00.507,18248,18249,18248,1,-1
2022-01-11 15:47:02.527,18248,18249,18249,3,3
2022-01-11 15:47:02.574,18248,18249,18249,1,1
2022-01-11 15:47:03.639,18248,18250,18248,1,-1
2022-01-11 15:47:15.440,18248,18249,18248,1,-1
2022-01-11 15:47:20.537,18248,18249,18248,1,-1
2022-01-11 15:47:24.695,18248,18249,18249,3,3
2022-01-11 15:47:26.701,18249,18250,18250,5,5
2022-01-11 15:47:29.170,18250,18251,18250,1,-1
2022-01-11 15:47:29.490,18250,18251,18250,2,-2
2022-01-11 15:47:29.490,18250,18251,18250,1,-1
2022-01-11 15:47:34.534,18249,18251,18250,1,1
2022-01-11 15:47:35.834,18249,18251,18250,1,1
2022-01-11 15:47:36.824,18249,18251,18250,1,1
2022-01-11 15:47:36.825,18249,18251,18251,2,2
2022-01-11 15:47:37.331,18250,18251,18250,1,-1
2022-01-11 15:47:37.469,18250,18251,18250,1,-1
2022-01-11 15:47:37.746,18250,18251,18251,2,2
2022-01-11 15:47:38.975,18250,18251,18251,1,1
2022-01-11 15:47:39.361,18251,18252,18251,5,-5
2022-01-11 15:47:45.765,18250,18251,18251,2,2
2022-01-11 15:47:57.504,18251,18252,18252,1,1
2022-01-11 15:47:58.920,18252,18253,18253,1,1
2022-01-11 15:48:00.192,18252,18253,18253,1,1
2022-01-11 15:48:00.945,18252,18254,18252,1,-1
2022-01-11 15:48:04.806,18253,18254,18254,1,1
2022-01-11 15:48:06.625,18254,18255,18255,2,2
2022-01-11 15:48:07.804,18254,18256,18256,5,5
2022-01-11 15:48:07.816,18254,18256,18256,3,3
2022-01-11 15:48:07.816,18254,18256,18257,1,1
2022-01-11 15:48:08.312,18255,18257,18255,1,-1
2022-01-11 15:48:08.661,18255,18257,18255,1,-1
2022-01-11 15:48:24.411,18254,18255,18255,1,1
2022-01-11 15:48:25.447,18254,18255,18254,1,-1
2022-01-11 15:48:31.344,18254,18255,18255,1,1
2022-01-11 15:48:32.802,18255,18256,18256,1,1
2022-01-11 15:48:33.590,18256,18257,18256,1,-1
2022-01-11 15:48:37.485,18256,18257,18257,1,1
2022-01-11 15:48:37.769,18256,18257,18256,1,-1
2022-01-11 15:48:42.680,18256,18257,18256,1,-1
2022-01-11 15:48:43.458,18256,18257,18257,1,1
2022-01-11 15:48:48.868,18256,18257,18257,1,1
2022-01-11 15:48:48.941,18256,18257,18257,1,1
2022-01-11 15:48:52.449,18256,18258,18258,1,1
2022-01-11 15:48:59.062,18256,18257,18256,1,-1
2022-01-11 15:49:01.277,18256,18257,18257,1,1
2022-01-11 15:49:05.465,18256,18257,18257,2,2
2022-01-11 15:49:07.753,18256,18257,18257,1,1
2022-01-11 15:49:10.058,18256,18258,18258,6,6
2022-01-11 15:49:12.596,18256,18258,18257,6,6
2022-01-11 15:49:14.297,18257,18258,18258,1,1
2022-01-11 15:49:17.471,18256,18258,18258,1,1
2022-01-11 15:49:20.857,18257,18258,18258,1,1
2022-01-11 15:49:24.861,18256,18258,18258,1,1
2022-01-11 15:49:39.346,18257,18258,18257,1,-1
2022-01-11 15:49:39.346,18257,18258,18257,1,-1
2022-01-11 15:49:44.113,18256,18257,18257,1,1
2022-01-11 15:49:54.920,18257,18258,18257,1,-1
2022-01-11 15:50:23.417,18256,18257,18257,1,1
2022-01-11 15:50:33.742,18256,18257,18257,1,1
2022-01-11 15:50:38.563,18256,18257,18257,1,1
2022-01-11 15:50:39.015,18256,18257,18256,1,-1
2022-01-11 15:50:39.015,18256,18257,18256,1,-1
2022-01-11 15:50:39.015,18256,18257,18256,1,-1
2022-01-11 15:50:39.015,18256,18257,18256,1,-1
2022-01-11 15:50:39.015,18256,18257,18256,1,-1
2022-01-11 15:50:39.015,18256,18257,18256,1,-1
2022-01-11 15:50:39.015,18256,18257,18256,2,-2
2022-01-11 15:50:39.015,18256,18257,18256,1,-1
2022-01-11 15:50:39.015,18256,18257,18256,1,-1
2022-01-11 15:50:39.015,18256,18257,18256,1,-1
2022-01-11 15:50:39.015,18256,18257,18256,1,-1
2022-01-11 15:50:39.015,18256,18257,18256,1,-1
2022-01-11 15:50:39.015,18256,18257,18256,1,-1
2022-01-11 15:50:39.016,18256,18257,18256,1,-1
2022-01-11 15:50:41.021,18255,18256,18256,1,1
2022-01-11 15:50:44.468,18255,18256,18256,1,1
2022-01-11 15:51:16.916,18254,18256,18256,2,2
2022-01-11 15:51:20.403,18254,18256,18256,1,1
2022-01-11 15:51:30.608,18254,18255,18255,1,1
2022-01-11 15:51:31.510,18254,18255,18255,2,2
2022-01-11 15:51:39.126,18254,18255,18255,1,1
2022-01-11 15:51:39.126,18254,18255,18256,1,1
2022-01-11 15:51:49.884,18254,18255,18254,2,-2
2022-01-11 15:51:58.554,18254,18255,18255,2,2
2022-01-11 15:52:17.454,18255,18256,18256,1,1
2022-01-11 15:52:25.603,18256,18257,18257,2,2
2022-01-11 15:52:49.253,18256,18258,18256,1,-1
2022-01-11 15:52:52.401,18256,18257,18257,1,1
2022-01-11 15:52:56.756,18256,18257,18256,1,-1
2022-01-11 15:53:02.050,18255,18257,18257,1,1
2022-01-11 15:53:05.007,18256,18258,18256,1,-1
2022-01-11 15:53:07.396,18255,18257,18256,1,1
2022-01-11 15:53:47.050,18256,18257,18257,1,1
2022-01-11 15:53:47.050,18256,18257,18257,1,1
2022-01-11 15:53:57.551,18257,18258,18258,1,1
2022-01-11 15:53:58.701,18257,18258,18257,1,-1
2022-01-11 15:53:58.701,18257,18258,18256,6,-6
2022-01-11 15:53:58.702,18257,18258,18256,3,-3
2022-01-11 15:54:05.928,18256,18257,18257,1,1
2022-01-11 15:54:06.811,18257,18258,18257,3,-3
2022-01-11 15:54:06.811,18257,18258,18256,6,-6
2022-01-11 15:54:06.812,18257,18258,18256,1,-1
2022-01-11 15:54:06.969,18256,18258,18258,1,1
2022-01-11 15:54:09.700,18255,18257,18257,3,3
2022-01-11 15:54:20.429,18255,18256,18256,1,1
2022-01-11 15:54:22.526,18255,18256,18256,1,1
2022-01-11 15:54:22.959,18255,18256,18256,1,1
2022-01-11 15:54:25.567,18255,18256,18256,3,3
2022-01-11 15:54:25.568,18255,18256,18256,1,1
2022-01-11 15:54:25.568,18255,18256,18256,3,3
2022-01-11 15:54:25.591,18255,18256,18257,1,1
2022-01-11 15:54:26.889,18256,18257,18257,1,1
2022-01-11 15:54:27.872,18257,18258,18258,2,2
2022-01-11 15:54:29.869,18257,18258,18258,1,1
2022-01-11 15:54:40.401,18257,18258,18258,2,2
2022-01-11 15:54:46.046,18257,18258,18258,1,1
2022-01-11 15:54:51.018,18257,18258,18257,1,-1
2022-01-11 15:54:59.074,18257,18258,18257,1,-1
2022-01-11 15:55:01.121,18257,18258,18257,1,-1
2022-01-11 15:55:03.316,18256,18257,18257,1,1
2022-01-11 15:55:05.913,18256,18257,18256,5,-5
2022-01-11 15:55:43.029,18255,18256,18255,6,-6
2022-01-11 15:55:58.062,18257,18258,18257,2,-2
2022-01-11 15:55:59.300,18257,18258,18258,4,4
2022-01-11 15:55:59.300,18257,18258,18258,1,1
2022-01-11 15:55:59.301,18257,18258,18258,1,1
2022-01-11 15:55:59.978,18257,18258,18257,1,-1
2022-01-11 15:56:17.482,18257,18258,18257,3,-3
2022-01-11 15:56:19.429,18256,18257,18257,1,1
2022-01-11 15:56:19.755,18256,18257,18257,1,1
2022-01-11 15:56:23.369,18256,18258,18258,10,10
2022-01-11 15:56:30.043,18256,18258,18258,1,1
2022-01-11 15:56:53.100,18257,18258,18258,1,1
2022-01-11 15:56:53.479,18257,18259,18259,1,1
2022-01-11 15:56:53.646,18258,18259,18259,2,2
2022-01-11 15:56:53.779,18258,18259,18259,1,1
2022-01-11 15:56:58.202,18257,18259,18259,1,1
2022-01-11 15:57:19.078,18257,18258,18257,1,-1
2022-01-11 15:57:27.024,18256,18257,18257,1,1
2022-01-11 15:57:41.765,18257,18259,18259,1,1
2022-01-11 15:57:42.081,18258,18259,18259,2,2
2022-01-11 15:57:45.947,18258,18260,18259,1,1
2022-01-11 15:57:50.218,18258,18259,18259,2,2
2022-01-11 15:57:53.498,18259,18260,18260,2,2
2022-01-11 15:57:58.491,18259,18260,18259,1,-1
2022-01-11 15:57:59.842,18259,18260,18259,1,-1
2022-01-11 15:58:02.219,18259,18260,18260,1,1
2022-01-11 15:58:03.007,18259,18260,18259,1,-1
2022-01-11 15:58:09.301,18258,18259,18259,1,1
2022-01-11 15:58:11.146,18258,18259,18259,2,2
2022-01-11 15:58:19.495,18258,18259,18259,1,1
2022-01-11 15:58:21.588,18258,18259,18258,1,-1
2022-01-11 15:58:28.142,18257,18259,18259,1,1
2022-01-11 15:58:39.585,18257,18258,18257,2,-2
2022-01-11 15:58:41.616,18256,18258,18257,1,1
2022-01-11 15:58:58.658,18257,18258,18258,2,2
2022-01-11 15:59:01.150,18257,18258,18258,1,1
2022-01-11 15:59:14.069,18257,18258,18257,1,-1
2022-01-11 15:59:27.613,18257,18258,18257,3,-3
2022-01-11 15:59:35.775,18257,18258,18258,1,1
2022-01-11 15:59:35.775,18257,18258,18258,3,3
2022-01-11 15:59:35.775,18257,18258,18258,6,6
2022-01-11 15:59:35.775,18257,18258,18258,1,1
2022-01-11 15:59:35.910,18258,18259,18259,2,2
2022-01-11 15:59:35.910,18258,18259,18259,2,2
2022-01-11 15:59:35.910,18258,18259,18260,1,1
2022-01-11 15:59:36.185,18258,18260,18260,2,2
2022-01-11 15:59:36.186,18258,18260,18260,3,3
2022-01-11 15:59:51.771,18258,18260,18259,1,1
2022-01-11 15:59:51.775,18258,18260,18259,1,1
2022-01-11 15:59:56.883,18258,18259,18258,3,-3
2022-01-11 15:59:58.821,18258,18259,18259,1,1
2022-01-11 16:00:00.442,18258,18259,18259,1,1
2022-01-11 16:00:00.503,18258,18259,18259,1,1
2022-01-11 16:00:00.503,18258,18259,18259,1,1
2022-01-11 16:00:00.503,18258,18259,18259,2,2
2022-01-11 16:00:00.504,18258,18259,18259,1,1
2022-01-11 16:00:00.504,18258,18259,18259,1,1
2022-01-11 16:00:00.504,18258,18259,18260,1,1
2022-01-11 16:00:00.504,18258,18259,18260,1,1
2022-01-11 16:00:00.729,18258,18260,18260,1,1
2022-01-11 16:00:00.739,18258,18260,18260,2,2
2022-01-11 16:00:00.851,18258,18260,18260,1,1
2022-01-11 16:00:00.989,18258,18260,18260,4,4
2022-01-11 16:00:01.131,18259,18260,18260,2,2
2022-01-11 16:00:01.245,18259,18260,18260,1,1
2022-01-11 16:00:01.630,18259,18260,18260,3,3
2022-01-11 16:00:01.794,18259,18260,18260,2,2
2022-01-11 16:00:01.794,18259,18260,18260,1,1
2022-01-11 16:00:02.283,18260,18261,18261,1,1
2022-01-11 16:00:02.419,18259,18261,18261,4,4
2022-01-11 16:00:02.419,18259,18261,18262,1,1
2022-01-11 16:00:02.420,18259,18261,18262,5,5
2022-01-11 16:00:08.999,18261,18262,18262,2,2
2022-01-11 16:00:09.018,18261,18262,18262,1,1
2022-01-11 16:00:09.018,18261,18262,18262,4,4
2022-01-11 16:00:09.018,18261,18262,18262,1,1
2022-01-11 16:00:09.018,18261,18262,18262,1,1
2022-01-11 16:00:09.018,18261,18262,18262,1,1
2022-01-11 16:00:09.018,18261,18262,18262,2,2
2022-01-11 16:00:09.018,18261,18262,18262,2,2
2022-01-11 16:00:09.018,18261,18262,18262,8,8
2022-01-11 16:00:09.115,18261,18262,18263,2,2
2022-01-11 16:00:09.195,18262,18263,18263,2,2
2022-01-11 16:00:11.425,18261,18263,18262,1,1
2022-01-11 16:00:15.184,18260,18261,18261,1,1
2022-01-11 16:00:17.809,18260,18261,18261,2,2
2022-01-11 16:00:18.896,18260,18261,18260,1,-1
2022-01-11 16:00:18.996,18259,18261,18261,1,1
2022-01-11 16:00:18.996,18259,18261,18261,1,1
2022-01-11 16:00:19.062,18259,18261,18261,1,1
2022-01-11 16:00:20.453,18259,18260,18259,1,-1
2022-01-11 16:00:20.502,18259,18260,18259,1,-1
2022-01-11 16:00:20.590,18259,18260,18259,1,-1
2022-01-11 16:00:22.182,18258,18259,18259,1,1
2022-01-11 16:00:22.182,18258,18259,18260,3,3
2022-01-11 16:00:22.182,18258,18259,18260,10,10
2022-01-11 16:00:24.059,18258,18260,18260,1,1
2022-01-11 16:00:24.059,18258,18260,18261,2,2
2022-01-11 16:00:25.251,18260,18261,18261,1,1
2022-01-11 16:00:29.161,18261,18262,18261,1,-1
2022-01-11 16:00:31.436,18260,18261,18261,1,1
2022-01-11 16:00:32.031,18260,18261,18261,2,2
2022-01-11 16:00:32.956,18260,18261,18261,1,1
2022-01-11 16:00:36.820,18260,18261,18261,2,2
2022-01-11 16:00:36.820,18260,18261,18261,1,1
2022-01-11 16:00:36.857,18260,18261,18262,1,1
2022-01-11 16:00:39.479,18261,18262,18262,1,1
2022-01-11 16:00:39.480,18261,18262,18262,5,5
2022-01-11 16:00:39.490,18261,18262,18263,2,2
2022-01-11 16:00:39.623,18262,18263,18263,1,1
2022-01-11 16:00:39.907,18262,18263,18262,1,-1
2022-01-11 16:00:43.270,18262,18263,18263,1,1
2022-01-11 16:00:43.271,18262,18263,18263,13,13
2022-01-11 16:00:45.719,18263,18264,18264,1,1
2022-01-11 16:00:45.822,18263,18264,18264,2,2
2022-01-11 16:00:48.157,18263,18264,18263,2,-2
2022-01-11 16:00:48.362,18262,18264,18264,6,6
2022-01-11 16:00:48.362,18262,18264,18265,4,4
2022-01-11 16:00:48.404,18262,18264,18264,6,6
2022-01-11 16:00:48.404,18262,18264,18265,34,34
2022-01-11 16:00:48.404,18262,18264,18266,14,14
2022-01-11 16:00:48.407,18262,18264,18265,1,1
2022-01-11 16:00:48.415,18262,18264,18265,1,1
2022-01-11 16:00:48.457,18262,18264,18265,3,3
2022-01-11 16:00:48.498,18264,18265,18265,1,1
2022-01-11 16:00:48.510,18264,18265,18265,1,1
2022-01-11 16:00:48.521,18264,18265,18266,1,1
2022-01-11 16:00:48.527,18264,18265,18266,1,1
2022-01-11 16:00:48.544,18264,18265,18266,2,2
2022-01-11 16:00:48.550,18264,18265,18266,1,1
2022-01-11 16:00:48.552,18264,18265,18266,1,1
2022-01-11 16:00:48.651,18264,18265,18265,2,2
2022-01-11 16:00:48.670,18264,18265,18265,1,1
2022-01-11 16:00:48.670,18264,18265,18266,1,1
2022-01-11 16:00:48.690,18264,18265,18266,1,1
2022-01-11 16:00:48.697,18264,18265,18266,1,1
2022-01-11 16:00:48.703,18264,18265,18266,2,2
2022-01-11 16:00:48.711,18264,18265,18266,1,1
2022-01-11 16:00:48.839,18264,18266,18266,1,1
2022-01-11 16:00:48.857,18264,18266,18266,3,3
2022-01-11 16:00:53.414,18265,18266,18266,2,2
2022-01-11 16:00:53.551,18266,18267,18267,1,1
2022-01-11 16:00:53.652,18266,18267,18267,2,2
2022-01-11 16:00:53.671,18266,18267,18267,9,9
2022-01-11 16:00:53.672,18266,18267,18267,1,1
2022-01-11 16:00:54.017,18266,18267,18267,2,2
2022-01-11 16:00:54.028,18266,18267,18267,1,1
2022-01-11 16:00:54.068,18266,18267,18267,2,2
2022-01-11 16:00:54.068,18266,18267,18267,1,1
2022-01-11 16:00:54.069,18266,18267,18268,3,3
2022-01-11 16:00:54.148,18267,18268,18268,1,1
2022-01-11 16:00:56.334,18267,18268,18267,1,-1
2022-01-11 16:00:58.024,18266,18267,18267,1,1
2022-01-11 16:01:00.278,18266,18267,18267,3,3
2022-01-11 16:01:00.302,18266,18267,18267,1,1
2022-01-11 16:01:00.302,18266,18267,18268,2,2
2022-01-11 16:01:01.792,18266,18267,18267,1,1
2022-01-11 16:01:01.792,18266,18267,18268,2,2
2022-01-11 16:01:01.870,18266,18268,18268,1,1
2022-01-11 16:01:01.870,18266,18268,18268,1,1
2022-01-11 16:01:01.871,18266,18268,18268,1,1
2022-01-11 16:01:01.871,18266,18268,18268,1,1
2022-01-11 16:01:02.346,18267,18268,18267,1,-1
2022-01-11 16:01:06.835,18266,18267,18267,1,1
2022-01-11 16:01:07.962,18266,18267,18267,1,1
2022-01-11 16:01:07.995,18266,18267,18267,1,1
2022-01-11 16:01:07.996,18266,18267,18268,2,2
2022-01-11 16:01:07.996,18266,18267,18268,2,2
2022-01-11 16:01:07.996,18266,18267,18268,1,1
2022-01-11 16:01:07.999,18266,18267,18268,1,1
2022-01-11 16:01:10.344,18266,18268,18267,2,2
2022-01-11 16:01:12.436,18267,18268,18267,1,-1
2022-01-11 16:01:13.031,18267,18268,18267,1,-1
2022-01-11 16:01:13.983,18267,18268,18268,3,3
2022-01-11 16:01:13.983,18267,18268,18268,1,1
2022-01-11 16:01:13.984,18267,18268,18268,4,4
2022-01-11 16:01:13.984,18267,18268,18268,2,2
2022-01-11 16:01:13.984,18267,18268,18268,3,3
2022-01-11 16:01:13.984,18267,18268,18268,1,1
2022-01-11 16:01:13.984,18267,18268,18268,1,1
2022-01-11 16:01:13.984,18267,18268,18268,1,1
2022-01-11 16:01:13.984,18267,18268,18268,1,1
2022-01-11 16:01:14.128,18268,18269,18268,1,-1
2022-01-11 16:01:14.258,18268,18269,18268,4,-4
2022-01-11 16:01:14.260,18268,18269,18268,1,-1
2022-01-11 16:01:20.023,18267,18268,18267,1,-1
2022-01-11 16:01:20.024,18267,18268,18267,2,-2
2022-01-11 16:01:20.024,18267,18268,18267,1,-1
2022-01-11 16:01:20.024,18267,18268,18267,1,-1
2022-01-11 16:01:20.024,18267,18268,18267,1,-1
2022-01-11 16:01:20.024,18267,18268,18267,7,-7
2022-01-11 16:01:21.877,18266,18268,18266,1,-1
2022-01-11 16:01:21.995,18266,18268,18268,1,1
2022-01-11 16:01:21.995,18266,18268,18268,1,1
2022-01-11 16:01:22.629,18267,18268,18268,1,1
2022-01-11 16:01:23.459,18267,18268,18267,1,-1
2022-01-11 16:01:25.606,18267,18268,18267,1,-1
2022-01-11 16:01:26.439,18267,18268,18268,1,1
2022-01-11 16:01:26.443,18267,18268,18268,1,1
2022-01-11 16:01:26.443,18267,18268,18269,2,2
2022-01-11 16:01:26.558,18268,18269,18269,1,1
2022-01-11 16:01:30.111,18267,18269,18269,1,1
2022-01-11 16:01:30.120,18267,18269,18269,1,1
2022-01-11 16:01:33.681,18267,18269,18268,1,1
2022-01-11 16:01:33.682,18267,18269,18268,1,1
2022-01-11 16:01:33.947,18267,18268,18268,1,1
2022-01-11 16:01:35.004,18267,18268,18268,2,2
2022-01-11 16:01:35.237,18267,18268,18267,1,-1
2022-01-11 16:01:35.316,18267,18268,18269,1,1
2022-01-11 16:01:36.869,18267,18269,18269,1,1
2022-01-11 16:01:37.484,18267,18268,18268,1,1
2022-01-11 16:01:37.484,18267,18268,18269,2,2
2022-01-11 16:01:37.496,18268,18269,18269,1,1
2022-01-11 16:01:37.497,18268,18269,18269,1,1
2022-01-11 16:01:37.498,18268,18269,18269,1,1
2022-01-11 16:01:37.849,18268,18269,18268,1,-1
2022-01-11 16:01:37.849,18268,18269,18268,1,-1
2022-01-11 16:01:43.820,18267,18268,18267,3,-3
2022-01-11 16:01:43.820,18267,18268,18267,2,-2
2022-01-11 16:01:43.903,18267,18268,18268,1,1
2022-01-11 16:01:44.056,18267,18268,18267,1,-1
2022-01-11 16:01:44.056,18267,18268,18267,4,-4
2022-01-11 16:01:44.056,18267,18268,18267,1,-1
2022-01-11 16:01:44.056,18267,18268,18267,1,-1
2022-01-11 16:01:44.057,18267,18268,18267,2,-2
2022-01-11 16:01:48.526,18267,18268,18268,1,1
2022-01-11 16:01:48.526,18267,18268,18268,1,1
2022-01-11 16:01:48.527,18267,18268,18269,9,9
2022-01-11 16:01:51.224,18267,18268,18268,1,1
2022-01-11 16:01:51.650,18267,18268,18268,5,5
2022-01-11 16:01:54.282,18267,18268,18268,2,2
2022-01-11 16:01:55.473,18268,18269,18268,3,-3
2022-01-11 16:01:55.474,18268,18269,18268,1,-1
2022-01-11 16:01:55.495,18267,18268,18268,1,1
2022-01-11 16:01:56.146,18268,18269,18269,1,1
2022-01-11 16:01:57.132,18268,18269,18269,1,1
2022-01-11 16:01:58.486,18268,18269,18268,1,-1
2022-01-11 16:01:58.486,18268,18269,18268,1,-1
2022-01-11 16:01:58.550,18267,18268,18268,1,1
2022-01-11 16:02:00.523,18267,18269,18269,1,1
2022-01-11 16:02:00.551,18267,18269,18269,1,1
2022-01-11 16:02:02.839,18267,18268,18268,1,1
2022-01-11 16:02:09.046,18268,18269,18268,1,-1
2022-01-11 16:02:17.213,18268,18269,18268,4,-4
2022-01-11 16:02:20.707,18267,18268,18268,2,2
2022-01-11 16:02:21.505,18268,18269,18269,3,3
2022-01-11 16:02:21.626,18268,18269,18269,1,1
2022-01-11 16:02:21.626,18268,18269,18269,1,1
2022-01-11 16:02:21.627,18268,18269,18269,1,1
2022-01-11 16:02:30.479,18269,18270,18270,1,1
2022-01-11 16:02:30.540,18269,18270,18270,4,4
2022-01-11 16:02:31.601,18269,18270,18270,5,5
2022-01-11 16:02:32.984,18269,18270,18270,2,2
2022-01-11 16:02:33.055,18269,18270,18270,3,3
2022-01-11 16:02:33.055,18269,18270,18270,1,1
2022-01-11 16:02:33.118,18270,18271,18270,1,-1
2022-01-11 16:02:33.768,18270,18271,18270,1,-1
2022-01-11 16:02:35.454,18270,18271,18270,1,-1
2022-01-11 16:02:37.353,18270,18271,18271,5,5
2022-01-11 16:02:38.469,18270,18271,18271,1,1
2022-01-11 16:02:39.501,18271,18272,18271,1,-1
2022-01-11 16:02:40.323,18271,18272,18272,2,2
2022-01-11 16:02:40.503,18271,18272,18272,2,2
2022-01-11 16:02:42.202,18271,18272,18272,1,1
2022-01-11 16:02:43.076,18271,18272,18272,1,1
2022-01-11 16:02:44.500,18271,18272,18272,2,2
2022-01-11 16:02:47.681,18271,18272,18272,1,1
2022-01-11 16:02:48.728,18271,18272,18272,1,1
2022-01-11 16:02:48.931,18271,18272,18272,2,2
2022-01-11 16:02:48.937,18271,18272,18271,2,-2
2022-01-11 16:02:49.304,18270,18272,18270,6,-6
2022-01-11 16:02:49.595,18270,18271,18271,2,2
2022-01-11 16:02:52.395,18270,18271,18270,3,-3
2022-01-11 16:02:57.076,18270,18271,18270,1,-1
2022-01-11 16:03:00.369,18269,18271,18271,1,1
2022-01-11 16:03:00.394,18269,18271,18271,1,1
2022-01-11 16:03:00.574,18270,18272,18270,1,-1
2022-01-11 16:03:02.650,18270,18272,18272,1,1
2022-01-11 16:03:04.797,18271,18272,18272,3,3
2022-01-11 16:03:04.798,18271,18272,18272,1,1
2022-01-11 16:03:06.180,18271,18273,18271,1,-1
2022-01-11 16:03:07.911,18271,18273,18271,1,-1
2022-01-11 16:03:11.498,18272,18273,18272,5,-5
2022-01-11 16:03:11.498,18272,18273,18271,7,-7
2022-01-11 16:03:11.674,18270,18271,18271,1,1
2022-01-11 16:03:11.696,18270,18271,18271,3,3
2022-01-11 16:03:13.016,18269,18271,18271,1,1
2022-01-11 16:03:14.232,18270,18271,18271,1,1
2022-01-11 16:03:15.440,18269,18271,18271,1,1
2022-01-11 16:03:18.365,18269,18271,18271,1,1
2022-01-11 16:03:19.896,18269,18271,18269,3,-3
2022-01-11 16:03:22.447,18269,18270,18270,1,1
2022-01-11 16:03:26.963,18269,18270,18270,5,5
2022-01-11 16:03:28.405,18269,18270,18269,1,-1
2022-01-11 16:03:34.448,18268,18269,18268,2,-2
2022-01-11 16:03:38.103,18268,18269,18269,4,4
2022-01-11 16:03:38.103,18268,18269,18270,6,6
2022-01-11 16:03:39.370,18268,18270,18270,2,2
2022-01-11 16:03:39.370,18268,18270,18271,8,8
2022-01-11 16:03:43.930,18269,18271,18271,4,4
2022-01-11 16:03:53.204,18269,18270,18270,1,1
2022-01-11 16:03:54.003,18269,18270,18270,1,1
2022-01-11 16:03:58.113,18269,18270,18269,1,-1
2022-01-11 16:04:00.523,18269,18270,18269,1,-1
2022-01-11 16:04:01.422,18269,18270,18270,1,1
2022-01-11 16:04:08.860,18268,18269,18268,2,-2
2022-01-11 16:04:08.949,18267,18268,18268,3,3
2022-01-11 16:04:11.379,18267,18268,18267,4,-4
2022-01-11 16:04:11.380,18267,18268,18267,2,-2
2022-01-11 16:04:12.015,18266,18268,18267,1,1
2022-01-11 16:04:24.487,18267,18268,18267,1,-1
2022-01-11 16:04:26.585,18267,18268,18267,1,-1
2022-01-11 16:04:28.774,18267,18268,18268,3,3
2022-01-11 16:04:28.774,18267,18268,18269,1,1
2022-01-11 16:04:33.665,18268,18269,18269,1,1
2022-01-11 16:04:40.398,18269,18270,18269,2,-2
2022-01-11 16:04:55.081,18269,18270,18269,1,-1
2022-01-11 16:04:55.101,18269,18270,18269,1,-1
2022-01-11 16:04:55.266,18269,18270,18270,2,2
2022-01-11 16:04:55.266,18269,18270,18270,1,1
2022-01-11 16:04:56.217,18270,18271,18270,2,-2
2022-01-11 16:04:59.711,18270,18271,18271,2,2
2022-01-11 16:05:01.001,18270,18271,18271,1,1
2022-01-11 16:05:03.896,18270,18271,18270,1,-1
2022-01-11 16:05:04.602,18270,18271,18271,2,2
2022-01-11 16:05:04.617,18270,18271,18271,1,1
2022-01-11 16:05:04.871,18270,18271,18271,1,1
2022-01-11 16:05:11.804,18270,18271,18271,3,3
2022-01-11 16:05:14.765,18270,18271,18270,2,-2
2022-01-11 16:05:15.034,18270,18271,18271,1,1
2022-01-11 16:05:17.825,18270,18271,18271,3,3
2022-01-11 16:05:17.826,18270,18271,18271,2,2
2022-01-11 16:05:17.826,18270,18271,18271,3,3
2022-01-11 16:05:17.826,18270,18271,18271,3,3
2022-01-11 16:05:18.075,18271,18272,18272,3,3
2022-01-11 16:05:18.197,18271,18272,18272,3,3
2022-01-11 16:05:19.164,18271,18272,18272,1,1
2022-01-11 16:05:19.825,18271,18272,18272,1,1
2022-01-11 16:05:20.226,18271,18272,18272,1,1
2022-01-11 16:05:24.512,18272,18273,18273,1,1
2022-01-11 16:05:24.513,18272,18273,18273,3,3
2022-01-11 16:05:24.513,18272,18273,18273,6,6
2022-01-11 16:05:24.513,18272,18273,18273,1,1
2022-01-11 16:05:24.594,18272,18273,18274,3,3
2022-01-11 16:05:24.677,18273,18274,18274,1,1
2022-01-11 16:05:25.488,18272,18274,18272,1,-1
2022-01-11 16:05:26.324,18273,18274,18273,1,-1
2022-01-11 16:05:27.119,18272,18273,18273,2,2
2022-01-11 16:05:27.618,18272,18273,18273,2,2
2022-01-11 16:05:29.517,18272,18274,18274,10,10
2022-01-11 16:05:30.782,18273,18274,18274,1,1
2022-01-11 16:05:30.782,18273,18274,18274,2,2
2022-01-11 16:05:30.973,18273,18274,18274,2,2
2022-01-11 16:05:30.973,18273,18274,18274,1,1
2022-01-11 16:05:34.585,18274,18275,18275,1,1
2022-01-11 16:05:34.593,18274,18275,18274,1,-1
2022-01-11 16:05:37.403,18273,18274,18274,2,2
2022-01-11 16:05:38.200,18274,18275,18274,1,-1
2022-01-11 16:05:41.527,18274,18275,18275,1,1
2022-01-11 16:05:41.552,18274,18275,18275,1,1
2022-01-11 16:05:43.508,18274,18275,18274,2,-2
2022-01-11 16:05:46.606,18273,18275,18275,1,1
2022-01-11 16:05:46.700,18273,18275,18275,1,1
2022-01-11 16:05:48.943,18274,18275,18274,1,-1
2022-01-11 16:05:48.943,18274,18275,18273,9,-9
2022-01-11 16:05:48.943,18274,18275,18273,1,-1
2022-01-11 16:05:48.943,18274,18275,18273,6,-6
2022-01-11 16:05:48.944,18274,18275,18273,1,-1
2022-01-11 16:05:48.944,18274,18275,18273,1,-1
2022-01-11 16:05:48.944,18274,18275,18273,1,-1
2022-01-11 16:05:48.944,18274,18275,18273,2,-2
2022-01-11 16:05:48.944,18274,18275,18273,1,-1
2022-01-11 16:05:48.944,18274,18275,18273,1,-1
2022-01-11 16:05:48.944,18274,18275,18273,1,-1
2022-01-11 16:05:49.005,18272,18273,18272,3,-3
2022-01-11 16:05:49.007,18272,18273,18273,1,1
2022-01-11 16:05:49.257,18272,18273,18273,3,3
2022-01-11 16:05:50.027,18272,18273,18273,1,1
2022-01-11 16:05:50.189,18273,18274,18273,2,-2
2022-01-11 16:05:51.121,18273,18275,18273,1,-1
2022-01-11 16:05:51.252,18273,18274,18274,1,1
2022-01-11 16:05:56.351,18273,18274,18274,1,1
2022-01-11 16:05:56.351,18273,18274,18275,3,3
2022-01-11 16:05:57.710,18274,18275,18274,1,-1
2022-01-11 16:05:57.849,18273,18275,18275,1,1
2022-01-11 16:05:58.316,18273,18274,18273,1,-1
2022-01-11 16:06:00.463,18273,18274,18274,2,2
2022-01-11 16:06:00.478,18273,18274,18274,2,2
2022-01-11 16:06:00.496,18273,18274,18274,1,1
2022-01-11 16:06:00.496,18273,18274,18274,1,1
2022-01-11 16:06:00.497,18273,18274,18275,2,2
2022-01-11 16:06:00.497,18273,18274,18275,3,3
2022-01-11 16:06:00.541,18273,18274,18273,1,-1
2022-01-11 16:06:02.470,18274,18275,18275,1,1
2022-01-11 16:06:02.496,18274,18275,18275,1,1
2022-01-11 16:06:04.789,18274,18275,18275,5,5
2022-01-11 16:06:04.807,18274,18275,18275,1,1
2022-01-11 16:06:04.807,18274,18275,18276,6,6
2022-01-11 16:06:04.808,18274,18275,18276,1,1
2022-01-11 16:06:04.808,18274,18275,18276,2,2
2022-01-11 16:06:05.471,18274,18276,18276,1,1
2022-01-11 16:06:08.822,18273,18275,18275,1,1
2022-01-11 16:06:09.464,18273,18275,18275,2,2
2022-01-11 16:06:12.089,18274,18275,18275,1,1
2022-01-11 16:06:13.064,18274,18275,18275,4,4
2022-01-11 16:06:13.064,18274,18275,18276,1,1
2022-01-11 16:06:15.370,18274,18275,18275,1,1
2022-01-11 16:06:18.081,18274,18275,18275,1,1
2022-01-11 16:06:18.288,18274,18275,18275,1,1
2022-01-11 16:06:18.330,18274,18275,18274,1,-1
2022-01-11 16:06:18.331,18274,18275,18274,2,-2
2022-01-11 16:06:19.646,18273,18274,18274,1,1
2022-01-11 16:06:19.745,18273,18274,18274,1,1
2022-01-11 16:06:19.746,18273,18274,18275,1,1
2022-01-11 16:06:19.748,18273,18274,18275,1,1
2022-01-11 16:06:21.076,18273,18274,18273,7,-7
2022-01-11 16:06:21.977,18272,18274,18272,1,-1
2022-01-11 16:06:22.103,18272,18274,18274,1,1
2022-01-11 16:06:23.864,18273,18275,18275,1,1
2022-01-11 16:06:24.752,18273,18274,18274,2,2
2022-01-11 16:06:28.973,18273,18274,18273,4,-4
2022-01-11 16:06:29.730,18272,18273,18272,7,-7
2022-01-11 16:06:29.745,18271,18272,18272,1,1
2022-01-11 16:06:29.746,18271,18272,18273,1,1
2022-01-11 16:06:29.746,18271,18272,18273,1,1
2022-01-11 16:06:42.252,18271,18272,18271,1,-1
2022-01-11 16:06:43.980,18270,18271,18270,1,-1
2022-01-11 16:06:43.995,18270,18271,18271,1,1
2022-01-11 16:06:43.995,18270,18271,18271,1,1
2022-01-11 16:06:43.995,18270,18271,18271,1,1
2022-01-11 16:06:43.996,18270,18271,18271,1,1
2022-01-11 16:06:43.996,18270,18271,18271,1,1
2022-01-11 16:06:44.131,18270,18271,18271,2,2
2022-01-11 16:06:46.667,18271,18272,18272,1,1
2022-01-11 16:06:46.815,18271,18273,18271,1,-1
2022-01-11 16:06:54.323,18270,18271,18271,1,1
2022-01-11 16:07:06.154,18270,18271,18270,18,-18
