2019-06-24,15:00:00.017000,10621,10623,10622,36
2019-06-24,15:00:00.038000,10621,10622,10621,2
2019-06-24,15:00:00.167000,10620,10622,10622,1
2019-06-24,15:00:00.199000,10620,10621,10620,1
2019-06-24,15:00:00.205000,10620,10621,10620,1
2019-06-24,15:00:00.304000,10620,10621,10620,1
2019-06-24,15:00:00.321000,10620,10621,10621,2
2019-06-24,15:00:00.332000,10620,10621,10620,1
2019-06-24,15:00:00.359000,10620,10621,10620,1
2019-06-24,15:00:00.400000,10620,10621,10620,1
2019-06-24,15:00:00.446000,10620,10621,10621,2
2019-06-24,15:00:00.492000,10620,10621,10620,5
2019-06-24,15:00:00.667000,10619,10620,10620,2
2019-06-24,15:00:00.845000,10619,10620,10620,1
2019-06-24,15:00:00.964000,10619,10620,10619,10
2019-06-24,15:00:01.158000,10618,10620,10621,1
2019-06-24,15:00:01.228000,10619,10621,10620,4
2019-06-24,15:00:01.580000,10620,10621,10620,1
2019-06-24,15:00:02.392000,10620,10621,10620,1
2019-06-24,15:00:03.209000,10620,10621,10620,3
2019-06-24,15:00:03.742000,10619,10620,10619,2
2019-06-24,15:00:04.556000,10619,10620,10619,1
2019-06-24,15:00:05.046000,10619,10620,10620,1
2019-06-24,15:00:07.299000,10618,10620,10620,2
2019-06-24,15:00:08.568000,10619,10620,10619,1
2019-06-24,15:00:21.998000,10619,10620,10619,1
2019-06-24,15:00:25.510000,10619,10620,10620,2
2019-06-24,15:00:26.971000,10619,10620,10620,1
2019-06-24,15:00:28.072000,10619,10620,10620,4
2019-06-24,15:00:29.479000,10619,10620,10619,1
2019-06-24,15:00:30.695000,10619,10620,10619,2
2019-06-24,15:00:32.351000,10619,10620,10620,3
2019-06-24,15:00:35.400000,10619,10620,10620,2
2019-06-24,15:00:40.382000,10619,10620,10620,4
2019-06-24,15:00:40.406000,10619,10620,10620,2
2019-06-24,15:00:41.950000,10619,10620,10620,1
2019-06-24,15:00:42.760000,10619,10620,10620,2
2019-06-24,15:00:50.138000,10619,10620,10619,1
2019-06-24,15:00:50.422000,10619,10620,10619,1
2019-06-24,15:00:51.401000,10619,10620,10620,1
2019-06-24,15:00:52.068000,10619,10620,10619,14
2019-06-24,15:00:59.129000,10618,10619,10619,2
2019-06-24,15:01:00.034000,10618,10619,10619,3
2019-06-24,15:01:00.154000,10618,10620,10620,1
2019-06-24,15:01:02.330000,10619,10620,10619,1
2019-06-24,15:01:04.269000,10619,10620,10619,1
2019-06-24,15:01:13.662000,10619,10620,10620,1
2019-06-24,15:01:15.820000,10619,10620,10619,1
2019-06-24,15:01:16.208000,10619,10620,10619,1
2019-06-24,15:01:17.520000,10619,10620,10620,4
2019-06-24,15:01:18.215000,10619,10620,10620,4
2019-06-24,15:01:19.146000,10619,10620,10620,1
2019-06-24,15:01:22.196000,10619,10620,10620,4
2019-06-24,15:01:23.671000,10619,10620,10620,2
2019-06-24,15:01:23.721000,10619,10620,10620,7
2019-06-24,15:01:24.411000,10619,10620,10620,1
2019-06-24,15:01:25.339000,10619,10620,10620,1
2019-06-24,15:01:26.918000,10619,10620,10620,4
2019-06-24,15:01:27.065000,10619,10620,10620,3
2019-06-24,15:01:29.617000,10619,10620,10620,1
2019-06-24,15:01:29.772000,10619,10620,10620,1
2019-06-24,15:01:30.275000,10620,10621,10620,4
2019-06-24,15:01:30.276000,10620,10621,10620,1
2019-06-24,15:01:39.714000,10619,10620,10620,1
2019-06-24,15:01:41.797000,10619,10620,10620,4
2019-06-24,15:01:44.452000,10619,10620,10620,1
2019-06-24,15:01:46.421000,10619,10620,10620,2
2019-06-24,15:01:47.802000,10620,10621,10620,1
2019-06-24,15:01:54.917000,10620,10621,10620,2
2019-06-24,15:01:56.106000,10620,10621,10620,1
2019-06-24,15:01:59.411000,10620,10621,10621,3
2019-06-24,15:02:06.490000,10620,10621,10621,5
2019-06-24,15:02:06.568000,10620,10621,10621,2
2019-06-24,15:02:06.596000,10620,10621,10621,13
2019-06-24,15:02:13.213000,10621,10622,10622,1
2019-06-24,15:02:13.215000,10621,10622,10622,3
2019-06-24,15:02:13.223000,10621,10622,10622,2
2019-06-24,15:02:13.229000,10621,10622,10622,2
2019-06-24,15:02:13.637000,10622,10623,10622,10
2019-06-24,15:02:15.568000,10622,10623,10623,5
2019-06-24,15:02:15.960000,10622,10623,10623,1
2019-06-24,15:02:23.709000,10622,10623,10623,3
2019-06-24,15:02:24.882000,10622,10623,10623,1
2019-06-24,15:02:29.156000,10622,10623,10623,1
2019-06-24,15:02:34.772000,10622,10623,10623,2
2019-06-24,15:02:41.482000,10622,10623,10623,3
2019-06-24,15:02:41.569000,10622,10623,10623,2
2019-06-24,15:02:41.598000,10622,10623,10623,16
2019-06-24,15:02:42.690000,10623,10624,10623,1
2019-06-24,15:02:47.042000,10623,10624,10624,1
2019-06-24,15:02:48.458000,10623,10624,10624,1
2019-06-24,15:02:48.695000,10623,10624,10624,1
2019-06-24,15:02:49.227000,10623,10624,10624,1
2019-06-24,15:02:49.242000,10623,10624,10624,1
2019-06-24,15:02:49.252000,10623,10624,10625,3
2019-06-24,15:02:49.259000,10623,10624,10625,1
2019-06-24,15:02:49.345000,10624,10625,10625,1
2019-06-24,15:02:49.672000,10623,10625,10625,1
2019-06-24,15:02:53.548000,10624,10625,10624,2
2019-06-24,15:02:53.978000,10624,10625,10624,7
2019-06-24,15:02:55.374000,10624,10625,10624,1
2019-06-24,15:02:55.419000,10624,10625,10625,8
2019-06-24,15:02:55.545000,10624,10625,10625,1
2019-06-24,15:02:56.707000,10624,10625,10625,1
2019-06-24,15:02:57.002000,10624,10625,10625,5
2019-06-24,15:02:58.953000,10625,10626,10625,1
2019-06-24,15:03:01.317000,10625,10626,10625,5
2019-06-24,15:03:01.768000,10625,10626,10626,5
2019-06-24,15:03:02.328000,10625,10626,10626,4
2019-06-24,15:03:02.429000,10625,10626,10626,10
2019-06-24,15:03:02.473000,10625,10626,10627,1
2019-06-24,15:03:02.473000,10625,10626,10627,1
2019-06-24,15:03:02.563000,10625,10626,10627,1
2019-06-24,15:03:02.563000,10625,10626,10627,1
2019-06-24,15:03:02.613000,10625,10627,10627,2
2019-06-24,15:03:02.623000,10625,10627,10627,1
2019-06-24,15:03:02.623000,10625,10627,10627,3
2019-06-24,15:03:02.653000,10625,10627,10627,1
2019-06-24,15:03:02.714000,10626,10627,10627,1
2019-06-24,15:03:02.722000,10626,10627,10627,1
2019-06-24,15:03:03.609000,10626,10627,10627,1
2019-06-24,15:03:03.609000,10626,10627,10628,1
2019-06-24,15:03:04.601000,10626,10627,10627,1
2019-06-24,15:03:05.810000,10626,10627,10626,1
2019-06-24,15:03:09.045000,10626,10627,10627,1
2019-06-24,15:03:10.037000,10626,10627,10627,2
2019-06-24,15:03:10.685000,10626,10627,10626,1
2019-06-24,15:03:13.495000,10626,10627,10626,1
2019-06-24,15:03:14.237000,10626,10627,10626,7
2019-06-24,15:03:14.468000,10626,10627,10627,1
2019-06-24,15:03:17.065000,10626,10627,10627,2
2019-06-24,15:03:18.556000,10626,10627,10626,1
2019-06-24,15:03:18.702000,10626,10627,10626,2
2019-06-24,15:03:18.724000,10626,10627,10627,2
2019-06-24,15:03:22.125000,10626,10627,10627,2
2019-06-24,15:03:22.390000,10626,10627,10626,1
2019-06-24,15:03:22.924000,10626,10627,10627,1
2019-06-24,15:03:23.319000,10626,10627,10627,1
2019-06-24,15:03:23.320000,10626,10627,10627,3
2019-06-24,15:03:23.321000,10626,10627,10627,1
2019-06-24,15:03:23.321000,10626,10627,10627,2
2019-06-24,15:03:23.322000,10626,10627,10627,1
2019-06-24,15:03:23.322000,10626,10627,10627,1
2019-06-24,15:03:23.323000,10626,10627,10627,2
2019-06-24,15:03:23.931000,10626,10627,10626,2
2019-06-24,15:03:24.247000,10626,10627,10627,1
2019-06-24,15:03:24.891000,10626,10627,10627,1
2019-06-24,15:03:30.008000,10626,10627,10627,1
2019-06-24,15:03:30.040000,10626,10627,10626,1
2019-06-24,15:03:30.600000,10626,10627,10626,1
2019-06-24,15:03:30.821000,10626,10627,10627,1
2019-06-24,15:03:32.372000,10626,10627,10627,3
2019-06-24,15:03:35.640000,10626,10627,10627,1
2019-06-24,15:03:40.357000,10626,10627,10627,1
2019-06-24,15:03:41.539000,10626,10627,10627,1
2019-06-24,15:03:42.773000,10626,10627,10626,2
2019-06-24,15:03:46.180000,10626,10627,10627,1
2019-06-24,15:03:48.922000,10626,10627,10626,1
2019-06-24,15:03:49.363000,10626,10627,10626,1
2019-06-24,15:03:50.595000,10626,10627,10626,1
2019-06-24,15:03:51.193000,10626,10627,10626,2
2019-06-24,15:03:51.222000,10626,10627,10626,5
2019-06-24,15:03:54.353000,10625,10626,10626,1
2019-06-24,15:03:55.649000,10625,10626,10625,4
2019-06-24,15:03:57.875000,10625,10626,10625,1
2019-06-24,15:04:10.393000,10625,10626,10625,1
2019-06-24,15:04:12.520000,10625,10626,10626,1
2019-06-24,15:04:12.767000,10625,10626,10626,1
2019-06-24,15:04:22.746000,10625,10626,10625,2
2019-06-24,15:04:28.302000,10625,10626,10625,1
2019-06-24,15:04:36.735000,10625,10626,10626,1
2019-06-24,15:04:53.879000,10625,10626,10626,1
2019-06-24,15:04:55.579000,10625,10626,10626,1
2019-06-24,15:05:00.003000,10625,10626,10626,1
2019-06-24,15:05:00.327000,10625,10626,10626,1
2019-06-24,15:05:00.701000,10625,10626,10626,1
2019-06-24,15:05:01.604000,10625,10626,10626,13
2019-06-24,15:05:02.459000,10626,10627,10627,1
2019-06-24,15:05:02.830000,10626,10627,10626,1
2019-06-24,15:05:08.387000,10626,10627,10626,2
2019-06-24,15:05:12.112000,10626,10627,10627,15
2019-06-24,15:05:12.193000,10626,10627,10627,6
2019-06-24,15:05:15.505000,10627,10628,10627,1
2019-06-24,15:05:19.238000,10627,10628,10627,1
2019-06-24,15:05:31.940000,10627,10628,10627,10
2019-06-24,15:05:32.033000,10627,10628,10628,4
2019-06-24,15:05:32.442000,10627,10628,10627,1
2019-06-24,15:05:33.984000,10627,10628,10627,3
2019-06-24,15:05:35.256000,10626,10627,10626,1
2019-06-24,15:05:36.663000,10626,10627,10627,1
2019-06-24,15:05:36.855000,10626,10627,10627,1
2019-06-24,15:05:41.451000,10626,10627,10627,1
2019-06-24,15:05:47.249000,10626,10627,10626,1
2019-06-24,15:05:49.809000,10626,10627,10627,1
2019-06-24,15:05:49.867000,10626,10627,10627,1
2019-06-24,15:05:54.836000,10626,10627,10627,1
2019-06-24,15:05:57.722000,10626,10627,10627,1
2019-06-24,15:05:58.035000,10626,10627,10626,1
2019-06-24,15:06:01.313000,10626,10627,10627,2
2019-06-24,15:06:07.629000,10626,10627,10626,2
2019-06-24,15:06:08.082000,10626,10627,10627,1
2019-06-24,15:06:08.087000,10626,10627,10627,1
2019-06-24,15:06:08.133000,10626,10627,10627,2
2019-06-24,15:06:08.135000,10626,10627,10627,1
2019-06-24,15:06:09.765000,10626,10627,10627,1
2019-06-24,15:06:11.740000,10626,10627,10626,2
2019-06-24,15:06:13.570000,10626,10627,10627,1
2019-06-24,15:06:15.719000,10626,10627,10627,1
2019-06-24,15:06:17.151000,10626,10627,10627,1
2019-06-24,15:06:17.642000,10626,10627,10627,8
2019-06-24,15:06:23.494000,10627,10628,10627,5
2019-06-24,15:06:24.020000,10627,10628,10627,5
2019-06-24,15:06:24.366000,10627,10628,10627,1
2019-06-24,15:06:25.060000,10627,10628,10627,1
2019-06-24,15:06:25.775000,10627,10628,10628,1
2019-06-24,15:06:27.546000,10627,10628,10627,1
2019-06-24,15:06:29.867000,10627,10628,10628,1
2019-06-24,15:06:31.526000,10627,10628,10627,1
2019-06-24,15:06:31.549000,10627,10628,10627,1
2019-06-24,15:06:31.931000,10626,10628,10627,1
2019-06-24,15:06:33.752000,10627,10628,10627,2
2019-06-24,15:06:37.403000,10627,10628,10627,1
2019-06-24,15:06:39.519000,10627,10628,10628,1
2019-06-24,15:06:39.599000,10627,10628,10628,22
2019-06-24,15:06:42.692000,10628,10629,10628,2
2019-06-24,15:06:46.887000,10627,10628,10627,6
2019-06-24,15:06:47.676000,10627,10628,10628,1
2019-06-24,15:06:48.184000,10627,10628,10628,1
2019-06-24,15:06:48.511000,10627,10628,10627,4
2019-06-24,15:06:51.327000,10627,10628,10627,7
2019-06-24,15:06:51.443000,10627,10628,10627,5
2019-06-24,15:06:53.987000,10627,10628,10627,3
2019-06-24,15:06:54.603000,10626,10627,10627,1
2019-06-24,15:07:11.742000,10626,10627,10626,1
2019-06-24,15:07:12.841000,10626,10627,10627,1
2019-06-24,15:07:19.547000,10626,10627,10627,1
2019-06-24,15:07:39.639000,10626,10627,10627,1
2019-06-24,15:07:44.804000,10626,10627,10627,1
2019-06-24,15:07:53.433000,10626,10627,10626,1
2019-06-24,15:07:53.567000,10626,10627,10626,1
2019-06-24,15:08:08.968000,10626,10627,10626,1
2019-06-24,15:08:11.091000,10626,10627,10626,1
2019-06-24,15:08:11.415000,10626,10627,10626,4
2019-06-24,15:08:11.443000,10626,10627,10626,3
2019-06-24,15:08:11.568000,10626,10627,10626,5
2019-06-24,15:08:11.568000,10626,10627,10626,2
2019-06-24,15:08:11.568000,10626,10627,10626,1
2019-06-24,15:08:11.568000,10626,10627,10626,1
2019-06-24,15:08:11.568000,10626,10627,10626,2
2019-06-24,15:08:28.323000,10625,10626,10625,1
2019-06-24,15:08:33.798000,10625,10626,10625,1
2019-06-24,15:08:34.818000,10625,10626,10626,1
2019-06-24,15:08:34.943000,10625,10626,10626,1
2019-06-24,15:08:35.188000,10625,10626,10626,1
2019-06-24,15:08:53.094000,10625,10626,10626,2
2019-06-24,15:08:53.193000,10625,10626,10626,3
2019-06-24,15:08:53.193000,10625,10626,10626,3
2019-06-24,15:08:53.193000,10625,10626,10626,1
2019-06-24,15:09:08.460000,10626,10627,10626,1
2019-06-24,15:09:10.940000,10626,10627,10627,1
2019-06-24,15:09:28.688000,10626,10627,10626,4
2019-06-24,15:09:31.218000,10626,10627,10626,1
2019-06-24,15:09:46.123000,10626,10627,10626,1
2019-06-24,15:09:47.040000,10626,10627,10626,1
2019-06-24,15:09:47.833000,10626,10627,10626,1
2019-06-24,15:09:48.487000,10626,10627,10626,2
2019-06-24,15:09:51.816000,10625,10626,10626,3
2019-06-24,15:10:04.318000,10625,10626,10626,3
2019-06-24,15:10:12.560000,10626,10627,10626,3
2019-06-24,15:10:19.072000,10626,10627,10626,1
2019-06-24,15:10:24.702000,10626,10627,10626,1
2019-06-24,15:10:26.430000,10626,10627,10626,3
2019-06-24,15:10:27.350000,10626,10627,10626,1
2019-06-24,15:10:27.802000,10625,10627,10627,4
2019-06-24,15:10:29.323000,10626,10627,10626,1
2019-06-24,15:10:51.123000,10626,10627,10626,1
2019-06-24,15:10:52.891000,10625,10626,10626,1
2019-06-24,15:11:12.821000,10625,10626,10625,5
2019-06-24,15:11:14.810000,10625,10626,10626,1
2019-06-24,15:11:18.929000,10625,10626,10625,1
2019-06-24,15:11:21.160000,10625,10626,10625,5
2019-06-24,15:11:24.146000,10625,10626,10625,2
2019-06-24,15:11:24.586000,10625,10626,10625,5
2019-06-24,15:11:25.387000,10625,10626,10625,1
2019-06-24,15:11:27.518000,10625,10626,10625,3
2019-06-24,15:11:32.328000,10625,10626,10625,1
2019-06-24,15:11:35.106000,10625,10626,10625,2
2019-06-24,15:11:50.326000,10624,10625,10624,4
2019-06-24,15:11:50.463000,10624,10625,10624,1
2019-06-24,15:11:59.033000,10624,10625,10624,5
2019-06-24,15:12:02.998000,10623,10624,10624,1
2019-06-24,15:12:06.553000,10623,10624,10623,1
2019-06-24,15:12:17.072000,10623,10624,10624,3
2019-06-24,15:12:18.181000,10623,10624,10624,1
2019-06-24,15:12:18.193000,10623,10624,10624,2
2019-06-24,15:12:19.917000,10623,10624,10624,3
2019-06-24,15:12:25.717000,10623,10624,10624,1
2019-06-24,15:12:25.717000,10623,10624,10625,2
2019-06-24,15:12:27.787000,10623,10624,10624,1
2019-06-24,15:12:41.929000,10624,10625,10624,2
2019-06-24,15:12:51.167000,10624,10625,10624,1
2019-06-24,15:13:35.539000,10623,10624,10623,1
2019-06-24,15:13:45.021000,10623,10624,10624,3
2019-06-24,15:13:56.735000,10623,10624,10623,10
2019-06-24,15:13:58.298000,10623,10624,10624,1
2019-06-24,15:14:02.342000,10623,10624,10624,1
2019-06-24,15:14:05.732000,10623,10624,10624,2
2019-06-24,15:14:09.582000,10623,10624,10624,5
2019-06-24,15:14:19.450000,10623,10624,10624,2
2019-06-24,15:14:20.554000,10623,10624,10624,2
2019-06-24,15:14:22.281000,10623,10624,10624,1
2019-06-24,15:14:40.125000,10623,10624,10624,1
2019-06-24,15:15:15.790000,10623,10624,10623,5
2019-06-24,15:15:42.055000,10623,10624,10623,7
2019-06-24,15:15:44.030000,10623,10624,10623,5
2019-06-24,15:15:44.486000,10623,10624,10623,2
2019-06-24,15:15:45.891000,10623,10624,10623,1
2019-06-24,15:15:47.531000,10623,10624,10623,1
2019-06-24,15:15:47.568000,10623,10624,10623,1
2019-06-24,15:15:51.049000,10623,10624,10623,1
2019-06-24,15:15:59.485000,10623,10624,10624,1
2019-06-24,15:16:03.602000,10623,10624,10624,17
2019-06-24,15:16:27.393000,10624,10625,10624,1
2019-06-24,15:16:29.067000,10624,10625,10624,5
2019-06-24,15:17:00.846000,10623,10624,10624,1
2019-06-24,15:17:02.646000,10623,10624,10624,5
2019-06-24,15:17:15.480000,10623,10624,10624,1
2019-06-24,15:17:20.019000,10623,10624,10624,5
2019-06-24,15:17:34.003000,10624,10625,10625,5
2019-06-24,15:17:34.010000,10624,10625,10625,10
2019-06-24,15:17:40.848000,10625,10626,10626,1
2019-06-24,15:17:54.527000,10625,10626,10626,15
2019-06-24,15:18:03.884000,10625,10626,10626,1
2019-06-24,15:18:11.098000,10625,10626,10626,1
2019-06-24,15:18:12.377000,10625,10626,10626,1
2019-06-24,15:18:15.095000,10625,10626,10626,1
2019-06-24,15:18:23.362000,10625,10626,10626,1
2019-06-24,15:18:32.269000,10625,10626,10626,2
2019-06-24,15:18:38.328000,10625,10626,10626,1
2019-06-24,15:18:41.862000,10625,10626,10626,5
2019-06-24,15:18:46.436000,10625,10626,10626,1
2019-06-24,15:19:02.626000,10625,10626,10626,1
2019-06-24,15:19:07.808000,10625,10626,10626,1
2019-06-24,15:19:27.109000,10625,10626,10625,3
2019-06-24,15:19:28.599000,10625,10626,10625,1
2019-06-24,15:19:34.553000,10625,10626,10625,1
2019-06-24,15:19:37.932000,10625,10626,10625,1
2019-06-24,15:19:37.943000,10625,10626,10625,1
2019-06-24,15:19:42.759000,10624,10625,10625,1
2019-06-24,15:19:43.191000,10624,10625,10625,1
2019-06-24,15:19:58.811000,10624,10625,10624,1
2019-06-24,15:20:50.814000,10624,10625,10624,1
2019-06-24,15:20:51.683000,10624,10625,10625,1
2019-06-24,15:21:11.988000,10624,10625,10624,1
2019-06-24,15:21:13.058000,10624,10625,10624,12
2019-06-24,15:21:16.193000,10623,10624,10623,3
2019-06-24,15:21:16.318000,10623,10624,10623,12
2019-06-24,15:21:19.715000,10622,10623,10622,1
2019-06-24,15:21:19.918000,10622,10623,10622,1
2019-06-24,15:21:34.480000,10622,10623,10622,1
2019-06-24,15:21:37.364000,10622,10623,10622,1
2019-06-24,15:21:51.033000,10622,10623,10623,4
2019-06-24,15:21:53.527000,10622,10623,10622,1
2019-06-24,15:21:57.644000,10622,10623,10622,4
2019-06-24,15:21:59.649000,10622,10623,10622,9
2019-06-24,15:22:04.091000,10622,10623,10622,1
2019-06-24,15:22:06.561000,10622,10623,10622,1
2019-06-24,15:22:09.694000,10622,10623,10622,1
2019-06-24,15:22:10.297000,10622,10623,10622,1
2019-06-24,15:22:11.289000,10622,10623,10623,1
2019-06-24,15:22:11.927000,10622,10623,10622,5
2019-06-24,15:22:29.644000,10622,10623,10622,5
2019-06-24,15:22:35.747000,10622,10623,10622,1
2019-06-24,15:22:42.336000,10622,10623,10622,5
2019-06-24,15:22:44.381000,10622,10623,10622,1
2019-06-24,15:22:48.650000,10622,10623,10622,1
2019-06-24,15:22:48.787000,10622,10623,10622,1
2019-06-24,15:22:49.500000,10622,10623,10622,4
2019-06-24,15:22:52.916000,10621,10622,10622,1
2019-06-24,15:23:01.270000,10621,10622,10622,1
2019-06-24,15:23:02.704000,10621,10622,10621,4
2019-06-24,15:23:03.055000,10621,10622,10621,1
2019-06-24,15:23:07.786000,10621,10622,10621,15
2019-06-24,15:23:18.485000,10621,10622,10621,19
2019-06-24,15:23:19.069000,10620,10621,10621,1
2019-06-24,15:23:34.725000,10621,10622,10621,7
2019-06-24,15:23:35.524000,10621,10622,10621,1
2019-06-24,15:23:41.447000,10621,10622,10621,2
2019-06-24,15:23:41.657000,10620,10622,10620,1
2019-06-24,15:23:43.761000,10621,10622,10621,1
2019-06-24,15:23:47.121000,10621,10622,10621,1
2019-06-24,15:23:49.043000,10621,10622,10621,2
2019-06-24,15:23:51.626000,10621,10622,10621,1
2019-06-24,15:23:55.612000,10621,10622,10621,1
2019-06-24,15:24:02.347000,10621,10622,10622,1
2019-06-24,15:24:54.266000,10621,10622,10622,1
2019-06-24,15:24:58.702000,10621,10622,10622,1
2019-06-24,15:25:01.767000,10621,10622,10621,8
2019-06-24,15:25:10.032000,10621,10622,10621,1
2019-06-24,15:25:10.291000,10621,10622,10621,1
2019-06-24,15:25:10.292000,10621,10622,10621,1
2019-06-24,15:25:14.526000,10621,10622,10622,1
2019-06-24,15:25:32.756000,10621,10622,10621,7
2019-06-24,15:25:46.034000,10621,10622,10621,1
2019-06-24,15:25:59.045000,10621,10622,10622,1
2019-06-24,15:26:05.042000,10621,10622,10621,3
2019-06-24,15:26:10.189000,10621,10622,10621,1
2019-06-24,15:26:19.691000,10621,10622,10621,2
2019-06-24,15:26:23.344000,10621,10622,10622,1
2019-06-24,15:26:23.543000,10621,10622,10622,1
2019-06-24,15:26:23.758000,10621,10622,10622,1
2019-06-24,15:26:25.922000,10621,10622,10622,1
2019-06-24,15:26:26.399000,10621,10622,10622,1
2019-06-24,15:26:27.406000,10621,10622,10622,1
2019-06-24,15:26:28.185000,10621,10622,10622,1
2019-06-24,15:26:28.558000,10621,10622,10622,1
2019-06-24,15:26:29.538000,10621,10622,10622,1
2019-06-24,15:26:29.883000,10621,10622,10622,1
2019-06-24,15:26:30.683000,10621,10622,10622,1
2019-06-24,15:26:31.135000,10621,10622,10622,1
2019-06-24,15:26:31.753000,10621,10622,10622,1
2019-06-24,15:26:32.340000,10621,10622,10622,1
2019-06-24,15:26:32.799000,10621,10622,10622,1
2019-06-24,15:26:32.972000,10621,10623,10623,1
2019-06-24,15:26:33.698000,10622,10623,10623,1
2019-06-24,15:26:34.119000,10622,10623,10623,1
2019-06-24,15:26:34.986000,10622,10623,10623,1
2019-06-24,15:26:40.610000,10622,10623,10622,1
2019-06-24,15:26:51.376000,10621,10622,10622,1
2019-06-24,15:26:55.734000,10621,10622,10622,1
2019-06-24,15:27:08.514000,10621,10622,10621,1
2019-06-24,15:27:13.693000,10621,10622,10621,1
2019-06-24,15:27:16.978000,10621,10622,10622,1
2019-06-24,15:27:26.376000,10621,10622,10622,1
2019-06-24,15:27:26.939000,10621,10622,10622,1
2019-06-24,15:27:34.314000,10621,10622,10622,1
2019-06-24,15:28:05.169000,10621,10622,10622,1
2019-06-24,15:28:07.584000,10621,10622,10622,5
2019-06-24,15:28:19.306000,10621,10622,10622,2
2019-06-24,15:28:34.687000,10621,10622,10622,2
2019-06-24,15:29:24.723000,10622,10623,10622,1
2019-06-24,15:29:28.480000,10622,10623,10622,1
2019-06-24,15:29:41.926000,10622,10623,10623,1
2019-06-24,15:30:00.257000,10622,10623,10623,1
2019-06-24,15:30:01.071000,10622,10623,10623,2
2019-06-24,15:30:01.195000,10622,10623,10622,1
2019-06-24,15:30:02.859000,10622,10623,10622,1
2019-06-24,15:30:03.379000,10622,10623,10623,1
2019-06-24,15:30:29.132000,10622,10623,10623,1
2019-06-24,15:30:51.282000,10622,10623,10623,1
2019-06-24,15:30:53.962000,10622,10623,10623,1
2019-06-24,15:30:57.910000,10622,10623,10623,1
2019-06-24,15:31:04.492000,10622,10623,10622,9
2019-06-24,15:31:04.568000,10622,10623,10622,8
2019-06-24,15:31:04.568000,10622,10623,10622,3
2019-06-24,15:31:04.997000,10621,10622,10622,1
2019-06-24,15:31:08.443000,10621,10622,10621,2
2019-06-24,15:31:08.568000,10621,10622,10621,1
2019-06-24,15:31:08.568000,10621,10622,10621,1
2019-06-24,15:31:08.568000,10621,10622,10621,3
2019-06-24,15:31:08.568000,10621,10622,10621,1
2019-06-24,15:31:08.568000,10621,10622,10621,1
2019-06-24,15:31:08.568000,10621,10622,10621,1
2019-06-24,15:31:08.568000,10621,10622,10621,2
2019-06-24,15:31:20.916000,10620,10621,10621,1
2019-06-24,15:31:24.067000,10620,10621,10621,3
2019-06-24,15:31:24.068000,10620,10621,10621,1
2019-06-24,15:31:34.226000,10620,10621,10621,1
2019-06-24,15:31:37.269000,10620,10621,10621,1
2019-06-24,15:31:49.205000,10621,10622,10621,1
2019-06-24,15:31:52.787000,10621,10622,10621,1
2019-06-24,15:32:08.986000,10621,10622,10621,1
2019-06-24,15:32:20.318000,10621,10622,10621,1
2019-06-24,15:32:35.855000,10621,10622,10621,1
2019-06-24,15:32:56.793000,10621,10622,10622,10
2019-06-24,15:33:14.971000,10621,10622,10621,1
2019-06-24,15:33:15.068000,10621,10622,10621,3
2019-06-24,15:33:15.068000,10621,10622,10621,1
2019-06-24,15:33:15.193000,10621,10622,10621,1
2019-06-24,15:33:15.193000,10621,10622,10621,1
2019-06-24,15:33:15.194000,10621,10622,10621,1
2019-06-24,15:33:24.294000,10620,10621,10621,1
2019-06-24,15:33:24.572000,10620,10621,10621,1
2019-06-24,15:33:24.591000,10620,10621,10621,1
2019-06-24,15:33:28.533000,10620,10621,10620,44
2019-06-24,15:33:28.673000,10619,10620,10620,1
2019-06-24,15:33:28.818000,10619,10620,10619,1
2019-06-24,15:33:28.986000,10619,10620,10619,1
2019-06-24,15:33:30.763000,10619,10620,10620,1
2019-06-24,15:33:30.806000,10619,10620,10619,2
2019-06-24,15:33:45.086000,10619,10620,10619,1
2019-06-24,15:33:46.520000,10619,10620,10619,1
2019-06-24,15:33:46.885000,10619,10620,10620,11
2019-06-24,15:33:51.990000,10619,10620,10620,11
2019-06-24,15:34:05.215000,10619,10620,10619,1
2019-06-24,15:34:19.260000,10619,10620,10619,1
2019-06-24,15:34:29.100000,10619,10620,10620,10
2019-06-24,15:34:29.430000,10619,10620,10619,1
2019-06-24,15:34:30.943000,10619,10620,10620,3
2019-06-24,15:34:34.060000,10619,10620,10620,1
2019-06-24,15:34:37.028000,10619,10620,10619,1
2019-06-24,15:34:50.575000,10619,10620,10619,1
2019-06-24,15:35:03.572000,10619,10620,10619,16
2019-06-24,15:35:06.583000,10619,10620,10619,1
2019-06-24,15:35:07.412000,10619,10620,10619,1
2019-06-24,15:35:18.784000,10618,10619,10619,1
2019-06-24,15:35:23.060000,10618,10619,10618,1
2019-06-24,15:35:23.234000,10618,10619,10618,1
2019-06-24,15:35:29.227000,10618,10619,10618,1
2019-06-24,15:35:38.816000,10618,10619,10618,1
2019-06-24,15:35:40.892000,10618,10619,10618,45
2019-06-24,15:35:40.943000,10618,10619,10618,3
2019-06-24,15:35:40.943000,10618,10619,10618,1
2019-06-24,15:35:40.943000,10618,10619,10618,2
2019-06-24,15:35:40.943000,10618,10619,10618,1
2019-06-24,15:35:47.724000,10617,10618,10618,1
2019-06-24,15:35:50.236000,10617,10618,10618,1
2019-06-24,15:35:58.107000,10617,10618,10617,8
2019-06-24,15:35:58.261000,10617,10618,10617,2
2019-06-24,15:35:58.301000,10617,10618,10617,1
2019-06-24,15:35:58.331000,10617,10618,10617,1
2019-06-24,15:35:58.331000,10617,10618,10616,3
2019-06-24,15:35:58.347000,10617,10618,10616,4
2019-06-24,15:35:58.374000,10617,10618,10616,4
2019-06-24,15:35:58.395000,10617,10618,10616,4
2019-06-24,15:35:58.422000,10617,10618,10616,4
2019-06-24,15:35:58.473000,10616,10617,10616,4
2019-06-24,15:35:58.530000,10616,10617,10616,4
2019-06-24,15:35:58.530000,10616,10617,10616,1
2019-06-24,15:35:58.530000,10616,10617,10616,1
2019-06-24,15:35:58.539000,10616,10617,10615,5
2019-06-24,15:35:58.543000,10616,10617,10615,2
2019-06-24,15:35:58.568000,10615,10617,10616,2
2019-06-24,15:35:58.639000,10615,10617,10615,5
2019-06-24,15:35:58.669000,10615,10617,10615,1
2019-06-24,15:35:58.670000,10615,10617,10615,1
2019-06-24,15:35:58.701000,10615,10617,10615,1
2019-06-24,15:35:58.719000,10615,10617,10615,1
2019-06-24,15:35:58.741000,10615,10617,10615,2
2019-06-24,15:35:58.798000,10615,10617,10615,1
2019-06-24,15:35:58.890000,10615,10616,10615,1
2019-06-24,15:35:58.982000,10615,10616,10615,1
2019-06-24,15:35:59.461000,10615,10616,10615,1
2019-06-24,15:35:59.597000,10615,10616,10615,1
2019-06-24,15:35:59.597000,10615,10616,10615,1
2019-06-24,15:35:59.598000,10615,10616,10615,1
2019-06-24,15:35:59.598000,10615,10616,10615,1
2019-06-24,15:36:00.955000,10615,10617,10615,1
2019-06-24,15:36:00.973000,10615,10617,10615,1
2019-06-24,15:36:00.990000,10615,10617,10615,1
2019-06-24,15:36:01.010000,10615,10617,10615,1
2019-06-24,15:36:01.055000,10615,10617,10615,1
2019-06-24,15:36:04.447000,10615,10617,10615,2
2019-06-24,15:36:05.166000,10615,10617,10615,1
2019-06-24,15:36:09.056000,10615,10616,10616,1
2019-06-24,15:36:09.670000,10615,10616,10615,1
2019-06-24,15:36:10.580000,10615,10616,10615,1
2019-06-24,15:36:12.426000,10615,10616,10615,1
2019-06-24,15:36:15.833000,10615,10616,10615,1
2019-06-24,15:36:22.056000,10615,10616,10615,7
2019-06-24,15:36:25.501000,10615,10616,10615,1
2019-06-24,15:36:26.541000,10615,10616,10615,1
2019-06-24,15:36:28.700000,10615,10616,10615,3
2019-06-24,15:36:28.784000,10615,10616,10615,1
2019-06-24,15:36:31.983000,10615,10616,10615,2
2019-06-24,15:36:36.047000,10615,10616,10615,1
2019-06-24,15:36:38.464000,10615,10616,10615,1
2019-06-24,15:36:39.239000,10615,10616,10615,1
2019-06-24,15:36:42.309000,10615,10616,10615,1
2019-06-24,15:36:42.661000,10615,10616,10615,2
2019-06-24,15:36:47.545000,10615,10616,10615,1
2019-06-24,15:36:47.612000,10615,10616,10615,4
2019-06-24,15:36:47.693000,10615,10616,10615,1
2019-06-24,15:36:47.693000,10615,10616,10615,10
2019-06-24,15:36:51.068000,10614,10615,10615,2
2019-06-24,15:36:51.554000,10615,10616,10615,1
2019-06-24,15:36:54.666000,10615,10616,10615,1
2019-06-24,15:36:59.826000,10615,10616,10615,1
2019-06-24,15:37:01.480000,10615,10616,10615,2
2019-06-24,15:37:02.464000,10615,10616,10615,1
2019-06-24,15:37:02.471000,10615,10616,10615,1
2019-06-24,15:37:04.417000,10614,10615,10615,1
2019-06-24,15:37:17.123000,10614,10615,10614,1
2019-06-24,15:37:17.296000,10614,10615,10614,1
2019-06-24,15:37:17.995000,10614,10615,10614,1
2019-06-24,15:37:18.067000,10614,10615,10614,2
2019-06-24,15:37:18.635000,10614,10615,10614,1
2019-06-24,15:37:18.682000,10614,10615,10613,1
2019-06-24,15:37:18.749000,10613,10615,10613,1
2019-06-24,15:37:18.751000,10613,10615,10613,1
2019-06-24,15:37:18.811000,10613,10615,10613,1
2019-06-24,15:37:18.847000,10613,10614,10613,2
2019-06-24,15:37:19.239000,10613,10614,10613,1
2019-06-24,15:37:19.251000,10613,10614,10613,1
2019-06-24,15:37:22.122000,10613,10614,10613,1
2019-06-24,15:37:24.905000,10613,10614,10613,6
2019-06-24,15:37:25.245000,10613,10614,10613,1
2019-06-24,15:37:33.044000,10612,10613,10612,1
2019-06-24,15:37:33.092000,10612,10613,10612,40
2019-06-24,15:37:33.092000,10612,10613,10611,5
2019-06-24,15:37:33.099000,10612,10613,10611,45
2019-06-24,15:37:33.182000,10612,10613,10611,1
2019-06-24,15:37:33.215000,10611,10612,10611,1
2019-06-24,15:37:33.413000,10611,10612,10611,1
2019-06-24,15:37:33.445000,10611,10612,10611,4
2019-06-24,15:37:33.729000,10611,10612,10611,1
2019-06-24,15:37:35.400000,10611,10612,10612,1
2019-06-24,15:37:35.445000,10611,10612,10611,3
2019-06-24,15:37:35.551000,10611,10612,10612,1
2019-06-24,15:37:36.129000,10611,10612,10611,1
2019-06-24,15:37:36.603000,10611,10612,10611,1
2019-06-24,15:37:36.749000,10611,10612,10612,20
2019-06-24,15:37:39.556000,10611,10612,10611,1
2019-06-24,15:37:40.164000,10611,10612,10612,2
2019-06-24,15:37:41.595000,10611,10612,10612,1
2019-06-24,15:37:42.067000,10611,10612,10612,1
2019-06-24,15:37:43.944000,10612,10613,10612,2
2019-06-24,15:37:44.623000,10612,10613,10612,1
2019-06-24,15:37:49.409000,10612,10613,10612,1
2019-06-24,15:37:51.976000,10612,10613,10612,1
2019-06-24,15:37:53.440000,10612,10613,10612,1
2019-06-24,15:37:53.964000,10612,10613,10612,1
2019-06-24,15:37:54.462000,10612,10613,10612,1
2019-06-24,15:37:54.864000,10612,10613,10613,1
2019-06-24,15:38:02.234000,10612,10613,10612,1
2019-06-24,15:38:04.258000,10612,10613,10612,3
2019-06-24,15:38:04.875000,10612,10613,10612,6
2019-06-24,15:38:07.119000,10612,10613,10612,1
2019-06-24,15:38:07.646000,10612,10613,10612,1
2019-06-24,15:38:08.212000,10612,10613,10612,1
2019-06-24,15:38:08.454000,10612,10613,10612,1
2019-06-24,15:38:09.496000,10612,10613,10612,2
2019-06-24,15:38:12.026000,10612,10613,10612,2
2019-06-24,15:38:13.621000,10612,10613,10612,1
2019-06-24,15:38:15.423000,10612,10613,10613,1
2019-06-24,15:38:15.936000,10612,10613,10612,2
2019-06-24,15:38:33.778000,10612,10613,10612,1
2019-06-24,15:38:33.818000,10612,10613,10613,17
2019-06-24,15:38:34.154000,10613,10614,10613,6
2019-06-24,15:38:41.320000,10613,10614,10613,1
2019-06-24,15:38:46.481000,10613,10614,10614,1
2019-06-24,15:38:52.092000,10613,10614,10614,2
2019-06-24,15:38:52.097000,10613,10614,10614,1
2019-06-24,15:38:52.193000,10613,10614,10614,8
2019-06-24,15:38:52.929000,10614,10615,10614,1
2019-06-24,15:38:53.112000,10613,10615,10613,8
2019-06-24,15:39:04.293000,10613,10615,10613,8
2019-06-24,15:39:12.986000,10613,10614,10614,1
2019-06-24,15:39:16.161000,10613,10614,10614,1
2019-06-24,15:39:29.215000,10614,10615,10615,1
2019-06-24,15:39:34.793000,10614,10615,10615,1
2019-06-24,15:39:35.390000,10614,10615,10615,5
2019-06-24,15:39:35.988000,10614,10615,10615,1
2019-06-24,15:39:38.817000,10614,10615,10614,1
2019-06-24,15:39:46.087000,10614,10615,10614,1
2019-06-24,15:39:46.440000,10614,10615,10615,2
2019-06-24,15:39:47.970000,10614,10615,10615,1
2019-06-24,15:39:49.401000,10614,10615,10615,1
2019-06-24,15:39:53.944000,10614,10615,10614,1
2019-06-24,15:39:55.220000,10614,10615,10615,1
2019-06-24,15:39:56.713000,10614,10615,10615,2
2019-06-24,15:39:57.606000,10614,10615,10615,1
2019-06-24,15:40:04.916000,10614,10615,10615,12
2019-06-24,15:40:04.925000,10614,10615,10614,5
2019-06-24,15:40:09.362000,10614,10615,10614,1
2019-06-24,15:40:14.539000,10614,10615,10614,1
2019-06-24,15:40:15.691000,10614,10615,10614,20
2019-06-24,15:40:22.832000,10613,10614,10613,1
2019-06-24,15:40:23.603000,10613,10614,10614,1
2019-06-24,15:40:24.257000,10613,10614,10613,5
2019-06-24,15:40:24.660000,10613,10614,10614,1
2019-06-24,15:40:32.897000,10613,10614,10614,3
2019-06-24,15:40:33.906000,10613,10614,10613,1
2019-06-24,15:40:35.068000,10613,10614,10613,1
2019-06-24,15:40:37.786000,10613,10614,10613,1
2019-06-24,15:40:37.911000,10613,10614,10613,1
2019-06-24,15:40:38.085000,10613,10614,10613,1
2019-06-24,15:40:39.385000,10613,10614,10613,1
2019-06-24,15:40:39.811000,10613,10614,10613,1
2019-06-24,15:40:41.173000,10613,10614,10613,1
2019-06-24,15:40:42.207000,10613,10614,10613,5
2019-06-24,15:40:42.318000,10613,10614,10613,2
2019-06-24,15:40:44.602000,10612,10613,10613,3
2019-06-24,15:40:50.128000,10613,10614,10613,1
2019-06-24,15:40:54.589000,10612,10613,10613,1
2019-06-24,15:40:58.416000,10612,10613,10613,1
2019-06-24,15:41:02.814000,10612,10613,10613,4
2019-06-24,15:41:03.410000,10612,10613,10613,1
2019-06-24,15:41:05.839000,10612,10613,10613,1
2019-06-24,15:41:06.666000,10612,10613,10613,1
2019-06-24,15:41:07.256000,10612,10613,10613,4
2019-06-24,15:41:08.453000,10612,10613,10613,1
2019-06-24,15:41:08.568000,10612,10613,10613,1
2019-06-24,15:41:17.734000,10613,10614,10613,1
2019-06-24,15:41:34.577000,10613,10614,10613,1
2019-06-24,15:41:34.962000,10613,10614,10614,1
2019-06-24,15:41:35.983000,10613,10614,10613,1
2019-06-24,15:41:41.022000,10613,10614,10613,1
2019-06-24,15:41:52.200000,10613,10614,10613,1
2019-06-24,15:41:54.793000,10613,10614,10613,2
2019-06-24,15:41:54.794000,10613,10614,10613,1
2019-06-24,15:42:00.811000,10612,10613,10613,1
2019-06-24,15:42:06.878000,10612,10613,10613,1
2019-06-24,15:42:07.603000,10612,10613,10612,1
2019-06-24,15:42:13.385000,10612,10613,10613,1
2019-06-24,15:42:14.891000,10612,10613,10612,1
2019-06-24,15:42:18.893000,10612,10613,10613,1
2019-06-24,15:42:20.083000,10612,10613,10612,2
2019-06-24,15:42:20.184000,10612,10613,10612,1
2019-06-24,15:42:21.525000,10612,10613,10613,1
2019-06-24,15:42:30.968000,10612,10613,10613,1
2019-06-24,15:42:31.722000,10612,10613,10613,1
2019-06-24,15:42:32.814000,10612,10613,10612,17
2019-06-24,15:42:34.021000,10611,10612,10612,1
2019-06-24,15:42:35.118000,10611,10612,10612,1
2019-06-24,15:42:37.752000,10611,10612,10611,2
2019-06-24,15:42:38.323000,10611,10612,10612,1
2019-06-24,15:42:41.519000,10611,10612,10611,1
2019-06-24,15:42:42.495000,10611,10612,10612,1
2019-06-24,15:42:51.934000,10611,10612,10612,1
2019-06-24,15:42:54.087000,10611,10612,10612,2
2019-06-24,15:43:00.454000,10611,10612,10612,1
2019-06-24,15:43:02.766000,10611,10612,10612,1
2019-06-24,15:43:05.031000,10611,10612,10611,1
2019-06-24,15:43:05.820000,10611,10612,10611,3
2019-06-24,15:43:05.977000,10611,10612,10612,1
2019-06-24,15:43:15.893000,10611,10612,10611,3
2019-06-24,15:43:20.534000,10611,10612,10611,1
2019-06-24,15:43:24.917000,10611,10612,10611,2
2019-06-24,15:43:34.276000,10611,10612,10611,1
2019-06-24,15:43:34.661000,10611,10612,10611,5
2019-06-24,15:43:35.879000,10611,10612,10611,2
2019-06-24,15:43:36.996000,10611,10612,10611,1
2019-06-24,15:43:41.370000,10611,10612,10611,1
2019-06-24,15:43:47.215000,10611,10612,10611,3
2019-06-24,15:43:47.215000,10611,10612,10611,1
2019-06-24,15:43:47.218000,10611,10612,10611,3
2019-06-24,15:43:47.218000,10611,10612,10611,2
2019-06-24,15:43:47.374000,10611,10612,10611,1
2019-06-24,15:43:52.850000,10611,10612,10611,1
2019-06-24,15:43:53.666000,10611,10612,10611,5
2019-06-24,15:43:56.983000,10611,10612,10611,4
2019-06-24,15:44:01.588000,10611,10612,10611,1
2019-06-24,15:44:02.046000,10611,10612,10611,2
2019-06-24,15:44:02.395000,10611,10612,10611,1
2019-06-24,15:44:03.108000,10610,10612,10610,1
2019-06-24,15:44:03.217000,10610,10612,10610,1
2019-06-24,15:44:03.226000,10610,10612,10610,1
2019-06-24,15:44:03.257000,10610,10612,10610,1
2019-06-24,15:44:03.897000,10610,10611,10610,2
2019-06-24,15:44:05.583000,10610,10611,10611,1
2019-06-24,15:44:12.163000,10610,10611,10611,3
2019-06-24,15:44:16.020000,10610,10611,10611,1
2019-06-24,15:44:16.367000,10610,10611,10611,1
2019-06-24,15:44:16.693000,10610,10611,10611,5
2019-06-24,15:44:17.588000,10611,10612,10611,1
2019-06-24,15:44:24.236000,10611,10612,10611,6
2019-06-24,15:44:26.435000,10611,10612,10611,2
2019-06-24,15:44:29.306000,10611,10612,10611,1
2019-06-24,15:44:33.818000,10611,10612,10612,2
2019-06-24,15:44:37.721000,10611,10612,10611,1
2019-06-24,15:44:38.314000,10611,10612,10612,2
2019-06-24,15:44:42.693000,10611,10612,10612,7
2019-06-24,15:44:42.818000,10611,10612,10612,2
2019-06-24,15:44:50.592000,10612,10613,10613,1
2019-06-24,15:44:54.074000,10612,10613,10612,1
2019-06-24,15:44:56.329000,10612,10613,10612,1
2019-06-24,15:44:58.214000,10612,10613,10612,1
2019-06-24,15:44:59.401000,10611,10612,10612,2
2019-06-24,15:45:01.295000,10611,10612,10612,1
2019-06-24,15:45:01.478000,10611,10612,10612,1
2019-06-24,15:45:01.911000,10611,10613,10611,3
2019-06-24,15:45:14.943000,10612,10613,10612,3
2019-06-24,15:45:20.339000,10611,10612,10612,1
2019-06-24,15:45:22.803000,10611,10612,10612,1
2019-06-24,15:45:24.841000,10611,10612,10612,1
2019-06-24,15:45:26.504000,10611,10612,10612,1
2019-06-24,15:45:37.205000,10611,10612,10612,3
2019-06-24,15:45:46.473000,10611,10612,10611,10
2019-06-24,15:45:46.473000,10611,10612,10611,6
2019-06-24,15:45:46.568000,10611,10612,10611,1
2019-06-24,15:45:46.568000,10611,10612,10611,17
2019-06-24,15:45:48.186000,10610,10611,10611,2
2019-06-24,15:45:48.326000,10610,10611,10611,1
2019-06-24,15:45:53.550000,10610,10611,10611,1
2019-06-24,15:45:54.754000,10610,10611,10611,4
2019-06-24,15:45:57.125000,10610,10611,10610,3
2019-06-24,15:45:57.138000,10610,10611,10610,1
2019-06-24,15:45:57.142000,10610,10611,10610,1
2019-06-24,15:45:57.142000,10610,10611,10610,2
2019-06-24,15:45:57.155000,10610,10611,10610,3
2019-06-24,15:45:58.717000,10610,10611,10610,8
2019-06-24,15:45:58.790000,10610,10611,10610,1
2019-06-24,15:46:05.517000,10610,10611,10610,1
2019-06-24,15:46:06.525000,10610,10611,10610,1
2019-06-24,15:46:10.037000,10610,10611,10611,1
2019-06-24,15:46:10.097000,10610,10611,10610,1
2019-06-24,15:46:10.098000,10610,10611,10610,1
2019-06-24,15:46:10.098000,10610,10611,10610,1
2019-06-24,15:46:10.099000,10610,10611,10610,1
2019-06-24,15:46:14.769000,10610,10611,10610,2
2019-06-24,15:46:14.929000,10610,10611,10610,2
2019-06-24,15:46:20.753000,10610,10611,10610,1
2019-06-24,15:46:24.369000,10610,10611,10610,1
2019-06-24,15:46:24.551000,10610,10611,10611,1
2019-06-24,15:46:30.618000,10610,10611,10611,2
2019-06-24,15:46:34.554000,10610,10611,10610,2
2019-06-24,15:46:35.864000,10610,10611,10610,10
2019-06-24,15:46:37.199000,10610,10611,10610,1
2019-06-24,15:46:48.465000,10610,10611,10610,2
2019-06-24,15:47:04.918000,10610,10611,10610,2
2019-06-24,15:47:07.704000,10610,10611,10610,1
2019-06-24,15:47:12.504000,10610,10611,10611,1
2019-06-24,15:47:12.545000,10610,10611,10610,1
2019-06-24,15:47:13.179000,10610,10611,10610,1
2019-06-24,15:47:23.440000,10610,10611,10610,1
2019-06-24,15:47:39.391000,10610,10611,10610,3
2019-06-24,15:47:41.413000,10610,10611,10611,5
2019-06-24,15:47:45.830000,10610,10611,10611,1
2019-06-24,15:47:51.026000,10610,10611,10611,1
2019-06-24,15:47:51.266000,10610,10611,10611,2
2019-06-24,15:47:51.348000,10610,10611,10611,2
2019-06-24,15:47:51.349000,10610,10611,10611,17
2019-06-24,15:47:51.674000,10611,10612,10611,1
2019-06-24,15:47:51.791000,10611,10612,10612,1
2019-06-24,15:47:53.519000,10611,10612,10612,9
2019-06-24,15:48:00.632000,10612,10613,10613,1
2019-06-24,15:48:08.252000,10612,10613,10613,1
2019-06-24,15:48:11.276000,10612,10613,10612,3
2019-06-24,15:48:18.725000,10612,10613,10612,1
2019-06-24,15:48:25.555000,10612,10613,10612,5
2019-06-24,15:48:31.126000,10612,10613,10612,1
2019-06-24,15:48:34.454000,10612,10613,10612,1
2019-06-24,15:48:35.446000,10612,10613,10612,1
2019-06-24,15:48:43.043000,10612,10613,10612,2
2019-06-24,15:48:50.568000,10612,10613,10612,1
2019-06-24,15:48:50.982000,10612,10613,10612,1
2019-06-24,15:48:52.329000,10612,10613,10613,1
2019-06-24,15:49:14.899000,10612,10613,10613,1
2019-06-24,15:49:18.725000,10612,10613,10613,1
2019-06-24,15:49:21.029000,10612,10613,10613,1
2019-06-24,15:49:26.949000,10612,10613,10613,1
2019-06-24,15:49:37.773000,10612,10613,10613,5
2019-06-24,15:49:49.264000,10612,10613,10613,3
2019-06-24,15:49:52.003000,10612,10613,10613,1
2019-06-24,15:49:52.068000,10612,10613,10613,13
2019-06-24,15:49:52.193000,10612,10613,10613,2
2019-06-24,15:49:52.327000,10613,10614,10613,3
2019-06-24,15:49:52.327000,10613,10614,10612,2
2019-06-24,15:49:57.386000,10613,10614,10613,1
2019-06-24,15:49:59.613000,10613,10614,10613,2
2019-06-24,15:49:59.943000,10612,10613,10613,1
2019-06-24,15:50:07.521000,10612,10613,10613,2
2019-06-24,15:50:10.318000,10613,10614,10613,1
2019-06-24,15:50:17.447000,10613,10614,10614,1
2019-06-24,15:50:17.577000,10613,10614,10613,1
2019-06-24,15:50:17.700000,10612,10614,10614,1
2019-06-24,15:50:19.653000,10612,10613,10613,1
2019-06-24,15:50:21.630000,10612,10613,10613,1
2019-06-24,15:50:24.020000,10612,10613,10613,1
2019-06-24,15:50:41.853000,10613,10614,10613,1
2019-06-24,15:50:42.367000,10613,10614,10614,1
2019-06-24,15:50:47.713000,10613,10614,10614,1
2019-06-24,15:50:53.832000,10613,10614,10614,1
2019-06-24,15:50:56.679000,10613,10614,10614,1
2019-06-24,15:50:57.290000,10613,10614,10614,6
2019-06-24,15:50:57.318000,10613,10614,10614,4
2019-06-24,15:50:57.318000,10613,10614,10614,1
2019-06-24,15:50:57.318000,10613,10614,10614,2
2019-06-24,15:50:57.318000,10613,10614,10614,7
2019-06-24,15:51:25.873000,10614,10615,10614,2
2019-06-24,15:51:31.568000,10614,10615,10614,5
2019-06-24,15:51:34.031000,10614,10615,10614,1
2019-06-24,15:51:41.454000,10613,10614,10614,2
2019-06-24,15:51:45.306000,10613,10614,10614,1
2019-06-24,15:51:55.171000,10613,10614,10614,1
2019-06-24,15:51:55.172000,10613,10614,10614,8
2019-06-24,15:51:55.172000,10613,10614,10614,1
2019-06-24,15:52:01.175000,10614,10615,10615,1
2019-06-24,15:52:32.562000,10614,10615,10615,1
2019-06-24,15:52:41.624000,10614,10615,10615,2
2019-06-24,15:52:42.792000,10614,10615,10615,5
2019-06-24,15:52:42.991000,10614,10615,10615,5
2019-06-24,15:52:43.175000,10614,10615,10615,1
2019-06-24,15:52:44.238000,10614,10615,10614,3
2019-06-24,15:52:51.205000,10614,10615,10615,1
2019-06-24,15:52:52.096000,10614,10615,10615,1
2019-06-24,15:52:53.969000,10614,10615,10615,3
2019-06-24,15:53:12.574000,10615,10616,10616,3
2019-06-24,15:53:12.601000,10615,10616,10615,1
2019-06-24,15:53:12.683000,10615,10616,10615,2
2019-06-24,15:53:18.152000,10615,10616,10616,5
2019-06-24,15:53:45.986000,10615,10616,10616,1
2019-06-24,15:53:54.545000,10615,10616,10615,5
2019-06-24,15:54:02.608000,10615,10616,10615,3
2019-06-24,15:54:07.646000,10615,10616,10615,11
2019-06-24,15:54:08.855000,10614,10615,10614,1
2019-06-24,15:54:10.089000,10614,10615,10615,2
2019-06-24,15:54:21.216000,10614,10615,10614,3
2019-06-24,15:54:30.707000,10614,10615,10614,1
2019-06-24,15:54:33.993000,10614,10615,10614,2
2019-06-24,15:54:35.681000,10614,10615,10614,1
2019-06-24,15:54:45.796000,10614,10615,10614,1
2019-06-24,15:54:45.818000,10614,10615,10614,11
2019-06-24,15:55:00.108000,10613,10614,10614,5
2019-06-24,15:55:02.297000,10613,10614,10613,1
2019-06-24,15:55:03.001000,10613,10614,10613,5
2019-06-24,15:55:07.372000,10613,10614,10613,1
2019-06-24,15:55:09.914000,10613,10614,10613,1
2019-06-24,15:55:09.943000,10613,10614,10613,6
2019-06-24,15:55:15.834000,10612,10613,10613,3
2019-06-24,15:55:16.441000,10612,10613,10613,1
2019-06-24,15:55:25.406000,10612,10613,10613,1
2019-06-24,15:55:27.125000,10612,10613,10612,1
2019-06-24,15:55:33.278000,10612,10613,10612,3
2019-06-24,15:55:36.329000,10612,10613,10612,15
2019-06-24,15:55:43.797000,10612,10613,10612,1
2019-06-24,15:55:45.572000,10612,10613,10612,4
2019-06-24,15:55:45.761000,10612,10613,10612,3
2019-06-24,15:55:48.645000,10612,10613,10612,1
2019-06-24,15:55:49.284000,10612,10613,10612,1
2019-06-24,15:55:53.397000,10612,10613,10613,1
2019-06-24,15:55:53.750000,10612,10613,10613,1
2019-06-24,15:55:54.909000,10612,10613,10613,1
2019-06-24,15:55:58.943000,10612,10613,10613,6
2019-06-24,15:56:20.280000,10613,10614,10613,5
2019-06-24,15:56:26.120000,10613,10614,10613,1
2019-06-24,15:56:26.425000,10613,10614,10614,6
2019-06-24,15:56:37.419000,10613,10614,10613,2
2019-06-24,15:56:54.528000,10613,10614,10613,5
2019-06-24,15:56:56.404000,10613,10614,10614,1
2019-06-24,15:56:56.611000,10613,10614,10613,14
2019-06-24,15:56:56.619000,10613,10614,10613,1
2019-06-24,15:56:58.490000,10612,10613,10613,1
2019-06-24,15:57:16.011000,10612,10613,10613,1
2019-06-24,15:57:23.197000,10613,10614,10613,1
2019-06-24,15:57:23.455000,10612,10613,10613,1
2019-06-24,15:57:28.545000,10612,10613,10612,1
2019-06-24,15:57:40.240000,10612,10613,10613,2
2019-06-24,15:57:46.610000,10612,10613,10612,1
2019-06-24,15:57:51.508000,10612,10613,10613,1
2019-06-24,15:57:52.070000,10612,10613,10613,1
2019-06-24,15:58:05.116000,10612,10613,10612,2
2019-06-24,15:58:05.974000,10612,10613,10613,1
2019-06-24,15:58:24.287000,10612,10613,10612,1
2019-06-24,15:58:26.942000,10612,10613,10613,1
2019-06-24,15:58:27.604000,10612,10613,10612,1
2019-06-24,15:58:34.317000,10612,10613,10612,3
2019-06-24,15:58:41.184000,10612,10613,10613,1
2019-06-24,15:58:46.131000,10612,10613,10612,3
2019-06-24,15:58:53.847000,10612,10613,10613,1
2019-06-24,15:58:54.332000,10612,10613,10612,1
2019-06-24,15:59:07.737000,10612,10613,10612,1
2019-06-24,15:59:08.831000,10612,10613,10613,1
2019-06-24,15:59:12.427000,10612,10613,10613,2
2019-06-24,15:59:18.757000,10612,10613,10613,2
2019-06-24,15:59:28.418000,10612,10613,10612,5
2019-06-24,15:59:28.432000,10612,10613,10613,1
2019-06-24,15:59:28.443000,10612,10613,10612,7
2019-06-24,15:59:30.279000,10611,10612,10611,1
2019-06-24,15:59:35.501000,10611,10612,10611,2
2019-06-24,15:59:35.501000,10611,10612,10612,1
2019-06-24,15:59:36.145000,10611,10612,10611,1
2019-06-24,15:59:37.493000,10611,10612,10612,1
2019-06-24,15:59:41.989000,10611,10612,10612,1
2019-06-24,15:59:49.127000,10611,10612,10612,1
2019-06-24,16:00:00.823000,10611,10612,10612,1
2019-06-24,16:00:22.415000,10611,10612,10612,1
2019-06-24,16:00:23.024000,10611,10612,10611,2
2019-06-24,16:00:25.228000,10611,10612,10611,2
2019-06-24,16:00:34.981000,10611,10612,10611,1
2019-06-24,16:00:35.335000,10611,10612,10611,8
2019-06-24,16:00:35.457000,10611,10612,10612,4
2019-06-24,16:00:35.457000,10611,10612,10612,2
2019-06-24,16:00:35.457000,10611,10612,10612,2
2019-06-24,16:00:35.611000,10611,10612,10612,1
2019-06-24,16:00:35.611000,10611,10612,10612,1
2019-06-24,16:00:35.611000,10611,10612,10612,1
2019-06-24,16:00:35.611000,10611,10612,10612,2
2019-06-24,16:00:37.146000,10612,10613,10612,9
2019-06-24,16:00:43.031000,10612,10613,10613,1
2019-06-24,16:00:43.975000,10612,10613,10613,1
2019-06-24,16:00:52.186000,10612,10613,10613,1
2019-06-24,16:01:07.577000,10612,10613,10613,1
2019-06-24,16:01:18.704000,10612,10613,10612,8
2019-06-24,16:01:24.448000,10611,10612,10612,1
2019-06-24,16:01:24.678000,10611,10612,10612,12
2019-06-24,16:01:24.679000,10611,10612,10612,5
2019-06-24,16:01:24.679000,10611,10612,10612,3
2019-06-24,16:02:03.520000,10612,10613,10613,1
2019-06-24,16:02:04.999000,10612,10613,10613,1
2019-06-24,16:02:12.015000,10612,10613,10612,5
2019-06-24,16:02:26.618000,10612,10613,10612,2
2019-06-24,16:02:28.139000,10612,10613,10612,4
2019-06-24,16:02:35.833000,10611,10612,10612,1
2019-06-24,16:02:40.175000,10611,10612,10612,1
2019-06-24,16:02:40.581000,10611,10612,10612,1
2019-06-24,16:02:42.199000,10611,10612,10611,5
2019-06-24,16:02:47.600000,10611,10612,10612,1
2019-06-24,16:02:48.068000,10611,10612,10611,8
2019-06-24,16:02:48.193000,10611,10612,10611,12
2019-06-24,16:02:51.103000,10610,10611,10611,1
2019-06-24,16:02:57.424000,10610,10611,10610,5
2019-06-24,16:02:57.535000,10610,10611,10610,1
2019-06-24,16:02:57.907000,10610,10611,10610,1
2019-06-24,16:02:57.951000,10610,10611,10610,1
2019-06-24,16:02:58.462000,10610,10611,10610,3
2019-06-24,16:02:58.570000,10610,10611,10610,14
2019-06-24,16:03:02.106000,10609,10610,10610,1
2019-06-24,16:03:09.345000,10609,10610,10610,1
2019-06-24,16:03:10.545000,10609,10610,10610,1
2019-06-24,16:03:15.814000,10609,10610,10610,3
2019-06-24,16:03:17.369000,10609,10610,10610,1
2019-06-24,16:03:19.257000,10609,10610,10609,1
2019-06-24,16:03:19.364000,10609,10610,10609,1
2019-06-24,16:03:19.426000,10609,10610,10609,1
2019-06-24,16:03:19.446000,10609,10610,10609,1
2019-06-24,16:03:19.447000,10609,10610,10609,28
2019-06-24,16:03:19.570000,10608,10609,10608,14
2019-06-24,16:03:19.577000,10608,10609,10608,1
2019-06-24,16:03:19.695000,10608,10609,10608,1
2019-06-24,16:03:19.844000,10608,10609,10608,1
2019-06-24,16:03:20.995000,10608,10609,10608,4
2019-06-24,16:03:21.005000,10608,10609,10608,3
2019-06-24,16:03:21.009000,10608,10609,10608,4
2019-06-24,16:03:21.014000,10608,10609,10608,1
2019-06-24,16:03:21.077000,10608,10609,10608,6
2019-06-24,16:03:21.192000,10608,10609,10608,1
2019-06-24,16:03:21.195000,10608,10609,10608,2
2019-06-24,16:03:21.203000,10608,10609,10608,1
2019-06-24,16:03:21.206000,10608,10609,10608,1
2019-06-24,16:03:21.215000,10608,10609,10608,2
2019-06-24,16:03:21.251000,10608,10609,10608,2
2019-06-24,16:03:21.279000,10608,10609,10608,1
2019-06-24,16:03:21.280000,10608,10609,10608,3
2019-06-24,16:03:21.370000,10608,10609,10608,5
2019-06-24,16:03:21.373000,10608,10609,10608,1
2019-06-24,16:03:21.374000,10608,10609,10608,1
2019-06-24,16:03:21.374000,10608,10609,10607,1
2019-06-24,16:03:21.376000,10608,10609,10607,2
2019-06-24,16:03:21.382000,10608,10609,10607,1
2019-06-24,16:03:21.402000,10608,10609,10608,2
2019-06-24,16:03:21.426000,10608,10609,10607,1
2019-06-24,16:03:21.550000,10608,10609,10607,1
2019-06-24,16:03:21.588000,10607,10608,10607,1
2019-06-24,16:03:21.794000,10607,10608,10607,5
2019-06-24,16:03:22.966000,10607,10608,10607,1
2019-06-24,16:03:23.864000,10607,10608,10608,3
2019-06-24,16:03:24.086000,10607,10608,10607,1
2019-06-24,16:03:24.122000,10607,10608,10608,1
2019-06-24,16:03:24.193000,10607,10608,10608,1
2019-06-24,16:03:24.609000,10607,10609,10607,1
2019-06-24,16:03:26.548000,10607,10608,10608,2
2019-06-24,16:03:28.079000,10607,10609,10607,1
2019-06-24,16:03:28.299000,10607,10609,10607,5
2019-06-24,16:03:28.712000,10607,10608,10608,1
2019-06-24,16:03:30.872000,10607,10608,10608,1
2019-06-24,16:03:32.487000,10607,10608,10608,1
2019-06-24,16:03:32.780000,10608,10609,10608,1
2019-06-24,16:03:35.817000,10608,10609,10609,1
2019-06-24,16:03:37.968000,10609,10610,10610,1
2019-06-24,16:03:41.212000,10609,10610,10610,1
2019-06-24,16:03:42.361000,10609,10610,10609,1
2019-06-24,16:04:02.777000,10609,10610,10609,5
2019-06-24,16:04:03.632000,10609,10610,10609,3
2019-06-24,16:04:10.568000,10609,10610,10610,9
2019-06-24,16:04:11.512000,10610,10611,10610,1
2019-06-24,16:04:12.078000,10610,10611,10610,4
2019-06-24,16:04:25.138000,10609,10610,10610,1
2019-06-24,16:04:26.134000,10609,10610,10610,1
2019-06-24,16:04:30.356000,10610,10611,10610,1
2019-06-24,16:04:34.051000,10610,10611,10611,1
2019-06-24,16:04:44.330000,10610,10611,10610,2
2019-06-24,16:04:45.748000,10610,10611,10610,6
2019-06-24,16:04:45.818000,10610,10611,10610,4
2019-06-24,16:04:46.774000,10609,10610,10610,1
2019-06-24,16:04:52.204000,10609,10610,10610,1
2019-06-24,16:04:56.165000,10609,10610,10610,1
2019-06-24,16:04:59.624000,10609,10610,10609,1
2019-06-24,16:05:01.749000,10609,10610,10609,1
2019-06-24,16:05:08.137000,10609,10610,10609,3
2019-06-24,16:05:08.353000,10608,10609,10609,1
2019-06-24,16:05:12.162000,10608,10609,10608,1
2019-06-24,16:05:12.222000,10608,10609,10609,1
2019-06-24,16:05:33.013000,10608,10609,10609,2
2019-06-24,16:05:38.239000,10608,10609,10608,1
2019-06-24,16:05:38.590000,10608,10609,10608,1
2019-06-24,16:05:40.230000,10608,10609,10608,1
2019-06-24,16:05:41.091000,10608,10609,10608,1
2019-06-24,16:05:41.658000,10608,10609,10608,1
2019-06-24,16:05:41.890000,10608,10609,10608,1
2019-06-24,16:05:42.118000,10608,10609,10608,1
2019-06-24,16:05:42.325000,10608,10609,10608,1
2019-06-24,16:05:43.110000,10608,10609,10608,1
2019-06-24,16:05:45.673000,10608,10609,10608,1
2019-06-24,16:05:46.240000,10608,10609,10608,6
2019-06-24,16:05:47.775000,10607,10608,10608,2
2019-06-24,16:05:54.267000,10607,10608,10607,1
2019-06-24,16:05:59.390000,10607,10608,10608,2
2019-06-24,16:06:13.847000,10607,10608,10608,1
2019-06-24,16:06:14.058000,10607,10608,10608,1
2019-06-24,16:06:15.630000,10607,10608,10608,1
2019-06-24,16:06:20.522000,10607,10608,10608,1
2019-06-24,16:06:21.443000,10607,10608,10608,1
2019-06-24,16:06:24.367000,10607,10608,10608,4
2019-06-24,16:06:27.718000,10607,10608,10608,3
2019-06-24,16:06:30.404000,10607,10608,10608,1
2019-06-24,16:06:32.532000,10607,10608,10608,1
2019-06-24,16:06:33.563000,10607,10608,10608,1
2019-06-24,16:06:33.934000,10607,10608,10607,2
2019-06-24,16:06:35.894000,10607,10608,10608,1
2019-06-24,16:06:39.577000,10607,10608,10608,1
2019-06-24,16:06:43.196000,10608,10609,10608,1
2019-06-24,16:06:50.492000,10608,10609,10608,1
2019-06-24,16:06:53.931000,10608,10609,10608,1
2019-06-24,16:06:55.034000,10608,10609,10609,1
2019-06-24,16:06:55.319000,10608,10609,10609,2
2019-06-24,16:06:56.204000,10608,10610,10608,2
2019-06-24,16:07:01.686000,10608,10609,10608,4
2019-06-24,16:07:02.247000,10608,10609,10608,1
2019-06-24,16:07:10.071000,10608,10609,10609,1
2019-06-24,16:07:16.340000,10609,10610,10609,2
2019-06-24,16:07:16.568000,10608,10609,10609,1
2019-06-24,16:07:16.865000,10608,10610,10608,4
2019-06-24,16:07:33.141000,10609,10610,10610,1
2019-06-24,16:07:33.632000,10610,10611,10610,1
2019-06-24,16:07:36.769000,10610,10611,10611,1
2019-06-24,16:07:37.588000,10610,10611,10611,1
2019-06-24,16:07:37.603000,10610,10611,10611,2
2019-06-24,16:07:37.693000,10610,10611,10611,7
2019-06-24,16:07:37.930000,10611,10612,10611,1
2019-06-24,16:07:38.638000,10611,10612,10612,1
2019-06-24,16:07:38.726000,10611,10612,10612,1
2019-06-24,16:07:38.970000,10611,10612,10611,1
2019-06-24,16:07:39.140000,10611,10612,10611,4
2019-06-24,16:07:39.195000,10611,10612,10611,1
2019-06-24,16:07:40.143000,10611,10612,10611,1
2019-06-24,16:07:48.964000,10611,10612,10611,2
2019-06-24,16:07:49.151000,10610,10612,10611,1
2019-06-24,16:07:58.772000,10611,10612,10611,5
2019-06-24,16:08:13.328000,10611,10612,10611,1
2019-06-24,16:08:39.175000,10611,10612,10612,2
2019-06-24,16:08:39.219000,10611,10612,10611,1
2019-06-24,16:08:42.701000,10611,10612,10612,15
2019-06-24,16:09:01.351000,10612,10613,10612,3
2019-06-24,16:09:01.867000,10612,10613,10613,1
2019-06-24,16:09:12.078000,10612,10613,10613,10
2019-06-24,16:09:12.672000,10612,10613,10613,2
2019-06-24,16:09:13.251000,10612,10613,10613,1
2019-06-24,16:09:14.946000,10612,10613,10612,1
2019-06-24,16:09:25.309000,10612,10613,10613,1
2019-06-24,16:09:41.191000,10612,10613,10613,1
2019-06-24,16:09:47.501000,10612,10613,10612,1
2019-06-24,16:10:09.378000,10612,10613,10612,2
2019-06-24,16:10:13.651000,10612,10613,10612,14
2019-06-24,16:10:14.859000,10611,10612,10612,5
2019-06-24,16:10:20.141000,10611,10612,10611,1
2019-06-24,16:10:20.145000,10611,10612,10611,2
2019-06-24,16:10:20.146000,10611,10612,10611,2
2019-06-24,16:10:23.101000,10610,10611,10610,4
2019-06-24,16:10:35.327000,10610,10611,10610,1
2019-06-24,16:10:38.668000,10610,10611,10610,1
2019-06-24,16:10:46.677000,10610,10611,10610,1
2019-06-24,16:11:12.356000,10610,10611,10610,1
2019-06-24,16:11:15.149000,10610,10611,10611,2
2019-06-24,16:11:15.149000,10610,10611,10611,5
2019-06-24,16:11:24.415000,10611,10612,10611,2
2019-06-24,16:11:50.943000,10611,10612,10612,7
2019-06-24,16:11:51.728000,10611,10613,10612,1
2019-06-24,16:12:01.527000,10612,10613,10613,1
2019-06-24,16:12:05.018000,10612,10613,10612,3
2019-06-24,16:12:05.542000,10612,10613,10613,2
2019-06-24,16:12:17.826000,10612,10613,10613,1
2019-06-24,16:12:19.784000,10612,10613,10612,1
2019-06-24,16:12:19.926000,10612,10613,10613,1
2019-06-24,16:12:52.187000,10612,10613,10613,1
2019-06-24,16:13:01.032000,10612,10613,10613,2
2019-06-24,16:13:01.050000,10612,10613,10613,2
2019-06-24,16:13:01.051000,10612,10613,10613,6
2019-06-24,16:13:01.051000,10612,10613,10613,1
2019-06-24,16:13:09.720000,10612,10613,10613,2
2019-06-24,16:13:10.264000,10613,10614,10613,1
2019-06-24,16:13:10.405000,10613,10614,10613,1
2019-06-24,16:13:11.661000,10613,10614,10613,1
2019-06-24,16:13:12.346000,10612,10613,10613,1
2019-06-24,16:13:26.182000,10612,10613,10613,1
2019-06-24,16:13:38.037000,10613,10614,10613,1
2019-06-24,16:13:45.293000,10613,10614,10613,4
2019-06-24,16:14:46.592000,10612,10613,10612,1
2019-06-24,16:14:46.916000,10612,10613,10612,1
2019-06-24,16:14:50.447000,10612,10613,10613,1
2019-06-24,16:15:16.591000,10612,10613,10613,1
2019-06-24,16:15:18.418000,10612,10613,10613,1
2019-06-24,16:15:34.583000,10612,10613,10612,5
2019-06-24,16:15:35.224000,10612,10613,10612,11
2019-06-24,16:15:49.954000,10611,10612,10612,1
2019-06-24,16:16:07.318000,10611,10612,10611,1
2019-06-24,16:16:07.443000,10611,10612,10611,1
2019-06-24,16:16:09.774000,10610,10611,10611,1
2019-06-24,16:16:16.269000,10611,10612,10611,1
2019-06-24,16:16:31.297000,10611,10612,10612,1
2019-06-24,16:16:33.827000,10611,10612,10611,1
2019-06-24,16:16:53.015000,10611,10612,10611,1
2019-06-24,16:16:56.457000,10611,10612,10612,1
2019-06-24,16:17:01.967000,10611,10612,10612,1
2019-06-24,16:17:01.969000,10611,10612,10612,1
2019-06-24,16:17:02.068000,10611,10612,10612,2
2019-06-24,16:17:02.068000,10611,10612,10612,1
2019-06-24,16:17:49.368000,10611,10612,10611,1
2019-06-24,16:17:49.443000,10611,10612,10611,1
2019-06-24,16:17:50.320000,10611,10612,10611,3
2019-06-24,16:18:03.895000,10611,10612,10611,1
2019-06-24,16:18:05.388000,10611,10612,10611,1
2019-06-24,16:18:09.906000,10611,10612,10611,3
2019-06-24,16:18:10.611000,10611,10612,10611,1
2019-06-24,16:18:31.968000,10611,10612,10611,1
2019-06-24,16:18:43.305000,10611,10612,10611,10
2019-06-24,16:18:48.338000,10611,10612,10611,1
2019-06-24,16:18:52.233000,10611,10612,10611,2
2019-06-24,16:19:09.540000,10610,10611,10611,1
2019-06-24,16:19:17.070000,10610,10611,10611,2
2019-06-24,16:19:48.200000,10610,10611,10611,1
2019-06-24,16:19:48.236000,10610,10611,10611,2
2019-06-24,16:19:48.266000,10610,10611,10611,4
2019-06-24,16:20:14.465000,10611,10612,10611,10
2019-06-24,16:20:20.673000,10611,10612,10611,8
2019-06-24,16:20:25.702000,10611,10612,10611,1
2019-06-24,16:20:59.212000,10611,10612,10611,2
2019-06-24,16:21:02.979000,10611,10612,10612,1
2019-06-24,16:21:02.981000,10611,10612,10612,1
2019-06-24,16:21:03.058000,10611,10612,10612,1
2019-06-24,16:21:03.068000,10611,10612,10612,11
2019-06-24,16:21:04.668000,10611,10613,10611,1
2019-06-24,16:21:13.392000,10612,10613,10612,1
2019-06-24,16:21:13.615000,10612,10613,10613,1
2019-06-24,16:21:32.571000,10612,10613,10613,1
2019-06-24,16:21:50.279000,10612,10613,10613,3
2019-06-24,16:21:50.318000,10612,10613,10613,2
2019-06-24,16:21:50.443000,10612,10613,10613,6
2019-06-24,16:21:55.149000,10612,10613,10613,1
2019-06-24,16:21:56.687000,10612,10613,10613,1
2019-06-24,16:21:56.993000,10612,10613,10612,1
2019-06-24,16:22:01.107000,10612,10613,10612,1
2019-06-24,16:22:24.375000,10612,10613,10613,12
2019-06-24,16:22:27.971000,10613,10614,10613,1
2019-06-24,16:22:30.990000,10613,10614,10613,1
2019-06-24,16:22:57.909000,10613,10614,10613,1
2019-06-24,16:22:57.967000,10613,10614,10614,10
2019-06-24,16:22:58.176000,10613,10614,10614,1
2019-06-24,16:23:09.633000,10613,10614,10614,3
2019-06-24,16:23:47.465000,10613,10614,10614,1
2019-06-24,16:23:57.899000,10613,10614,10614,1
2019-06-24,16:24:00.996000,10613,10614,10614,1
2019-06-24,16:24:12.604000,10613,10614,10614,1
2019-06-24,16:24:31.691000,10613,10614,10614,1
2019-06-24,16:24:37.592000,10613,10614,10613,1
2019-06-24,16:24:39.230000,10613,10614,10614,1
2019-06-24,16:24:47.943000,10613,10614,10613,12
2019-06-24,16:24:52.534000,10612,10613,10613,1
2019-06-24,16:25:03.483000,10612,10613,10612,1
2019-06-24,16:25:04.226000,10612,10613,10613,1
2019-06-24,16:25:31.899000,10612,10613,10613,1
2019-06-24,16:25:42.943000,10612,10613,10613,2
2019-06-24,16:25:42.943000,10612,10613,10613,2
2019-06-24,16:25:42.943000,10612,10613,10613,3
2019-06-24,16:26:14.679000,10612,10613,10613,1
2019-06-24,16:26:19.830000,10612,10613,10613,1
2019-06-24,16:26:52.572000,10612,10613,10613,4
2019-06-24,16:26:59.086000,10612,10613,10612,5
2019-06-24,16:27:01.135000,10612,10613,10613,1
2019-06-24,16:27:04.063000,10612,10613,10613,7
2019-06-24,16:27:05.762000,10613,10614,10613,1
2019-06-24,16:27:06.104000,10612,10613,10612,5
2019-06-24,16:27:13.430000,10612,10613,10612,5
2019-06-24,16:27:23.695000,10612,10613,10612,4
2019-06-24,16:28:00.039000,10612,10613,10613,5
2019-06-24,16:28:00.058000,10612,10613,10613,1
2019-06-24,16:28:02.968000,10613,10614,10614,7
2019-06-24,16:28:17.592000,10613,10614,10614,2
2019-06-24,16:28:19.547000,10613,10614,10614,1
2019-06-24,16:28:30.563000,10613,10614,10613,1
2019-06-24,16:29:41.501000,10613,10614,10613,2
2019-06-24,16:29:46.422000,10613,10614,10613,1
2019-06-24,16:30:00.035000,10613,10614,10613,5
2019-06-24,16:30:00.145000,10613,10614,10614,1
2019-06-24,16:30:32.600000,10613,10614,10613,4
2019-06-24,16:30:32.693000,10613,10614,10613,1
2019-06-24,16:30:32.693000,10613,10614,10613,2
2019-06-24,16:30:35.744000,10613,10614,10614,1
2019-06-24,16:30:46.725000,10612,10614,10614,2
2019-06-24,16:31:12.189000,10613,10614,10613,1
2019-06-24,16:31:18.203000,10613,10614,10613,1
2019-06-24,16:32:34.865000,10613,10614,10613,1
2019-06-24,16:32:48.160000,10613,10614,10613,1
2019-06-24,16:32:57.509000,10613,10614,10613,1
2019-06-24,16:32:57.666000,10613,10614,10614,2
2019-06-24,16:33:05.316000,10613,10614,10614,4
2019-06-24,16:33:49.579000,10613,10614,10614,1
2019-06-24,16:33:54.130000,10613,10614,10613,1
2019-06-24,16:33:54.130000,10613,10614,10613,1
2019-06-24,16:33:57.739000,10612,10613,10613,1
2019-06-24,16:34:03.854000,10612,10613,10613,1
2019-06-24,16:34:06.433000,10612,10613,10613,1
2019-06-24,16:34:06.965000,10612,10613,10613,1
2019-06-24,16:34:16.352000,10612,10613,10613,5
2019-06-24,16:34:18.525000,10612,10613,10612,1
2019-06-24,16:34:25.213000,10612,10613,10612,9
2019-06-24,16:34:25.500000,10611,10612,10612,1
2019-06-24,16:34:47.083000,10611,10612,10612,1
2019-06-24,16:35:50.635000,10611,10612,10611,1
2019-06-24,16:35:51.430000,10611,10612,10611,1
2019-06-24,16:36:10.645000,10611,10612,10611,1
2019-06-24,16:36:19.168000,10611,10612,10612,3
2019-06-24,16:36:28.124000,10611,10612,10612,1
2019-06-24,16:36:36.588000,10612,10613,10612,1
2019-06-24,16:36:36.588000,10612,10613,10612,1
2019-06-24,16:36:36.693000,10612,10613,10612,1
2019-06-24,16:37:00.064000,10611,10612,10612,2
2019-06-24,16:37:14.888000,10611,10612,10612,2
2019-06-24,16:37:26.574000,10611,10612,10611,1
2019-06-24,16:37:33.962000,10611,10612,10611,1
2019-06-24,16:37:39.847000,10611,10612,10611,1
2019-06-24,16:37:55.806000,10611,10612,10611,1
2019-06-24,16:38:01.406000,10611,10612,10611,2
2019-06-24,16:38:01.597000,10611,10612,10611,2
2019-06-24,16:38:01.597000,10611,10612,10611,3
2019-06-24,16:38:01.597000,10611,10612,10611,5
2019-06-24,16:38:01.599000,10611,10612,10611,2
2019-06-24,16:38:01.756000,10610,10611,10610,1
2019-06-24,16:38:01.779000,10610,10611,10610,3
2019-06-24,16:38:01.796000,10610,10611,10610,1
2019-06-24,16:38:02.409000,10610,10611,10610,4
2019-06-24,16:38:08.991000,10610,10611,10611,2
2019-06-24,16:38:21.106000,10610,10611,10611,2
2019-06-24,16:38:27.210000,10610,10611,10611,2
2019-06-24,16:38:30.689000,10610,10611,10611,5
2019-06-24,16:38:35.342000,10610,10612,10611,1
2019-06-24,16:38:45.295000,10611,10612,10611,1
2019-06-24,16:38:56.820000,10611,10612,10611,1
2019-06-24,16:39:08.623000,10611,10612,10611,7
2019-06-24,16:39:21.995000,10610,10611,10611,1
2019-06-24,16:39:29.131000,10610,10611,10611,1
2019-06-24,16:39:35.553000,10610,10611,10611,1
2019-06-24,16:39:45.373000,10610,10611,10611,2
2019-06-24,16:39:55.414000,10610,10611,10611,2
2019-06-24,16:39:56.255000,10610,10611,10611,1
2019-06-24,16:40:12.515000,10610,10611,10611,1
2019-06-24,16:40:13.762000,10610,10611,10611,1
2019-06-24,16:40:20.011000,10610,10611,10611,2
2019-06-24,16:40:20.068000,10610,10611,10611,1
2019-06-24,16:40:20.068000,10610,10611,10611,1
2019-06-24,16:40:20.193000,10610,10611,10611,1
2019-06-24,16:40:20.193000,10610,10611,10611,1
2019-06-24,16:40:20.318000,10610,10611,10611,2
2019-06-24,16:40:20.318000,10610,10611,10611,1
2019-06-24,16:40:39.256000,10611,10612,10612,1
2019-06-24,16:40:41.134000,10611,10612,10612,1
2019-06-24,16:40:48.663000,10611,10612,10612,1
2019-06-24,16:40:50.826000,10611,10612,10612,1
2019-06-24,16:40:55.332000,10611,10612,10612,1
2019-06-24,16:40:59.588000,10611,10612,10612,1
2019-06-24,16:41:05.217000,10611,10612,10612,1
2019-06-24,16:41:34.094000,10611,10612,10612,1
2019-06-24,16:41:37.088000,10611,10612,10612,1
2019-06-24,16:41:38.090000,10611,10612,10612,1
2019-06-24,16:41:59.818000,10611,10612,10611,1
2019-06-24,16:42:00.111000,10611,10612,10611,1
2019-06-24,16:42:24.950000,10611,10612,10612,8
2019-06-24,16:42:24.951000,10611,10612,10612,4
2019-06-24,16:43:08.244000,10612,10613,10612,1
2019-06-24,16:43:14.680000,10612,10613,10612,1
2019-06-24,16:43:43.160000,10612,10613,10613,4
2019-06-24,16:43:43.320000,10612,10614,10613,1
2019-06-24,16:43:57.536000,10613,10614,10614,1
2019-06-24,16:44:04.247000,10613,10614,10613,1
2019-06-24,16:44:04.247000,10613,10614,10613,1
2019-06-24,16:44:04.273000,10613,10614,10613,1
2019-06-24,16:44:04.274000,10613,10614,10613,1
2019-06-24,16:44:04.278000,10613,10614,10613,1
2019-06-24,16:44:04.283000,10613,10614,10612,2
2019-06-24,16:44:20.082000,10612,10613,10613,3
2019-06-24,16:44:33.975000,10612,10613,10613,1
2019-06-24,16:44:34.068000,10612,10613,10613,1
2019-06-24,16:44:34.068000,10612,10613,10613,1
2019-06-24,16:44:34.193000,10612,10613,10613,1
2019-06-24,16:44:34.504000,10612,10614,10613,1
2019-06-24,16:44:39.269000,10612,10613,10612,2
2019-06-24,16:44:43.301000,10612,10613,10613,1
2019-06-24,16:44:57.532000,10612,10613,10613,4
2019-06-24,16:44:57.869000,10613,10614,10613,1
2019-06-24,16:45:11.251000,10613,10614,10613,1
2019-06-24,16:45:14.514000,10613,10614,10613,1
2019-06-24,16:45:18.208000,10613,10614,10613,1
2019-06-24,16:45:18.208000,10613,10614,10613,1
2019-06-24,16:45:18.209000,10613,10614,10613,2
2019-06-24,16:45:41.135000,10612,10613,10613,1
2019-06-24,16:45:47.152000,10612,10613,10612,2
2019-06-24,16:45:53.875000,10612,10613,10613,1
2019-06-24,16:46:12.921000,10612,10613,10613,1
2019-06-24,16:46:29.674000,10612,10613,10612,1
2019-06-24,16:46:38.457000,10612,10613,10612,1
2019-06-24,16:46:38.696000,10612,10613,10612,2
2019-06-24,16:47:04.471000,10612,10613,10612,2
2019-06-24,16:47:04.487000,10612,10613,10612,2
2019-06-24,16:47:04.568000,10612,10613,10612,4
2019-06-24,16:47:04.568000,10612,10613,10612,2
2019-06-24,16:47:23.334000,10611,10612,10612,1
2019-06-24,16:47:46.937000,10611,10612,10611,4
2019-06-24,16:48:01.739000,10611,10612,10611,1
2019-06-24,16:48:16.860000,10611,10612,10612,1
2019-06-24,16:48:16.904000,10611,10612,10612,1
2019-06-24,16:48:16.905000,10611,10612,10612,4
2019-06-24,16:48:16.910000,10611,10612,10612,1
2019-06-24,16:48:16.910000,10611,10612,10612,1
2019-06-24,16:48:16.943000,10611,10612,10612,1
2019-06-24,16:48:17.422000,10612,10613,10612,4
2019-06-24,16:48:25.672000,10612,10613,10612,1
2019-06-24,16:49:26.373000,10612,10613,10613,1
2019-06-24,16:49:34.268000,10612,10613,10612,1
2019-06-24,16:49:34.268000,10612,10613,10612,1
2019-06-24,16:49:34.270000,10612,10613,10612,1
2019-06-24,16:49:34.318000,10612,10613,10612,2
2019-06-24,16:50:36.319000,10611,10612,10612,1
2019-06-24,16:51:05.207000,10611,10612,10612,1
2019-06-24,16:51:11.691000,10611,10612,10612,4
2019-06-24,16:51:22.418000,10611,10612,10612,1
2019-06-24,16:51:23.899000,10611,10612,10612,3
2019-06-24,16:51:24.529000,10612,10613,10612,1
2019-06-24,16:51:47.384000,10611,10612,10612,2
2019-06-24,16:51:54.218000,10611,10612,10612,2
2019-06-24,16:51:54.321000,10611,10612,10612,1
2019-06-24,16:52:04.857000,10611,10612,10611,3
2019-06-24,16:52:05.369000,10611,10612,10611,1
2019-06-24,16:52:05.372000,10611,10612,10611,1
2019-06-24,16:52:05.372000,10611,10612,10611,1
2019-06-24,16:52:32.714000,10611,10612,10612,14
2019-06-24,16:52:34.045000,10612,10613,10612,1
2019-06-24,16:54:14.429000,10612,10613,10612,1
2019-06-24,16:54:15.962000,10612,10613,10612,4
2019-06-24,16:54:18.085000,10612,10613,10612,2
2019-06-24,16:54:33.333000,10612,10613,10612,2
2019-06-24,16:54:34.192000,10612,10613,10612,5
2019-06-24,16:54:39.960000,10612,10613,10612,3
2019-06-24,16:54:42.158000,10612,10613,10612,1
2019-06-24,16:54:53.716000,10612,10613,10613,1
2019-06-24,16:55:04.192000,10612,10613,10613,1
2019-06-24,16:55:20.256000,10612,10613,10613,1
2019-06-24,16:55:26.635000,10612,10613,10612,1
2019-06-24,16:55:27.044000,10612,10613,10612,2
2019-06-24,16:55:38.546000,10612,10613,10613,4
2019-06-24,16:56:02.160000,10612,10613,10612,2
2019-06-24,16:56:29.568000,10612,10613,10612,3
2019-06-24,16:56:37.375000,10612,10613,10612,4
2019-06-24,16:56:37.453000,10612,10613,10612,3
2019-06-24,16:56:38.643000,10612,10613,10613,1
2019-06-24,16:56:38.939000,10612,10613,10613,1
2019-06-24,16:57:07.670000,10612,10613,10613,1
2019-06-24,16:57:08.674000,10612,10613,10612,1
2019-06-24,16:57:49.707000,10612,10613,10612,2
2019-06-24,16:57:50.129000,10612,10613,10613,1
2019-06-24,16:57:50.303000,10612,10613,10613,1
2019-06-24,16:57:59.490000,10612,10613,10612,4
2019-06-24,16:58:23.509000,10612,10613,10612,4
2019-06-24,16:58:56.637000,10612,10613,10613,3
2019-06-24,16:59:16.676000,10612,10613,10613,1
2019-06-24,16:59:25.875000,10612,10613,10613,1
2019-06-24,16:59:41.394000,10612,10613,10613,2
2019-06-24,16:59:59.213000,10612,10613,10612,2
2019-06-24,17:00:04.435000,10612,10613,10612,2
2019-06-24,17:00:04.991000,10612,10613,10613,4
2019-06-24,17:00:04.996000,10612,10613,10612,1
2019-06-24,17:00:05.912000,10612,10613,10612,2
2019-06-24,17:00:09.688000,10612,10613,10612,4
2019-06-24,17:00:32.206000,10612,10613,10613,1
2019-06-24,17:00:44.944000,10612,10613,10612,4
2019-06-24,17:00:44.944000,10612,10613,10612,1
2019-06-24,17:00:45.166000,10612,10613,10612,4
2019-06-24,17:00:45.227000,10611,10613,10611,4
2019-06-24,17:00:50.094000,10611,10612,10611,4
2019-06-24,17:00:50.572000,10611,10612,10611,4
2019-06-24,17:00:51.074000,10611,10612,10611,4
2019-06-24,17:01:36.464000,10611,10612,10611,1
2019-06-24,17:01:42.817000,10611,10612,10611,2
2019-06-24,17:01:42.818000,10611,10612,10611,1
2019-06-24,17:01:50.563000,10611,10612,10611,4
2019-06-24,17:01:50.862000,10611,10612,10611,9
2019-06-24,17:02:00.787000,10611,10612,10611,1
2019-06-24,17:02:12.905000,10611,10612,10611,4
2019-06-24,17:02:17.374000,10610,10611,10611,2
2019-06-24,17:02:19.642000,10610,10611,10611,1
2019-06-24,17:02:22.746000,10610,10611,10611,6
2019-06-24,17:02:40.285000,10611,10612,10612,1
2019-06-24,17:02:56.653000,10611,10612,10611,5
2019-06-24,17:03:04.443000,10611,10612,10612,1
2019-06-24,17:03:04.689000,10611,10612,10612,1
2019-06-24,17:03:14.455000,10611,10612,10611,5
2019-06-24,17:03:14.924000,10611,10612,10611,3
2019-06-24,17:03:23.094000,10611,10612,10611,7
2019-06-24,17:03:24.519000,10610,10611,10611,1
2019-06-24,17:03:24.871000,10610,10611,10611,1
2019-06-24,17:03:25.825000,10611,10612,10611,1
2019-06-24,17:03:29.695000,10611,10612,10611,1
2019-06-24,17:03:30.504000,10610,10611,10611,1
2019-06-24,17:03:31.741000,10611,10612,10611,1
2019-06-24,17:03:40.548000,10611,10612,10611,1
2019-06-24,17:04:07.320000,10611,10612,10612,3
2019-06-24,17:04:13.374000,10611,10612,10611,2
2019-06-24,17:04:47.114000,10611,10612,10611,1
2019-06-24,17:06:44.620000,10611,10612,10611,1
2019-06-24,17:06:45.825000,10611,10612,10611,1
2019-06-24,17:06:51.595000,10611,10612,10611,2
2019-06-24,17:06:51.693000,10611,10612,10611,13
2019-06-24,17:06:55.707000,10610,10611,10611,2
2019-06-24,17:07:09.891000,10610,10611,10611,3
2019-06-24,17:07:24.840000,10610,10611,10610,4
2019-06-24,17:07:38.142000,10610,10611,10610,5
2019-06-24,17:07:56.207000,10610,10611,10610,4
2019-06-24,17:08:00.348000,10610,10611,10610,1
2019-06-24,17:08:00.531000,10610,10611,10610,3
2019-06-24,17:08:01.118000,10610,10611,10610,1
2019-06-24,17:08:01.250000,10610,10611,10610,1
2019-06-24,17:08:05.906000,10610,10611,10610,1
2019-06-24,17:08:08.030000,10610,10611,10610,3
2019-06-24,17:08:35.644000,10610,10611,10610,3
2019-06-24,17:08:35.693000,10610,10611,10610,1
2019-06-24,17:08:39.876000,10610,10611,10610,2
2019-06-24,17:08:43.689000,10610,10611,10610,1
2019-06-24,17:09:11.113000,10610,10611,10610,4
2019-06-24,17:09:27.439000,10610,10611,10610,20
2019-06-24,17:09:28.760000,10610,10611,10610,1
2019-06-24,17:09:43.070000,10610,10611,10610,2
2019-06-24,17:09:50.669000,10610,10611,10610,2
2019-06-24,17:09:51.178000,10610,10611,10610,2
2019-06-24,17:10:05.693000,10610,10611,10610,7
2019-06-24,17:10:05.693000,10610,10611,10610,11
2019-06-24,17:10:09.818000,10609,10610,10609,4
2019-06-24,17:10:09.850000,10609,10610,10609,4
2019-06-24,17:10:09.943000,10609,10610,10609,4
2019-06-24,17:10:09.945000,10609,10610,10609,9
2019-06-24,17:10:10.045000,10609,10610,10609,1
2019-06-24,17:10:11.781000,10609,10610,10610,2
2019-06-24,17:10:20.467000,10609,10610,10609,1
2019-06-24,17:10:26.526000,10609,10610,10610,2
2019-06-24,17:10:27.237000,10609,10610,10609,1
2019-06-24,17:10:36.990000,10609,10610,10610,1
2019-06-24,17:10:58.455000,10609,10610,10610,4
2019-06-24,17:11:05.281000,10609,10610,10610,4
2019-06-24,17:11:09.940000,10609,10610,10610,4
2019-06-24,17:11:14.387000,10609,10610,10610,4
2019-06-24,17:11:18.097000,10609,10610,10610,1
2019-06-24,17:11:20.606000,10609,10610,10610,4
2019-06-24,17:11:25.178000,10609,10610,10610,4
2019-06-24,17:11:25.584000,10609,10610,10610,1
2019-06-24,17:11:35.026000,10609,10610,10609,1
2019-06-24,17:11:36.516000,10609,10610,10610,1
2019-06-24,17:11:36.881000,10609,10610,10610,5
2019-06-24,17:11:46.763000,10609,10610,10609,3
2019-06-24,17:11:46.775000,10609,10610,10609,2
2019-06-24,17:11:46.800000,10609,10610,10609,4
2019-06-24,17:11:46.818000,10609,10610,10609,1
2019-06-24,17:11:46.864000,10609,10610,10609,4
2019-06-24,17:11:47.344000,10609,10610,10609,1
2019-06-24,17:11:48.369000,10609,10610,10609,1
2019-06-24,17:11:49.494000,10609,10610,10609,1
2019-06-24,17:11:51.735000,10609,10610,10609,1
2019-06-24,17:11:53.107000,10609,10610,10609,1
2019-06-24,17:11:53.558000,10608,10609,10609,1
2019-06-24,17:12:02.820000,10608,10609,10609,4
2019-06-24,17:12:07.662000,10608,10609,10608,2
2019-06-24,17:12:08.260000,10608,10609,10608,14
2019-06-24,17:12:08.271000,10608,10609,10608,1
2019-06-24,17:12:08.558000,10608,10609,10609,1
2019-06-24,17:12:18.206000,10608,10609,10608,3
2019-06-24,17:12:18.898000,10608,10609,10608,2
2019-06-24,17:12:20.333000,10608,10609,10608,2
2019-06-24,17:12:31.239000,10608,10609,10608,1
2019-06-24,17:13:03.717000,10608,10609,10608,1
2019-06-24,17:13:03.717000,10608,10609,10608,1
2019-06-24,17:13:11.579000,10608,10609,10609,1
2019-06-24,17:13:13.568000,10608,10609,10609,1
2019-06-24,17:13:13.693000,10608,10609,10609,1
2019-06-24,17:13:13.693000,10608,10609,10609,1
2019-06-24,17:13:13.818000,10608,10609,10609,1
2019-06-24,17:13:13.943000,10608,10609,10609,1
2019-06-24,17:13:16.432000,10608,10609,10609,1
2019-06-24,17:13:16.443000,10608,10609,10609,4
2019-06-24,17:13:23.782000,10609,10610,10609,1
2019-06-24,17:13:27.513000,10609,10610,10610,2
2019-06-24,17:13:28.994000,10609,10610,10609,1
2019-06-24,17:13:46.406000,10609,10610,10610,1
2019-06-24,17:13:50.033000,10609,10610,10610,1
2019-06-24,17:13:59.046000,10609,10610,10610,2
2019-06-24,17:14:01.207000,10609,10610,10610,1
2019-06-24,17:14:05.995000,10609,10610,10609,1
2019-06-24,17:14:07.089000,10609,10610,10610,2
2019-06-24,17:14:10.080000,10609,10610,10610,1
2019-06-24,17:14:24.663000,10609,10610,10610,1
2019-06-24,17:14:26.747000,10609,10610,10609,3
2019-06-24,17:15:48.693000,10609,10610,10609,1
2019-06-24,17:15:48.818000,10609,10610,10609,3
2019-06-24,17:15:49.128000,10609,10610,10609,2
2019-06-24,17:15:49.805000,10609,10610,10609,1
2019-06-24,17:16:10.446000,10609,10610,10609,6
2019-06-24,17:16:11.349000,10609,10610,10609,1
2019-06-24,17:16:11.366000,10609,10610,10609,2
2019-06-24,17:16:11.376000,10609,10610,10609,1
2019-06-24,17:16:11.405000,10609,10610,10609,3
2019-06-24,17:16:11.416000,10609,10610,10609,1
2019-06-24,17:16:11.416000,10609,10610,10608,2
2019-06-24,17:16:33.589000,10608,10609,10609,1
2019-06-24,17:16:33.589000,10608,10609,10610,1
2019-06-24,17:16:34.644000,10609,10610,10609,1
2019-06-24,17:16:42.733000,10609,10610,10609,1
2019-06-24,17:16:44.062000,10609,10610,10609,6
2019-06-24,17:16:50.700000,10609,10610,10609,1
2019-06-24,17:16:56.139000,10609,10610,10610,2
2019-06-24,17:16:56.861000,10609,10610,10610,1
2019-06-24,17:17:00.858000,10609,10610,10610,1
2019-06-24,17:17:03.936000,10609,10610,10610,4
2019-06-24,17:17:04.977000,10609,10610,10609,18
2019-06-24,17:17:09.149000,10609,10610,10610,1
2019-06-24,17:17:09.337000,10609,10610,10609,1
2019-06-24,17:17:24.329000,10609,10610,10609,1
2019-06-24,17:17:24.471000,10609,10610,10609,3
2019-06-24,17:17:52.016000,10609,10610,10609,1
2019-06-24,17:17:58.812000,10609,10610,10610,6
2019-06-24,17:17:59.840000,10609,10610,10610,2
2019-06-24,17:17:59.840000,10609,10610,10610,2
2019-06-24,17:17:59.841000,10609,10610,10610,2
2019-06-24,17:18:04.561000,10610,10611,10610,6
2019-06-24,17:18:04.969000,10610,10611,10610,1
2019-06-24,17:18:04.987000,10610,10611,10610,1
2019-06-24,17:18:06.646000,10610,10611,10611,1
2019-06-24,17:18:20.429000,10610,10611,10611,1
2019-06-24,17:18:23.305000,10610,10611,10611,2
2019-06-24,17:18:28.053000,10610,10611,10611,1
2019-06-24,17:18:57.124000,10610,10611,10611,1
2019-06-24,17:19:10.674000,10610,10611,10611,1
2019-06-24,17:19:19.409000,10610,10611,10611,2
2019-06-24,17:19:20.411000,10610,10611,10611,1
2019-06-24,17:19:23.349000,10610,10611,10611,1
2019-06-24,17:19:40.970000,10610,10611,10611,1
2019-06-24,17:20:22.143000,10610,10611,10610,1
2019-06-24,17:20:22.508000,10610,10611,10610,12
2019-06-24,17:20:22.792000,10610,10611,10610,8
2019-06-24,17:20:22.884000,10610,10611,10610,4
2019-06-24,17:20:23.567000,10610,10611,10610,1
2019-06-24,17:20:23.567000,10610,10611,10609,2
2019-06-24,17:20:23.575000,10609,10611,10609,3
2019-06-24,17:21:00.915000,10609,10610,10610,1
2019-06-24,17:21:00.996000,10609,10610,10610,1
2019-06-24,17:21:04.964000,10610,10611,10611,2
2019-06-24,17:21:04.964000,10610,10611,10611,3
2019-06-24,17:21:05.232000,10611,10612,10612,2
2019-06-24,17:21:05.259000,10611,10612,10612,1
2019-06-24,17:21:15.728000,10611,10612,10612,1
2019-06-24,17:21:16.924000,10611,10612,10612,4
2019-06-24,17:21:29.834000,10611,10612,10612,2
2019-06-24,17:22:02.992000,10611,10612,10612,7
2019-06-24,17:22:24.088000,10611,10612,10612,2
2019-06-24,17:22:35.167000,10611,10612,10612,2
2019-06-24,17:22:39.943000,10611,10612,10611,1
2019-06-24,17:22:40.068000,10611,10612,10611,1
2019-06-24,17:22:40.193000,10611,10612,10611,1
2019-06-24,17:22:48.193000,10611,10612,10611,1
2019-06-24,17:22:49.954000,10611,10612,10611,1
2019-06-24,17:23:13.978000,10610,10611,10610,1
2019-06-24,17:23:14.068000,10610,10611,10610,1
2019-06-24,17:23:18.318000,10610,10611,10610,1
2019-06-24,17:23:49.366000,10609,10610,10610,1
2019-06-24,17:23:55.334000,10609,10610,10610,1
2019-06-24,17:25:06.563000,10609,10610,10610,2
2019-06-24,17:25:11.919000,10609,10610,10610,1
2019-06-24,17:25:17.252000,10609,10610,10610,1
2019-06-24,17:25:20.835000,10610,10611,10611,1
2019-06-24,17:25:20.968000,10610,10611,10610,1
2019-06-24,17:25:23.844000,10610,10611,10610,1
2019-06-24,17:25:23.852000,10610,10611,10610,1
2019-06-24,17:25:23.859000,10610,10611,10610,2
2019-06-24,17:25:55.882000,10610,10611,10610,5
2019-06-24,17:27:10.902000,10610,10611,10610,5
2019-06-24,17:27:11.890000,10610,10611,10610,1
2019-06-24,17:27:39.987000,10610,10611,10610,8
2019-06-24,17:27:39.988000,10610,10611,10610,5
2019-06-24,17:27:56.910000,10609,10610,10610,2
2019-06-24,17:27:57.068000,10610,10611,10611,1
2019-06-24,17:27:57.068000,10610,10611,10611,1
2019-06-24,17:27:57.068000,10610,10611,10611,1
2019-06-24,17:27:57.068000,10610,10611,10611,1
2019-06-24,17:27:57.069000,10610,10611,10611,1
2019-06-24,17:28:19.051000,10610,10611,10611,1
2019-06-24,17:28:19.068000,10610,10611,10611,1
2019-06-24,17:28:19.068000,10610,10611,10611,1
2019-06-24,17:28:19.316000,10610,10611,10611,1
2019-06-24,17:28:19.466000,10610,10611,10611,1
2019-06-24,17:28:19.568000,10610,10611,10611,10
2019-06-24,17:28:51.148000,10610,10611,10611,1
2019-06-24,17:29:18.417000,10610,10611,10611,1
2019-06-24,17:30:17.356000,10611,10612,10611,3
2019-06-24,17:30:17.562000,10611,10612,10611,2
2019-06-24,17:30:32.756000,10611,10612,10611,1
2019-06-24,17:30:48.212000,10611,10612,10611,2
2019-06-24,17:31:05.368000,10611,10612,10611,2
2019-06-24,17:31:05.373000,10611,10612,10611,3
2019-06-24,17:31:11.925000,10610,10611,10611,1
2019-06-24,17:32:17.753000,10610,10611,10610,1
2019-06-24,17:32:19.428000,10610,10611,10610,1
2019-06-24,17:32:44.107000,10609,10610,10609,1
2019-06-24,17:33:08.409000,10609,10610,10609,1
2019-06-24,17:33:09.086000,10609,10610,10609,2
2019-06-24,17:33:13.884000,10609,10610,10610,5
2019-06-24,17:34:04.671000,10609,10610,10609,2
2019-06-24,17:34:13.032000,10609,10610,10609,5
2019-06-24,17:34:44.209000,10609,10610,10609,1
2019-06-24,17:34:49.949000,10609,10610,10609,11
2019-06-24,17:34:51.826000,10608,10609,10608,3
2019-06-24,17:34:52.566000,10609,10610,10609,1
2019-06-24,17:35:57.833000,10609,10610,10609,1
2019-06-24,17:35:58.748000,10609,10610,10609,1
2019-06-24,17:35:58.755000,10609,10610,10609,1
2019-06-24,17:35:58.756000,10609,10610,10609,1
2019-06-24,17:36:43.639000,10608,10609,10609,1
2019-06-24,17:36:47.003000,10608,10609,10609,6
2019-06-24,17:37:20.995000,10609,10610,10609,2
2019-06-24,17:38:20.947000,10609,10610,10610,1
2019-06-24,17:38:20.947000,10609,10610,10610,2
2019-06-24,17:38:20.947000,10609,10610,10610,1
2019-06-24,17:38:21.068000,10609,10610,10610,9
2019-06-24,17:38:42.901000,10610,10611,10610,2
2019-06-24,17:39:21.318000,10609,10610,10610,4
2019-06-24,17:40:35.578000,10610,10611,10610,1
2019-06-24,17:40:36.913000,10610,10611,10610,2
2019-06-24,17:40:37.049000,10610,10611,10610,2
2019-06-24,17:40:38.146000,10609,10610,10610,1
2019-06-24,17:40:40.864000,10609,10610,10610,1
2019-06-24,17:41:22.940000,10610,10611,10610,1
2019-06-24,17:41:30.808000,10610,10611,10610,1
2019-06-24,17:41:48.169000,10610,10611,10610,1
2019-06-24,17:44:02.018000,10610,10611,10611,1
2019-06-24,17:44:24.414000,10610,10611,10611,1
2019-06-24,17:44:27.129000,10610,10611,10611,1
2019-06-24,17:44:27.130000,10610,10611,10611,3
2019-06-24,17:44:27.140000,10610,10611,10611,1
2019-06-24,17:44:27.172000,10610,10611,10611,2
2019-06-24,17:44:42.433000,10611,10612,10611,3
2019-06-24,17:44:55.862000,10611,10612,10612,1
2019-06-24,17:45:01.760000,10611,10612,10611,1
2019-06-24,17:45:01.823000,10611,10612,10611,1
2019-06-24,17:45:03.290000,10611,10612,10612,2
2019-06-24,17:45:20.012000,10611,10612,10612,1
2019-06-24,17:45:52.981000,10611,10612,10612,1
2019-06-24,17:46:10.003000,10611,10612,10612,1
2019-06-24,17:46:18.808000,10611,10612,10611,2
2019-06-24,17:46:29.760000,10611,10612,10611,1
2019-06-24,17:46:36.993000,10611,10612,10611,1
2019-06-24,17:46:57.645000,10611,10612,10611,1
2019-06-24,17:46:57.645000,10611,10612,10611,2
2019-06-24,17:46:57.693000,10611,10612,10611,1
2019-06-24,17:46:57.693000,10611,10612,10611,4
2019-06-24,17:46:57.735000,10611,10612,10611,1
2019-06-24,17:46:57.818000,10611,10612,10611,2
2019-06-24,17:47:40.898000,10610,10611,10611,1
2019-06-24,17:48:20.164000,10611,10612,10611,2
2019-06-24,17:49:16.667000,10611,10612,10612,1
2019-06-24,17:49:35.443000,10611,10612,10612,1
2019-06-24,17:49:35.693000,10611,10612,10612,1
2019-06-24,17:49:36.068000,10611,10612,10612,1
2019-06-24,17:49:42.674000,10611,10612,10612,1
2019-06-24,17:49:46.189000,10611,10612,10612,1
2019-06-24,17:50:04.684000,10611,10612,10612,5
2019-06-24,17:50:45.015000,10611,10612,10612,1
2019-06-24,17:50:52.206000,10611,10612,10612,1
2019-06-24,17:50:57.402000,10611,10612,10612,5
2019-06-24,17:50:57.650000,10611,10612,10612,3
2019-06-24,17:51:07.350000,10611,10612,10612,2
2019-06-24,17:52:52.193000,10611,10612,10611,4
2019-06-24,17:52:52.318000,10611,10612,10611,4
2019-06-24,17:53:19.959000,10610,10611,10611,2
2019-06-24,17:53:26.047000,10610,10611,10611,1
2019-06-24,17:53:37.228000,10610,10611,10611,1
2019-06-24,17:53:41.671000,10610,10611,10611,1
2019-06-24,17:54:14.944000,10611,10612,10611,2
2019-06-24,17:55:34.652000,10611,10612,10612,3
2019-06-24,17:56:59.111000,10611,10612,10612,1
2019-06-24,17:56:59.699000,10611,10612,10612,1
2019-06-24,17:57:16.128000,10611,10612,10612,2
2019-06-24,17:57:23.196000,10611,10612,10612,2
2019-06-24,17:57:53.144000,10611,10612,10612,5
2019-06-24,17:58:19.948000,10612,10613,10613,1
2019-06-24,17:58:20.159000,10612,10613,10613,1
2019-06-24,17:58:40.031000,10612,10613,10613,2
2019-06-24,17:58:50.618000,10612,10613,10613,1
2019-06-24,17:58:57.515000,10612,10613,10613,1
2019-06-24,17:59:04.410000,10612,10613,10613,4
2019-06-24,17:59:21.963000,10613,10614,10613,5
2019-06-24,17:59:32.107000,10612,10613,10612,19
2019-06-24,17:59:32.443000,10611,10612,10612,1
2019-06-24,17:59:32.980000,10611,10612,10612,1
2019-06-24,17:59:40.581000,10612,10613,10613,1
2019-06-24,17:59:49.012000,10612,10613,10612,1
2019-06-24,17:59:52.458000,10612,10613,10612,3
2019-06-24,17:59:59.515000,10612,10613,10612,5
2019-06-24,18:00:03.105000,10612,10613,10613,5
2019-06-24,18:00:03.178000,10612,10613,10614,3
2019-06-24,18:00:03.180000,10612,10613,10614,2
2019-06-24,18:00:03.427000,10613,10614,10613,2
2019-06-24,18:00:05.116000,10612,10614,10613,1
2019-06-24,18:00:05.171000,10612,10614,10612,1
2019-06-24,18:00:05.195000,10612,10614,10612,1
2019-06-24,18:00:35.270000,10613,10614,10613,1
2019-06-24,18:00:39.963000,10612,10613,10613,5
2019-06-24,18:00:52.244000,10612,10613,10613,1
2019-06-24,18:00:54.226000,10612,10613,10612,3
2019-06-24,18:01:08.900000,10612,10613,10613,4
2019-06-24,18:01:08.900000,10612,10613,10614,1
2019-06-24,18:01:18.128000,10612,10614,10614,1
2019-06-24,18:01:48.164000,10613,10614,10613,1
2019-06-24,18:01:53.547000,10613,10614,10613,1
2019-06-24,18:01:55.995000,10612,10613,10613,2
2019-06-24,18:01:55.996000,10612,10613,10613,12
2019-06-24,18:02:00.570000,10613,10614,10613,15
2019-06-24,18:02:01.808000,10612,10614,10614,1
2019-06-24,18:02:08.268000,10613,10614,10613,15
2019-06-24,18:02:49.728000,10613,10614,10613,5
2019-06-24,18:02:59.432000,10613,10614,10614,1
2019-06-24,18:03:02.413000,10613,10614,10614,3
2019-06-24,18:03:26.793000,10613,10614,10613,1
2019-06-24,18:03:43.299000,10613,10614,10614,1
2019-06-24,18:03:58.661000,10613,10614,10614,1
2019-06-24,18:04:24.920000,10613,10614,10614,8
2019-06-24,18:04:24.943000,10613,10614,10614,12
2019-06-24,18:04:25.068000,10613,10614,10614,15
2019-06-24,18:04:30.196000,10613,10614,10614,1
2019-06-24,18:04:33.569000,10613,10614,10614,1
2019-06-24,18:04:40.579000,10614,10615,10615,1
2019-06-24,18:04:40.790000,10614,10615,10615,1
2019-06-24,18:04:40.863000,10614,10615,10615,1
2019-06-24,18:04:40.985000,10614,10615,10615,1
2019-06-24,18:04:41.038000,10614,10615,10615,2
2019-06-24,18:04:41.226000,10614,10615,10615,1
2019-06-24,18:04:43.903000,10614,10615,10615,1
2019-06-24,18:04:50.487000,10614,10615,10615,1
2019-06-24,18:04:52.953000,10614,10615,10615,2
2019-06-24,18:04:55.451000,10614,10615,10615,2
2019-06-24,18:05:09.655000,10614,10615,10615,16
2019-06-24,18:05:10.144000,10614,10615,10614,2
2019-06-24,18:05:10.234000,10614,10615,10615,1
2019-06-24,18:05:12.947000,10614,10615,10615,4
2019-06-24,18:05:15.576000,10614,10615,10615,1
2019-06-24,18:05:16.133000,10614,10615,10615,1
2019-06-24,18:05:16.294000,10614,10615,10615,7
2019-06-24,18:05:34.062000,10615,10616,10616,4
2019-06-24,18:05:37.864000,10615,10616,10616,1
2019-06-24,18:05:45.349000,10615,10616,10615,1
2019-06-24,18:05:57.479000,10615,10616,10616,1
2019-06-24,18:06:01.859000,10615,10616,10616,3
2019-06-24,18:06:07.759000,10615,10616,10616,1
2019-06-24,18:06:09.664000,10615,10616,10616,1
2019-06-24,18:06:10.931000,10615,10616,10616,1
2019-06-24,18:06:19.659000,10615,10616,10616,1
2019-06-24,18:06:20.709000,10615,10616,10616,5
2019-06-24,18:06:20.778000,10615,10616,10616,3
2019-06-24,18:06:22.066000,10615,10616,10616,1
2019-06-24,18:06:34.495000,10615,10616,10616,1
2019-06-24,18:06:37.457000,10615,10616,10616,1
2019-06-24,18:06:47.750000,10615,10616,10616,1
2019-06-24,18:06:50.973000,10615,10616,10616,2
2019-06-24,18:07:06.982000,10615,10616,10615,1
2019-06-24,18:07:18.899000,10615,10616,10615,1
2019-06-24,18:07:57.231000,10615,10616,10616,1
2019-06-24,18:08:29.494000,10615,10616,10615,1
2019-06-24,18:08:33.720000,10615,10616,10615,1
2019-06-24,18:08:44.866000,10615,10616,10615,5
2019-06-24,18:08:53.418000,10615,10616,10615,1
2019-06-24,18:08:57.293000,10615,10616,10615,1
2019-06-24,18:08:57.318000,10615,10616,10615,20
2019-06-24,18:09:03.063000,10614,10615,10615,2
2019-06-24,18:09:28.734000,10614,10615,10614,1
2019-06-24,18:09:35.673000,10614,10615,10615,1
2019-06-24,18:09:37.895000,10614,10615,10615,1
2019-06-24,18:09:51.639000,10614,10615,10615,1
2019-06-24,18:10:04.692000,10615,10616,10615,4
2019-06-24,18:10:05.161000,10614,10615,10615,1
2019-06-24,18:10:13.268000,10615,10616,10615,1
2019-06-24,18:10:16.399000,10614,10615,10615,1
2019-06-24,18:10:20.177000,10614,10615,10615,1
2019-06-24,18:10:24.077000,10614,10615,10615,2
2019-06-24,18:10:36.880000,10614,10615,10615,1
2019-06-24,18:10:45.445000,10614,10615,10615,1
2019-06-24,18:10:46.669000,10614,10615,10615,1
2019-06-24,18:10:50.849000,10614,10615,10615,1
2019-06-24,18:11:08.502000,10614,10615,10614,1
2019-06-24,18:11:15.361000,10614,10615,10614,1
2019-06-24,18:11:29.084000,10614,10615,10614,3
2019-06-24,18:11:32.800000,10614,10615,10614,1
2019-06-24,18:11:40.778000,10614,10615,10614,1
2019-06-24,18:11:40.818000,10614,10615,10614,1
2019-06-24,18:11:40.943000,10614,10615,10614,1
2019-06-24,18:11:49.600000,10614,10615,10614,11
2019-06-24,18:11:55.827000,10613,10614,10614,1
2019-06-24,18:11:55.827000,10613,10614,10615,2
2019-06-24,18:12:02.151000,10613,10614,10614,4
2019-06-24,18:12:36.072000,10614,10615,10615,3
2019-06-24,18:13:19.443000,10614,10615,10615,8
2019-06-24,18:13:19.568000,10614,10615,10615,2
2019-06-24,18:13:19.568000,10614,10615,10615,1
2019-06-24,18:13:32.232000,10614,10615,10615,2
2019-06-24,18:13:36.028000,10614,10615,10615,1
2019-06-24,18:14:29.605000,10615,10616,10615,3
2019-06-24,18:14:40.651000,10615,10616,10615,1
2019-06-24,18:14:44.997000,10615,10616,10615,1
2019-06-24,18:15:47.481000,10614,10615,10615,1
2019-06-24,18:15:49.663000,10614,10615,10614,1
2019-06-24,18:16:07.710000,10614,10615,10614,1
2019-06-24,18:16:59.484000,10614,10615,10615,3
2019-06-24,18:17:40.795000,10615,10616,10615,1
2019-06-24,18:18:32.655000,10615,10616,10615,1
2019-06-24,18:18:36.047000,10615,10616,10616,2
2019-06-24,18:18:43.181000,10615,10616,10616,4
2019-06-24,18:18:52.152000,10615,10616,10616,1
2019-06-24,18:19:03.795000,10615,10616,10615,1
2019-06-24,18:19:23.443000,10615,10616,10615,1
2019-06-24,18:19:23.568000,10615,10616,10615,1
2019-06-24,18:19:24.248000,10615,10616,10615,1
2019-06-24,18:19:24.318000,10615,10616,10615,1
2019-06-24,18:19:24.443000,10615,10616,10615,1
2019-06-24,18:19:39.011000,10615,10616,10615,1
2019-06-24,18:20:08.058000,10615,10616,10616,2
2019-06-24,18:20:33.488000,10615,10616,10615,1
2019-06-24,18:21:20.319000,10615,10616,10615,1
2019-06-24,18:21:22.254000,10615,10616,10615,8
2019-06-24,18:21:59.143000,10614,10615,10614,8
2019-06-24,18:21:59.143000,10614,10615,10613,70
2019-06-24,18:21:59.688000,10612,10613,10612,5
2019-06-24,18:21:59.750000,10612,10613,10612,1
2019-06-24,18:22:05.321000,10612,10613,10612,1
2019-06-24,18:22:07.020000,10612,10613,10612,1
2019-06-24,18:22:17.249000,10612,10613,10612,1
2019-06-24,18:22:29.397000,10612,10613,10612,2
2019-06-24,18:22:37.922000,10612,10613,10612,1
2019-06-24,18:22:41.560000,10612,10613,10612,1
2019-06-24,18:22:52.410000,10612,10613,10612,1
2019-06-24,18:22:57.257000,10612,10613,10612,2
2019-06-24,18:22:58.894000,10612,10613,10612,3
2019-06-24,18:23:11.886000,10612,10613,10612,2
2019-06-24,18:23:11.887000,10612,10613,10612,8
2019-06-24,18:23:18.373000,10611,10612,10612,1
2019-06-24,18:24:08.065000,10611,10612,10611,10
2019-06-24,18:24:08.091000,10611,10612,10611,1
2019-06-24,18:24:09.620000,10611,10612,10612,2
2019-06-24,18:24:13.903000,10611,10612,10611,30
2019-06-24,18:24:13.943000,10611,10612,10611,3
2019-06-24,18:24:14.068000,10610,10611,10610,5
2019-06-24,18:24:14.068000,10610,10611,10610,1
2019-06-24,18:24:14.068000,10610,10611,10610,2
2019-06-24,18:24:32.539000,10610,10611,10610,11
2019-06-24,18:24:37.272000,10610,10611,10610,1
2019-06-24,18:24:45.466000,10610,10611,10610,1
2019-06-24,18:24:46.846000,10610,10611,10611,1
2019-06-24,18:24:55.979000,10610,10611,10611,4
2019-06-24,18:24:56.070000,10610,10611,10611,1
2019-06-24,18:24:56.499000,10610,10611,10611,1
2019-06-24,18:24:56.568000,10610,10612,10611,1
2019-06-24,18:25:00.878000,10610,10611,10610,1
2019-06-24,18:25:02.683000,10610,10611,10611,3
2019-06-24,18:25:03.595000,10610,10611,10610,1
2019-06-24,18:25:07.738000,10610,10611,10610,4
2019-06-24,18:25:09.211000,10610,10611,10611,1
2019-06-24,18:25:10.476000,10610,10611,10610,2
2019-06-24,18:25:14.751000,10610,10611,10610,1
2019-06-24,18:25:15.066000,10610,10611,10610,1
2019-06-24,18:25:16.904000,10610,10611,10610,1
2019-06-24,18:25:19.680000,10610,10611,10610,2
2019-06-24,18:25:28.069000,10610,10611,10611,1
2019-06-24,18:27:03.547000,10610,10611,10611,2
2019-06-24,18:27:09.623000,10610,10611,10611,1
2019-06-24,18:27:16.909000,10610,10611,10611,4
2019-06-24,18:27:24.499000,10610,10611,10611,1
2019-06-24,18:27:25.974000,10611,10612,10611,3
2019-06-24,18:27:25.974000,10611,10612,10610,2
2019-06-24,18:27:51.317000,10611,10612,10611,1
2019-06-24,18:27:59.954000,10611,10612,10611,1
2019-06-24,18:28:15.849000,10611,10612,10611,1
2019-06-24,18:28:21.871000,10611,10612,10612,1
2019-06-24,18:28:27.264000,10611,10612,10612,1
2019-06-24,18:28:39.938000,10611,10612,10612,1
2019-06-24,18:28:56.362000,10611,10612,10612,1
2019-06-24,18:29:30.266000,10611,10612,10612,10
2019-06-24,18:29:46.969000,10611,10612,10612,10
2019-06-24,18:30:03.746000,10611,10612,10612,1
2019-06-24,18:30:08.898000,10611,10612,10612,1
2019-06-24,18:30:16.841000,10611,10612,10612,1
2019-06-24,18:30:21.602000,10611,10612,10612,1
2019-06-24,18:30:55.967000,10611,10612,10612,1
2019-06-24,18:31:10.056000,10611,10612,10612,10
2019-06-24,18:31:57.726000,10611,10612,10612,1
2019-06-24,18:31:57.818000,10611,10612,10612,1
2019-06-24,18:34:13.097000,10611,10612,10612,5
2019-06-24,18:34:26.163000,10611,10612,10612,1
2019-06-24,18:35:54.686000,10611,10612,10612,2
2019-06-24,18:36:08.314000,10611,10612,10612,2
2019-06-24,18:36:11.450000,10611,10612,10612,1
2019-06-24,18:36:13.950000,10611,10612,10612,2
2019-06-24,18:37:35.313000,10611,10612,10612,1
2019-06-24,18:37:38.239000,10611,10612,10611,2
2019-06-24,18:37:45.601000,10611,10612,10611,1
2019-06-24,18:38:44.932000,10611,10612,10611,1
2019-06-24,18:38:48.364000,10611,10612,10611,1
2019-06-24,18:38:49.372000,10611,10612,10611,1
2019-06-24,18:38:54.154000,10611,10612,10611,4
2019-06-24,18:38:54.193000,10611,10612,10611,2
2019-06-24,18:39:31.261000,10610,10611,10611,1
2019-06-24,18:40:14.774000,10610,10611,10611,1
2019-06-24,18:40:15.355000,10610,10612,10610,1
2019-06-24,18:40:42.088000,10611,10612,10611,4
2019-06-24,18:41:26.069000,10611,10612,10611,1
2019-06-24,18:41:26.993000,10611,10612,10611,1
2019-06-24,18:42:19.981000,10611,10612,10611,1
2019-06-24,18:42:20.055000,10611,10612,10611,1
2019-06-24,18:42:20.259000,10611,10612,10611,1
2019-06-24,18:42:20.443000,10611,10612,10611,1
2019-06-24,18:42:31.699000,10611,10612,10611,1
2019-06-24,18:45:25.892000,10611,10612,10612,1
2019-06-24,18:45:38.569000,10611,10612,10612,1
2019-06-24,18:46:00.615000,10611,10612,10611,1
2019-06-24,18:46:00.615000,10611,10612,10611,1
2019-06-24,18:46:00.615000,10611,10612,10611,1
2019-06-24,18:46:11.056000,10610,10611,10611,1
2019-06-24,18:46:25.213000,10610,10611,10611,1
2019-06-24,18:47:09.186000,10610,10611,10611,1
2019-06-24,18:47:09.841000,10610,10611,10611,1
2019-06-24,18:47:33.176000,10610,10611,10611,2
2019-06-24,18:47:45.339000,10610,10611,10611,1
2019-06-24,18:47:53.921000,10610,10611,10611,1
2019-06-24,18:47:56.568000,10610,10611,10610,10
2019-06-24,18:47:56.571000,10610,10611,10610,4
2019-06-24,18:47:56.693000,10610,10611,10610,15
2019-06-24,18:47:56.693000,10610,10611,10610,4
2019-06-24,18:47:56.693000,10610,10611,10610,3
2019-06-24,18:47:56.693000,10610,10611,10610,2
2019-06-24,18:47:56.693000,10610,10611,10610,4
2019-06-24,18:47:56.693000,10610,10611,10610,11
2019-06-24,18:47:56.693000,10610,10611,10610,5
2019-06-24,18:48:12.635000,10609,10610,10610,1
2019-06-24,18:48:12.901000,10609,10610,10610,1
2019-06-24,18:48:12.927000,10609,10610,10609,1
2019-06-24,18:48:13.018000,10609,10610,10609,1
2019-06-24,18:48:13.234000,10609,10610,10610,1
2019-06-24,18:48:13.607000,10609,10610,10610,1
2019-06-24,18:48:42.323000,10610,10611,10610,1
2019-06-24,18:48:43.445000,10610,10611,10610,1
2019-06-24,18:48:44.450000,10610,10611,10610,1
2019-06-24,18:48:46.683000,10610,10611,10610,1
2019-06-24,18:49:24.318000,10610,10611,10611,5
2019-06-24,18:49:29.701000,10611,10612,10611,1
2019-06-24,18:50:04.724000,10611,10612,10611,1
2019-06-24,18:50:32.068000,10611,10612,10612,10
2019-06-24,18:51:01.908000,10612,10613,10613,2
2019-06-24,18:51:21.122000,10612,10613,10613,1
2019-06-24,18:51:21.218000,10612,10613,10612,1
2019-06-24,18:51:34.618000,10612,10613,10612,1
2019-06-24,18:51:43.915000,10612,10613,10612,1
2019-06-24,18:52:03.632000,10611,10612,10611,2
2019-06-24,18:52:03.954000,10611,10612,10612,1
2019-06-24,18:52:05.042000,10611,10612,10611,1
2019-06-24,18:52:05.051000,10611,10612,10612,1
2019-06-24,18:53:24.838000,10611,10612,10611,1
2019-06-24,18:53:24.919000,10611,10612,10611,1
2019-06-24,18:53:24.943000,10611,10612,10611,1
2019-06-24,18:53:24.958000,10611,10612,10611,9
2019-06-24,18:53:41.723000,10610,10611,10611,1
2019-06-24,18:53:49.171000,10610,10611,10610,1
2019-06-24,18:53:50.429000,10610,10611,10611,1
2019-06-24,18:53:55.408000,10610,10611,10610,1
2019-06-24,18:54:02.788000,10610,10611,10610,1
2019-06-24,18:54:03.103000,10610,10611,10610,2
2019-06-24,18:54:03.321000,10610,10611,10610,2
2019-06-24,18:55:39.775000,10610,10611,10611,1
2019-06-24,18:55:39.943000,10610,10611,10611,1
2019-06-24,18:55:40.087000,10610,10611,10611,1
2019-06-24,18:55:40.697000,10610,10611,10610,2
2019-06-24,18:55:40.832000,10610,10611,10610,2
2019-06-24,18:55:41.223000,10610,10611,10610,2
2019-06-24,18:55:41.342000,10610,10611,10610,2
2019-06-24,18:55:55.723000,10610,10611,10611,2
2019-06-24,18:56:14.693000,10611,10612,10611,1
2019-06-24,18:56:14.943000,10611,10612,10611,1
2019-06-24,18:56:32.318000,10611,10612,10611,2
2019-06-24,18:56:47.729000,10610,10611,10611,1
2019-06-24,18:57:09.399000,10610,10611,10610,1
2019-06-24,18:57:19.562000,10610,10611,10610,10
2019-06-24,18:57:25.048000,10609,10610,10610,1
2019-06-24,18:57:47.568000,10610,10611,10610,1
2019-06-24,18:57:56.094000,10609,10610,10609,1
2019-06-24,18:58:04.696000,10609,10610,10609,3
2019-06-24,18:58:59.060000,10609,10610,10610,1
2019-06-24,18:59:06.636000,10609,10610,10610,1
2019-06-24,18:59:40.537000,10609,10610,10610,1
2019-06-24,18:59:43.773000,10609,10610,10610,1
2019-06-24,18:59:47.792000,10609,10610,10610,2
2019-06-24,18:59:58.688000,10609,10610,10610,1
2019-06-24,19:00:10.370000,10609,10610,10610,1
2019-06-24,19:00:10.933000,10609,10611,10609,8
2019-06-24,19:00:11.044000,10609,10611,10609,1
2019-06-24,19:00:11.444000,10609,10610,10609,1
2019-06-24,19:00:11.746000,10609,10610,10609,1
2019-06-24,19:00:20.005000,10609,10610,10610,1
2019-06-24,19:00:32.239000,10610,10611,10610,1
2019-06-24,19:00:49.438000,10610,10611,10610,1
2019-06-24,19:01:29.769000,10610,10611,10611,1
2019-06-24,19:01:29.772000,10610,10611,10611,1
2019-06-24,19:01:29.775000,10610,10611,10611,6
2019-06-24,19:01:29.776000,10610,10611,10611,1
2019-06-24,19:01:33.771000,10611,10612,10611,3
2019-06-24,19:01:35.007000,10611,10612,10611,1
2019-06-24,19:02:20.033000,10611,10612,10611,1
2019-06-24,19:02:25.195000,10610,10611,10610,2
2019-06-24,19:02:25.196000,10610,10611,10610,3
2019-06-24,19:02:25.196000,10610,10611,10610,1
2019-06-24,19:02:25.196000,10610,10611,10610,1
2019-06-24,19:02:25.196000,10610,10611,10610,2
2019-06-24,19:02:25.196000,10610,10611,10610,1
2019-06-24,19:02:26.417000,10609,10610,10610,5
2019-06-24,19:02:54.818000,10609,10610,10610,4
2019-06-24,19:03:03.766000,10610,10611,10610,1
