2020-01-06 15:00:00.025,11938,11939,11938,108,-108
2020-01-06 15:00:00.035,11938,11939,11938,22,-22
2020-01-06 15:00:00.046,11937,11938,11937,4,-4
2020-01-06 15:00:00.054,11937,11938,11937,1,-1
2020-01-06 15:00:00.059,11937,11939,11939,1,1
2020-01-06 15:00:00.066,11937,11939,11937,8,-8
2020-01-06 15:00:00.080,11937,11939,11937,1,-1
2020-01-06 15:00:00.149,11937,11939,11937,2,-2
2020-01-06 15:00:00.149,11937,11939,11936,2,-2
2020-01-06 15:00:00.164,11937,11939,11936,4,-4
2020-01-06 15:00:00.229,11936,11939,11939,1,1
2020-01-06 15:00:00.229,11936,11939,11939,1,1
2020-01-06 15:00:00.276,11936,11939,11936,1,-1
2020-01-06 15:00:00.289,11936,11939,11936,6,-6
2020-01-06 15:00:00.299,11936,11939,11936,13,-13
2020-01-06 15:00:00.299,11936,11939,11935,15,-15
2020-01-06 15:00:00.381,11935,11939,11935,1,-1
2020-01-06 15:00:00.411,11935,11939,11935,1,-1
2020-01-06 15:00:00.549,11935,11937,11936,1,1
2020-01-06 15:00:00.556,11935,11937,11936,1,-1
2020-01-06 15:00:00.575,11936,11937,11937,4,4
2020-01-06 15:00:00.835,11936,11937,11937,1,1
2020-01-06 15:00:00.848,11936,11937,11936,1,-1
2020-01-06 15:00:00.907,11936,11937,11936,2,-2
2020-01-06 15:00:00.908,11936,11937,11936,2,-2
2020-01-06 15:00:00.908,11936,11937,11935,6,-6
2020-01-06 15:00:00.914,11936,11937,11935,1,-1
2020-01-06 15:00:00.922,11936,11937,11935,2,-2
2020-01-06 15:00:00.943,11935,11937,11935,2,-2
2020-01-06 15:00:00.963,11935,11937,11935,1,-1
2020-01-06 15:00:01.251,11935,11937,11936,1,1
2020-01-06 15:00:01.254,11935,11937,11936,2,-2
2020-01-06 15:00:01.263,11935,11937,11935,2,-2
2020-01-06 15:00:01.316,11935,11937,11935,2,-2
2020-01-06 15:00:01.336,11935,11937,11936,1,1
2020-01-06 15:00:01.347,11935,11937,11935,1,-1
2020-01-06 15:00:01.367,11935,11937,11935,1,-1
2020-01-06 15:00:01.413,11935,11937,11935,2,-2
2020-01-06 15:00:01.454,11935,11937,11935,10,-10
2020-01-06 15:00:01.588,11935,11937,11935,1,-1
2020-01-06 15:00:01.611,11935,11937,11935,2,-2
2020-01-06 15:00:01.855,11935,11936,11935,1,-1
2020-01-06 15:00:02.006,11935,11936,11935,2,-2
2020-01-06 15:00:02.057,11935,11936,11934,1,-1
2020-01-06 15:00:02.076,11934,11935,11935,1,1
2020-01-06 15:00:02.077,11934,11935,11935,1,1
2020-01-06 15:00:02.081,11934,11935,11935,1,1
2020-01-06 15:00:02.082,11934,11935,11935,1,1
2020-01-06 15:00:02.115,11934,11935,11935,3,3
2020-01-06 15:00:02.134,11934,11935,11936,1,1
2020-01-06 15:00:02.161,11934,11935,11934,1,-1
2020-01-06 15:00:02.259,11933,11936,11934,1,-1
2020-01-06 15:00:02.325,11934,11936,11935,1,1
2020-01-06 15:00:02.327,11934,11936,11935,1,-1
2020-01-06 15:00:02.367,11934,11936,11936,10,10
2020-01-06 15:00:02.434,11935,11936,11936,3,3
2020-01-06 15:00:02.451,11935,11936,11936,2,2
2020-01-06 15:00:02.455,11935,11936,11935,1,-1
2020-01-06 15:00:02.640,11935,11936,11935,4,-4
2020-01-06 15:00:02.656,11935,11936,11935,1,-1
2020-01-06 15:00:02.857,11935,11936,11935,1,-1
2020-01-06 15:00:02.937,11935,11936,11935,2,-2
2020-01-06 15:00:02.955,11935,11936,11936,1,1
2020-01-06 15:00:02.969,11935,11936,11935,1,-1
2020-01-06 15:00:03.133,11935,11937,11935,1,-1
2020-01-06 15:00:03.194,11935,11936,11937,1,1
2020-01-06 15:00:03.195,11935,11936,11935,4,-4
2020-01-06 15:00:03.195,11935,11936,11935,1,-1
2020-01-06 15:00:03.195,11935,11936,11934,1,-1
2020-01-06 15:00:03.244,11935,11936,11934,1,-1
2020-01-06 15:00:03.331,11934,11937,11936,1,1
2020-01-06 15:00:03.445,11934,11936,11934,3,-3
2020-01-06 15:00:03.523,11934,11936,11936,5,5
2020-01-06 15:00:03.745,11935,11936,11935,1,-1
2020-01-06 15:00:04.155,11934,11936,11936,2,2
2020-01-06 15:00:04.288,11935,11936,11936,1,1
2020-01-06 15:00:04.325,11935,11936,11936,1,1
2020-01-06 15:00:04.345,11935,11936,11935,1,-1
2020-01-06 15:00:04.864,11935,11937,11935,2,-2
2020-01-06 15:00:05.483,11936,11937,11936,1,1
2020-01-06 15:00:05.568,11935,11937,11937,1,1
2020-01-06 15:00:05.846,11936,11937,11936,1,-1
2020-01-06 15:00:05.846,11936,11937,11935,1,-1
2020-01-06 15:00:05.941,11935,11937,11935,1,-1
2020-01-06 15:00:06.013,11935,11937,11935,1,-1
2020-01-06 15:00:06.045,11935,11937,11937,1,1
2020-01-06 15:00:06.209,11935,11937,11935,1,-1
2020-01-06 15:00:06.306,11935,11937,11935,1,-1
2020-01-06 15:00:06.444,11935,11937,11935,1,-1
2020-01-06 15:00:06.453,11935,11937,11937,2,2
2020-01-06 15:00:06.529,11935,11937,11935,1,-1
2020-01-06 15:00:06.777,11935,11937,11936,1,1
2020-01-06 15:00:07.041,11935,11937,11935,1,-1
2020-01-06 15:00:07.820,11935,11937,11935,1,-1
2020-01-06 15:00:08.429,11936,11937,11936,1,1
2020-01-06 15:00:08.429,11936,11937,11935,5,-5
2020-01-06 15:00:08.909,11936,11937,11937,1,1
2020-01-06 15:00:09.450,11936,11937,11937,3,3
2020-01-06 15:00:09.940,11936,11938,11936,1,-1
2020-01-06 15:00:10.184,11937,11938,11937,1,1
2020-01-06 15:00:10.354,11936,11937,11936,1,-1
2020-01-06 15:00:10.412,11936,11937,11938,5,5
2020-01-06 15:00:10.510,11936,11938,11937,1,-1
2020-01-06 15:00:10.670,11937,11938,11938,5,5
2020-01-06 15:00:10.670,11937,11938,11938,4,4
2020-01-06 15:00:10.671,11937,11938,11938,3,3
2020-01-06 15:00:10.676,11937,11938,11939,6,6
2020-01-06 15:00:10.676,11937,11938,11939,5,5
2020-01-06 15:00:11.059,11939,11940,11940,8,8
2020-01-06 15:00:11.195,11939,11941,11940,1,-1
2020-01-06 15:00:11.262,11939,11941,11941,5,5
2020-01-06 15:00:11.569,11939,11941,11939,3,-3
2020-01-06 15:00:11.831,11939,11941,11941,2,2
2020-01-06 15:00:12.497,11940,11941,11940,3,-3
2020-01-06 15:00:12.535,11940,11941,11941,2,2
2020-01-06 15:00:13.069,11940,11941,11940,1,-1
2020-01-06 15:00:13.209,11939,11941,11939,1,-1
2020-01-06 15:00:14.038,11939,11940,11939,3,-3
2020-01-06 15:00:14.371,11938,11939,11939,1,1
2020-01-06 15:00:15.323,11938,11939,11938,1,-1
2020-01-06 15:00:15.437,11938,11939,11938,8,-8
2020-01-06 15:00:15.566,11937,11938,11937,6,-6
2020-01-06 15:00:15.672,11937,11938,11937,1,-1
2020-01-06 15:00:15.691,11936,11937,11936,6,-6
2020-01-06 15:00:15.693,11936,11937,11936,3,-3
2020-01-06 15:00:15.701,11936,11937,11937,3,3
2020-01-06 15:00:16.091,11935,11936,11935,3,-3
2020-01-06 15:00:16.372,11935,11936,11936,1,1
2020-01-06 15:00:16.650,11935,11936,11936,1,1
2020-01-06 15:00:16.967,11935,11936,11936,1,1
2020-01-06 15:00:17.075,11935,11936,11936,1,1
2020-01-06 15:00:17.105,11935,11936,11935,3,-3
2020-01-06 15:00:17.673,11935,11937,11937,15,15
2020-01-06 15:00:19.193,11935,11937,11935,1,-1
2020-01-06 15:00:20.588,11935,11937,11937,1,1
2020-01-06 15:00:21.661,11936,11937,11937,1,1
2020-01-06 15:00:21.905,11936,11937,11937,1,1
2020-01-06 15:00:27.293,11937,11938,11937,1,-1
2020-01-06 15:00:27.697,11937,11938,11937,1,-1
2020-01-06 15:00:27.843,11937,11938,11937,8,-8
2020-01-06 15:00:28.569,11937,11938,11937,6,-6
2020-01-06 15:00:28.569,11937,11938,11936,2,-2
2020-01-06 15:00:29.388,11936,11938,11936,1,-1
2020-01-06 15:00:31.747,11937,11938,11937,2,2
2020-01-06 15:00:32.230,11936,11937,11936,2,-2
2020-01-06 15:00:33.382,11936,11937,11936,1,-1
2020-01-06 15:00:33.937,11936,11937,11937,1,1
2020-01-06 15:00:35.825,11936,11937,11936,4,-4
2020-01-06 15:00:35.949,11935,11936,11936,1,1
2020-01-06 15:00:35.950,11935,11936,11936,5,5
2020-01-06 15:00:36.415,11935,11937,11937,9,9
2020-01-06 15:00:36.434,11937,11938,11937,1,-1
2020-01-06 15:00:36.451,11937,11938,11936,1,-1
2020-01-06 15:00:36.893,11936,11937,11937,4,4
2020-01-06 15:00:37.672,11936,11937,11937,1,1
2020-01-06 15:00:37.816,11936,11937,11937,1,1
2020-01-06 15:00:38.447,11936,11937,11937,1,1
2020-01-06 15:00:38.899,11936,11937,11937,4,4
2020-01-06 15:00:39.201,11936,11937,11936,2,-2
2020-01-06 15:00:40.355,11935,11936,11936,1,1
2020-01-06 15:00:40.441,11935,11936,11936,2,2
2020-01-06 15:00:40.805,11935,11936,11936,1,1
2020-01-06 15:00:40.898,11935,11936,11935,1,-1
2020-01-06 15:00:41.232,11935,11936,11935,2,-2
2020-01-06 15:00:42.429,11935,11936,11936,4,4
2020-01-06 15:00:42.722,11935,11936,11936,1,1
2020-01-06 15:00:43.775,11935,11936,11936,4,4
2020-01-06 15:00:44.203,11936,11937,11936,1,-1
2020-01-06 15:00:44.483,11935,11936,11935,1,-1
2020-01-06 15:00:46.144,11935,11936,11935,5,-5
2020-01-06 15:00:46.518,11935,11936,11935,2,-2
2020-01-06 15:00:46.727,11935,11936,11936,1,1
2020-01-06 15:00:47.580,11935,11936,11935,8,-8
2020-01-06 15:00:47.992,11935,11936,11936,1,1
2020-01-06 15:00:48.188,11935,11936,11936,1,1
2020-01-06 15:00:49.205,11935,11936,11935,13,-13
2020-01-06 15:00:49.430,11934,11936,11935,1,-1
2020-01-06 15:00:51.309,11934,11935,11934,5,-5
2020-01-06 15:00:52.669,11934,11935,11934,1,-1
2020-01-06 15:00:54.208,11934,11935,11934,10,-10
2020-01-06 15:00:54.231,11934,11935,11933,1,-1
2020-01-06 15:00:54.324,11934,11935,11934,1,1
2020-01-06 15:00:54.771,11934,11935,11934,1,-1
2020-01-06 15:00:55.607,11934,11935,11934,2,-2
2020-01-06 15:00:55.607,11934,11935,11933,4,-4
2020-01-06 15:00:56.335,11934,11935,11934,1,1
2020-01-06 15:00:56.430,11934,11935,11934,1,-1
2020-01-06 15:00:58.281,11934,11935,11934,10,-10
2020-01-06 15:00:59.056,11933,11934,11934,5,5
2020-01-06 15:00:59.056,11933,11934,11934,5,5
2020-01-06 15:00:59.056,11933,11934,11934,1,1
2020-01-06 15:00:59.883,11934,11935,11934,1,-1
2020-01-06 15:01:00.039,11934,11935,11935,1,1
2020-01-06 15:01:00.062,11933,11935,11934,1,-1
2020-01-06 15:01:00.146,11933,11935,11933,1,-1
2020-01-06 15:01:00.157,11933,11935,11933,1,-1
2020-01-06 15:01:00.190,11933,11934,11934,1,1
2020-01-06 15:01:00.198,11933,11934,11933,1,-1
2020-01-06 15:01:00.432,11933,11935,11933,2,-2
2020-01-06 15:01:00.562,11934,11935,11934,1,1
2020-01-06 15:01:00.647,11934,11935,11933,1,-1
2020-01-06 15:01:00.751,11933,11934,11934,1,1
2020-01-06 15:01:00.903,11933,11935,11933,1,-1
2020-01-06 15:01:01.225,11933,11935,11933,1,-1
2020-01-06 15:01:01.289,11933,11935,11933,1,-1
2020-01-06 15:01:01.319,11934,11935,11934,1,1
2020-01-06 15:01:01.448,11934,11935,11934,1,-1
2020-01-06 15:01:01.448,11934,11935,11933,1,-1
2020-01-06 15:01:01.452,11934,11935,11933,1,-1
2020-01-06 15:01:01.452,11934,11935,11933,1,-1
2020-01-06 15:01:01.452,11934,11935,11933,1,-1
2020-01-06 15:01:01.453,11934,11935,11933,1,-1
2020-01-06 15:01:01.453,11934,11935,11933,1,-1
2020-01-06 15:01:01.453,11934,11935,11933,1,-1
2020-01-06 15:01:01.454,11934,11935,11933,2,-2
2020-01-06 15:01:01.456,11934,11935,11933,1,-1
2020-01-06 15:01:01.456,11934,11935,11933,1,-1
2020-01-06 15:01:01.465,11934,11935,11935,1,1
2020-01-06 15:01:01.732,11933,11935,11933,1,-1
2020-01-06 15:01:02.076,11933,11935,11933,5,-5
2020-01-06 15:01:02.119,11933,11935,11934,1,1
2020-01-06 15:01:04.398,11933,11934,11934,1,1
2020-01-06 15:01:04.863,11933,11934,11934,10,10
2020-01-06 15:01:05.294,11934,11935,11934,1,-1
2020-01-06 15:01:05.570,11933,11935,11933,2,-2
2020-01-06 15:01:06.697,11934,11935,11934,1,1
2020-01-06 15:01:06.697,11934,11935,11933,7,-7
2020-01-06 15:01:06.934,11932,11933,11933,1,1
2020-01-06 15:01:07.700,11933,11934,11934,1,1
2020-01-06 15:01:09.169,11933,11935,11933,1,-1
2020-01-06 15:01:09.365,11933,11935,11934,1,1
2020-01-06 15:01:09.365,11933,11935,11933,1,-1
2020-01-06 15:01:10.121,11934,11935,11934,2,2
2020-01-06 15:01:10.597,11933,11934,11934,1,1
2020-01-06 15:01:10.701,11933,11934,11933,5,-5
2020-01-06 15:01:12.045,11933,11934,11934,1,1
2020-01-06 15:01:12.421,11933,11934,11934,1,1
2020-01-06 15:01:13.313,11933,11935,11933,1,-1
2020-01-06 15:01:13.900,11934,11935,11935,2,2
2020-01-06 15:01:14.391,11934,11935,11935,1,1
2020-01-06 15:01:14.948,11934,11935,11935,1,1
2020-01-06 15:01:16.641,11934,11935,11934,1,-1
2020-01-06 15:01:16.709,11934,11935,11934,1,-1
2020-01-06 15:01:20.002,11934,11935,11934,1,-1
2020-01-06 15:01:20.021,11934,11935,11935,1,1
2020-01-06 15:01:21.117,11934,11935,11934,1,-1
2020-01-06 15:01:21.652,11934,11935,11934,1,-1
2020-01-06 15:01:21.801,11934,11935,11934,3,-3
2020-01-06 15:01:21.801,11934,11935,11933,2,-2
2020-01-06 15:01:21.867,11933,11935,11935,1,1
2020-01-06 15:01:22.009,11933,11935,11934,1,-1
2020-01-06 15:01:23.538,11934,11935,11935,1,1
2020-01-06 15:01:23.575,11934,11935,11935,1,1
2020-01-06 15:01:23.934,11934,11935,11935,6,6
2020-01-06 15:01:24.146,11934,11935,11935,1,1
2020-01-06 15:01:24.501,11934,11935,11934,1,-1
2020-01-06 15:01:24.843,11934,11935,11935,3,3
2020-01-06 15:01:25.591,11934,11935,11934,1,-1
2020-01-06 15:01:26.348,11934,11935,11934,1,-1
2020-01-06 15:01:27.528,11934,11935,11935,1,1
2020-01-06 15:01:29.768,11934,11935,11935,1,1
2020-01-06 15:01:30.267,11934,11935,11935,1,1
2020-01-06 15:01:31.311,11934,11935,11935,1,1
2020-01-06 15:01:32.275,11934,11935,11935,5,5
2020-01-06 15:01:32.309,11934,11935,11935,1,1
2020-01-06 15:01:32.309,11934,11935,11935,6,6
2020-01-06 15:01:32.309,11934,11935,11935,4,4
2020-01-06 15:01:32.325,11934,11935,11935,5,5
2020-01-06 15:01:35.330,11935,11936,11935,1,-1
2020-01-06 15:01:35.362,11935,11936,11935,1,-1
2020-01-06 15:01:37.723,11935,11936,11935,1,-1
2020-01-06 15:01:41.206,11935,11936,11935,5,-5
2020-01-06 15:01:41.833,11935,11936,11936,2,2
2020-01-06 15:01:42.078,11935,11936,11935,2,-2
2020-01-06 15:01:45.032,11935,11936,11935,1,-1
2020-01-06 15:01:46.830,11935,11936,11935,1,-1
2020-01-06 15:01:48.647,11935,11936,11935,1,-1
2020-01-06 15:01:50.688,11935,11936,11935,1,-1
2020-01-06 15:01:51.073,11935,11936,11935,1,-1
2020-01-06 15:01:57.411,11935,11936,11935,2,-2
2020-01-06 15:01:58.226,11935,11936,11935,3,-3
2020-01-06 15:01:58.309,11935,11936,11935,5,-5
2020-01-06 15:01:58.681,11934,11935,11935,1,1
2020-01-06 15:01:59.732,11934,11935,11934,1,-1
2020-01-06 15:01:59.732,11934,11935,11934,1,-1
2020-01-06 15:02:00.158,11934,11935,11934,2,-2
2020-01-06 15:02:00.250,11934,11935,11934,1,-1
2020-01-06 15:02:00.250,11934,11935,11934,1,-1
2020-01-06 15:02:00.304,11934,11935,11934,1,-1
2020-01-06 15:02:00.309,11934,11935,11934,5,-5
2020-01-06 15:02:00.309,11934,11935,11934,1,-1
2020-01-06 15:02:00.309,11934,11935,11934,3,-3
2020-01-06 15:02:00.309,11934,11935,11934,3,-3
2020-01-06 15:02:00.309,11934,11935,11934,2,-2
2020-01-06 15:02:00.317,11934,11935,11934,1,-1
2020-01-06 15:02:00.318,11934,11935,11934,1,-1
2020-01-06 15:02:00.318,11934,11935,11934,1,-1
2020-01-06 15:02:00.318,11934,11935,11934,2,-2
2020-01-06 15:02:00.319,11934,11935,11934,2,-2
2020-01-06 15:02:00.319,11934,11935,11934,1,-1
2020-01-06 15:02:00.319,11934,11935,11934,2,-2
2020-01-06 15:02:00.319,11934,11935,11934,1,-1
2020-01-06 15:02:00.319,11934,11935,11934,2,-2
2020-01-06 15:02:00.319,11934,11935,11934,1,-1
2020-01-06 15:02:00.389,11934,11935,11934,1,-1
2020-01-06 15:02:00.934,11933,11934,11933,6,-6
2020-01-06 15:02:01.059,11933,11934,11933,4,-4
2020-01-06 15:02:04.385,11932,11933,11932,8,-8
2020-01-06 15:02:04.483,11932,11933,11932,17,-17
2020-01-06 15:02:04.560,11932,11933,11932,2,-2
2020-01-06 15:02:04.561,11932,11933,11932,1,-1
2020-01-06 15:02:04.591,11932,11933,11933,1,1
2020-01-06 15:02:04.684,11932,11933,11932,3,-3
2020-01-06 15:02:04.709,11932,11933,11932,1,-1
2020-01-06 15:02:04.779,11932,11933,11933,1,1
2020-01-06 15:02:04.846,11931,11933,11931,1,-1
2020-01-06 15:02:04.904,11931,11933,11933,1,1
2020-01-06 15:02:04.937,11931,11933,11933,1,1
2020-01-06 15:02:04.976,11931,11933,11931,2,-2
2020-01-06 15:02:05.132,11931,11933,11931,1,-1
2020-01-06 15:02:05.189,11931,11933,11931,1,-1
2020-01-06 15:02:05.248,11931,11933,11931,1,-1
2020-01-06 15:02:05.577,11931,11932,11932,1,1
2020-01-06 15:02:05.974,11931,11932,11931,5,-5
2020-01-06 15:02:07.407,11931,11932,11931,5,-5
2020-01-06 15:02:07.434,11931,11932,11931,4,-4
2020-01-06 15:02:07.559,11931,11932,11931,6,-6
2020-01-06 15:02:08.452,11930,11932,11932,1,1
2020-01-06 15:02:09.925,11930,11932,11930,1,-1
2020-01-06 15:02:10.233,11931,11932,11932,1,1
2020-01-06 15:02:10.356,11931,11932,11931,1,-1
2020-01-06 15:02:10.957,11931,11932,11931,1,-1
2020-01-06 15:02:11.140,11931,11932,11931,1,-1
2020-01-06 15:02:11.402,11931,11932,11931,1,-1
2020-01-06 15:02:11.609,11931,11932,11931,1,-1
2020-01-06 15:02:13.869,11931,11932,11931,4,-4
2020-01-06 15:02:13.869,11931,11932,11930,4,-4
2020-01-06 15:02:14.376,11930,11931,11930,5,-5
2020-01-06 15:02:16.423,11930,11931,11930,1,-1
2020-01-06 15:02:16.698,11930,11931,11930,20,-20
2020-01-06 15:02:16.921,11930,11931,11930,7,-7
2020-01-06 15:02:17.342,11929,11930,11929,1,-1
2020-01-06 15:02:17.499,11929,11930,11929,1,-1
2020-01-06 15:02:17.503,11929,11930,11929,1,-1
2020-01-06 15:02:17.825,11929,11930,11929,1,-1
2020-01-06 15:02:17.862,11929,11930,11929,1,-1
2020-01-06 15:02:18.075,11928,11930,11930,1,1
2020-01-06 15:02:18.093,11928,11930,11930,1,1
2020-01-06 15:02:18.118,11928,11930,11930,1,1
2020-01-06 15:02:18.119,11928,11930,11930,1,1
2020-01-06 15:02:18.120,11928,11930,11930,1,1
2020-01-06 15:02:18.326,11929,11930,11930,2,2
2020-01-06 15:02:18.993,11929,11930,11929,1,-1
2020-01-06 15:02:21.318,11929,11930,11929,1,-1
2020-01-06 15:02:21.318,11929,11930,11928,1,-1
2020-01-06 15:02:21.802,11928,11929,11929,2,2
2020-01-06 15:02:22.229,11929,11930,11929,1,-1
2020-01-06 15:02:22.229,11929,11930,11928,2,-2
2020-01-06 15:02:22.943,11929,11930,11929,2,2
2020-01-06 15:02:24.085,11929,11930,11929,2,-2
2020-01-06 15:02:24.832,11929,11930,11929,1,-1
2020-01-06 15:02:25.349,11929,11930,11929,5,-5
2020-01-06 15:02:25.721,11929,11930,11929,1,-1
2020-01-06 15:02:26.234,11929,11930,11929,1,-1
2020-01-06 15:02:28.624,11929,11930,11929,1,-1
2020-01-06 15:02:29.155,11929,11930,11929,6,-6
2020-01-06 15:02:29.155,11929,11930,11928,8,-8
2020-01-06 15:02:29.854,11928,11929,11929,2,2
2020-01-06 15:02:30.439,11928,11929,11929,1,1
2020-01-06 15:02:33.989,11928,11929,11928,1,-1
2020-01-06 15:02:34.648,11928,11929,11929,1,1
2020-01-06 15:02:34.835,11928,11929,11928,8,-8
2020-01-06 15:02:34.844,11928,11929,11928,5,-5
2020-01-06 15:02:35.537,11927,11929,11927,1,-1
2020-01-06 15:02:35.640,11927,11929,11927,1,-1
2020-01-06 15:02:35.661,11927,11929,11927,1,-1
2020-01-06 15:02:35.681,11927,11929,11927,4,-4
2020-01-06 15:02:35.720,11927,11929,11927,2,-2
2020-01-06 15:02:35.824,11927,11928,11927,3,-3
2020-01-06 15:02:35.940,11927,11928,11928,4,4
2020-01-06 15:02:39.117,11926,11927,11926,1,-1
2020-01-06 15:02:39.356,11926,11927,11926,1,-1
2020-01-06 15:02:39.522,11926,11927,11926,2,-2
2020-01-06 15:02:39.735,11926,11927,11926,1,-1
2020-01-06 15:02:39.890,11926,11927,11926,1,-1
2020-01-06 15:02:40.358,11926,11927,11927,1,1
2020-01-06 15:02:40.427,11926,11927,11926,1,-1
2020-01-06 15:02:40.620,11926,11928,11926,1,-1
2020-01-06 15:02:41.027,11927,11928,11927,1,1
2020-01-06 15:02:42.554,11926,11928,11926,2,-2
2020-01-06 15:02:42.879,11926,11928,11926,5,-5
2020-01-06 15:02:43.770,11926,11927,11927,1,1
2020-01-06 15:02:43.770,11926,11927,11928,2,2
2020-01-06 15:02:43.771,11926,11927,11927,1,1
2020-01-06 15:02:43.771,11926,11927,11926,1,-1
2020-01-06 15:02:45.191,11926,11928,11926,1,-1
2020-01-06 15:02:45.238,11926,11928,11926,2,-2
2020-01-06 15:02:45.255,11926,11928,11926,1,-1
2020-01-06 15:02:45.601,11926,11928,11926,1,-1
2020-01-06 15:02:46.681,11926,11928,11927,1,1
2020-01-06 15:02:46.772,11927,11928,11927,4,-4
2020-01-06 15:02:47.914,11926,11928,11926,1,-1
2020-01-06 15:02:48.880,11926,11928,11926,1,-1
2020-01-06 15:02:49.201,11926,11927,11927,1,1
2020-01-06 15:02:49.249,11926,11927,11927,1,1
2020-01-06 15:02:50.060,11927,11928,11927,1,-1
2020-01-06 15:02:52.325,11926,11927,11926,11,-11
2020-01-06 15:02:54.109,11925,11926,11926,10,10
2020-01-06 15:02:54.264,11925,11926,11926,1,1
2020-01-06 15:02:54.462,11925,11927,11925,2,-2
2020-01-06 15:02:54.933,11925,11926,11925,27,-27
2020-01-06 15:02:54.933,11925,11926,11924,42,-42
2020-01-06 15:02:54.933,11925,11926,11923,11,-11
2020-01-06 15:02:54.957,11923,11926,11923,1,-1
2020-01-06 15:02:54.959,11923,11926,11923,2,-2
2020-01-06 15:02:54.976,11923,11926,11923,1,-1
2020-01-06 15:02:54.976,11923,11926,11923,4,-4
2020-01-06 15:02:54.976,11923,11926,11923,1,-1
2020-01-06 15:02:54.976,11923,11926,11923,2,-2
2020-01-06 15:02:55.003,11923,11926,11922,6,-6
2020-01-06 15:02:55.077,11922,11923,11923,1,1
2020-01-06 15:02:55.157,11922,11923,11922,2,-2
2020-01-06 15:02:55.345,11922,11923,11922,1,-1
2020-01-06 15:02:55.359,11922,11923,11922,1,-1
2020-01-06 15:02:55.396,11922,11923,11923,2,2
2020-01-06 15:02:55.461,11922,11924,11923,1,-1
2020-01-06 15:02:55.464,11922,11924,11923,1,-1
2020-01-06 15:02:55.516,11922,11924,11924,11,11
2020-01-06 15:02:55.516,11922,11924,11925,7,7
2020-01-06 15:02:55.684,11923,11924,11924,1,1
2020-01-06 15:02:55.695,11923,11924,11924,1,1
2020-01-06 15:02:55.696,11923,11924,11924,1,1
2020-01-06 15:02:55.727,11923,11924,11923,1,-1
2020-01-06 15:02:56.287,11923,11925,11924,1,1
2020-01-06 15:02:56.334,11924,11925,11924,1,-1
2020-01-06 15:02:56.426,11924,11925,11923,3,-3
2020-01-06 15:02:56.428,11924,11925,11923,1,-1
2020-01-06 15:02:57.053,11923,11925,11925,2,2
2020-01-06 15:02:57.199,11923,11925,11925,1,1
2020-01-06 15:02:57.634,11923,11924,11923,3,-3
2020-01-06 15:02:57.699,11923,11924,11924,2,2
2020-01-06 15:02:57.752,11923,11924,11923,1,-1
2020-01-06 15:02:58.558,11923,11924,11923,2,-2
2020-01-06 15:02:58.920,11923,11924,11923,3,-3
2020-01-06 15:02:59.001,11923,11924,11923,1,-1
2020-01-06 15:02:59.024,11923,11924,11923,2,-2
2020-01-06 15:02:59.333,11923,11924,11923,1,-1
2020-01-06 15:02:59.633,11923,11924,11923,1,-1
2020-01-06 15:02:59.761,11923,11924,11923,2,-2
2020-01-06 15:02:59.762,11923,11924,11923,2,-2
2020-01-06 15:03:00.039,11923,11924,11923,1,-1
2020-01-06 15:03:00.190,11923,11924,11923,3,-3
2020-01-06 15:03:00.190,11923,11924,11922,17,-17
2020-01-06 15:03:00.225,11923,11924,11923,1,1
2020-01-06 15:03:00.225,11923,11924,11922,14,-14
2020-01-06 15:03:00.225,11923,11924,11921,25,-25
2020-01-06 15:03:00.256,11923,11924,11922,1,1
2020-01-06 15:03:00.413,11922,11923,11921,1,-1
2020-01-06 15:03:00.626,11921,11922,11921,5,-5
2020-01-06 15:03:00.626,11921,11922,11920,13,-13
2020-01-06 15:03:00.663,11921,11922,11922,1,1
2020-01-06 15:03:00.665,11921,11922,11922,2,2
2020-01-06 15:03:00.732,11921,11922,11921,1,-1
2020-01-06 15:03:00.766,11921,11922,11921,1,-1
2020-01-06 15:03:00.803,11921,11922,11920,3,-3
2020-01-06 15:03:00.809,11920,11922,11920,3,-3
2020-01-06 15:03:00.836,11920,11922,11921,2,2
2020-01-06 15:03:00.836,11920,11922,11922,6,6
2020-01-06 15:03:00.846,11920,11922,11920,1,-1
2020-01-06 15:03:00.862,11920,11922,11920,1,-1
2020-01-06 15:03:01.005,11920,11922,11920,2,-2
2020-01-06 15:03:01.372,11920,11921,11920,15,-15
2020-01-06 15:03:01.372,11920,11921,11919,6,-6
2020-01-06 15:03:01.374,11920,11921,11920,1,1
2020-01-06 15:03:01.426,11920,11921,11920,2,-2
2020-01-06 15:03:01.434,11919,11920,11920,2,2
2020-01-06 15:03:01.441,11919,11920,11919,3,-3
2020-01-06 15:03:01.442,11919,11920,11919,6,-6
2020-01-06 15:03:01.442,11919,11920,11918,6,-6
2020-01-06 15:03:01.451,11919,11920,11920,2,2
2020-01-06 15:03:01.453,11919,11920,11918,3,-3
2020-01-06 15:03:01.453,11919,11920,11918,19,-19
2020-01-06 15:03:01.453,11919,11920,11917,17,-17
2020-01-06 15:03:01.453,11919,11920,11917,5,-5
2020-01-06 15:03:01.454,11919,11920,11917,10,-10
2020-01-06 15:03:01.454,11919,11920,11916,1,-1
2020-01-06 15:03:01.454,11919,11920,11916,11,-11
2020-01-06 15:03:01.454,11919,11920,11916,11,-11
2020-01-06 15:03:01.456,11919,11920,11916,3,-3
2020-01-06 15:03:01.456,11919,11920,11915,8,-8
2020-01-06 15:03:01.457,11919,11920,11915,3,-3
2020-01-06 15:03:01.457,11919,11920,11915,10,-10
2020-01-06 15:03:01.458,11919,11920,11914,4,-4
2020-01-06 15:03:01.458,11919,11920,11913,7,-7
2020-01-06 15:03:01.458,11919,11920,11912,2,-2
2020-01-06 15:03:01.458,11919,11920,11912,2,-2
2020-01-06 15:03:01.459,11919,11920,11912,7,-7
2020-01-06 15:03:01.459,11919,11920,11911,4,-4
2020-01-06 15:03:01.460,11919,11920,11911,11,-11
2020-01-06 15:03:01.461,11919,11920,11910,8,-8
2020-01-06 15:03:01.461,11919,11920,11909,10,-10
2020-01-06 15:03:01.461,11919,11920,11908,11,-11
2020-01-06 15:03:01.474,11919,11920,11907,3,-3
2020-01-06 15:03:01.481,11919,11920,11917,1,1
2020-01-06 15:03:01.507,11919,11920,11907,1,-1
2020-01-06 15:03:01.507,11919,11920,11906,1,-1
2020-01-06 15:03:01.559,11906,11917,11917,2,2
2020-01-06 15:03:01.610,11906,11917,11907,7,-7
2020-01-06 15:03:01.610,11906,11917,11906,3,-3
2020-01-06 15:03:01.663,11906,11917,11907,1,1
2020-01-06 15:03:01.663,11906,11917,11906,4,-4
2020-01-06 15:03:01.670,11906,11917,11906,2,-2
2020-01-06 15:03:01.684,11906,11913,11907,1,1
2020-01-06 15:03:01.684,11906,11913,11906,1,-1
2020-01-06 15:03:01.714,11906,11913,11912,1,1
2020-01-06 15:03:01.793,11906,11913,11907,2,-2
2020-01-06 15:03:01.840,11907,11912,11908,2,2
2020-01-06 15:03:01.840,11907,11912,11907,1,-1
2020-01-06 15:03:01.853,11907,11912,11910,1,1
2020-01-06 15:03:01.877,11907,11912,11911,3,3
2020-01-06 15:03:01.877,11907,11912,11912,1,1
2020-01-06 15:03:01.929,11907,11912,11912,5,5
2020-01-06 15:03:01.935,11910,11912,11912,6,6
2020-01-06 15:03:01.972,11910,11912,11912,2,2
2020-01-06 15:03:02.048,11910,11912,11912,4,4
2020-01-06 15:03:02.102,11911,11913,11913,1,1
2020-01-06 15:03:02.184,11912,11913,11913,9,9
2020-01-06 15:03:02.215,11912,11913,11913,1,1
2020-01-06 15:03:02.309,11912,11914,11914,5,5
2020-01-06 15:03:02.378,11912,11914,11913,1,-1
2020-01-06 15:03:02.413,11912,11914,11914,1,1
2020-01-06 15:03:02.413,11912,11914,11916,3,3
2020-01-06 15:03:02.413,11912,11914,11917,4,4
2020-01-06 15:03:02.415,11912,11914,11917,6,6
2020-01-06 15:03:02.415,11912,11914,11918,2,2
2020-01-06 15:03:02.415,11912,11914,11919,3,3
2020-01-06 15:03:02.415,11912,11914,11920,3,3
2020-01-06 15:03:02.434,11920,11921,11920,2,-2
2020-01-06 15:03:02.445,11920,11921,11920,1,-1
2020-01-06 15:03:02.459,11920,11921,11920,1,-1
2020-01-06 15:03:02.515,11920,11921,11914,1,-1
2020-01-06 15:03:02.523,11920,11921,11914,1,-1
2020-01-06 15:03:02.672,11914,11920,11919,1,1
2020-01-06 15:03:02.684,11918,11919,11918,1,-1
2020-01-06 15:03:02.684,11918,11919,11918,1,-1
2020-01-06 15:03:02.685,11918,11919,11917,1,-1
2020-01-06 15:03:02.798,11918,11919,11917,1,-1
2020-01-06 15:03:02.809,11917,11918,11917,1,-1
2020-01-06 15:03:02.817,11917,11918,11917,1,-1
2020-01-06 15:03:02.819,11917,11918,11917,2,-2
2020-01-06 15:03:02.875,11917,11918,11916,4,-4
2020-01-06 15:03:02.934,11915,11918,11917,4,4
2020-01-06 15:03:02.949,11915,11918,11916,1,-1
2020-01-06 15:03:02.999,11915,11918,11916,1,-1
2020-01-06 15:03:03.082,11916,11917,11916,1,-1
2020-01-06 15:03:03.203,11916,11918,11918,6,6
2020-01-06 15:03:03.349,11916,11918,11918,2,2
2020-01-06 15:03:03.349,11916,11918,11919,1,1
2020-01-06 15:03:03.424,11916,11918,11920,1,1
2020-01-06 15:03:03.559,11918,11919,11919,1,1
2020-01-06 15:03:03.566,11918,11919,11919,1,1
2020-01-06 15:03:03.573,11918,11919,11921,1,1
2020-01-06 15:03:03.650,11918,11919,11918,1,-1
2020-01-06 15:03:03.684,11918,11919,11919,1,1
2020-01-06 15:03:03.776,11918,11919,11919,1,1
2020-01-06 15:03:03.798,11918,11919,11919,2,2
2020-01-06 15:03:03.821,11919,11921,11919,2,-2
2020-01-06 15:03:04.052,11919,11921,11921,1,1
2020-01-06 15:03:04.312,11920,11921,11920,3,-3
2020-01-06 15:03:04.312,11920,11921,11919,2,-2
2020-01-06 15:03:04.338,11920,11921,11920,1,1
2020-01-06 15:03:04.649,11919,11921,11920,1,-1
2020-01-06 15:03:04.670,11919,11921,11919,1,-1
2020-01-06 15:03:04.723,11919,11921,11919,3,-3
2020-01-06 15:03:04.726,11919,11921,11921,2,2
2020-01-06 15:03:04.745,11919,11921,11919,1,-1
2020-01-06 15:03:04.992,11919,11920,11920,1,1
2020-01-06 15:03:05.110,11919,11920,11919,4,-4
2020-01-06 15:03:05.121,11919,11920,11919,1,-1
2020-01-06 15:03:05.826,11919,11920,11919,5,-5
2020-01-06 15:03:06.101,11919,11920,11919,1,-1
2020-01-06 15:03:06.180,11919,11920,11920,1,1
2020-01-06 15:03:06.785,11919,11920,11920,2,2
2020-01-06 15:03:06.810,11919,11920,11920,5,5
2020-01-06 15:03:07.268,11920,11921,11920,5,-5
2020-01-06 15:03:07.703,11919,11921,11919,1,-1
2020-01-06 15:03:07.898,11919,11921,11919,1,-1
2020-01-06 15:03:08.555,11919,11920,11919,1,-1
2020-01-06 15:03:09.145,11919,11920,11919,1,-1
2020-01-06 15:03:09.208,11919,11920,11919,1,-1
2020-01-06 15:03:10.027,11919,11920,11920,3,3
2020-01-06 15:03:10.027,11919,11920,11921,2,2
2020-01-06 15:03:10.310,11920,11921,11921,1,1
2020-01-06 15:03:10.590,11920,11922,11920,2,-2
2020-01-06 15:03:10.769,11920,11922,11920,1,-1
2020-01-06 15:03:11.140,11920,11922,11920,2,-2
2020-01-06 15:03:11.279,11920,11922,11922,1,1
2020-01-06 15:03:11.478,11921,11922,11921,1,-1
2020-01-06 15:03:11.560,11921,11922,11922,3,3
2020-01-06 15:03:11.714,11921,11923,11921,8,-8
2020-01-06 15:03:12.330,11921,11922,11921,5,-5
2020-01-06 15:03:12.684,11920,11921,11921,3,3
2020-01-06 15:03:13.024,11921,11922,11921,3,-3
2020-01-06 15:03:13.024,11921,11922,11920,1,-1
2020-01-06 15:03:13.094,11920,11922,11922,1,1
2020-01-06 15:03:13.422,11920,11922,11920,5,-5
2020-01-06 15:03:14.344,11921,11922,11921,2,2
2020-01-06 15:03:15.123,11921,11922,11921,2,-2
2020-01-06 15:03:16.859,11921,11922,11921,2,-2
2020-01-06 15:03:17.302,11921,11922,11921,1,-1
2020-01-06 15:03:17.685,11921,11922,11922,11,11
2020-01-06 15:03:17.797,11921,11922,11921,1,-1
2020-01-06 15:03:18.119,11921,11923,11921,1,-1
2020-01-06 15:03:18.565,11921,11923,11923,1,1
2020-01-06 15:03:18.881,11922,11923,11922,2,-2
2020-01-06 15:03:19.017,11921,11923,11923,5,5
2020-01-06 15:03:19.083,11921,11923,11922,2,-2
2020-01-06 15:03:19.180,11921,11923,11922,1,-1
2020-01-06 15:03:19.204,11922,11923,11922,1,-1
2020-01-06 15:03:19.373,11922,11923,11922,1,-1
2020-01-06 15:03:19.670,11921,11923,11921,10,-10
2020-01-06 15:03:19.684,11921,11923,11921,2,-2
2020-01-06 15:03:21.845,11921,11923,11923,1,1
2020-01-06 15:03:22.184,11922,11923,11923,5,5
2020-01-06 15:03:22.385,11923,11924,11923,1,-1
2020-01-06 15:03:23.069,11923,11925,11925,5,5
2020-01-06 15:03:23.115,11923,11925,11923,2,-2
2020-01-06 15:03:23.150,11923,11925,11923,1,-1
2020-01-06 15:03:23.218,11923,11925,11925,10,10
2020-01-06 15:03:23.218,11923,11925,11925,1,1
2020-01-06 15:03:23.239,11923,11925,11925,1,1
2020-01-06 15:03:23.309,11925,11926,11925,1,-1
2020-01-06 15:03:23.398,11925,11926,11925,7,-7
2020-01-06 15:03:23.398,11925,11926,11924,3,-3
2020-01-06 15:03:23.499,11924,11925,11925,2,2
2020-01-06 15:03:23.499,11924,11925,11924,4,-4
2020-01-06 15:03:23.983,11924,11926,11924,4,-4
2020-01-06 15:03:24.213,11924,11926,11924,2,-2
2020-01-06 15:03:24.344,11925,11926,11925,2,2
2020-01-06 15:03:24.654,11925,11926,11926,1,1
2020-01-06 15:03:24.808,11925,11926,11926,14,14
2020-01-06 15:03:27.255,11926,11927,11926,1,-1
2020-01-06 15:03:27.310,11925,11926,11926,3,3
2020-01-06 15:03:27.380,11925,11926,11925,2,-2
2020-01-06 15:03:28.224,11925,11926,11926,1,1
2020-01-06 15:03:28.448,11925,11927,11925,1,-1
2020-01-06 15:03:29.059,11926,11927,11926,1,1
2020-01-06 15:03:30.643,11925,11926,11926,1,1
2020-01-06 15:03:30.852,11925,11926,11925,4,-4
2020-01-06 15:03:33.695,11925,11926,11925,3,-3
2020-01-06 15:03:34.258,11924,11925,11925,1,1
2020-01-06 15:03:34.683,11924,11926,11926,1,1
2020-01-06 15:03:36.002,11925,11926,11926,1,1
2020-01-06 15:03:38.304,11925,11926,11925,1,-1
2020-01-06 15:03:38.347,11925,11926,11926,1,1
2020-01-06 15:03:40.133,11925,11926,11926,1,1
2020-01-06 15:03:40.176,11925,11926,11925,3,-3
2020-01-06 15:03:40.176,11925,11926,11924,1,-1
2020-01-06 15:03:43.959,11924,11925,11924,1,-1
2020-01-06 15:03:43.996,11924,11925,11925,1,1
2020-01-06 15:03:45.085,11924,11925,11924,1,-1
2020-01-06 15:03:45.085,11924,11925,11923,1,-1
2020-01-06 15:03:46.164,11924,11925,11924,1,1
2020-01-06 15:03:46.602,11924,11925,11924,1,-1
2020-01-06 15:03:46.652,11924,11925,11924,1,-1
2020-01-06 15:03:49.250,11923,11924,11924,2,2
2020-01-06 15:03:49.652,11923,11924,11924,1,1
2020-01-06 15:03:50.874,11923,11924,11924,1,1
2020-01-06 15:03:52.452,11923,11924,11924,1,1
2020-01-06 15:03:54.731,11923,11924,11924,2,2
2020-01-06 15:03:54.759,11923,11924,11924,1,1
2020-01-06 15:03:55.282,11923,11924,11924,10,10
2020-01-06 15:03:55.736,11923,11924,11924,1,1
2020-01-06 15:03:56.857,11923,11924,11924,1,1
2020-01-06 15:03:57.147,11923,11924,11923,3,-3
2020-01-06 15:03:57.865,11923,11924,11924,1,1
2020-01-06 15:03:58.918,11923,11925,11923,1,-1
2020-01-06 15:03:59.299,11923,11924,11923,1,-1
2020-01-06 15:03:59.343,11923,11924,11923,1,-1
2020-01-06 15:03:59.348,11923,11924,11923,1,-1
2020-01-06 15:03:59.357,11923,11924,11923,1,-1
2020-01-06 15:03:59.415,11923,11924,11923,1,-1
2020-01-06 15:03:59.484,11923,11924,11923,1,-1
2020-01-06 15:03:59.782,11923,11924,11923,2,-2
2020-01-06 15:03:59.782,11923,11924,11922,3,-3
2020-01-06 15:04:03.017,11922,11923,11922,1,-1
2020-01-06 15:04:03.840,11922,11923,11923,1,1
2020-01-06 15:04:04.019,11922,11923,11923,1,1
2020-01-06 15:04:04.520,11923,11924,11923,1,-1
2020-01-06 15:04:04.619,11923,11924,11923,1,-1
2020-01-06 15:04:04.688,11922,11924,11922,2,-2
2020-01-06 15:04:04.754,11922,11924,11923,1,1
2020-01-06 15:04:04.983,11922,11923,11922,1,-1
2020-01-06 15:04:05.261,11922,11923,11923,2,2
2020-01-06 15:04:06.221,11922,11924,11922,1,-1
2020-01-06 15:04:06.264,11922,11924,11922,3,-3
2020-01-06 15:04:06.427,11922,11924,11922,3,-3
2020-01-06 15:04:06.929,11921,11922,11922,1,1
2020-01-06 15:04:07.095,11921,11922,11922,1,1
2020-01-06 15:04:08.788,11921,11922,11921,1,-1
2020-01-06 15:04:10.223,11921,11922,11921,2,-2
2020-01-06 15:04:10.663,11921,11922,11921,2,-2
2020-01-06 15:04:12.289,11921,11922,11921,1,-1
2020-01-06 15:04:12.296,11921,11922,11921,2,-2
2020-01-06 15:04:12.310,11921,11922,11921,2,-2
2020-01-06 15:04:12.369,11921,11922,11921,4,-4
2020-01-06 15:04:12.692,11921,11922,11921,1,-1
2020-01-06 15:04:13.211,11921,11922,11922,1,1
2020-01-06 15:04:13.842,11921,11922,11921,3,-3
2020-01-06 15:04:14.781,11921,11922,11922,2,2
2020-01-06 15:04:15.475,11921,11922,11921,2,-2
2020-01-06 15:04:17.747,11921,11922,11922,7,7
2020-01-06 15:04:17.890,11922,11923,11923,2,2
2020-01-06 15:04:19.570,11922,11923,11922,1,-1
2020-01-06 15:04:21.990,11922,11923,11923,1,1
2020-01-06 15:04:22.087,11922,11923,11922,3,-3
2020-01-06 15:04:23.514,11922,11923,11922,3,-3
2020-01-06 15:04:27.548,11922,11923,11923,3,3
2020-01-06 15:04:27.559,11922,11923,11923,10,10
2020-01-06 15:04:27.606,11922,11923,11924,1,1
2020-01-06 15:04:27.861,11923,11924,11923,5,-5
2020-01-06 15:04:29.759,11923,11924,11923,3,-3
2020-01-06 15:04:29.759,11923,11924,11922,7,-7
2020-01-06 15:04:30.221,11923,11924,11923,1,1
2020-01-06 15:04:30.221,11923,11924,11922,1,-1
2020-01-06 15:04:32.404,11922,11923,11922,1,-1
2020-01-06 15:04:32.884,11922,11923,11922,1,-1
2020-01-06 15:04:32.939,11922,11923,11922,1,-1
2020-01-06 15:04:35.388,11922,11923,11922,1,-1
2020-01-06 15:04:35.445,11922,11923,11922,1,-1
2020-01-06 15:04:36.125,11922,11923,11922,5,-5
2020-01-06 15:04:36.218,11922,11923,11922,3,-3
2020-01-06 15:04:41.535,11922,11923,11922,1,-1
2020-01-06 15:04:42.291,11922,11923,11922,1,-1
2020-01-06 15:04:45.434,11922,11923,11923,12,12
2020-01-06 15:04:46.510,11922,11923,11923,1,1
2020-01-06 15:04:48.221,11922,11923,11923,1,1
2020-01-06 15:04:49.126,11923,11924,11923,1,-1
2020-01-06 15:04:49.126,11923,11924,11922,9,-9
2020-01-06 15:04:56.327,11923,11924,11923,2,2
2020-01-06 15:04:57.754,11922,11923,11922,3,-3
2020-01-06 15:04:57.754,11922,11923,11922,3,-3
2020-01-06 15:04:58.849,11922,11923,11923,6,6
2020-01-06 15:05:02.215,11923,11924,11924,9,9
2020-01-06 15:05:02.323,11923,11924,11923,2,-2
2020-01-06 15:05:02.350,11923,11924,11923,1,-1
2020-01-06 15:05:02.689,11923,11924,11923,1,-1
2020-01-06 15:05:03.273,11923,11924,11923,1,-1
2020-01-06 15:05:03.860,11923,11924,11924,7,7
2020-01-06 15:05:04.899,11924,11925,11925,1,1
2020-01-06 15:05:05.689,11924,11925,11925,1,1
2020-01-06 15:05:06.218,11924,11925,11924,1,-1
2020-01-06 15:05:06.669,11924,11925,11924,1,-1
2020-01-06 15:05:07.278,11924,11925,11925,3,3
2020-01-06 15:05:07.535,11924,11925,11924,6,-6
2020-01-06 15:05:09.863,11924,11925,11924,1,-1
2020-01-06 15:05:10.629,11924,11925,11924,2,-2
2020-01-06 15:05:11.216,11923,11924,11923,2,-2
2020-01-06 15:05:12.281,11923,11924,11924,1,1
2020-01-06 15:05:15.334,11923,11924,11924,1,1
2020-01-06 15:05:15.510,11924,11925,11924,1,-1
2020-01-06 15:05:15.510,11924,11925,11923,2,-2
2020-01-06 15:05:15.862,11923,11924,11923,1,-1
2020-01-06 15:05:16.765,11923,11924,11923,1,-1
2020-01-06 15:05:16.857,11923,11924,11924,1,1
2020-01-06 15:05:16.927,11923,11924,11924,1,1
2020-01-06 15:05:17.431,11924,11925,11924,1,-1
2020-01-06 15:05:18.594,11924,11925,11924,2,-2
2020-01-06 15:05:22.415,11924,11925,11924,1,-1
2020-01-06 15:05:23.894,11924,11925,11925,1,1
2020-01-06 15:05:24.595,11924,11925,11924,6,-6
2020-01-06 15:05:24.786,11923,11924,11924,1,1
2020-01-06 15:05:24.810,11923,11924,11924,1,1
2020-01-06 15:05:25.248,11923,11924,11924,1,1
2020-01-06 15:05:26.703,11923,11924,11924,1,1
2020-01-06 15:05:27.283,11923,11924,11924,1,1
2020-01-06 15:05:27.522,11923,11924,11924,1,1
2020-01-06 15:05:28.946,11924,11925,11925,1,1
2020-01-06 15:05:28.976,11924,11925,11925,1,1
2020-01-06 15:05:29.059,11924,11925,11925,4,4
2020-01-06 15:05:29.059,11924,11925,11925,5,5
2020-01-06 15:05:29.184,11924,11925,11925,4,4
2020-01-06 15:05:29.184,11924,11925,11925,1,1
2020-01-06 15:05:29.184,11924,11925,11925,1,1
2020-01-06 15:05:29.230,11924,11925,11926,1,1
2020-01-06 15:05:29.831,11925,11926,11926,1,1
2020-01-06 15:05:30.113,11925,11926,11925,1,-1
2020-01-06 15:05:30.166,11925,11926,11926,1,1
2020-01-06 15:05:30.425,11925,11926,11926,1,1
2020-01-06 15:05:30.947,11925,11926,11926,1,1
2020-01-06 15:05:31.512,11924,11926,11926,1,1
2020-01-06 15:05:32.263,11924,11926,11926,1,1
2020-01-06 15:05:32.332,11924,11926,11926,1,1
2020-01-06 15:05:32.714,11924,11926,11926,1,1
2020-01-06 15:05:34.658,11924,11926,11924,1,-1
2020-01-06 15:05:40.028,11924,11925,11925,1,1
2020-01-06 15:05:41.471,11924,11925,11924,1,-1
2020-01-06 15:05:42.396,11924,11925,11925,1,1
2020-01-06 15:05:45.991,11924,11925,11925,1,1
2020-01-06 15:05:47.173,11924,11925,11925,1,1
2020-01-06 15:05:48.524,11925,11926,11925,1,-1
2020-01-06 15:05:48.749,11925,11926,11926,1,1
2020-01-06 15:05:51.238,11925,11926,11926,1,1
2020-01-06 15:05:52.240,11925,11926,11926,2,2
2020-01-06 15:06:00.094,11925,11926,11926,1,1
2020-01-06 15:06:00.104,11925,11926,11926,1,1
2020-01-06 15:06:00.105,11925,11926,11926,1,1
2020-01-06 15:06:00.111,11925,11926,11926,1,1
2020-01-06 15:06:00.121,11925,11926,11926,1,1
2020-01-06 15:06:00.128,11925,11926,11926,1,1
2020-01-06 15:06:00.151,11925,11926,11926,1,1
2020-01-06 15:06:00.945,11925,11926,11925,14,-14
2020-01-06 15:06:00.945,11925,11926,11924,4,-4
2020-01-06 15:06:00.976,11925,11926,11926,2,2
2020-01-06 15:06:01.926,11924,11925,11925,1,1
2020-01-06 15:06:04.265,11924,11925,11925,1,1
2020-01-06 15:06:04.329,11924,11926,11926,1,1
2020-01-06 15:06:07.250,11925,11926,11925,1,-1
2020-01-06 15:06:07.498,11924,11925,11925,1,1
2020-01-06 15:06:09.044,11924,11925,11924,1,-1
2020-01-06 15:06:12.423,11924,11925,11925,1,1
2020-01-06 15:06:14.127,11924,11925,11924,1,-1
2020-01-06 15:06:14.809,11924,11925,11924,19,-19
2020-01-06 15:06:19.942,11923,11924,11924,1,1
2020-01-06 15:06:21.739,11923,11924,11924,1,1
2020-01-06 15:06:22.317,11923,11924,11924,1,1
2020-01-06 15:06:24.152,11923,11924,11924,5,5
2020-01-06 15:06:28.034,11923,11924,11924,2,2
2020-01-06 15:06:29.145,11923,11924,11924,2,2
2020-01-06 15:06:29.184,11923,11924,11924,2,2
2020-01-06 15:06:29.198,11923,11924,11924,8,8
2020-01-06 15:06:29.444,11924,11925,11924,1,-1
2020-01-06 15:06:30.393,11924,11925,11925,21,21
2020-01-06 15:06:30.396,11924,11925,11924,5,-5
2020-01-06 15:06:33.360,11925,11926,11926,1,1
2020-01-06 15:06:33.429,11925,11926,11926,2,2
2020-01-06 15:06:33.429,11925,11926,11926,1,1
2020-01-06 15:06:33.431,11925,11926,11926,1,1
2020-01-06 15:06:33.431,11925,11926,11926,1,1
2020-01-06 15:06:33.434,11925,11926,11926,3,3
2020-01-06 15:06:33.434,11925,11926,11926,9,9
2020-01-06 15:06:33.434,11925,11926,11926,3,3
2020-01-06 15:06:33.434,11925,11926,11926,1,1
2020-01-06 15:06:37.719,11926,11927,11927,9,9
2020-01-06 15:06:37.853,11927,11928,11928,1,1
2020-01-06 15:06:38.182,11927,11928,11927,1,-1
2020-01-06 15:06:39.498,11926,11927,11927,1,1
2020-01-06 15:06:48.166,11926,11927,11927,5,5
2020-01-06 15:06:48.824,11926,11927,11927,1,1
2020-01-06 15:06:48.973,11926,11928,11926,3,-3
2020-01-06 15:06:51.170,11926,11928,11926,1,-1
2020-01-06 15:06:55.999,11927,11928,11927,1,1
2020-01-06 15:06:57.304,11927,11928,11927,1,-1
2020-01-06 15:06:57.656,11927,11928,11927,1,-1
2020-01-06 15:06:57.775,11927,11928,11928,1,1
2020-01-06 15:07:01.212,11927,11928,11927,1,-1
2020-01-06 15:07:01.257,11927,11928,11928,2,2
2020-01-06 15:07:01.457,11927,11928,11928,1,1
2020-01-06 15:07:01.685,11927,11928,11927,22,-22
2020-01-06 15:07:01.685,11927,11928,11926,16,-16
2020-01-06 15:07:01.808,11927,11928,11927,1,1
2020-01-06 15:07:01.814,11926,11927,11927,1,1
2020-01-06 15:07:01.885,11926,11927,11927,1,1
2020-01-06 15:07:01.924,11926,11927,11927,1,1
2020-01-06 15:07:01.976,11926,11927,11927,2,2
2020-01-06 15:07:01.995,11926,11927,11926,6,-6
2020-01-06 15:07:01.995,11926,11927,11925,32,-32
2020-01-06 15:07:02.059,11926,11927,11926,1,1
2020-01-06 15:07:02.279,11925,11926,11926,1,1
2020-01-06 15:07:02.369,11925,11926,11926,1,1
2020-01-06 15:07:02.371,11925,11926,11926,1,1
2020-01-06 15:07:02.559,11925,11926,11926,1,1
2020-01-06 15:07:04.136,11925,11926,11926,6,6
2020-01-06 15:07:06.305,11925,11926,11925,4,-4
2020-01-06 15:07:13.024,11925,11926,11926,2,2
2020-01-06 15:07:13.060,11925,11926,11926,2,2
2020-01-06 15:07:16.006,11925,11926,11926,1,1
2020-01-06 15:07:19.486,11926,11927,11926,2,-2
2020-01-06 15:07:21.061,11925,11927,11927,3,3
2020-01-06 15:07:30.694,11926,11927,11927,1,1
2020-01-06 15:07:36.871,11926,11927,11926,10,-10
2020-01-06 15:07:37.170,11926,11927,11926,4,-4
2020-01-06 15:07:37.506,11925,11926,11926,1,1
2020-01-06 15:07:42.442,11925,11926,11926,2,2
2020-01-06 15:07:45.993,11925,11926,11926,1,1
2020-01-06 15:07:46.520,11925,11926,11926,2,2
2020-01-06 15:07:47.506,11925,11926,11926,1,1
2020-01-06 15:07:52.227,11926,11927,11926,2,-2
2020-01-06 15:07:52.524,11925,11926,11926,1,1
2020-01-06 15:07:53.124,11925,11926,11926,1,1
2020-01-06 15:07:54.776,11926,11927,11926,1,-1
2020-01-06 15:07:57.531,11925,11926,11926,7,7
2020-01-06 15:08:00.256,11926,11927,11927,1,1
2020-01-06 15:08:02.186,11926,11927,11927,10,10
2020-01-06 15:08:03.766,11926,11927,11927,1,1
2020-01-06 15:08:03.989,11926,11927,11926,2,-2
2020-01-06 15:08:04.162,11926,11927,11927,2,2
2020-01-06 15:08:04.345,11926,11927,11926,1,-1
2020-01-06 15:08:06.305,11926,11927,11926,1,-1
2020-01-06 15:08:11.278,11926,11927,11927,1,1
2020-01-06 15:08:13.412,11926,11927,11926,1,-1
2020-01-06 15:08:14.804,11926,11927,11926,18,-18
2020-01-06 15:08:15.648,11925,11926,11926,1,1
2020-01-06 15:08:18.434,11925,11926,11925,6,-6
2020-01-06 15:08:18.559,11925,11926,11925,4,-4
2020-01-06 15:08:19.412,11924,11926,11926,1,1
2020-01-06 15:08:20.212,11924,11926,11926,2,2
2020-01-06 15:08:24.694,11925,11926,11925,2,-2
2020-01-06 15:08:24.947,11924,11925,11925,1,1
2020-01-06 15:08:30.283,11924,11925,11924,3,-3
2020-01-06 15:08:30.486,11924,11925,11925,3,3
2020-01-06 15:08:44.106,11924,11925,11925,1,1
2020-01-06 15:08:45.406,11924,11925,11925,1,1
2020-01-06 15:08:45.412,11924,11925,11925,1,1
2020-01-06 15:08:48.892,11924,11925,11925,1,1
2020-01-06 15:08:49.721,11924,11925,11925,1,1
2020-01-06 15:08:50.139,11924,11925,11925,1,1
2020-01-06 15:08:54.854,11924,11925,11924,1,-1
2020-01-06 15:08:58.406,11924,11925,11924,3,-3
2020-01-06 15:08:58.455,11924,11925,11924,2,-2
2020-01-06 15:08:59.065,11924,11925,11925,4,4
2020-01-06 15:09:00.209,11924,11925,11924,4,-4
2020-01-06 15:09:01.090,11924,11925,11924,18,-18
2020-01-06 15:09:01.184,11924,11925,11924,4,-4
2020-01-06 15:09:01.184,11924,11925,11924,2,-2
2020-01-06 15:09:01.184,11924,11925,11924,5,-5
2020-01-06 15:09:02.352,11923,11924,11923,15,-15
2020-01-06 15:09:03.016,11922,11923,11922,1,-1
2020-01-06 15:09:04.371,11922,11923,11922,1,-1
2020-01-06 15:09:04.377,11922,11923,11922,1,-1
2020-01-06 15:09:05.495,11922,11923,11922,2,-2
2020-01-06 15:09:07.116,11921,11923,11921,1,-1
2020-01-06 15:09:07.286,11921,11923,11921,1,-1
2020-01-06 15:09:08.006,11921,11922,11922,2,2
2020-01-06 15:09:08.050,11921,11922,11922,1,1
2020-01-06 15:09:08.420,11921,11922,11921,1,-1
2020-01-06 15:09:08.570,11921,11922,11922,1,1
2020-01-06 15:09:10.381,11921,11923,11921,3,-3
2020-01-06 15:09:10.616,11921,11922,11921,1,-1
2020-01-06 15:09:11.208,11921,11923,11923,1,1
2020-01-06 15:09:13.475,11922,11923,11922,1,-1
2020-01-06 15:09:15.033,11922,11923,11922,1,-1
2020-01-06 15:09:16.387,11922,11923,11922,1,-1
2020-01-06 15:09:17.567,11922,11923,11922,2,-2
2020-01-06 15:09:19.468,11921,11923,11921,1,-1
2020-01-06 15:09:19.872,11921,11923,11923,1,1
2020-01-06 15:09:27.842,11922,11923,11922,1,-1
2020-01-06 15:09:30.914,11922,11923,11922,2,-2
2020-01-06 15:09:30.934,11922,11923,11922,1,-1
2020-01-06 15:09:30.937,11922,11923,11922,1,-1
2020-01-06 15:09:30.947,11922,11923,11922,1,-1
2020-01-06 15:09:30.948,11922,11923,11922,1,-1
2020-01-06 15:09:31.016,11922,11923,11922,1,-1
2020-01-06 15:09:31.032,11922,11923,11922,1,-1
2020-01-06 15:09:31.067,11922,11923,11922,1,-1
2020-01-06 15:09:31.800,11922,11923,11922,1,-1
2020-01-06 15:09:31.827,11922,11923,11922,2,-2
2020-01-06 15:09:32.473,11922,11923,11922,5,-5
2020-01-06 15:09:34.856,11922,11923,11922,1,-1
2020-01-06 15:09:34.863,11922,11923,11922,1,-1
2020-01-06 15:09:34.866,11922,11923,11922,1,-1
2020-01-06 15:09:34.867,11922,11923,11922,1,-1
2020-01-06 15:09:34.908,11922,11923,11922,1,-1
2020-01-06 15:09:35.121,11921,11923,11921,1,-1
2020-01-06 15:09:35.340,11921,11923,11921,1,-1
2020-01-06 15:09:36.535,11921,11922,11922,4,4
2020-01-06 15:09:37.497,11921,11922,11922,1,1
2020-01-06 15:09:37.559,11921,11922,11922,7,7
2020-01-06 15:09:38.321,11921,11922,11922,1,1
2020-01-06 15:09:38.727,11921,11922,11921,1,-1
2020-01-06 15:09:38.730,11921,11922,11921,1,-1
2020-01-06 15:09:38.743,11921,11922,11921,2,-2
2020-01-06 15:09:38.803,11921,11922,11921,1,-1
2020-01-06 15:09:38.809,11921,11922,11921,1,-1
2020-01-06 15:09:38.813,11921,11922,11921,1,-1
2020-01-06 15:09:38.820,11921,11922,11921,2,-2
2020-01-06 15:09:38.827,11921,11922,11921,1,-1
2020-01-06 15:09:38.831,11921,11922,11921,1,-1
2020-01-06 15:09:38.898,11921,11922,11921,1,-1
2020-01-06 15:09:40.120,11921,11922,11921,1,-1
2020-01-06 15:09:40.185,11921,11922,11921,17,-17
2020-01-06 15:09:40.309,11921,11922,11921,2,-2
2020-01-06 15:09:40.309,11921,11922,11921,2,-2
2020-01-06 15:09:40.334,11921,11922,11921,2,-2
2020-01-06 15:09:40.434,11921,11922,11921,2,-2
2020-01-06 15:09:41.756,11921,11922,11921,1,-1
2020-01-06 15:09:41.763,11921,11922,11921,1,-1
2020-01-06 15:09:41.766,11921,11922,11921,1,-1
2020-01-06 15:09:41.782,11921,11922,11921,1,-1
2020-01-06 15:09:41.840,11921,11922,11921,1,-1
2020-01-06 15:09:42.237,11921,11922,11921,2,-2
2020-01-06 15:09:42.341,11921,11922,11921,1,-1
2020-01-06 15:09:42.572,11921,11922,11922,3,3
2020-01-06 15:09:44.591,11921,11922,11921,1,-1
2020-01-06 15:09:46.747,11921,11922,11921,1,-1
2020-01-06 15:09:48.220,11921,11922,11921,2,-2
2020-01-06 15:09:49.015,11921,11922,11921,5,-5
2020-01-06 15:09:49.066,11921,11922,11921,1,-1
2020-01-06 15:09:50.394,11920,11921,11921,1,1
2020-01-06 15:09:51.409,11920,11921,11921,2,2
2020-01-06 15:09:51.707,11920,11921,11920,1,-1
2020-01-06 15:09:52.027,11920,11921,11920,7,-7
2020-01-06 15:09:52.184,11920,11921,11920,2,-2
2020-01-06 15:09:52.184,11920,11921,11920,4,-4
2020-01-06 15:09:52.309,11920,11921,11920,1,-1
2020-01-06 15:09:53.865,11920,11921,11920,1,-1
2020-01-06 15:09:53.874,11920,11921,11920,2,-2
2020-01-06 15:09:53.975,11920,11921,11921,1,1
2020-01-06 15:09:54.391,11920,11921,11920,1,-1
2020-01-06 15:09:54.848,11920,11921,11920,1,-1
2020-01-06 15:09:55.943,11920,11921,11920,2,-2
2020-01-06 15:09:56.913,11920,11921,11920,2,-2
2020-01-06 15:09:56.930,11920,11921,11920,1,-1
2020-01-06 15:09:57.558,11920,11921,11920,1,-1
2020-01-06 15:09:58.298,11920,11921,11920,1,-1
2020-01-06 15:09:58.313,11920,11921,11921,1,1
2020-01-06 15:09:59.404,11920,11921,11920,1,-1
2020-01-06 15:09:59.569,11920,11921,11920,2,-2
2020-01-06 15:09:59.684,11919,11920,11920,3,3
2020-01-06 15:09:59.934,11919,11920,11920,1,1
2020-01-06 15:10:00.184,11919,11920,11920,4,4
2020-01-06 15:10:00.309,11919,11920,11920,1,1
2020-01-06 15:10:00.559,11919,11920,11920,2,2
2020-01-06 15:10:00.809,11919,11920,11920,1,1
2020-01-06 15:10:00.934,11919,11920,11920,4,4
2020-01-06 15:10:01.424,11919,11920,11919,1,-1
2020-01-06 15:10:01.478,11919,11920,11919,1,-1
2020-01-06 15:10:01.928,11919,11920,11919,4,-4
2020-01-06 15:10:01.934,11919,11920,11919,1,-1
2020-01-06 15:10:01.934,11919,11920,11919,3,-3
2020-01-06 15:10:01.935,11919,11920,11919,2,-2
2020-01-06 15:10:01.935,11919,11920,11919,22,-22
2020-01-06 15:10:01.988,11919,11920,11919,1,-1
2020-01-06 15:10:03.274,11918,11919,11919,1,1
2020-01-06 15:10:04.006,11918,11919,11919,1,1
2020-01-06 15:10:04.007,11918,11919,11919,1,1
2020-01-06 15:10:04.602,11918,11919,11919,1,1
2020-01-06 15:10:05.033,11918,11920,11919,1,-1
2020-01-06 15:10:05.033,11918,11920,11918,1,-1
2020-01-06 15:10:05.035,11918,11920,11918,1,-1
2020-01-06 15:10:05.038,11918,11920,11918,1,-1
2020-01-06 15:10:05.083,11918,11920,11918,2,-2
2020-01-06 15:10:05.122,11918,11920,11918,1,-1
2020-01-06 15:10:05.128,11918,11920,11918,1,-1
2020-01-06 15:10:05.144,11918,11920,11918,1,-1
2020-01-06 15:10:05.177,11918,11920,11918,1,-1
2020-01-06 15:10:06.318,11918,11919,11918,1,-1
2020-01-06 15:10:06.683,11918,11919,11918,1,-1
2020-01-06 15:10:06.827,11918,11919,11918,1,-1
2020-01-06 15:10:06.872,11918,11919,11918,1,-1
2020-01-06 15:10:06.873,11918,11919,11918,1,-1
2020-01-06 15:10:06.875,11918,11919,11918,1,-1
2020-01-06 15:10:06.967,11918,11919,11918,1,-1
2020-01-06 15:10:06.971,11918,11919,11918,1,-1
2020-01-06 15:10:07.078,11918,11919,11918,1,-1
2020-01-06 15:10:07.169,11918,11919,11918,1,-1
2020-01-06 15:10:07.339,11918,11919,11918,1,-1
2020-01-06 15:10:07.451,11918,11919,11919,1,1
2020-01-06 15:10:07.471,11918,11919,11919,2,2
2020-01-06 15:10:08.960,11918,11919,11918,1,-1
2020-01-06 15:10:08.965,11918,11919,11918,1,-1
2020-01-06 15:10:08.965,11918,11919,11918,1,-1
2020-01-06 15:10:09.060,11918,11919,11918,1,-1
2020-01-06 15:10:09.069,11918,11919,11918,1,-1
2020-01-06 15:10:09.072,11918,11919,11918,1,-1
2020-01-06 15:10:09.072,11918,11919,11918,2,-2
2020-01-06 15:10:09.080,11918,11919,11918,1,-1
2020-01-06 15:10:09.120,11918,11919,11918,1,-1
2020-01-06 15:10:09.125,11918,11919,11919,1,1
2020-01-06 15:10:09.401,11918,11919,11918,1,-1
2020-01-06 15:10:09.560,11918,11919,11918,2,-2
2020-01-06 15:10:09.620,11918,11919,11917,2,-2
2020-01-06 15:10:09.719,11917,11919,11917,1,-1
2020-01-06 15:10:09.743,11917,11919,11917,1,-1
2020-01-06 15:10:09.903,11917,11918,11917,2,-2
2020-01-06 15:10:10.000,11917,11918,11918,1,1
2020-01-06 15:10:10.004,11917,11918,11917,5,-5
2020-01-06 15:10:10.526,11917,11918,11917,4,-4
2020-01-06 15:10:10.526,11917,11918,11916,1,-1
2020-01-06 15:10:11.206,11917,11918,11917,1,1
2020-01-06 15:10:11.780,11917,11918,11918,1,1
2020-01-06 15:10:11.832,11917,11918,11918,1,1
2020-01-06 15:10:12.087,11917,11918,11917,2,-2
2020-01-06 15:10:12.620,11917,11918,11917,2,-2
2020-01-06 15:10:12.859,11917,11918,11917,1,-1
2020-01-06 15:10:16.218,11917,11918,11918,1,1
2020-01-06 15:10:16.299,11917,11918,11917,1,-1
2020-01-06 15:10:17.806,11917,11918,11917,1,-1
2020-01-06 15:10:18.082,11917,11918,11917,3,-3
2020-01-06 15:10:18.920,11917,11918,11918,1,1
2020-01-06 15:10:19.235,11917,11918,11917,2,-2
2020-01-06 15:10:20.702,11917,11918,11917,5,-5
2020-01-06 15:10:21.955,11917,11918,11918,7,7
2020-01-06 15:10:24.881,11918,11919,11919,1,1
2020-01-06 15:10:25.074,11918,11919,11919,1,1
2020-01-06 15:10:26.734,11918,11919,11918,1,-1
2020-01-06 15:10:30.225,11918,11919,11918,1,-1
2020-01-06 15:10:31.232,11918,11919,11919,1,1
2020-01-06 15:10:31.276,11918,11919,11918,1,-1
2020-01-06 15:10:33.717,11918,11919,11918,2,-2
2020-01-06 15:10:34.607,11918,11919,11918,1,-1
2020-01-06 15:10:36.609,11918,11919,11918,5,-5
2020-01-06 15:10:39.503,11918,11919,11918,2,-2
2020-01-06 15:10:41.288,11918,11919,11918,13,-13
2020-01-06 15:10:41.288,11918,11919,11917,7,-7
2020-01-06 15:10:41.473,11917,11918,11918,1,1
2020-01-06 15:10:42.292,11917,11918,11917,1,-1
2020-01-06 15:10:42.579,11917,11918,11917,1,-1
2020-01-06 15:10:44.707,11917,11918,11918,1,1
2020-01-06 15:10:45.635,11917,11918,11917,1,-1
2020-01-06 15:10:45.899,11917,11918,11918,1,1
2020-01-06 15:10:45.984,11917,11918,11917,2,-2
2020-01-06 15:10:45.985,11917,11918,11917,1,-1
2020-01-06 15:10:45.997,11917,11918,11917,1,-1
2020-01-06 15:10:46.029,11917,11918,11917,1,-1
2020-01-06 15:10:46.029,11917,11918,11917,1,-1
2020-01-06 15:10:46.032,11917,11918,11917,1,-1
2020-01-06 15:10:46.102,11917,11918,11917,2,-2
2020-01-06 15:10:46.188,11916,11917,11916,1,-1
2020-01-06 15:10:46.226,11916,11917,11917,1,1
2020-01-06 15:10:46.338,11916,11917,11916,1,-1
2020-01-06 15:10:47.849,11916,11917,11917,3,3
2020-01-06 15:10:48.461,11916,11917,11917,1,1
2020-01-06 15:10:49.137,11917,11918,11917,1,-1
2020-01-06 15:10:49.139,11917,11918,11917,1,-1
2020-01-06 15:10:49.139,11917,11918,11917,1,-1
2020-01-06 15:10:49.146,11917,11918,11917,1,-1
2020-01-06 15:10:49.148,11917,11918,11917,1,-1
2020-01-06 15:10:49.185,11917,11918,11917,1,-1
2020-01-06 15:10:49.185,11917,11918,11916,1,-1
2020-01-06 15:10:49.220,11917,11918,11916,1,-1
2020-01-06 15:10:49.223,11917,11918,11916,1,-1
2020-01-06 15:10:49.310,11916,11917,11916,1,-1
2020-01-06 15:10:51.162,11916,11917,11917,1,1
2020-01-06 15:10:51.461,11916,11917,11916,2,-2
2020-01-06 15:10:51.462,11916,11917,11916,1,-1
2020-01-06 15:10:51.510,11916,11917,11916,1,-1
2020-01-06 15:10:51.522,11916,11917,11916,1,-1
2020-01-06 15:10:51.527,11916,11917,11916,1,-1
2020-01-06 15:10:51.534,11916,11917,11916,1,-1
2020-01-06 15:10:51.669,11916,11917,11916,1,-1
2020-01-06 15:10:51.684,11916,11917,11916,1,-1
2020-01-06 15:10:51.684,11916,11917,11916,1,-1
2020-01-06 15:10:51.809,11916,11917,11916,4,-4
2020-01-06 15:10:51.809,11916,11917,11916,2,-2
2020-01-06 15:10:51.898,11916,11917,11915,1,-1
2020-01-06 15:10:52.342,11915,11916,11915,1,-1
2020-01-06 15:10:53.298,11915,11916,11916,5,5
2020-01-06 15:10:55.305,11915,11916,11915,1,-1
2020-01-06 15:10:55.834,11915,11916,11915,2,-2
2020-01-06 15:10:56.818,11915,11916,11915,1,-1
2020-01-06 15:10:57.109,11915,11916,11915,1,-1
2020-01-06 15:10:57.461,11915,11916,11916,1,1
2020-01-06 15:10:59.954,11915,11916,11915,14,-14
2020-01-06 15:11:00.387,11914,11915,11914,10,-10
2020-01-06 15:11:00.416,11914,11915,11914,5,-5
2020-01-06 15:11:01.164,11913,11914,11914,1,1
2020-01-06 15:11:01.170,11913,11914,11913,4,-4
2020-01-06 15:11:01.182,11913,11914,11913,1,-1
2020-01-06 15:11:01.402,11913,11915,11913,2,-2
2020-01-06 15:11:01.609,11913,11915,11913,1,-1
2020-01-06 15:11:01.654,11913,11915,11915,3,3
2020-01-06 15:11:02.204,11914,11915,11915,2,2
2020-01-06 15:11:02.456,11914,11915,11915,1,1
2020-01-06 15:11:02.728,11914,11915,11914,3,-3
2020-01-06 15:11:03.253,11914,11915,11914,8,-8
2020-01-06 15:11:03.253,11914,11915,11913,7,-7
2020-01-06 15:11:03.585,11913,11914,11914,1,1
2020-01-06 15:11:03.803,11913,11914,11914,1,1
2020-01-06 15:11:04.493,11913,11914,11913,1,-1
2020-01-06 15:11:05.182,11913,11914,11914,1,1
2020-01-06 15:11:05.926,11913,11914,11914,2,2
2020-01-06 15:11:05.935,11913,11914,11914,3,3
2020-01-06 15:11:06.736,11914,11915,11914,1,-1
2020-01-06 15:11:06.762,11914,11915,11914,1,-1
2020-01-06 15:11:07.201,11914,11915,11914,1,-1
2020-01-06 15:11:08.306,11914,11915,11914,2,-2
2020-01-06 15:11:09.364,11914,11915,11914,1,-1
2020-01-06 15:11:10.116,11914,11915,11914,1,-1
2020-01-06 15:11:10.182,11914,11915,11914,2,-2
2020-01-06 15:11:10.361,11914,11915,11914,1,-1
2020-01-06 15:11:10.660,11914,11915,11914,1,-1
2020-01-06 15:11:10.818,11914,11915,11914,1,-1
2020-01-06 15:11:11.111,11914,11915,11914,1,-1
2020-01-06 15:11:11.617,11914,11915,11914,3,-3
2020-01-06 15:11:12.256,11914,11915,11914,1,-1
2020-01-06 15:11:13.221,11914,11915,11915,8,8
2020-01-06 15:11:13.800,11915,11916,11915,5,-5
2020-01-06 15:11:14.232,11915,11916,11915,1,-1
2020-01-06 15:11:14.716,11915,11916,11916,1,1
2020-01-06 15:11:15.027,11915,11916,11915,1,-1
2020-01-06 15:11:15.740,11915,11916,11916,1,1
2020-01-06 15:11:17.284,11915,11916,11916,5,5
2020-01-06 15:11:19.726,11916,11917,11916,1,-1
2020-01-06 15:11:19.990,11916,11917,11916,1,-1
2020-01-06 15:11:20.011,11916,11917,11917,2,2
2020-01-06 15:11:20.176,11916,11917,11917,10,10
2020-01-06 15:11:20.980,11917,11918,11918,2,2
2020-01-06 15:11:22.515,11917,11918,11917,1,-1
2020-01-06 15:11:23.430,11917,11918,11918,1,1
2020-01-06 15:11:24.034,11917,11918,11918,1,1
2020-01-06 15:11:24.059,11918,11919,11918,1,-1
2020-01-06 15:11:24.856,11917,11918,11918,1,1
2020-01-06 15:11:25.222,11917,11919,11918,1,-1
2020-01-06 15:11:27.228,11918,11919,11918,1,-1
2020-01-06 15:11:27.365,11918,11919,11918,1,-1
2020-01-06 15:11:28.287,11918,11919,11919,2,2
2020-01-06 15:11:28.561,11918,11919,11919,1,1
2020-01-06 15:11:30.744,11918,11919,11918,3,-3
2020-01-06 15:11:31.189,11918,11919,11919,1,1
2020-01-06 15:11:33.831,11918,11919,11919,1,1
2020-01-06 15:11:35.022,11918,11919,11918,1,-1
2020-01-06 15:11:36.914,11918,11919,11919,10,10
2020-01-06 15:11:37.197,11918,11919,11918,1,-1
2020-01-06 15:11:39.014,11918,11919,11918,1,-1
2020-01-06 15:11:40.467,11918,11919,11918,1,-1
2020-01-06 15:11:43.667,11918,11919,11918,2,-2
2020-01-06 15:11:47.211,11918,11919,11918,2,-2
2020-01-06 15:11:47.821,11918,11919,11918,1,-1
2020-01-06 15:11:54.575,11917,11918,11918,1,1
2020-01-06 15:12:00.053,11918,11919,11918,1,-1
2020-01-06 15:12:01.485,11918,11919,11918,1,-1
2020-01-06 15:12:04.081,11918,11919,11918,1,-1
2020-01-06 15:12:04.380,11918,11919,11918,6,-6
2020-01-06 15:12:04.686,11917,11918,11917,2,-2
2020-01-06 15:12:11.041,11916,11918,11916,1,-1
2020-01-06 15:12:12.580,11916,11917,11917,9,9
2020-01-06 15:12:12.834,11917,11918,11918,2,2
2020-01-06 15:12:17.215,11917,11918,11917,5,-5
2020-01-06 15:12:17.383,11917,11918,11917,1,-1
2020-01-06 15:12:17.807,11916,11918,11918,1,1
2020-01-06 15:12:21.489,11917,11918,11917,1,-1
2020-01-06 15:12:22.881,11917,11918,11917,1,-1
2020-01-06 15:12:23.445,11917,11918,11918,1,1
2020-01-06 15:12:24.278,11917,11918,11917,1,-1
2020-01-06 15:12:25.698,11917,11918,11917,1,-1
2020-01-06 15:12:30.248,11917,11918,11917,1,-1
2020-01-06 15:12:32.069,11916,11918,11916,1,-1
2020-01-06 15:12:38.378,11916,11917,11916,3,-3
2020-01-06 15:12:38.560,11916,11917,11916,7,-7
2020-01-06 15:12:39.067,11915,11917,11916,1,-1
2020-01-06 15:12:39.128,11915,11917,11916,1,-1
2020-01-06 15:12:39.128,11915,11917,11917,1,1
2020-01-06 15:12:39.322,11915,11917,11915,1,-1
2020-01-06 15:12:41.899,11915,11917,11915,1,-1
2020-01-06 15:12:41.946,11915,11917,11917,1,1
2020-01-06 15:12:42.745,11916,11917,11916,1,-1
2020-01-06 15:12:44.437,11916,11917,11916,1,-1
2020-01-06 15:12:44.623,11916,11917,11916,1,-1
2020-01-06 15:12:48.162,11916,11917,11917,1,1
2020-01-06 15:12:48.184,11916,11917,11917,3,3
2020-01-06 15:12:48.594,11917,11918,11917,1,-1
2020-01-06 15:12:49.459,11917,11918,11918,21,21
2020-01-06 15:12:49.459,11917,11918,11919,15,15
2020-01-06 15:12:49.585,11918,11919,11919,1,1
2020-01-06 15:12:49.587,11918,11919,11919,2,2
2020-01-06 15:12:50.053,11918,11919,11918,1,-1
2020-01-06 15:13:00.719,11917,11918,11918,4,4
2020-01-06 15:13:01.056,11917,11918,11917,2,-2
2020-01-06 15:13:15.596,11917,11918,11918,1,1
2020-01-06 15:13:21.904,11917,11919,11919,1,1
2020-01-06 15:13:24.667,11917,11918,11918,1,1
2020-01-06 15:13:27.400,11918,11919,11918,1,-1
2020-01-06 15:13:27.990,11918,11919,11918,1,-1
2020-01-06 15:13:35.435,11918,11919,11918,1,-1
2020-01-06 15:13:45.491,11918,11919,11919,1,1
2020-01-06 15:13:46.941,11918,11919,11918,1,-1
2020-01-06 15:13:52.251,11918,11919,11919,3,3
2020-01-06 15:13:54.448,11918,11919,11919,7,7
2020-01-06 15:13:54.851,11918,11919,11919,1,1
2020-01-06 15:13:56.483,11919,11920,11920,5,5
2020-01-06 15:13:56.634,11919,11920,11919,1,-1
2020-01-06 15:13:56.809,11919,11920,11919,1,-1
2020-01-06 15:14:01.208,11919,11920,11920,2,2
2020-01-06 15:14:01.421,11919,11920,11920,1,1
2020-01-06 15:14:04.510,11919,11920,11920,3,3
2020-01-06 15:14:04.514,11919,11920,11920,1,1
2020-01-06 15:14:05.913,11919,11920,11919,1,-1
2020-01-06 15:14:05.943,11919,11920,11920,1,1
2020-01-06 15:14:05.943,11919,11920,11920,1,1
2020-01-06 15:14:05.943,11919,11920,11920,1,1
2020-01-06 15:14:05.945,11919,11920,11920,1,1
2020-01-06 15:14:05.946,11919,11920,11920,1,1
2020-01-06 15:14:05.950,11919,11920,11920,1,1
2020-01-06 15:14:05.951,11919,11920,11920,1,1
2020-01-06 15:14:05.953,11919,11920,11920,1,1
2020-01-06 15:14:06.125,11919,11920,11920,4,4
2020-01-06 15:14:07.875,11919,11920,11920,1,1
2020-01-06 15:14:13.147,11919,11920,11919,1,-1
2020-01-06 15:14:14.312,11919,11920,11920,1,1
2020-01-06 15:14:16.633,11919,11920,11920,2,2
2020-01-06 15:14:18.755,11919,11920,11920,1,1
2020-01-06 15:14:19.859,11919,11920,11920,2,2
2020-01-06 15:14:20.222,11919,11920,11919,1,-1
2020-01-06 15:14:25.855,11919,11920,11919,1,-1
2020-01-06 15:14:26.454,11919,11920,11919,1,-1
2020-01-06 15:14:26.514,11919,11920,11920,1,1
2020-01-06 15:14:33.091,11919,11920,11919,2,-2
2020-01-06 15:14:34.760,11919,11920,11920,1,1
2020-01-06 15:14:35.317,11919,11920,11920,2,2
2020-01-06 15:14:36.363,11919,11920,11919,8,-8
2020-01-06 15:14:36.790,11919,11920,11920,1,1
2020-01-06 15:14:47.546,11919,11920,11919,1,-1
2020-01-06 15:14:48.545,11919,11920,11919,1,-1
2020-01-06 15:14:50.917,11919,11920,11919,1,-1
2020-01-06 15:15:03.071,11919,11920,11919,1,-1
2020-01-06 15:15:03.307,11919,11920,11919,1,-1
2020-01-06 15:15:03.333,11919,11920,11919,1,-1
2020-01-06 15:15:03.334,11919,11920,11919,10,-10
2020-01-06 15:15:03.350,11919,11920,11919,3,-3
2020-01-06 15:15:03.413,11919,11920,11918,1,-1
2020-01-06 15:15:03.463,11918,11919,11918,1,-1
2020-01-06 15:15:03.468,11918,11919,11918,1,-1
2020-01-06 15:15:03.512,11918,11919,11918,2,-2
2020-01-06 15:15:03.543,11918,11919,11918,2,-2
2020-01-06 15:15:04.304,11918,11919,11918,1,-1
2020-01-06 15:15:06.631,11918,11919,11918,1,-1
2020-01-06 15:15:08.358,11918,11919,11918,1,-1
2020-01-06 15:15:09.406,11918,11919,11919,2,2
2020-01-06 15:15:09.648,11918,11919,11919,1,1
2020-01-06 15:15:15.073,11919,11920,11920,1,1
2020-01-06 15:15:16.515,11919,11920,11919,1,-1
2020-01-06 15:15:22.507,11919,11920,11920,1,1
2020-01-06 15:15:27.873,11919,11920,11919,1,-1
2020-01-06 15:15:29.906,11919,11920,11920,1,1
2020-01-06 15:15:39.475,11919,11920,11920,19,19
2020-01-06 15:15:39.778,11920,11921,11921,1,1
2020-01-06 15:15:40.474,11920,11921,11920,1,-1
2020-01-06 15:15:40.626,11920,11921,11921,2,2
2020-01-06 15:15:41.257,11920,11921,11920,1,-1
2020-01-06 15:15:42.059,11920,11921,11921,4,4
2020-01-06 15:15:42.184,11920,11921,11921,4,4
2020-01-06 15:15:42.320,11920,11922,11922,1,1
2020-01-06 15:15:43.269,11921,11922,11922,5,5
2020-01-06 15:15:43.684,11921,11922,11922,1,1
2020-01-06 15:15:44.042,11921,11922,11922,1,1
2020-01-06 15:15:44.184,11921,11922,11922,1,1
2020-01-06 15:15:44.332,11922,11923,11922,1,-1
2020-01-06 15:15:44.555,11922,11923,11922,1,-1
2020-01-06 15:15:48.172,11922,11923,11923,2,2
2020-01-06 15:15:49.434,11922,11923,11923,5,5
2020-01-06 15:15:50.492,11923,11924,11923,1,-1
2020-01-06 15:15:51.324,11923,11924,11923,1,-1
2020-01-06 15:15:51.433,11923,11924,11923,1,-1
2020-01-06 15:15:51.823,11923,11924,11924,2,2
2020-01-06 15:15:52.190,11923,11924,11923,1,-1
2020-01-06 15:15:52.327,11923,11924,11924,1,1
2020-01-06 15:15:52.608,11923,11924,11924,1,1
2020-01-06 15:15:52.802,11923,11924,11923,1,-1
2020-01-06 15:15:53.823,11923,11924,11924,1,1
2020-01-06 15:15:57.355,11923,11924,11924,1,1
2020-01-06 15:15:58.779,11923,11924,11924,7,7
2020-01-06 15:15:58.868,11923,11924,11924,1,1
2020-01-06 15:16:00.158,11923,11924,11924,1,1
2020-01-06 15:16:00.974,11923,11924,11924,2,2
2020-01-06 15:16:01.432,11923,11924,11924,2,2
2020-01-06 15:16:01.684,11924,11925,11924,1,-1
2020-01-06 15:16:01.725,11924,11925,11925,1,1
2020-01-06 15:16:01.726,11924,11925,11924,1,-1
2020-01-06 15:16:01.818,11923,11925,11925,1,1
2020-01-06 15:16:01.818,11923,11925,11925,1,1
2020-01-06 15:16:01.818,11923,11925,11925,1,1
2020-01-06 15:16:01.818,11923,11925,11925,5,5
2020-01-06 15:16:01.818,11923,11925,11925,1,1
2020-01-06 15:16:01.819,11923,11925,11925,1,1
2020-01-06 15:16:01.819,11923,11925,11925,1,1
2020-01-06 15:16:01.819,11923,11925,11925,2,2
2020-01-06 15:16:01.819,11923,11925,11925,1,1
2020-01-06 15:16:01.819,11923,11925,11925,1,1
2020-01-06 15:16:01.819,11923,11925,11925,1,1
2020-01-06 15:16:01.821,11923,11925,11925,1,1
2020-01-06 15:16:01.821,11923,11925,11925,1,1
2020-01-06 15:16:01.822,11923,11925,11925,1,1
2020-01-06 15:16:01.822,11923,11925,11925,1,1
2020-01-06 15:16:01.822,11923,11925,11925,3,3
2020-01-06 15:16:01.822,11923,11925,11925,1,1
2020-01-06 15:16:01.828,11923,11925,11925,1,1
2020-01-06 15:16:01.934,11923,11924,11924,1,1
2020-01-06 15:16:01.935,11923,11924,11924,3,3
2020-01-06 15:16:01.952,11923,11924,11925,1,1
2020-01-06 15:16:02.962,11924,11925,11925,1,1
2020-01-06 15:16:03.264,11924,11925,11925,1,1
2020-01-06 15:16:04.055,11924,11925,11924,1,-1
2020-01-06 15:16:04.365,11924,11925,11925,1,1
2020-01-06 15:16:05.934,11924,11925,11924,3,-3
2020-01-06 15:16:08.111,11923,11924,11923,9,-9
2020-01-06 15:16:14.188,11922,11923,11922,1,-1
2020-01-06 15:16:14.609,11922,11923,11922,3,-3
2020-01-06 15:16:18.543,11921,11922,11921,1,-1
2020-01-06 15:16:23.085,11921,11922,11922,5,5
2020-01-06 15:16:23.460,11921,11922,11922,2,2
2020-01-06 15:16:26.393,11921,11922,11922,1,1
2020-01-06 15:16:27.747,11921,11922,11922,3,3
2020-01-06 15:16:28.746,11921,11922,11922,6,6
2020-01-06 15:16:29.006,11922,11923,11922,1,-1
2020-01-06 15:16:29.309,11922,11923,11923,3,3
2020-01-06 15:16:29.309,11922,11923,11923,2,2
2020-01-06 15:16:29.309,11922,11923,11923,2,2
2020-01-06 15:16:29.434,11922,11923,11923,1,1
2020-01-06 15:16:29.434,11922,11923,11923,5,5
2020-01-06 15:16:29.434,11922,11923,11923,4,4
2020-01-06 15:16:29.559,11922,11923,11923,10,10
2020-01-06 15:16:29.559,11922,11923,11923,1,1
2020-01-06 15:16:29.559,11922,11923,11923,1,1
2020-01-06 15:16:29.559,11922,11923,11923,2,2
2020-01-06 15:16:29.559,11922,11923,11923,1,1
2020-01-06 15:16:34.570,11923,11924,11924,10,10
2020-01-06 15:16:34.583,11923,11924,11924,1,1
2020-01-06 15:16:35.337,11924,11925,11924,1,-1
2020-01-06 15:16:35.337,11924,11925,11924,4,-4
2020-01-06 15:16:37.261,11923,11924,11924,1,1
2020-01-06 15:16:41.112,11923,11924,11924,3,3
2020-01-06 15:16:41.397,11923,11924,11924,1,1
2020-01-06 15:16:43.072,11923,11924,11924,1,1
2020-01-06 15:16:44.041,11924,11925,11924,4,-4
2020-01-06 15:16:46.393,11924,11925,11925,1,1
2020-01-06 15:16:49.281,11924,11925,11924,1,-1
2020-01-06 15:16:56.846,11923,11924,11924,2,2
2020-01-06 15:17:00.148,11923,11924,11924,7,7
2020-01-06 15:17:00.148,11923,11924,11924,6,6
2020-01-06 15:17:00.148,11923,11924,11924,2,2
2020-01-06 15:17:00.168,11923,11924,11924,2,2
2020-01-06 15:17:00.184,11923,11924,11924,1,1
2020-01-06 15:17:00.184,11923,11924,11924,3,3
2020-01-06 15:17:02.572,11923,11924,11924,2,2
2020-01-06 15:17:17.305,11924,11925,11924,1,-1
2020-01-06 15:17:18.522,11923,11924,11924,1,1
2020-01-06 15:17:20.337,11923,11924,11924,1,1
2020-01-06 15:17:21.107,11923,11924,11924,1,1
2020-01-06 15:17:21.222,11923,11924,11924,3,3
2020-01-06 15:17:27.152,11923,11924,11924,1,1
2020-01-06 15:17:30.809,11923,11924,11923,12,-12
2020-01-06 15:17:30.934,11923,11924,11923,3,-3
2020-01-06 15:17:30.934,11923,11924,11923,7,-7
2020-01-06 15:17:30.934,11923,11924,11923,2,-2
2020-01-06 15:17:30.934,11923,11924,11923,4,-4
2020-01-06 15:17:31.013,11923,11924,11923,2,-2
2020-01-06 15:17:57.553,11922,11923,11922,1,-1
2020-01-06 15:18:00.871,11922,11923,11922,1,-1
2020-01-06 15:18:06.843,11922,11923,11922,7,-7
2020-01-06 15:18:10.796,11922,11923,11922,10,-10
2020-01-06 15:18:14.452,11921,11922,11922,1,1
2020-01-06 15:18:14.806,11921,11922,11922,2,2
2020-01-06 15:18:19.555,11922,11923,11923,1,1
2020-01-06 15:18:20.879,11922,11923,11923,1,1
2020-01-06 15:18:22.823,11922,11923,11922,1,-1
2020-01-06 15:18:34.976,11922,11923,11923,1,1
2020-01-06 15:18:35.531,11922,11923,11922,1,-1
2020-01-06 15:18:39.227,11922,11923,11922,1,-1
2020-01-06 15:18:39.953,11922,11923,11922,5,-5
2020-01-06 15:18:46.372,11922,11923,11923,1,1
2020-01-06 15:18:46.635,11922,11923,11922,1,-1
2020-01-06 15:18:54.458,11922,11923,11922,2,-2
2020-01-06 15:18:55.274,11922,11923,11922,2,-2
2020-01-06 15:18:56.251,11922,11923,11922,2,-2
2020-01-06 15:18:57.664,11922,11923,11923,1,1
2020-01-06 15:18:59.228,11922,11923,11922,1,-1
2020-01-06 15:19:02.199,11922,11923,11923,6,6
2020-01-06 15:19:06.428,11922,11923,11922,1,-1
2020-01-06 15:19:08.726,11922,11923,11922,3,-3
2020-01-06 15:19:17.724,11922,11923,11922,4,-4
2020-01-06 15:19:17.724,11922,11923,11922,2,-2
2020-01-06 15:19:17.725,11922,11923,11922,2,-2
2020-01-06 15:19:18.584,11921,11922,11922,6,6
2020-01-06 15:19:24.214,11922,11923,11922,3,-3
2020-01-06 15:19:29.198,11922,11923,11922,5,-5
2020-01-06 15:19:36.386,11921,11922,11922,2,2
2020-01-06 15:19:37.904,11921,11922,11921,1,-1
2020-01-06 15:19:38.959,11921,11922,11921,1,-1
2020-01-06 15:19:50.304,11921,11922,11922,5,5
2020-01-06 15:19:53.184,11921,11922,11922,3,3
2020-01-06 15:19:59.541,11922,11923,11922,1,-1
2020-01-06 15:20:15.290,11922,11923,11922,1,-1
2020-01-06 15:20:20.097,11922,11923,11922,1,-1
2020-01-06 15:20:25.987,11922,11923,11923,2,2
2020-01-06 15:20:30.184,11922,11923,11923,2,2
2020-01-06 15:20:34.592,11922,11923,11923,1,1
2020-01-06 15:20:38.621,11922,11923,11922,1,-1
2020-01-06 15:20:39.082,11922,11923,11923,4,4
2020-01-06 15:20:40.881,11922,11923,11923,1,1
2020-01-06 15:20:42.052,11922,11923,11923,1,1
2020-01-06 15:20:42.569,11922,11923,11923,2,2
2020-01-06 15:20:48.048,11922,11923,11923,1,1
2020-01-06 15:20:54.525,11922,11923,11922,1,-1
2020-01-06 15:20:54.890,11922,11923,11922,1,-1
2020-01-06 15:20:59.695,11922,11923,11923,1,1
2020-01-06 15:21:00.533,11922,11923,11922,3,-3
2020-01-06 15:21:07.534,11922,11923,11922,8,-8
2020-01-06 15:21:11.042,11922,11923,11922,2,-2
2020-01-06 15:21:11.059,11922,11923,11922,1,-1
2020-01-06 15:21:15.095,11922,11923,11922,1,-1
2020-01-06 15:21:18.637,11922,11923,11923,1,1
2020-01-06 15:21:21.462,11922,11923,11923,1,1
2020-01-06 15:21:28.653,11922,11923,11923,2,2
2020-01-06 15:21:29.201,11923,11924,11924,6,6
2020-01-06 15:21:29.309,11923,11924,11924,3,3
2020-01-06 15:21:29.309,11923,11924,11924,2,2
2020-01-06 15:21:29.602,11923,11925,11924,1,-1
2020-01-06 15:21:30.308,11924,11925,11924,1,-1
2020-01-06 15:21:32.253,11924,11925,11925,1,1
2020-01-06 15:21:35.003,11924,11925,11925,3,3
2020-01-06 15:21:36.059,11924,11925,11925,4,4
2020-01-06 15:21:36.184,11924,11925,11925,4,4
2020-01-06 15:21:36.184,11924,11925,11925,1,1
2020-01-06 15:21:36.309,11924,11925,11925,5,5
2020-01-06 15:21:36.434,11924,11925,11925,6,6
2020-01-06 15:21:36.559,11924,11925,11925,9,9
2020-01-06 15:21:36.559,11924,11925,11925,1,1
2020-01-06 15:21:36.559,11924,11925,11925,2,2
2020-01-06 15:21:36.684,11924,11925,11925,3,3
2020-01-06 15:21:36.685,11924,11925,11925,4,4
2020-01-06 15:21:38.633,11924,11926,11926,2,2
2020-01-06 15:21:38.724,11925,11926,11926,5,5
2020-01-06 15:21:40.316,11925,11926,11925,3,-3
2020-01-06 15:21:41.101,11925,11926,11926,1,1
2020-01-06 15:21:41.232,11925,11926,11926,2,2
2020-01-06 15:21:42.329,11925,11926,11926,1,1
2020-01-06 15:21:45.642,11925,11926,11926,1,1
2020-01-06 15:21:47.769,11925,11926,11926,1,1
2020-01-06 15:21:47.810,11925,11926,11926,1,1
2020-01-06 15:21:49.935,11926,11927,11927,2,2
2020-01-06 15:21:50.202,11926,11927,11927,1,1
2020-01-06 15:21:50.496,11926,11927,11927,1,1
2020-01-06 15:21:50.939,11926,11927,11926,1,-1
2020-01-06 15:21:51.668,11926,11927,11926,1,-1
2020-01-06 15:21:52.221,11926,11927,11927,3,3
2020-01-06 15:21:53.562,11926,11927,11927,1,1
2020-01-06 15:21:57.946,11926,11927,11926,1,-1
2020-01-06 15:21:58.021,11926,11927,11927,1,1
2020-01-06 15:21:58.917,11926,11927,11927,1,1
2020-01-06 15:22:00.896,11926,11927,11926,1,-1
2020-01-06 15:22:06.862,11926,11927,11927,3,3
2020-01-06 15:22:09.075,11926,11927,11927,9,9
2020-01-06 15:22:09.197,11926,11928,11928,1,1
2020-01-06 15:22:09.338,11927,11928,11928,2,2
2020-01-06 15:22:09.570,11927,11928,11928,1,1
2020-01-06 15:22:10.674,11927,11928,11928,1,1
2020-01-06 15:22:16.280,11927,11928,11928,2,2
2020-01-06 15:22:18.830,11927,11928,11928,1,1
2020-01-06 15:22:22.602,11927,11928,11927,1,-1
2020-01-06 15:22:23.698,11926,11927,11927,1,1
2020-01-06 15:22:25.859,11927,11928,11927,2,-2
2020-01-06 15:22:36.419,11926,11927,11926,1,-1
2020-01-06 15:22:38.309,11926,11927,11926,2,-2
2020-01-06 15:22:46.272,11925,11926,11926,1,1
2020-01-06 15:22:46.792,11925,11926,11925,1,-1
2020-01-06 15:22:46.822,11925,11926,11925,22,-22
2020-01-06 15:22:46.934,11925,11926,11925,6,-6
2020-01-06 15:22:46.934,11925,11926,11925,1,-1
2020-01-06 15:22:46.934,11925,11926,11925,4,-4
2020-01-06 15:22:46.976,11925,11926,11925,1,-1
2020-01-06 15:22:46.985,11925,11926,11925,1,-1
2020-01-06 15:22:47.059,11925,11926,11925,13,-13
2020-01-06 15:22:47.059,11925,11926,11925,9,-9
2020-01-06 15:22:47.059,11925,11926,11925,1,-1
2020-01-06 15:22:47.059,11925,11926,11925,4,-4
2020-01-06 15:22:47.059,11925,11926,11925,1,-1
2020-01-06 15:22:47.184,11925,11926,11925,1,-1
2020-01-06 15:22:47.184,11925,11926,11925,6,-6
2020-01-06 15:22:47.735,11923,11925,11923,5,-5
2020-01-06 15:22:47.854,11923,11925,11923,3,-3
2020-01-06 15:22:55.496,11923,11924,11923,1,-1
2020-01-06 15:22:56.152,11923,11924,11923,10,-10
2020-01-06 15:23:06.164,11924,11925,11924,2,2
2020-01-06 15:23:06.407,11924,11925,11924,1,-1
2020-01-06 15:23:15.937,11923,11924,11923,2,-2
2020-01-06 15:23:16.965,11923,11924,11924,1,1
2020-01-06 15:23:17.501,11923,11924,11923,2,-2
2020-01-06 15:23:17.565,11923,11924,11923,2,-2
2020-01-06 15:23:17.928,11923,11924,11924,3,3
2020-01-06 15:23:19.633,11923,11924,11924,1,1
2020-01-06 15:23:21.541,11923,11924,11924,3,3
2020-01-06 15:23:26.740,11923,11924,11924,1,1
2020-01-06 15:23:28.568,11923,11924,11923,2,-2
2020-01-06 15:23:31.562,11923,11924,11923,2,-2
2020-01-06 15:23:36.538,11923,11924,11924,1,1
2020-01-06 15:23:41.045,11923,11924,11923,1,-1
2020-01-06 15:23:51.047,11923,11924,11924,2,2
2020-01-06 15:24:02.762,11924,11925,11924,1,-1
2020-01-06 15:24:06.598,11924,11925,11925,1,1
2020-01-06 15:24:16.676,11924,11925,11924,1,-1
2020-01-06 15:24:16.705,11923,11924,11924,1,1
2020-01-06 15:24:19.576,11923,11924,11924,2,2
2020-01-06 15:24:37.743,11923,11924,11924,4,4
2020-01-06 15:24:38.170,11924,11925,11925,1,1
2020-01-06 15:24:39.057,11924,11925,11925,1,1
2020-01-06 15:24:39.292,11924,11925,11924,1,-1
2020-01-06 15:24:40.566,11924,11925,11924,1,-1
2020-01-06 15:24:41.652,11924,11925,11924,1,-1
2020-01-06 15:24:41.750,11923,11925,11924,1,-1
2020-01-06 15:24:42.061,11923,11924,11924,2,2
2020-01-06 15:24:50.934,11924,11925,11924,1,-1
2020-01-06 15:24:51.705,11923,11924,11924,1,1
2020-01-06 15:24:55.674,11923,11924,11924,1,1
2020-01-06 15:24:58.985,11923,11924,11924,1,1
2020-01-06 15:25:01.512,11923,11924,11924,2,2
2020-01-06 15:25:07.559,11924,11925,11925,21,21
2020-01-06 15:25:07.559,11924,11925,11925,4,4
2020-01-06 15:25:07.684,11924,11925,11925,2,2
2020-01-06 15:25:07.684,11924,11925,11925,1,1
2020-01-06 15:25:07.684,11924,11925,11925,7,7
2020-01-06 15:25:11.267,11925,11926,11926,2,2
2020-01-06 15:25:11.352,11925,11926,11926,2,2
2020-01-06 15:25:12.006,11926,11927,11926,1,-1
2020-01-06 15:25:15.869,11926,11927,11926,1,-1
2020-01-06 15:25:16.355,11925,11926,11926,1,1
2020-01-06 15:25:18.142,11926,11927,11926,1,-1
2020-01-06 15:25:18.142,11926,11927,11925,3,-3
2020-01-06 15:25:19.823,11925,11927,11927,1,1
2020-01-06 15:25:20.583,11926,11927,11927,1,1
2020-01-06 15:25:20.744,11926,11927,11926,1,-1
2020-01-06 15:25:21.579,11926,11927,11926,1,-1
2020-01-06 15:25:24.297,11926,11927,11926,1,-1
2020-01-06 15:25:27.112,11926,11927,11926,1,-1
2020-01-06 15:25:28.922,11926,11927,11926,1,-1
2020-01-06 15:25:42.103,11926,11927,11926,1,-1
2020-01-06 15:25:44.581,11926,11927,11926,1,-1
2020-01-06 15:26:02.279,11926,11927,11927,4,4
2020-01-06 15:26:02.679,11926,11927,11927,5,5
2020-01-06 15:26:02.799,11926,11927,11927,2,2
2020-01-06 15:26:03.371,11926,11928,11927,1,-1
2020-01-06 15:26:08.899,11927,11928,11928,13,13
2020-01-06 15:26:09.138,11927,11928,11928,1,1
2020-01-06 15:26:10.497,11927,11928,11927,1,-1
2020-01-06 15:26:12.565,11927,11928,11928,1,1
2020-01-06 15:26:14.789,11927,11928,11927,5,-5
2020-01-06 15:26:15.190,11927,11928,11927,1,-1
2020-01-06 15:26:21.245,11927,11928,11928,9,9
2020-01-06 15:26:21.403,11928,11929,11929,1,1
2020-01-06 15:26:21.444,11928,11929,11929,1,1
2020-01-06 15:26:21.510,11928,11929,11929,1,1
2020-01-06 15:26:21.851,11928,11929,11929,1,1
2020-01-06 15:26:21.894,11928,11929,11929,2,2
2020-01-06 15:26:30.677,11928,11929,11929,1,1
2020-01-06 15:26:31.026,11928,11929,11929,1,1
2020-01-06 15:26:31.582,11928,11929,11929,10,10
2020-01-06 15:26:31.959,11928,11929,11929,1,1
2020-01-06 15:26:32.057,11928,11929,11929,2,2
2020-01-06 15:26:32.145,11928,11929,11929,1,1
2020-01-06 15:26:32.983,11928,11930,11930,1,1
2020-01-06 15:26:33.088,11928,11930,11930,2,2
2020-01-06 15:26:34.839,11929,11930,11930,15,15
2020-01-06 15:26:35.907,11929,11930,11930,1,1
2020-01-06 15:26:41.019,11929,11930,11930,1,1
2020-01-06 15:26:42.019,11929,11930,11930,1,1
2020-01-06 15:26:43.949,11929,11930,11930,2,2
2020-01-06 15:26:49.630,11929,11930,11930,1,1
2020-01-06 15:26:49.668,11929,11930,11929,1,-1
2020-01-06 15:26:50.684,11929,11930,11929,4,-4
2020-01-06 15:26:50.878,11928,11929,11929,1,1
2020-01-06 15:26:52.577,11928,11929,11929,1,1
2020-01-06 15:26:53.294,11928,11929,11929,1,1
2020-01-06 15:26:55.136,11928,11929,11928,1,-1
2020-01-06 15:26:57.572,11928,11929,11929,1,1
2020-01-06 15:26:58.609,11928,11929,11929,2,2
2020-01-06 15:27:08.961,11928,11929,11929,1,1
2020-01-06 15:27:09.159,11928,11929,11929,1,1
2020-01-06 15:27:09.366,11928,11929,11929,2,2
2020-01-06 15:27:09.382,11928,11929,11929,2,2
2020-01-06 15:27:11.218,11928,11929,11929,1,1
2020-01-06 15:27:11.774,11928,11929,11929,12,12
2020-01-06 15:27:13.065,11928,11930,11930,1,1
2020-01-06 15:27:13.539,11928,11930,11930,2,2
2020-01-06 15:27:18.902,11928,11930,11930,2,2
2020-01-06 15:27:28.536,11929,11930,11930,1,1
2020-01-06 15:27:30.016,11929,11930,11930,1,1
2020-01-06 15:27:31.805,11929,11930,11929,1,-1
2020-01-06 15:27:32.979,11929,11930,11929,4,-4
2020-01-06 15:27:35.801,11929,11930,11929,4,-4
2020-01-06 15:27:35.802,11929,11930,11929,4,-4
2020-01-06 15:27:35.802,11929,11930,11929,1,-1
2020-01-06 15:27:36.734,11928,11929,11929,2,2
2020-01-06 15:27:43.030,11928,11929,11929,1,1
2020-01-06 15:27:45.044,11928,11929,11929,1,1
2020-01-06 15:27:48.431,11928,11929,11929,2,2
2020-01-06 15:27:51.642,11928,11929,11929,1,1
2020-01-06 15:27:54.001,11928,11929,11929,1,1
2020-01-06 15:27:54.059,11928,11929,11929,1,1
2020-01-06 15:27:54.462,11929,11930,11929,2,-2
2020-01-06 15:28:03.138,11929,11930,11929,1,-1
2020-01-06 15:28:10.722,11929,11930,11930,4,4
2020-01-06 15:28:17.875,11929,11930,11929,1,-1
2020-01-06 15:28:20.482,11929,11930,11929,1,-1
2020-01-06 15:28:24.416,11929,11930,11930,1,1
2020-01-06 15:28:26.604,11929,11930,11929,1,-1
2020-01-06 15:28:28.277,11929,11930,11930,1,1
2020-01-06 15:28:31.520,11929,11930,11930,1,1
2020-01-06 15:29:07.738,11929,11930,11930,1,1
2020-01-06 15:29:08.184,11929,11930,11930,1,1
2020-01-06 15:29:09.808,11929,11930,11930,1,1
2020-01-06 15:29:17.472,11929,11930,11930,1,1
2020-01-06 15:29:21.059,11929,11930,11930,4,4
2020-01-06 15:29:21.184,11929,11930,11930,12,12
2020-01-06 15:29:21.184,11929,11930,11930,4,4
2020-01-06 15:29:21.184,11929,11930,11930,4,4
2020-01-06 15:29:21.555,11930,11931,11931,1,1
2020-01-06 15:29:22.070,11930,11931,11931,1,1
2020-01-06 15:29:22.438,11930,11931,11931,2,2
2020-01-06 15:29:22.560,11930,11931,11931,11,11
2020-01-06 15:29:22.964,11931,11932,11932,1,1
2020-01-06 15:29:23.503,11931,11932,11932,3,3
2020-01-06 15:29:24.555,11931,11932,11932,1,1
2020-01-06 15:29:26.068,11931,11932,11932,4,4
2020-01-06 15:29:26.414,11931,11932,11932,2,2
2020-01-06 15:29:27.403,11931,11932,11931,1,-1
2020-01-06 15:29:27.734,11931,11932,11932,1,1
2020-01-06 15:29:31.134,11931,11932,11932,1,1
2020-01-06 15:29:32.393,11931,11932,11932,5,5
2020-01-06 15:29:35.565,11931,11932,11931,1,-1
2020-01-06 15:29:37.245,11931,11932,11932,5,5
2020-01-06 15:29:37.419,11931,11932,11932,1,1
2020-01-06 15:29:42.068,11931,11932,11932,1,1
2020-01-06 15:29:43.863,11931,11932,11932,11,11
2020-01-06 15:29:44.185,11931,11932,11932,1,1
2020-01-06 15:29:51.681,11931,11932,11932,1,1
2020-01-06 15:29:51.948,11931,11932,11932,1,1
2020-01-06 15:29:52.699,11931,11932,11932,1,1
2020-01-06 15:29:53.209,11931,11932,11932,1,1
2020-01-06 15:29:55.684,11931,11932,11931,1,-1
2020-01-06 15:29:59.353,11931,11932,11932,1,1
2020-01-06 15:30:00.620,11931,11932,11932,3,3
2020-01-06 15:30:01.123,11932,11933,11933,2,2
2020-01-06 15:30:01.319,11932,11933,11932,2,-2
2020-01-06 15:30:01.519,11932,11933,11933,1,1
2020-01-06 15:30:01.546,11932,11933,11932,2,-2
2020-01-06 15:30:01.637,11932,11933,11932,1,-1
2020-01-06 15:30:02.414,11932,11933,11932,1,-1
2020-01-06 15:30:06.673,11932,11933,11933,1,1
2020-01-06 15:30:07.049,11932,11933,11933,1,1
2020-01-06 15:30:07.333,11932,11933,11933,1,1
2020-01-06 15:30:08.080,11932,11933,11932,1,-1
2020-01-06 15:30:08.138,11932,11933,11933,1,1
2020-01-06 15:30:10.181,11932,11933,11933,10,10
2020-01-06 15:30:10.226,11932,11933,11933,1,1
2020-01-06 15:30:11.727,11933,11934,11934,1,1
2020-01-06 15:30:12.057,11933,11934,11933,1,-1
2020-01-06 15:30:12.129,11933,11934,11934,1,1
2020-01-06 15:30:12.365,11933,11934,11934,2,2
2020-01-06 15:30:13.059,11933,11934,11934,1,1
2020-01-06 15:30:13.459,11933,11934,11934,1,1
2020-01-06 15:30:13.696,11933,11934,11934,7,7
2020-01-06 15:30:16.604,11934,11935,11934,1,-1
2020-01-06 15:30:17.993,11934,11935,11935,1,1
2020-01-06 15:30:18.130,11934,11935,11935,1,1
2020-01-06 15:30:18.163,11934,11935,11935,1,1
2020-01-06 15:30:18.167,11934,11935,11934,1,-1
2020-01-06 15:30:19.161,11934,11935,11935,1,1
2020-01-06 15:30:19.261,11934,11935,11935,1,1
2020-01-06 15:30:19.743,11934,11935,11935,1,1
2020-01-06 15:30:20.314,11934,11935,11934,1,-1
2020-01-06 15:30:20.711,11934,11935,11935,2,2
2020-01-06 15:30:20.713,11934,11935,11935,1,1
2020-01-06 15:30:20.776,11934,11935,11935,1,1
2020-01-06 15:30:20.777,11934,11935,11935,1,1
2020-01-06 15:30:20.792,11934,11935,11935,1,1
2020-01-06 15:30:20.803,11934,11935,11935,1,1
2020-01-06 15:30:20.809,11934,11935,11935,2,2
2020-01-06 15:30:20.938,11934,11935,11935,1,1
2020-01-06 15:30:21.059,11934,11935,11935,1,1
2020-01-06 15:30:21.184,11934,11935,11935,2,2
2020-01-06 15:30:21.184,11934,11935,11935,1,1
2020-01-06 15:30:21.281,11934,11935,11935,1,1
2020-01-06 15:30:21.281,11934,11935,11935,2,2
2020-01-06 15:30:21.309,11934,11935,11935,1,1
2020-01-06 15:30:21.309,11934,11935,11935,1,1
2020-01-06 15:30:21.309,11934,11935,11935,1,1
2020-01-06 15:30:21.309,11934,11935,11935,1,1
2020-01-06 15:30:21.309,11934,11935,11935,1,1
2020-01-06 15:30:21.309,11934,11935,11935,1,1
2020-01-06 15:30:21.309,11934,11935,11935,4,4
2020-01-06 15:30:21.309,11934,11935,11935,1,1
2020-01-06 15:30:21.309,11934,11935,11935,1,1
2020-01-06 15:30:21.309,11934,11935,11935,1,1
2020-01-06 15:30:21.313,11934,11935,11936,1,1
2020-01-06 15:30:21.548,11935,11936,11936,1,1
2020-01-06 15:30:21.768,11935,11936,11936,2,2
2020-01-06 15:30:21.836,11935,11936,11936,2,2
2020-01-06 15:30:21.837,11935,11936,11936,2,2
2020-01-06 15:30:21.837,11935,11936,11936,8,8
2020-01-06 15:30:21.837,11935,11936,11936,3,3
2020-01-06 15:30:22.024,11936,11937,11937,2,2
2020-01-06 15:30:22.034,11936,11937,11937,4,4
2020-01-06 15:30:22.060,11937,11938,11938,4,4
2020-01-06 15:30:22.069,11937,11938,11938,4,4
2020-01-06 15:30:22.089,11937,11938,11938,4,4
2020-01-06 15:30:22.114,11937,11938,11938,1,1
2020-01-06 15:30:22.114,11937,11938,11938,1,1
2020-01-06 15:30:22.114,11937,11938,11938,1,1
2020-01-06 15:30:22.114,11937,11938,11938,2,2
2020-01-06 15:30:22.114,11937,11938,11938,1,1
2020-01-06 15:30:22.115,11937,11938,11938,1,1
2020-01-06 15:30:22.124,11937,11938,11938,1,1
2020-01-06 15:30:22.405,11938,11939,11938,10,-10
2020-01-06 15:30:22.569,11937,11938,11938,1,1
2020-01-06 15:30:22.657,11937,11938,11937,1,-1
2020-01-06 15:30:22.891,11937,11938,11937,1,-1
2020-01-06 15:30:23.343,11937,11938,11938,8,8
2020-01-06 15:30:23.344,11937,11938,11938,2,2
2020-01-06 15:30:23.374,11937,11938,11938,3,3
2020-01-06 15:30:23.402,11937,11938,11938,1,1
2020-01-06 15:30:25.141,11937,11938,11937,1,-1
2020-01-06 15:30:26.089,11936,11937,11937,1,1
2020-01-06 15:30:26.105,11936,11937,11937,1,1
2020-01-06 15:30:26.128,11936,11937,11937,1,1
2020-01-06 15:30:26.139,11936,11937,11937,1,1
2020-01-06 15:30:26.148,11936,11937,11937,1,1
2020-01-06 15:30:26.158,11936,11937,11937,1,1
2020-01-06 15:30:26.172,11936,11937,11937,2,2
2020-01-06 15:30:26.180,11936,11937,11937,1,1
2020-01-06 15:30:26.230,11936,11937,11938,1,1
2020-01-06 15:30:26.351,11937,11938,11938,1,1
2020-01-06 15:30:26.362,11937,11938,11938,2,2
2020-01-06 15:30:26.899,11937,11939,11939,5,5
2020-01-06 15:30:27.099,11937,11939,11939,4,4
2020-01-06 15:30:27.203,11937,11939,11939,4,4
2020-01-06 15:30:27.274,11937,11939,11939,1,1
2020-01-06 15:30:27.345,11937,11939,11939,2,2
2020-01-06 15:30:27.406,11937,11939,11939,1,1
2020-01-06 15:30:28.496,11938,11939,11939,1,1
2020-01-06 15:30:28.496,11938,11939,11940,1,1
2020-01-06 15:30:28.567,11938,11940,11940,1,1
2020-01-06 15:30:28.567,11938,11940,11940,1,1
2020-01-06 15:30:28.569,11938,11940,11940,1,1
2020-01-06 15:30:28.569,11938,11940,11940,1,1
2020-01-06 15:30:28.569,11938,11940,11940,1,1
2020-01-06 15:30:28.570,11938,11940,11940,1,1
2020-01-06 15:30:28.570,11938,11940,11940,2,2
2020-01-06 15:30:28.573,11938,11940,11940,1,1
2020-01-06 15:30:28.574,11938,11940,11940,1,1
2020-01-06 15:30:28.576,11938,11940,11940,1,1
2020-01-06 15:30:28.576,11938,11940,11940,1,1
2020-01-06 15:30:28.649,11938,11940,11940,1,1
2020-01-06 15:30:28.657,11938,11940,11940,1,1
2020-01-06 15:30:28.684,11938,11940,11940,4,4
2020-01-06 15:30:28.860,11939,11940,11940,1,1
2020-01-06 15:30:28.862,11939,11940,11940,2,2
2020-01-06 15:30:28.871,11939,11940,11940,1,1
2020-01-06 15:30:28.891,11939,11940,11940,1,1
2020-01-06 15:30:28.924,11939,11940,11940,1,1
2020-01-06 15:30:28.932,11939,11940,11940,1,1
2020-01-06 15:30:28.945,11939,11940,11940,1,1
2020-01-06 15:30:29.281,11939,11940,11940,1,1
2020-01-06 15:30:29.311,11939,11940,11940,1,1
2020-01-06 15:30:29.645,11939,11940,11939,3,-3
2020-01-06 15:30:30.503,11939,11940,11939,1,-1
2020-01-06 15:30:30.798,11939,11940,11939,1,-1
2020-01-06 15:30:30.915,11939,11940,11940,2,2
2020-01-06 15:30:30.992,11939,11940,11940,3,3
2020-01-06 15:30:31.875,11939,11940,11940,1,1
2020-01-06 15:30:32.598,11939,11940,11940,1,1
2020-01-06 15:30:32.958,11939,11940,11940,1,1
2020-01-06 15:30:32.960,11939,11940,11940,1,1
2020-01-06 15:30:32.971,11939,11940,11940,1,1
2020-01-06 15:30:32.975,11939,11940,11940,1,1
2020-01-06 15:30:32.989,11939,11940,11940,1,1
2020-01-06 15:30:33.028,11939,11940,11940,1,1
2020-01-06 15:30:33.039,11939,11940,11940,1,1
2020-01-06 15:30:33.086,11939,11940,11940,2,2
2020-01-06 15:30:33.334,11939,11940,11940,5,5
2020-01-06 15:30:33.419,11939,11940,11941,1,1
2020-01-06 15:30:33.473,11939,11941,11941,2,2
2020-01-06 15:30:33.684,11939,11941,11941,1,1
2020-01-06 15:30:33.947,11939,11940,11940,1,1
2020-01-06 15:30:33.947,11939,11940,11941,1,1
2020-01-06 15:30:33.995,11939,11940,11939,2,-2
2020-01-06 15:30:34.103,11939,11940,11940,1,1
2020-01-06 15:30:34.110,11939,11940,11940,1,1
2020-01-06 15:30:34.339,11939,11940,11941,1,1
2020-01-06 15:30:34.827,11939,11940,11940,1,1
2020-01-06 15:30:34.959,11939,11941,11941,1,1
2020-01-06 15:30:34.961,11939,11941,11941,2,2
2020-01-06 15:30:35.521,11939,11940,11941,5,5
2020-01-06 15:30:36.192,11940,11941,11941,2,2
2020-01-06 15:30:36.229,11940,11941,11941,1,1
2020-01-06 15:30:36.351,11941,11942,11941,1,-1
2020-01-06 15:30:36.586,11941,11942,11942,1,1
2020-01-06 15:30:36.612,11941,11942,11942,1,1
2020-01-06 15:30:36.613,11941,11942,11941,1,-1
2020-01-06 15:30:36.621,11941,11942,11942,1,1
2020-01-06 15:30:36.688,11941,11942,11942,1,1
2020-01-06 15:30:36.702,11941,11942,11942,1,1
2020-01-06 15:30:36.823,11941,11942,11942,1,1
2020-01-06 15:30:36.864,11941,11942,11942,1,1
2020-01-06 15:30:36.942,11941,11942,11941,1,-1
2020-01-06 15:30:37.034,11941,11942,11942,1,1
2020-01-06 15:30:37.316,11942,11943,11943,1,1
2020-01-06 15:30:37.327,11942,11943,11942,1,-1
2020-01-06 15:30:37.471,11942,11943,11943,1,1
2020-01-06 15:30:37.609,11942,11943,11943,2,2
2020-01-06 15:30:37.908,11942,11943,11943,5,5
2020-01-06 15:30:38.150,11942,11943,11943,16,16
2020-01-06 15:30:38.259,11942,11944,11944,2,2
2020-01-06 15:30:38.648,11943,11944,11944,1,1
2020-01-06 15:30:38.648,11943,11944,11943,4,-4
2020-01-06 15:30:39.184,11943,11944,11944,8,8
2020-01-06 15:30:39.414,11943,11945,11944,2,-2
2020-01-06 15:30:39.880,11943,11944,11944,1,1
2020-01-06 15:30:40.243,11943,11944,11944,1,1
2020-01-06 15:30:40.696,11943,11944,11944,1,1
2020-01-06 15:30:40.696,11943,11944,11944,2,2
2020-01-06 15:30:40.703,11943,11944,11944,1,1
2020-01-06 15:30:40.704,11943,11944,11944,1,1
2020-01-06 15:30:40.752,11943,11944,11944,2,2
2020-01-06 15:30:40.774,11943,11944,11944,1,1
2020-01-06 15:30:40.778,11943,11944,11944,1,1
2020-01-06 15:30:40.915,11943,11944,11944,1,1
2020-01-06 15:30:40.930,11943,11944,11944,1,1
2020-01-06 15:30:41.159,11943,11944,11944,1,1
2020-01-06 15:30:41.505,11943,11945,11945,1,1
2020-01-06 15:30:41.588,11943,11945,11945,1,1
2020-01-06 15:30:41.608,11943,11945,11945,1,1
2020-01-06 15:30:41.892,11943,11945,11945,4,4
2020-01-06 15:30:42.249,11944,11945,11944,2,-2
2020-01-06 15:30:42.529,11943,11944,11944,1,1
2020-01-06 15:30:42.631,11943,11944,11943,3,-3
2020-01-06 15:30:42.631,11943,11944,11943,4,-4
2020-01-06 15:30:42.653,11943,11944,11943,2,-2
2020-01-06 15:30:42.684,11943,11944,11944,5,5
2020-01-06 15:30:42.684,11943,11944,11943,3,-3
2020-01-06 15:30:43.020,11942,11943,11943,1,1
2020-01-06 15:30:44.090,11942,11943,11943,2,2
2020-01-06 15:30:44.760,11942,11943,11943,1,1
2020-01-06 15:30:44.811,11942,11943,11943,1,1
2020-01-06 15:30:44.813,11942,11943,11943,1,1
2020-01-06 15:30:44.822,11942,11943,11943,1,1
2020-01-06 15:30:44.841,11942,11943,11943,1,1
2020-01-06 15:30:44.967,11942,11943,11943,1,1
2020-01-06 15:30:45.170,11942,11943,11942,1,-1
2020-01-06 15:30:45.309,11942,11943,11943,1,1
2020-01-06 15:30:45.374,11942,11943,11942,2,-2
2020-01-06 15:30:45.374,11942,11943,11942,6,-6
2020-01-06 15:30:45.410,11942,11943,11943,1,1
2020-01-06 15:30:45.685,11941,11942,11941,1,-1
2020-01-06 15:30:45.751,11941,11942,11941,1,-1
2020-01-06 15:30:45.751,11941,11942,11941,1,-1
2020-01-06 15:30:46.403,11941,11942,11941,1,-1
2020-01-06 15:30:46.434,11940,11941,11941,1,1
2020-01-06 15:30:47.434,11940,11941,11940,7,-7
2020-01-06 15:30:47.830,11939,11940,11939,1,-1
2020-01-06 15:30:47.979,11939,11940,11940,1,1
2020-01-06 15:30:48.279,11939,11940,11940,5,5
2020-01-06 15:30:48.582,11939,11940,11940,1,1
2020-01-06 15:30:48.606,11939,11940,11940,1,1
2020-01-06 15:30:48.703,11939,11940,11940,2,2
2020-01-06 15:30:48.706,11939,11940,11940,2,2
2020-01-06 15:30:48.709,11939,11940,11940,1,1
2020-01-06 15:30:48.710,11939,11940,11940,1,1
2020-01-06 15:30:48.713,11939,11940,11941,1,1
2020-01-06 15:30:48.717,11939,11940,11941,1,1
2020-01-06 15:30:48.717,11939,11940,11941,1,1
2020-01-06 15:30:48.810,11939,11941,11941,1,1
2020-01-06 15:30:48.896,11939,11941,11941,1,1
2020-01-06 15:30:49.309,11939,11940,11940,1,1
2020-01-06 15:30:49.711,11939,11940,11940,1,1
2020-01-06 15:30:49.933,11939,11940,11939,1,-1
2020-01-06 15:30:52.703,11940,11941,11941,1,1
2020-01-06 15:30:53.135,11940,11941,11941,1,1
2020-01-06 15:30:53.137,11940,11941,11941,1,1
2020-01-06 15:30:53.143,11940,11941,11941,1,1
2020-01-06 15:30:53.153,11940,11941,11941,1,1
2020-01-06 15:30:53.169,11940,11941,11941,1,1
2020-01-06 15:30:53.321,11940,11941,11941,1,1
2020-01-06 15:30:53.330,11940,11941,11941,1,1
2020-01-06 15:30:54.372,11940,11941,11941,5,5
2020-01-06 15:30:54.740,11940,11941,11941,4,4
2020-01-06 15:30:55.021,11940,11941,11940,2,-2
2020-01-06 15:30:55.692,11940,11941,11940,9,-9
2020-01-06 15:30:55.810,11939,11941,11939,1,-1
2020-01-06 15:30:56.140,11939,11940,11940,1,1
2020-01-06 15:30:56.342,11939,11940,11940,1,1
2020-01-06 15:30:56.343,11939,11940,11940,1,1
2020-01-06 15:30:56.344,11939,11940,11940,1,1
2020-01-06 15:30:56.353,11939,11940,11940,1,1
2020-01-06 15:30:56.423,11939,11940,11940,1,1
2020-01-06 15:30:56.423,11939,11940,11940,1,1
2020-01-06 15:30:56.449,11939,11940,11941,2,2
2020-01-06 15:30:56.634,11939,11941,11941,1,1
2020-01-06 15:30:57.240,11939,11940,11940,1,1
2020-01-06 15:30:57.634,11940,11941,11940,1,-1
2020-01-06 15:30:59.145,11940,11941,11940,1,-1
2020-01-06 15:30:59.163,11940,11941,11941,1,1
2020-01-06 15:30:59.247,11940,11941,11941,1,1
2020-01-06 15:31:00.934,11940,11941,11940,5,-5
2020-01-06 15:31:01.061,11939,11940,11939,2,-2
2020-01-06 15:31:01.362,11939,11940,11940,2,2
2020-01-06 15:31:01.377,11939,11940,11940,1,1
2020-01-06 15:31:01.387,11939,11940,11940,1,1
2020-01-06 15:31:01.395,11939,11940,11940,2,2
2020-01-06 15:31:01.407,11939,11940,11940,1,1
2020-01-06 15:31:01.442,11939,11940,11940,5,5
2020-01-06 15:31:01.444,11939,11940,11941,1,1
2020-01-06 15:31:01.453,11939,11940,11941,1,1
2020-01-06 15:31:01.454,11939,11940,11941,5,5
2020-01-06 15:31:01.454,11939,11940,11941,5,5
2020-01-06 15:31:01.455,11939,11940,11941,1,1
2020-01-06 15:31:01.456,11939,11940,11941,5,5
2020-01-06 15:31:01.456,11939,11940,11941,5,5
2020-01-06 15:31:01.456,11939,11940,11941,5,5
2020-01-06 15:31:01.456,11939,11940,11941,8,8
2020-01-06 15:31:01.457,11939,11940,11941,5,5
2020-01-06 15:31:01.460,11939,11940,11942,1,1
2020-01-06 15:31:01.461,11939,11940,11942,1,1
2020-01-06 15:31:01.467,11939,11940,11941,1,1
2020-01-06 15:31:01.467,11939,11940,11942,5,5
2020-01-06 15:31:01.467,11939,11940,11942,5,5
2020-01-06 15:31:01.467,11939,11940,11942,5,5
2020-01-06 15:31:01.467,11939,11940,11942,16,16
2020-01-06 15:31:01.467,11939,11940,11942,2,2
2020-01-06 15:31:01.559,11941,11942,11941,3,-3
2020-01-06 15:31:01.629,11941,11942,11942,1,1
2020-01-06 15:31:01.692,11941,11942,11942,1,1
2020-01-06 15:31:01.922,11941,11942,11941,1,-1
2020-01-06 15:31:02.134,11941,11942,11941,1,-1
2020-01-06 15:31:02.194,11941,11942,11941,3,-3
2020-01-06 15:31:02.295,11941,11942,11942,5,5
2020-01-06 15:31:02.310,11941,11942,11942,1,1
2020-01-06 15:31:02.323,11941,11942,11942,8,8
2020-01-06 15:31:02.341,11941,11942,11941,1,-1
2020-01-06 15:31:02.436,11941,11942,11942,2,2
2020-01-06 15:31:02.559,11941,11942,11942,3,3
2020-01-06 15:31:03.007,11941,11942,11941,1,-1
2020-01-06 15:31:03.869,11941,11942,11941,1,-1
2020-01-06 15:31:04.103,11941,11942,11942,4,4
2020-01-06 15:31:04.103,11941,11942,11942,1,1
2020-01-06 15:31:04.104,11941,11942,11942,2,2
2020-01-06 15:31:04.106,11941,11942,11942,1,1
2020-01-06 15:31:04.106,11941,11942,11942,1,1
2020-01-06 15:31:04.106,11941,11942,11942,1,1
2020-01-06 15:31:04.785,11942,11943,11943,1,1
2020-01-06 15:31:04.814,11942,11943,11943,2,2
2020-01-06 15:31:04.853,11942,11943,11943,1,1
2020-01-06 15:31:04.853,11942,11943,11943,1,1
2020-01-06 15:31:04.853,11942,11943,11943,1,1
2020-01-06 15:31:04.881,11942,11943,11943,1,1
2020-01-06 15:31:04.934,11942,11943,11943,1,1
2020-01-06 15:31:04.947,11942,11943,11943,1,1
2020-01-06 15:31:04.991,11942,11943,11944,1,1
2020-01-06 15:31:05.059,11943,11944,11943,1,-1
2020-01-06 15:31:05.642,11942,11943,11943,1,1
2020-01-06 15:31:06.004,11942,11943,11943,1,1
2020-01-06 15:31:06.225,11942,11943,11943,1,1
2020-01-06 15:31:06.275,11942,11943,11942,3,-3
2020-01-06 15:31:06.427,11942,11943,11942,2,-2
2020-01-06 15:31:07.154,11942,11944,11942,1,-1
2020-01-06 15:31:07.889,11942,11943,11943,1,1
2020-01-06 15:31:08.426,11942,11943,11942,2,-2
2020-01-06 15:31:08.427,11942,11943,11942,1,-1
2020-01-06 15:31:08.690,11941,11942,11942,1,1
2020-01-06 15:31:08.695,11941,11942,11942,1,1
2020-01-06 15:31:08.718,11941,11942,11942,1,1
2020-01-06 15:31:08.745,11941,11942,11942,3,3
2020-01-06 15:31:08.745,11941,11942,11943,13,13
2020-01-06 15:31:08.756,11941,11942,11943,1,1
2020-01-06 15:31:08.763,11941,11942,11943,1,1
2020-01-06 15:31:08.770,11941,11942,11943,1,1
2020-01-06 15:31:08.782,11941,11942,11943,1,1
2020-01-06 15:31:08.790,11941,11942,11943,2,2
2020-01-06 15:31:08.845,11942,11943,11943,1,1
2020-01-06 15:31:08.983,11942,11943,11943,1,1
2020-01-06 15:31:09.312,11942,11943,11943,1,1
2020-01-06 15:31:09.408,11942,11943,11942,1,-1
2020-01-06 15:31:09.718,11942,11943,11943,1,1
2020-01-06 15:31:10.837,11942,11943,11942,4,-4
2020-01-06 15:31:12.241,11941,11942,11942,2,2
2020-01-06 15:31:12.241,11941,11942,11942,1,1
2020-01-06 15:31:12.564,11942,11943,11943,1,1
2020-01-06 15:31:12.575,11942,11943,11944,1,1
2020-01-06 15:31:12.588,11942,11943,11944,2,2
2020-01-06 15:31:12.743,11942,11944,11944,1,1
2020-01-06 15:31:13.559,11942,11943,11943,1,1
2020-01-06 15:31:14.250,11942,11943,11942,1,-1
2020-01-06 15:31:15.018,11942,11943,11943,5,5
2020-01-06 15:31:15.184,11942,11943,11943,1,1
2020-01-06 15:31:16.545,11943,11944,11943,2,-2
2020-01-06 15:31:16.575,11943,11944,11943,2,-2
2020-01-06 15:31:16.867,11943,11944,11944,1,1
2020-01-06 15:31:16.869,11943,11944,11944,1,1
2020-01-06 15:31:16.872,11943,11944,11944,1,1
2020-01-06 15:31:16.880,11943,11944,11944,1,1
2020-01-06 15:31:16.933,11943,11944,11944,1,1
2020-01-06 15:31:16.937,11943,11944,11944,1,1
2020-01-06 15:31:16.940,11943,11944,11944,1,1
2020-01-06 15:31:16.985,11943,11944,11944,1,1
2020-01-06 15:31:16.998,11943,11944,11945,1,1
2020-01-06 15:31:17.002,11943,11944,11945,1,1
2020-01-06 15:31:17.143,11943,11945,11945,1,1
2020-01-06 15:31:17.289,11944,11945,11944,1,-1
2020-01-06 15:31:17.313,11944,11945,11945,1,1
2020-01-06 15:31:17.622,11944,11945,11944,1,-1
2020-01-06 15:31:18.171,11944,11945,11945,40,40
2020-01-06 15:31:20.607,11945,11946,11946,1,1
2020-01-06 15:31:20.633,11945,11946,11946,1,1
2020-01-06 15:31:20.864,11945,11946,11946,1,1
2020-01-06 15:31:20.865,11945,11946,11946,2,2
2020-01-06 15:31:20.877,11945,11946,11946,1,1
2020-01-06 15:31:20.946,11945,11946,11946,2,2
2020-01-06 15:31:20.954,11945,11946,11945,1,-1
2020-01-06 15:31:21.043,11945,11946,11946,1,1
2020-01-06 15:31:21.089,11945,11946,11946,1,1
2020-01-06 15:31:21.109,11945,11946,11946,1,1
2020-01-06 15:31:21.111,11945,11946,11946,1,1
2020-01-06 15:31:21.477,11945,11946,11946,1,1
2020-01-06 15:31:21.879,11945,11946,11945,1,-1
2020-01-06 15:31:21.901,11945,11946,11945,1,-1
2020-01-06 15:31:22.004,11945,11946,11946,1,1
2020-01-06 15:31:22.212,11945,11946,11946,1,1
2020-01-06 15:31:22.434,11945,11946,11945,2,-2
2020-01-06 15:31:22.435,11945,11946,11945,7,-7
2020-01-06 15:31:22.479,11945,11946,11945,2,-2
2020-01-06 15:31:22.679,11944,11945,11945,1,1
2020-01-06 15:31:23.211,11944,11945,11944,5,-5
2020-01-06 15:31:23.515,11944,11945,11944,3,-3
2020-01-06 15:31:23.946,11943,11944,11944,10,10
2020-01-06 15:31:24.283,11943,11945,11944,1,-1
2020-01-06 15:31:24.309,11943,11944,11944,1,1
2020-01-06 15:31:24.309,11943,11944,11944,1,1
2020-01-06 15:31:24.445,11943,11945,11945,1,1
2020-01-06 15:31:24.456,11943,11945,11943,2,-2
2020-01-06 15:31:24.551,11943,11945,11944,1,1
2020-01-06 15:31:24.559,11943,11945,11945,1,1
2020-01-06 15:31:24.650,11943,11945,11945,1,1
2020-01-06 15:31:24.656,11943,11945,11945,1,1
2020-01-06 15:31:24.662,11943,11945,11945,1,1
2020-01-06 15:31:24.674,11943,11945,11945,1,1
2020-01-06 15:31:24.810,11944,11945,11944,4,-4
2020-01-06 15:31:24.827,11944,11945,11945,1,1
2020-01-06 15:31:25.318,11943,11944,11944,1,1
2020-01-06 15:31:25.698,11943,11945,11945,1,1
2020-01-06 15:31:27.309,11943,11944,11943,12,-12
2020-01-06 15:31:27.434,11943,11944,11943,1,-1
2020-01-06 15:31:28.219,11942,11943,11943,1,1
2020-01-06 15:31:28.574,11942,11943,11943,1,1
2020-01-06 15:31:28.600,11942,11943,11943,1,1
2020-01-06 15:31:28.615,11942,11943,11943,1,1
2020-01-06 15:31:28.622,11942,11943,11943,2,2
2020-01-06 15:31:28.631,11942,11943,11943,1,1
2020-01-06 15:31:28.715,11942,11943,11943,1,1
2020-01-06 15:31:28.725,11942,11943,11943,1,1
2020-01-06 15:31:28.725,11942,11943,11944,1,1
2020-01-06 15:31:28.728,11942,11943,11944,1,1
2020-01-06 15:31:28.729,11942,11943,11944,2,2
2020-01-06 15:31:28.850,11942,11944,11943,1,-1
2020-01-06 15:31:29.115,11942,11944,11944,4,4
2020-01-06 15:31:32.259,11942,11943,11943,1,1
2020-01-06 15:31:32.592,11942,11943,11943,1,1
2020-01-06 15:31:32.594,11942,11943,11943,1,1
2020-01-06 15:31:32.604,11942,11943,11943,1,1
