2019-06-25,15:00:00.026000,10545,10546,10545,40
2019-06-25,15:00:00.045000,10545,10546,10545,1
2019-06-25,15:00:00.206000,10545,10546,10545,7
2019-06-25,15:00:00.229000,10545,10546,10545,7
2019-06-25,15:00:00.244000,10545,10546,10544,2
2019-06-25,15:00:00.244000,10545,10546,10543,2
2019-06-25,15:00:00.244000,10545,10546,10542,3
2019-06-25,15:00:00.269000,10545,10546,10542,6
2019-06-25,15:00:00.269000,10545,10546,10541,1
2019-06-25,15:00:00.317000,10545,10546,10545,1
2019-06-25,15:00:00.353000,10545,10546,10545,2
2019-06-25,15:00:00.390000,10545,10546,10545,1
2019-06-25,15:00:00.398000,10545,10546,10545,5
2019-06-25,15:00:00.447000,10545,10546,10546,1
2019-06-25,15:00:00.535000,10545,10546,10546,2
2019-06-25,15:00:00.668000,10545,10546,10546,2
2019-06-25,15:00:01.192000,10545,10546,10545,1
2019-06-25,15:00:01.396000,10543,10546,10546,2
2019-06-25,15:00:01.611000,10544,10546,10546,1
2019-06-25,15:00:02.500000,10545,10546,10545,1
2019-06-25,15:00:03.230000,10545,10546,10545,1
2019-06-25,15:00:03.230000,10545,10546,10544,1
2019-06-25,15:00:03.749000,10544,10546,10544,12
2019-06-25,15:00:06.843000,10543,10544,10543,10
2019-06-25,15:00:06.866000,10543,10544,10544,1
2019-06-25,15:00:06.869000,10543,10544,10543,1
2019-06-25,15:00:06.878000,10543,10544,10544,1
2019-06-25,15:00:07.661000,10543,10544,10544,1
2019-06-25,15:00:08.647000,10543,10544,10544,1
2019-06-25,15:00:08.681000,10543,10544,10543,1
2019-06-25,15:00:10.474000,10544,10545,10545,1
2019-06-25,15:00:10.582000,10544,10546,10544,1
2019-06-25,15:00:11.205000,10544,10546,10546,4
2019-06-25,15:00:11.507000,10544,10546,10544,1
2019-06-25,15:00:17.960000,10545,10546,10545,1
2019-06-25,15:00:23.344000,10545,10546,10546,9
2019-06-25,15:00:23.401000,10545,10546,10545,1
2019-06-25,15:00:24.483000,10546,10547,10546,1
2019-06-25,15:00:25.621000,10545,10547,10545,1
2019-06-25,15:00:28.422000,10545,10547,10545,1
2019-06-25,15:00:29.410000,10545,10546,10545,1
2019-06-25,15:00:30.740000,10545,10546,10546,1
2019-06-25,15:00:33.191000,10546,10547,10546,2
2019-06-25,15:00:34.388000,10545,10546,10546,1
2019-06-25,15:00:35.108000,10545,10546,10545,2
2019-06-25,15:00:35.438000,10545,10546,10546,4
2019-06-25,15:00:38.866000,10545,10546,10546,2
2019-06-25,15:00:39.037000,10545,10546,10545,1
2019-06-25,15:00:44.926000,10545,10546,10545,1
2019-06-25,15:00:46.709000,10545,10546,10545,1
2019-06-25,15:00:48.617000,10545,10546,10546,2
2019-06-25,15:00:48.783000,10545,10546,10545,1
2019-06-25,15:00:48.874000,10545,10546,10545,1
2019-06-25,15:00:49.292000,10545,10546,10545,1
2019-06-25,15:00:53.474000,10545,10546,10546,1
2019-06-25,15:00:57.564000,10545,10546,10545,1
2019-06-25,15:01:00.226000,10545,10546,10545,1
2019-06-25,15:01:00.981000,10545,10546,10545,1
2019-06-25,15:01:02.975000,10545,10546,10546,10
2019-06-25,15:01:03.168000,10545,10546,10546,4
2019-06-25,15:01:06.653000,10545,10546,10545,2
2019-06-25,15:01:07.265000,10545,10546,10546,2
2019-06-25,15:01:09.910000,10545,10546,10545,1
2019-06-25,15:01:16.256000,10545,10546,10546,1
2019-06-25,15:01:28.191000,10545,10546,10545,15
2019-06-25,15:01:29.828000,10544,10545,10545,1
2019-06-25,15:01:32.394000,10544,10545,10545,1
2019-06-25,15:01:33.798000,10544,10545,10545,2
2019-06-25,15:01:35.454000,10544,10545,10545,1
2019-06-25,15:01:41.481000,10544,10545,10544,1
2019-06-25,15:01:45.903000,10544,10545,10545,1
2019-06-25,15:01:51.688000,10544,10545,10545,5
2019-06-25,15:01:54.386000,10544,10545,10545,1
2019-06-25,15:01:56.087000,10544,10545,10545,2
2019-06-25,15:01:59.041000,10544,10545,10544,6
2019-06-25,15:02:00.042000,10544,10545,10544,1
2019-06-25,15:02:03.056000,10544,10545,10545,5
2019-06-25,15:02:20.500000,10544,10545,10545,15
2019-06-25,15:02:20.950000,10545,10546,10545,1
2019-06-25,15:02:25.877000,10545,10546,10545,3
2019-06-25,15:02:30.073000,10545,10546,10545,1
2019-06-25,15:02:30.083000,10545,10546,10546,1
2019-06-25,15:02:31.311000,10545,10546,10545,1
2019-06-25,15:02:40.218000,10545,10546,10546,1
2019-06-25,15:02:40.530000,10545,10546,10546,4
2019-06-25,15:02:44.609000,10545,10546,10545,11
2019-06-25,15:02:44.816000,10545,10546,10546,2
2019-06-25,15:02:46.287000,10545,10546,10546,3
2019-06-25,15:02:46.287000,10545,10546,10546,15
2019-06-25,15:02:46.316000,10545,10546,10546,10
2019-06-25,15:03:02.061000,10546,10547,10546,1
2019-06-25,15:03:02.160000,10546,10547,10547,5
2019-06-25,15:03:02.222000,10546,10547,10547,4
2019-06-25,15:03:02.357000,10546,10547,10547,4
2019-06-25,15:03:02.375000,10546,10547,10547,4
2019-06-25,15:03:02.409000,10546,10547,10547,4
2019-06-25,15:03:02.441000,10546,10547,10547,2
2019-06-25,15:03:02.459000,10546,10547,10547,4
2019-06-25,15:03:02.466000,10546,10547,10547,4
2019-06-25,15:03:02.476000,10546,10547,10547,2
2019-06-25,15:03:02.476000,10546,10547,10548,6
2019-06-25,15:03:02.487000,10546,10547,10548,8
2019-06-25,15:03:02.517000,10546,10547,10548,5
2019-06-25,15:03:02.520000,10546,10547,10548,6
2019-06-25,15:03:02.521000,10546,10547,10548,4
2019-06-25,15:03:02.523000,10546,10547,10548,6
2019-06-25,15:03:02.548000,10546,10547,10548,4
2019-06-25,15:03:02.567000,10547,10548,10548,2
2019-06-25,15:03:02.567000,10547,10548,10548,1
2019-06-25,15:03:02.596000,10547,10548,10549,5
2019-06-25,15:03:02.637000,10547,10548,10549,5
2019-06-25,15:03:02.645000,10547,10548,10549,1
2019-06-25,15:03:02.660000,10547,10548,10549,1
2019-06-25,15:03:02.812000,10548,10549,10549,1
2019-06-25,15:03:02.885000,10548,10549,10549,7
2019-06-25,15:03:02.899000,10548,10549,10549,8
2019-06-25,15:03:02.912000,10548,10549,10549,5
2019-06-25,15:03:02.915000,10548,10549,10549,5
2019-06-25,15:03:02.928000,10548,10549,10549,6
2019-06-25,15:03:02.941000,10548,10549,10549,4
2019-06-25,15:03:02.941000,10548,10549,10549,4
2019-06-25,15:03:02.942000,10548,10549,10549,6
2019-06-25,15:03:02.967000,10548,10549,10550,1
2019-06-25,15:03:02.970000,10548,10549,10550,1
2019-06-25,15:03:03.068000,10549,10550,10549,2
2019-06-25,15:03:03.133000,10549,10550,10550,1
2019-06-25,15:03:03.259000,10549,10550,10550,8
2019-06-25,15:03:03.286000,10549,10550,10550,1
2019-06-25,15:03:03.442000,10549,10550,10550,3
2019-06-25,15:03:03.442000,10549,10550,10550,1
2019-06-25,15:03:03.442000,10549,10550,10550,1
2019-06-25,15:03:03.443000,10549,10550,10550,1
2019-06-25,15:03:03.443000,10549,10550,10550,2
2019-06-25,15:03:03.443000,10549,10550,10550,1
2019-06-25,15:03:03.460000,10549,10550,10550,1
2019-06-25,15:03:03.486000,10549,10550,10550,1
2019-06-25,15:03:03.715000,10549,10550,10550,1
2019-06-25,15:03:03.816000,10549,10550,10550,2
2019-06-25,15:03:03.861000,10549,10550,10549,1
2019-06-25,15:03:03.892000,10549,10550,10550,2
2019-06-25,15:03:03.977000,10549,10550,10550,1
2019-06-25,15:03:04.031000,10549,10550,10550,1
2019-06-25,15:03:04.066000,10549,10550,10550,3
2019-06-25,15:03:04.066000,10549,10550,10550,5
2019-06-25,15:03:04.112000,10549,10550,10549,1
2019-06-25,15:03:04.289000,10549,10550,10550,1
2019-06-25,15:03:04.303000,10549,10550,10550,1
2019-06-25,15:03:04.316000,10549,10550,10550,2
2019-06-25,15:03:04.392000,10549,10550,10551,3
2019-06-25,15:03:04.487000,10550,10551,10551,1
2019-06-25,15:03:04.551000,10550,10551,10551,1
2019-06-25,15:03:04.684000,10549,10551,10551,2
2019-06-25,15:03:04.686000,10549,10551,10551,5
2019-06-25,15:03:04.692000,10550,10551,10551,1
2019-06-25,15:03:04.779000,10550,10551,10551,1
2019-06-25,15:03:04.893000,10550,10551,10550,1
2019-06-25,15:03:06.720000,10550,10551,10550,1
2019-06-25,15:03:07.031000,10550,10551,10550,1
2019-06-25,15:03:08.486000,10550,10551,10550,3
2019-06-25,15:03:08.842000,10549,10550,10550,1
2019-06-25,15:03:09.261000,10549,10550,10549,1
2019-06-25,15:03:10.360000,10549,10550,10549,1
2019-06-25,15:03:12.587000,10549,10550,10550,13
2019-06-25,15:03:13.073000,10550,10551,10550,1
2019-06-25,15:03:14.712000,10550,10551,10550,2
2019-06-25,15:03:16.210000,10550,10551,10550,3
2019-06-25,15:03:16.871000,10550,10551,10551,2
2019-06-25,15:03:24.622000,10550,10551,10551,2
2019-06-25,15:03:28.954000,10550,10551,10550,12
2019-06-25,15:03:29.061000,10550,10551,10551,5
2019-06-25,15:03:29.073000,10549,10551,10550,1
2019-06-25,15:03:30.985000,10549,10550,10550,1
2019-06-25,15:03:32.809000,10549,10550,10550,1
2019-06-25,15:03:35.420000,10549,10550,10550,2
2019-06-25,15:03:35.420000,10549,10550,10551,2
2019-06-25,15:03:37.066000,10549,10550,10550,2
2019-06-25,15:03:39.889000,10549,10550,10549,1
2019-06-25,15:03:41.793000,10549,10550,10550,1
2019-06-25,15:03:45.942000,10549,10550,10550,2
2019-06-25,15:03:46.783000,10549,10550,10549,1
2019-06-25,15:03:46.816000,10549,10550,10549,7
2019-06-25,15:03:47.090000,10548,10549,10548,2
2019-06-25,15:03:48.959000,10548,10549,10549,2
2019-06-25,15:03:49.375000,10548,10550,10550,28
2019-06-25,15:03:51.093000,10549,10550,10550,5
2019-06-25,15:03:51.312000,10550,10551,10551,10
2019-06-25,15:03:52.178000,10550,10551,10551,10
2019-06-25,15:03:56.066000,10550,10551,10550,6
2019-06-25,15:04:01.340000,10549,10550,10550,1
2019-06-25,15:04:01.684000,10549,10550,10549,1
2019-06-25,15:04:02.413000,10549,10550,10550,4
2019-06-25,15:04:03.464000,10549,10550,10550,1
2019-06-25,15:04:04.104000,10549,10550,10550,1
2019-06-25,15:04:06.822000,10549,10550,10549,2
2019-06-25,15:04:07.327000,10549,10550,10549,1
2019-06-25,15:04:07.329000,10549,10550,10549,1
2019-06-25,15:04:07.450000,10548,10550,10549,1
2019-06-25,15:04:11.494000,10549,10550,10549,1
2019-06-25,15:04:16.726000,10549,10550,10549,2
2019-06-25,15:04:18.725000,10549,10550,10549,1
2019-06-25,15:04:18.816000,10549,10550,10549,2
2019-06-25,15:04:20.716000,10549,10550,10550,1
2019-06-25,15:04:21.859000,10549,10550,10549,6
2019-06-25,15:04:24.215000,10549,10550,10550,5
2019-06-25,15:04:24.987000,10549,10550,10549,2
2019-06-25,15:04:29.524000,10549,10550,10549,1
2019-06-25,15:04:29.659000,10549,10550,10549,2
2019-06-25,15:04:33.144000,10549,10550,10550,5
2019-06-25,15:04:33.219000,10549,10550,10550,3
2019-06-25,15:04:33.219000,10549,10550,10551,1
2019-06-25,15:04:33.636000,10550,10551,10550,1
2019-06-25,15:04:35.753000,10550,10551,10550,1
2019-06-25,15:04:38.052000,10550,10551,10550,1
2019-06-25,15:04:38.105000,10550,10551,10550,4
2019-06-25,15:04:38.691000,10550,10551,10551,1
2019-06-25,15:04:40.082000,10550,10551,10551,1
2019-06-25,15:04:40.095000,10550,10551,10551,1
2019-06-25,15:04:42.670000,10550,10551,10551,1
2019-06-25,15:04:43.414000,10550,10551,10550,5
2019-06-25,15:04:48.373000,10550,10551,10550,1
2019-06-25,15:04:52.527000,10550,10551,10550,2
2019-06-25,15:04:56.283000,10550,10551,10550,1
2019-06-25,15:04:57.092000,10550,10551,10551,10
2019-06-25,15:04:57.163000,10550,10551,10550,6
2019-06-25,15:04:57.191000,10550,10551,10551,2
2019-06-25,15:04:57.191000,10550,10551,10551,1
2019-06-25,15:04:58.501000,10550,10551,10551,1
2019-06-25,15:04:58.795000,10550,10551,10551,1
2019-06-25,15:05:00.787000,10551,10552,10551,5
2019-06-25,15:05:00.820000,10550,10551,10551,2
2019-06-25,15:05:01.244000,10550,10551,10551,12
2019-06-25,15:05:02.418000,10550,10552,10550,1
2019-06-25,15:05:02.418000,10550,10552,10550,2
2019-06-25,15:05:02.499000,10550,10552,10551,1
2019-06-25,15:05:02.810000,10550,10551,10550,1
2019-06-25,15:05:02.857000,10550,10551,10550,1
2019-06-25,15:05:10.820000,10551,10552,10551,1
2019-06-25,15:05:13.375000,10551,10552,10551,1
2019-06-25,15:05:21.576000,10551,10552,10552,1
2019-06-25,15:05:21.933000,10551,10552,10552,12
2019-06-25,15:05:24.886000,10551,10552,10552,2
2019-06-25,15:05:29.326000,10551,10552,10551,1
2019-06-25,15:05:33.666000,10551,10552,10552,5
2019-06-25,15:05:34.691000,10551,10552,10552,2
2019-06-25,15:05:34.816000,10551,10552,10552,12
2019-06-25,15:05:38.196000,10552,10553,10553,2
2019-06-25,15:05:38.387000,10552,10553,10553,1
2019-06-25,15:05:38.392000,10552,10553,10553,1
2019-06-25,15:05:38.405000,10552,10553,10553,1
2019-06-25,15:05:38.414000,10552,10553,10553,1
2019-06-25,15:05:38.914000,10552,10553,10553,1
2019-06-25,15:05:38.994000,10552,10553,10552,1
2019-06-25,15:05:39.275000,10552,10553,10553,4
2019-06-25,15:05:39.419000,10552,10553,10553,3
2019-06-25,15:05:41.539000,10552,10553,10552,8
2019-06-25,15:05:41.677000,10552,10553,10552,1
2019-06-25,15:05:42.221000,10552,10553,10552,1
2019-06-25,15:05:42.835000,10552,10553,10553,1
2019-06-25,15:05:43.658000,10552,10553,10552,1
2019-06-25,15:05:44.773000,10552,10553,10553,3
2019-06-25,15:05:46.280000,10552,10553,10552,1
2019-06-25,15:05:46.421000,10552,10553,10553,15
2019-06-25,15:05:47.501000,10552,10553,10553,6
2019-06-25,15:05:47.566000,10552,10553,10553,2
2019-06-25,15:05:48.085000,10552,10553,10553,2
2019-06-25,15:05:49.623000,10553,10554,10553,1
2019-06-25,15:05:53.628000,10553,10554,10554,1
2019-06-25,15:05:53.741000,10553,10554,10554,1
2019-06-25,15:05:54.094000,10553,10554,10554,1
2019-06-25,15:05:54.488000,10553,10554,10553,1
2019-06-25,15:05:54.742000,10553,10554,10554,5
2019-06-25,15:05:54.749000,10553,10554,10554,1
2019-06-25,15:05:55.015000,10553,10554,10554,1
2019-06-25,15:05:55.048000,10553,10554,10554,1
2019-06-25,15:05:55.420000,10553,10554,10553,3
2019-06-25,15:05:56.383000,10553,10554,10554,2
2019-06-25,15:05:56.756000,10553,10554,10553,1
2019-06-25,15:05:59.121000,10553,10554,10553,1
2019-06-25,15:06:03.787000,10553,10554,10554,1
2019-06-25,15:06:05.069000,10553,10554,10553,1
2019-06-25,15:06:05.070000,10553,10554,10553,3
2019-06-25,15:06:05.463000,10553,10554,10554,1
2019-06-25,15:06:05.471000,10553,10554,10554,1
2019-06-25,15:06:05.558000,10553,10554,10554,1
2019-06-25,15:06:06.189000,10553,10554,10554,1
2019-06-25,15:06:06.511000,10553,10554,10554,3
2019-06-25,15:06:06.516000,10553,10554,10554,1
2019-06-25,15:06:06.878000,10553,10554,10554,1
2019-06-25,15:06:10.453000,10553,10554,10554,1
2019-06-25,15:06:10.986000,10553,10554,10554,2
2019-06-25,15:06:11.081000,10553,10554,10554,1
2019-06-25,15:06:11.365000,10553,10554,10554,1
2019-06-25,15:06:11.483000,10553,10554,10554,4
2019-06-25,15:06:11.812000,10553,10554,10554,1
2019-06-25,15:06:12.492000,10553,10554,10554,7
2019-06-25,15:06:13.059000,10553,10554,10554,2
2019-06-25,15:06:14.352000,10553,10554,10554,1
2019-06-25,15:06:14.564000,10553,10554,10554,1
2019-06-25,15:06:14.575000,10553,10554,10554,1
2019-06-25,15:06:15.241000,10553,10554,10554,2
2019-06-25,15:06:17.061000,10553,10554,10554,1
2019-06-25,15:06:17.143000,10553,10554,10554,1
2019-06-25,15:06:17.383000,10553,10554,10554,1
2019-06-25,15:06:18.730000,10553,10554,10553,12
2019-06-25,15:06:18.786000,10553,10554,10554,1
2019-06-25,15:06:18.934000,10552,10554,10554,1
2019-06-25,15:06:20.501000,10552,10553,10553,6
2019-06-25,15:06:23.808000,10552,10553,10553,1
2019-06-25,15:06:24.852000,10552,10553,10553,1
2019-06-25,15:06:25.440000,10552,10553,10553,1
2019-06-25,15:06:26.144000,10552,10553,10553,1
2019-06-25,15:06:26.615000,10552,10553,10553,1
2019-06-25,15:06:27.574000,10552,10553,10553,1
2019-06-25,15:06:28.334000,10552,10553,10553,1
2019-06-25,15:06:29.130000,10553,10554,10553,1
2019-06-25,15:06:29.366000,10553,10554,10554,1
2019-06-25,15:06:29.700000,10553,10554,10554,1
2019-06-25,15:06:30.776000,10553,10554,10554,1
2019-06-25,15:06:37.265000,10553,10554,10553,6
2019-06-25,15:06:39.024000,10552,10553,10553,1
2019-06-25,15:06:39.250000,10552,10553,10553,1
2019-06-25,15:06:42.429000,10552,10553,10552,1
2019-06-25,15:06:49.330000,10552,10553,10552,5
2019-06-25,15:06:49.441000,10552,10553,10552,13
2019-06-25,15:06:52.388000,10551,10553,10553,1
2019-06-25,15:07:00.032000,10551,10552,10552,2
2019-06-25,15:07:06.226000,10551,10552,10552,3
2019-06-25,15:07:06.568000,10551,10552,10552,8
2019-06-25,15:07:07.429000,10551,10553,10553,1
2019-06-25,15:07:15.369000,10551,10552,10552,1
2019-06-25,15:07:15.854000,10551,10552,10552,1
2019-06-25,15:07:20.284000,10551,10552,10551,1
2019-06-25,15:07:20.286000,10551,10552,10551,2
2019-06-25,15:07:20.314000,10551,10552,10551,1
2019-06-25,15:07:20.316000,10551,10552,10551,7
2019-06-25,15:07:26.510000,10550,10551,10550,1
2019-06-25,15:07:41.763000,10550,10551,10550,3
2019-06-25,15:07:42.231000,10550,10551,10550,2
2019-06-25,15:07:48.518000,10550,10551,10550,1
2019-06-25,15:07:49.871000,10550,10551,10550,2
2019-06-25,15:07:52.748000,10550,10551,10550,1
2019-06-25,15:07:52.786000,10550,10551,10551,1
2019-06-25,15:07:59.700000,10550,10551,10551,1
2019-06-25,15:08:27.295000,10550,10551,10551,1
2019-06-25,15:08:45.654000,10550,10551,10550,1
2019-06-25,15:08:52.586000,10550,10551,10550,1
2019-06-25,15:08:56.551000,10550,10551,10550,1
2019-06-25,15:09:02.303000,10550,10551,10550,1
2019-06-25,15:09:05.773000,10550,10551,10550,1
2019-06-25,15:09:14.007000,10550,10551,10550,1
2019-06-25,15:09:20.048000,10550,10551,10550,5
2019-06-25,15:09:20.330000,10550,10551,10550,1
2019-06-25,15:09:24.462000,10550,10551,10550,1
2019-06-25,15:09:26.404000,10550,10551,10550,1
2019-06-25,15:09:27.944000,10550,10551,10550,3
2019-06-25,15:09:30.134000,10550,10551,10550,1
2019-06-25,15:09:30.222000,10550,10551,10550,1
2019-06-25,15:09:34.459000,10550,10551,10550,1
2019-06-25,15:09:35.161000,10550,10551,10550,1
2019-06-25,15:09:35.853000,10550,10551,10551,1
2019-06-25,15:09:36.473000,10550,10551,10550,1
2019-06-25,15:09:43.084000,10550,10551,10550,1
2019-06-25,15:09:43.355000,10550,10551,10550,1
2019-06-25,15:09:44.487000,10550,10551,10550,3
2019-06-25,15:09:46.431000,10550,10551,10551,1
2019-06-25,15:09:47.934000,10550,10551,10550,1
2019-06-25,15:10:03.830000,10550,10551,10550,1
2019-06-25,15:10:05.572000,10550,10551,10551,1
2019-06-25,15:10:05.663000,10550,10551,10551,1
2019-06-25,15:10:05.691000,10550,10551,10551,1
2019-06-25,15:10:05.691000,10550,10551,10551,12
2019-06-25,15:10:05.691000,10550,10551,10551,2
2019-06-25,15:10:05.691000,10550,10551,10551,2
2019-06-25,15:10:05.731000,10550,10551,10551,1
2019-06-25,15:10:05.733000,10550,10551,10551,1
2019-06-25,15:10:05.744000,10550,10551,10551,1
2019-06-25,15:10:05.744000,10550,10551,10551,1
2019-06-25,15:10:05.744000,10550,10551,10551,3
2019-06-25,15:10:05.744000,10550,10551,10551,1
2019-06-25,15:10:05.744000,10550,10551,10551,3
2019-06-25,15:10:05.745000,10550,10551,10551,1
2019-06-25,15:10:05.745000,10550,10551,10551,3
2019-06-25,15:10:05.745000,10550,10551,10551,1
2019-06-25,15:10:05.745000,10550,10551,10551,1
2019-06-25,15:10:05.746000,10550,10551,10551,2
2019-06-25,15:10:10.424000,10551,10552,10551,2
2019-06-25,15:10:12.938000,10551,10552,10551,1
2019-06-25,15:10:27.661000,10551,10552,10552,2
2019-06-25,15:10:27.663000,10551,10552,10552,2
2019-06-25,15:10:27.669000,10551,10552,10552,3
2019-06-25,15:10:27.691000,10551,10552,10552,6
2019-06-25,15:10:27.691000,10551,10552,10552,4
2019-06-25,15:10:36.316000,10552,10553,10553,3
2019-06-25,15:10:36.316000,10552,10553,10553,2
2019-06-25,15:10:37.767000,10552,10553,10552,1
2019-06-25,15:10:53.528000,10552,10553,10552,5
2019-06-25,15:10:56.981000,10552,10553,10552,5
2019-06-25,15:10:58.173000,10552,10553,10553,1
2019-06-25,15:10:59.575000,10552,10553,10552,1
2019-06-25,15:11:01.252000,10552,10553,10552,5
2019-06-25,15:11:05.976000,10552,10553,10552,1
2019-06-25,15:11:12.174000,10552,10553,10552,1
2019-06-25,15:11:12.830000,10552,10553,10552,1
2019-06-25,15:11:15.372000,10552,10553,10552,3
2019-06-25,15:11:16.554000,10551,10552,10552,1
2019-06-25,15:11:29.714000,10551,10552,10552,1
2019-06-25,15:11:36.920000,10551,10552,10552,1
2019-06-25,15:11:55.293000,10551,10552,10552,1
2019-06-25,15:11:56.479000,10551,10552,10552,2
2019-06-25,15:11:57.657000,10551,10552,10552,2
2019-06-25,15:11:57.657000,10551,10552,10552,1
2019-06-25,15:11:57.657000,10551,10552,10552,1
2019-06-25,15:11:57.896000,10552,10553,10552,2
2019-06-25,15:12:05.168000,10551,10552,10552,2
2019-06-25,15:12:10.122000,10551,10552,10552,1
2019-06-25,15:12:13.407000,10552,10553,10552,1
2019-06-25,15:12:41.849000,10552,10553,10553,3
2019-06-25,15:12:42.062000,10552,10553,10552,1
2019-06-25,15:12:46.294000,10552,10553,10552,2
2019-06-25,15:12:47.131000,10552,10553,10553,1
2019-06-25,15:12:50.750000,10552,10553,10553,1
2019-06-25,15:13:02.320000,10552,10553,10553,10
2019-06-25,15:13:02.513000,10552,10553,10553,8
2019-06-25,15:13:03.045000,10552,10553,10553,4
2019-06-25,15:13:04.496000,10552,10553,10553,1
2019-06-25,15:13:11.290000,10553,10554,10553,1
2019-06-25,15:13:12.952000,10553,10554,10553,4
2019-06-25,15:13:12.967000,10553,10554,10553,1
2019-06-25,15:13:14.164000,10552,10553,10553,1
2019-06-25,15:13:22.791000,10552,10553,10553,7
2019-06-25,15:13:22.821000,10552,10553,10553,2
2019-06-25,15:13:23.976000,10552,10553,10553,1
2019-06-25,15:13:25.163000,10552,10554,10552,2
2019-06-25,15:13:27.540000,10553,10554,10553,1
2019-06-25,15:13:28.567000,10553,10554,10553,1
2019-06-25,15:13:35.198000,10553,10554,10553,2
2019-06-25,15:13:38.463000,10553,10554,10554,1
2019-06-25,15:13:38.784000,10553,10554,10554,1
2019-06-25,15:13:39.163000,10553,10554,10554,1
2019-06-25,15:13:39.207000,10553,10554,10554,1
2019-06-25,15:13:41.267000,10553,10554,10553,1
2019-06-25,15:13:41.406000,10553,10554,10553,2
2019-06-25,15:13:42.225000,10553,10554,10553,2
2019-06-25,15:13:48.928000,10553,10554,10553,1
2019-06-25,15:13:57.058000,10553,10554,10553,1
2019-06-25,15:13:59.068000,10553,10554,10553,1
2019-06-25,15:14:04.351000,10553,10554,10553,1
2019-06-25,15:14:08.251000,10553,10554,10553,2
2019-06-25,15:14:18.861000,10553,10554,10554,25
2019-06-25,15:14:18.941000,10553,10554,10554,1
2019-06-25,15:14:18.941000,10553,10554,10554,6
2019-06-25,15:14:25.362000,10554,10555,10554,2
2019-06-25,15:14:25.421000,10554,10555,10554,1
2019-06-25,15:14:33.109000,10554,10555,10554,3
2019-06-25,15:14:33.346000,10553,10554,10554,1
2019-06-25,15:14:33.547000,10553,10554,10554,1
2019-06-25,15:14:38.143000,10554,10555,10554,1
2019-06-25,15:14:43.949000,10554,10555,10554,3
2019-06-25,15:14:44.109000,10554,10555,10554,1
2019-06-25,15:14:49.128000,10554,10555,10554,1
2019-06-25,15:14:49.435000,10554,10555,10554,1
2019-06-25,15:14:50.652000,10553,10555,10555,2
2019-06-25,15:14:50.681000,10553,10555,10555,3
2019-06-25,15:14:50.715000,10553,10555,10555,1
2019-06-25,15:14:50.746000,10553,10555,10555,1
2019-06-25,15:14:50.752000,10553,10555,10555,1
2019-06-25,15:14:50.807000,10553,10555,10555,1
2019-06-25,15:14:50.841000,10554,10555,10555,2
2019-06-25,15:14:50.900000,10554,10555,10555,3
2019-06-25,15:14:51.045000,10554,10555,10555,6
2019-06-25,15:14:51.381000,10554,10555,10555,1
2019-06-25,15:14:51.939000,10554,10555,10555,1
2019-06-25,15:14:58.377000,10554,10555,10554,1
2019-06-25,15:14:59.932000,10554,10555,10554,1
2019-06-25,15:15:00.116000,10554,10555,10554,1
2019-06-25,15:15:00.685000,10554,10555,10555,4
2019-06-25,15:15:01.736000,10554,10555,10555,1
2019-06-25,15:15:02.470000,10554,10555,10555,25
2019-06-25,15:15:02.699000,10554,10556,10555,1
2019-06-25,15:15:02.736000,10554,10556,10556,4
2019-06-25,15:15:02.759000,10554,10556,10555,1
2019-06-25,15:15:03.139000,10555,10556,10556,6
2019-06-25,15:15:07.008000,10555,10556,10555,1
2019-06-25,15:15:07.238000,10555,10556,10556,2
2019-06-25,15:15:09.939000,10555,10556,10555,1
2019-06-25,15:15:15.281000,10555,10556,10555,15
2019-06-25,15:15:29.206000,10555,10556,10555,1
2019-06-25,15:15:30.309000,10555,10556,10555,1
2019-06-25,15:15:33.513000,10555,10556,10556,25
2019-06-25,15:15:34.046000,10555,10556,10556,10
2019-06-25,15:15:35.355000,10555,10556,10556,1
2019-06-25,15:15:35.370000,10555,10556,10556,2
2019-06-25,15:15:40.050000,10556,10557,10556,3
2019-06-25,15:15:41.284000,10555,10556,10556,4
2019-06-25,15:15:45.721000,10555,10556,10556,1
2019-06-25,15:15:47.185000,10555,10556,10556,1
2019-06-25,15:15:48.747000,10555,10556,10556,1
2019-06-25,15:15:51.464000,10555,10556,10556,1
2019-06-25,15:15:53.341000,10555,10556,10556,1
2019-06-25,15:15:55.778000,10555,10556,10556,1
2019-06-25,15:16:04.631000,10555,10556,10556,1
2019-06-25,15:16:04.916000,10555,10556,10556,4
2019-06-25,15:16:04.963000,10555,10556,10556,1
2019-06-25,15:16:04.971000,10555,10556,10556,1
2019-06-25,15:16:04.971000,10555,10556,10556,1
2019-06-25,15:16:04.971000,10555,10556,10556,1
2019-06-25,15:16:05.163000,10555,10556,10556,1
2019-06-25,15:16:05.484000,10555,10556,10556,1
2019-06-25,15:16:06.281000,10555,10556,10556,1
2019-06-25,15:16:06.878000,10555,10556,10556,1
2019-06-25,15:16:06.986000,10555,10556,10556,1
2019-06-25,15:16:13.561000,10555,10556,10555,1
2019-06-25,15:16:13.843000,10555,10556,10556,1
2019-06-25,15:16:14.019000,10555,10556,10556,1
2019-06-25,15:16:15.194000,10555,10556,10556,1
2019-06-25,15:16:15.450000,10555,10556,10556,3
2019-06-25,15:16:22.891000,10556,10557,10556,2
2019-06-25,15:16:23.823000,10556,10557,10556,1
2019-06-25,15:16:26.786000,10556,10557,10556,1
2019-06-25,15:16:26.816000,10556,10557,10556,10
2019-06-25,15:16:27.605000,10555,10556,10556,1
2019-06-25,15:16:28.111000,10555,10556,10556,2
2019-06-25,15:16:28.518000,10555,10556,10556,1
2019-06-25,15:16:30.281000,10555,10556,10556,5
2019-06-25,15:16:32.478000,10555,10556,10555,21
2019-06-25,15:16:33.212000,10554,10555,10554,1
2019-06-25,15:16:35.246000,10554,10555,10555,1
2019-06-25,15:16:39.319000,10554,10555,10554,1
2019-06-25,15:16:41.252000,10554,10555,10554,1
2019-06-25,15:16:41.941000,10554,10555,10554,8
2019-06-25,15:16:43.070000,10553,10554,10554,3
2019-06-25,15:16:43.541000,10553,10554,10554,1
2019-06-25,15:16:45.169000,10553,10554,10554,1
2019-06-25,15:16:54.177000,10553,10554,10553,2
2019-06-25,15:16:54.876000,10553,10554,10554,1
2019-06-25,15:17:18.235000,10553,10554,10554,1
2019-06-25,15:17:18.316000,10553,10554,10554,7
2019-06-25,15:17:24.301000,10554,10555,10555,2
2019-06-25,15:17:24.640000,10554,10555,10554,1
2019-06-25,15:17:31.941000,10554,10555,10554,6
2019-06-25,15:17:43.518000,10553,10554,10554,1
2019-06-25,15:17:54.882000,10553,10554,10553,1
2019-06-25,15:17:59.264000,10553,10554,10553,2
2019-06-25,15:17:59.441000,10553,10554,10553,12
2019-06-25,15:17:59.566000,10553,10554,10553,4
2019-06-25,15:18:09.424000,10553,10554,10553,1
2019-06-25,15:18:12.407000,10553,10554,10553,1
2019-06-25,15:18:13.091000,10553,10554,10553,1
2019-06-25,15:18:13.574000,10552,10553,10553,1
2019-06-25,15:18:17.554000,10552,10553,10553,2
2019-06-25,15:18:18.240000,10552,10553,10553,1
2019-06-25,15:18:53.306000,10552,10553,10552,2
2019-06-25,15:18:54.457000,10552,10553,10552,2
2019-06-25,15:18:56.055000,10552,10553,10552,1
2019-06-25,15:18:59.041000,10552,10553,10552,1
2019-06-25,15:19:06.417000,10552,10553,10553,2
2019-06-25,15:19:07.129000,10552,10553,10552,1
2019-06-25,15:19:15.388000,10552,10553,10552,1
2019-06-25,15:19:16.995000,10552,10553,10552,2
2019-06-25,15:19:24.609000,10552,10553,10553,1
2019-06-25,15:19:28.552000,10552,10553,10552,1
2019-06-25,15:19:37.218000,10552,10553,10552,1
2019-06-25,15:19:47.105000,10552,10553,10552,1
2019-06-25,15:19:47.589000,10552,10553,10553,1
2019-06-25,15:19:53.217000,10552,10553,10552,1
2019-06-25,15:20:00.293000,10552,10553,10552,1
2019-06-25,15:20:00.294000,10552,10553,10552,1
2019-06-25,15:20:00.317000,10552,10553,10552,1
2019-06-25,15:20:00.317000,10552,10553,10552,2
2019-06-25,15:20:00.424000,10552,10553,10552,1
2019-06-25,15:20:00.424000,10552,10553,10552,2
2019-06-25,15:20:05.329000,10551,10552,10551,2
2019-06-25,15:20:17.947000,10551,10553,10551,3
2019-06-25,15:20:18.545000,10551,10552,10552,1
2019-06-25,15:20:19.749000,10551,10552,10552,6
2019-06-25,15:20:27.361000,10551,10552,10552,1
2019-06-25,15:20:30.012000,10551,10552,10552,1
2019-06-25,15:20:30.066000,10551,10552,10552,7
2019-06-25,15:20:31.367000,10552,10553,10552,2
2019-06-25,15:20:34.857000,10552,10553,10552,1
2019-06-25,15:20:35.617000,10552,10553,10552,1
2019-06-25,15:20:36.202000,10552,10553,10552,1
2019-06-25,15:20:44.877000,10552,10553,10552,1
2019-06-25,15:20:46.800000,10552,10553,10552,1
2019-06-25,15:20:47.316000,10552,10553,10552,1
2019-06-25,15:20:47.339000,10552,10553,10552,1
2019-06-25,15:20:47.340000,10552,10553,10552,1
2019-06-25,15:20:54.127000,10551,10552,10552,2
2019-06-25,15:21:00.423000,10551,10552,10552,3
2019-06-25,15:21:08.759000,10552,10553,10552,2
2019-06-25,15:21:11.403000,10552,10553,10552,2
2019-06-25,15:21:14.174000,10551,10553,10553,1
2019-06-25,15:21:14.988000,10552,10553,10552,1
2019-06-25,15:21:21.830000,10552,10553,10552,2
2019-06-25,15:21:21.926000,10552,10553,10553,1
2019-06-25,15:21:39.367000,10552,10553,10553,2
2019-06-25,15:21:43.889000,10552,10553,10553,1
2019-06-25,15:22:22.485000,10552,10553,10553,1
2019-06-25,15:22:34.115000,10552,10553,10552,2
2019-06-25,15:22:53.898000,10552,10553,10552,2
2019-06-25,15:22:54.949000,10552,10553,10552,1
2019-06-25,15:22:55.682000,10552,10553,10552,1
2019-06-25,15:22:57.470000,10552,10553,10552,1
2019-06-25,15:22:58.514000,10552,10553,10552,1
2019-06-25,15:23:07.416000,10552,10553,10552,1
2019-06-25,15:23:21.174000,10552,10553,10552,1
2019-06-25,15:23:24.328000,10552,10553,10552,1
2019-06-25,15:23:43.355000,10552,10553,10552,6
2019-06-25,15:23:49.571000,10551,10552,10551,2
2019-06-25,15:23:50.028000,10551,10552,10551,8
2019-06-25,15:23:51.163000,10550,10551,10551,3
2019-06-25,15:23:59.369000,10550,10551,10551,1
2019-06-25,15:24:18.823000,10550,10551,10551,1
2019-06-25,15:24:18.823000,10550,10551,10551,1
2019-06-25,15:24:18.824000,10550,10551,10551,1
2019-06-25,15:24:18.824000,10550,10551,10551,1
2019-06-25,15:24:18.941000,10550,10551,10551,12
2019-06-25,15:24:18.971000,10550,10551,10551,1
2019-06-25,15:24:18.971000,10550,10551,10551,1
2019-06-25,15:24:19.017000,10550,10551,10551,1
2019-06-25,15:24:19.020000,10550,10551,10551,1
2019-06-25,15:24:19.734000,10551,10552,10551,1
2019-06-25,15:24:20.082000,10551,10552,10551,1
2019-06-25,15:24:38.156000,10551,10552,10551,1
2019-06-25,15:24:45.183000,10551,10552,10551,1
2019-06-25,15:24:48.706000,10551,10552,10551,1
2019-06-25,15:24:51.392000,10551,10552,10551,1
2019-06-25,15:25:02.421000,10551,10552,10551,8
2019-06-25,15:25:08.362000,10551,10552,10551,1
2019-06-25,15:25:22.383000,10551,10552,10551,2
2019-06-25,15:25:33.228000,10551,10552,10551,1
2019-06-25,15:25:39.191000,10551,10552,10552,11
2019-06-25,15:26:01.566000,10552,10553,10553,5
2019-06-25,15:26:01.963000,10552,10553,10553,13
2019-06-25,15:26:01.975000,10552,10553,10552,1
2019-06-25,15:26:01.981000,10552,10553,10552,1
2019-06-25,15:26:02.678000,10553,10554,10553,1
2019-06-25,15:26:44.581000,10553,10554,10554,1
2019-06-25,15:26:44.581000,10553,10554,10554,1
2019-06-25,15:26:44.650000,10553,10554,10554,10
2019-06-25,15:26:50.212000,10554,10555,10554,2
2019-06-25,15:26:56.508000,10554,10555,10554,1
2019-06-25,15:26:58.820000,10554,10555,10554,1
2019-06-25,15:27:08.704000,10554,10555,10554,2
2019-06-25,15:27:13.354000,10554,10555,10554,1
2019-06-25,15:27:32.966000,10554,10555,10554,1
2019-06-25,15:27:34.030000,10554,10555,10554,1
2019-06-25,15:27:34.031000,10554,10555,10554,5
2019-06-25,15:27:36.705000,10553,10554,10553,4
2019-06-25,15:27:36.706000,10553,10554,10553,2
2019-06-25,15:28:03.016000,10552,10553,10552,1
2019-06-25,15:28:03.066000,10552,10553,10552,1
2019-06-25,15:28:25.462000,10552,10553,10553,5
2019-06-25,15:28:26.676000,10552,10553,10553,1
2019-06-25,15:28:27.473000,10552,10553,10553,1
2019-06-25,15:28:34.934000,10553,10554,10554,1
2019-06-25,15:28:45.004000,10553,10554,10553,3
2019-06-25,15:28:56.461000,10553,10554,10553,1
2019-06-25,15:29:01.855000,10552,10554,10552,1
2019-06-25,15:29:05.749000,10553,10554,10553,1
2019-06-25,15:29:13.983000,10552,10553,10552,9
2019-06-25,15:29:18.340000,10551,10552,10552,2
2019-06-25,15:29:30.990000,10551,10552,10551,2
2019-06-25,15:29:41.512000,10551,10552,10551,1
2019-06-25,15:29:49.910000,10551,10552,10551,1
2019-06-25,15:29:51.751000,10551,10552,10551,1
2019-06-25,15:29:51.816000,10551,10552,10551,4
2019-06-25,15:29:55.673000,10550,10551,10550,2
2019-06-25,15:29:55.762000,10550,10551,10550,1
2019-06-25,15:29:56.051000,10550,10551,10551,1
2019-06-25,15:30:12.627000,10551,10552,10551,1
2019-06-25,15:30:13.816000,10551,10552,10552,1
2019-06-25,15:30:20.973000,10552,10553,10552,1
2019-06-25,15:30:26.678000,10552,10553,10552,1
2019-06-25,15:30:32.965000,10552,10553,10552,1
2019-06-25,15:30:34.171000,10551,10552,10552,1
2019-06-25,15:30:34.171000,10551,10552,10553,4
2019-06-25,15:30:43.474000,10551,10552,10552,1
2019-06-25,15:30:45.901000,10551,10552,10552,1
2019-06-25,15:31:04.184000,10551,10552,10552,1
2019-06-25,15:31:07.754000,10551,10552,10552,1
2019-06-25,15:31:09.494000,10551,10552,10551,1
2019-06-25,15:31:49.577000,10551,10552,10552,2
2019-06-25,15:31:50.375000,10551,10552,10552,4
2019-06-25,15:31:54.210000,10552,10553,10553,1
2019-06-25,15:32:00.882000,10552,10553,10552,2
2019-06-25,15:32:29.643000,10552,10553,10553,1
2019-06-25,15:32:29.691000,10552,10553,10553,2
2019-06-25,15:32:29.692000,10552,10553,10553,7
2019-06-25,15:32:38.978000,10553,10554,10553,1
2019-06-25,15:33:01.299000,10552,10553,10553,1
2019-06-25,15:33:01.300000,10552,10553,10553,1
2019-06-25,15:33:01.316000,10552,10553,10553,2
2019-06-25,15:33:11.736000,10552,10553,10553,2
2019-06-25,15:33:11.816000,10553,10554,10553,1
2019-06-25,15:33:11.941000,10553,10554,10553,1
2019-06-25,15:33:18.841000,10552,10553,10553,1
2019-06-25,15:33:27.063000,10552,10553,10553,1
2019-06-25,15:33:27.064000,10552,10553,10553,1
2019-06-25,15:33:34.502000,10552,10554,10552,1
2019-06-25,15:34:03.733000,10552,10554,10552,6
2019-06-25,15:34:17.502000,10552,10553,10553,6
2019-06-25,15:34:22.345000,10553,10554,10553,1
2019-06-25,15:34:30.442000,10553,10554,10553,3
2019-06-25,15:35:05.939000,10552,10553,10552,1
2019-06-25,15:35:12.878000,10552,10553,10552,1
2019-06-25,15:35:16.860000,10552,10553,10552,5
2019-06-25,15:35:16.941000,10552,10553,10552,3
2019-06-25,15:35:29.936000,10551,10552,10551,1
2019-06-25,15:35:30.157000,10551,10552,10551,1
2019-06-25,15:35:30.345000,10551,10552,10551,1
2019-06-25,15:36:07.314000,10552,10553,10552,1
2019-06-25,15:36:21.055000,10552,10553,10553,3
2019-06-25,15:36:29.787000,10552,10553,10552,1
2019-06-25,15:36:37.947000,10552,10553,10552,1
2019-06-25,15:36:50.711000,10552,10553,10552,1
2019-06-25,15:36:52.715000,10552,10553,10552,1
2019-06-25,15:37:12.709000,10552,10553,10552,1
2019-06-25,15:37:14.035000,10552,10553,10552,2
2019-06-25,15:37:14.966000,10552,10553,10552,8
2019-06-25,15:37:20.660000,10552,10553,10552,1
2019-06-25,15:37:23.007000,10552,10553,10552,1
2019-06-25,15:37:32.959000,10552,10553,10552,2
2019-06-25,15:37:33.066000,10552,10553,10552,2
2019-06-25,15:38:05.209000,10551,10552,10551,1
2019-06-25,15:38:07.585000,10551,10552,10551,1
2019-06-25,15:38:08.400000,10551,10552,10551,2
2019-06-25,15:38:17.855000,10551,10552,10551,2
2019-06-25,15:38:20.415000,10551,10552,10551,2
2019-06-25,15:38:26.561000,10551,10552,10551,2
2019-06-25,15:38:30.282000,10551,10552,10551,3
2019-06-25,15:38:30.872000,10550,10552,10550,1
2019-06-25,15:38:44.960000,10550,10551,10551,1
2019-06-25,15:38:49.691000,10550,10552,10550,1
2019-06-25,15:39:07.484000,10550,10551,10550,4
2019-06-25,15:39:17.899000,10550,10551,10550,2
2019-06-25,15:39:37.609000,10550,10551,10550,1
2019-06-25,15:39:48.483000,10550,10551,10551,2
2019-06-25,15:39:56.216000,10550,10551,10551,2
2019-06-25,15:39:59.072000,10550,10551,10551,2
2019-06-25,15:40:14.599000,10550,10551,10550,1
2019-06-25,15:40:26.091000,10550,10551,10551,2
2019-06-25,15:40:33.799000,10550,10551,10551,2
2019-06-25,15:40:49.824000,10550,10551,10551,1
2019-06-25,15:41:01.224000,10550,10551,10551,2
2019-06-25,15:41:07.747000,10550,10551,10551,1
2019-06-25,15:41:22.160000,10551,10552,10551,1
2019-06-25,15:41:26.294000,10551,10552,10551,1
2019-06-25,15:41:38.061000,10551,10552,10551,1
2019-06-25,15:41:44.414000,10551,10552,10551,1
2019-06-25,15:41:53.816000,10551,10552,10551,4
2019-06-25,15:42:01.809000,10550,10551,10551,1
2019-06-25,15:42:03.529000,10550,10551,10551,1
2019-06-25,15:42:58.089000,10550,10551,10551,1
2019-06-25,15:43:24.133000,10550,10551,10551,1
2019-06-25,15:43:24.171000,10550,10551,10551,1
2019-06-25,15:43:40.752000,10550,10551,10551,1
2019-06-25,15:43:41.453000,10550,10551,10551,1
2019-06-25,15:43:42.194000,10550,10551,10551,3
2019-06-25,15:43:42.316000,10550,10551,10551,1
2019-06-25,15:44:05.658000,10550,10551,10551,1
2019-06-25,15:44:05.919000,10550,10551,10551,1
2019-06-25,15:44:20.981000,10550,10551,10551,1
2019-06-25,15:44:26.446000,10550,10551,10551,4
2019-06-25,15:44:26.630000,10550,10551,10551,3
2019-06-25,15:44:34.899000,10551,10552,10551,3
2019-06-25,15:44:40.914000,10550,10551,10551,1
2019-06-25,15:45:02.736000,10550,10551,10551,1
2019-06-25,15:45:08.370000,10550,10551,10550,1
2019-06-25,15:45:08.404000,10550,10551,10550,1
2019-06-25,15:45:08.411000,10550,10551,10550,1
2019-06-25,15:45:08.441000,10550,10551,10550,19
2019-06-25,15:45:08.566000,10550,10551,10550,5
2019-06-25,15:45:12.996000,10549,10550,10550,1
2019-06-25,15:46:35.318000,10549,10550,10550,4
2019-06-25,15:46:35.876000,10549,10550,10550,1
2019-06-25,15:47:02.101000,10549,10550,10550,1
2019-06-25,15:47:05.387000,10549,10550,10550,1
2019-06-25,15:47:06.735000,10549,10550,10550,2
2019-06-25,15:47:18.104000,10549,10550,10550,10
2019-06-25,15:47:18.794000,10549,10550,10550,1
2019-06-25,15:47:18.968000,10549,10550,10550,2
2019-06-25,15:47:24.392000,10549,10550,10550,1
2019-06-25,15:47:27.013000,10549,10550,10550,1
2019-06-25,15:47:29.711000,10549,10550,10550,1
2019-06-25,15:47:34.448000,10549,10550,10550,1
2019-06-25,15:47:37.711000,10549,10550,10550,1
2019-06-25,15:47:38.619000,10549,10550,10550,2
2019-06-25,15:47:39.409000,10550,10551,10550,1
2019-06-25,15:47:43.398000,10549,10551,10550,1
2019-06-25,15:47:43.400000,10549,10551,10550,1
2019-06-25,15:47:43.400000,10549,10551,10550,1
2019-06-25,15:47:56.991000,10549,10550,10550,1
2019-06-25,15:48:05.449000,10549,10550,10550,1
2019-06-25,15:48:06.276000,10549,10550,10550,1
2019-06-25,15:48:19.438000,10549,10550,10550,3
2019-06-25,15:48:38.637000,10549,10550,10550,1
2019-06-25,15:49:05.752000,10549,10550,10550,1
2019-06-25,15:49:06.278000,10549,10550,10550,1
2019-06-25,15:49:12.206000,10549,10550,10550,1
2019-06-25,15:49:17.304000,10549,10550,10549,1
2019-06-25,15:49:17.348000,10549,10550,10549,1
2019-06-25,15:49:17.439000,10549,10550,10549,2
2019-06-25,15:49:17.639000,10549,10550,10550,2
2019-06-25,15:49:18.196000,10549,10550,10549,1
2019-06-25,15:49:27.051000,10549,10550,10549,2
2019-06-25,15:49:27.620000,10549,10550,10550,1
2019-06-25,15:49:29.837000,10549,10550,10550,1
2019-06-25,15:49:33.527000,10549,10550,10549,1
2019-06-25,15:49:40.456000,10549,10550,10550,1
2019-06-25,15:50:10.490000,10549,10550,10550,3
2019-06-25,15:50:22.378000,10549,10550,10549,4
2019-06-25,15:50:23.195000,10549,10550,10549,5
2019-06-25,15:50:28.916000,10549,10550,10549,5
2019-06-25,15:50:34.194000,10549,10550,10549,1
2019-06-25,15:50:38.163000,10549,10550,10549,1
2019-06-25,15:50:41.801000,10549,10550,10549,2
2019-06-25,15:50:44.175000,10549,10550,10549,1
2019-06-25,15:50:52.092000,10549,10550,10549,1
2019-06-25,15:50:52.655000,10549,10550,10549,1
2019-06-25,15:50:52.661000,10549,10550,10549,5
2019-06-25,15:50:53.619000,10548,10549,10548,1
2019-06-25,15:50:53.731000,10548,10549,10548,1
2019-06-25,15:51:01.250000,10548,10550,10548,1
2019-06-25,15:51:04.102000,10548,10549,10549,1
2019-06-25,15:51:19.007000,10548,10549,10549,3
2019-06-25,15:51:20.807000,10548,10549,10549,2
2019-06-25,15:51:52.584000,10549,10550,10549,1
2019-06-25,15:51:59.655000,10548,10549,10548,1
2019-06-25,15:52:00.348000,10548,10549,10548,1
2019-06-25,15:52:01.370000,10548,10549,10549,2
2019-06-25,15:52:02.019000,10548,10549,10548,1
2019-06-25,15:52:05.167000,10548,10549,10548,2
2019-06-25,15:52:10.687000,10548,10549,10548,1
2019-06-25,15:52:14.774000,10548,10549,10548,1
2019-06-25,15:52:17.079000,10548,10549,10548,1
2019-06-25,15:52:22.875000,10548,10549,10548,1
2019-06-25,15:52:23.302000,10548,10549,10548,1
2019-06-25,15:52:23.710000,10548,10549,10549,1
2019-06-25,15:52:24.750000,10548,10549,10548,2
2019-06-25,15:52:34.086000,10548,10549,10548,1
2019-06-25,15:52:34.191000,10548,10549,10548,2
2019-06-25,15:52:34.192000,10548,10549,10548,2
2019-06-25,15:52:34.192000,10548,10549,10548,7
2019-06-25,15:52:36.234000,10547,10548,10548,1
2019-06-25,15:52:56.252000,10547,10548,10548,2
2019-06-25,15:52:57.344000,10547,10548,10548,2
2019-06-25,15:52:57.344000,10547,10548,10548,1
2019-06-25,15:52:57.344000,10547,10548,10548,1
2019-06-25,15:53:03.762000,10547,10548,10548,1
2019-06-25,15:53:06.412000,10547,10548,10548,1
2019-06-25,15:53:35.033000,10547,10548,10548,3
2019-06-25,15:53:40.611000,10547,10548,10548,1
2019-06-25,15:53:57.826000,10547,10548,10548,7
2019-06-25,15:53:57.826000,10547,10548,10548,8
2019-06-25,15:53:57.864000,10547,10548,10548,4
2019-06-25,15:53:57.941000,10547,10548,10548,2
2019-06-25,15:53:57.941000,10547,10548,10548,12
2019-06-25,15:54:11.157000,10548,10549,10548,1
2019-06-25,15:54:20.885000,10548,10549,10548,6
2019-06-25,15:54:23.327000,10548,10549,10548,1
2019-06-25,15:54:23.633000,10548,10549,10548,1
2019-06-25,15:54:24.055000,10547,10548,10548,1
2019-06-25,15:54:24.363000,10547,10548,10547,2
2019-06-25,15:54:24.485000,10547,10548,10547,1
2019-06-25,15:54:42.508000,10547,10548,10547,1
2019-06-25,15:54:53.529000,10547,10548,10548,1
2019-06-25,15:55:04.011000,10547,10548,10547,1
2019-06-25,15:55:05.239000,10547,10548,10548,1
2019-06-25,15:55:10.774000,10547,10548,10548,2
2019-06-25,15:55:11.328000,10547,10548,10547,1
2019-06-25,15:55:18.316000,10547,10548,10547,1
2019-06-25,15:55:18.598000,10547,10548,10548,5
2019-06-25,15:55:20.316000,10547,10548,10548,2
2019-06-25,15:55:28.144000,10547,10548,10548,1
2019-06-25,15:55:37.835000,10547,10548,10548,1
2019-06-25,15:55:38.076000,10547,10548,10547,2
2019-06-25,15:55:52.691000,10547,10548,10548,2
2019-06-25,15:55:53.478000,10548,10549,10548,2
2019-06-25,15:55:53.591000,10548,10549,10548,1
2019-06-25,15:55:53.809000,10548,10549,10548,1
2019-06-25,15:55:57.413000,10548,10549,10548,1
2019-06-25,15:56:09.850000,10548,10549,10548,1
2019-06-25,15:56:16.135000,10548,10549,10548,1
2019-06-25,15:56:21.301000,10547,10548,10548,1
2019-06-25,15:56:48.676000,10548,10549,10548,1
2019-06-25,15:56:48.676000,10548,10549,10548,1
2019-06-25,15:56:48.677000,10548,10549,10548,1
2019-06-25,15:56:48.678000,10548,10549,10548,1
2019-06-25,15:57:03.101000,10547,10548,10548,3
2019-06-25,15:57:06.002000,10548,10549,10548,1
2019-06-25,15:57:28.813000,10548,10549,10548,3
2019-06-25,15:57:39.515000,10548,10549,10548,1
2019-06-25,15:58:02.183000,10548,10549,10549,3
2019-06-25,15:58:11.437000,10548,10549,10549,2
2019-06-25,15:58:24.462000,10548,10549,10549,1
2019-06-25,15:58:35.441000,10548,10549,10549,7
2019-06-25,15:58:47.455000,10549,10550,10550,1
2019-06-25,15:59:05.672000,10549,10550,10549,1
2019-06-25,15:59:18.941000,10549,10550,10549,3
2019-06-25,15:59:18.984000,10549,10550,10549,1
2019-06-25,15:59:19.066000,10549,10550,10549,1
2019-06-25,15:59:49.572000,10548,10549,10548,3
2019-06-25,16:00:01.107000,10548,10549,10549,6
2019-06-25,16:00:01.559000,10549,10550,10550,2
2019-06-25,16:00:01.632000,10549,10550,10549,4
2019-06-25,16:00:01.655000,10549,10550,10550,1
2019-06-25,16:00:01.839000,10549,10550,10550,1
2019-06-25,16:00:01.841000,10549,10550,10550,3
2019-06-25,16:00:01.912000,10549,10550,10550,1
2019-06-25,16:00:02.127000,10549,10550,10550,1
2019-06-25,16:00:02.151000,10549,10550,10550,1
2019-06-25,16:00:02.430000,10549,10550,10550,3
2019-06-25,16:00:03.430000,10549,10550,10550,1
2019-06-25,16:00:09.802000,10549,10550,10549,1
2019-06-25,16:00:25.555000,10549,10550,10549,1
2019-06-25,16:00:25.900000,10549,10550,10549,1
2019-06-25,16:00:26.207000,10549,10550,10549,1
2019-06-25,16:00:26.441000,10549,10550,10549,2
2019-06-25,16:00:27.145000,10549,10550,10549,1
2019-06-25,16:00:27.146000,10549,10550,10549,1
2019-06-25,16:00:37.581000,10548,10549,10549,1
2019-06-25,16:00:51.914000,10549,10550,10549,1
2019-06-25,16:00:55.042000,10549,10550,10549,1
2019-06-25,16:01:07.740000,10549,10550,10549,1
2019-06-25,16:01:35.867000,10549,10550,10549,2
2019-06-25,16:01:45.035000,10549,10550,10549,6
2019-06-25,16:02:16.522000,10548,10550,10548,1
2019-06-25,16:02:23.954000,10549,10550,10549,1
2019-06-25,16:02:28.692000,10549,10550,10549,1
2019-06-25,16:03:02.832000,10549,10550,10550,1
2019-06-25,16:03:25.795000,10549,10550,10550,1
2019-06-25,16:04:03.703000,10549,10550,10550,2
2019-06-25,16:04:29.395000,10549,10550,10550,1
2019-06-25,16:04:41.437000,10549,10550,10550,2
2019-06-25,16:04:56.022000,10549,10550,10549,1
2019-06-25,16:05:23.845000,10549,10550,10549,2
2019-06-25,16:05:33.250000,10549,10550,10550,1
2019-06-25,16:05:40.229000,10549,10550,10550,1
2019-06-25,16:05:55.218000,10549,10550,10550,1
2019-06-25,16:06:03.111000,10549,10550,10550,2
2019-06-25,16:06:06.319000,10549,10550,10549,1
2019-06-25,16:06:40.986000,10549,10550,10550,4
2019-06-25,16:06:40.987000,10549,10550,10550,9
2019-06-25,16:06:40.987000,10549,10550,10550,2
2019-06-25,16:06:40.987000,10549,10550,10550,4
2019-06-25,16:06:41.066000,10549,10550,10550,3
2019-06-25,16:07:02.216000,10550,10551,10551,8
2019-06-25,16:07:10.041000,10550,10551,10550,1
2019-06-25,16:07:38.276000,10550,10551,10551,1
2019-06-25,16:07:41.264000,10550,10551,10550,1
2019-06-25,16:08:02.356000,10550,10551,10551,1
2019-06-25,16:08:11.182000,10550,10551,10551,2
2019-06-25,16:08:31.520000,10550,10551,10551,1
2019-06-25,16:08:37.674000,10550,10551,10551,1
2019-06-25,16:08:43.192000,10550,10551,10550,8
2019-06-25,16:08:43.193000,10550,10551,10550,2
2019-06-25,16:08:43.193000,10550,10551,10550,2
2019-06-25,16:08:53.135000,10549,10550,10550,1
2019-06-25,16:08:53.135000,10549,10550,10551,3
2019-06-25,16:08:55.919000,10549,10551,10551,2
2019-06-25,16:09:02.430000,10550,10551,10551,1
2019-06-25,16:09:20.147000,10550,10551,10550,1
2019-06-25,16:10:09.356000,10550,10551,10551,3
2019-06-25,16:10:09.398000,10550,10551,10550,1
2019-06-25,16:10:09.441000,10550,10551,10551,8
2019-06-25,16:10:09.441000,10550,10551,10551,1
2019-06-25,16:10:09.566000,10550,10551,10551,5
2019-06-25,16:10:11.900000,10551,10552,10551,1
2019-06-25,16:10:14.257000,10550,10552,10550,2
2019-06-25,16:10:14.322000,10550,10552,10550,1
2019-06-25,16:10:22.552000,10550,10551,10550,2
2019-06-25,16:10:23.320000,10550,10551,10550,2
2019-06-25,16:10:23.607000,10550,10551,10550,1
2019-06-25,16:10:27.370000,10550,10551,10550,5
2019-06-25,16:10:28.447000,10550,10551,10550,3
2019-06-25,16:10:28.618000,10550,10551,10550,1
2019-06-25,16:10:28.646000,10550,10551,10550,1
2019-06-25,16:10:29.229000,10550,10551,10550,1
2019-06-25,16:10:30.273000,10549,10551,10549,1
2019-06-25,16:10:30.598000,10549,10551,10549,2
2019-06-25,16:10:30.853000,10549,10551,10549,2
2019-06-25,16:10:30.862000,10549,10551,10549,2
2019-06-25,16:10:31.555000,10549,10551,10549,3
2019-06-25,16:10:31.808000,10549,10550,10549,3
2019-06-25,16:10:32.303000,10549,10550,10549,1
2019-06-25,16:10:32.481000,10549,10550,10549,1
2019-06-25,16:10:33.066000,10549,10550,10549,1
2019-06-25,16:10:33.316000,10549,10550,10549,2
2019-06-25,16:10:36.817000,10549,10550,10550,1
2019-06-25,16:10:52.835000,10549,10550,10549,3
2019-06-25,16:10:52.835000,10549,10550,10549,2
2019-06-25,16:10:55.727000,10548,10550,10548,1
2019-06-25,16:11:08.896000,10549,10550,10549,1
2019-06-25,16:11:27.165000,10549,10550,10550,1
2019-06-25,16:11:35.148000,10549,10550,10549,4
2019-06-25,16:12:02.754000,10548,10549,10549,3
2019-06-25,16:12:20.520000,10548,10549,10548,10
2019-06-25,16:12:20.566000,10548,10549,10548,31
2019-06-25,16:12:20.691000,10548,10549,10548,1
2019-06-25,16:12:33.141000,10547,10548,10548,1
2019-06-25,16:12:36.364000,10547,10548,10547,1
2019-06-25,16:12:43.326000,10547,10548,10547,16
2019-06-25,16:12:43.886000,10547,10548,10548,1
2019-06-25,16:12:49.962000,10547,10548,10547,1
2019-06-25,16:12:52.297000,10547,10548,10547,6
2019-06-25,16:12:52.810000,10546,10547,10547,1
2019-06-25,16:12:55.364000,10546,10547,10547,1
2019-06-25,16:12:58.141000,10546,10547,10547,1
2019-06-25,16:13:00.392000,10546,10547,10547,1
2019-06-25,16:13:02.908000,10546,10547,10547,1
2019-06-25,16:13:05.993000,10546,10547,10547,2
2019-06-25,16:13:11.838000,10546,10547,10547,1
2019-06-25,16:13:14.862000,10546,10547,10547,1
2019-06-25,16:13:50.015000,10547,10548,10547,1
2019-06-25,16:13:52.852000,10547,10548,10547,1
2019-06-25,16:13:56.354000,10547,10548,10547,3
2019-06-25,16:14:04.891000,10546,10547,10546,2
2019-06-25,16:14:05.005000,10546,10547,10546,2
2019-06-25,16:14:05.165000,10546,10547,10547,2
2019-06-25,16:14:19.676000,10546,10547,10546,1
2019-06-25,16:14:33.051000,10546,10547,10547,1
2019-06-25,16:14:38.941000,10546,10547,10547,2
2019-06-25,16:14:51.021000,10546,10548,10546,1
2019-06-25,16:14:57.965000,10546,10547,10547,1
2019-06-25,16:15:04.999000,10546,10547,10547,1
2019-06-25,16:15:09.239000,10546,10547,10547,1
2019-06-25,16:15:09.316000,10546,10547,10547,1
2019-06-25,16:15:13.107000,10547,10548,10547,2
2019-06-25,16:15:20.663000,10546,10547,10547,4
2019-06-25,16:15:41.678000,10547,10548,10547,1
2019-06-25,16:15:51.808000,10547,10548,10547,1
2019-06-25,16:15:54.097000,10547,10548,10547,1
2019-06-25,16:16:14.342000,10547,10548,10547,2
2019-06-25,16:16:15.445000,10547,10548,10547,1
2019-06-25,16:16:17.205000,10547,10548,10547,1
2019-06-25,16:16:20.775000,10547,10548,10547,5
2019-06-25,16:16:28.556000,10546,10547,10546,1
2019-06-25,16:16:50.951000,10546,10547,10546,1
2019-06-25,16:16:54.138000,10546,10547,10546,2
2019-06-25,16:16:57.153000,10546,10547,10546,1
2019-06-25,16:17:01.616000,10546,10547,10546,1
2019-06-25,16:17:05.029000,10546,10547,10546,1
2019-06-25,16:17:05.029000,10546,10547,10546,1
2019-06-25,16:17:05.029000,10546,10547,10546,2
2019-06-25,16:17:05.030000,10546,10547,10546,1
2019-06-25,16:17:05.030000,10546,10547,10546,2
2019-06-25,16:17:05.030000,10546,10547,10546,1
2019-06-25,16:17:05.030000,10546,10547,10546,1
2019-06-25,16:17:05.030000,10546,10547,10546,1
2019-06-25,16:17:05.030000,10546,10547,10546,1
2019-06-25,16:17:05.030000,10546,10547,10546,1
2019-06-25,16:17:05.030000,10546,10547,10546,1
2019-06-25,16:17:05.030000,10546,10547,10546,2
2019-06-25,16:17:05.030000,10546,10547,10546,1
2019-06-25,16:17:37.338000,10545,10546,10546,2
2019-06-25,16:17:45.949000,10545,10546,10546,2
2019-06-25,16:17:48.191000,10545,10546,10545,1
2019-06-25,16:17:48.201000,10545,10546,10545,2
2019-06-25,16:17:48.201000,10545,10546,10545,1
2019-06-25,16:17:48.201000,10545,10546,10545,16
2019-06-25,16:17:48.201000,10545,10546,10545,1
2019-06-25,16:17:48.201000,10545,10546,10545,1
2019-06-25,16:17:48.201000,10545,10546,10545,1
2019-06-25,16:17:48.201000,10545,10546,10545,2
2019-06-25,16:17:48.201000,10545,10546,10545,1
2019-06-25,16:17:48.201000,10545,10546,10545,1
2019-06-25,16:17:48.202000,10545,10546,10545,1
2019-06-25,16:17:48.202000,10545,10546,10545,1
2019-06-25,16:17:48.331000,10544,10545,10544,1
2019-06-25,16:17:48.340000,10544,10545,10544,1
2019-06-25,16:17:48.499000,10544,10545,10544,1
2019-06-25,16:17:48.634000,10544,10545,10544,1
2019-06-25,16:17:48.772000,10544,10545,10544,3
2019-06-25,16:17:49.002000,10544,10545,10544,2
2019-06-25,16:17:50.663000,10544,10545,10544,2
2019-06-25,16:18:02.631000,10544,10545,10544,2
2019-06-25,16:18:05.806000,10544,10545,10544,5
2019-06-25,16:18:06.185000,10544,10545,10544,5
2019-06-25,16:18:06.646000,10543,10544,10543,4
2019-06-25,16:18:06.809000,10543,10544,10543,3
2019-06-25,16:18:06.884000,10543,10544,10544,2
2019-06-25,16:18:09.890000,10543,10544,10544,2
2019-06-25,16:18:12.531000,10544,10545,10544,2
2019-06-25,16:18:12.962000,10544,10545,10544,1
2019-06-25,16:18:17.147000,10544,10545,10544,1
2019-06-25,16:18:18.262000,10544,10545,10544,10
2019-06-25,16:18:19.485000,10544,10545,10544,5
2019-06-25,16:18:22.649000,10544,10545,10544,2
2019-06-25,16:18:26.743000,10544,10545,10544,1
2019-06-25,16:18:27.674000,10544,10545,10544,1
2019-06-25,16:18:33.720000,10544,10545,10544,1
2019-06-25,16:18:38.223000,10544,10545,10544,4
2019-06-25,16:18:43.693000,10544,10545,10544,1
2019-06-25,16:18:45.287000,10544,10545,10545,1
2019-06-25,16:18:46.086000,10544,10545,10544,1
2019-06-25,16:18:48.910000,10544,10545,10544,1
2019-06-25,16:18:54.066000,10544,10545,10545,5
2019-06-25,16:18:58.694000,10545,10546,10545,1
2019-06-25,16:19:02.649000,10545,10546,10546,1
2019-06-25,16:19:07.101000,10545,10546,10546,1
2019-06-25,16:19:07.233000,10545,10546,10546,1
2019-06-25,16:19:07.233000,10545,10546,10546,1
2019-06-25,16:19:07.233000,10545,10546,10546,1
2019-06-25,16:19:07.316000,10545,10546,10546,2
2019-06-25,16:19:36.498000,10546,10547,10546,2
2019-06-25,16:19:47.183000,10546,10547,10546,1
2019-06-25,16:20:06.884000,10545,10546,10546,2
2019-06-25,16:20:15.495000,10545,10546,10545,1
2019-06-25,16:20:15.566000,10545,10546,10545,1
2019-06-25,16:20:15.637000,10545,10546,10545,1
2019-06-25,16:20:28.701000,10544,10545,10545,1
2019-06-25,16:20:34.179000,10544,10545,10544,2
2019-06-25,16:20:35.980000,10544,10545,10544,1
2019-06-25,16:20:36.190000,10544,10545,10544,1
2019-06-25,16:20:38.805000,10544,10545,10545,5
2019-06-25,16:20:38.854000,10544,10545,10544,1
2019-06-25,16:20:45.297000,10544,10545,10544,1
2019-06-25,16:20:47.548000,10544,10545,10544,1
2019-06-25,16:20:51.415000,10544,10545,10544,1
2019-06-25,16:21:00.790000,10544,10545,10544,1
2019-06-25,16:21:01.138000,10544,10545,10545,1
2019-06-25,16:21:01.608000,10544,10545,10545,3
2019-06-25,16:21:03.138000,10545,10546,10545,1
2019-06-25,16:21:10.638000,10545,10546,10545,1
2019-06-25,16:21:25.170000,10545,10546,10546,1
2019-06-25,16:21:25.172000,10545,10546,10546,6
2019-06-25,16:21:25.948000,10546,10547,10546,1
2019-06-25,16:21:33.242000,10546,10547,10546,1
2019-06-25,16:21:34.502000,10546,10547,10546,2
2019-06-25,16:21:36.725000,10546,10547,10547,2
2019-06-25,16:21:36.725000,10546,10547,10547,5
2019-06-25,16:21:43.321000,10547,10548,10548,3
2019-06-25,16:21:43.322000,10547,10548,10548,7
2019-06-25,16:21:48.065000,10548,10549,10548,1
2019-06-25,16:21:53.702000,10547,10548,10548,1
2019-06-25,16:22:00.237000,10547,10548,10548,2
2019-06-25,16:22:14.679000,10547,10548,10548,2
2019-06-25,16:22:32.838000,10547,10548,10548,1
2019-06-25,16:22:39.976000,10547,10548,10548,1
2019-06-25,16:22:52.151000,10547,10548,10548,1
2019-06-25,16:22:56.567000,10547,10548,10547,1
2019-06-25,16:23:19.103000,10547,10548,10547,1
2019-06-25,16:23:32.752000,10547,10548,10548,1
2019-06-25,16:24:22.841000,10547,10548,10547,1
2019-06-25,16:25:24.439000,10547,10548,10548,1
2019-06-25,16:25:35.736000,10547,10548,10547,1
2019-06-25,16:25:46.944000,10547,10548,10548,2
2019-06-25,16:25:46.945000,10547,10548,10548,2
2019-06-25,16:25:46.945000,10547,10548,10548,3
2019-06-25,16:25:46.945000,10547,10548,10548,1
2019-06-25,16:25:46.946000,10547,10548,10548,6
2019-06-25,16:25:46.992000,10547,10548,10547,1
2019-06-25,16:25:47.066000,10547,10548,10548,1
2019-06-25,16:25:50.138000,10548,10549,10548,5
2019-06-25,16:27:37.644000,10548,10549,10548,1
2019-06-25,16:28:43.529000,10548,10549,10549,1
2019-06-25,16:29:00.886000,10548,10549,10548,1
2019-06-25,16:29:01.145000,10548,10549,10549,3
2019-06-25,16:29:09.840000,10548,10549,10548,4
2019-06-25,16:29:18.037000,10548,10549,10549,1
2019-06-25,16:29:24.786000,10548,10549,10548,3
2019-06-25,16:29:38.202000,10548,10549,10548,1
2019-06-25,16:30:00.034000,10548,10549,10548,2
2019-06-25,16:30:28.586000,10548,10549,10549,1
2019-06-25,16:30:28.697000,10548,10549,10549,1
2019-06-25,16:30:42.526000,10548,10549,10549,1
2019-06-25,16:30:42.552000,10548,10549,10549,1
2019-06-25,16:30:42.566000,10548,10549,10549,6
2019-06-25,16:30:58.168000,10549,10550,10550,2
2019-06-25,16:31:14.797000,10549,10550,10550,1
2019-06-25,16:31:26.347000,10549,10550,10550,1
2019-06-25,16:31:35.210000,10549,10550,10550,9
2019-06-25,16:31:36.362000,10549,10550,10550,1
2019-06-25,16:31:40.613000,10549,10550,10550,2
2019-06-25,16:31:43.021000,10549,10550,10550,1
2019-06-25,16:31:46.525000,10549,10550,10550,1
2019-06-25,16:31:47.247000,10549,10550,10550,2
2019-06-25,16:31:49.823000,10549,10550,10550,2
2019-06-25,16:32:05.839000,10550,10551,10551,2
2019-06-25,16:32:05.985000,10550,10551,10551,1
2019-06-25,16:32:06.119000,10550,10551,10551,1
2019-06-25,16:32:19.615000,10550,10551,10550,5
2019-06-25,16:32:57.739000,10550,10551,10551,1
2019-06-25,16:33:06.773000,10550,10551,10550,1
2019-06-25,16:33:11.195000,10550,10551,10551,1
2019-06-25,16:33:21.666000,10550,10551,10550,2
2019-06-25,16:33:38.013000,10550,10551,10550,2
2019-06-25,16:33:39.455000,10550,10551,10551,1
2019-06-25,16:33:54.463000,10550,10551,10550,1
2019-06-25,16:34:08.719000,10550,10551,10551,1
2019-06-25,16:34:19.976000,10550,10551,10551,1
2019-06-25,16:34:23.446000,10550,10551,10551,10
2019-06-25,16:34:25.276000,10550,10551,10551,16
2019-06-25,16:34:39.137000,10550,10551,10551,2
2019-06-25,16:34:40.894000,10550,10551,10551,2
2019-06-25,16:34:45.762000,10550,10551,10551,1
2019-06-25,16:34:47.943000,10550,10551,10551,2
2019-06-25,16:34:55.984000,10551,10552,10551,1
2019-06-25,16:35:29.271000,10551,10552,10552,2
2019-06-25,16:35:29.316000,10551,10552,10552,1
2019-06-25,16:35:29.318000,10551,10552,10552,2
2019-06-25,16:35:29.441000,10551,10552,10552,9
2019-06-25,16:35:29.443000,10551,10552,10552,24
2019-06-25,16:35:32.768000,10552,10553,10553,2
2019-06-25,16:35:38.869000,10552,10553,10553,2
2019-06-25,16:35:40.006000,10552,10553,10553,1
2019-06-25,16:35:40.235000,10552,10553,10553,13
2019-06-25,16:35:43.137000,10553,10554,10553,1
2019-06-25,16:35:43.794000,10553,10554,10553,1
2019-06-25,16:35:44.065000,10552,10554,10554,2
2019-06-25,16:35:44.280000,10552,10554,10554,1
2019-06-25,16:35:45.898000,10552,10554,10554,1
2019-06-25,16:35:51.192000,10553,10554,10554,1
2019-06-25,16:35:55.790000,10553,10554,10554,2
2019-06-25,16:36:02.427000,10553,10554,10554,10
2019-06-25,16:36:02.622000,10553,10554,10554,10
2019-06-25,16:36:05.011000,10553,10554,10553,2
2019-06-25,16:36:08.787000,10553,10554,10553,21
2019-06-25,16:36:08.816000,10553,10554,10553,1
2019-06-25,16:36:09.297000,10552,10554,10554,3
2019-06-25,16:36:12.290000,10553,10554,10554,1
2019-06-25,16:36:15.867000,10553,10554,10554,2
2019-06-25,16:36:16.978000,10553,10554,10553,1
2019-06-25,16:36:26.549000,10552,10553,10553,1
2019-06-25,16:36:34.660000,10552,10553,10552,10
2019-06-25,16:36:34.691000,10552,10553,10552,2
2019-06-25,16:36:45.529000,10551,10553,10552,1
2019-06-25,16:37:03.431000,10551,10552,10552,1
2019-06-25,16:37:11.318000,10551,10552,10552,1
2019-06-25,16:37:11.318000,10551,10552,10552,1
2019-06-25,16:37:11.444000,10551,10552,10552,16
2019-06-25,16:37:23.762000,10552,10553,10552,1
2019-06-25,16:37:36.399000,10552,10553,10552,4
2019-06-25,16:37:48.764000,10552,10553,10552,1
2019-06-25,16:37:56.057000,10552,10553,10553,3
2019-06-25,16:37:57.936000,10552,10553,10552,1
2019-06-25,16:38:05.627000,10552,10553,10553,1
2019-06-25,16:38:19.058000,10552,10553,10553,1
2019-06-25,16:38:21.673000,10552,10553,10553,2
2019-06-25,16:38:48.085000,10552,10553,10552,1
2019-06-25,16:38:50.572000,10552,10553,10553,2
2019-06-25,16:39:14.877000,10552,10553,10552,1
2019-06-25,16:39:45.271000,10552,10553,10553,10
2019-06-25,16:39:47.876000,10552,10553,10553,6
2019-06-25,16:39:48.716000,10552,10553,10553,5
2019-06-25,16:39:53.464000,10553,10554,10553,1
2019-06-25,16:39:58.934000,10553,10554,10553,1
2019-06-25,16:40:03.565000,10553,10554,10553,1
2019-06-25,16:40:04.033000,10553,10554,10554,12
2019-06-25,16:40:04.371000,10553,10554,10554,5
2019-06-25,16:40:04.371000,10553,10554,10555,7
2019-06-25,16:40:04.554000,10553,10554,10554,1
2019-06-25,16:40:15.612000,10553,10554,10553,1
2019-06-25,16:40:32.107000,10553,10554,10553,1
2019-06-25,16:40:34.654000,10553,10554,10553,1
2019-06-25,16:40:43.078000,10553,10554,10553,1
2019-06-25,16:40:48.539000,10553,10554,10553,1
2019-06-25,16:40:51.797000,10553,10554,10553,1
2019-06-25,16:40:54.244000,10553,10554,10553,1
2019-06-25,16:40:54.245000,10553,10554,10553,1
2019-06-25,16:40:55.938000,10553,10554,10553,2
2019-06-25,16:40:56.576000,10553,10554,10553,1
2019-06-25,16:41:00.582000,10553,10554,10553,1
2019-06-25,16:41:03.612000,10553,10554,10553,2
2019-06-25,16:41:05.780000,10553,10554,10553,1
2019-06-25,16:41:24.443000,10553,10554,10553,2
2019-06-25,16:41:24.443000,10553,10554,10553,13
2019-06-25,16:41:44.711000,10552,10553,10553,1
2019-06-25,16:41:54.029000,10552,10553,10553,2
2019-06-25,16:42:02.486000,10553,10554,10553,1
2019-06-25,16:42:07.113000,10553,10554,10553,5
2019-06-25,16:42:07.191000,10553,10554,10553,1
2019-06-25,16:42:13.940000,10552,10553,10553,2
2019-06-25,16:42:53.326000,10552,10553,10553,1
2019-06-25,16:42:56.202000,10552,10553,10552,1
2019-06-25,16:43:06.263000,10552,10553,10553,1
2019-06-25,16:43:26.567000,10552,10553,10552,1
2019-06-25,16:43:36.401000,10552,10553,10552,1
2019-06-25,16:44:42.325000,10552,10553,10552,1
2019-06-25,16:44:45.749000,10552,10553,10552,2
2019-06-25,16:44:48.383000,10552,10553,10552,8
2019-06-25,16:45:13.724000,10552,10553,10552,2
2019-06-25,16:45:31.440000,10552,10553,10552,2
2019-06-25,16:45:40.880000,10552,10553,10553,2
2019-06-25,16:45:41.615000,10552,10553,10552,1
2019-06-25,16:45:42.032000,10552,10553,10553,2
2019-06-25,16:45:43.698000,10552,10553,10552,1
2019-06-25,16:46:29.374000,10552,10553,10552,3
2019-06-25,16:46:29.441000,10552,10553,10552,4
2019-06-25,16:46:29.441000,10552,10553,10552,2
2019-06-25,16:46:29.441000,10552,10553,10552,1
2019-06-25,16:46:29.450000,10552,10553,10552,1
2019-06-25,16:46:29.566000,10552,10553,10552,3
2019-06-25,16:47:13.109000,10551,10552,10551,1
2019-06-25,16:47:23.467000,10551,10552,10551,1
2019-06-25,16:47:23.609000,10551,10552,10552,3
2019-06-25,16:47:23.812000,10551,10552,10551,1
2019-06-25,16:47:33.097000,10551,10552,10551,1
2019-06-25,16:49:56.601000,10551,10552,10551,12
2019-06-25,16:49:56.691000,10551,10552,10551,8
2019-06-25,16:50:02.027000,10550,10551,10550,1
2019-06-25,16:50:04.065000,10550,10551,10550,1
2019-06-25,16:50:10.311000,10550,10551,10550,4
2019-06-25,16:50:12.120000,10550,10551,10550,1
2019-06-25,16:50:32.119000,10550,10551,10551,1
2019-06-25,16:51:28.665000,10550,10551,10550,10
2019-06-25,16:51:31.532000,10550,10551,10550,2
2019-06-25,16:51:31.568000,10550,10551,10550,5
2019-06-25,16:51:38.927000,10549,10550,10550,1
2019-06-25,16:51:58.364000,10549,10550,10549,1
2019-06-25,16:51:58.499000,10549,10550,10549,1
2019-06-25,16:52:00.922000,10549,10550,10549,1
2019-06-25,16:52:03.849000,10548,10549,10549,1
2019-06-25,16:52:22.350000,10549,10550,10549,4
2019-06-25,16:52:46.867000,10549,10550,10549,1
2019-06-25,16:52:58.173000,10549,10550,10549,1
2019-06-25,16:53:00.355000,10549,10550,10549,1
2019-06-25,16:53:00.362000,10549,10550,10549,6
2019-06-25,16:53:02.515000,10549,10550,10549,1
2019-06-25,16:53:02.515000,10549,10550,10548,1
2019-06-25,16:53:05.568000,10548,10550,10548,6
2019-06-25,16:53:15.678000,10548,10549,10549,1
2019-06-25,16:53:32.251000,10548,10549,10549,1
2019-06-25,16:53:32.256000,10548,10549,10549,1
2019-06-25,16:54:19.188000,10548,10549,10549,1
2019-06-25,16:54:19.601000,10548,10549,10549,3
2019-06-25,16:54:29.151000,10548,10549,10549,2
2019-06-25,16:54:39.695000,10548,10549,10548,1
2019-06-25,16:54:47.714000,10548,10549,10548,1
2019-06-25,16:55:17.277000,10548,10549,10548,1
2019-06-25,16:55:18.799000,10548,10549,10548,4
2019-06-25,16:55:18.838000,10548,10549,10548,3
2019-06-25,16:55:23.598000,10548,10549,10548,2
2019-06-25,16:55:28.827000,10548,10549,10548,1
2019-06-25,16:55:29.424000,10548,10549,10548,1
2019-06-25,16:55:40.762000,10548,10549,10548,3
2019-06-25,16:55:41.194000,10547,10548,10548,2
2019-06-25,16:56:22.027000,10547,10548,10548,1
2019-06-25,16:56:48.702000,10547,10548,10547,1
2019-06-25,16:56:49.257000,10547,10548,10548,2
2019-06-25,16:57:06.191000,10547,10548,10548,1
2019-06-25,16:57:06.217000,10547,10548,10548,1
2019-06-25,16:57:06.316000,10547,10548,10548,1
2019-06-25,16:57:06.606000,10547,10548,10548,3
2019-06-25,16:57:06.686000,10547,10548,10548,3
2019-06-25,16:57:06.691000,10547,10548,10548,4
2019-06-25,16:57:06.699000,10547,10548,10549,1
2019-06-25,16:57:06.801000,10547,10548,10549,1
2019-06-25,16:57:06.842000,10548,10549,10549,3
2019-06-25,16:57:06.875000,10548,10549,10549,1
2019-06-25,16:57:06.912000,10548,10549,10549,3
2019-06-25,16:57:06.948000,10548,10549,10549,3
2019-06-25,16:57:06.966000,10548,10549,10549,2
2019-06-25,16:57:06.993000,10548,10549,10549,3
2019-06-25,16:57:07.018000,10548,10549,10549,1
2019-06-25,16:57:07.043000,10548,10549,10549,1
2019-06-25,16:57:07.114000,10548,10549,10549,2
2019-06-25,16:57:07.194000,10548,10549,10549,2
2019-06-25,16:57:07.216000,10548,10549,10549,3
2019-06-25,16:57:07.240000,10548,10549,10549,1
2019-06-25,16:57:07.290000,10548,10549,10550,1
2019-06-25,16:57:07.333000,10548,10550,10550,2
2019-06-25,16:57:07.352000,10548,10550,10550,2
2019-06-25,16:57:07.374000,10548,10550,10550,3
2019-06-25,16:57:11.503000,10549,10550,10549,1
2019-06-25,16:57:19.612000,10548,10549,10548,20
2019-06-25,16:57:21.303000,10548,10549,10548,7
2019-06-25,16:57:21.316000,10547,10548,10548,1
2019-06-25,16:57:22.632000,10547,10548,10548,1
2019-06-25,16:57:25.345000,10547,10548,10548,5
2019-06-25,16:57:26.020000,10547,10548,10548,2
2019-06-25,16:57:27.464000,10547,10548,10548,1
2019-06-25,16:57:28.326000,10547,10548,10547,1
2019-06-25,16:58:01.867000,10547,10548,10548,1
2019-06-25,16:58:22.728000,10547,10548,10548,1
2019-06-25,16:58:24.917000,10547,10548,10548,1
2019-06-25,16:58:26.566000,10547,10548,10548,1
2019-06-25,16:58:30.472000,10547,10548,10548,3
2019-06-25,16:58:38.711000,10548,10549,10548,1
2019-06-25,16:59:11.503000,10548,10549,10549,1
2019-06-25,16:59:29.068000,10548,10549,10549,1
2019-06-25,17:00:25.636000,10548,10549,10548,1
2019-06-25,17:00:26.248000,10548,10549,10549,1
2019-06-25,17:00:26.283000,10548,10549,10549,1
2019-06-25,17:00:37.621000,10548,10549,10549,1
2019-06-25,17:01:08.316000,10548,10549,10549,7
2019-06-25,17:01:24.150000,10548,10549,10549,4
2019-06-25,17:01:31.002000,10549,10550,10550,1
2019-06-25,17:01:37.980000,10549,10550,10550,1
2019-06-25,17:01:39.569000,10549,10550,10550,1
2019-06-25,17:01:39.569000,10549,10550,10550,1
2019-06-25,17:01:39.691000,10549,10550,10550,1
2019-06-25,17:01:39.816000,10549,10550,10550,1
2019-06-25,17:01:39.941000,10549,10550,10550,1
2019-06-25,17:01:39.941000,10549,10550,10550,2
2019-06-25,17:01:40.299000,10550,10551,10550,1
2019-06-25,17:01:46.980000,10550,10551,10551,1
2019-06-25,17:01:57.103000,10550,10551,10550,1
2019-06-25,17:02:56.260000,10550,10551,10550,2
2019-06-25,17:03:04.793000,10550,10551,10550,1
2019-06-25,17:03:06.270000,10550,10551,10550,1
2019-06-25,17:03:25.236000,10549,10550,10550,1
2019-06-25,17:03:54.443000,10549,10550,10550,1
2019-06-25,17:04:10.693000,10549,10550,10550,1
2019-06-25,17:04:37.562000,10549,10550,10549,3
2019-06-25,17:05:03.406000,10549,10550,10549,1
2019-06-25,17:05:03.406000,10549,10550,10549,1
2019-06-25,17:05:03.406000,10549,10550,10549,2
2019-06-25,17:05:03.406000,10549,10550,10549,2
2019-06-25,17:05:03.406000,10549,10550,10549,1
2019-06-25,17:05:03.406000,10549,10550,10549,1
2019-06-25,17:05:03.406000,10549,10550,10549,1
2019-06-25,17:05:03.406000,10549,10550,10549,3
2019-06-25,17:05:03.407000,10549,10550,10549,5
2019-06-25,17:05:03.407000,10549,10550,10549,1
2019-06-25,17:05:03.407000,10549,10550,10549,1
2019-06-25,17:05:03.407000,10549,10550,10549,1
2019-06-25,17:06:20.097000,10548,10549,10549,1
2019-06-25,17:06:20.113000,10548,10549,10549,2
2019-06-25,17:07:00.029000,10549,10550,10549,1
2019-06-25,17:07:14.623000,10548,10550,10548,2
2019-06-25,17:07:34.279000,10549,10550,10549,1
2019-06-25,17:07:40.810000,10549,10550,10550,1
2019-06-25,17:08:13.169000,10549,10550,10550,5
2019-06-25,17:08:16.240000,10550,10551,10550,1
2019-06-25,17:08:27.960000,10550,10551,10551,1
2019-06-25,17:08:32.943000,10550,10551,10551,1
2019-06-25,17:08:40.826000,10550,10551,10551,1
2019-06-25,17:08:50.194000,10550,10551,10551,1
2019-06-25,17:09:18.661000,10550,10551,10551,1
2019-06-25,17:09:34.389000,10550,10551,10551,1
2019-06-25,17:09:37.438000,10550,10552,10550,3
2019-06-25,17:09:38.941000,10551,10552,10551,1
2019-06-25,17:10:04.005000,10550,10551,10551,1
2019-06-25,17:10:10.571000,10550,10551,10550,1
2019-06-25,17:10:13.987000,10550,10551,10550,2
2019-06-25,17:10:13.987000,10550,10551,10550,2
2019-06-25,17:10:13.988000,10550,10551,10550,6
2019-06-25,17:10:14.066000,10550,10551,10550,4
2019-06-25,17:10:14.571000,10549,10550,10549,1
2019-06-25,17:10:16.245000,10549,10550,10550,1
2019-06-25,17:10:16.501000,10550,10551,10550,1
2019-06-25,17:10:25.451000,10549,10550,10550,1
2019-06-25,17:10:54.693000,10549,10550,10550,1
2019-06-25,17:11:14.569000,10549,10550,10550,1
2019-06-25,17:11:53.765000,10549,10550,10549,1
2019-06-25,17:12:02.443000,10549,10550,10549,4
2019-06-25,17:12:05.838000,10548,10549,10549,1
2019-06-25,17:12:26.536000,10548,10549,10549,1
2019-06-25,17:13:14.191000,10548,10549,10549,1
2019-06-25,17:13:14.191000,10548,10549,10549,1
2019-06-25,17:13:14.316000,10548,10549,10549,1
2019-06-25,17:15:01.616000,10548,10549,10548,2
2019-06-25,17:15:01.617000,10548,10549,10548,2
2019-06-25,17:15:01.618000,10548,10549,10548,1
2019-06-25,17:15:01.618000,10548,10549,10548,2
2019-06-25,17:15:01.620000,10548,10549,10548,1
2019-06-25,17:15:01.631000,10548,10549,10548,15
2019-06-25,17:15:07.192000,10547,10548,10547,1
2019-06-25,17:15:08.714000,10547,10548,10547,1
2019-06-25,17:15:12.319000,10547,10548,10547,1
2019-06-25,17:15:12.537000,10547,10548,10547,1
2019-06-25,17:15:12.569000,10547,10548,10547,2
2019-06-25,17:15:12.570000,10547,10548,10547,2
2019-06-25,17:15:13.194000,10547,10548,10547,1
2019-06-25,17:15:25.249000,10547,10548,10547,1
2019-06-25,17:15:33.352000,10547,10548,10547,1
2019-06-25,17:15:42.068000,10547,10548,10548,1
2019-06-25,17:15:43.005000,10547,10548,10548,2
2019-06-25,17:15:44.639000,10548,10549,10548,2
2019-06-25,17:15:49.014000,10548,10549,10548,1
2019-06-25,17:15:49.971000,10548,10549,10548,4
2019-06-25,17:16:00.512000,10547,10548,10548,5
2019-06-25,17:16:10.570000,10547,10548,10547,3
2019-06-25,17:16:19.717000,10547,10548,10547,1
2019-06-25,17:16:26.362000,10547,10548,10547,1
2019-06-25,17:16:32.868000,10547,10548,10548,1
2019-06-25,17:16:34.412000,10547,10548,10548,14
2019-06-25,17:16:55.737000,10548,10549,10549,1
2019-06-25,17:16:55.737000,10548,10549,10549,1
2019-06-25,17:16:55.737000,10548,10549,10549,4
2019-06-25,17:16:59.423000,10548,10550,10550,3
2019-06-25,17:17:36.941000,10549,10550,10550,8
2019-06-25,17:17:49.194000,10549,10550,10550,1
2019-06-25,17:18:19.819000,10549,10550,10550,1
2019-06-25,17:18:24.884000,10549,10550,10550,2
2019-06-25,17:18:27.685000,10549,10550,10550,1
2019-06-25,17:18:38.066000,10550,10551,10550,2
2019-06-25,17:18:51.587000,10549,10550,10550,5
2019-06-25,17:19:09.267000,10549,10550,10550,2
2019-06-25,17:19:18.008000,10549,10550,10550,2
2019-06-25,17:19:56.392000,10549,10550,10550,1
2019-06-25,17:19:56.441000,10549,10550,10550,1
2019-06-25,17:20:04.944000,10550,10551,10551,1
2019-06-25,17:20:05.325000,10550,10551,10551,2
2019-06-25,17:20:08.993000,10550,10551,10551,2
2019-06-25,17:20:08.993000,10550,10551,10551,2
2019-06-25,17:20:09.002000,10550,10551,10551,1
2019-06-25,17:20:12.674000,10550,10552,10552,3
2019-06-25,17:20:13.488000,10550,10552,10552,1
2019-06-25,17:20:35.533000,10551,10552,10551,1
2019-06-25,17:20:47.176000,10551,10552,10551,1
2019-06-25,17:20:53.944000,10551,10552,10552,1
2019-06-25,17:21:15.049000,10551,10552,10552,1
2019-06-25,17:21:18.339000,10551,10552,10551,2
2019-06-25,17:21:18.370000,10551,10552,10551,2
2019-06-25,17:21:30.212000,10550,10551,10551,1
2019-06-25,17:21:30.684000,10550,10551,10551,11
2019-06-25,17:21:44.055000,10551,10552,10552,6
2019-06-25,17:21:49.709000,10551,10552,10552,1
2019-06-25,17:22:07.018000,10551,10552,10552,1
2019-06-25,17:22:15.192000,10551,10552,10552,1
2019-06-25,17:22:39.066000,10551,10552,10551,1
2019-06-25,17:22:39.069000,10551,10552,10552,1
2019-06-25,17:22:39.198000,10551,10552,10551,1
2019-06-25,17:22:39.316000,10551,10552,10551,1
2019-06-25,17:23:16.145000,10551,10552,10552,1
2019-06-25,17:23:37.374000,10551,10552,10551,1
2019-06-25,17:23:54.007000,10551,10552,10551,2
2019-06-25,17:23:54.010000,10551,10552,10551,15
2019-06-25,17:23:54.010000,10551,10552,10551,3
2019-06-25,17:23:54.019000,10551,10552,10551,3
2019-06-25,17:23:54.066000,10551,10552,10551,4
2019-06-25,17:23:54.066000,10551,10552,10551,3
2019-06-25,17:23:54.066000,10551,10552,10551,4
2019-06-25,17:23:54.819000,10550,10551,10550,2
2019-06-25,17:24:07.512000,10549,10551,10549,1
2019-06-25,17:24:08.854000,10549,10551,10551,1
2019-06-25,17:24:55.037000,10550,10551,10551,17
2019-06-25,17:24:59.373000,10551,10552,10551,1
2019-06-25,17:24:59.373000,10551,10552,10551,4
2019-06-25,17:24:59.383000,10551,10552,10551,3
2019-06-25,17:24:59.441000,10551,10552,10551,4
2019-06-25,17:25:00.596000,10551,10552,10551,1
2019-06-25,17:25:00.638000,10551,10552,10551,1
2019-06-25,17:25:00.665000,10551,10552,10551,1
2019-06-25,17:25:00.691000,10551,10552,10551,6
2019-06-25,17:25:00.691000,10551,10552,10551,1
2019-06-25,17:25:00.691000,10551,10552,10551,1
2019-06-25,17:25:00.691000,10551,10552,10551,2
2019-06-25,17:25:00.691000,10551,10552,10551,5
2019-06-25,17:25:39.943000,10550,10551,10551,1
2019-06-25,17:26:16.051000,10550,10551,10550,2
2019-06-25,17:26:18.792000,10550,10551,10551,3
2019-06-25,17:26:30.941000,10550,10551,10551,1
2019-06-25,17:26:31.191000,10550,10551,10551,1
2019-06-25,17:26:31.316000,10550,10551,10551,1
2019-06-25,17:26:55.035000,10551,10552,10551,1
2019-06-25,17:26:59.834000,10551,10552,10551,1
2019-06-25,17:27:24.230000,10550,10551,10550,3
2019-06-25,17:27:32.366000,10550,10551,10550,1
2019-06-25,17:27:49.569000,10549,10551,10551,1
2019-06-25,17:28:00.216000,10550,10551,10550,1
2019-06-25,17:28:40.746000,10550,10551,10550,1
2019-06-25,17:29:04.693000,10549,10550,10550,1
2019-06-25,17:29:15.354000,10549,10550,10550,1
2019-06-25,17:30:05.434000,10549,10550,10550,2
2019-06-25,17:30:05.441000,10549,10550,10550,4
2019-06-25,17:30:06.051000,10550,10551,10550,1
2019-06-25,17:30:06.164000,10550,10551,10550,1
2019-06-25,17:30:06.489000,10550,10551,10550,1
2019-06-25,17:30:06.790000,10550,10551,10550,1
2019-06-25,17:30:07.093000,10550,10551,10550,1
2019-06-25,17:30:10.120000,10550,10551,10550,1
2019-06-25,17:30:10.426000,10550,10551,10550,1
2019-06-25,17:30:41.850000,10550,10551,10550,1
2019-06-25,17:30:47.231000,10550,10551,10550,1
2019-06-25,17:31:50.566000,10550,10551,10550,1
2019-06-25,17:31:50.567000,10550,10551,10550,1
2019-06-25,17:31:50.567000,10550,10551,10550,1
2019-06-25,17:31:50.567000,10550,10551,10550,1
2019-06-25,17:31:50.694000,10550,10551,10551,1
2019-06-25,17:32:21.944000,10550,10551,10551,1
2019-06-25,17:32:58.860000,10550,10551,10550,1
2019-06-25,17:33:51.285000,10550,10551,10550,1
2019-06-25,17:34:10.064000,10550,10551,10551,4
2019-06-25,17:34:10.064000,10550,10551,10551,1
2019-06-25,17:34:10.065000,10550,10551,10551,1
2019-06-25,17:34:10.065000,10550,10551,10551,4
2019-06-25,17:34:10.065000,10550,10551,10551,2
2019-06-25,17:34:10.065000,10550,10551,10551,3
2019-06-25,17:34:10.065000,10550,10551,10551,1
2019-06-25,17:34:10.065000,10550,10551,10551,1
2019-06-25,17:34:11.370000,10550,10551,10551,1
2019-06-25,17:34:24.640000,10550,10551,10551,1
2019-06-25,17:34:49.305000,10550,10551,10550,4
2019-06-25,17:34:59.284000,10550,10551,10551,2
2019-06-25,17:35:06.569000,10550,10551,10551,1
2019-06-25,17:36:15.069000,10551,10552,10552,1
2019-06-25,17:36:22.703000,10551,10552,10552,3
2019-06-25,17:36:56.499000,10551,10552,10551,4
2019-06-25,17:36:56.500000,10551,10552,10551,2
2019-06-25,17:36:56.566000,10551,10552,10551,3
2019-06-25,17:36:56.961000,10550,10551,10551,1
2019-06-25,17:36:57.034000,10550,10551,10551,1
2019-06-25,17:36:57.066000,10550,10551,10551,1
2019-06-25,17:37:03.124000,10550,10551,10551,1
2019-06-25,17:37:06.336000,10550,10551,10551,2
2019-06-25,17:37:20.778000,10550,10551,10550,5
2019-06-25,17:37:21.819000,10550,10551,10551,1
2019-06-25,17:38:43.882000,10550,10551,10551,4
2019-06-25,17:39:07.565000,10550,10551,10550,2
2019-06-25,17:39:09.696000,10550,10551,10551,2
2019-06-25,17:39:09.696000,10550,10551,10551,2
2019-06-25,17:39:09.697000,10550,10551,10551,2
2019-06-25,17:39:09.697000,10550,10551,10551,4
2019-06-25,17:39:09.992000,10550,10551,10551,1
2019-06-25,17:39:10.224000,10550,10551,10551,1
2019-06-25,17:39:10.261000,10550,10551,10551,1
2019-06-25,17:39:15.982000,10550,10551,10551,1
2019-06-25,17:39:32.769000,10550,10551,10551,4
2019-06-25,17:39:32.788000,10550,10551,10551,1
2019-06-25,17:39:32.790000,10550,10551,10551,1
2019-06-25,17:39:42.902000,10551,10552,10551,1
2019-06-25,17:39:42.944000,10551,10552,10552,1
2019-06-25,17:40:01.082000,10551,10552,10552,1
2019-06-25,17:40:12.613000,10551,10552,10552,28
2019-06-25,17:40:22.738000,10551,10552,10551,2
2019-06-25,17:40:29.088000,10551,10552,10552,1
2019-06-25,17:40:45.142000,10551,10552,10552,1
2019-06-25,17:40:58.392000,10551,10552,10552,2
2019-06-25,17:41:01.568000,10551,10552,10552,1
2019-06-25,17:41:04.113000,10551,10552,10552,1
2019-06-25,17:41:28.840000,10551,10552,10552,4
2019-06-25,17:41:42.100000,10551,10552,10552,1
2019-06-25,17:42:05.818000,10551,10552,10552,1
2019-06-25,17:42:10.887000,10551,10552,10552,1
2019-06-25,17:43:03.331000,10551,10552,10551,7
2019-06-25,17:43:03.331000,10551,10552,10551,1
2019-06-25,17:43:03.342000,10551,10552,10550,1
2019-06-25,17:43:08.132000,10550,10551,10550,3
2019-06-25,17:43:21.754000,10550,10551,10550,1
2019-06-25,17:43:32.883000,10550,10551,10550,3
2019-06-25,17:43:57.720000,10550,10551,10550,3
2019-06-25,17:45:32.691000,10550,10551,10551,6
2019-06-25,17:45:35.277000,10551,10552,10552,13
2019-06-25,17:45:35.549000,10552,10553,10552,1
2019-06-25,17:45:47.990000,10552,10553,10553,1
2019-06-25,17:45:48.286000,10552,10553,10552,1
2019-06-25,17:45:55.730000,10551,10552,10552,1
2019-06-25,17:46:52.694000,10551,10552,10552,1
2019-06-25,17:46:54.472000,10551,10552,10552,1
2019-06-25,17:47:15.113000,10551,10552,10552,2
2019-06-25,17:48:02.194000,10551,10552,10552,1
2019-06-25,17:48:04.794000,10551,10552,10552,1
2019-06-25,17:49:15.694000,10551,10552,10552,1
2019-06-25,17:49:41.702000,10551,10552,10551,1
2019-06-25,17:49:46.941000,10551,10552,10551,1
2019-06-25,17:49:55.439000,10551,10552,10551,1
2019-06-25,17:50:09.256000,10551,10552,10551,1
2019-06-25,17:50:16.319000,10551,10552,10552,1
2019-06-25,17:50:34.566000,10551,10552,10551,6
2019-06-25,17:50:37.085000,10550,10551,10551,1
2019-06-25,17:50:38.240000,10550,10551,10551,1
2019-06-25,17:51:35.471000,10550,10551,10550,2
2019-06-25,17:51:56.662000,10550,10551,10550,1
2019-06-25,17:52:02.870000,10550,10551,10550,2
2019-06-25,17:52:04.205000,10550,10551,10551,1
2019-06-25,17:52:10.191000,10550,10551,10550,3
2019-06-25,17:52:10.316000,10550,10551,10550,1
2019-06-25,17:52:10.316000,10550,10551,10550,1
2019-06-25,17:52:22.613000,10549,10550,10550,1
2019-06-25,17:52:45.492000,10549,10550,10550,1
2019-06-25,17:52:51.764000,10550,10551,10551,1
2019-06-25,17:52:53.408000,10550,10551,10550,1
2019-06-25,17:53:17.208000,10550,10551,10550,1
2019-06-25,17:53:19.281000,10550,10551,10550,4
2019-06-25,17:53:28.833000,10550,10551,10550,1
2019-06-25,17:53:38.225000,10550,10551,10550,1
2019-06-25,17:54:26.569000,10550,10551,10551,1
2019-06-25,17:54:27.207000,10550,10551,10550,1
2019-06-25,17:54:27.329000,10550,10551,10551,1
2019-06-25,17:54:27.467000,10550,10551,10551,1
2019-06-25,17:54:27.468000,10550,10551,10551,1
2019-06-25,17:54:27.471000,10550,10551,10551,1
2019-06-25,17:55:04.694000,10550,10551,10551,1
2019-06-25,17:56:07.953000,10550,10551,10551,1
2019-06-25,17:56:10.566000,10550,10551,10551,1
2019-06-25,17:56:17.930000,10550,10551,10551,1
2019-06-25,17:56:17.931000,10550,10551,10551,1
2019-06-25,17:56:20.691000,10550,10551,10551,1
2019-06-25,17:56:27.068000,10551,10552,10552,1
2019-06-25,17:56:49.541000,10551,10552,10551,2
2019-06-25,17:56:49.542000,10551,10552,10551,2
2019-06-25,17:56:49.566000,10551,10552,10551,1
2019-06-25,17:57:07.693000,10550,10551,10551,1
2019-06-25,17:57:45.728000,10550,10551,10550,1
2019-06-25,17:57:45.816000,10550,10551,10550,1
2019-06-25,17:57:49.218000,10550,10551,10550,2
2019-06-25,17:58:15.241000,10549,10550,10550,1
2019-06-25,17:58:27.842000,10549,10550,10549,2
2019-06-25,17:58:27.879000,10549,10550,10549,2
2019-06-25,17:58:27.897000,10549,10550,10549,1
2019-06-25,17:58:32.437000,10549,10550,10549,1
2019-06-25,17:58:48.463000,10549,10550,10549,1
2019-06-25,17:58:48.545000,10549,10550,10549,14
2019-06-25,17:58:48.545000,10549,10550,10548,42
2019-06-25,17:58:48.546000,10549,10550,10548,14
2019-06-25,17:58:48.584000,10548,10549,10548,2
2019-06-25,17:58:48.610000,10548,10549,10548,2
2019-06-25,17:59:07.979000,10547,10548,10548,1
2019-06-25,17:59:08.011000,10547,10548,10548,1
2019-06-25,17:59:08.066000,10547,10548,10548,2
2019-06-25,17:59:08.191000,10547,10548,10548,2
2019-06-25,17:59:25.969000,10548,10549,10548,1
2019-06-25,17:59:26.473000,10548,10549,10548,1
2019-06-25,17:59:33.409000,10548,10549,10549,1
2019-06-25,17:59:33.571000,10548,10549,10549,1
2019-06-25,18:00:14.058000,10548,10549,10549,1
2019-06-25,18:00:14.226000,10548,10549,10549,1
2019-06-25,18:00:14.301000,10548,10549,10549,1
2019-06-25,18:00:14.316000,10548,10549,10549,5
2019-06-25,18:00:14.322000,10548,10549,10550,2
2019-06-25,18:00:14.352000,10548,10549,10550,12
2019-06-25,18:00:14.781000,10549,10550,10550,8
2019-06-25,18:00:14.786000,10549,10550,10550,1
2019-06-25,18:00:14.973000,10549,10550,10550,4
2019-06-25,18:00:29.579000,10549,10550,10550,1
2019-06-25,18:00:29.757000,10549,10550,10550,1
2019-06-25,18:01:06.669000,10549,10550,10550,1
2019-06-25,18:01:06.944000,10549,10550,10550,1
2019-06-25,18:01:07.319000,10550,10551,10551,1
2019-06-25,18:01:29.477000,10550,10551,10550,3
2019-06-25,18:01:45.444000,10549,10551,10551,1
2019-06-25,18:02:08.490000,10550,10551,10550,1
2019-06-25,18:02:12.793000,10549,10550,10550,1
2019-06-25,18:02:47.563000,10549,10550,10549,5
2019-06-25,18:02:47.563000,10549,10550,10549,2
2019-06-25,18:02:47.564000,10549,10550,10549,2
2019-06-25,18:02:47.565000,10549,10550,10549,1
2019-06-25,18:03:31.566000,10548,10549,10549,1
2019-06-25,18:03:59.753000,10548,10550,10549,1
2019-06-25,18:04:30.125000,10548,10549,10548,2
2019-06-25,18:04:38.249000,10548,10549,10548,1
2019-06-25,18:04:49.976000,10548,10549,10549,1
2019-06-25,18:05:02.242000,10548,10550,10550,1
2019-06-25,18:05:43.198000,10549,10550,10550,2
2019-06-25,18:05:48.700000,10549,10550,10550,2
2019-06-25,18:05:51.499000,10549,10550,10550,1
2019-06-25,18:06:04.479000,10549,10550,10550,1
2019-06-25,18:06:12.318000,10549,10550,10550,1
2019-06-25,18:06:27.818000,10549,10550,10550,1
2019-06-25,18:07:04.265000,10549,10550,10550,5
2019-06-25,18:07:06.311000,10549,10550,10549,5
2019-06-25,18:07:55.440000,10549,10550,10549,1
2019-06-25,18:08:04.969000,10549,10550,10549,1
2019-06-25,18:08:25.072000,10549,10550,10549,2
2019-06-25,18:09:15.776000,10549,10550,10550,1
2019-06-25,18:09:15.816000,10549,10550,10550,1
2019-06-25,18:09:17.279000,10549,10550,10550,1
2019-06-25,18:09:17.316000,10549,10550,10550,1
2019-06-25,18:09:17.566000,10549,10550,10550,1
2019-06-25,18:09:17.577000,10549,10550,10550,2
2019-06-25,18:09:17.646000,10549,10550,10550,1
2019-06-25,18:09:17.691000,10549,10550,10550,1
2019-06-25,18:09:17.691000,10549,10550,10550,1
2019-06-25,18:09:17.691000,10549,10550,10550,2
2019-06-25,18:09:38.191000,10549,10550,10550,1
2019-06-25,18:10:48.176000,10549,10550,10550,1
2019-06-25,18:10:54.638000,10549,10551,10549,1
2019-06-25,18:10:54.818000,10549,10550,10550,1
2019-06-25,18:10:54.943000,10550,10551,10551,1
2019-06-25,18:11:07.746000,10550,10551,10550,1
2019-06-25,18:13:03.313000,10549,10550,10549,1
2019-06-25,18:13:03.315000,10549,10550,10549,1
2019-06-25,18:13:03.319000,10548,10550,10549,1
2019-06-25,18:13:46.956000,10548,10549,10549,1
2019-06-25,18:13:47.066000,10548,10549,10549,2
2019-06-25,18:13:47.193000,10549,10550,10550,2
2019-06-25,18:13:49.328000,10549,10550,10549,10
2019-06-25,18:14:07.894000,10548,10549,10548,1
2019-06-25,18:15:20.368000,10548,10549,10548,1
2019-06-25,18:15:25.819000,10548,10549,10549,1
2019-06-25,18:15:30.525000,10548,10549,10548,3
2019-06-25,18:15:35.136000,10548,10549,10548,1
2019-06-25,18:15:41.694000,10548,10549,10548,13
2019-06-25,18:15:43.998000,10547,10548,10548,1
2019-06-25,18:15:52.497000,10547,10548,10548,1
2019-06-25,18:16:10.334000,10547,10548,10548,1
2019-06-25,18:16:51.346000,10547,10548,10548,1
2019-06-25,18:16:53.435000,10547,10548,10547,2
2019-06-25,18:17:01.765000,10547,10548,10547,5
2019-06-25,18:17:03.456000,10547,10548,10547,1
2019-06-25,18:17:08.313000,10547,10548,10547,1
2019-06-25,18:17:16.425000,10547,10548,10547,1
2019-06-25,18:17:22.137000,10547,10548,10548,1
2019-06-25,18:17:56.319000,10547,10548,10548,1
2019-06-25,18:18:34.555000,10547,10548,10548,1
2019-06-25,18:18:38.236000,10547,10548,10548,1
2019-06-25,18:18:42.839000,10547,10548,10548,1
2019-06-25,18:18:54.715000,10547,10548,10548,1
2019-06-25,18:19:30.754000,10547,10548,10547,2
2019-06-25,18:19:50.772000,10547,10548,10548,1
2019-06-25,18:19:51.353000,10547,10548,10548,1
2019-06-25,18:19:51.441000,10547,10548,10548,1
2019-06-25,18:19:51.769000,10548,10549,10549,1
2019-06-25,18:20:15.242000,10548,10549,10548,5
2019-06-25,18:20:24.069000,10548,10549,10549,1
2019-06-25,18:20:26.329000,10548,10549,10549,3
2019-06-25,18:20:59.306000,10548,10549,10549,9
2019-06-25,18:20:59.316000,10548,10549,10549,17
2019-06-25,18:21:16.036000,10549,10550,10549,6
2019-06-25,18:22:18.697000,10549,10550,10549,3
2019-06-25,18:22:36.436000,10549,10550,10550,9
2019-06-25,18:22:36.436000,10549,10550,10551,57
2019-06-25,18:22:36.440000,10549,10550,10551,14
2019-06-25,18:22:36.479000,10550,10552,10551,4
2019-06-25,18:22:36.482000,10550,10552,10551,4
2019-06-25,18:22:36.485000,10550,10552,10551,4
2019-06-25,18:22:36.488000,10550,10552,10551,2
2019-06-25,18:22:36.567000,10550,10551,10551,3
2019-06-25,18:22:36.567000,10550,10551,10552,6
2019-06-25,18:22:36.636000,10550,10551,10552,59
2019-06-25,18:22:36.691000,10552,10553,10552,3
2019-06-25,18:22:36.692000,10552,10553,10552,7
2019-06-25,18:22:36.692000,10552,10553,10553,2
2019-06-25,18:22:36.692000,10552,10553,10552,1
2019-06-25,18:22:36.692000,10552,10553,10552,2
2019-06-25,18:22:36.692000,10552,10553,10552,1
2019-06-25,18:22:36.764000,10552,10553,10551,1
2019-06-25,18:22:36.916000,10551,10552,10552,2
2019-06-25,18:22:37.055000,10551,10552,10552,5
2019-06-25,18:22:37.226000,10551,10552,10552,5
2019-06-25,18:22:37.318000,10551,10552,10552,3
2019-06-25,18:22:37.560000,10551,10552,10552,3
2019-06-25,18:22:37.822000,10551,10552,10552,1
2019-06-25,18:22:37.932000,10551,10552,10552,3
2019-06-25,18:22:38.334000,10551,10552,10552,3
2019-06-25,18:22:40.705000,10551,10552,10551,1
2019-06-25,18:22:55.845000,10550,10551,10550,1
2019-06-25,18:23:20.535000,10550,10551,10551,1
2019-06-25,18:23:20.900000,10550,10551,10551,1
2019-06-25,18:23:20.990000,10550,10551,10551,1
2019-06-25,18:23:25.750000,10550,10551,10551,1
2019-06-25,18:23:28.988000,10550,10551,10551,1
2019-06-25,18:23:47.194000,10550,10551,10551,1
2019-06-25,18:24:00.275000,10550,10551,10551,1
2019-06-25,18:24:01.183000,10550,10551,10551,1
2019-06-25,18:24:23.434000,10550,10551,10551,1
2019-06-25,18:24:23.434000,10550,10551,10552,1
2019-06-25,18:24:35.068000,10550,10552,10552,1
2019-06-25,18:24:57.818000,10551,10552,10552,1
2019-06-25,18:24:57.818000,10551,10552,10552,1
2019-06-25,18:25:02.333000,10551,10552,10552,10
2019-06-25,18:25:02.527000,10551,10552,10552,1
2019-06-25,18:25:13.183000,10551,10552,10552,1
2019-06-25,18:25:54.380000,10551,10552,10551,1
2019-06-25,18:25:54.911000,10551,10552,10551,1
2019-06-25,18:26:02.443000,10550,10551,10551,4
2019-06-25,18:26:16.005000,10550,10551,10551,1
2019-06-25,18:27:01.566000,10550,10551,10550,1
2019-06-25,18:27:01.693000,10549,10551,10550,1
2019-06-25,18:27:03.900000,10549,10550,10550,1
2019-06-25,18:27:48.624000,10550,10551,10551,2
2019-06-25,18:27:48.682000,10550,10551,10551,2
2019-06-25,18:28:02.661000,10551,10552,10552,9
2019-06-25,18:28:06.676000,10551,10552,10551,1
2019-06-25,18:28:07.247000,10551,10552,10551,4
2019-06-25,18:28:27.588000,10550,10551,10551,1
2019-06-25,18:29:12.137000,10550,10551,10550,2
2019-06-25,18:29:31.444000,10550,10551,10551,1
2019-06-25,18:29:49.068000,10550,10551,10551,1
2019-06-25,18:31:28.288000,10550,10551,10551,1
2019-06-25,18:31:28.316000,10550,10551,10551,1
2019-06-25,18:31:28.316000,10550,10551,10551,1
2019-06-25,18:31:28.444000,10550,10552,10551,1
2019-06-25,18:31:28.483000,10550,10552,10551,1
2019-06-25,18:31:28.523000,10550,10552,10551,1
2019-06-25,18:31:29.039000,10550,10551,10551,1
2019-06-25,18:31:29.321000,10550,10552,10552,1
2019-06-25,18:31:30.283000,10550,10551,10551,1
2019-06-25,18:31:47.194000,10550,10551,10551,1
2019-06-25,18:31:47.204000,10550,10551,10551,1
2019-06-25,18:32:08.819000,10550,10551,10551,1
2019-06-25,18:32:08.820000,10550,10551,10551,1
2019-06-25,18:32:26.066000,10550,10551,10550,3
2019-06-25,18:32:42.744000,10549,10550,10550,1
2019-06-25,18:32:48.711000,10549,10550,10550,1
2019-06-25,18:34:01.996000,10550,10551,10551,3
2019-06-25,18:34:02.066000,10550,10551,10551,1
2019-06-25,18:34:14.771000,10550,10551,10550,1
2019-06-25,18:34:33.040000,10550,10551,10550,1
2019-06-25,18:35:03,10550,10551,10550,14
2019-06-25,18:35:03,10550,10551,10550,2
2019-06-25,18:35:03,10550,10551,10550,1
2019-06-25,18:35:03,10550,10551,10550,1
2019-06-25,18:35:22.502000,10549,10550,10549,1
2019-06-25,18:35:22.566000,10549,10550,10549,4
2019-06-25,18:35:22.566000,10549,10550,10549,2
2019-06-25,18:35:47.307000,10548,10549,10548,1
2019-06-25,18:36:01.637000,10548,10549,10548,4
2019-06-25,18:36:20.087000,10548,10549,10549,2
2019-06-25,18:36:20.087000,10548,10549,10549,3
2019-06-25,18:36:29.944000,10549,10550,10550,1
2019-06-25,18:36:46.560000,10549,10550,10549,7
2019-06-25,18:37:02.693000,10549,10550,10550,1
2019-06-25,18:37:28.794000,10549,10550,10549,1
2019-06-25,18:38:03.848000,10549,10550,10549,1
2019-06-25,18:39:00.319000,10549,10550,10550,5
2019-06-25,18:39:16.694000,10549,10550,10550,1
2019-06-25,18:39:20.925000,10549,10550,10550,2
2019-06-25,18:39:20.926000,10549,10550,10550,1
2019-06-25,18:39:26.739000,10549,10550,10550,5
2019-06-25,18:39:26.788000,10549,10550,10550,1
2019-06-25,18:39:35.380000,10549,10551,10551,1
2019-06-25,18:39:59.859000,10549,10550,10550,1
2019-06-25,18:40:08.053000,10549,10550,10550,1
2019-06-25,18:40:34.442000,10550,10551,10551,1
2019-06-25,18:41:11.569000,10549,10550,10550,1
2019-06-25,18:41:46.944000,10549,10550,10550,1
2019-06-25,18:42:48.516000,10549,10550,10549,1
2019-06-25,18:43:06.070000,10549,10550,10550,1
2019-06-25,18:43:25.944000,10549,10550,10550,1
2019-06-25,18:43:59.944000,10549,10550,10550,1
2019-06-25,18:44:47.307000,10549,10550,10550,1
2019-06-25,18:45:23.345000,10549,10550,10550,1
2019-06-25,18:45:23.349000,10549,10550,10550,1
2019-06-25,18:45:23.441000,10549,10550,10550,1
2019-06-25,18:45:23.831000,10549,10550,10550,2
2019-06-25,18:45:23.831000,10549,10550,10551,1
2019-06-25,18:45:23.943000,10549,10551,10551,1
2019-06-25,18:45:30.137000,10549,10551,10549,5
2019-06-25,18:46:34.944000,10549,10550,10550,1
2019-06-25,18:46:45.757000,10549,10550,10550,1
2019-06-25,18:47:46.443000,10549,10550,10550,1
2019-06-25,18:48:40.604000,10549,10550,10549,1
2019-06-25,18:48:41.208000,10549,10550,10550,2
2019-06-25,18:48:57.944000,10549,10550,10550,1
2019-06-25,18:49:20.204000,10549,10550,10550,1
2019-06-25,18:50:08.568000,10549,10550,10550,1
2019-06-25,18:50:09.515000,10549,10550,10549,1
2019-06-25,18:50:51.101000,10549,10550,10550,1
2019-06-25,18:51:06.031000,10549,10550,10550,1
2019-06-25,18:51:26.816000,10549,10550,10550,1
2019-06-25,18:51:26.819000,10549,10550,10550,1
2019-06-25,18:52:22.244000,10549,10550,10549,5
2019-06-25,18:52:22.316000,10549,10550,10549,11
2019-06-25,18:52:22.358000,10549,10550,10549,1
2019-06-25,18:53:01.765000,10548,10549,10549,2
2019-06-25,18:53:38.404000,10548,10549,10549,2
2019-06-25,18:53:38.404000,10548,10549,10549,1
2019-06-25,18:53:38.645000,10549,10550,10549,2
2019-06-25,18:54:52.323000,10549,10550,10549,1
2019-06-25,18:55:00.316000,10549,10550,10550,14
2019-06-25,18:55:00.443000,10550,10551,10551,1
2019-06-25,18:55:11.514000,10550,10551,10550,1
2019-06-25,18:55:11.566000,10550,10551,10550,1
2019-06-25,18:55:11.972000,10550,10551,10551,1
2019-06-25,18:55:11.987000,10550,10551,10551,1
2019-06-25,18:55:12.541000,10550,10551,10551,2
2019-06-25,18:55:15.691000,10550,10551,10550,1
2019-06-25,18:55:15.816000,10550,10551,10550,1
2019-06-25,18:55:15.941000,10550,10551,10550,1
2019-06-25,18:55:24.025000,10549,10550,10550,2
2019-06-25,18:55:52.272000,10550,10551,10550,1
2019-06-25,18:55:58.569000,10550,10551,10550,3
2019-06-25,18:55:58.856000,10549,10551,10551,1
2019-06-25,18:56:15.431000,10549,10550,10550,1
2019-06-25,18:56:30.802000,10549,10550,10549,2
2019-06-25,18:56:30.802000,10549,10550,10549,2
2019-06-25,18:56:30.802000,10549,10550,10549,1
2019-06-25,18:57:22.944000,10549,10550,10550,1
2019-06-25,18:58:02.088000,10549,10550,10550,2
2019-06-25,18:58:04.027000,10549,10550,10550,1
2019-06-25,18:58:04.066000,10550,10551,10550,1
2019-06-25,18:58:04.067000,10550,10551,10550,1
2019-06-25,18:58:04.067000,10550,10551,10550,1
2019-06-25,18:58:36.669000,10550,10551,10550,2
2019-06-25,18:58:36.670000,10550,10551,10550,1
2019-06-25,18:58:36.673000,10550,10551,10550,2
2019-06-25,18:59:29.319000,10549,10550,10550,1
2019-06-25,19:00:18.264000,10550,10551,10550,1
2019-06-25,19:00:21.705000,10550,10551,10551,3
2019-06-25,19:00:40.194000,10550,10551,10551,1
2019-06-25,19:01:02.285000,10550,10551,10551,6
2019-06-25,19:01:18.513000,10550,10551,10551,4
2019-06-25,19:01:18.719000,10550,10551,10551,3
2019-06-25,19:01:31.557000,10550,10551,10551,4
2019-06-25,19:01:38.076000,10550,10551,10551,4
2019-06-25,19:01:43.390000,10550,10551,10551,7
2019-06-25,19:01:51.319000,10551,10552,10552,1
2019-06-25,19:02:14.132000,10551,10552,10552,1
2019-06-25,19:02:25.430000,10551,10552,10551,1
2019-06-25,19:02:29.327000,10551,10552,10551,2
2019-06-25,19:02:29.441000,10551,10552,10551,2
2019-06-25,19:02:32.231000,10550,10551,10551,1
2019-06-25,19:02:37.641000,10550,10551,10550,1
2019-06-25,19:02:57.163000,10550,10551,10551,1
2019-06-25,19:03:00.193000,10550,10551,10551,1
2019-06-25,19:03:10.927000,10550,10551,10550,2
2019-06-25,19:03:42.122000,10550,10551,10551,1
2019-06-25,19:03:54.832000,10550,10551,10551,1
2019-06-25,19:04:00.828000,10550,10551,10551,1
2019-06-25,19:04:13.788000,10550,10551,10551,1
2019-06-25,19:04:45.731000,10551,10552,10551,4
2019-06-25,19:05:09.817000,10550,10551,10551,2
2019-06-25,19:05:10.324000,10550,10551,10551,1
2019-06-25,19:05:30.444000,10550,10551,10551,1
2019-06-25,19:05:39.659000,10550,10551,10551,2
2019-06-25,19:05:46.351000,10550,10551,10551,1
2019-06-25,19:06:32.444000,10550,10551,10551,1
2019-06-25,19:06:38.763000,10550,10551,10550,5
2019-06-25,19:07:03.252000,10549,10550,10550,1
2019-06-25,19:07:46.773000,10550,10551,10551,4
2019-06-25,19:07:54.681000,10551,10552,10551,1
2019-06-25,19:07:59.958000,10551,10552,10552,2
2019-06-25,19:08:01.973000,10551,10552,10551,1
2019-06-25,19:08:01.973000,10551,10552,10551,1
2019-06-25,19:09:32.821000,10551,10552,10552,1
2019-06-25,19:09:43.307000,10551,10552,10551,1
2019-06-25,19:09:46.353000,10551,10552,10551,1
2019-06-25,19:09:46.416000,10551,10552,10551,1
2019-06-25,19:09:46.416000,10551,10552,10551,1
2019-06-25,19:09:55.039000,10550,10551,10551,2
2019-06-25,19:10:21.193000,10550,10551,10551,1
2019-06-25,19:10:30.306000,10550,10551,10551,1
2019-06-25,19:11:09.819000,10550,10551,10551,1
2019-06-25,19:12:48.819000,10550,10551,10551,1
2019-06-25,19:12:55.252000,10550,10551,10551,1
2019-06-25,19:13:35.818000,10550,10551,10551,1
2019-06-25,19:13:36.505000,10550,10551,10551,2
2019-06-25,19:13:36.505000,10550,10551,10551,3
2019-06-25,19:13:36.505000,10550,10551,10551,2
2019-06-25,19:13:36.505000,10550,10551,10551,1
2019-06-25,19:15:01.397000,10551,10552,10552,1
2019-06-25,19:15:01.443000,10551,10552,10552,1
2019-06-25,19:15:08.376000,10551,10552,10552,4
2019-06-25,19:15:29.819000,10551,10552,10552,1
2019-06-25,19:16:36.889000,10551,10552,10551,1
2019-06-25,19:16:50.631000,10551,10552,10552,2
2019-06-25,19:16:50.631000,10551,10552,10552,1
2019-06-25,19:16:50.691000,10551,10552,10552,2
2019-06-25,19:16:58.673000,10551,10552,10552,1
2019-06-25,19:18:04.818000,10551,10552,10552,1
2019-06-25,19:18:04.818000,10551,10552,10552,1
2019-06-25,19:18:04.818000,10551,10552,10552,1
2019-06-25,19:18:10.966000,10551,10552,10551,1
2019-06-25,19:18:12.617000,10551,10552,10552,1
2019-06-25,19:18:12.617000,10551,10552,10552,1
2019-06-25,19:19:39.193000,10551,10552,10551,3
2019-06-25,19:19:39.193000,10551,10552,10550,2
2019-06-25,19:19:46.860000,10550,10551,10551,1
2019-06-25,19:20:01.308000,10551,10552,10552,1
2019-06-25,19:20:01.618000,10551,10552,10552,3
2019-06-25,19:20:32.021000,10551,10552,10552,1
2019-06-25,19:20:32.762000,10551,10552,10552,2
2019-06-25,19:21:11.616000,10551,10552,10552,1
2019-06-25,19:21:41.266000,10551,10552,10552,4
2019-06-25,19:21:50.068000,10551,10552,10552,1
2019-06-25,19:22:04.026000,10551,10552,10552,2
2019-06-25,19:22:22.943000,10551,10552,10552,1
2019-06-25,19:23:14.695000,10551,10552,10551,1
2019-06-25,19:23:14.695000,10551,10552,10551,1
2019-06-25,19:23:14.816000,10551,10552,10551,1
2019-06-25,19:23:14.816000,10551,10552,10551,1
2019-06-25,19:23:34.712000,10551,10552,10552,1
2019-06-25,19:23:40.036000,10551,10552,10552,2
2019-06-25,19:23:40.099000,10551,10552,10552,2
2019-06-25,19:24:05.868000,10551,10552,10552,13
2019-06-25,19:24:05.868000,10551,10552,10552,1
2019-06-25,19:24:05.941000,10552,10553,10552,1
2019-06-25,19:24:05.942000,10552,10553,10552,1
2019-06-25,19:24:05.942000,10552,10553,10552,2
2019-06-25,19:24:05.942000,10552,10553,10552,1
2019-06-25,19:24:05.942000,10552,10553,10552,2
2019-06-25,19:24:05.942000,10552,10553,10552,2
2019-06-25,19:24:05.942000,10552,10553,10552,2
2019-06-25,19:24:23.541000,10551,10552,10552,1
2019-06-25,19:24:31.318000,10551,10552,10552,1
2019-06-25,19:24:51.477000,10551,10552,10552,1
2019-06-25,19:25:02.944000,10551,10552,10552,1
2019-06-25,19:25:03.852000,10551,10552,10552,1
2019-06-25,19:25:10.807000,10551,10552,10552,1
2019-06-25,19:25:12.641000,10551,10552,10552,1
2019-06-25,19:26:16.433000,10551,10552,10552,1
2019-06-25,19:26:25.460000,10551,10552,10552,1
2019-06-25,19:26:38.319000,10551,10552,10552,1
2019-06-25,19:26:41.716000,10551,10552,10552,1
2019-06-25,19:27:07.396000,10551,10552,10552,1
2019-06-25,19:27:29.195000,10551,10552,10552,1
2019-06-25,19:27:29.195000,10551,10552,10552,1
2019-06-25,19:27:33.614000,10551,10552,10552,1
2019-06-25,19:28:04.634000,10551,10552,10552,1
2019-06-25,19:29:02.385000,10551,10552,10552,4
2019-06-25,19:29:09.069000,10551,10552,10552,1
2019-06-25,19:29:13.265000,10551,10552,10552,1
2019-06-25,19:30:11.539000,10551,10552,10552,1
2019-06-25,19:30:11.775000,10551,10552,10552,2
2019-06-25,19:30:21.323000,10551,10552,10552,1
2019-06-25,19:30:23.896000,10551,10552,10552,1
2019-06-25,19:30:29.266000,10551,10552,10552,1
2019-06-25,19:30:29.988000,10551,10552,10552,2
2019-06-25,19:30:50.706000,10552,10553,10552,1
2019-06-25,19:30:50.816000,10552,10553,10552,1
2019-06-25,19:30:51.059000,10552,10553,10552,1
2019-06-25,19:30:55.066000,10551,10552,10552,1
2019-06-25,19:30:58.310000,10552,10553,10553,1
2019-06-25,19:31:05.153000,10552,10553,10552,1
2019-06-25,19:31:22.889000,10552,10553,10552,1
2019-06-25,19:31:23.117000,10552,10553,10552,2
2019-06-25,19:31:23.191000,10552,10553,10552,1
2019-06-25,19:31:23.316000,10552,10553,10552,1
2019-06-25,19:31:23.569000,10551,10552,10552,1
2019-06-25,19:31:24.361000,10551,10552,10552,1
2019-06-25,19:31:31.149000,10551,10552,10552,1
2019-06-25,19:31:38.432000,10552,10553,10552,1
2019-06-25,19:31:38.694000,10551,10552,10552,1
2019-06-25,19:32:57.868000,10552,10553,10552,3
2019-06-25,19:33:21.055000,10551,10552,10552,1
2019-06-25,19:33:21.485000,10551,10552,10552,1
2019-06-25,19:33:21.485000,10551,10552,10553,1
2019-06-25,19:33:22.776000,10551,10553,10553,1
2019-06-25,19:33:31.091000,10551,10553,10553,50
2019-06-25,19:33:58.444000,10552,10553,10553,1
2019-06-25,19:33:58.444000,10552,10553,10553,1
2019-06-25,19:33:58.445000,10552,10553,10553,1
2019-06-25,19:34:33.031000,10552,10553,10553,1
2019-06-25,19:34:41.815000,10552,10553,10552,5
2019-06-25,19:35:08.227000,10551,10552,10552,1
2019-06-25,19:35:36.435000,10552,10553,10552,1
2019-06-25,19:35:36.576000,10552,10553,10552,2
2019-06-25,19:35:58.441000,10552,10553,10553,7
2019-06-25,19:35:58.441000,10552,10553,10553,3
2019-06-25,19:35:58.566000,10552,10553,10553,1
2019-06-25,19:36:08.865000,10552,10553,10553,1
