2020-04-24 15:00:00.004,10284,10285,10287,55
2020-04-24 15:00:00.006,10286,10287,10287,1
2020-04-24 15:00:00.103,10286,10287,10287,1
2020-04-24 15:00:00.255,10286,10288,10286,1
2020-04-24 15:00:00.269,10286,10288,10288,2
2020-04-24 15:00:00.329,10286,10288,10286,1
2020-04-24 15:00:00.389,10286,10288,10288,1
2020-04-24 15:00:00.450,10286,10288,10288,2
2020-04-24 15:00:00.560,10286,10288,10286,1
2020-04-24 15:00:00.583,10286,10288,10287,1
2020-04-24 15:00:00.876,10285,10287,10285,1
2020-04-24 15:00:00.893,10285,10287,10285,5
2020-04-24 15:00:01.003,10286,10287,10286,2
2020-04-24 15:00:01.018,10286,10287,10287,2
2020-04-24 15:00:01.383,10285,10286,10286,1
2020-04-24 15:00:01.713,10284,10286,10284,1
2020-04-24 15:00:01.874,10284,10285,10284,1
2020-04-24 15:00:01.905,10284,10285,10284,2
2020-04-24 15:00:01.950,10284,10285,10284,1
2020-04-24 15:00:01.964,10284,10285,10285,1
2020-04-24 15:00:02.468,10284,10285,10284,1
2020-04-24 15:00:02.719,10284,10285,10283,1
2020-04-24 15:00:02.874,10283,10285,10285,1
2020-04-24 15:00:02.876,10283,10285,10285,1
2020-04-24 15:00:03.153,10283,10284,10284,1
2020-04-24 15:00:03.764,10283,10285,10285,4
2020-04-24 15:00:03.765,10283,10285,10285,1
2020-04-24 15:00:04.073,10284,10286,10284,2
2020-04-24 15:00:04.516,10283,10285,10285,1
2020-04-24 15:00:05.008,10284,10286,10284,2
2020-04-24 15:00:05.066,10284,10286,10283,1
2020-04-24 15:00:05.420,10283,10285,10285,1
2020-04-24 15:00:05.876,10284,10285,10284,1
2020-04-24 15:00:06.906,10284,10285,10284,1
2020-04-24 15:00:07.324,10283,10285,10284,1
2020-04-24 15:00:07.365,10283,10285,10285,3
2020-04-24 15:00:07.502,10283,10285,10283,1
2020-04-24 15:00:07.759,10283,10285,10285,2
2020-04-24 15:00:08.136,10283,10285,10283,4
2020-04-24 15:00:08.356,10283,10284,10283,1
2020-04-24 15:00:08.361,10283,10284,10283,2
2020-04-24 15:00:08.918,10282,10284,10282,3
2020-04-24 15:00:08.935,10282,10284,10282,1
2020-04-24 15:00:08.965,10282,10284,10282,2
2020-04-24 15:00:09.056,10281,10284,10282,1
2020-04-24 15:00:09.233,10281,10283,10281,5
2020-04-24 15:00:09.236,10281,10282,10281,1
2020-04-24 15:00:09.956,10281,10282,10281,1
2020-04-24 15:00:10.152,10281,10282,10281,1
2020-04-24 15:00:10.153,10281,10282,10281,2
2020-04-24 15:00:10.153,10281,10282,10281,2
2020-04-24 15:00:10.153,10281,10282,10281,2
2020-04-24 15:00:10.153,10281,10282,10281,5
2020-04-24 15:00:10.154,10281,10282,10281,5
2020-04-24 15:00:11.065,10280,10281,10281,1
2020-04-24 15:00:11.065,10280,10281,10281,1
2020-04-24 15:00:11.383,10281,10282,10281,1
2020-04-24 15:00:11.494,10280,10282,10282,1
2020-04-24 15:00:11.546,10280,10282,10280,1
2020-04-24 15:00:11.628,10281,10282,10281,1
2020-04-24 15:00:11.748,10280,10282,10280,2
2020-04-24 15:00:12.557,10280,10281,10281,1
2020-04-24 15:00:12.924,10282,10283,10283,2
2020-04-24 15:00:12.952,10282,10283,10282,2
2020-04-24 15:00:12.952,10282,10283,10281,2
2020-04-24 15:00:13.012,10281,10283,10281,2
2020-04-24 15:00:13.733,10281,10282,10282,2
2020-04-24 15:00:13.769,10281,10283,10281,1
2020-04-24 15:00:14.957,10281,10282,10282,1
2020-04-24 15:00:14.978,10281,10282,10283,1
2020-04-24 15:00:15.270,10281,10282,10281,1
2020-04-24 15:00:15.889,10281,10282,10281,1
2020-04-24 15:00:17.134,10281,10282,10281,2
2020-04-24 15:00:17.134,10281,10282,10280,3
2020-04-24 15:00:17.345,10280,10282,10282,1
2020-04-24 15:00:17.617,10280,10282,10282,2
2020-04-24 15:00:18.234,10281,10282,10282,1
2020-04-24 15:00:18.524,10282,10283,10282,2
2020-04-24 15:00:19.419,10281,10282,10281,1
2020-04-24 15:00:19.859,10281,10282,10281,1
2020-04-24 15:00:20.205,10281,10282,10282,1
2020-04-24 15:00:20.506,10281,10282,10281,1
2020-04-24 15:00:20.988,10281,10282,10282,2
2020-04-24 15:00:22.534,10281,10282,10282,1
2020-04-24 15:00:22.616,10281,10282,10282,3
2020-04-24 15:00:22.986,10282,10283,10282,1
2020-04-24 15:00:23.089,10282,10283,10282,1
2020-04-24 15:00:23.105,10282,10283,10282,1
2020-04-24 15:00:23.273,10281,10282,10281,1
2020-04-24 15:00:23.301,10281,10282,10281,1
2020-04-24 15:00:23.410,10280,10281,10281,1
2020-04-24 15:00:23.704,10280,10281,10281,1
2020-04-24 15:00:24.085,10280,10281,10280,1
2020-04-24 15:00:24.699,10280,10281,10281,1
2020-04-24 15:00:25.096,10280,10282,10281,1
2020-04-24 15:00:26.362,10281,10282,10282,1
2020-04-24 15:00:26.618,10281,10282,10281,2
2020-04-24 15:00:28.668,10281,10282,10282,1
2020-04-24 15:00:28.933,10281,10282,10281,1
2020-04-24 15:00:29.706,10281,10282,10281,1
2020-04-24 15:00:30.154,10281,10282,10282,1
2020-04-24 15:00:30.362,10281,10282,10281,2
2020-04-24 15:00:31.414,10281,10282,10281,1
2020-04-24 15:00:31.414,10281,10282,10281,1
2020-04-24 15:00:31.770,10280,10282,10282,1
2020-04-24 15:00:32.473,10280,10281,10281,2
2020-04-24 15:00:32.642,10280,10282,10280,1
2020-04-24 15:00:33.903,10280,10281,10280,1
2020-04-24 15:00:34.098,10280,10282,10280,1
2020-04-24 15:00:34.691,10281,10282,10281,2
2020-04-24 15:00:34.691,10281,10282,10280,3
2020-04-24 15:00:34.716,10281,10282,10280,1
2020-04-24 15:00:38.362,10280,10281,10280,2
2020-04-24 15:00:38.452,10280,10281,10280,1
2020-04-24 15:00:38.497,10280,10281,10281,1
2020-04-24 15:00:39.340,10280,10281,10280,1
2020-04-24 15:00:39.609,10280,10281,10280,1
2020-04-24 15:00:39.800,10279,10281,10279,1
2020-04-24 15:00:40.128,10279,10281,10279,1
2020-04-24 15:00:41.356,10279,10280,10279,1
2020-04-24 15:00:41.366,10278,10280,10280,1
2020-04-24 15:00:45.417,10279,10280,10279,1
2020-04-24 15:00:47.140,10279,10280,10279,2
2020-04-24 15:00:47.616,10278,10279,10278,3
2020-04-24 15:00:47.621,10278,10279,10278,1
2020-04-24 15:00:48.501,10278,10279,10278,3
2020-04-24 15:00:48.501,10278,10279,10277,2
2020-04-24 15:00:48.504,10278,10279,10277,1
2020-04-24 15:00:48.523,10278,10279,10277,1
2020-04-24 15:00:48.544,10278,10279,10277,1
2020-04-24 15:00:50.403,10276,10278,10278,1
2020-04-24 15:00:51.118,10276,10277,10276,6
2020-04-24 15:00:51.243,10276,10277,10276,1
2020-04-24 15:00:51.832,10275,10277,10276,1
2020-04-24 15:00:52.028,10275,10277,10277,1
2020-04-24 15:00:52.253,10276,10277,10276,1
2020-04-24 15:00:53.502,10275,10276,10275,2
2020-04-24 15:00:53.858,10273,10275,10273,1
2020-04-24 15:00:54.235,10274,10275,10274,1
2020-04-24 15:00:54.254,10273,10275,10275,2
2020-04-24 15:00:54.565,10273,10275,10275,1
2020-04-24 15:00:55.328,10274,10275,10274,1
2020-04-24 15:00:55.468,10273,10275,10275,5
2020-04-24 15:00:55.597,10274,10275,10274,1
2020-04-24 15:00:55.879,10273,10275,10274,1
2020-04-24 15:00:56.293,10272,10274,10272,1
2020-04-24 15:00:56.732,10272,10274,10274,1
2020-04-24 15:00:56.877,10272,10273,10272,3
2020-04-24 15:00:56.888,10272,10273,10272,3
2020-04-24 15:00:56.901,10272,10273,10272,1
2020-04-24 15:00:57.352,10271,10273,10271,1
2020-04-24 15:00:57.369,10271,10272,10271,3
2020-04-24 15:00:57.884,10271,10272,10271,1
2020-04-24 15:01:00.102,10270,10272,10272,1
2020-04-24 15:01:00.355,10271,10272,10271,1
2020-04-24 15:01:01.013,10271,10272,10272,1
2020-04-24 15:01:01.111,10271,10272,10272,6
2020-04-24 15:01:01.236,10272,10273,10273,4
2020-04-24 15:01:01.361,10273,10274,10274,3
2020-04-24 15:01:01.370,10273,10274,10273,5
2020-04-24 15:01:01.378,10273,10274,10273,1
2020-04-24 15:01:01.472,10273,10274,10273,1
2020-04-24 15:01:01.823,10272,10274,10272,1
2020-04-24 15:01:01.859,10272,10274,10274,1
2020-04-24 15:01:02.445,10272,10274,10274,1
2020-04-24 15:01:02.986,10273,10274,10274,1
2020-04-24 15:01:03.002,10273,10274,10273,2
2020-04-24 15:01:03.132,10272,10274,10274,1
2020-04-24 15:01:03.167,10272,10274,10273,1
2020-04-24 15:01:03.632,10272,10274,10274,1
2020-04-24 15:01:03.752,10273,10274,10273,1
2020-04-24 15:01:03.899,10272,10274,10272,1
2020-04-24 15:01:05.013,10272,10274,10274,1
2020-04-24 15:01:05.013,10272,10274,10275,1
2020-04-24 15:01:07.491,10273,10275,10273,3
2020-04-24 15:01:07.540,10273,10275,10272,2
2020-04-24 15:01:08.629,10272,10273,10272,2
2020-04-24 15:01:09.642,10272,10273,10272,1
2020-04-24 15:01:10.855,10271,10273,10271,1
2020-04-24 15:01:10.997,10271,10273,10273,2
2020-04-24 15:01:12.644,10272,10273,10272,1
2020-04-24 15:01:13.485,10272,10273,10273,1
2020-04-24 15:01:14.464,10272,10273,10273,2
2020-04-24 15:01:15.481,10272,10273,10273,1
2020-04-24 15:01:15.813,10272,10273,10272,1
2020-04-24 15:01:16.636,10272,10273,10273,1
2020-04-24 15:01:16.671,10272,10273,10273,1
2020-04-24 15:01:16.875,10272,10273,10272,1
2020-04-24 15:01:18.207,10272,10273,10273,1
2020-04-24 15:01:18.221,10272,10273,10273,2
2020-04-24 15:01:18.222,10272,10273,10273,2
2020-04-24 15:01:18.588,10272,10274,10273,1
2020-04-24 15:01:18.605,10272,10274,10272,2
2020-04-24 15:01:19.238,10272,10274,10272,1
2020-04-24 15:01:20.031,10272,10273,10272,1
2020-04-24 15:01:20.446,10272,10273,10273,3
2020-04-24 15:01:21.059,10272,10273,10273,1
2020-04-24 15:01:21.127,10272,10273,10273,1
2020-04-24 15:01:22.492,10273,10274,10273,1
2020-04-24 15:01:22.859,10272,10273,10273,1
2020-04-24 15:01:24.025,10272,10273,10273,1
2020-04-24 15:01:24.743,10272,10273,10272,1
2020-04-24 15:01:24.750,10272,10273,10273,1
2020-04-24 15:01:25.823,10272,10273,10273,1
2020-04-24 15:01:28.193,10272,10273,10273,4
2020-04-24 15:01:31.473,10273,10274,10274,4
2020-04-24 15:01:32.424,10274,10275,10274,2
2020-04-24 15:01:32.638,10273,10275,10273,1
2020-04-24 15:01:42.054,10274,10275,10274,1
2020-04-24 15:01:42.364,10274,10275,10275,1
2020-04-24 15:01:43.421,10274,10275,10274,1
2020-04-24 15:01:44.491,10274,10275,10275,6
2020-04-24 15:01:44.491,10274,10275,10275,2
2020-04-24 15:01:48.670,10274,10276,10276,1
2020-04-24 15:01:50.023,10275,10276,10276,1
2020-04-24 15:01:50.973,10275,10276,10275,1
2020-04-24 15:01:51.051,10275,10276,10275,4
2020-04-24 15:01:51.053,10275,10276,10275,1
2020-04-24 15:01:51.637,10275,10276,10275,1
2020-04-24 15:01:51.884,10275,10276,10275,1
2020-04-24 15:01:52.566,10275,10276,10275,1
2020-04-24 15:01:53.988,10275,10276,10276,4
2020-04-24 15:01:53.988,10275,10276,10276,4
2020-04-24 15:01:53.988,10275,10276,10276,5
2020-04-24 15:01:54.531,10275,10277,10277,1
2020-04-24 15:01:55.986,10276,10277,10276,1
2020-04-24 15:01:57.872,10276,10277,10276,1
2020-04-24 15:01:59.675,10275,10277,10276,1
2020-04-24 15:02:00.427,10275,10277,10277,1
2020-04-24 15:02:01.321,10275,10276,10275,3
2020-04-24 15:02:01.321,10275,10276,10275,2
2020-04-24 15:02:01.321,10275,10276,10275,6
2020-04-24 15:02:02.874,10274,10275,10274,6
2020-04-24 15:02:04.836,10273,10274,10274,1
2020-04-24 15:02:07.915,10274,10275,10274,7
2020-04-24 15:02:09.873,10273,10275,10275,1
2020-04-24 15:02:12.932,10274,10275,10274,1
2020-04-24 15:02:20.524,10273,10274,10274,4
2020-04-24 15:02:23.157,10273,10275,10275,1
2020-04-24 15:02:24.295,10273,10274,10273,1
2020-04-24 15:02:24.296,10273,10274,10273,5
2020-04-24 15:02:24.296,10273,10274,10273,2
2020-04-24 15:02:24.296,10273,10274,10273,5
2020-04-24 15:02:24.784,10272,10274,10274,1
2020-04-24 15:02:24.972,10272,10274,10274,1
2020-04-24 15:02:28.127,10273,10274,10273,5
2020-04-24 15:02:31.267,10273,10274,10274,1
2020-04-24 15:02:34.040,10273,10274,10273,3
2020-04-24 15:02:37.672,10273,10274,10273,1
2020-04-24 15:02:42.343,10272,10273,10273,1
2020-04-24 15:02:44.169,10272,10273,10273,4
2020-04-24 15:02:49.470,10273,10274,10273,1
2020-04-24 15:02:49.507,10273,10274,10273,1
2020-04-24 15:02:52.819,10273,10274,10273,1
2020-04-24 15:02:54.336,10273,10274,10274,6
2020-04-24 15:02:54.336,10273,10274,10274,5
2020-04-24 15:02:55.513,10273,10275,10273,2
2020-04-24 15:03:02.713,10273,10274,10273,3
2020-04-24 15:03:02.713,10273,10274,10273,5
2020-04-24 15:03:04.600,10272,10274,10272,8
2020-04-24 15:03:05.720,10272,10274,10273,1
2020-04-24 15:03:07.485,10273,10274,10273,1
2020-04-24 15:03:07.837,10273,10274,10274,1
2020-04-24 15:03:08.922,10273,10274,10273,1
2020-04-24 15:03:09.372,10272,10274,10274,1
2020-04-24 15:03:11.020,10273,10274,10274,2
2020-04-24 15:03:11.020,10273,10274,10274,2
2020-04-24 15:03:12.041,10274,10275,10275,1
2020-04-24 15:03:13.970,10274,10275,10274,5
2020-04-24 15:03:16.983,10273,10275,10273,5
2020-04-24 15:03:18.665,10272,10274,10272,3
2020-04-24 15:03:27.568,10273,10274,10273,1
2020-04-24 15:03:29.317,10273,10274,10273,2
2020-04-24 15:03:30.242,10272,10273,10272,1
2020-04-24 15:03:38.276,10273,10274,10274,1
2020-04-24 15:03:40.112,10273,10274,10274,1
2020-04-24 15:03:42.915,10273,10274,10273,1
2020-04-24 15:03:44.016,10273,10274,10274,1
2020-04-24 15:03:45.853,10273,10274,10273,1
2020-04-24 15:03:48.251,10273,10274,10274,1
2020-04-24 15:03:48.344,10273,10274,10274,1
2020-04-24 15:03:55.224,10273,10274,10274,1
2020-04-24 15:03:57.811,10273,10274,10273,1
2020-04-24 15:03:58.010,10273,10274,10274,1
2020-04-24 15:03:59.707,10273,10274,10273,4
2020-04-24 15:03:59.849,10272,10273,10273,1
2020-04-24 15:04:00.361,10273,10274,10273,1
2020-04-24 15:04:00.486,10273,10274,10273,1
2020-04-24 15:04:02.362,10273,10274,10273,1
2020-04-24 15:04:02.550,10273,10274,10273,1
2020-04-24 15:04:05.572,10272,10273,10273,7
2020-04-24 15:04:05.572,10272,10273,10273,1
2020-04-24 15:04:05.572,10272,10273,10273,2
2020-04-24 15:04:07.548,10273,10274,10273,1
2020-04-24 15:04:12.425,10273,10274,10274,1
2020-04-24 15:04:13.273,10273,10274,10274,1
2020-04-24 15:04:14.072,10273,10275,10273,3
2020-04-24 15:04:21.532,10273,10274,10275,15
2020-04-24 15:04:21.588,10273,10274,10274,1
2020-04-24 15:04:21.647,10273,10275,10275,1
2020-04-24 15:04:23.267,10273,10275,10273,6
2020-04-24 15:04:26.628,10273,10274,10274,1
2020-04-24 15:04:38.796,10274,10275,10275,1
2020-04-24 15:04:39.412,10274,10275,10274,1
2020-04-24 15:04:40.265,10274,10275,10274,2
2020-04-24 15:04:44.584,10274,10275,10275,1
2020-04-24 15:04:44.584,10274,10275,10275,1
2020-04-24 15:04:44.585,10274,10275,10275,1
2020-04-24 15:04:48.408,10275,10276,10276,1
2020-04-24 15:04:52.877,10275,10276,10276,9
2020-04-24 15:04:54.416,10276,10277,10276,1
2020-04-24 15:04:54.939,10276,10277,10276,1
2020-04-24 15:04:55.287,10276,10277,10277,1
2020-04-24 15:04:55.287,10276,10277,10277,3
2020-04-24 15:04:55.347,10276,10277,10277,1
2020-04-24 15:04:55.348,10276,10277,10277,4
2020-04-24 15:04:55.348,10276,10277,10277,3
2020-04-24 15:04:55.348,10276,10277,10277,1
2020-04-24 15:04:55.348,10276,10277,10277,7
2020-04-24 15:04:55.349,10276,10277,10277,3
2020-04-24 15:04:55.349,10276,10277,10277,2
2020-04-24 15:04:55.349,10276,10277,10277,1
2020-04-24 15:04:55.349,10276,10277,10277,1
2020-04-24 15:04:55.349,10276,10277,10277,2
2020-04-24 15:04:55.349,10276,10277,10277,2
2020-04-24 15:04:55.349,10276,10277,10277,10
2020-04-24 15:04:57.003,10277,10278,10278,5
2020-04-24 15:04:58.002,10278,10279,10278,1
2020-04-24 15:04:58.002,10278,10279,10278,2
2020-04-24 15:04:59.854,10277,10278,10277,1
2020-04-24 15:05:00.029,10276,10277,10276,2
2020-04-24 15:05:00.029,10276,10277,10276,3
2020-04-24 15:05:00.030,10276,10277,10276,1
2020-04-24 15:05:00.030,10276,10277,10276,5
2020-04-24 15:05:00.312,10275,10276,10276,1
2020-04-24 15:05:00.611,10275,10276,10276,2
2020-04-24 15:05:00.807,10276,10277,10276,2
2020-04-24 15:05:00.807,10276,10277,10275,1
2020-04-24 15:05:01.008,10275,10276,10276,2
2020-04-24 15:05:02.006,10275,10277,10277,1
2020-04-24 15:05:03.119,10275,10277,10277,1
2020-04-24 15:05:03.347,10276,10277,10277,1
2020-04-24 15:05:03.365,10276,10277,10277,1
2020-04-24 15:05:03.693,10276,10277,10277,1
2020-04-24 15:05:06.920,10278,10279,10278,1
2020-04-24 15:05:07.247,10278,10279,10279,3
2020-04-24 15:05:09.762,10279,10280,10279,3
2020-04-24 15:05:10.140,10278,10279,10278,4
2020-04-24 15:05:11.884,10279,10280,10279,1
2020-04-24 15:05:12.015,10278,10279,10279,1
2020-04-24 15:05:12.433,10279,10280,10280,38
2020-04-24 15:05:14.022,10280,10281,10281,2
2020-04-24 15:05:14.497,10280,10281,10281,1
2020-04-24 15:05:14.990,10281,10282,10281,1
2020-04-24 15:05:15.022,10281,10282,10282,3
2020-04-24 15:05:15.335,10281,10282,10281,1
2020-04-24 15:05:15.841,10281,10282,10281,1
2020-04-24 15:05:17.611,10280,10282,10280,1
2020-04-24 15:05:19.606,10280,10281,10281,1
2020-04-24 15:05:20.672,10281,10282,10281,2
2020-04-24 15:05:21.426,10281,10282,10282,5
2020-04-24 15:05:22.456,10281,10282,10282,1
2020-04-24 15:05:22.456,10281,10282,10282,3
2020-04-24 15:05:22.457,10281,10282,10282,2
2020-04-24 15:05:22.457,10281,10282,10282,2
2020-04-24 15:05:22.457,10281,10282,10282,4
2020-04-24 15:05:23.383,10282,10283,10282,1
2020-04-24 15:05:23.384,10282,10283,10282,1
2020-04-24 15:05:26.192,10282,10283,10282,1
2020-04-24 15:05:27.488,10282,10283,10282,1
2020-04-24 15:05:28.300,10282,10283,10282,1
2020-04-24 15:05:28.544,10282,10283,10282,1
2020-04-24 15:05:31.871,10281,10282,10282,2
2020-04-24 15:05:33.457,10282,10283,10283,1
2020-04-24 15:05:33.786,10282,10283,10282,7
2020-04-24 15:05:34.198,10282,10283,10282,2
2020-04-24 15:05:34.755,10282,10283,10282,1
2020-04-24 15:05:35.191,10282,10283,10282,3
2020-04-24 15:05:35.193,10282,10283,10282,2
2020-04-24 15:05:36.564,10281,10282,10282,1
2020-04-24 15:05:38.338,10282,10283,10283,8
2020-04-24 15:05:38.339,10282,10283,10283,1
2020-04-24 15:05:38.339,10282,10283,10283,4
2020-04-24 15:05:38.339,10282,10283,10283,1
2020-04-24 15:05:38.339,10282,10283,10283,1
2020-04-24 15:05:38.339,10282,10283,10283,5
2020-04-24 15:05:39.583,10282,10283,10283,1
2020-04-24 15:05:42.619,10282,10283,10283,1
2020-04-24 15:05:42.838,10282,10283,10283,1
2020-04-24 15:05:43.643,10282,10283,10282,1
2020-04-24 15:05:44.450,10282,10283,10283,1
2020-04-24 15:05:47.526,10282,10283,10283,3
2020-04-24 15:05:47.526,10282,10283,10284,19
2020-04-24 15:05:47.526,10282,10283,10285,16
2020-04-24 15:05:47.714,10284,10285,10284,2
2020-04-24 15:05:47.763,10283,10284,10283,3
2020-04-24 15:05:48.521,10283,10284,10283,1
2020-04-24 15:05:48.780,10283,10284,10283,4
2020-04-24 15:05:48.780,10283,10284,10283,2
2020-04-24 15:05:48.780,10283,10284,10283,4
2020-04-24 15:05:49.167,10282,10284,10284,1
2020-04-24 15:05:49.749,10282,10284,10282,1
2020-04-24 15:05:52.039,10283,10284,10284,2
2020-04-24 15:05:52.289,10283,10285,10285,4
2020-04-24 15:05:52.338,10283,10285,10284,1
2020-04-24 15:05:52.379,10284,10285,10284,1
2020-04-24 15:05:53.546,10284,10285,10284,1
2020-04-24 15:05:54.657,10284,10286,10284,1
2020-04-24 15:05:55.212,10284,10285,10284,1
2020-04-24 15:05:58.928,10283,10284,10284,1
2020-04-24 15:05:59.361,10283,10284,10284,1
2020-04-24 15:05:59.500,10283,10284,10284,3
2020-04-24 15:05:59.784,10284,10285,10285,1
2020-04-24 15:06:01.245,10284,10285,10284,1
2020-04-24 15:06:01.339,10284,10285,10285,4
2020-04-24 15:06:02.309,10284,10286,10286,5
2020-04-24 15:06:02.407,10285,10286,10286,5
2020-04-24 15:06:02.627,10285,10286,10285,1
2020-04-24 15:06:06.094,10284,10285,10285,1
2020-04-24 15:06:06.116,10284,10285,10285,1
2020-04-24 15:06:09.209,10284,10285,10285,2
2020-04-24 15:06:09.209,10284,10285,10286,3
2020-04-24 15:06:09.488,10284,10286,10285,1
2020-04-24 15:06:10.599,10284,10285,10285,5
2020-04-24 15:06:12.103,10284,10285,10285,1
2020-04-24 15:06:13.247,10284,10285,10285,1
2020-04-24 15:06:13.635,10284,10285,10285,1
2020-04-24 15:06:13.848,10284,10285,10285,1
2020-04-24 15:06:16.218,10284,10285,10285,2
2020-04-24 15:06:17.631,10284,10285,10285,1
2020-04-24 15:06:19.479,10285,10286,10285,1
2020-04-24 15:06:19.490,10284,10285,10285,5
2020-04-24 15:06:19.661,10284,10285,10285,2
2020-04-24 15:06:20.143,10284,10285,10285,1
2020-04-24 15:06:23.701,10284,10285,10285,1
2020-04-24 15:06:23.701,10284,10285,10285,3
2020-04-24 15:06:23.701,10284,10285,10285,1
2020-04-24 15:06:23.793,10285,10286,10285,1
2020-04-24 15:06:24.611,10285,10286,10285,1
2020-04-24 15:06:28.759,10284,10285,10284,10
2020-04-24 15:06:29.218,10284,10285,10285,2
2020-04-24 15:06:31.312,10284,10285,10285,1
2020-04-24 15:06:31.785,10284,10285,10285,10
2020-04-24 15:06:32.650,10285,10286,10286,4
2020-04-24 15:06:32.674,10285,10286,10286,2
2020-04-24 15:06:32.750,10285,10286,10285,1
2020-04-24 15:06:32.804,10285,10286,10285,1
2020-04-24 15:06:36.654,10285,10286,10285,1
2020-04-24 15:06:36.947,10285,10286,10286,3
2020-04-24 15:06:37.256,10286,10287,10286,1
2020-04-24 15:06:37.267,10286,10287,10286,4
2020-04-24 15:06:37.738,10285,10286,10286,1
2020-04-24 15:06:40.508,10286,10287,10287,4
2020-04-24 15:06:40.953,10286,10287,10287,4
2020-04-24 15:06:42.049,10287,10288,10287,1
2020-04-24 15:06:42.098,10287,10288,10286,1
2020-04-24 15:06:42.585,10286,10287,10286,1
2020-04-24 15:06:43.175,10286,10287,10287,1
2020-04-24 15:06:43.524,10286,10287,10287,1
2020-04-24 15:06:45.455,10286,10287,10287,1
2020-04-24 15:06:46.296,10286,10287,10286,1
2020-04-24 15:06:47.296,10286,10287,10287,4
2020-04-24 15:06:49.595,10286,10287,10287,3
2020-04-24 15:06:49.596,10286,10287,10287,1
2020-04-24 15:06:49.596,10286,10287,10287,3
2020-04-24 15:06:49.596,10286,10287,10287,1
2020-04-24 15:06:49.596,10286,10287,10287,4
2020-04-24 15:06:49.780,10287,10288,10287,5
2020-04-24 15:06:50.746,10287,10288,10287,1
2020-04-24 15:06:50.955,10287,10288,10288,1
2020-04-24 15:06:51.016,10286,10288,10288,6
2020-04-24 15:06:51.021,10286,10288,10288,6
2020-04-24 15:06:51.048,10286,10288,10288,5
2020-04-24 15:06:51.172,10287,10288,10287,1
2020-04-24 15:06:51.190,10287,10288,10288,2
2020-04-24 15:06:51.616,10287,10288,10288,8
2020-04-24 15:06:51.858,10288,10289,10289,1
2020-04-24 15:06:52.136,10288,10289,10289,1
2020-04-24 15:06:52.159,10288,10289,10288,2
2020-04-24 15:06:52.925,10288,10289,10289,1
2020-04-24 15:06:53.297,10288,10289,10289,5
2020-04-24 15:06:53.378,10288,10289,10288,1
2020-04-24 15:06:53.378,10288,10289,10289,5
2020-04-24 15:06:54.406,10289,10290,10290,5
2020-04-24 15:06:54.514,10289,10290,10290,1
2020-04-24 15:06:54.678,10289,10290,10290,2
2020-04-24 15:06:54.886,10289,10290,10290,1
2020-04-24 15:06:55.640,10289,10290,10290,1
2020-04-24 15:06:55.705,10289,10290,10290,1
2020-04-24 15:06:56.145,10289,10290,10290,1
2020-04-24 15:06:56.825,10289,10290,10290,1
2020-04-24 15:06:57.336,10289,10290,10290,5
2020-04-24 15:06:58.682,10289,10290,10290,5
2020-04-24 15:06:58.736,10289,10290,10290,4
2020-04-24 15:06:58.914,10290,10291,10291,1
2020-04-24 15:06:59.076,10290,10291,10291,1
2020-04-24 15:06:59.168,10290,10291,10291,1
2020-04-24 15:06:59.348,10290,10291,10291,1
2020-04-24 15:07:00.226,10290,10291,10291,1
2020-04-24 15:07:00.239,10290,10291,10291,2
2020-04-24 15:07:00.706,10290,10292,10290,1
2020-04-24 15:07:00.975,10290,10291,10290,1
2020-04-24 15:07:01.056,10290,10291,10291,1
2020-04-24 15:07:01.056,10290,10291,10292,2
2020-04-24 15:07:01.117,10290,10292,10292,6
2020-04-24 15:07:01.176,10290,10292,10292,5
2020-04-24 15:07:01.182,10290,10292,10292,5
2020-04-24 15:07:01.184,10290,10292,10292,2
2020-04-24 15:07:01.188,10290,10292,10293,2
2020-04-24 15:07:01.197,10290,10292,10293,2
2020-04-24 15:07:01.219,10290,10292,10293,1
2020-04-24 15:07:01.292,10291,10293,10293,5
2020-04-24 15:07:01.295,10291,10293,10294,2
2020-04-24 15:07:01.301,10291,10293,10294,2
2020-04-24 15:07:01.303,10291,10293,10292,2
2020-04-24 15:07:01.309,10291,10293,10293,3
2020-04-24 15:07:01.319,10291,10293,10294,1
2020-04-24 15:07:01.337,10291,10293,10294,1
2020-04-24 15:07:01.351,10291,10293,10294,5
2020-04-24 15:07:01.362,10292,10294,10294,1
2020-04-24 15:07:01.391,10292,10294,10294,2
2020-04-24 15:07:01.397,10292,10294,10294,1
2020-04-24 15:07:01.432,10292,10294,10295,1
2020-04-24 15:07:01.487,10293,10295,10295,2
2020-04-24 15:07:01.516,10293,10295,10295,1
2020-04-24 15:07:01.542,10293,10295,10295,1
2020-04-24 15:07:01.583,10293,10295,10295,1
2020-04-24 15:07:01.671,10294,10295,10295,1
2020-04-24 15:07:01.697,10294,10295,10295,1
2020-04-24 15:07:01.730,10294,10295,10295,2
2020-04-24 15:07:01.732,10294,10295,10295,3
2020-04-24 15:07:01.760,10294,10295,10295,1
2020-04-24 15:07:01.769,10294,10295,10295,1
2020-04-24 15:07:01.868,10294,10295,10295,1
2020-04-24 15:07:01.879,10294,10295,10295,2
2020-04-24 15:07:01.890,10294,10295,10295,1
2020-04-24 15:07:02.016,10294,10295,10294,6
2020-04-24 15:07:02.057,10294,10295,10295,2
2020-04-24 15:07:02.087,10294,10295,10294,1
2020-04-24 15:07:02.099,10294,10295,10294,1
2020-04-24 15:07:02.160,10293,10294,10294,1
2020-04-24 15:07:02.219,10293,10294,10294,1
2020-04-24 15:07:02.293,10293,10294,10294,1
2020-04-24 15:07:02.412,10293,10294,10294,2
2020-04-24 15:07:02.463,10293,10294,10293,1
2020-04-24 15:07:02.486,10293,10294,10294,1
2020-04-24 15:07:02.502,10293,10294,10294,1
2020-04-24 15:07:02.502,10293,10294,10293,5
2020-04-24 15:07:02.665,10294,10295,10295,4
2020-04-24 15:07:02.725,10294,10295,10295,1
2020-04-24 15:07:02.982,10294,10295,10294,1
2020-04-24 15:07:03.212,10294,10295,10294,1
2020-04-24 15:07:03.305,10293,10295,10293,1
2020-04-24 15:07:03.417,10293,10295,10295,4
2020-04-24 15:07:03.739,10293,10295,10293,1
2020-04-24 15:07:03.953,10293,10295,10295,1
2020-04-24 15:07:04.508,10293,10294,10294,1
2020-04-24 15:07:04.833,10293,10294,10293,1
2020-04-24 15:07:05.132,10293,10294,10294,2
2020-04-24 15:07:05.140,10293,10294,10294,1
2020-04-24 15:07:05.140,10293,10294,10295,3
2020-04-24 15:07:05.474,10294,10295,10294,1
2020-04-24 15:07:05.839,10294,10295,10293,1
2020-04-24 15:07:06.397,10293,10294,10293,1
2020-04-24 15:07:07.177,10292,10294,10294,3
2020-04-24 15:07:07.379,10292,10294,10292,1
2020-04-24 15:07:07.986,10292,10293,10293,1
2020-04-24 15:07:08.266,10293,10294,10293,5
2020-04-24 15:07:08.454,10293,10294,10292,1
2020-04-24 15:07:08.671,10292,10294,10292,1
2020-04-24 15:07:08.799,10292,10294,10293,1
2020-04-24 15:07:08.929,10293,10294,10293,1
2020-04-24 15:07:09.578,10292,10294,10292,1
2020-04-24 15:07:09.794,10292,10294,10292,1
2020-04-24 15:07:10.287,10292,10293,10292,1
2020-04-24 15:07:10.313,10292,10293,10293,1
2020-04-24 15:07:11.513,10292,10293,10293,1
2020-04-24 15:07:11.607,10292,10293,10293,1
2020-04-24 15:07:11.979,10292,10293,10293,2
2020-04-24 15:07:14.188,10293,10294,10294,1
2020-04-24 15:07:14.265,10293,10294,10293,2
2020-04-24 15:07:14.265,10293,10294,10292,4
2020-04-24 15:07:15.366,10292,10293,10292,1
2020-04-24 15:07:15.754,10292,10293,10293,3
2020-04-24 15:07:15.824,10292,10293,10292,2
2020-04-24 15:07:16.153,10291,10292,10292,1
2020-04-24 15:07:16.170,10291,10292,10292,3
2020-04-24 15:07:16.171,10291,10292,10292,4
2020-04-24 15:07:16.171,10291,10292,10292,2
2020-04-24 15:07:16.603,10292,10293,10292,2
2020-04-24 15:07:17.546,10292,10293,10293,1
2020-04-24 15:07:18.241,10292,10293,10292,1
2020-04-24 15:07:19.156,10291,10293,10293,4
2020-04-24 15:07:19.555,10292,10294,10292,1
2020-04-24 15:07:19.932,10292,10293,10293,1
2020-04-24 15:07:20.281,10292,10293,10293,1
2020-04-24 15:07:20.548,10292,10293,10293,1
2020-04-24 15:07:20.707,10293,10294,10293,1
2020-04-24 15:07:20.717,10293,10294,10294,1
2020-04-24 15:07:20.883,10293,10294,10293,1
2020-04-24 15:07:21.415,10293,10294,10294,1
2020-04-24 15:07:21.718,10293,10294,10294,1
2020-04-24 15:07:22.081,10293,10294,10294,1
2020-04-24 15:07:22.117,10293,10294,10294,1
2020-04-24 15:07:22.196,10293,10294,10293,1
2020-04-24 15:07:22.771,10293,10294,10293,1
2020-04-24 15:07:23.731,10293,10294,10294,1
2020-04-24 15:07:26.581,10293,10294,10293,2
2020-04-24 15:07:27.115,10293,10294,10293,1
2020-04-24 15:07:27.503,10293,10294,10293,1
2020-04-24 15:07:27.994,10293,10294,10293,4
2020-04-24 15:07:28.600,10292,10293,10293,1
2020-04-24 15:07:28.741,10292,10293,10292,1
2020-04-24 15:07:29.213,10292,10293,10293,1
2020-04-24 15:07:29.299,10292,10293,10293,1
2020-04-24 15:07:29.300,10292,10293,10293,1
2020-04-24 15:07:30.670,10292,10293,10293,1
2020-04-24 15:07:31.474,10292,10293,10292,2
2020-04-24 15:07:31.475,10292,10293,10292,5
2020-04-24 15:07:31.475,10292,10293,10292,7
2020-04-24 15:07:32.110,10291,10293,10292,1
2020-04-24 15:07:32.380,10291,10292,10292,1
2020-04-24 15:07:32.380,10291,10292,10293,1
2020-04-24 15:07:33.861,10292,10293,10293,1
2020-04-24 15:07:35.987,10292,10294,10292,1
2020-04-24 15:07:37.000,10292,10293,10292,1
2020-04-24 15:07:39.482,10291,10292,10292,1
2020-04-24 15:07:41.305,10291,10292,10292,1
2020-04-24 15:07:43.488,10291,10292,10292,1
2020-04-24 15:07:44.911,10291,10292,10291,1
2020-04-24 15:07:45.241,10291,10292,10291,1
2020-04-24 15:07:46.207,10291,10292,10292,1
2020-04-24 15:07:46.343,10291,10292,10292,1
2020-04-24 15:07:46.377,10291,10292,10291,1
2020-04-24 15:07:50.622,10291,10292,10292,1
2020-04-24 15:07:53.054,10291,10292,10292,1
2020-04-24 15:07:53.935,10292,10293,10293,1
2020-04-24 15:07:54.691,10292,10293,10292,4
2020-04-24 15:07:55.738,10291,10292,10292,1
2020-04-24 15:07:56.095,10291,10292,10292,1
2020-04-24 15:07:57.177,10291,10292,10291,9
2020-04-24 15:07:57.433,10290,10292,10290,2
2020-04-24 15:07:57.439,10290,10292,10290,2
2020-04-24 15:07:57.457,10290,10292,10290,2
2020-04-24 15:07:57.459,10290,10292,10290,3
2020-04-24 15:07:57.709,10290,10291,10291,4
2020-04-24 15:07:58.835,10290,10292,10290,1
2020-04-24 15:07:59.005,10290,10292,10290,1
2020-04-24 15:08:00.343,10290,10291,10291,1
2020-04-24 15:08:00.638,10291,10292,10291,1
2020-04-24 15:08:00.916,10290,10292,10292,1
2020-04-24 15:08:00.948,10290,10292,10292,1
2020-04-24 15:08:00.963,10290,10292,10290,1
2020-04-24 15:08:00.963,10290,10292,10292,1
2020-04-24 15:08:01.091,10290,10292,10292,1
2020-04-24 15:08:02.007,10290,10292,10292,7
2020-04-24 15:08:02.258,10291,10292,10291,6
2020-04-24 15:08:04.184,10290,10291,10291,1
2020-04-24 15:08:05.798,10290,10291,10290,5
2020-04-24 15:08:05.798,10290,10291,10290,7
2020-04-24 15:08:08.030,10290,10291,10290,2
2020-04-24 15:08:09.601,10289,10291,10289,1
2020-04-24 15:08:10.142,10289,10290,10290,1
2020-04-24 15:08:11.063,10290,10291,10290,2
2020-04-24 15:08:11.208,10290,10291,10290,3
2020-04-24 15:08:12.041,10289,10291,10289,1
2020-04-24 15:08:12.817,10289,10290,10290,2
2020-04-24 15:08:13.323,10289,10290,10289,1
2020-04-24 15:08:14.772,10289,10290,10290,1
2020-04-24 15:08:17.070,10289,10290,10289,1
2020-04-24 15:08:17.780,10289,10290,10289,1
2020-04-24 15:08:17.876,10289,10290,10289,5
2020-04-24 15:08:17.930,10289,10290,10288,1
2020-04-24 15:08:19.583,10288,10290,10288,2
2020-04-24 15:08:20.073,10288,10289,10288,1
2020-04-24 15:08:20.073,10288,10289,10288,1
2020-04-24 15:08:21.611,10287,10288,10288,1
2020-04-24 15:08:22.311,10287,10289,10289,1
2020-04-24 15:08:22.387,10287,10289,10287,1
2020-04-24 15:08:22.989,10288,10289,10288,1
2020-04-24 15:08:25.825,10287,10289,10287,1
2020-04-24 15:08:27.457,10288,10289,10288,2
2020-04-24 15:08:28.313,10288,10289,10288,1
2020-04-24 15:08:28.458,10287,10289,10287,1
2020-04-24 15:08:28.810,10287,10288,10288,1
2020-04-24 15:08:28.954,10287,10288,10288,1
2020-04-24 15:08:32.752,10287,10288,10287,1
2020-04-24 15:08:32.753,10287,10288,10287,2
2020-04-24 15:08:32.753,10287,10288,10287,3
2020-04-24 15:08:32.753,10287,10288,10287,1
2020-04-24 15:08:32.753,10287,10288,10287,2
2020-04-24 15:08:33.534,10287,10288,10287,1
2020-04-24 15:08:34.491,10287,10288,10287,1
2020-04-24 15:08:35.064,10286,10288,10286,1
2020-04-24 15:08:35.344,10286,10288,10286,1
2020-04-24 15:08:36.627,10286,10288,10286,2
2020-04-24 15:08:39.509,10287,10288,10287,1
2020-04-24 15:08:41.950,10286,10287,10286,1
2020-04-24 15:08:41.950,10286,10287,10286,1
2020-04-24 15:08:42.088,10285,10286,10286,1
2020-04-24 15:08:43.148,10285,10287,10287,1
2020-04-24 15:08:43.395,10285,10287,10287,5
2020-04-24 15:08:48.294,10286,10287,10286,1
2020-04-24 15:08:50.749,10286,10287,10286,2
2020-04-24 15:08:53.104,10286,10287,10286,1
2020-04-24 15:08:53.908,10286,10287,10287,5
2020-04-24 15:08:53.909,10286,10287,10287,1
2020-04-24 15:08:54.414,10287,10288,10287,1
2020-04-24 15:08:54.503,10287,10288,10287,6
2020-04-24 15:08:54.546,10287,10288,10286,1
2020-04-24 15:08:57.447,10286,10288,10286,1
2020-04-24 15:08:58.011,10286,10288,10288,1
2020-04-24 15:08:58.334,10287,10288,10287,1
2020-04-24 15:08:58.560,10286,10288,10288,1
2020-04-24 15:08:59.657,10286,10287,10286,2
2020-04-24 15:09:00.904,10285,10286,10285,4
2020-04-24 15:09:01.359,10284,10286,10286,1
2020-04-24 15:09:02.808,10284,10285,10285,2
2020-04-24 15:09:12.650,10284,10285,10284,2
2020-04-24 15:09:16.064,10284,10285,10284,1
2020-04-24 15:09:16.971,10283,10284,10283,1
2020-04-24 15:09:17.100,10283,10284,10283,1
2020-04-24 15:09:19.162,10283,10284,10283,1
2020-04-24 15:09:19.655,10283,10284,10283,1
2020-04-24 15:09:27.149,10283,10284,10283,1
2020-04-24 15:09:27.149,10283,10284,10283,4
2020-04-24 15:09:27.551,10283,10284,10283,3
2020-04-24 15:09:27.647,10282,10283,10282,4
2020-04-24 15:09:27.805,10281,10282,10281,3
2020-04-24 15:09:28.941,10281,10282,10281,2
2020-04-24 15:09:28.943,10281,10282,10281,1
2020-04-24 15:09:28.944,10281,10282,10281,1
2020-04-24 15:09:28.944,10281,10282,10281,1
2020-04-24 15:09:30.542,10280,10281,10281,1
2020-04-24 15:09:30.542,10280,10281,10281,1
2020-04-24 15:09:30.589,10280,10281,10281,1
2020-04-24 15:09:31.144,10281,10282,10282,1
2020-04-24 15:09:32.258,10281,10282,10282,1
2020-04-24 15:09:32.423,10281,10283,10283,1
2020-04-24 15:09:34.440,10281,10282,10282,1
2020-04-24 15:09:34.699,10281,10282,10282,1
2020-04-24 15:09:34.897,10281,10282,10282,3
2020-04-24 15:09:37.756,10281,10282,10282,1
2020-04-24 15:09:39.602,10282,10283,10283,1
2020-04-24 15:09:41.198,10283,10284,10283,1
2020-04-24 15:09:42.483,10283,10284,10283,1
2020-04-24 15:09:44.472,10282,10283,10282,4
2020-04-24 15:09:44.812,10282,10283,10282,2
2020-04-24 15:09:45.843,10281,10282,10281,5
2020-04-24 15:09:46.073,10281,10282,10281,1
2020-04-24 15:09:46.073,10281,10282,10281,3
2020-04-24 15:09:46.974,10281,10282,10282,1
2020-04-24 15:09:47.027,10281,10282,10282,3
2020-04-24 15:09:47.232,10281,10282,10281,1
2020-04-24 15:09:47.232,10281,10282,10281,2
2020-04-24 15:09:47.253,10281,10282,10281,2
2020-04-24 15:09:47.816,10280,10281,10281,2
2020-04-24 15:09:49.343,10280,10281,10280,1
2020-04-24 15:09:50.077,10280,10281,10281,1
2020-04-24 15:09:52.918,10281,10282,10281,4
2020-04-24 15:09:53.082,10281,10282,10281,1
2020-04-24 15:09:54.491,10280,10281,10281,1
2020-04-24 15:09:57.420,10281,10282,10281,1
2020-04-24 15:09:58.164,10281,10282,10282,5
2020-04-24 15:09:58.164,10281,10282,10282,3
2020-04-24 15:09:58.164,10281,10282,10282,17
2020-04-24 15:09:58.236,10282,10283,10283,3
2020-04-24 15:09:58.361,10282,10284,10284,2
2020-04-24 15:09:58.599,10283,10284,10283,2
2020-04-24 15:09:58.599,10283,10284,10282,3
2020-04-24 15:09:59.054,10282,10284,10284,1
2020-04-24 15:10:02.549,10281,10282,10281,1
2020-04-24 15:10:02.956,10281,10282,10282,1
2020-04-24 15:10:03.021,10281,10282,10282,1
2020-04-24 15:10:03.177,10281,10282,10282,3
2020-04-24 15:10:12.938,10282,10283,10283,1
2020-04-24 15:10:15.370,10282,10283,10283,1
2020-04-24 15:10:16.664,10282,10283,10283,2
2020-04-24 15:10:17.960,10283,10285,10283,1
2020-04-24 15:10:20.551,10283,10284,10284,1
2020-04-24 15:10:24.253,10283,10284,10284,1
2020-04-24 15:10:25.116,10283,10284,10283,5
2020-04-24 15:10:27.513,10282,10284,10283,1
2020-04-24 15:10:27.975,10283,10284,10283,1
2020-04-24 15:10:29.132,10283,10284,10283,8
2020-04-24 15:10:29.132,10283,10284,10282,2
2020-04-24 15:10:30.219,10282,10284,10282,1
2020-04-24 15:10:32.702,10282,10283,10283,1
2020-04-24 15:10:32.742,10282,10283,10282,1
2020-04-24 15:10:32.849,10282,10283,10283,1
2020-04-24 15:10:38.182,10282,10283,10283,1
2020-04-24 15:10:41.915,10282,10283,10283,1
2020-04-24 15:10:41.986,10282,10283,10283,1
2020-04-24 15:10:42.274,10282,10284,10284,13
2020-04-24 15:10:44.595,10283,10284,10284,1
2020-04-24 15:10:44.595,10283,10284,10285,2
2020-04-24 15:10:47.250,10284,10285,10284,1
2020-04-24 15:10:49.878,10284,10285,10285,2
2020-04-24 15:10:49.934,10284,10285,10285,5
2020-04-24 15:10:49.935,10284,10285,10285,3
2020-04-24 15:10:49.935,10284,10285,10285,2
2020-04-24 15:10:49.935,10284,10285,10285,1
2020-04-24 15:10:49.935,10284,10285,10285,7
2020-04-24 15:10:49.935,10284,10285,10285,1
2020-04-24 15:10:53.429,10285,10286,10286,1
2020-04-24 15:10:54.307,10285,10286,10286,2
2020-04-24 15:10:55.461,10285,10287,10286,1
2020-04-24 15:10:58.997,10285,10286,10286,2
2020-04-24 15:11:00.228,10285,10286,10285,1
2020-04-24 15:11:01.480,10283,10285,10283,1
2020-04-24 15:11:02.163,10283,10284,10284,2
2020-04-24 15:11:09.724,10283,10284,10283,2
2020-04-24 15:11:11.085,10282,10283,10282,2
2020-04-24 15:11:11.085,10282,10283,10282,7
2020-04-24 15:11:12.340,10281,10282,10282,2
2020-04-24 15:11:12.748,10281,10282,10282,1
2020-04-24 15:11:12.907,10281,10282,10281,1
2020-04-24 15:11:13.082,10281,10282,10281,2
2020-04-24 15:11:13.172,10281,10282,10281,2
2020-04-24 15:11:18.086,10280,10281,10281,1
2020-04-24 15:11:18.086,10280,10281,10282,4
2020-04-24 15:11:18.434,10281,10282,10281,1
2020-04-24 15:11:20.943,10280,10281,10281,1
2020-04-24 15:11:22.355,10281,10283,10281,1
2020-04-24 15:11:24.860,10281,10282,10282,1
2020-04-24 15:11:27.077,10282,10283,10282,1
2020-04-24 15:11:33.282,10281,10282,10282,1
2020-04-24 15:11:35.343,10282,10283,10282,1
2020-04-24 15:11:45.877,10282,10283,10282,1
2020-04-24 15:11:46.710,10281,10282,10281,4
2020-04-24 15:11:46.711,10281,10282,10281,1
2020-04-24 15:11:46.711,10281,10282,10281,1
2020-04-24 15:11:46.711,10281,10282,10281,1
2020-04-24 15:11:48.495,10280,10281,10281,1
2020-04-24 15:11:50.240,10281,10282,10282,1
2020-04-24 15:11:57.786,10281,10282,10282,1
2020-04-24 15:12:02.012,10281,10282,10282,1
2020-04-24 15:12:02.013,10281,10282,10282,1
2020-04-24 15:12:02.476,10282,10283,10282,5
2020-04-24 15:12:15.329,10281,10282,10282,1
2020-04-24 15:12:16.383,10281,10282,10282,3
2020-04-24 15:12:31.031,10282,10283,10282,1
2020-04-24 15:12:31.726,10282,10283,10282,2
2020-04-24 15:12:35.487,10281,10282,10282,2
2020-04-24 15:12:38.246,10282,10283,10282,1
2020-04-24 15:12:40.375,10281,10282,10281,3
2020-04-24 15:12:40.375,10281,10282,10281,3
2020-04-24 15:12:44.212,10280,10281,10281,1
2020-04-24 15:12:51.234,10280,10281,10281,1
2020-04-24 15:12:52.888,10280,10281,10280,5
2020-04-24 15:12:52.888,10280,10281,10280,7
2020-04-24 15:12:52.888,10280,10281,10280,2
2020-04-24 15:12:52.888,10280,10281,10280,10
2020-04-24 15:12:54.260,10279,10280,10279,2
2020-04-24 15:12:54.519,10279,10280,10279,1
2020-04-24 15:12:54.528,10279,10280,10279,1
2020-04-24 15:12:55.200,10279,10280,10279,4
2020-04-24 15:12:55.200,10279,10280,10279,1
2020-04-24 15:12:57.001,10278,10279,10279,2
2020-04-24 15:12:57.394,10278,10279,10278,1
2020-04-24 15:12:57.758,10278,10280,10278,1
2020-04-24 15:12:59.748,10278,10280,10278,3
2020-04-24 15:13:01.869,10279,10280,10280,2
2020-04-24 15:13:02.069,10279,10281,10279,2
2020-04-24 15:13:03.622,10278,10280,10278,1
2020-04-24 15:13:04.765,10278,10280,10278,1
2020-04-24 15:13:05.033,10278,10280,10278,1
2020-04-24 15:13:06.356,10278,10279,10279,1
2020-04-24 15:13:08.261,10278,10279,10278,3
2020-04-24 15:13:08.261,10278,10279,10277,1
2020-04-24 15:13:08.466,10277,10279,10277,1
2020-04-24 15:13:10.546,10278,10279,10278,2
2020-04-24 15:13:11.179,10277,10279,10277,4
2020-04-24 15:13:15.235,10278,10279,10278,1
2020-04-24 15:13:16.206,10278,10279,10278,1
2020-04-24 15:13:18.286,10278,10279,10279,4
2020-04-24 15:13:18.286,10278,10279,10279,5
2020-04-24 15:13:18.287,10278,10279,10279,1
2020-04-24 15:13:19.087,10279,10280,10279,1
2020-04-24 15:13:21.724,10279,10280,10279,1
2020-04-24 15:13:23.151,10278,10279,10279,1
2020-04-24 15:13:23.264,10278,10279,10279,1
2020-04-24 15:13:23.753,10278,10280,10278,1
2020-04-24 15:13:26.096,10278,10279,10278,1
2020-04-24 15:13:26.350,10278,10279,10278,1
2020-04-24 15:13:28.693,10278,10279,10279,1
2020-04-24 15:13:30.304,10279,10280,10279,2
2020-04-24 15:13:32.269,10279,10280,10279,1
2020-04-24 15:13:35.883,10279,10280,10279,1
2020-04-24 15:13:35.985,10279,10280,10280,1
2020-04-24 15:13:35.986,10279,10280,10280,12
2020-04-24 15:13:36.330,10280,10281,10281,1
2020-04-24 15:13:38.683,10280,10282,10282,1
2020-04-24 15:13:39.236,10281,10282,10281,1
2020-04-24 15:13:42.097,10280,10282,10282,1
2020-04-24 15:13:43.990,10281,10282,10281,1
2020-04-24 15:13:48.738,10281,10282,10282,2
2020-04-24 15:13:49.204,10282,10283,10283,1
2020-04-24 15:13:49.204,10282,10283,10283,1
2020-04-24 15:13:49.204,10282,10283,10283,3
2020-04-24 15:13:50.264,10282,10283,10283,1
2020-04-24 15:13:57.101,10282,10283,10283,1
2020-04-24 15:13:57.934,10283,10284,10284,1
2020-04-24 15:13:57.934,10283,10284,10284,1
2020-04-24 15:13:59.534,10283,10285,10283,1
2020-04-24 15:14:02.232,10283,10284,10284,1
2020-04-24 15:14:03.662,10284,10285,10285,1
2020-04-24 15:14:04.870,10284,10285,10285,1
2020-04-24 15:14:04.963,10284,10285,10285,1
2020-04-24 15:14:07.326,10284,10285,10285,5
2020-04-24 15:14:09.211,10284,10285,10285,1
2020-04-24 15:14:09.211,10284,10285,10286,4
2020-04-24 15:14:11.589,10285,10286,10286,1
2020-04-24 15:14:12.818,10285,10286,10285,1
2020-04-24 15:14:13.378,10285,10286,10286,1
2020-04-24 15:14:14.274,10285,10286,10286,1
2020-04-24 15:14:18.273,10285,10286,10286,4
2020-04-24 15:14:18.504,10285,10286,10286,1
2020-04-24 15:14:18.931,10285,10286,10286,1
2020-04-24 15:14:18.945,10285,10286,10285,5
2020-04-24 15:14:19.391,10284,10285,10285,2
2020-04-24 15:14:21.409,10284,10285,10285,1
2020-04-24 15:14:25.242,10284,10285,10284,7
2020-04-24 15:14:25.243,10284,10285,10284,1
2020-04-24 15:14:26.764,10283,10284,10284,1
2020-04-24 15:14:29.045,10283,10284,10283,1
2020-04-24 15:14:30.043,10282,10283,10282,1
2020-04-24 15:14:30.855,10282,10284,10284,1
2020-04-24 15:14:37.010,10281,10283,10283,1
2020-04-24 15:14:43.053,10281,10283,10283,1
2020-04-24 15:14:43.868,10281,10283,10283,2
2020-04-24 15:14:45.781,10282,10283,10282,1
2020-04-24 15:14:49.917,10282,10283,10283,1
2020-04-24 15:14:53.189,10282,10283,10282,1
2020-04-24 15:14:58.012,10281,10283,10283,1
2020-04-24 15:15:08.227,10282,10283,10283,2
2020-04-24 15:15:08.709,10282,10284,10284,1
2020-04-24 15:15:08.713,10282,10284,10284,1
2020-04-24 15:15:08.789,10282,10284,10282,3
2020-04-24 15:15:09.203,10282,10284,10284,3
2020-04-24 15:15:13.067,10282,10283,10282,2
2020-04-24 15:15:13.120,10281,10282,10282,1
2020-04-24 15:15:13.556,10281,10282,10281,1
2020-04-24 15:15:15.095,10281,10282,10281,2
2020-04-24 15:15:15.095,10281,10282,10281,2
2020-04-24 15:15:15.095,10281,10282,10281,8
2020-04-24 15:15:30.804,10280,10281,10281,2
2020-04-24 15:15:31.127,10280,10282,10281,1
2020-04-24 15:15:34.242,10280,10282,10282,2
2020-04-24 15:15:36.440,10280,10281,10281,1
2020-04-24 15:15:51.311,10282,10283,10283,2
2020-04-24 15:15:53.594,10282,10284,10283,1
2020-04-24 15:15:55.727,10282,10283,10282,1
2020-04-24 15:16:02.740,10281,10282,10282,1
2020-04-24 15:16:04.318,10282,10283,10283,1
2020-04-24 15:16:08.171,10281,10282,10282,1
2020-04-24 15:16:09.746,10282,10283,10283,2
2020-04-24 15:16:10.705,10283,10284,10284,2
2020-04-24 15:16:14.219,10282,10284,10284,1
2020-04-24 15:16:16.249,10282,10283,10282,1
2020-04-24 15:16:21.869,10283,10284,10283,1
2020-04-24 15:16:27.714,10282,10283,10283,1
2020-04-24 15:16:48.819,10283,10284,10284,2
2020-04-24 15:16:51.584,10283,10284,10283,3
2020-04-24 15:16:51.585,10283,10284,10283,2
2020-04-24 15:16:55.476,10282,10284,10283,1
2020-04-24 15:16:58.405,10282,10284,10284,2
2020-04-24 15:17:03.534,10283,10284,10284,2
2020-04-24 15:17:12.144,10282,10283,10283,1
2020-04-24 15:17:13.515,10282,10283,10283,5
2020-04-24 15:17:13.515,10282,10283,10283,1
2020-04-24 15:17:14.608,10284,10285,10284,1
2020-04-24 15:17:17.634,10284,10285,10285,2
2020-04-24 15:17:17.634,10284,10285,10285,1
2020-04-24 15:17:17.828,10285,10286,10286,3
2020-04-24 15:17:20.738,10286,10287,10287,4
2020-04-24 15:17:26.181,10286,10287,10286,1
2020-04-24 15:17:26.768,10285,10287,10287,1
2020-04-24 15:17:29.454,10285,10287,10287,2
2020-04-24 15:17:30.880,10285,10286,10286,1
2020-04-24 15:17:31.386,10285,10287,10287,3
2020-04-24 15:17:32.046,10285,10287,10286,1
2020-04-24 15:17:33.595,10285,10286,10286,1
2020-04-24 15:17:35.251,10285,10286,10286,1
2020-04-24 15:17:35.505,10285,10286,10286,1
2020-04-24 15:17:37.023,10286,10287,10286,1
2020-04-24 15:17:40.713,10285,10286,10285,3
2020-04-24 15:17:40.714,10285,10286,10285,3
2020-04-24 15:17:40.714,10285,10286,10285,1
2020-04-24 15:17:41.797,10284,10285,10285,1
2020-04-24 15:17:43.554,10284,10285,10285,1
2020-04-24 15:17:44.999,10284,10286,10286,1
2020-04-24 15:17:45.575,10284,10285,10285,1
2020-04-24 15:17:50.192,10285,10286,10286,1
2020-04-24 15:17:50.642,10285,10286,10285,1
2020-04-24 15:17:54.572,10285,10286,10285,1
2020-04-24 15:17:56.270,10285,10286,10286,1
2020-04-24 15:18:02.066,10285,10286,10285,3
2020-04-24 15:18:02.066,10285,10286,10285,2
2020-04-24 15:18:02.942,10284,10285,10285,1
2020-04-24 15:18:03.061,10284,10285,10285,1
2020-04-24 15:18:05.734,10284,10286,10284,1
2020-04-24 15:18:05.795,10284,10285,10285,3
2020-04-24 15:18:08.832,10284,10285,10285,4
2020-04-24 15:18:08.832,10284,10285,10285,1
2020-04-24 15:18:09.589,10284,10285,10284,1
2020-04-24 15:18:17.504,10284,10285,10285,2
2020-04-24 15:18:21.339,10285,10286,10285,1
2020-04-24 15:18:21.373,10285,10286,10286,1
2020-04-24 15:18:25.509,10284,10286,10286,3
2020-04-24 15:18:27.220,10284,10286,10284,1
2020-04-24 15:18:37.112,10284,10285,10285,1
2020-04-24 15:18:37.945,10284,10285,10284,6
2020-04-24 15:18:43.668,10283,10284,10283,1
2020-04-24 15:18:43.668,10283,10284,10283,1
2020-04-24 15:18:43.670,10283,10284,10283,4
2020-04-24 15:18:43.803,10282,10283,10282,3
2020-04-24 15:18:44.017,10282,10283,10283,1
2020-04-24 15:18:46.313,10282,10284,10284,4
2020-04-24 15:18:50.440,10282,10284,10284,1
2020-04-24 15:18:59.660,10283,10284,10284,3
2020-04-24 15:18:59.741,10283,10284,10284,2
2020-04-24 15:19:03.785,10283,10284,10283,1
2020-04-24 15:19:04.980,10283,10284,10284,1
2020-04-24 15:19:04.980,10283,10284,10284,1
2020-04-24 15:19:06.360,10284,10285,10284,1
2020-04-24 15:19:06.461,10284,10285,10284,1
2020-04-24 15:19:12.359,10283,10285,10285,1
2020-04-24 15:19:18.889,10284,10285,10285,1
2020-04-24 15:19:18.889,10284,10285,10285,2
2020-04-24 15:19:21.762,10285,10286,10286,1
2020-04-24 15:19:22.395,10285,10286,10286,1
2020-04-24 15:19:22.398,10285,10286,10286,1
2020-04-24 15:19:36.602,10285,10286,10285,3
2020-04-24 15:19:48.351,10284,10285,10285,1
2020-04-24 15:19:51.168,10284,10285,10284,7
2020-04-24 15:19:51.168,10284,10285,10284,5
2020-04-24 15:19:51.168,10284,10285,10284,8
2020-04-24 15:19:51.168,10284,10285,10284,2
2020-04-24 15:19:51.243,10283,10284,10283,1
2020-04-24 15:19:52.937,10283,10284,10283,1
2020-04-24 15:19:53.501,10283,10284,10283,1
2020-04-24 15:19:58.319,10282,10283,10283,1
2020-04-24 15:20:00.881,10282,10283,10283,1
2020-04-24 15:20:02.396,10282,10283,10282,3
2020-04-24 15:20:02.740,10281,10282,10283,4
2020-04-24 15:20:07.333,10282,10283,10282,3
2020-04-24 15:20:08.722,10281,10282,10282,7
2020-04-24 15:20:11.397,10281,10283,10283,2
2020-04-24 15:20:11.630,10282,10283,10282,1
2020-04-24 15:20:11.911,10282,10283,10283,3
2020-04-24 15:20:18.777,10282,10283,10282,7
2020-04-24 15:20:19.609,10281,10283,10282,1
2020-04-24 15:20:21.196,10281,10283,10281,1
2020-04-24 15:20:21.735,10282,10283,10283,3
2020-04-24 15:20:26.811,10283,10285,10283,7
2020-04-24 15:20:27.542,10282,10284,10283,1
2020-04-24 15:20:35.313,10282,10283,10283,1
2020-04-24 15:20:37.833,10282,10283,10283,1
2020-04-24 15:20:39.188,10282,10283,10283,2
2020-04-24 15:20:39.188,10282,10283,10284,1
2020-04-24 15:20:42.188,10283,10284,10284,1
2020-04-24 15:20:51.022,10283,10284,10283,1
2020-04-24 15:20:51.497,10282,10283,10283,1
2020-04-24 15:20:56.478,10282,10283,10283,1
2020-04-24 15:20:59.041,10282,10284,10284,1
2020-04-24 15:21:01.161,10283,10284,10284,4
2020-04-24 15:21:08.882,10284,10285,10284,1
2020-04-24 15:21:09.759,10284,10285,10285,4
2020-04-24 15:21:09.768,10284,10285,10286,1
2020-04-24 15:21:11.609,10285,10286,10285,1
2020-04-24 15:21:19.774,10285,10286,10286,1
2020-04-24 15:21:19.774,10285,10286,10286,1
2020-04-24 15:21:19.774,10285,10286,10286,1
2020-04-24 15:21:19.774,10285,10286,10286,2
2020-04-24 15:21:19.775,10285,10286,10286,1
2020-04-24 15:21:19.775,10285,10286,10286,1
2020-04-24 15:21:29.405,10285,10286,10285,3
2020-04-24 15:21:29.616,10284,10285,10285,1
2020-04-24 15:21:32.475,10284,10285,10285,1
2020-04-24 15:21:33.242,10284,10285,10284,7
2020-04-24 15:21:33.243,10284,10285,10284,1
2020-04-24 15:21:34.976,10284,10285,10285,2
2020-04-24 15:21:41.921,10284,10285,10284,1
2020-04-24 15:21:43.168,10283,10284,10284,1
2020-04-24 15:21:43.236,10283,10284,10284,1
2020-04-24 15:21:47.078,10283,10284,10283,2
2020-04-24 15:21:47.579,10283,10284,10283,2
2020-04-24 15:21:47.580,10283,10284,10283,3
2020-04-24 15:21:50.028,10282,10283,10282,2
2020-04-24 15:21:50.028,10282,10283,10282,2
2020-04-24 15:21:51.256,10281,10282,10281,15
2020-04-24 15:21:54.459,10281,10282,10282,1
2020-04-24 15:22:04.887,10281,10282,10282,3
2020-04-24 15:22:07.337,10281,10282,10282,4
2020-04-24 15:22:07.412,10282,10283,10283,1
2020-04-24 15:22:10.133,10282,10283,10282,1
2020-04-24 15:22:12.592,10282,10283,10282,1
2020-04-24 15:22:21.783,10281,10282,10281,1
2020-04-24 15:22:21.783,10281,10282,10281,4
2020-04-24 15:22:21.784,10281,10282,10281,3
2020-04-24 15:22:21.784,10281,10282,10281,2
2020-04-24 15:22:21.784,10281,10282,10281,4
2020-04-24 15:22:21.784,10281,10282,10281,2
2020-04-24 15:22:21.784,10281,10282,10281,1
2020-04-24 15:22:26.495,10280,10281,10281,7
2020-04-24 15:22:27.600,10280,10282,10280,1
2020-04-24 15:22:27.700,10280,10282,10282,1
2020-04-24 15:22:33.731,10280,10281,10281,2
2020-04-24 15:22:35.023,10281,10282,10282,1
2020-04-24 15:22:39.731,10281,10282,10281,4
2020-04-24 15:22:39.731,10281,10282,10280,1
2020-04-24 15:22:39.923,10280,10282,10280,5
2020-04-24 15:22:39.935,10280,10282,10280,1
2020-04-24 15:22:40.113,10280,10282,10280,5
2020-04-24 15:22:40.277,10280,10281,10280,4
2020-04-24 15:22:40.277,10280,10281,10279,1
2020-04-24 15:22:48.532,10281,10282,10281,1
2020-04-24 15:22:51.410,10281,10282,10282,2
2020-04-24 15:22:57.653,10282,10284,10282,1
2020-04-24 15:22:57.907,10282,10284,10282,1
2020-04-24 15:23:02.250,10282,10283,10283,3
2020-04-24 15:23:09.258,10281,10283,10281,5
2020-04-24 15:23:09.431,10281,10282,10281,4
2020-04-24 15:23:09.431,10281,10282,10280,1
2020-04-24 15:23:11.765,10281,10283,10281,1
2020-04-24 15:23:15.123,10282,10283,10282,1
2020-04-24 15:23:28.785,10280,10281,10280,8
2020-04-24 15:23:30.614,10279,10280,10280,1
2020-04-24 15:23:34.840,10280,10281,10280,1
2020-04-24 15:23:38.941,10279,10280,10279,2
2020-04-24 15:23:39.626,10279,10280,10280,1
2020-04-24 15:23:41.542,10279,10280,10280,1
2020-04-24 15:23:46.392,10280,10282,10280,2
2020-04-24 15:23:56.910,10280,10281,10280,3
2020-04-24 15:23:56.910,10280,10281,10280,5
2020-04-24 15:23:57.123,10279,10280,10279,4
2020-04-24 15:23:57.123,10279,10280,10279,8
2020-04-24 15:23:57.123,10279,10280,10279,2
2020-04-24 15:23:58.104,10278,10280,10280,1
2020-04-24 15:24:01.968,10278,10280,10278,1
2020-04-24 15:24:06.880,10279,10280,10279,1
2020-04-24 15:24:08.690,10278,10280,10278,10
2020-04-24 15:24:08.969,10278,10279,10279,1
2020-04-24 15:24:09.263,10279,10280,10279,2
2020-04-24 15:24:09.515,10279,10280,10279,1
2020-04-24 15:24:10.614,10279,10280,10279,2
2020-04-24 15:24:12.043,10278,10280,10279,1
2020-04-24 15:24:15.663,10278,10279,10279,1
2020-04-24 15:24:24.677,10279,10280,10280,6
2020-04-24 15:24:27.692,10280,10281,10281,3
2020-04-24 15:24:29.502,10281,10282,10281,2
2020-04-24 15:24:30.961,10281,10282,10282,2
2020-04-24 15:24:32.910,10281,10282,10281,1
2020-04-24 15:24:46.173,10280,10281,10281,1
2020-04-24 15:24:51.104,10281,10282,10281,1
2020-04-24 15:24:54.380,10281,10282,10281,1
2020-04-24 15:24:59.059,10280,10281,10281,1
2020-04-24 15:24:59.297,10280,10281,10281,1
2020-04-24 15:25:00.167,10280,10282,10281,1
2020-04-24 15:25:01.961,10281,10282,10281,1
2020-04-24 15:25:07.076,10281,10282,10281,1
2020-04-24 15:25:13.148,10280,10281,10281,1
2020-04-24 15:25:13.440,10280,10282,10281,2
2020-04-24 15:25:13.440,10280,10282,10282,2
2020-04-24 15:25:23.739,10281,10282,10281,1
2020-04-24 15:25:31.066,10280,10281,10281,1
2020-04-24 15:25:34.199,10280,10281,10281,3
2020-04-24 15:25:34.555,10280,10281,10280,2
2020-04-24 15:25:34.556,10280,10281,10280,3
2020-04-24 15:25:34.556,10280,10281,10280,1
2020-04-24 15:25:35.985,10279,10281,10280,1
2020-04-24 15:25:38.781,10279,10280,10280,1
2020-04-24 15:25:53.239,10279,10280,10279,1
2020-04-24 15:25:53.256,10279,10280,10280,1
2020-04-24 15:25:53.256,10279,10280,10281,2
2020-04-24 15:25:56.236,10280,10281,10281,1
2020-04-24 15:25:57.053,10280,10281,10280,1
2020-04-24 15:26:02.541,10280,10281,10280,2
2020-04-24 15:26:02.541,10280,10281,10279,1
2020-04-24 15:26:05.352,10280,10281,10281,2
2020-04-24 15:26:07.295,10280,10282,10280,2
2020-04-24 15:26:17.127,10280,10281,10280,3
2020-04-24 15:26:23.120,10280,10281,10281,2
2020-04-24 15:26:30.366,10280,10281,10280,1
2020-04-24 15:26:30.367,10280,10281,10280,1
2020-04-24 15:26:30.368,10280,10281,10280,1
2020-04-24 15:26:30.896,10279,10280,10280,1
2020-04-24 15:26:33.493,10279,10280,10279,2
2020-04-24 15:26:39.241,10278,10279,10279,1
2020-04-24 15:26:42.276,10278,10279,10278,1
2020-04-24 15:26:42.288,10278,10279,10278,1
2020-04-24 15:26:42.288,10278,10279,10278,2
2020-04-24 15:26:42.361,10278,10279,10278,2
2020-04-24 15:26:42.764,10277,10278,10277,1
2020-04-24 15:26:42.765,10277,10278,10277,1
2020-04-24 15:26:43.384,10277,10278,10278,1
2020-04-24 15:26:44.369,10277,10278,10278,1
2020-04-24 15:26:55.044,10278,10279,10279,1
2020-04-24 15:26:55.044,10278,10279,10279,1
2020-04-24 15:26:58.556,10278,10279,10279,1
2020-04-24 15:26:58.748,10279,10280,10279,1
2020-04-24 15:26:58.826,10279,10280,10279,1
2020-04-24 15:27:02.546,10278,10279,10279,1
2020-04-24 15:27:05.382,10279,10281,10279,2
2020-04-24 15:27:07.991,10279,10280,10280,1
2020-04-24 15:27:24.094,10279,10280,10279,1
2020-04-24 15:27:26.688,10278,10279,10279,1
2020-04-24 15:27:26.688,10278,10279,10279,1
2020-04-24 15:27:31.600,10279,10280,10279,5
2020-04-24 15:27:34.665,10278,10279,10279,1
2020-04-24 15:27:44.797,10279,10280,10279,2
2020-04-24 15:27:46.249,10279,10280,10279,1
2020-04-24 15:27:50.447,10278,10279,10279,1
2020-04-24 15:27:55.546,10278,10279,10279,4
2020-04-24 15:27:57.532,10279,10280,10280,1
2020-04-24 15:27:57.794,10279,10280,10279,1
2020-04-24 15:28:00.363,10279,10280,10280,4
2020-04-24 15:28:06.748,10280,10281,10281,1
2020-04-24 15:28:16.737,10280,10281,10280,1
2020-04-24 15:28:22.676,10279,10280,10279,1
2020-04-24 15:28:22.676,10279,10280,10279,2
2020-04-24 15:28:22.677,10279,10280,10279,2
2020-04-24 15:28:26.226,10278,10279,10278,1
2020-04-24 15:28:26.226,10278,10279,10278,2
2020-04-24 15:28:26.226,10278,10279,10278,4
2020-04-24 15:28:26.227,10278,10279,10278,4
2020-04-24 15:28:26.227,10278,10279,10278,2
2020-04-24 15:28:26.227,10278,10279,10278,1
2020-04-24 15:28:26.227,10278,10279,10278,1
2020-04-24 15:28:26.227,10278,10279,10278,1
2020-04-24 15:28:26.227,10278,10279,10278,1
2020-04-24 15:28:26.227,10278,10279,10278,2
2020-04-24 15:28:26.227,10278,10279,10278,1
2020-04-24 15:28:26.227,10278,10279,10278,2
2020-04-24 15:28:26.391,10277,10278,10278,1
2020-04-24 15:28:28.501,10277,10278,10277,23
2020-04-24 15:28:28.617,10276,10277,10276,1
2020-04-24 15:28:28.954,10276,10277,10277,1
2020-04-24 15:28:29.258,10276,10277,10276,1
2020-04-24 15:28:29.319,10276,10277,10276,1
2020-04-24 15:28:29.320,10276,10277,10276,3
2020-04-24 15:28:29.320,10276,10277,10276,3
2020-04-24 15:28:29.320,10276,10277,10276,1
2020-04-24 15:28:29.320,10276,10277,10276,3
2020-04-24 15:28:30.642,10275,10276,10275,1
2020-04-24 15:28:31.550,10275,10276,10275,2
2020-04-24 15:28:31.863,10275,10276,10276,2
2020-04-24 15:28:34.319,10275,10276,10275,1
2020-04-24 15:28:35.633,10275,10276,10276,1
2020-04-24 15:28:35.830,10275,10276,10276,1
2020-04-24 15:28:35.830,10275,10276,10276,3
2020-04-24 15:28:36.163,10276,10278,10276,1
2020-04-24 15:28:37.769,10276,10277,10276,1
2020-04-24 15:28:38.246,10275,10277,10275,1
2020-04-24 15:28:38.674,10275,10277,10275,2
2020-04-24 15:28:40.152,10275,10276,10276,1
2020-04-24 15:28:40.618,10276,10278,10276,1
2020-04-24 15:28:40.719,10276,10278,10278,1
2020-04-24 15:28:46.563,10278,10279,10278,1
2020-04-24 15:28:46.563,10278,10279,10277,1
2020-04-24 15:28:49.553,10277,10279,10277,1
2020-04-24 15:28:50.068,10277,10278,10277,1
2020-04-24 15:28:50.105,10277,10278,10276,1
2020-04-24 15:28:51.490,10276,10277,10276,1
2020-04-24 15:28:57.793,10275,10277,10275,2
2020-04-24 15:29:00.821,10276,10277,10276,2
2020-04-24 15:29:00.821,10276,10277,10276,1
2020-04-24 15:29:02.151,10276,10277,10277,1
2020-04-24 15:29:02.302,10276,10277,10277,3
2020-04-24 15:29:07.895,10277,10278,10277,1
2020-04-24 15:29:10.477,10277,10278,10278,4
2020-04-24 15:29:10.726,10278,10279,10278,1
2020-04-24 15:29:10.982,10277,10278,10278,2
2020-04-24 15:29:14.776,10278,10279,10278,1
2020-04-24 15:29:18.466,10278,10279,10278,1
2020-04-24 15:29:24.478,10276,10278,10276,1
2020-04-24 15:29:28.362,10277,10278,10277,1
2020-04-24 15:29:35.347,10276,10277,10276,1
2020-04-24 15:29:40.217,10276,10277,10277,16
2020-04-24 15:29:40.217,10276,10277,10277,1
2020-04-24 15:29:40.253,10277,10278,10277,3
2020-04-24 15:29:42.429,10276,10278,10278,2
2020-04-24 15:29:42.835,10277,10278,10277,1
2020-04-24 15:29:48.182,10277,10278,10277,1
2020-04-24 15:29:49.409,10276,10277,10277,1
2020-04-24 15:29:53.035,10276,10277,10276,1
2020-04-24 15:29:54.214,10276,10277,10276,1
2020-04-24 15:30:00.664,10276,10277,10277,1
2020-04-24 15:30:00.665,10276,10277,10277,4
2020-04-24 15:30:00.666,10276,10277,10277,1
2020-04-24 15:30:00.666,10276,10277,10277,11
2020-04-24 15:30:00.666,10276,10277,10277,1
2020-04-24 15:30:00.666,10276,10277,10277,1
2020-04-24 15:30:00.953,10277,10278,10279,2
2020-04-24 15:30:01.072,10278,10279,10279,1
2020-04-24 15:30:01.072,10278,10279,10279,1
2020-04-24 15:30:01.342,10278,10279,10279,5
2020-04-24 15:30:01.702,10278,10279,10278,1
2020-04-24 15:30:12.138,10278,10279,10278,5
2020-04-24 15:30:14.872,10276,10278,10276,2
2020-04-24 15:30:15.190,10276,10278,10276,1
2020-04-24 15:30:19.897,10276,10277,10276,2
2020-04-24 15:30:19.898,10276,10277,10276,2
2020-04-24 15:30:24.743,10275,10276,10276,1
2020-04-24 15:30:24.743,10275,10276,10276,1
2020-04-24 15:30:24.855,10275,10276,10276,1
2020-04-24 15:30:32.154,10276,10278,10278,3
2020-04-24 15:30:50.721,10276,10277,10277,1
2020-04-24 15:31:00.725,10276,10277,10277,1
2020-04-24 15:31:02.814,10277,10278,10278,3
2020-04-24 15:31:19.503,10277,10278,10277,1
2020-04-24 15:31:33.446,10276,10277,10277,1
2020-04-24 15:31:39.199,10276,10277,10277,2
2020-04-24 15:31:40.465,10276,10277,10277,1
2020-04-24 15:31:48.251,10276,10277,10277,1
2020-04-24 15:31:54.433,10276,10278,10276,1
2020-04-24 15:31:59.524,10276,10277,10276,9
2020-04-24 15:31:59.524,10276,10277,10275,1
2020-04-24 15:32:01.720,10275,10276,10276,1
2020-04-24 15:32:05.755,10275,10276,10275,7
2020-04-24 15:32:06.784,10275,10276,10275,1
2020-04-24 15:32:08.151,10275,10276,10275,1
2020-04-24 15:32:10.257,10274,10275,10274,1
2020-04-24 15:32:10.469,10274,10275,10274,3
2020-04-24 15:32:10.513,10274,10275,10274,1
2020-04-24 15:32:10.621,10274,10275,10274,1
2020-04-24 15:32:11.578,10274,10275,10274,1
2020-04-24 15:32:11.579,10274,10275,10274,1
2020-04-24 15:32:11.579,10274,10275,10274,4
2020-04-24 15:32:11.579,10274,10275,10274,1
2020-04-24 15:32:11.579,10274,10275,10274,2
2020-04-24 15:32:12.285,10273,10275,10273,1
2020-04-24 15:32:14.070,10273,10274,10273,3
2020-04-24 15:32:14.071,10273,10274,10273,9
2020-04-24 15:32:14.071,10273,10274,10273,1
2020-04-24 15:32:14.071,10273,10274,10273,1
2020-04-24 15:32:14.351,10272,10273,10273,1
2020-04-24 15:32:14.563,10272,10273,10273,2
2020-04-24 15:32:14.563,10272,10273,10274,1
2020-04-24 15:32:16.254,10273,10274,10274,1
2020-04-24 15:32:19.882,10274,10275,10274,1
2020-04-24 15:32:20.599,10274,10275,10274,1
2020-04-24 15:32:20.965,10273,10275,10273,1
2020-04-24 15:32:23.598,10273,10274,10274,3
2020-04-24 15:32:23.598,10273,10274,10275,2
2020-04-24 15:32:25.292,10274,10275,10275,3
2020-04-24 15:32:25.293,10274,10275,10275,1
2020-04-24 15:32:25.293,10274,10275,10275,8
2020-04-24 15:32:25.873,10274,10275,10275,1
2020-04-24 15:32:30.582,10275,10276,10276,2
2020-04-24 15:32:30.582,10275,10276,10276,1
2020-04-24 15:32:31.438,10275,10277,10275,1
2020-04-24 15:32:35.537,10275,10276,10276,1
2020-04-24 15:32:37.323,10275,10277,10275,7
2020-04-24 15:32:37.422,10275,10276,10275,3
2020-04-24 15:32:40.301,10275,10276,10275,2
2020-04-24 15:32:40.725,10274,10276,10274,1
2020-04-24 15:32:40.826,10274,10275,10275,1
2020-04-24 15:32:43.201,10274,10275,10275,1
2020-04-24 15:32:50.125,10274,10275,10275,1
2020-04-24 15:32:56.728,10274,10275,10275,4
2020-04-24 15:32:59.574,10274,10276,10275,4
2020-04-24 15:32:59.575,10274,10276,10275,2
2020-04-24 15:33:09.488,10274,10275,10274,2
2020-04-24 15:33:21.680,10274,10275,10275,2
2020-04-24 15:33:28.206,10276,10277,10276,1
2020-04-24 15:33:35.435,10276,10277,10276,1
2020-04-24 15:33:38.700,10276,10277,10277,1
2020-04-24 15:33:46.879,10276,10277,10277,1
2020-04-24 15:33:47.089,10276,10277,10277,6
2020-04-24 15:33:47.883,10276,10278,10276,1
2020-04-24 15:33:50.858,10276,10277,10277,1
2020-04-24 15:33:56.563,10277,10278,10277,1
2020-04-24 15:34:00.102,10276,10277,10277,1
2020-04-24 15:34:08.964,10277,10278,10277,1
2020-04-24 15:34:13.063,10277,10278,10278,2
2020-04-24 15:34:13.180,10277,10278,10277,3
2020-04-24 15:34:13.259,10277,10278,10278,2
2020-04-24 15:34:17.769,10277,10278,10277,1
2020-04-24 15:34:19.317,10277,10278,10277,1
2020-04-24 15:34:19.317,10277,10278,10277,1
2020-04-24 15:34:21.417,10276,10277,10276,1
2020-04-24 15:34:21.455,10276,10277,10276,1
2020-04-24 15:34:21.611,10275,10276,10275,1
2020-04-24 15:34:25.858,10276,10277,10277,2
2020-04-24 15:34:27.095,10275,10277,10276,1
2020-04-24 15:34:33.455,10276,10277,10276,2
2020-04-24 15:34:36.838,10275,10276,10275,1
2020-04-24 15:34:36.838,10275,10276,10275,4
2020-04-24 15:34:36.839,10275,10276,10275,2
2020-04-24 15:34:42.833,10275,10276,10275,1
2020-04-24 15:34:43.046,10274,10275,10275,1
2020-04-24 15:34:51.159,10275,10276,10276,1
2020-04-24 15:35:02.879,10276,10277,10276,2
2020-04-24 15:35:28.694,10275,10277,10275,1
2020-04-24 15:35:31.639,10276,10277,10277,3
2020-04-24 15:35:36.402,10276,10277,10277,1
2020-04-24 15:35:51.111,10276,10277,10277,2
2020-04-24 15:35:59.491,10277,10278,10278,2
2020-04-24 15:36:02.498,10278,10279,10279,3
2020-04-24 15:36:02.499,10278,10279,10279,1
2020-04-24 15:36:04.099,10279,10280,10280,2
2020-04-24 15:36:04.099,10279,10280,10280,2
2020-04-24 15:36:04.156,10279,10281,10281,1
2020-04-24 15:36:04.317,10279,10281,10280,3
2020-04-24 15:36:07.221,10279,10280,10280,2
2020-04-24 15:36:07.231,10279,10280,10281,1
2020-04-24 15:36:10.208,10279,10280,10279,1
2020-04-24 15:36:11.178,10279,10280,10279,1
2020-04-24 15:36:14.304,10278,10279,10278,2
2020-04-24 15:36:14.304,10278,10279,10278,3
2020-04-24 15:36:16.290,10277,10278,10278,1
2020-04-24 15:36:20.790,10278,10279,10279,2
2020-04-24 15:36:20.790,10278,10279,10280,3
2020-04-24 15:36:26.941,10278,10279,10279,1
2020-04-24 15:36:43.781,10278,10279,10278,1
2020-04-24 15:36:57.279,10277,10278,10278,1
2020-04-24 15:37:00.796,10278,10279,10279,1
2020-04-24 15:37:10.018,10279,10280,10279,1
2020-04-24 15:37:18.172,10278,10279,10279,1
2020-04-24 15:37:20.079,10278,10279,10278,1
2020-04-24 15:37:25.027,10278,10279,10279,1
2020-04-24 15:37:25.592,10278,10279,10279,1
2020-04-24 15:37:26.262,10278,10279,10278,1
2020-04-24 15:37:26.262,10278,10279,10278,2
2020-04-24 15:37:26.262,10278,10279,10278,1
2020-04-24 15:37:26.747,10277,10278,10278,2
2020-04-24 15:37:28.662,10277,10278,10277,1
2020-04-24 15:37:38.358,10278,10279,10278,1
2020-04-24 15:37:41.919,10278,10279,10279,1
2020-04-24 15:37:41.919,10278,10279,10279,3
2020-04-24 15:37:42.059,10279,10280,10279,3
2020-04-24 15:37:49.266,10278,10279,10279,1
2020-04-24 15:37:49.483,10278,10279,10278,1
2020-04-24 15:37:56.964,10278,10279,10278,1
2020-04-24 15:38:01.937,10277,10278,10277,2
2020-04-24 15:38:01.937,10277,10278,10277,2
2020-04-24 15:38:13.459,10277,10278,10278,1
2020-04-24 15:38:19.540,10279,10280,10279,1
2020-04-24 15:38:22.323,10278,10279,10279,1
2020-04-24 15:38:35.170,10278,10279,10279,1
2020-04-24 15:38:36.566,10278,10279,10279,1
2020-04-24 15:38:53.843,10278,10279,10278,1
2020-04-24 15:39:02.158,10278,10279,10278,1
2020-04-24 15:39:02.349,10278,10279,10278,2
2020-04-24 15:39:02.735,10277,10278,10278,1
2020-04-24 15:39:02.925,10278,10279,10278,2
2020-04-24 15:39:07.362,10278,10279,10279,2
2020-04-24 15:39:08.427,10279,10280,10280,8
2020-04-24 15:39:08.428,10279,10280,10280,1
2020-04-24 15:39:14.816,10280,10281,10281,2
2020-04-24 15:39:17.181,10280,10281,10280,2
2020-04-24 15:39:17.930,10279,10280,10280,1
2020-04-24 15:39:29.764,10278,10279,10279,2
2020-04-24 15:39:29.933,10279,10280,10280,1
2020-04-24 15:39:31.626,10278,10279,10279,1
2020-04-24 15:39:32.906,10278,10279,10278,2
2020-04-24 15:39:32.907,10278,10279,10278,2
2020-04-24 15:39:41.714,10277,10279,10279,2
2020-04-24 15:39:59.505,10277,10279,10279,2
2020-04-24 15:40:01.414,10277,10279,10279,2
2020-04-24 15:40:01.920,10277,10278,10278,1
2020-04-24 15:40:01.920,10277,10278,10279,2
2020-04-24 15:40:02.105,10277,10279,10279,2
2020-04-24 15:40:02.105,10277,10279,10280,1
2020-04-24 15:40:06.579,10278,10280,10278,1
2020-04-24 15:40:10.624,10278,10279,10278,4
2020-04-24 15:40:20.504,10278,10279,10278,2
2020-04-24 15:40:23.894,10278,10279,10279,4
2020-04-24 15:40:36.022,10279,10280,10279,1
2020-04-24 15:40:46.991,10279,10280,10279,2
2020-04-24 15:40:48.785,10279,10280,10279,2
2020-04-24 15:40:48.786,10279,10280,10279,1
2020-04-24 15:40:48.786,10279,10280,10279,1
2020-04-24 15:40:54.610,10278,10279,10279,2
2020-04-24 15:40:54.611,10278,10279,10279,2
2020-04-24 15:41:22.162,10279,10280,10280,3
2020-04-24 15:41:22.162,10279,10280,10280,7
2020-04-24 15:41:22.162,10279,10280,10280,5
2020-04-24 15:41:28.509,10280,10281,10281,2
2020-04-24 15:41:28.509,10280,10281,10281,2
2020-04-24 15:41:36.713,10281,10282,10282,1
2020-04-24 15:41:36.971,10281,10282,10282,1
2020-04-24 15:41:39.211,10281,10282,10282,2
2020-04-24 15:41:41.230,10281,10282,10281,1
2020-04-24 15:41:49.960,10281,10282,10281,1
2020-04-24 15:41:59.601,10280,10281,10280,1
2020-04-24 15:42:04.812,10280,10281,10280,2
2020-04-24 15:42:05.000,10280,10281,10280,3
2020-04-24 15:42:09.279,10280,10281,10280,2
2020-04-24 15:42:12.266,10279,10280,10279,3
2020-04-24 15:42:14.467,10279,10280,10279,1
2020-04-24 15:42:17.009,10278,10280,10278,1
2020-04-24 15:42:40.316,10279,10280,10279,1
2020-04-24 15:42:46.812,10279,10280,10279,3
2020-04-24 15:42:49.584,10278,10279,10279,1
2020-04-24 15:42:51.944,10279,10280,10279,1
2020-04-24 15:43:02.760,10278,10279,10278,1
2020-04-24 15:43:03.096,10278,10279,10279,2
2020-04-24 15:43:03.497,10278,10279,10278,1
2020-04-24 15:43:12.220,10277,10278,10277,2
2020-04-24 15:43:12.220,10277,10278,10277,1
2020-04-24 15:43:12.254,10276,10277,10277,3
2020-04-24 15:43:12.295,10276,10277,10277,1
2020-04-24 15:43:12.295,10276,10277,10278,2
2020-04-24 15:43:14.909,10276,10278,10278,5
2020-04-24 15:43:19.386,10277,10278,10278,1
2020-04-24 15:43:19.516,10277,10278,10277,1
2020-04-24 15:43:22.362,10277,10278,10278,1
2020-04-24 15:43:39.349,10276,10278,10278,1
2020-04-24 15:43:43.111,10277,10278,10277,1
2020-04-24 15:43:43.844,10276,10278,10276,1
2020-04-24 15:43:44.081,10276,10278,10278,1
2020-04-24 15:44:04.567,10277,10278,10278,4
2020-04-24 15:44:05.785,10277,10278,10278,1
2020-04-24 15:44:16.758,10278,10279,10278,5
2020-04-24 15:44:28.398,10277,10278,10278,2
2020-04-24 15:44:34.942,10278,10279,10279,1
2020-04-24 15:44:34.942,10278,10279,10279,4
2020-04-24 15:44:34.942,10278,10279,10279,7
2020-04-24 15:44:34.943,10278,10279,10279,3
2020-04-24 15:44:40.471,10279,10280,10280,1
2020-04-24 15:44:53.946,10279,10280,10280,3
2020-04-24 15:44:53.946,10279,10280,10280,3
2020-04-24 15:44:53.946,10279,10280,10280,1
2020-04-24 15:44:59.071,10279,10281,10281,7
2020-04-24 15:44:59.072,10279,10281,10281,1
2020-04-24 15:45:01.364,10280,10281,10281,1
2020-04-24 15:45:01.824,10280,10282,10282,1
2020-04-24 15:45:01.824,10280,10282,10282,1
2020-04-24 15:45:01.828,10280,10282,10282,1
2020-04-24 15:45:01.842,10280,10282,10282,2
2020-04-24 15:45:01.854,10280,10282,10282,2
2020-04-24 15:45:02.657,10281,10282,10282,5
2020-04-24 15:45:05.283,10281,10282,10282,1
2020-04-24 15:45:09.171,10282,10283,10283,4
2020-04-24 15:45:09.806,10282,10283,10282,1
2020-04-24 15:45:15.370,10281,10282,10282,1
2020-04-24 15:45:17.855,10281,10282,10282,1
2020-04-24 15:45:21.696,10282,10283,10282,2
2020-04-24 15:45:22.025,10281,10282,10282,5
2020-04-24 15:45:24.047,10281,10282,10282,9
2020-04-24 15:45:26.532,10282,10283,10283,5
2020-04-24 15:45:32.234,10282,10283,10283,1
2020-04-24 15:45:32.779,10282,10283,10283,5
2020-04-24 15:45:36.722,10282,10283,10283,2
2020-04-24 15:45:37.600,10282,10283,10283,1
2020-04-24 15:45:43.485,10283,10284,10284,1
2020-04-24 15:45:43.513,10283,10284,10284,2
2020-04-24 15:45:43.881,10283,10284,10284,6
2020-04-24 15:45:43.881,10283,10284,10285,4
2020-04-24 15:45:45.350,10283,10284,10284,1
2020-04-24 15:45:47.547,10283,10284,10283,1
2020-04-24 15:45:53.939,10283,10284,10284,1
2020-04-24 15:45:57.089,10283,10284,10284,2
2020-04-24 15:45:57.344,10283,10284,10284,1
2020-04-24 15:46:03.429,10283,10284,10284,2
2020-04-24 15:46:04.947,10283,10284,10283,6
2020-04-24 15:46:04.948,10283,10284,10283,3
2020-04-24 15:46:05.015,10282,10283,10283,6
2020-04-24 15:46:19.637,10283,10284,10283,1
2020-04-24 15:46:26.587,10282,10284,10282,2
2020-04-24 15:46:35.129,10283,10284,10283,2
2020-04-24 15:46:39.129,10283,10284,10283,3
2020-04-24 15:46:39.327,10283,10284,10284,2
2020-04-24 15:47:09.201,10283,10284,10284,2
2020-04-24 15:47:11.898,10283,10284,10283,3
2020-04-24 15:47:11.898,10283,10284,10283,3
2020-04-24 15:47:29.203,10282,10283,10282,3
2020-04-24 15:47:35.337,10280,10282,10282,1
2020-04-24 15:47:41.821,10280,10282,10282,1
2020-04-24 15:47:43.945,10281,10282,10281,1
2020-04-24 15:47:44.385,10281,10282,10281,2
2020-04-24 15:47:45.911,10281,10282,10281,1
2020-04-24 15:47:51.176,10281,10282,10281,1
2020-04-24 15:47:51.756,10281,10282,10281,1
2020-04-24 15:47:52.285,10281,10282,10281,1
2020-04-24 15:48:00.614,10280,10282,10282,1
2020-04-24 15:48:01.497,10281,10282,10281,1
2020-04-24 15:48:16.873,10280,10281,10280,2
2020-04-24 15:48:24.014,10279,10280,10280,1
2020-04-24 15:48:50.368,10279,10280,10279,3
2020-04-24 15:48:58.938,10279,10280,10280,2
2020-04-24 15:48:58.938,10279,10280,10280,1
2020-04-24 15:49:18.725,10279,10281,10281,1
2020-04-24 15:49:44.317,10280,10281,10280,1
2020-04-24 15:50:11.262,10279,10280,10279,2
2020-04-24 15:50:11.668,10278,10279,10278,1
2020-04-24 15:50:17.398,10278,10279,10279,1
2020-04-24 15:50:21.499,10278,10280,10280,1
2020-04-24 15:50:44.467,10279,10280,10279,1
2020-04-24 15:50:52.296,10278,10279,10279,1
2020-04-24 15:51:00.459,10278,10279,10279,1
2020-04-24 15:51:13.703,10278,10279,10279,5
2020-04-24 15:51:13.703,10278,10279,10279,4
2020-04-24 15:51:13.703,10278,10279,10279,6
2020-04-24 15:51:15.613,10279,10280,10279,1
2020-04-24 15:51:30.080,10279,10280,10280,1
2020-04-24 15:51:30.080,10279,10280,10280,1
2020-04-24 15:51:30.080,10279,10280,10280,3
2020-04-24 15:51:43.705,10279,10280,10279,1
2020-04-24 15:51:43.706,10279,10280,10279,5
2020-04-24 15:51:43.706,10279,10280,10279,1
2020-04-24 15:51:48.537,10278,10279,10278,1
2020-04-24 15:51:48.537,10278,10279,10278,2
2020-04-24 15:51:51.887,10277,10279,10277,1
2020-04-24 15:52:09.467,10277,10278,10278,3
2020-04-24 15:52:09.467,10277,10278,10278,6
2020-04-24 15:52:10.139,10279,10280,10279,1
2020-04-24 15:52:16.295,10278,10279,10279,1
2020-04-24 15:52:19.938,10278,10279,10278,2
2020-04-24 15:52:19.938,10278,10279,10278,2
2020-04-24 15:52:23.289,10277,10278,10277,8
2020-04-24 15:52:23.289,10277,10278,10277,1
2020-04-24 15:52:24.738,10276,10277,10277,1
2020-04-24 15:52:33.376,10276,10277,10277,1
2020-04-24 15:52:33.609,10276,10277,10277,1
2020-04-24 15:52:39.545,10277,10278,10277,1
2020-04-24 15:52:42.879,10276,10277,10276,1
2020-04-24 15:52:43.253,10276,10277,10277,1
2020-04-24 15:52:47.644,10276,10278,10276,2
2020-04-24 15:52:52.962,10276,10278,10276,1
2020-04-24 15:52:54.989,10276,10278,10276,2
2020-04-24 15:53:07.988,10276,10278,10276,1
2020-04-24 15:53:23.132,10276,10277,10276,1
2020-04-24 15:53:35.637,10276,10277,10277,1
2020-04-24 15:53:44.144,10276,10277,10277,1
2020-04-24 15:53:54.374,10276,10277,10276,5
2020-04-24 15:53:54.374,10276,10277,10276,1
2020-04-24 15:53:54.374,10276,10277,10276,4
2020-04-24 15:53:54.374,10276,10277,10276,2
2020-04-24 15:53:57.481,10275,10276,10276,1
2020-04-24 15:54:03.931,10275,10276,10276,2
2020-04-24 15:54:03.931,10275,10276,10276,2
2020-04-24 15:54:07.340,10276,10277,10276,2
2020-04-24 15:54:14.882,10276,10277,10277,2
2020-04-24 15:54:14.883,10276,10277,10277,1
2020-04-24 15:54:15.294,10277,10278,10277,1
2020-04-24 15:54:15.563,10276,10278,10276,1
2020-04-24 15:54:15.911,10276,10278,10276,1
2020-04-24 15:54:16.267,10276,10278,10276,1
2020-04-24 15:54:24.568,10276,10278,10276,1
2020-04-24 15:54:32.099,10277,10278,10278,1
2020-04-24 15:54:34.638,10277,10278,10278,1
2020-04-24 15:54:51.190,10277,10278,10278,5
2020-04-24 15:55:08.945,10278,10279,10278,2
2020-04-24 15:55:08.977,10278,10279,10278,2
2020-04-24 15:55:22.450,10278,10279,10278,3
2020-04-24 15:55:39.974,10278,10279,10278,1
2020-04-24 15:55:55.715,10278,10279,10279,1
2020-04-24 15:55:58.290,10278,10279,10278,1
2020-04-24 15:56:03.509,10278,10279,10278,1
2020-04-24 15:56:03.509,10278,10279,10278,1
2020-04-24 15:56:18.266,10277,10278,10277,1
2020-04-24 15:56:24.077,10277,10278,10277,1
2020-04-24 15:56:25.327,10277,10278,10278,2
2020-04-24 15:56:42.180,10277,10278,10277,2
2020-04-24 15:56:52.049,10276,10277,10277,2
2020-04-24 15:56:52.050,10276,10277,10277,4
2020-04-24 15:56:52.050,10276,10277,10277,1
2020-04-24 15:57:16.144,10276,10277,10277,1
2020-04-24 15:57:17.347,10276,10278,10278,4
2020-04-24 15:57:17.662,10276,10278,10279,2
2020-04-24 15:57:17.892,10277,10279,10279,4
2020-04-24 15:57:18.003,10278,10279,10279,2
2020-04-24 15:57:23.121,10278,10279,10279,7
2020-04-24 15:57:23.122,10278,10279,10279,3
2020-04-24 15:57:24.617,10278,10279,10279,1
2020-04-24 15:57:24.988,10278,10280,10278,1
2020-04-24 15:57:26.810,10279,10280,10280,6
2020-04-24 15:57:29.752,10280,10281,10280,1
2020-04-24 15:57:31.246,10280,10281,10280,1
2020-04-24 15:57:40.553,10279,10280,10279,1
2020-04-24 15:58:01.835,10279,10280,10279,1
2020-04-24 15:58:19.617,10279,10280,10279,1
2020-04-24 15:58:21.862,10279,10280,10279,1
2020-04-24 15:58:23.051,10279,10280,10279,1
2020-04-24 15:58:23.641,10278,10280,10278,1
2020-04-24 15:58:37.579,10278,10279,10279,1
2020-04-24 15:58:59.052,10279,10280,10280,3
2020-04-24 15:59:05.478,10279,10281,10281,1
2020-04-24 15:59:27.921,10280,10281,10281,4
2020-04-24 15:59:27.921,10280,10281,10281,3
2020-04-24 16:00:00.124,10280,10281,10281,1
2020-04-24 16:00:06.170,10280,10281,10281,2
2020-04-24 16:00:14.139,10281,10282,10282,1
2020-04-24 16:00:22.117,10281,10282,10281,3
2020-04-24 16:00:22.117,10281,10282,10281,1
2020-04-24 16:00:22.118,10281,10282,10281,2
2020-04-24 16:00:22.607,10280,10281,10281,1
2020-04-24 16:00:24.338,10280,10282,10282,1
2020-04-24 16:00:51.014,10280,10281,10281,1
2020-04-24 16:00:56.438,10280,10282,10282,2
2020-04-24 16:01:14.040,10280,10281,10281,1
2020-04-24 16:01:16.236,10280,10281,10280,1
2020-04-24 16:01:18.194,10280,10281,10280,1
2020-04-24 16:01:21.271,10279,10280,10279,3
2020-04-24 16:01:26.599,10278,10279,10278,5
2020-04-24 16:01:26.599,10278,10279,10278,1
2020-04-24 16:01:26.599,10278,10279,10278,2
2020-04-24 16:01:26.599,10278,10279,10278,1
2020-04-24 16:01:30.140,10277,10278,10277,4
2020-04-24 16:01:31.920,10276,10277,10276,3
2020-04-24 16:01:33.790,10276,10277,10276,6
2020-04-24 16:01:34.737,10276,10277,10276,2
2020-04-24 16:01:34.737,10276,10277,10275,3
2020-04-24 16:01:35.035,10275,10277,10275,3
2020-04-24 16:01:35.309,10275,10277,10275,1
2020-04-24 16:01:35.971,10275,10277,10275,2
2020-04-24 16:01:45.282,10276,10277,10276,7
2020-04-24 16:01:45.283,10276,10277,10276,2
2020-04-24 16:01:45.283,10276,10277,10276,1
2020-04-24 16:01:46.344,10276,10277,10276,1
2020-04-24 16:01:46.344,10276,10277,10275,1
2020-04-24 16:01:47.092,10275,10276,10276,1
2020-04-24 16:01:49.178,10276,10277,10277,2
2020-04-24 16:01:49.178,10276,10277,10277,2
2020-04-24 16:01:49.178,10276,10277,10277,3
2020-04-24 16:02:13.388,10277,10278,10277,2
2020-04-24 16:02:13.388,10277,10278,10276,1
2020-04-24 16:02:13.708,10276,10278,10278,2
2020-04-24 16:02:16.968,10276,10278,10276,1
2020-04-24 16:02:35.719,10276,10277,10276,1
2020-04-24 16:02:37.838,10276,10277,10276,2
2020-04-24 16:02:39.965,10276,10277,10276,1
2020-04-24 16:02:45.400,10276,10277,10276,1
2020-04-24 16:02:51.322,10276,10277,10276,1
2020-04-24 16:03:04.422,10276,10277,10276,1
2020-04-24 16:03:04.643,10275,10277,10275,2
2020-04-24 16:03:06.360,10275,10277,10275,6
2020-04-24 16:03:26.744,10275,10276,10275,1
2020-04-24 16:03:34.121,10275,10276,10275,1
2020-04-24 16:03:37.006,10275,10276,10275,1
2020-04-24 16:03:40.207,10275,10276,10276,2
2020-04-24 16:03:40.207,10275,10276,10276,2
2020-04-24 16:03:40.469,10276,10277,10276,1
2020-04-24 16:03:42.886,10275,10277,10275,3
2020-04-24 16:03:47.025,10275,10276,10275,4
2020-04-24 16:03:47.025,10275,10276,10274,1
2020-04-24 16:03:47.154,10274,10276,10274,2
2020-04-24 16:03:47.164,10274,10276,10276,1
2020-04-24 16:03:52.769,10275,10276,10275,4
2020-04-24 16:03:56.373,10275,10276,10276,1
2020-04-24 16:03:58.815,10275,10276,10275,1
2020-04-24 16:04:00.311,10275,10276,10275,1
2020-04-24 16:04:01.750,10275,10276,10275,1
2020-04-24 16:04:02.340,10275,10276,10275,4
2020-04-24 16:04:06.381,10275,10276,10275,1
2020-04-24 16:04:09.255,10275,10276,10275,1
2020-04-24 16:04:10.501,10274,10275,10275,1
2020-04-24 16:04:19.282,10274,10275,10275,1
2020-04-24 16:04:19.282,10274,10275,10275,3
2020-04-24 16:04:23.071,10275,10276,10275,1
2020-04-24 16:04:23.124,10274,10275,10275,1
2020-04-24 16:04:24.367,10274,10275,10275,2
2020-04-24 16:04:27.983,10275,10276,10275,1
2020-04-24 16:04:27.983,10275,10276,10274,4
2020-04-24 16:04:30.774,10274,10276,10276,1
2020-04-24 16:04:35.324,10275,10276,10275,2
2020-04-24 16:04:35.652,10274,10275,10275,2
2020-04-24 16:04:39.243,10275,10276,10275,1
2020-04-24 16:04:41.634,10275,10276,10275,4
2020-04-24 16:04:48.283,10275,10276,10275,1
2020-04-24 16:04:58.524,10274,10275,10274,1
2020-04-24 16:04:59.718,10274,10275,10274,8
2020-04-24 16:04:59.719,10274,10275,10274,3
2020-04-24 16:04:59.719,10274,10275,10274,1
2020-04-24 16:05:01.852,10273,10275,10273,5
2020-04-24 16:05:01.900,10273,10274,10274,1
2020-04-24 16:05:02.045,10273,10274,10273,1
2020-04-24 16:05:08.766,10273,10274,10274,1
2020-04-24 16:05:10.432,10273,10274,10273,1
2020-04-24 16:05:16.319,10273,10275,10275,1
2020-04-24 16:05:19.123,10274,10275,10275,2
2020-04-24 16:05:24.433,10274,10275,10274,1
2020-04-24 16:05:36.540,10274,10275,10274,8
2020-04-24 16:05:48.795,10274,10275,10274,1
2020-04-24 16:05:51.847,10274,10275,10274,1
2020-04-24 16:05:51.847,10274,10275,10274,4
2020-04-24 16:05:56.596,10274,10275,10274,1
2020-04-24 16:06:01.638,10273,10274,10274,1
2020-04-24 16:06:02.265,10273,10274,10273,8
2020-04-24 16:06:05.242,10273,10274,10274,3
2020-04-24 16:06:05.242,10273,10274,10274,2
2020-04-24 16:06:09.286,10273,10274,10274,1
2020-04-24 16:06:10.870,10274,10275,10274,2
2020-04-24 16:06:14.346,10273,10274,10274,1
2020-04-24 16:06:26.515,10273,10274,10273,1
2020-04-24 16:06:27.837,10273,10274,10273,1
2020-04-24 16:06:36.401,10273,10274,10273,1
2020-04-24 16:06:41.856,10273,10274,10274,4
2020-04-24 16:06:41.857,10273,10274,10274,6
2020-04-24 16:07:00.979,10274,10275,10275,3
2020-04-24 16:07:00.979,10274,10275,10275,3
2020-04-24 16:07:00.979,10274,10275,10275,1
2020-04-24 16:07:08.084,10275,10276,10275,1
2020-04-24 16:07:09.084,10275,10276,10276,1
2020-04-24 16:07:09.084,10275,10276,10276,3
2020-04-24 16:07:09.084,10275,10276,10276,2
2020-04-24 16:07:10.784,10275,10277,10275,1
2020-04-24 16:07:10.809,10275,10277,10276,1
2020-04-24 16:07:10.948,10275,10277,10277,1
2020-04-24 16:07:11.447,10275,10276,10276,1
2020-04-24 16:07:13.731,10275,10276,10276,2
2020-04-24 16:07:23.496,10275,10276,10276,2
2020-04-24 16:07:23.968,10275,10276,10276,1
2020-04-24 16:07:23.968,10275,10276,10276,2
2020-04-24 16:07:48.281,10275,10276,10275,13
2020-04-24 16:07:48.282,10275,10276,10275,1
2020-04-24 16:07:48.282,10275,10276,10275,1
2020-04-24 16:07:48.282,10275,10276,10275,1
2020-04-24 16:07:48.645,10274,10275,10275,1
2020-04-24 16:07:50.288,10274,10275,10275,1
2020-04-24 16:07:53.280,10274,10275,10274,1
2020-04-24 16:07:54.392,10274,10275,10274,3
2020-04-24 16:07:55.130,10273,10274,10273,1
2020-04-24 16:07:56.149,10273,10274,10274,1
2020-04-24 16:07:57.675,10273,10274,10274,1
2020-04-24 16:08:05.210,10274,10275,10274,1
2020-04-24 16:08:05.441,10273,10274,10273,2
2020-04-24 16:08:06.696,10273,10274,10274,1
2020-04-24 16:08:16.329,10273,10274,10273,4
2020-04-24 16:08:16.329,10273,10274,10273,3
2020-04-24 16:08:16.330,10273,10274,10273,1
2020-04-24 16:08:16.330,10273,10274,10273,5
2020-04-24 16:08:16.330,10273,10274,10273,2
2020-04-24 16:08:16.330,10273,10274,10273,2
2020-04-24 16:08:21.016,10272,10273,10272,3
2020-04-24 16:08:21.138,10272,10273,10272,3
2020-04-24 16:08:21.141,10272,10273,10272,6
2020-04-24 16:08:21.155,10272,10273,10272,2
2020-04-24 16:08:21.183,10272,10273,10272,3
2020-04-24 16:08:21.244,10272,10273,10272,2
2020-04-24 16:08:21.245,10272,10273,10272,2
2020-04-24 16:08:21.333,10272,10273,10272,2
2020-04-24 16:08:21.630,10272,10273,10272,4
2020-04-24 16:08:21.630,10272,10273,10272,1
2020-04-24 16:08:21.630,10272,10273,10272,2
2020-04-24 16:08:23.058,10271,10272,10272,4
2020-04-24 16:08:28.275,10271,10273,10271,1
2020-04-24 16:08:28.388,10271,10272,10271,8
2020-04-24 16:08:28.397,10271,10272,10271,1
2020-04-24 16:08:28.450,10271,10272,10271,3
2020-04-24 16:08:28.469,10271,10272,10271,4
2020-04-24 16:08:29.688,10271,10272,10271,1
2020-04-24 16:08:42.522,10271,10272,10271,1
2020-04-24 16:08:44.354,10271,10272,10271,11
2020-04-24 16:08:48.337,10270,10271,10270,2
2020-04-24 16:08:48.368,10270,10271,10270,2
2020-04-24 16:08:48.382,10270,10271,10270,2
2020-04-24 16:08:48.388,10270,10271,10270,4
2020-04-24 16:08:48.439,10270,10271,10270,1
2020-04-24 16:08:48.458,10270,10271,10271,9
2020-04-24 16:08:48.464,10270,10271,10270,3
2020-04-24 16:08:48.464,10270,10271,10270,5
2020-04-24 16:08:48.465,10270,10271,10270,1
2020-04-24 16:08:48.513,10270,10272,10270,1
2020-04-24 16:08:48.515,10270,10272,10270,1
2020-04-24 16:08:48.610,10270,10272,10270,2
2020-04-24 16:08:49.939,10271,10272,10271,1
2020-04-24 16:08:53.357,10271,10272,10271,2
2020-04-24 16:08:53.497,10270,10271,10271,1
2020-04-24 16:08:53.713,10270,10271,10271,1
2020-04-24 16:08:58.035,10271,10272,10271,1
2020-04-24 16:09:01.215,10271,10272,10271,1
2020-04-24 16:09:01.595,10271,10272,10271,1
2020-04-24 16:09:04.163,10271,10272,10271,1
2020-04-24 16:09:04.260,10270,10272,10270,1
2020-04-24 16:09:13.816,10271,10272,10271,5
2020-04-24 16:09:13.906,10270,10272,10272,2
2020-04-24 16:09:16.207,10271,10273,10271,1
2020-04-24 16:09:16.382,10271,10273,10271,2
2020-04-24 16:09:17.571,10271,10273,10271,1
2020-04-24 16:09:17.966,10271,10273,10272,1
2020-04-24 16:09:25.727,10272,10273,10273,2
2020-04-24 16:09:25.752,10272,10273,10273,6
2020-04-24 16:09:27.672,10272,10274,10273,1
2020-04-24 16:09:29.502,10273,10274,10273,1
2020-04-24 16:09:33.308,10272,10273,10273,1
2020-04-24 16:09:34.135,10272,10274,10274,6
2020-04-24 16:09:41.034,10273,10274,10274,5
2020-04-24 16:09:46.305,10273,10274,10273,1
2020-04-24 16:09:46.925,10272,10274,10274,1
2020-04-24 16:09:56.923,10273,10274,10274,1
2020-04-24 16:09:57.862,10273,10275,10275,1
2020-04-24 16:10:04.283,10274,10275,10274,1
2020-04-24 16:10:14.172,10274,10275,10274,1
2020-04-24 16:10:16.014,10273,10274,10274,2
2020-04-24 16:10:24.535,10274,10275,10274,5
2020-04-24 16:10:27.885,10274,10275,10275,2
2020-04-24 16:10:27.885,10274,10275,10275,1
2020-04-24 16:10:30.102,10275,10276,10276,3
2020-04-24 16:10:31.910,10276,10277,10277,5
2020-04-24 16:10:35.157,10276,10278,10278,5
2020-04-24 16:10:36.178,10276,10278,10276,2
2020-04-24 16:10:37.339,10277,10278,10278,1
2020-04-24 16:10:37.341,10277,10278,10278,2
2020-04-24 16:10:37.394,10277,10278,10278,2
2020-04-24 16:10:38.858,10277,10278,10277,1
2020-04-24 16:10:48.884,10276,10277,10276,1
2020-04-24 16:11:03.723,10276,10277,10276,2
2020-04-24 16:11:03.723,10276,10277,10276,1
2020-04-24 16:11:17.464,10275,10276,10275,2
2020-04-24 16:11:17.464,10275,10276,10275,1
2020-04-24 16:11:22.889,10274,10275,10274,3
2020-04-24 16:11:55.393,10273,10274,10273,1
2020-04-24 16:12:12.412,10274,10275,10274,2
2020-04-24 16:12:22.107,10273,10274,10273,4
2020-04-24 16:12:22.108,10273,10274,10273,2
2020-04-24 16:12:28.647,10272,10273,10273,1
2020-04-24 16:12:28.966,10273,10274,10273,1
2020-04-24 16:12:37.267,10273,10274,10273,1
2020-04-24 16:12:52.841,10273,10274,10274,2
2020-04-24 16:12:53.668,10273,10274,10273,1
2020-04-24 16:13:12.364,10272,10273,10272,1
2020-04-24 16:13:13.048,10272,10273,10272,2
2020-04-24 16:13:22.986,10272,10273,10272,1
2020-04-24 16:13:27.176,10272,10273,10272,1
2020-04-24 16:13:31.218,10272,10273,10272,1
2020-04-24 16:13:36.866,10271,10272,10272,1
2020-04-24 16:13:43.848,10271,10272,10272,2
2020-04-24 16:13:44.263,10271,10272,10272,1
2020-04-24 16:13:50.007,10271,10272,10272,1
2020-04-24 16:13:57.607,10271,10272,10272,2
2020-04-24 16:14:03.585,10271,10272,10272,1
2020-04-24 16:14:12.224,10271,10272,10272,2
2020-04-24 16:14:13.207,10272,10273,10273,1
2020-04-24 16:14:34.501,10272,10273,10272,4
2020-04-24 16:14:34.503,10272,10273,10272,1
2020-04-24 16:14:38.547,10272,10273,10272,1
2020-04-24 16:14:51.794,10271,10272,10272,1
2020-04-24 16:14:51.947,10271,10272,10272,1
2020-04-24 16:15:05.981,10272,10273,10272,1
2020-04-24 16:15:16.870,10272,10273,10272,1
2020-04-24 16:15:16.870,10272,10273,10272,1
2020-04-24 16:15:16.870,10272,10273,10272,2
2020-04-24 16:15:16.871,10272,10273,10272,1
2020-04-24 16:15:33.335,10272,10273,10272,1
2020-04-24 16:15:37.865,10271,10272,10271,6
2020-04-24 16:15:37.866,10271,10272,10271,3
2020-04-24 16:15:37.866,10271,10272,10271,5
2020-04-24 16:15:37.866,10271,10272,10271,4
2020-04-24 16:15:37.866,10271,10272,10271,2
2020-04-24 16:15:53.803,10270,10271,10271,1
2020-04-24 16:15:54.545,10270,10271,10270,1
2020-04-24 16:15:54.697,10270,10271,10270,1
2020-04-24 16:15:56.874,10270,10271,10270,1
2020-04-24 16:15:59.367,10270,10271,10270,1
2020-04-24 16:16:01.851,10270,10271,10270,1
2020-04-24 16:16:02.427,10270,10271,10270,1
2020-04-24 16:16:06.096,10270,10271,10270,1
2020-04-24 16:16:07.923,10270,10271,10270,1
2020-04-24 16:16:07.923,10270,10271,10270,2
2020-04-24 16:16:07.923,10270,10271,10270,1
2020-04-24 16:16:07.923,10270,10271,10270,1
2020-04-24 16:16:07.924,10270,10271,10270,1
2020-04-24 16:16:07.924,10270,10271,10270,1
2020-04-24 16:16:07.924,10270,10271,10270,3
2020-04-24 16:16:07.924,10270,10271,10270,1
2020-04-24 16:16:07.924,10270,10271,10270,10
2020-04-24 16:16:07.925,10270,10271,10270,1
2020-04-24 16:16:07.925,10270,10271,10270,7
2020-04-24 16:16:07.925,10270,10271,10270,1
2020-04-24 16:16:07.925,10270,10271,10270,1
2020-04-24 16:16:07.925,10270,10271,10270,1
2020-04-24 16:16:13.496,10269,10270,10269,12
2020-04-24 16:16:13.496,10269,10270,10269,23
2020-04-24 16:16:13.635,10268,10269,10268,1
2020-04-24 16:16:13.726,10268,10269,10268,1
2020-04-24 16:16:13.768,10268,10269,10268,2
2020-04-24 16:16:13.838,10268,10269,10268,1
2020-04-24 16:16:13.844,10268,10269,10268,1
2020-04-24 16:16:15.006,10268,10269,10269,1
2020-04-24 16:16:15.770,10268,10269,10268,1
2020-04-24 16:16:15.807,10268,10269,10268,4
2020-04-24 16:16:19.561,10268,10269,10268,1
2020-04-24 16:16:20.064,10268,10269,10268,3
2020-04-24 16:16:21.467,10268,10269,10268,21
2020-04-24 16:16:21.467,10268,10269,10268,10
2020-04-24 16:16:22.381,10267,10269,10267,2
2020-04-24 16:16:22.606,10267,10268,10267,1
2020-04-24 16:16:22.682,10267,10268,10268,1
2020-04-24 16:16:23.717,10267,10269,10267,1
2020-04-24 16:16:24.187,10267,10268,10267,1
2020-04-24 16:16:26.027,10267,10268,10268,3
2020-04-24 16:16:26.028,10267,10268,10268,3
2020-04-24 16:16:29.174,10267,10268,10267,4
2020-04-24 16:16:29.335,10267,10268,10268,1
2020-04-24 16:16:30.226,10267,10268,10267,1
2020-04-24 16:16:32.511,10267,10268,10267,1
2020-04-24 16:16:39.183,10267,10268,10268,3
2020-04-24 16:16:39.183,10267,10268,10268,4
2020-04-24 16:16:39.183,10267,10268,10268,1
2020-04-24 16:16:45.699,10268,10269,10268,1
2020-04-24 16:16:47.734,10268,10269,10268,1
2020-04-24 16:16:49.632,10268,10269,10268,1
2020-04-24 16:16:52.532,10268,10269,10268,5
2020-04-24 16:16:54.723,10268,10269,10269,1
2020-04-24 16:16:54.880,10268,10269,10269,1
2020-04-24 16:16:55.074,10268,10269,10269,8
2020-04-24 16:16:55.687,10268,10270,10268,6
2020-04-24 16:16:56.913,10268,10269,10268,1
2020-04-24 16:16:58.234,10268,10270,10268,2
2020-04-24 16:17:00.310,10268,10270,10268,3
2020-04-24 16:17:06.745,10269,10270,10269,1
2020-04-24 16:17:19.030,10269,10270,10269,2
2020-04-24 16:17:19.030,10269,10270,10268,2
2020-04-24 16:17:29.787,10268,10269,10268,1
2020-04-24 16:17:32.106,10268,10269,10268,1
2020-04-24 16:17:32.122,10268,10269,10268,1
2020-04-24 16:17:34.416,10268,10269,10268,4
2020-04-24 16:17:35.312,10268,10269,10268,1
2020-04-24 16:17:35.554,10268,10269,10268,1
2020-04-24 16:17:36.170,10267,10268,10268,1
2020-04-24 16:17:44.857,10267,10268,10267,1
2020-04-24 16:17:46.434,10267,10268,10268,1
2020-04-24 16:17:54.784,10267,10268,10267,1
2020-04-24 16:17:55.234,10267,10268,10268,1
2020-04-24 16:17:58.854,10267,10268,10268,1
2020-04-24 16:18:00.060,10267,10268,10268,5
2020-04-24 16:18:00.325,10267,10269,10267,1
2020-04-24 16:18:00.822,10267,10269,10267,3
2020-04-24 16:18:00.847,10267,10269,10267,1
2020-04-24 16:18:02.460,10267,10268,10267,1
2020-04-24 16:18:03.133,10267,10268,10267,1
2020-04-24 16:18:05.435,10267,10268,10268,1
2020-04-24 16:18:17.599,10267,10268,10268,1
2020-04-24 16:18:17.599,10267,10268,10268,2
2020-04-24 16:18:17.689,10268,10269,10268,1
2020-04-24 16:18:18.466,10268,10269,10268,1
2020-04-24 16:18:20.718,10268,10269,10267,1
2020-04-24 16:18:21.635,10267,10269,10267,3
2020-04-24 16:18:22.185,10267,10268,10268,1
2020-04-24 16:18:24.958,10267,10268,10267,1
2020-04-24 16:18:26.018,10267,10268,10268,1
2020-04-24 16:18:34.684,10268,10269,10268,1
2020-04-24 16:18:35.255,10268,10269,10268,3
2020-04-24 16:18:38.802,10267,10268,10268,1
2020-04-24 16:18:40.256,10267,10268,10268,1
2020-04-24 16:18:45.041,10267,10268,10267,5
2020-04-24 16:18:45.041,10267,10268,10267,9
2020-04-24 16:18:45.041,10267,10268,10267,4
2020-04-24 16:18:45.041,10267,10268,10267,1
2020-04-24 16:18:45.042,10267,10268,10267,3
2020-04-24 16:18:45.461,10266,10267,10266,2
2020-04-24 16:18:45.486,10266,10267,10266,10
2020-04-24 16:18:45.516,10266,10267,10265,2
2020-04-24 16:18:45.712,10265,10267,10265,8
2020-04-24 16:18:45.909,10265,10266,10265,1
2020-04-24 16:18:47.510,10265,10266,10265,5
2020-04-24 16:18:50.657,10265,10266,10265,1
2020-04-24 16:18:52.701,10265,10266,10265,1
2020-04-24 16:18:55.073,10265,10266,10265,1
2020-04-24 16:18:59.828,10265,10266,10266,1
2020-04-24 16:18:59.828,10265,10266,10266,3
2020-04-24 16:19:00.033,10266,10268,10268,1
2020-04-24 16:19:02.717,10266,10267,10267,1
2020-04-24 16:19:04.079,10266,10267,10267,1
2020-04-24 16:19:04.284,10266,10268,10268,1
2020-04-24 16:19:07.170,10266,10267,10267,1
2020-04-24 16:19:10.900,10267,10268,10267,1
2020-04-24 16:19:12.437,10267,10268,10268,1
2020-04-24 16:19:12.438,10267,10268,10268,2
2020-04-24 16:19:15.631,10267,10269,10267,1
2020-04-24 16:19:17.808,10267,10269,10267,1
2020-04-24 16:19:17.873,10267,10269,10269,1
2020-04-24 16:19:30.795,10267,10269,10269,1
2020-04-24 16:19:33.607,10268,10269,10268,1
2020-04-24 16:19:34.302,10267,10268,10268,1
2020-04-24 16:19:45.487,10267,10268,10267,3
2020-04-24 16:19:47.437,10266,10268,10268,1
2020-04-24 16:19:59.531,10267,10268,10267,2
2020-04-24 16:20:01.444,10267,10268,10267,5
2020-04-24 16:20:01.752,10266,10267,10266,1
2020-04-24 16:20:02.071,10266,10267,10266,1
2020-04-24 16:20:03.503,10266,10267,10266,2
2020-04-24 16:20:03.503,10266,10267,10266,2
2020-04-24 16:20:03.503,10266,10267,10266,3
2020-04-24 16:20:03.503,10266,10267,10266,2
2020-04-24 16:20:11.318,10265,10266,10265,1
2020-04-24 16:20:12.326,10265,10266,10265,1
2020-04-24 16:20:15.058,10265,10266,10265,1
2020-04-24 16:20:17.330,10265,10266,10266,1
2020-04-24 16:20:17.699,10265,10266,10265,9
2020-04-24 16:20:19.424,10265,10266,10265,1
2020-04-24 16:20:19.486,10265,10266,10265,2
2020-04-24 16:20:20.090,10264,10265,10265,1
2020-04-24 16:20:21.761,10265,10266,10265,1
2020-04-24 16:20:22.905,10264,10265,10265,1
2020-04-24 16:20:23.030,10264,10265,10265,2
2020-04-24 16:20:24.847,10265,10266,10265,2
2020-04-24 16:20:28.012,10265,10266,10265,1
2020-04-24 16:20:30.657,10265,10266,10265,2
2020-04-24 16:20:31.995,10265,10266,10266,4
2020-04-24 16:20:31.995,10265,10266,10267,2
2020-04-24 16:20:32.138,10266,10267,10268,2
2020-04-24 16:20:36.291,10265,10266,10265,2
2020-04-24 16:20:43.390,10265,10266,10266,1
2020-04-24 16:20:43.502,10265,10266,10266,1
2020-04-24 16:20:54.402,10266,10267,10267,1
2020-04-24 16:20:58.783,10267,10268,10267,1
2020-04-24 16:20:59.481,10267,10268,10268,2
2020-04-24 16:21:09.549,10267,10268,10268,1
2020-04-24 16:21:12.729,10267,10268,10267,1
2020-04-24 16:21:13.860,10267,10268,10268,1
2020-04-24 16:21:25.668,10267,10268,10268,1
2020-04-24 16:21:31.529,10267,10268,10268,1
2020-04-24 16:21:42.085,10267,10268,10267,1
2020-04-24 16:22:05.328,10267,10268,10268,2
2020-04-24 16:22:26.606,10267,10268,10267,1
2020-04-24 16:22:27.532,10267,10268,10267,4
2020-04-24 16:22:27.532,10267,10268,10267,6
2020-04-24 16:22:29.787,10267,10268,10267,1
2020-04-24 16:22:34.265,10266,10267,10267,3
2020-04-24 16:22:39.517,10266,10267,10267,1
2020-04-24 16:22:49.272,10267,10268,10267,1
2020-04-24 16:22:49.272,10267,10268,10267,1
2020-04-24 16:22:55.375,10267,10268,10268,1
2020-04-24 16:23:00.006,10267,10268,10267,1
2020-04-24 16:23:02.392,10267,10268,10267,4
2020-04-24 16:23:11.416,10267,10268,10268,8
2020-04-24 16:23:16.461,10267,10268,10268,1
2020-04-24 16:23:34.832,10267,10268,10268,1
2020-04-24 16:23:35.581,10267,10268,10268,3
2020-04-24 16:23:42.810,10267,10268,10268,1
2020-04-24 16:23:48.659,10267,10268,10268,5
2020-04-24 16:23:49.229,10267,10269,10267,1
2020-04-24 16:23:56.388,10268,10269,10268,1
2020-04-24 16:24:08.538,10268,10269,10268,2
2020-04-24 16:24:11.614,10268,10269,10268,1
2020-04-24 16:24:33.750,10267,10268,10268,3
2020-04-24 16:24:37.924,10267,10268,10268,1
2020-04-24 16:24:39.899,10267,10268,10268,2
2020-04-24 16:24:45.751,10267,10268,10267,5
2020-04-24 16:24:46.828,10267,10268,10268,1
2020-04-24 16:24:47.362,10267,10268,10268,1
2020-04-24 16:25:01.653,10267,10268,10268,5
2020-04-24 16:25:04.548,10268,10269,10269,7
2020-04-24 16:25:04.548,10268,10269,10269,6
2020-04-24 16:25:04.549,10268,10269,10269,3
2020-04-24 16:25:06.269,10268,10270,10270,1
2020-04-24 16:25:11.621,10269,10270,10269,1
2020-04-24 16:25:16.422,10269,10270,10270,1
2020-04-24 16:25:16.422,10269,10270,10270,3
2020-04-24 16:25:16.423,10269,10270,10270,2
2020-04-24 16:25:16.423,10269,10270,10270,2
2020-04-24 16:25:16.423,10269,10270,10270,4
2020-04-24 16:25:16.423,10269,10270,10270,7
2020-04-24 16:25:18.299,10270,10271,10271,3
2020-04-24 16:25:26.161,10271,10272,10272,1
2020-04-24 16:25:32.821,10271,10272,10272,3
2020-04-24 16:25:37.294,10271,10272,10272,1
2020-04-24 16:25:41.018,10271,10272,10272,1
2020-04-24 16:25:47.380,10271,10272,10272,10
2020-04-24 16:25:51.611,10271,10272,10271,4
2020-04-24 16:25:51.864,10270,10271,10271,1
2020-04-24 16:25:51.943,10270,10271,10271,1
2020-04-24 16:25:55.918,10270,10271,10271,1
2020-04-24 16:25:58.598,10270,10271,10270,1
2020-04-24 16:26:02.283,10269,10270,10269,6
2020-04-24 16:26:05.719,10269,10270,10269,1
2020-04-24 16:26:10.137,10269,10270,10270,2
2020-04-24 16:26:14.928,10270,10271,10271,2
2020-04-24 16:26:36.157,10271,10272,10272,1
2020-04-24 16:26:36.158,10271,10272,10272,2
2020-04-24 16:26:36.158,10271,10272,10272,5
2020-04-24 16:26:36.158,10271,10272,10272,1
2020-04-24 16:26:38.534,10271,10273,10271,1
2020-04-24 16:26:40.048,10271,10273,10273,1
2020-04-24 16:26:46.730,10271,10272,10272,3
2020-04-24 16:26:46.730,10271,10272,10273,22
2020-04-24 16:26:53.193,10272,10273,10272,1
2020-04-24 16:27:01.736,10272,10273,10272,3
2020-04-24 16:27:03.296,10271,10273,10273,5
2020-04-24 16:27:14.266,10271,10272,10272,2
2020-04-24 16:27:15.782,10271,10272,10272,1
2020-04-24 16:27:15.920,10272,10273,10272,4
2020-04-24 16:27:25.436,10272,10273,10272,1
2020-04-24 16:27:44.445,10271,10272,10271,6
2020-04-24 16:28:08.662,10270,10271,10271,2
2020-04-24 16:28:33.135,10271,10272,10272,1
2020-04-24 16:28:33.502,10271,10272,10271,1
2020-04-24 16:28:37.784,10271,10272,10271,1
2020-04-24 16:28:38.473,10271,10272,10271,1
2020-04-24 16:28:47.454,10271,10272,10271,1
2020-04-24 16:28:49.223,10271,10272,10271,1
2020-04-24 16:28:50.928,10271,10272,10271,2
2020-04-24 16:28:52.172,10271,10272,10272,1
2020-04-24 16:28:52.880,10271,10272,10272,1
2020-04-24 16:28:53.526,10271,10272,10272,1
2020-04-24 16:28:54.108,10271,10272,10272,1
2020-04-24 16:29:09.284,10271,10272,10272,1
2020-04-24 16:29:14.261,10272,10273,10273,1
2020-04-24 16:29:14.753,10272,10273,10273,1
2020-04-24 16:29:14.753,10272,10273,10273,2
2020-04-24 16:29:14.753,10272,10273,10273,3
2020-04-24 16:29:14.754,10272,10273,10273,1
2020-04-24 16:29:14.754,10272,10273,10273,1
2020-04-24 16:29:14.754,10272,10273,10273,1
2020-04-24 16:29:14.754,10272,10273,10273,4
2020-04-24 16:29:14.754,10272,10273,10273,1
2020-04-24 16:29:31.588,10272,10273,10273,1
2020-04-24 16:29:32.687,10272,10273,10273,1
2020-04-24 16:29:40.178,10273,10274,10273,1
2020-04-24 16:29:40.486,10273,10274,10273,1
2020-04-24 16:29:54.111,10272,10273,10272,2
2020-04-24 16:30:05.843,10271,10272,10272,1
2020-04-24 16:30:06.478,10271,10272,10272,1
2020-04-24 16:30:08.986,10272,10273,10272,1
2020-04-24 16:30:09.412,10271,10273,10271,1
2020-04-24 16:30:14.488,10272,10273,10272,1
2020-04-24 16:30:14.586,10272,10273,10272,1
2020-04-24 16:30:25.774,10271,10272,10271,1
2020-04-24 16:30:44.742,10271,10272,10272,4
2020-04-24 16:30:45.093,10272,10273,10272,1
2020-04-24 16:30:50.837,10271,10273,10271,1
2020-04-24 16:30:57.611,10271,10273,10271,1
2020-04-24 16:31:08.548,10272,10273,10272,3
2020-04-24 16:31:33.370,10272,10273,10272,1
2020-04-24 16:31:39.334,10272,10273,10272,1
2020-04-24 16:31:39.549,10272,10273,10273,1
2020-04-24 16:32:02.651,10271,10273,10273,1
2020-04-24 16:32:03.018,10271,10273,10271,2
2020-04-24 16:32:03.295,10271,10272,10272,1
2020-04-24 16:32:11.522,10272,10273,10272,1
2020-04-24 16:32:12.448,10271,10272,10271,3
2020-04-24 16:32:12.449,10271,10272,10271,9
2020-04-24 16:32:17.604,10270,10272,10272,1
2020-04-24 16:32:50.842,10271,10272,10272,1
2020-04-24 16:33:08.458,10271,10272,10272,1
2020-04-24 16:33:15.550,10271,10272,10271,3
2020-04-24 16:33:15.871,10270,10271,10271,1
2020-04-24 16:33:15.871,10270,10271,10271,3
2020-04-24 16:33:18.273,10271,10272,10272,1
2020-04-24 16:33:48.847,10270,10271,10270,2
2020-04-24 16:33:48.889,10270,10271,10270,2
2020-04-24 16:33:48.889,10270,10271,10270,1
2020-04-24 16:34:11.208,10270,10271,10270,1
2020-04-24 16:34:11.654,10270,10271,10270,1
2020-04-24 16:34:28.287,10269,10271,10271,1
2020-04-24 16:34:54.388,10269,10270,10270,1
2020-04-24 16:34:56.926,10269,10270,10270,1
2020-04-24 16:35:02.169,10269,10270,10270,5
2020-04-24 16:35:09.063,10269,10270,10270,2
2020-04-24 16:35:09.063,10269,10270,10271,2
2020-04-24 16:35:11.830,10269,10271,10269,1
2020-04-24 16:35:17.680,10270,10271,10270,1
2020-04-24 16:35:23.303,10270,10271,10270,2
2020-04-24 16:36:00.092,10270,10271,10270,1
2020-04-24 16:36:11.799,10269,10270,10269,5
2020-04-24 16:36:27.065,10268,10269,10268,3
2020-04-24 16:36:27.065,10268,10269,10268,5
2020-04-24 16:36:31.061,10267,10269,10267,2
2020-04-24 16:36:31.324,10267,10268,10267,1
2020-04-24 16:36:31.533,10267,10268,10267,1
2020-04-24 16:36:31.580,10267,10268,10267,1
2020-04-24 16:36:31.732,10267,10268,10267,1
2020-04-24 16:36:31.767,10267,10268,10268,1
2020-04-24 16:36:31.781,10267,10268,10267,1
2020-04-24 16:36:34.227,10267,10268,10267,2
2020-04-24 16:36:34.228,10267,10268,10267,4
2020-04-24 16:36:35.804,10266,10267,10266,2
2020-04-24 16:36:36.896,10266,10267,10266,3
2020-04-24 16:36:38.856,10266,10267,10266,3
2020-04-24 16:36:39.041,10266,10267,10266,3
2020-04-24 16:36:39.111,10266,10267,10266,3
2020-04-24 16:36:41.170,10266,10267,10266,1
2020-04-24 16:36:41.310,10265,10267,10267,1
2020-04-24 16:36:43.719,10266,10267,10266,1
2020-04-24 16:36:44.395,10266,10267,10266,2
2020-04-24 16:36:50.404,10265,10267,10267,1
