2024-11-14 15:00:00.052,22629,22644,22649,44,44
2024-11-14 15:00:00.053,22645,22649,22645,1,-1
2024-11-14 15:00:00.054,22645,22649,22643,1,-1
2024-11-14 15:00:00.182,22642,22649,22649,1,1
2024-11-14 15:00:00.194,22642,22649,22642,1,-1
2024-11-14 15:00:00.194,22642,22649,22639,1,-1
2024-11-14 15:00:00.301,22638,22649,22638,2,-2
2024-11-14 15:00:00.314,22638,22649,22646,1,1
2024-11-14 15:00:00.340,22638,22649,22642,1,-1
2024-11-14 15:00:00.377,22638,22649,22647,1,1
2024-11-14 15:00:00.379,22638,22649,22641,1,-1
2024-11-14 15:00:00.379,22638,22649,22640,1,-1
2024-11-14 15:00:00.379,22638,22649,22638,1,-1
2024-11-14 15:00:00.391,22638,22649,22640,15,-15
2024-11-14 15:00:00.398,22638,22649,22638,1,-1
2024-11-14 15:00:00.469,22638,22649,22638,1,-1
2024-11-14 15:00:00.486,22638,22649,22638,1,-1
2024-11-14 15:00:00.513,22638,22649,22649,1,1
2024-11-14 15:00:00.529,22638,22649,22649,1,1
2024-11-14 15:00:00.529,22638,22649,22653,1,1
2024-11-14 15:00:00.529,22638,22649,22655,1,1
2024-11-14 15:00:00.594,22646,22658,22646,1,-1
2024-11-14 15:00:00.620,22646,22658,22638,1,-1
2024-11-14 15:00:00.820,22638,22657,22638,1,-1
2024-11-14 15:00:00.820,22638,22657,22638,1,-1
2024-11-14 15:00:00.825,22638,22657,22638,1,-1
2024-11-14 15:00:00.832,22638,22657,22638,1,-1
2024-11-14 15:00:00.888,22638,22657,22638,1,-1
2024-11-14 15:00:00.908,22638,22657,22638,1,-1
2024-11-14 15:00:01.016,22638,22657,22656,1,1
2024-11-14 15:00:01.527,22639,22649,22646,1,1
2024-11-14 15:00:02.192,22642,22647,22647,1,1
2024-11-14 15:00:02.235,22642,22647,22648,1,1
2024-11-14 15:00:02.236,22642,22647,22649,1,1
2024-11-14 15:00:02.236,22642,22647,22650,1,1
2024-11-14 15:00:02.237,22642,22647,22651,1,1
2024-11-14 15:00:02.785,22647,22652,22647,2,-2
2024-11-14 15:00:03.127,22647,22652,22652,1,1
2024-11-14 15:00:03.181,22647,22655,22647,2,-2
2024-11-14 15:00:03.202,22647,22655,22648,1,-1
2024-11-14 15:00:03.202,22647,22655,22647,1,-1
2024-11-14 15:00:04.133,22648,22654,22648,5,-5
2024-11-14 15:00:04.133,22648,22654,22647,2,-2
2024-11-14 15:00:04.187,22647,22654,22654,1,1
2024-11-14 15:00:04.572,22647,22655,22657,1,1
2024-11-14 15:00:04.572,22647,22655,22655,1,1
2024-11-14 15:00:04.572,22647,22655,22656,3,3
2024-11-14 15:00:04.642,22647,22655,22652,1,1
2024-11-14 15:00:04.642,22647,22655,22651,1,1
2024-11-14 15:00:04.664,22650,22653,22650,1,-1
2024-11-14 15:00:04.713,22650,22653,22653,1,1
2024-11-14 15:00:06.076,22652,22658,22653,1,-1
2024-11-14 15:00:07.341,22653,22656,22653,2,-2
2024-11-14 15:00:08.087,22653,22656,22653,1,-1
2024-11-14 15:00:09.341,22653,22656,22653,5,-5
2024-11-14 15:00:09.705,22652,22655,22653,1,-1
2024-11-14 15:00:09.705,22652,22655,22653,2,-2
2024-11-14 15:00:09.705,22652,22655,22653,1,-1
2024-11-14 15:00:09.846,22652,22655,22653,1,-1
2024-11-14 15:00:10.417,22652,22654,22652,1,-1
2024-11-14 15:00:10.479,22652,22654,22652,1,-1
2024-11-14 15:00:10.503,22652,22654,22655,2,2
2024-11-14 15:00:10.503,22652,22654,22654,2,2
2024-11-14 15:00:10.503,22652,22654,22653,1,-1
2024-11-14 15:00:11.215,22651,22653,22653,1,1
2024-11-14 15:00:11.905,22651,22654,22651,1,-1
2024-11-14 15:00:12.064,22651,22654,22651,8,-8
2024-11-14 15:00:12.065,22651,22654,22650,2,-2
2024-11-14 15:00:12.065,22651,22654,22649,3,-3
2024-11-14 15:00:12.210,22643,22646,22646,1,1
2024-11-14 15:00:13.630,22645,22647,22647,1,1
2024-11-14 15:00:13.630,22645,22647,22647,1,1
2024-11-14 15:00:15.594,22644,22646,22644,1,-1
2024-11-14 15:00:15.799,22641,22645,22641,1,-1
2024-11-14 15:00:15.800,22641,22645,22641,1,-1
2024-11-14 15:00:16.864,22641,22645,22641,1,-1
2024-11-14 15:00:16.929,22641,22644,22644,2,2
2024-11-14 15:00:16.929,22641,22644,22645,2,2
2024-11-14 15:00:16.929,22641,22644,22646,1,1
2024-11-14 15:00:18.615,22643,22646,22646,1,1
2024-11-14 15:00:18.819,22643,22646,22643,1,-1
2024-11-14 15:00:20.261,22643,22646,22646,1,1
2024-11-14 15:00:20.666,22643,22646,22643,2,-2
2024-11-14 15:00:20.667,22643,22646,22642,2,-2
2024-11-14 15:00:20.668,22643,22646,22641,3,-3
2024-11-14 15:00:20.669,22643,22646,22640,2,-2
2024-11-14 15:00:20.669,22643,22646,22640,1,-1
2024-11-14 15:00:21.007,22639,22642,22642,1,1
2024-11-14 15:00:21.114,22639,22642,22642,1,1
2024-11-14 15:00:21.142,22639,22642,22642,1,1
2024-11-14 15:00:21.367,22639,22642,22642,1,1
2024-11-14 15:00:21.367,22639,22642,22643,1,1
2024-11-14 15:00:21.767,22639,22643,22641,2,2
2024-11-14 15:00:21.767,22639,22643,22642,2,2
2024-11-14 15:00:21.767,22639,22643,22643,1,1
2024-11-14 15:00:22.374,22639,22642,22639,1,-1
2024-11-14 15:00:22.837,22638,22642,22638,1,-1
2024-11-14 15:00:23.001,22637,22640,22637,1,-1
2024-11-14 15:00:24.003,22637,22640,22640,1,1
2024-11-14 15:00:24.004,22637,22640,22640,1,1
2024-11-14 15:00:24.149,22638,22640,22640,1,1
2024-11-14 15:00:24.381,22638,22640,22640,1,1
2024-11-14 15:00:25.532,22638,22640,22638,1,-1
2024-11-14 15:00:26.218,22637,22639,22637,6,-6
2024-11-14 15:00:26.358,22636,22638,22636,2,-2
2024-11-14 15:00:26.359,22636,22638,22635,1,-1
2024-11-14 15:00:26.408,22636,22638,22635,1,-1
2024-11-14 15:00:26.409,22636,22638,22635,1,-1
2024-11-14 15:00:26.458,22633,22635,22635,1,1
2024-11-14 15:00:26.914,22634,22636,22634,1,-1
2024-11-14 15:00:26.956,22634,22636,22633,1,-1
2024-11-14 15:00:27.088,22633,22636,22633,1,-1
2024-11-14 15:00:27.213,22634,22636,22634,1,-1
2024-11-14 15:00:27.338,22633,22636,22633,1,-1
2024-11-14 15:00:27.893,22632,22635,22631,1,-1
2024-11-14 15:00:27.893,22632,22635,22632,5,-5
2024-11-14 15:00:28.142,22631,22635,22631,2,-2
2024-11-14 15:00:28.142,22631,22635,22630,3,-3
2024-11-14 15:00:28.142,22631,22635,22629,1,-1
2024-11-14 15:00:28.341,22629,22633,22629,2,-2
2024-11-14 15:00:28.341,22629,22633,22628,3,-3
2024-11-14 15:00:28.342,22629,22633,22628,2,-2
2024-11-14 15:00:28.342,22629,22633,22628,1,-1
2024-11-14 15:00:28.342,22629,22633,22628,2,-2
2024-11-14 15:00:28.374,22629,22633,22632,1,1
2024-11-14 15:00:28.626,22629,22633,22629,1,-1
2024-11-14 15:00:28.626,22629,22633,22628,2,-2
2024-11-14 15:00:28.626,22629,22633,22627,2,-2
2024-11-14 15:00:28.753,22627,22633,22627,1,-1
2024-11-14 15:00:28.903,22627,22633,22627,1,-1
2024-11-14 15:00:28.903,22627,22633,22626,1,-1
2024-11-14 15:00:29.251,22625,22629,22626,1,-1
2024-11-14 15:00:29.281,22625,22629,22625,1,-1
2024-11-14 15:00:29.367,22625,22628,22625,1,-1
2024-11-14 15:00:29.398,22625,22628,22624,2,-2
2024-11-14 15:00:29.398,22625,22628,22623,1,-1
2024-11-14 15:00:29.418,22623,22626,22623,2,-2
2024-11-14 15:00:29.419,22623,22626,22622,2,-2
2024-11-14 15:00:29.419,22623,22626,22622,1,-1
2024-11-14 15:00:29.445,22623,22626,22621,2,-2
2024-11-14 15:00:29.543,22619,22622,22620,1,-1
2024-11-14 15:00:29.543,22619,22622,22619,1,-1
2024-11-14 15:00:29.570,22619,22622,22618,2,-2
2024-11-14 15:00:29.573,22619,22622,22619,1,-1
2024-11-14 15:00:29.574,22619,22622,22619,1,-1
2024-11-14 15:00:29.575,22619,22622,22619,1,-1
2024-11-14 15:00:29.575,22619,22622,22621,1,1
2024-11-14 15:00:29.606,22619,22622,22619,1,-1
2024-11-14 15:00:29.606,22619,22622,22616,1,-1
2024-11-14 15:00:29.606,22619,22622,22615,3,-3
2024-11-14 15:00:29.607,22619,22622,22615,1,-1
2024-11-14 15:00:29.686,22619,22620,22620,1,1
2024-11-14 15:00:29.687,22619,22620,22620,1,1
2024-11-14 15:00:29.707,22619,22620,22619,1,-1
2024-11-14 15:00:29.727,22619,22620,22620,1,1
2024-11-14 15:00:29.816,22620,22621,22620,1,-1
2024-11-14 15:00:29.896,22620,22621,22619,2,-2
2024-11-14 15:00:29.957,22617,22621,22621,3,3
2024-11-14 15:00:29.983,22617,22621,22619,1,1
2024-11-14 15:00:29.997,22617,22621,22619,1,1
2024-11-14 15:00:30.185,22619,22623,22623,2,2
2024-11-14 15:00:30.271,22619,22623,22627,3,3
2024-11-14 15:00:30.376,22624,22628,22628,1,1
2024-11-14 15:00:30.558,22628,22632,22630,1,1
2024-11-14 15:00:30.701,22628,22631,22631,1,1
2024-11-14 15:00:30.701,22628,22631,22632,1,1
2024-11-14 15:00:30.701,22628,22631,22633,1,1
2024-11-14 15:00:30.950,22629,22633,22629,1,-1
2024-11-14 15:00:30.957,22629,22633,22629,1,-1
2024-11-14 15:00:31.040,22629,22632,22629,2,-2
2024-11-14 15:00:31.120,22629,22632,22629,1,-1
2024-11-14 15:00:31.246,22629,22631,22629,1,-1
2024-11-14 15:00:32.470,22628,22631,22631,1,1
2024-11-14 15:00:33.082,22630,22632,22632,2,2
2024-11-14 15:00:33.090,22630,22632,22630,1,-1
2024-11-14 15:00:33.319,22628,22632,22628,1,-1
2024-11-14 15:00:34.358,22628,22631,22627,1,-1
2024-11-14 15:00:34.358,22628,22631,22628,1,-1
2024-11-14 15:00:34.688,22628,22631,22631,1,1
2024-11-14 15:00:34.711,22628,22631,22628,1,-1
2024-11-14 15:00:34.755,22628,22631,22628,1,-1
2024-11-14 15:00:35.424,22627,22630,22627,1,-1
2024-11-14 15:00:36.187,22628,22630,22630,1,1
2024-11-14 15:00:36.451,22630,22632,22632,1,1
2024-11-14 15:00:37.198,22633,22635,22635,1,1
2024-11-14 15:00:37.217,22633,22635,22633,1,-1
2024-11-14 15:00:37.260,22633,22635,22632,1,-1
2024-11-14 15:00:37.384,22632,22634,22634,1,1
2024-11-14 15:00:37.610,22632,22634,22634,1,1
2024-11-14 15:00:37.709,22633,22635,22633,1,-1
2024-11-14 15:00:38.682,22632,22634,22632,2,-2
2024-11-14 15:00:38.866,22631,22634,22634,1,1
2024-11-14 15:00:38.964,22631,22634,22634,1,1
2024-11-14 15:00:39.555,22631,22634,22631,1,-1
2024-11-14 15:00:40.061,22631,22634,22634,4,4
2024-11-14 15:00:40.062,22631,22634,22635,1,1
2024-11-14 15:00:40.495,22633,22636,22633,1,-1
2024-11-14 15:00:41.002,22632,22635,22635,1,1
2024-11-14 15:00:41.477,22633,22635,22633,2,-2
2024-11-14 15:00:41.477,22633,22635,22632,2,-2
2024-11-14 15:00:41.477,22633,22635,22631,1,-1
2024-11-14 15:00:42.559,22633,22635,22635,2,2
2024-11-14 15:00:43.801,22634,22635,22635,1,1
2024-11-14 15:00:44.486,22634,22635,22635,1,1
2024-11-14 15:00:45.209,22635,22636,22636,1,1
2024-11-14 15:00:45.311,22635,22637,22637,1,1
2024-11-14 15:00:45.473,22636,22638,22636,2,-2
2024-11-14 15:00:46.373,22636,22638,22636,1,-1
2024-11-14 15:00:48.615,22636,22638,22638,1,1
2024-11-14 15:00:49.443,22636,22638,22638,1,1
2024-11-14 15:00:50.456,22636,22637,22636,2,-2
2024-11-14 15:00:52.638,22635,22637,22635,1,-1
2024-11-14 15:00:53.228,22634,22636,22634,1,-1
2024-11-14 15:00:53.428,22633,22635,22635,1,1
2024-11-14 15:00:53.935,22633,22635,22633,1,-1
2024-11-14 15:00:53.936,22633,22635,22632,1,-1
2024-11-14 15:00:53.937,22633,22635,22631,2,-2
2024-11-14 15:00:54.590,22630,22632,22632,1,1
2024-11-14 15:00:54.709,22630,22632,22632,1,1
2024-11-14 15:00:55.015,22630,22632,22632,1,1
2024-11-14 15:00:55.148,22630,22632,22630,1,-1
2024-11-14 15:00:55.723,22630,22632,22630,3,-3
2024-11-14 15:00:55.723,22630,22632,22629,2,-2
2024-11-14 15:00:58.614,22631,22634,22631,1,-1
2024-11-14 15:00:58.614,22631,22634,22630,1,-1
2024-11-14 15:00:59.595,22632,22635,22633,2,-2
2024-11-14 15:00:59.691,22633,22635,22633,1,-1
2024-11-14 15:00:59.969,22632,22635,22632,2,-2
2024-11-14 15:01:00.052,22632,22634,22632,1,-1
2024-11-14 15:01:00.075,22632,22634,22632,1,-1
2024-11-14 15:01:00.076,22632,22634,22632,1,-1
2024-11-14 15:01:00.081,22632,22634,22630,2,-2
2024-11-14 15:01:00.086,22632,22634,22630,1,-1
2024-11-14 15:01:00.092,22632,22634,22629,1,-1
2024-11-14 15:01:00.095,22632,22634,22629,3,-3
2024-11-14 15:01:00.095,22632,22634,22628,3,-3
2024-11-14 15:01:00.095,22632,22634,22627,2,-2
2024-11-14 15:01:00.095,22632,22634,22626,2,-2
2024-11-14 15:01:00.101,22632,22634,22626,1,-1
2024-11-14 15:01:00.102,22632,22634,22628,1,-1
2024-11-14 15:01:00.117,22632,22634,22626,1,-1
2024-11-14 15:01:00.117,22632,22634,22626,2,-2
2024-11-14 15:01:00.118,22632,22634,22625,1,-1
2024-11-14 15:01:00.120,22632,22634,22626,1,-1
2024-11-14 15:01:00.120,22632,22634,22627,1,-1
2024-11-14 15:01:00.141,22632,22634,22624,1,-1
2024-11-14 15:01:00.155,22632,22634,22624,1,-1
2024-11-14 15:01:00.156,22632,22634,22624,1,-1
2024-11-14 15:01:00.177,22622,22625,22626,1,1
2024-11-14 15:01:00.177,22622,22625,22626,1,1
2024-11-14 15:01:00.182,22622,22625,22629,1,1
2024-11-14 15:01:00.252,22622,22625,22628,1,1
2024-11-14 15:01:00.342,22627,22630,22630,1,1
2024-11-14 15:01:00.370,22627,22630,22630,1,1
2024-11-14 15:01:00.395,22627,22630,22627,1,-1
2024-11-14 15:01:00.407,22627,22630,22631,1,1
2024-11-14 15:01:00.407,22627,22630,22632,2,2
2024-11-14 15:01:00.437,22630,22633,22633,1,1
2024-11-14 15:01:00.537,22630,22633,22633,1,1
2024-11-14 15:01:00.538,22630,22633,22631,1,-1
2024-11-14 15:01:00.573,22630,22634,22633,1,1
2024-11-14 15:01:00.671,22630,22632,22630,1,-1
2024-11-14 15:01:00.804,22628,22630,22630,1,1
2024-11-14 15:01:01.058,22630,22632,22630,1,-1
2024-11-14 15:01:01.339,22631,22633,22633,2,2
2024-11-14 15:01:01.341,22631,22633,22634,1,1
2024-11-14 15:01:01.597,22633,22635,22635,2,2
2024-11-14 15:01:01.705,22634,22636,22636,1,1
2024-11-14 15:01:01.805,22633,22635,22635,1,1
2024-11-14 15:01:02.163,22633,22636,22633,1,-1
2024-11-14 15:01:02.833,22634,22635,22634,1,-1
2024-11-14 15:01:02.894,22634,22635,22634,1,-1
2024-11-14 15:01:03.261,22633,22635,22634,1,-1
2024-11-14 15:01:03.263,22633,22635,22634,2,-2
2024-11-14 15:01:03.411,22632,22635,22632,2,-2
2024-11-14 15:01:04.412,22633,22635,22635,3,3
2024-11-14 15:01:04.421,22635,22636,22636,1,1
2024-11-14 15:01:04.474,22635,22636,22636,1,1
2024-11-14 15:01:04.536,22635,22636,22636,1,1
2024-11-14 15:01:04.812,22634,22636,22634,1,-1
2024-11-14 15:01:05.793,22633,22636,22633,1,-1
2024-11-14 15:01:06.192,22631,22635,22634,1,1
2024-11-14 15:01:07.870,22633,22635,22633,1,-1
2024-11-14 15:01:07.917,22632,22635,22635,1,1
2024-11-14 15:01:07.917,22632,22635,22635,1,1
2024-11-14 15:01:08.518,22633,22636,22631,1,-1
2024-11-14 15:01:08.518,22633,22636,22632,3,-3
2024-11-14 15:01:09.176,22632,22634,22632,2,-2
2024-11-14 15:01:09.178,22632,22634,22631,1,-1
2024-11-14 15:01:10.660,22631,22634,22631,1,-1
2024-11-14 15:01:11.215,22632,22635,22635,1,1
2024-11-14 15:01:12.648,22631,22634,22631,1,-1
2024-11-14 15:01:12.707,22631,22634,22634,1,1
2024-11-14 15:01:12.861,22631,22635,22635,1,1
2024-11-14 15:01:13.988,22632,22636,22636,1,1
2024-11-14 15:01:16.938,22631,22634,22631,6,-6
2024-11-14 15:01:17.348,22629,22631,22631,1,1
2024-11-14 15:01:18.009,22628,22631,22631,1,1
2024-11-14 15:01:18.041,22628,22631,22632,1,1
2024-11-14 15:01:18.041,22628,22631,22632,1,1
2024-11-14 15:01:18.042,22628,22631,22633,1,1
2024-11-14 15:01:18.043,22628,22631,22633,1,1
2024-11-14 15:01:18.285,22632,22634,22634,1,1
2024-11-14 15:01:19.764,22631,22635,22635,1,1
2024-11-14 15:01:19.820,22633,22636,22636,1,1
2024-11-14 15:01:19.958,22633,22635,22635,1,1
2024-11-14 15:01:22.643,22631,22634,22634,1,1
2024-11-14 15:01:22.743,22632,22636,22636,1,1
2024-11-14 15:01:23.309,22632,22636,22632,3,-3
2024-11-14 15:01:24.103,22633,22635,22633,1,-1
2024-11-14 15:01:25.605,22632,22635,22635,2,2
2024-11-14 15:01:28.754,22632,22635,22635,1,1
2024-11-14 15:01:28.854,22632,22635,22635,1,1
2024-11-14 15:01:29.149,22633,22635,22635,1,1
2024-11-14 15:01:29.167,22632,22635,22635,1,1
2024-11-14 15:01:29.168,22632,22635,22635,2,2
2024-11-14 15:01:29.168,22632,22635,22635,4,4
2024-11-14 15:01:29.168,22632,22635,22635,1,1
2024-11-14 15:01:29.168,22632,22635,22636,1,1
2024-11-14 15:01:29.168,22632,22635,22636,1,1
2024-11-14 15:01:29.169,22632,22635,22636,4,4
2024-11-14 15:01:29.169,22632,22635,22636,1,1
2024-11-14 15:01:29.416,22634,22637,22637,1,1
2024-11-14 15:01:30.366,22634,22635,22635,1,1
2024-11-14 15:01:30.825,22634,22635,22634,1,-1
2024-11-14 15:01:31.163,22634,22635,22635,1,1
2024-11-14 15:01:31.192,22634,22635,22635,1,1
2024-11-14 15:01:32.252,22634,22635,22635,3,3
2024-11-14 15:01:32.288,22634,22635,22635,1,1
2024-11-14 15:01:32.288,22634,22635,22637,1,1
2024-11-14 15:01:32.943,22634,22636,22634,1,-1
2024-11-14 15:01:32.943,22634,22636,22634,2,-2
2024-11-14 15:01:32.973,22634,22636,22634,1,-1
2024-11-14 15:01:33.146,22631,22634,22633,1,1
2024-11-14 15:01:33.206,22631,22634,22631,1,-1
2024-11-14 15:01:33.536,22630,22634,22630,1,-1
2024-11-14 15:01:34.159,22630,22632,22630,2,-2
2024-11-14 15:01:35.609,22628,22630,22628,3,-3
2024-11-14 15:01:36.811,22626,22629,22626,1,-1
2024-11-14 15:01:36.917,22626,22629,22629,1,1
2024-11-14 15:01:36.917,22626,22629,22629,1,1
2024-11-14 15:01:36.917,22626,22629,22629,1,1
2024-11-14 15:01:36.918,22626,22629,22630,1,1
2024-11-14 15:01:37.006,22626,22629,22630,1,1
2024-11-14 15:01:37.223,22630,22631,22630,4,-4
2024-11-14 15:01:37.487,22626,22629,22626,1,-1
2024-11-14 15:01:38.359,22626,22629,22626,2,-2
2024-11-14 15:01:39.039,22625,22628,22625,1,-1
2024-11-14 15:01:40.021,22627,22629,22627,1,-1
2024-11-14 15:01:40.021,22627,22629,22625,1,-1
2024-11-14 15:01:41.834,22625,22627,22627,1,1
2024-11-14 15:01:41.834,22625,22627,22627,1,1
2024-11-14 15:01:43.912,22626,22629,22626,4,-4
2024-11-14 15:01:43.912,22626,22629,22625,1,-1
2024-11-14 15:01:45.729,22625,22628,22629,1,1
2024-11-14 15:01:46.057,22627,22630,22627,1,-1
2024-11-14 15:01:46.133,22627,22630,22628,1,-1
2024-11-14 15:01:47.411,22627,22631,22627,2,-2
2024-11-14 15:01:47.535,22626,22629,22629,1,1
2024-11-14 15:01:47.594,22627,22630,22627,1,-1
2024-11-14 15:01:48.640,22627,22630,22632,1,1
2024-11-14 15:01:48.814,22630,22633,22633,1,1
2024-11-14 15:01:49.587,22630,22633,22633,2,2
2024-11-14 15:01:52.523,22633,22635,22632,2,-2
2024-11-14 15:01:52.523,22633,22635,22631,4,-4
2024-11-14 15:01:52.523,22633,22635,22630,3,-3
2024-11-14 15:01:52.523,22633,22635,22629,2,-2
2024-11-14 15:01:52.706,22629,22631,22629,1,-1
2024-11-14 15:01:59.996,22627,22629,22627,1,-1
2024-11-14 15:02:00.130,22627,22629,22627,1,-1
2024-11-14 15:02:00.130,22627,22629,22626,1,-1
2024-11-14 15:02:00.130,22627,22629,22625,3,-3
2024-11-14 15:02:00.199,22625,22628,22624,3,-3
2024-11-14 15:02:00.199,22625,22628,22623,3,-3
2024-11-14 15:02:00.199,22625,22628,22625,4,-4
2024-11-14 15:02:00.688,22623,22626,22626,1,1
2024-11-14 15:02:00.805,22623,22627,22627,2,2
2024-11-14 15:02:01.215,22624,22627,22624,1,-1
2024-11-14 15:02:01.215,22624,22627,22623,5,-5
2024-11-14 15:02:01.666,22623,22626,22623,1,-1
2024-11-14 15:02:01.684,22623,22626,22623,1,-1
2024-11-14 15:02:03.940,22623,22624,22624,1,1
2024-11-14 15:02:05.178,22623,22626,22623,1,-1
2024-11-14 15:02:05.286,22623,22626,22624,1,-1
2024-11-14 15:02:07.002,22624,22626,22624,1,-1
2024-11-14 15:02:07.002,22624,22626,22623,1,-1
2024-11-14 15:02:09.065,22624,22626,22626,1,1
2024-11-14 15:02:09.066,22624,22626,22626,1,1
2024-11-14 15:02:10.628,22625,22629,22625,2,-2
2024-11-14 15:02:11.494,22624,22627,22624,1,-1
2024-11-14 15:02:14.673,22625,22627,22625,1,-1
2024-11-14 15:02:15.517,22624,22627,22624,2,-2
2024-11-14 15:02:16.068,22624,22627,22627,2,2
2024-11-14 15:02:18.412,22624,22625,22625,3,3
2024-11-14 15:02:18.440,22624,22625,22625,2,2
2024-11-14 15:02:20.813,22624,22628,22629,1,1
2024-11-14 15:02:20.814,22624,22628,22629,1,1
2024-11-14 15:02:21.096,22627,22630,22630,1,1
2024-11-14 15:02:21.097,22627,22630,22630,1,1
2024-11-14 15:02:21.098,22627,22630,22630,4,4
2024-11-14 15:02:21.098,22627,22630,22631,4,4
2024-11-14 15:02:22.016,22630,22633,22633,1,1
2024-11-14 15:02:22.016,22630,22633,22633,1,1
2024-11-14 15:02:22.853,22630,22633,22633,1,1
2024-11-14 15:02:22.853,22630,22633,22634,1,1
2024-11-14 15:02:23.958,22632,22635,22635,3,3
2024-11-14 15:02:23.959,22632,22635,22635,1,1
2024-11-14 15:02:23.959,22632,22635,22636,2,2
2024-11-14 15:02:25.526,22633,22636,22633,1,-1
2024-11-14 15:02:25.526,22633,22636,22632,1,-1
2024-11-14 15:02:26.693,22632,22634,22632,1,-1
2024-11-14 15:02:26.861,22631,22633,22633,2,2
2024-11-14 15:02:32.824,22631,22633,22633,2,2
2024-11-14 15:02:33.440,22632,22633,22633,1,1
2024-11-14 15:02:34.066,22632,22633,22633,1,1
2024-11-14 15:02:35.250,22632,22634,22634,2,2
2024-11-14 15:02:35.261,22632,22634,22635,6,6
2024-11-14 15:02:35.261,22632,22634,22636,1,1
2024-11-14 15:02:35.301,22635,22637,22637,1,1
2024-11-14 15:02:35.502,22636,22638,22638,1,1
2024-11-14 15:02:35.503,22636,22638,22638,1,1
2024-11-14 15:02:35.503,22636,22638,22638,4,4
2024-11-14 15:02:35.742,22637,22639,22637,1,-1
2024-11-14 15:02:38.573,22633,22636,22636,1,1
2024-11-14 15:02:41.937,22632,22635,22635,1,1
2024-11-14 15:02:46.161,22632,22635,22635,1,1
2024-11-14 15:02:49.002,22635,22637,22637,1,1
2024-11-14 15:02:49.102,22635,22637,22637,1,1
2024-11-14 15:02:49.102,22635,22637,22637,1,1
2024-11-14 15:02:49.102,22635,22637,22637,1,1
2024-11-14 15:02:49.578,22636,22638,22638,1,1
2024-11-14 15:02:50.594,22637,22639,22637,3,-3
2024-11-14 15:02:50.840,22636,22639,22639,2,2
2024-11-14 15:02:53.798,22636,22638,22636,1,-1
2024-11-14 15:02:56.133,22636,22638,22636,1,-1
2024-11-14 15:02:57.003,22636,22638,22636,1,-1
2024-11-14 15:02:58.787,22635,22636,22635,1,-1
2024-11-14 15:02:59.809,22634,22637,22636,1,1
2024-11-14 15:03:00.307,22634,22637,22637,1,1
2024-11-14 15:03:00.798,22634,22637,22634,2,-2
2024-11-14 15:03:04.260,22634,22637,22634,8,-8
2024-11-14 15:03:04.260,22634,22637,22633,2,-2
2024-11-14 15:03:05.731,22633,22635,22635,1,1
2024-11-14 15:03:06.187,22633,22636,22636,1,1
2024-11-14 15:03:17.704,22635,22638,22638,1,1
2024-11-14 15:03:17.714,22635,22638,22639,1,1
2024-11-14 15:03:17.914,22636,22639,22639,1,1
2024-11-14 15:03:18.711,22636,22639,22636,1,-1
2024-11-14 15:03:21.435,22636,22639,22636,1,-1
2024-11-14 15:03:21.435,22636,22639,22635,3,-3
2024-11-14 15:03:21.435,22636,22639,22634,6,-6
2024-11-14 15:03:22.334,22634,22637,22637,1,1
2024-11-14 15:03:22.437,22634,22637,22634,2,-2
2024-11-14 15:03:23.115,22634,22637,22634,5,-5
2024-11-14 15:03:23.158,22634,22637,22633,2,-2
2024-11-14 15:03:23.289,22631,22632,22631,1,-1
2024-11-14 15:03:23.440,22630,22632,22632,1,1
2024-11-14 15:03:27.037,22630,22632,22630,1,-1
2024-11-14 15:03:27.037,22630,22632,22629,1,-1
2024-11-14 15:03:28.127,22628,22630,22628,1,-1
2024-11-14 15:03:31.856,22626,22628,22627,1,-1
2024-11-14 15:03:33.030,22626,22628,22627,1,-1
2024-11-14 15:03:34.713,22626,22628,22628,1,1
2024-11-14 15:03:36.969,22627,22628,22627,2,-2
2024-11-14 15:03:39.030,22627,22628,22627,1,-1
2024-11-14 15:03:39.552,22626,22628,22627,1,-1
2024-11-14 15:03:39.600,22626,22628,22626,8,-8
2024-11-14 15:03:39.600,22626,22628,22625,5,-5
2024-11-14 15:03:39.601,22626,22628,22624,1,-1
2024-11-14 15:03:39.601,22626,22628,22624,1,-1
2024-11-14 15:03:39.601,22626,22628,22624,3,-3
2024-11-14 15:03:39.601,22626,22628,22624,1,-1
2024-11-14 15:03:39.603,22626,22628,22623,1,-1
2024-11-14 15:03:39.603,22626,22628,22623,1,-1
2024-11-14 15:03:39.771,22622,22624,22624,1,1
2024-11-14 15:03:41.257,22622,22624,22624,1,1
2024-11-14 15:03:41.291,22622,22625,22625,1,1
2024-11-14 15:03:41.292,22622,22625,22625,1,1
2024-11-14 15:03:42.433,22624,22626,22624,1,-1
2024-11-14 15:03:44.721,22623,22625,22623,1,-1
2024-11-14 15:03:45.202,22622,22624,22622,1,-1
2024-11-14 15:03:45.513,22622,22624,22622,1,-1
2024-11-14 15:03:48.972,22620,22621,22620,2,-2
2024-11-14 15:03:48.972,22620,22621,22620,1,-1
2024-11-14 15:03:49.125,22619,22620,22619,1,-1
2024-11-14 15:03:49.319,22618,22620,22618,1,-1
2024-11-14 15:03:49.320,22618,22620,22619,1,-1
2024-11-14 15:03:51.506,22617,22619,22617,1,-1
2024-11-14 15:03:51.716,22616,22619,22619,6,6
2024-11-14 15:03:53.615,22616,22619,22619,1,1
2024-11-14 15:03:53.619,22616,22619,22620,1,1
2024-11-14 15:03:53.716,22617,22620,22620,1,1
2024-11-14 15:03:54.252,22618,22621,22618,1,-1
2024-11-14 15:03:54.726,22617,22620,22618,1,-1
2024-11-14 15:03:54.839,22617,22620,22617,1,-1
2024-11-14 15:03:54.839,22617,22620,22617,1,-1
2024-11-14 15:03:55.066,22617,22619,22617,1,-1
2024-11-14 15:03:56.192,22617,22618,22618,1,1
2024-11-14 15:03:56.711,22617,22620,22617,1,-1
2024-11-14 15:03:56.752,22617,22620,22620,1,1
2024-11-14 15:03:59.057,22616,22619,22615,4,-4
2024-11-14 15:03:59.057,22616,22619,22616,4,-4
2024-11-14 15:03:59.057,22616,22619,22615,7,-7
2024-11-14 15:03:59.058,22616,22619,22614,4,-4
2024-11-14 15:03:59.059,22616,22619,22613,1,-1
2024-11-14 15:03:59.173,22613,22614,22613,1,-1
2024-11-14 15:03:59.173,22613,22614,22612,8,-8
2024-11-14 15:03:59.213,22613,22614,22611,1,-1
2024-11-14 15:03:59.255,22613,22614,22611,1,-1
2024-11-14 15:03:59.255,22613,22614,22610,1,-1
2024-11-14 15:03:59.330,22610,22612,22612,1,1
2024-11-14 15:03:59.347,22610,22612,22612,1,1
2024-11-14 15:04:00.983,22612,22614,22614,1,1
2024-11-14 15:04:01.465,22612,22614,22614,1,1
2024-11-14 15:04:01.498,22612,22614,22612,2,-2
2024-11-14 15:04:01.541,22611,22614,22611,1,-1
2024-11-14 15:04:01.542,22611,22614,22611,1,-1
2024-11-14 15:04:01.565,22611,22614,22613,1,1
2024-11-14 15:04:01.830,22611,22613,22613,1,1
2024-11-14 15:04:02.191,22611,22614,22611,1,-1
2024-11-14 15:04:02.336,22611,22614,22614,1,1
2024-11-14 15:04:02.432,22611,22614,22611,1,-1
2024-11-14 15:04:02.583,22610,22614,22610,1,-1
2024-11-14 15:04:03.046,22612,22613,22612,1,-1
2024-11-14 15:04:03.289,22610,22613,22613,2,2
2024-11-14 15:04:04.187,22610,22613,22610,1,-1
2024-11-14 15:04:05.193,22610,22612,22610,4,-4
2024-11-14 15:04:05.406,22608,22610,22610,1,1
2024-11-14 15:04:06.265,22608,22609,22608,2,-2
2024-11-14 15:04:06.266,22608,22609,22608,1,-1
2024-11-14 15:04:07.479,22607,22609,22607,1,-1
2024-11-14 15:04:07.479,22607,22609,22606,3,-3
2024-11-14 15:04:07.542,22606,22608,22606,1,-1
2024-11-14 15:04:07.542,22606,22608,22606,1,-1
2024-11-14 15:04:07.542,22606,22608,22606,1,-1
2024-11-14 15:04:08.492,22606,22608,22605,3,-3
2024-11-14 15:04:08.492,22606,22608,22606,1,-1
2024-11-14 15:04:08.729,22605,22607,22607,1,1
2024-11-14 15:04:09.402,22607,22608,22607,1,-1
2024-11-14 15:04:10.753,22605,22607,22607,1,1
2024-11-14 15:04:11.422,22606,22608,22606,1,-1
2024-11-14 15:04:11.422,22606,22608,22605,2,-2
2024-11-14 15:04:11.422,22606,22608,22604,2,-2
2024-11-14 15:04:14.711,22603,22606,22603,6,-6
2024-11-14 15:04:14.711,22603,22606,22602,3,-3
2024-11-14 15:04:15.035,22601,22604,22604,1,1
2024-11-14 15:04:15.060,22601,22604,22601,1,-1
2024-11-14 15:04:15.158,22601,22604,22601,1,-1
2024-11-14 15:04:15.459,22601,22604,22601,1,-1
2024-11-14 15:04:15.936,22601,22603,22601,1,-1
2024-11-14 15:04:15.936,22601,22603,22600,1,-1
2024-11-14 15:04:16.005,22601,22603,22600,2,-2
2024-11-14 15:04:16.005,22601,22603,22600,4,-4
2024-11-14 15:04:16.006,22601,22603,22600,3,-3
2024-11-14 15:04:16.710,22598,22600,22598,1,-1
2024-11-14 15:04:17.476,22598,22600,22598,1,-1
2024-11-14 15:04:17.779,22597,22600,22600,1,1
2024-11-14 15:04:18.312,22597,22599,22597,1,-1
2024-11-14 15:04:18.417,22596,22598,22596,1,-1
2024-11-14 15:04:18.417,22596,22598,22596,1,-1
2024-11-14 15:04:18.418,22596,22598,22595,1,-1
2024-11-14 15:04:18.492,22596,22598,22595,1,-1
2024-11-14 15:04:18.503,22596,22598,22593,1,-1
2024-11-14 15:04:18.524,22596,22598,22593,1,-1
2024-11-14 15:04:18.555,22593,22596,22593,1,-1
2024-11-14 15:04:18.562,22593,22596,22593,1,-1
2024-11-14 15:04:18.667,22593,22595,22593,2,-2
2024-11-14 15:04:18.667,22593,22595,22592,2,-2
2024-11-14 15:04:18.825,22592,22595,22592,1,-1
2024-11-14 15:04:18.863,22592,22595,22592,1,-1
2024-11-14 15:04:18.895,22592,22595,22594,1,1
2024-11-14 15:04:18.903,22592,22595,22594,1,1
2024-11-14 15:04:19.066,22593,22596,22596,1,1
2024-11-14 15:04:19.141,22593,22596,22596,1,1
2024-11-14 15:04:19.156,22593,22596,22596,1,1
2024-11-14 15:04:19.159,22593,22596,22596,1,1
2024-11-14 15:04:19.168,22595,22597,22597,1,1
2024-11-14 15:04:19.188,22595,22597,22596,1,1
2024-11-14 15:04:19.217,22595,22597,22597,1,1
2024-11-14 15:04:19.675,22597,22598,22597,1,-1
2024-11-14 15:04:21.909,22595,22597,22597,1,1
2024-11-14 15:04:22.530,22595,22598,22595,1,-1
2024-11-14 15:04:23.254,22597,22599,22597,1,-1
2024-11-14 15:04:23.877,22597,22599,22597,1,-1
2024-11-14 15:04:23.877,22597,22599,22595,2,-2
2024-11-14 15:04:23.877,22597,22599,22594,2,-2
2024-11-14 15:04:24.025,22593,22597,22597,1,1
2024-11-14 15:04:24.332,22594,22597,22597,2,2
2024-11-14 15:04:25.223,22597,22598,22597,1,-1
2024-11-14 15:04:25.266,22597,22598,22598,2,2
2024-11-14 15:04:25.917,22596,22599,22599,1,1
2024-11-14 15:04:26.927,22595,22599,22595,1,-1
2024-11-14 15:04:28.637,22596,22598,22598,1,1
2024-11-14 15:04:28.667,22596,22598,22596,1,-1
2024-11-14 15:04:29.072,22594,22598,22595,2,-2
2024-11-14 15:04:29.072,22594,22598,22594,2,-2
2024-11-14 15:04:29.432,22595,22598,22595,1,-1
2024-11-14 15:04:30.341,22595,22598,22595,2,-2
2024-11-14 15:04:30.402,22595,22598,22598,1,1
2024-11-14 15:04:30.429,22594,22598,22598,1,1
2024-11-14 15:04:31.669,22597,22598,22598,1,1
2024-11-14 15:04:31.691,22597,22598,22599,1,1
2024-11-14 15:04:31.733,22597,22598,22600,2,2
2024-11-14 15:04:31.743,22597,22598,22603,1,1
2024-11-14 15:04:32.102,22600,22603,22603,1,1
2024-11-14 15:04:32.749,22600,22603,22601,1,-1
2024-11-14 15:04:32.749,22600,22603,22600,3,-3
2024-11-14 15:04:33.687,22600,22603,22603,1,1
2024-11-14 15:04:35.551,22600,22603,22603,1,1
2024-11-14 15:04:36.442,22601,22604,22604,1,1
2024-11-14 15:04:38.558,22602,22604,22604,2,2
2024-11-14 15:04:38.559,22602,22604,22605,1,1
2024-11-14 15:04:38.559,22602,22604,22605,1,1
2024-11-14 15:04:38.560,22602,22604,22605,1,1
2024-11-14 15:04:39.003,22603,22606,22606,1,1
2024-11-14 15:04:40.104,22605,22608,22608,1,1
2024-11-14 15:04:40.999,22607,22608,22608,1,1
2024-11-14 15:04:41.000,22607,22608,22608,1,1
2024-11-14 15:04:41.090,22607,22609,22609,1,1
2024-11-14 15:04:41.101,22607,22609,22610,1,1
2024-11-14 15:04:41.302,22609,22612,22612,1,1
2024-11-14 15:04:43.315,22611,22614,22614,1,1
2024-11-14 15:04:44.310,22611,22614,22612,1,-1
2024-11-14 15:04:44.324,22611,22614,22614,1,1
2024-11-14 15:04:44.353,22611,22614,22614,2,2
2024-11-14 15:04:44.353,22611,22614,22615,1,1
2024-11-14 15:04:45.684,22612,22615,22615,1,1
2024-11-14 15:04:45.792,22613,22616,22613,1,-1
2024-11-14 15:04:45.792,22613,22616,22613,1,-1
2024-11-14 15:04:48.338,22613,22614,22613,1,-1
2024-11-14 15:04:52.423,22612,22614,22612,1,-1
2024-11-14 15:04:53.595,22612,22614,22612,1,-1
2024-11-14 15:04:53.596,22612,22614,22612,1,-1
2024-11-14 15:04:54.580,22612,22614,22612,1,-1
2024-11-14 15:04:55.365,22611,22613,22611,1,-1
2024-11-14 15:04:55.365,22611,22613,22610,1,-1
2024-11-14 15:04:55.365,22611,22613,22609,4,-4
2024-11-14 15:04:55.365,22611,22613,22608,6,-6
2024-11-14 15:04:55.365,22611,22613,22607,3,-3
2024-11-14 15:04:56.687,22602,22604,22604,2,2
2024-11-14 15:04:59.283,22605,22608,22605,1,-1
2024-11-14 15:05:00.151,22604,22606,22604,1,-1
2024-11-14 15:05:00.514,22603,22605,22605,1,1
2024-11-14 15:05:00.614,22604,22606,22606,1,1
2024-11-14 15:05:00.744,22604,22606,22603,1,-1
2024-11-14 15:05:00.826,22603,22606,22606,2,2
2024-11-14 15:05:00.885,22603,22606,22604,1,-1
2024-11-14 15:05:01.041,22604,22607,22604,1,-1
2024-11-14 15:05:01.195,22602,22606,22602,1,-1
2024-11-14 15:05:01.350,22602,22606,22602,1,-1
2024-11-14 15:05:01.537,22602,22606,22602,1,-1
2024-11-14 15:05:01.566,22602,22605,22602,1,-1
2024-11-14 15:05:01.711,22600,22603,22600,1,-1
2024-11-14 15:05:01.792,22600,22602,22602,1,1
2024-11-14 15:05:01.883,22600,22602,22600,1,-1
2024-11-14 15:05:02.046,22600,22603,22600,1,-1
2024-11-14 15:05:02.220,22600,22603,22600,1,-1
2024-11-14 15:05:02.377,22600,22603,22600,1,-1
2024-11-14 15:05:02.561,22600,22602,22600,1,-1
2024-11-14 15:05:02.747,22600,22602,22600,1,-1
2024-11-14 15:05:02.907,22600,22602,22600,1,-1
2024-11-14 15:05:03.052,22600,22602,22600,1,-1
2024-11-14 15:05:03.277,22600,22602,22600,1,-1
2024-11-14 15:05:03.434,22600,22602,22600,1,-1
2024-11-14 15:05:03.599,22600,22602,22600,1,-1
2024-11-14 15:05:03.760,22600,22602,22600,1,-1
2024-11-14 15:05:03.910,22600,22602,22600,1,-1
2024-11-14 15:05:04.164,22600,22601,22601,1,1
2024-11-14 15:05:04.180,22600,22601,22602,1,1
2024-11-14 15:05:04.806,22600,22602,22600,1,-1
2024-11-14 15:05:05.019,22600,22602,22602,1,1
2024-11-14 15:05:05.553,22600,22602,22602,1,1
2024-11-14 15:05:06.003,22600,22603,22600,1,-1
2024-11-14 15:05:06.322,22600,22603,22600,2,-2
2024-11-14 15:05:06.554,22599,22602,22602,1,1
2024-11-14 15:05:06.751,22600,22604,22604,1,1
2024-11-14 15:05:06.752,22600,22604,22601,1,-1
2024-11-14 15:05:07.360,22601,22604,22602,1,-1
2024-11-14 15:05:07.939,22601,22604,22604,1,1
2024-11-14 15:05:09.721,22603,22606,22603,1,-1
2024-11-14 15:05:11.806,22604,22607,22607,1,1
2024-11-14 15:05:11.907,22604,22607,22607,1,1
2024-11-14 15:05:11.907,22604,22607,22607,1,1
2024-11-14 15:05:11.910,22604,22607,22607,4,4
2024-11-14 15:05:11.935,22606,22609,22609,1,1
2024-11-14 15:05:12.506,22611,22614,22615,2,2
2024-11-14 15:05:12.975,22614,22617,22618,1,1
2024-11-14 15:05:13.176,22616,22619,22619,1,1
2024-11-14 15:05:16.784,22618,22620,22618,1,-1
2024-11-14 15:05:17.658,22618,22620,22620,2,2
2024-11-14 15:05:17.658,22618,22620,22620,3,3
2024-11-14 15:05:20.641,22620,22622,22620,1,-1
2024-11-14 15:05:21.634,22620,22621,22621,1,1
2024-11-14 15:05:23.049,22620,22622,22620,1,-1
2024-11-14 15:05:29.903,22620,22622,22620,1,-1
2024-11-14 15:05:30.171,22620,22621,22621,1,1
2024-11-14 15:05:32.708,22620,22622,22620,1,-1
2024-11-14 15:05:34.202,22620,22622,22622,1,1
2024-11-14 15:05:35.371,22620,22622,22622,1,1
2024-11-14 15:05:35.371,22620,22622,22622,1,1
2024-11-14 15:05:35.373,22620,22622,22624,4,4
2024-11-14 15:05:35.373,22620,22622,22625,1,1
2024-11-14 15:05:35.374,22620,22622,22625,3,3
2024-11-14 15:05:35.374,22620,22622,22626,4,4
2024-11-14 15:05:35.374,22620,22622,22626,1,1
2024-11-14 15:05:35.375,22620,22622,22626,1,1
2024-11-14 15:05:35.431,22625,22628,22629,3,3
2024-11-14 15:05:35.431,22625,22628,22628,2,2
2024-11-14 15:05:35.466,22625,22628,22629,1,1
2024-11-14 15:05:35.678,22627,22629,22629,2,2
2024-11-14 15:05:35.678,22627,22629,22630,1,1
2024-11-14 15:05:35.683,22627,22629,22630,2,2
2024-11-14 15:05:35.683,22627,22629,22631,3,3
2024-11-14 15:05:35.711,22627,22629,22631,1,1
2024-11-14 15:05:35.711,22627,22629,22632,1,1
2024-11-14 15:05:35.846,22629,22631,22631,1,1
2024-11-14 15:05:35.846,22629,22631,22632,1,1
2024-11-14 15:05:35.918,22628,22631,22631,2,2
2024-11-14 15:05:36.267,22628,22631,22631,1,1
2024-11-14 15:05:39.705,22629,22632,22631,1,1
2024-11-14 15:05:39.731,22629,22632,22631,1,1
2024-11-14 15:05:39.972,22630,22632,22632,1,1
2024-11-14 15:05:39.972,22630,22632,22633,3,3
2024-11-14 15:05:39.973,22630,22632,22633,1,1
2024-11-14 15:05:39.974,22630,22632,22634,1,1
2024-11-14 15:05:40.045,22633,22635,22633,2,-2
2024-11-14 15:05:40.999,22633,22635,22633,1,-1
2024-11-14 15:05:41.587,22633,22635,22633,1,-1
2024-11-14 15:05:41.602,22633,22635,22635,2,2
2024-11-14 15:05:41.707,22633,22636,22633,1,-1
2024-11-14 15:05:41.984,22631,22634,22634,1,1
2024-11-14 15:05:43.400,22631,22632,22632,1,1
2024-11-14 15:05:44.894,22631,22633,22631,3,-3
2024-11-14 15:05:44.896,22631,22633,22630,1,-1
2024-11-14 15:05:44.898,22631,22633,22629,2,-2
2024-11-14 15:05:47.184,22628,22630,22628,1,-1
2024-11-14 15:05:47.410,22627,22630,22629,1,1
2024-11-14 15:05:48.860,22628,22630,22630,1,1
2024-11-14 15:05:48.860,22628,22630,22630,1,1
2024-11-14 15:05:48.861,22628,22630,22631,2,2
2024-11-14 15:05:48.862,22628,22630,22632,3,3
2024-11-14 15:05:48.864,22628,22630,22633,1,1
2024-11-14 15:05:51.841,22633,22634,22633,1,-1
2024-11-14 15:05:51.842,22633,22634,22633,1,-1
2024-11-14 15:05:52.170,22631,22632,22631,1,-1
2024-11-14 15:05:52.525,22629,22632,22632,4,4
2024-11-14 15:05:52.896,22630,22633,22633,1,1
2024-11-14 15:05:54.173,22630,22632,22632,1,1
2024-11-14 15:05:54.310,22632,22634,22634,1,1
2024-11-14 15:05:54.310,22632,22634,22635,2,2
2024-11-14 15:05:54.310,22632,22634,22635,1,1
2024-11-14 15:05:54.310,22632,22634,22635,3,3
2024-11-14 15:05:54.908,22633,22636,22633,1,-1
2024-11-14 15:05:56.059,22635,22636,22636,1,1
2024-11-14 15:05:56.215,22635,22636,22636,1,1
2024-11-14 15:05:56.366,22635,22637,22635,1,-1
2024-11-14 15:05:56.811,22634,22637,22637,1,1
2024-11-14 15:05:57.469,22636,22637,22636,1,-1
2024-11-14 15:05:57.870,22636,22637,22636,1,-1
2024-11-14 15:05:58.433,22635,22637,22637,1,1
2024-11-14 15:06:01.236,22635,22637,22635,1,-1
2024-11-14 15:06:01.875,22635,22637,22635,2,-2
2024-11-14 15:06:01.900,22635,22637,22635,1,-1
2024-11-14 15:06:02.130,22633,22635,22633,1,-1
2024-11-14 15:06:02.173,22632,22634,22632,1,-1
2024-11-14 15:06:02.332,22630,22632,22632,1,1
2024-11-14 15:06:03.793,22630,22632,22630,1,-1
2024-11-14 15:06:03.795,22630,22632,22629,1,-1
2024-11-14 15:06:04.159,22627,22630,22630,1,1
2024-11-14 15:06:04.429,22627,22631,22630,1,1
2024-11-14 15:06:04.466,22627,22631,22631,1,1
2024-11-14 15:06:05.626,22630,22632,22632,2,2
2024-11-14 15:06:07.877,22630,22634,22630,2,-2
2024-11-14 15:06:12.109,22627,22630,22627,1,-1
2024-11-14 15:06:16.164,22624,22628,22624,1,-1
2024-11-14 15:06:18.712,22623,22625,22623,1,-1
2024-11-14 15:06:18.716,22623,22625,22623,1,-1
2024-11-14 15:06:21.925,22621,22623,22621,2,-2
2024-11-14 15:06:26.977,22620,22621,22620,1,-1
2024-11-14 15:06:27.674,22620,22621,22620,1,-1
2024-11-14 15:06:27.787,22620,22621,22620,1,-1
2024-11-14 15:06:31.241,22616,22619,22619,1,1
2024-11-14 15:06:34.550,22617,22619,22619,1,1
2024-11-14 15:06:35.009,22618,22620,22618,1,-1
2024-11-14 15:06:35.920,22617,22620,22620,1,1
2024-11-14 15:06:36.463,22617,22620,22617,1,-1
2024-11-14 15:06:36.815,22616,22617,22616,1,-1
2024-11-14 15:06:36.816,22616,22617,22614,2,-2
2024-11-14 15:06:36.816,22616,22617,22614,4,-4
2024-11-14 15:06:36.816,22616,22617,22615,1,-1
2024-11-14 15:06:36.857,22616,22617,22612,1,-1
2024-11-14 15:06:37.028,22613,22616,22613,1,-1
2024-11-14 15:06:39.259,22609,22613,22613,1,1
2024-11-14 15:06:39.519,22611,22613,22614,1,1
2024-11-14 15:06:42.580,22612,22614,22614,1,1
2024-11-14 15:06:43.516,22612,22613,22613,1,1
2024-11-14 15:06:43.517,22612,22613,22613,1,1
2024-11-14 15:06:45.968,22613,22615,22613,1,-1
2024-11-14 15:06:45.969,22613,22615,22612,2,-2
2024-11-14 15:06:45.969,22613,22615,22612,2,-2
2024-11-14 15:06:46.333,22611,22613,22613,2,2
2024-11-14 15:06:46.854,22611,22613,22613,1,1
2024-11-14 15:06:47.544,22611,22614,22614,1,1
2024-11-14 15:06:52.591,22611,22614,22614,2,2
2024-11-14 15:06:52.593,22611,22614,22615,5,5
2024-11-14 15:06:52.683,22615,22617,22615,1,-1
2024-11-14 15:06:52.768,22615,22617,22617,2,2
2024-11-14 15:06:52.904,22617,22620,22618,1,-1
2024-11-14 15:06:53.012,22615,22619,22619,1,1
2024-11-14 15:06:54.235,22616,22619,22616,1,-1
2024-11-14 15:06:54.236,22616,22619,22615,2,-2
2024-11-14 15:06:54.236,22616,22619,22614,1,-1
2024-11-14 15:06:54.236,22616,22619,22614,4,-4
2024-11-14 15:06:54.663,22612,22615,22615,4,4
2024-11-14 15:06:54.663,22612,22615,22616,1,1
2024-11-14 15:06:54.783,22612,22616,22617,1,1
2024-11-14 15:06:56.044,22615,22618,22618,3,3
2024-11-14 15:06:58.207,22615,22618,22618,1,1
2024-11-14 15:07:00.034,22616,22619,22616,1,-1
2024-11-14 15:07:00.807,22616,22619,22618,1,1
2024-11-14 15:07:00.807,22616,22619,22618,1,1
2024-11-14 15:07:01.202,22616,22619,22616,1,-1
2024-11-14 15:07:02.975,22614,22617,22617,1,1
2024-11-14 15:07:04.045,22614,22617,22611,1,-1
2024-11-14 15:07:04.045,22614,22617,22612,6,-6
2024-11-14 15:07:04.045,22614,22617,22613,5,-5
2024-11-14 15:07:04.045,22614,22617,22614,3,-3
2024-11-14 15:07:04.197,22611,22614,22611,1,-1
2024-11-14 15:07:04.222,22611,22614,22610,1,-1
2024-11-14 15:07:05.100,22611,22615,22615,1,1
2024-11-14 15:07:07.728,22614,22616,22614,1,-1
2024-11-14 15:07:19.810,22611,22613,22611,1,-1
2024-11-14 15:07:19.810,22611,22613,22610,8,-8
2024-11-14 15:07:19.811,22611,22613,22609,6,-6
2024-11-14 15:07:19.814,22611,22613,22608,1,-1
2024-11-14 15:07:21.926,22605,22607,22605,1,-1
2024-11-14 15:07:22.588,22606,22608,22608,1,1
2024-11-14 15:07:23.432,22606,22608,22608,1,1
2024-11-14 15:07:24.438,22606,22608,22608,1,1
2024-11-14 15:07:27.508,22607,22609,22607,1,-1
2024-11-14 15:07:27.682,22606,22608,22608,1,1
2024-11-14 15:07:32.878,22606,22608,22606,2,-2
2024-11-14 15:07:33.022,22605,22607,22605,1,-1
2024-11-14 15:07:33.023,22605,22607,22605,1,-1
2024-11-14 15:07:33.870,22604,22607,22607,1,1
2024-11-14 15:07:35.078,22604,22607,22604,1,-1
2024-11-14 15:07:35.196,22602,22606,22606,1,1
2024-11-14 15:07:35.962,22602,22606,22602,5,-5
2024-11-14 15:07:36.215,22602,22604,22602,1,-1
2024-11-14 15:07:36.476,22602,22604,22604,1,1
2024-11-14 15:07:36.568,22603,22606,22606,5,5
2024-11-14 15:07:36.568,22603,22606,22607,1,1
2024-11-14 15:07:37.189,22604,22607,22607,1,1
2024-11-14 15:07:37.190,22604,22607,22609,2,2
2024-11-14 15:07:37.190,22604,22607,22609,1,1
2024-11-14 15:07:37.190,22604,22607,22608,4,4
2024-11-14 15:07:37.192,22604,22607,22610,1,1
2024-11-14 15:07:37.192,22604,22607,22610,17,17
2024-11-14 15:07:37.192,22604,22607,22610,12,12
2024-11-14 15:07:37.192,22604,22607,22610,3,3
2024-11-14 15:07:37.193,22604,22607,22611,1,1
2024-11-14 15:07:37.242,22604,22607,22613,1,1
2024-11-14 15:07:37.321,22610,22613,22610,4,-4
2024-11-14 15:07:37.679,22609,22611,22611,1,1
2024-11-14 15:07:41.025,22613,22615,22613,2,-2
2024-11-14 15:07:42.185,22613,22615,22613,3,-3
2024-11-14 15:07:42.185,22613,22615,22612,3,-3
2024-11-14 15:07:43.901,22611,22614,22611,1,-1
2024-11-14 15:07:47.194,22610,22613,22613,1,1
2024-11-14 15:07:47.318,22613,22615,22613,1,-1
2024-11-14 15:07:48.427,22613,22615,22613,1,-1
2024-11-14 15:07:49.870,22614,22615,22615,1,1
2024-11-14 15:07:49.872,22614,22615,22615,1,1
2024-11-14 15:07:55.490,22613,22616,22613,1,-1
2024-11-14 15:07:57.291,22613,22616,22613,1,-1
2024-11-14 15:07:57.954,22613,22616,22616,1,1
2024-11-14 15:08:00.188,22613,22615,22613,2,-2
2024-11-14 15:08:00.688,22612,22614,22612,1,-1
2024-11-14 15:08:00.713,22612,22614,22612,1,-1
2024-11-14 15:08:08.132,22610,22613,22613,1,1
2024-11-14 15:08:08.803,22610,22613,22613,1,1
2024-11-14 15:08:09.578,22612,22614,22614,1,1
2024-11-14 15:08:10.339,22613,22615,22613,3,-3
2024-11-14 15:08:10.745,22611,22615,22615,1,1
2024-11-14 15:08:14.327,22612,22614,22614,1,1
2024-11-14 15:08:15.747,22613,22616,22616,1,1
2024-11-14 15:08:24.220,22613,22615,22615,1,1
2024-11-14 15:08:25.368,22616,22619,22616,1,-1
2024-11-14 15:08:29.461,22616,22618,22619,1,1
2024-11-14 15:08:29.461,22616,22618,22618,1,1
2024-11-14 15:08:30.289,22616,22619,22619,2,2
2024-11-14 15:08:30.342,22616,22619,22620,1,1
2024-11-14 15:08:30.833,22618,22620,22618,1,-1
2024-11-14 15:08:31.172,22617,22620,22620,1,1
2024-11-14 15:08:31.425,22618,22621,22618,1,-1
2024-11-14 15:08:32.061,22619,22622,22619,1,-1
2024-11-14 15:08:34.830,22619,22621,22619,1,-1
2024-11-14 15:08:34.906,22619,22621,22617,1,-1
2024-11-14 15:08:35.501,22614,22617,22614,1,-1
2024-11-14 15:08:35.501,22614,22617,22613,2,-2
2024-11-14 15:08:35.501,22614,22617,22613,2,-2
2024-11-14 15:08:35.826,22612,22614,22612,2,-2
2024-11-14 15:08:36.347,22610,22612,22612,1,1
2024-11-14 15:08:37.079,22610,22613,22610,1,-1
2024-11-14 15:08:37.079,22610,22613,22610,1,-1
2024-11-14 15:08:37.080,22610,22613,22610,3,-3
2024-11-14 15:08:38.558,22608,22609,22609,1,1
2024-11-14 15:08:40.140,22608,22609,22609,1,1
2024-11-14 15:08:41.621,22608,22610,22610,1,1
2024-11-14 15:08:46.477,22608,22610,22608,1,-1
2024-11-14 15:08:46.787,22608,22609,22609,1,1
2024-11-14 15:08:50.588,22608,22609,22609,1,1
2024-11-14 15:08:57.704,22608,22610,22608,2,-2
2024-11-14 15:08:57.704,22608,22610,22608,2,-2
2024-11-14 15:08:58.724,22606,22607,22606,1,-1
2024-11-14 15:09:00.381,22603,22605,22605,1,1
2024-11-14 15:09:00.473,22605,22608,22605,1,-1
2024-11-14 15:09:00.513,22605,22608,22608,1,1
2024-11-14 15:09:06.114,22607,22609,22609,1,1
2024-11-14 15:09:06.114,22607,22609,22610,5,5
2024-11-14 15:09:06.114,22607,22609,22611,6,6
2024-11-14 15:09:06.116,22607,22609,22612,1,1
2024-11-14 15:09:06.116,22607,22609,22612,2,2
2024-11-14 15:09:06.117,22607,22609,22613,4,4
2024-11-14 15:09:06.118,22607,22609,22614,1,1
2024-11-14 15:09:06.157,22607,22609,22615,1,1
2024-11-14 15:09:06.167,22615,22618,22618,1,1
2024-11-14 15:09:06.209,22615,22618,22615,1,-1
2024-11-14 15:09:08.564,22611,22615,22611,1,-1
2024-11-14 15:09:09.177,22611,22614,22611,3,-3
2024-11-14 15:09:10.799,22610,22613,22613,1,1
2024-11-14 15:09:12.437,22609,22613,22613,1,1
2024-11-14 15:09:13.203,22610,22613,22610,3,-3
2024-11-14 15:09:15.347,22609,22612,22612,1,1
2024-11-14 15:09:15.841,22611,22614,22614,1,1
2024-11-14 15:09:20.918,22611,22613,22611,1,-1
2024-11-14 15:09:23.611,22611,22613,22613,3,3
2024-11-14 15:09:23.620,22611,22613,22614,3,3
2024-11-14 15:09:23.620,22611,22613,22615,1,1
2024-11-14 15:09:23.620,22611,22613,22615,1,1
2024-11-14 15:09:23.620,22611,22613,22615,2,2
2024-11-14 15:09:23.620,22611,22613,22616,2,2
2024-11-14 15:09:23.620,22611,22613,22615,2,2
2024-11-14 15:09:23.621,22611,22613,22615,1,1
2024-11-14 15:09:23.621,22611,22613,22616,1,1
2024-11-14 15:09:23.673,22616,22618,22618,1,1
2024-11-14 15:09:23.673,22616,22618,22618,1,1
2024-11-14 15:09:30.449,22617,22619,22617,3,-3
2024-11-14 15:09:33.091,22618,22619,22619,1,1
2024-11-14 15:09:33.524,22619,22620,22621,1,1
2024-11-14 15:09:33.524,22619,22620,22622,3,3
2024-11-14 15:09:33.524,22619,22620,22620,2,2
2024-11-14 15:09:34.433,22620,22623,22623,2,2
2024-11-14 15:09:37.840,22620,22623,22623,3,3
2024-11-14 15:09:37.840,22620,22623,22623,5,5
2024-11-14 15:09:37.856,22620,22623,22627,1,1
2024-11-14 15:09:38.802,22625,22627,22625,1,-1
2024-11-14 15:09:39.778,22625,22627,22627,3,3
2024-11-14 15:09:39.778,22625,22627,22628,1,1
2024-11-14 15:09:40.590,22626,22629,22629,1,1
2024-11-14 15:09:44.266,22628,22630,22628,1,-1
2024-11-14 15:09:48.533,22627,22628,22628,1,1
2024-11-14 15:09:52.232,22629,22631,22631,1,1
2024-11-14 15:09:54.614,22629,22631,22631,1,1
2024-11-14 15:09:56.685,22630,22632,22630,3,-3
2024-11-14 15:09:57.759,22630,22632,22632,1,1
2024-11-14 15:09:57.812,22631,22633,22633,1,1
2024-11-14 15:09:58.290,22631,22633,22633,1,1
2024-11-14 15:10:00.454,22632,22633,22633,2,2
2024-11-14 15:10:00.545,22632,22633,22632,1,-1
2024-11-14 15:10:00.546,22632,22633,22632,1,-1
2024-11-14 15:10:00.547,22632,22633,22631,1,-1
2024-11-14 15:10:00.547,22632,22633,22631,17,-17
2024-11-14 15:10:00.548,22632,22633,22630,4,-4
2024-11-14 15:10:00.549,22632,22633,22629,3,-3
2024-11-14 15:10:00.550,22632,22633,22628,2,-2
2024-11-14 15:10:00.598,22632,22633,22629,2,-2
2024-11-14 15:10:00.905,22630,22632,22630,1,-1
2024-11-14 15:10:01.090,22630,22633,22630,1,-1
2024-11-14 15:10:01.167,22628,22632,22628,1,-1
2024-11-14 15:10:01.167,22628,22632,22628,1,-1
2024-11-14 15:10:01.177,22628,22632,22628,1,-1
2024-11-14 15:10:01.343,22628,22631,22628,1,-1
2024-11-14 15:10:04.824,22622,22624,22624,1,1
2024-11-14 15:10:04.825,22622,22624,22624,1,1
2024-11-14 15:10:05.000,22624,22627,22627,1,1
2024-11-14 15:10:08.362,22624,22628,22625,1,-1
2024-11-14 15:10:08.669,22625,22628,22628,7,7
2024-11-14 15:10:08.670,22625,22628,22628,1,1
2024-11-14 15:10:08.671,22625,22628,22628,2,2
2024-11-14 15:10:10.483,22626,22629,22627,1,-1
2024-11-14 15:10:10.543,22626,22629,22626,1,-1
2024-11-14 15:10:10.543,22626,22629,22626,1,-1
2024-11-14 15:10:11.224,22625,22628,22628,1,1
2024-11-14 15:10:14.203,22626,22629,22629,1,1
2024-11-14 15:10:14.203,22626,22629,22630,1,1
2024-11-14 15:10:15.009,22629,22631,22628,2,-2
2024-11-14 15:10:15.160,22627,22630,22627,1,-1
2024-11-14 15:10:16.363,22626,22630,22627,1,-1
2024-11-14 15:10:24.880,22626,22627,22627,1,1
2024-11-14 15:10:24.881,22626,22627,22627,2,2
2024-11-14 15:10:25.157,22626,22628,22628,2,2
2024-11-14 15:10:25.211,22628,22630,22630,1,1
2024-11-14 15:10:25.211,22628,22630,22630,1,1
2024-11-14 15:10:28.664,22629,22631,22631,1,1
2024-11-14 15:10:33.622,22629,22631,22631,1,1
2024-11-14 15:10:33.666,22629,22631,22629,1,-1
2024-11-14 15:10:33.667,22629,22631,22628,1,-1
2024-11-14 15:10:33.668,22629,22631,22627,1,-1
2024-11-14 15:10:33.668,22629,22631,22627,1,-1
2024-11-14 15:10:33.669,22629,22631,22626,1,-1
2024-11-14 15:10:33.671,22629,22631,22626,1,-1
2024-11-14 15:10:33.672,22629,22631,22626,1,-1
2024-11-14 15:10:33.693,22629,22631,22627,1,-1
2024-11-14 15:10:33.694,22629,22631,22627,1,-1
2024-11-14 15:10:41.671,22625,22627,22627,1,1
2024-11-14 15:10:42.827,22628,22630,22630,1,1
2024-11-14 15:10:42.916,22628,22630,22628,1,-1
2024-11-14 15:10:42.917,22628,22630,22626,1,-1
2024-11-14 15:10:42.917,22628,22630,22626,1,-1
2024-11-14 15:10:42.917,22628,22630,22626,1,-1
2024-11-14 15:10:42.917,22628,22630,22626,1,-1
2024-11-14 15:10:42.917,22628,22630,22626,1,-1
2024-11-14 15:10:42.917,22628,22630,22627,1,-1
2024-11-14 15:10:42.917,22628,22630,22627,1,-1
2024-11-14 15:10:42.917,22628,22630,22627,1,-1
2024-11-14 15:10:42.917,22628,22630,22627,1,-1
2024-11-14 15:10:42.918,22628,22630,22625,1,-1
2024-11-14 15:10:42.918,22628,22630,22625,1,-1
2024-11-14 15:10:48.955,22622,22624,22624,1,1
2024-11-14 15:10:49.010,22622,22624,22625,1,1
2024-11-14 15:10:49.043,22624,22626,22622,2,-2
2024-11-14 15:10:49.043,22624,22626,22622,3,-3
2024-11-14 15:10:49.043,22624,22626,22624,2,-2
2024-11-14 15:10:49.043,22624,22626,22623,1,-1
2024-11-14 15:10:49.783,22621,22624,22624,1,1
2024-11-14 15:10:50.065,22621,22624,22621,1,-1
2024-11-14 15:10:51.056,22620,22623,22623,1,1
2024-11-14 15:10:53.129,22620,22622,22622,1,1
2024-11-14 15:10:54.094,22621,22625,22621,1,-1
2024-11-14 15:10:55.342,22622,22625,22625,1,1
2024-11-14 15:10:55.397,22622,22625,22627,1,1
2024-11-14 15:10:58.221,22625,22628,22628,2,2
2024-11-14 15:10:58.366,22628,22630,22630,1,1
2024-11-14 15:10:58.430,22630,22631,22631,2,2
2024-11-14 15:10:58.472,22630,22631,22633,1,1
2024-11-14 15:10:58.568,22629,22632,22632,1,1
2024-11-14 15:10:58.798,22629,22632,22632,1,1
2024-11-14 15:11:01.073,22627,22630,22630,1,1
2024-11-14 15:11:03.114,22628,22631,22630,1,1
2024-11-14 15:11:04.314,22628,22630,22630,1,1
2024-11-14 15:11:06.182,22628,22630,22630,4,4
2024-11-14 15:11:06.182,22628,22630,22631,4,4
2024-11-14 15:11:06.182,22628,22630,22632,10,10
2024-11-14 15:11:06.182,22628,22630,22633,4,4
2024-11-14 15:11:10.415,22631,22634,22631,1,-1
2024-11-14 15:11:13.856,22631,22634,22634,1,1
2024-11-14 15:11:13.932,22633,22635,22635,2,2
2024-11-14 15:11:13.932,22633,22635,22635,1,1
2024-11-14 15:11:14.271,22635,22637,22635,1,-1
2024-11-14 15:11:14.702,22634,22637,22634,2,-2
2024-11-14 15:11:14.702,22634,22637,22633,6,-6
2024-11-14 15:11:15.093,22632,22635,22633,2,-2
2024-11-14 15:11:19.092,22634,22636,22636,1,1
2024-11-14 15:11:19.668,22634,22636,22634,1,-1
2024-11-14 15:11:19.750,22634,22636,22633,1,-1
2024-11-14 15:11:20.819,22633,22636,22633,2,-2
2024-11-14 15:11:22.538,22633,22636,22634,1,-1
2024-11-14 15:11:24.695,22634,22636,22636,1,1
2024-11-14 15:11:27.491,22634,22637,22634,2,-2
2024-11-14 15:11:27.841,22634,22636,22633,1,-1
2024-11-14 15:11:29.223,22633,22636,22633,1,-1
2024-11-14 15:11:32.324,22632,22633,22633,1,1
2024-11-14 15:11:36.595,22633,22635,22633,3,-3
2024-11-14 15:11:37.329,22632,22634,22632,1,-1
2024-11-14 15:11:37.614,22632,22634,22631,2,-2
2024-11-14 15:11:37.614,22632,22634,22630,1,-1
2024-11-14 15:11:37.614,22632,22634,22632,1,-1
2024-11-14 15:11:40.547,22628,22629,22629,1,1
2024-11-14 15:11:45.160,22628,22631,22631,1,1
2024-11-14 15:11:48.199,22628,22631,22631,1,1
2024-11-14 15:11:52.018,22631,22633,22635,1,1
2024-11-14 15:11:52.055,22634,22636,22636,2,2
2024-11-14 15:11:53.229,22635,22638,22638,6,6
2024-11-14 15:11:53.230,22635,22638,22639,1,1
2024-11-14 15:11:53.231,22635,22638,22640,2,2
2024-11-14 15:11:53.232,22635,22638,22640,17,17
2024-11-14 15:11:53.232,22635,22638,22640,7,7
2024-11-14 15:11:53.233,22635,22638,22641,6,6
2024-11-14 15:11:53.233,22635,22638,22642,3,3
2024-11-14 15:11:53.234,22635,22638,22643,2,2
2024-11-14 15:11:53.235,22635,22638,22643,2,2
2024-11-14 15:11:53.409,22642,22644,22638,1,-1
2024-11-14 15:11:53.409,22642,22644,22639,1,-1
2024-11-14 15:11:53.409,22642,22644,22639,2,-2
2024-11-14 15:11:53.409,22642,22644,22639,1,-1
2024-11-14 15:11:53.409,22642,22644,22639,2,-2
2024-11-14 15:11:53.409,22642,22644,22640,5,-5
2024-11-14 15:11:53.409,22642,22644,22641,2,-2
2024-11-14 15:11:53.409,22642,22644,22639,1,-1
2024-11-14 15:11:53.410,22642,22644,22638,2,-2
2024-11-14 15:11:53.411,22642,22644,22638,1,-1
2024-11-14 15:11:53.423,22636,22639,22639,1,1
2024-11-14 15:11:53.491,22636,22639,22637,1,-1
2024-11-14 15:11:53.547,22638,22641,22638,2,-2
2024-11-14 15:11:54.948,22638,22640,22638,2,-2
2024-11-14 15:11:55.270,22637,22639,22639,1,1
2024-11-14 15:11:55.617,22637,22639,22639,1,1
2024-11-14 15:11:56.072,22637,22639,22639,2,2
2024-11-14 15:11:56.072,22637,22639,22640,2,2
2024-11-14 15:11:56.720,22637,22641,22641,1,1
2024-11-14 15:11:56.980,22638,22641,22639,1,-1
2024-11-14 15:12:00.346,22638,22640,22638,1,-1
2024-11-14 15:12:01.727,22635,22637,22635,1,-1
2024-11-14 15:12:01.885,22633,22635,22633,1,-1
2024-11-14 15:12:02.192,22631,22633,22633,1,1
2024-11-14 15:12:02.476,22631,22633,22634,1,1
2024-11-14 15:12:05.058,22632,22634,22634,1,1
2024-11-14 15:12:05.058,22632,22634,22635,3,3
2024-11-14 15:12:05.058,22632,22634,22636,6,6
2024-11-14 15:12:05.058,22632,22634,22637,10,10
2024-11-14 15:12:06.737,22638,22640,22640,1,1
2024-11-14 15:12:07.118,22639,22641,22639,2,-2
2024-11-14 15:12:07.118,22639,22641,22638,5,-5
2024-11-14 15:12:07.118,22639,22641,22638,3,-3
2024-11-14 15:12:08.611,22637,22641,22638,3,-3
2024-11-14 15:12:08.774,22634,22637,22634,1,-1
2024-11-14 15:12:08.775,22634,22637,22634,1,-1
2024-11-14 15:12:11.443,22633,22635,22635,1,1
2024-11-14 15:12:16.712,22634,22637,22634,1,-1
2024-11-14 15:12:17.106,22634,22637,22634,1,-1
2024-11-14 15:12:17.107,22634,22637,22633,3,-3
2024-11-14 15:12:17.109,22634,22637,22632,1,-1
2024-11-14 15:12:17.135,22634,22637,22632,1,-1
2024-11-14 15:12:17.135,22634,22637,22632,1,-1
2024-11-14 15:12:20.781,22632,22634,22634,9,9
2024-11-14 15:12:24.717,22633,22635,22633,2,-2
2024-11-14 15:12:24.747,22633,22635,22632,1,-1
2024-11-14 15:12:25.410,22632,22634,22634,1,1
2024-11-14 15:12:27.452,22632,22634,22632,1,-1
2024-11-14 15:12:30.058,22630,22632,22632,1,1
2024-11-14 15:12:31.047,22630,22632,22630,1,-1
2024-11-14 15:12:31.047,22630,22632,22629,1,-1
2024-11-14 15:12:33.413,22628,22630,22628,1,-1
2024-11-14 15:12:36.825,22625,22628,22628,1,1
2024-11-14 15:12:40.000,22627,22630,22627,1,-1
2024-11-14 15:12:49.512,22627,22630,22631,2,2
2024-11-14 15:12:49.512,22627,22630,22630,1,1
2024-11-14 15:12:49.512,22627,22630,22632,1,1
2024-11-14 15:12:50.404,22630,22633,22633,1,1
2024-11-14 15:12:50.443,22632,22634,22634,1,1
2024-11-14 15:12:51.706,22633,22634,22634,3,3
2024-11-14 15:12:54.918,22633,22635,22633,2,-2
2024-11-14 15:12:55.646,22630,22633,22633,1,1
2024-11-14 15:12:58.655,22630,22633,22633,1,1
2024-11-14 15:13:02.274,22628,22630,22628,1,-1
2024-11-14 15:13:02.811,22628,22630,22628,1,-1
2024-11-14 15:13:02.888,22628,22630,22628,1,-1
2024-11-14 15:13:02.991,22625,22628,22625,1,-1
2024-11-14 15:13:09.494,22625,22628,22625,1,-1
2024-11-14 15:13:16.589,22625,22626,22625,2,-2
2024-11-14 15:13:16.590,22625,22626,22624,1,-1
2024-11-14 15:13:20.463,22623,22625,22625,1,1
2024-11-14 15:13:20.907,22623,22625,22623,1,-1
2024-11-14 15:13:20.908,22623,22625,22623,2,-2
2024-11-14 15:13:22.961,22621,22623,22621,1,-1
2024-11-14 15:13:23.065,22620,22623,22620,1,-1
2024-11-14 15:13:23.216,22620,22622,22620,1,-1
2024-11-14 15:13:24.260,22618,22620,22620,1,1
2024-11-14 15:13:29.924,22618,22620,22618,2,-2
2024-11-14 15:13:30.454,22615,22618,22618,4,4
2024-11-14 15:13:30.991,22618,22621,22624,1,1
2024-11-14 15:13:31.349,22621,22624,22621,1,-1
2024-11-14 15:13:36.879,22620,22624,22623,1,1
2024-11-14 15:13:36.901,22620,22624,22621,1,-1
2024-11-14 15:13:45.333,22621,22624,22624,1,1
2024-11-14 15:13:46.591,22621,22624,22621,1,-1
2024-11-14 15:13:47.698,22621,22623,22623,1,1
2024-11-14 15:13:50.567,22621,22623,22621,1,-1
2024-11-14 15:13:50.630,22621,22623,22620,1,-1
2024-11-14 15:13:51.864,22618,22620,22618,1,-1
2024-11-14 15:13:52.958,22618,22620,22619,1,-1
2024-11-14 15:13:57.407,22618,22620,22618,1,-1
2024-11-14 15:14:03.309,22616,22619,22616,1,-1
2024-11-14 15:14:03.453,22615,22618,22615,2,-2
2024-11-14 15:14:03.586,22615,22617,22617,1,1
2024-11-14 15:14:10.450,22615,22617,22617,1,1
2024-11-14 15:14:12.966,22616,22618,22616,1,-1
2024-11-14 15:14:16.361,22615,22618,22615,2,-2
2024-11-14 15:14:16.361,22615,22618,22615,3,-3
2024-11-14 15:14:16.496,22613,22615,22614,2,-2
2024-11-14 15:14:17.240,22613,22615,22613,1,-1
2024-11-14 15:14:19.787,22614,22615,22615,1,1
2024-11-14 15:14:25.969,22614,22615,22615,1,1
2024-11-14 15:14:26.750,22614,22616,22614,3,-3
2024-11-14 15:14:26.750,22614,22616,22614,1,-1
2024-11-14 15:14:26.762,22614,22616,22613,3,-3
2024-11-14 15:14:26.763,22614,22616,22613,1,-1
2024-11-14 15:14:27.229,22612,22614,22614,1,1
2024-11-14 15:14:35.982,22612,22614,22612,1,-1
2024-11-14 15:14:35.983,22612,22614,22611,3,-3
2024-11-14 15:14:35.984,22612,22614,22610,2,-2
2024-11-14 15:14:35.984,22612,22614,22610,3,-3
2024-11-14 15:14:36.011,22612,22614,22612,1,-1
2024-11-14 15:14:36.011,22612,22614,22611,1,-1
2024-11-14 15:14:43.809,22610,22613,22614,1,1
2024-11-14 15:14:59.300,22611,22613,22613,1,1
2024-11-14 15:14:59.343,22611,22613,22615,1,1
2024-11-14 15:14:59.343,22611,22613,22615,1,1
2024-11-14 15:14:59.359,22611,22613,22618,1,1
2024-11-14 15:14:59.448,22615,22618,22618,1,1
2024-11-14 15:15:00.220,22616,22618,22618,1,1
2024-11-14 15:15:00.220,22616,22618,22619,1,1
2024-11-14 15:15:00.446,22619,22622,22622,4,4
2024-11-14 15:15:00.446,22619,22622,22623,4,4
2024-11-14 15:15:00.446,22619,22622,22624,3,3
2024-11-14 15:15:02.038,22623,22625,22625,1,1
2024-11-14 15:15:02.196,22624,22626,22624,1,-1
2024-11-14 15:15:04.811,22623,22626,22623,1,-1
2024-11-14 15:15:05.766,22624,22626,22626,1,1
2024-11-14 15:15:05.851,22625,22627,22627,1,1
2024-11-14 15:15:05.946,22626,22628,22627,1,1
2024-11-14 15:15:07.384,22626,22628,22626,1,-1
2024-11-14 15:15:09.873,22625,22627,22625,1,-1
2024-11-14 15:15:09.917,22624,22626,22626,1,1
2024-11-14 15:15:10.734,22624,22626,22624,2,-2
2024-11-14 15:15:10.734,22624,22626,22623,4,-4
2024-11-14 15:15:10.736,22624,22626,22622,1,-1
2024-11-14 15:15:10.793,22621,22623,22623,1,1
2024-11-14 15:15:20.653,22621,22623,22621,2,-2
2024-11-14 15:15:20.655,22621,22623,22620,1,-1
2024-11-14 15:15:20.856,22618,22620,22620,1,1
2024-11-14 15:15:21.158,22617,22620,22620,1,1
2024-11-14 15:15:21.167,22619,22622,22622,1,1
2024-11-14 15:15:21.220,22619,22622,22623,1,1
2024-11-14 15:15:30.199,22620,22623,22620,1,-1
2024-11-14 15:15:36.894,22620,22623,22623,1,1
2024-11-14 15:15:41.585,22620,22623,22620,5,-5
2024-11-14 15:15:41.585,22620,22623,22621,1,-1
2024-11-14 15:15:41.668,22620,22623,22623,1,1
2024-11-14 15:15:41.749,22620,22623,22624,2,2
2024-11-14 15:15:43.586,22624,22627,22627,1,1
2024-11-14 15:15:45.361,22626,22628,22628,2,2
2024-11-14 15:15:45.392,22626,22628,22629,2,2
2024-11-14 15:15:45.564,22628,22630,22630,1,1
2024-11-14 15:15:49.669,22628,22630,22630,1,1
2024-11-14 15:15:51.121,22630,22633,22633,1,1
2024-11-14 15:15:52.452,22630,22633,22630,1,-1
2024-11-14 15:15:55.300,22631,22633,22633,2,2
2024-11-14 15:15:55.558,22633,22634,22633,1,-1
2024-11-14 15:15:57.704,22629,22632,22632,1,1
2024-11-14 15:16:01.901,22630,22631,22629,1,-1
2024-11-14 15:16:01.916,22628,22631,22631,1,1
2024-11-14 15:16:01.918,22628,22631,22631,1,1
2024-11-14 15:16:02.873,22629,22632,22632,1,1
2024-11-14 15:16:02.917,22631,22633,22633,1,1
2024-11-14 15:16:02.917,22631,22633,22633,1,1
2024-11-14 15:16:02.917,22631,22633,22633,3,3
2024-11-14 15:16:02.917,22631,22633,22633,8,8
2024-11-14 15:16:02.919,22631,22633,22634,1,1
2024-11-14 15:16:12.458,22632,22634,22634,2,2
2024-11-14 15:16:14.424,22632,22633,22633,1,1
2024-11-14 15:16:14.541,22632,22635,22635,1,1
2024-11-14 15:16:14.541,22632,22635,22635,1,1
2024-11-14 15:16:14.542,22632,22635,22636,1,1
2024-11-14 15:16:14.542,22632,22635,22636,1,1
2024-11-14 15:16:14.542,22632,22635,22636,1,1
2024-11-14 15:16:14.542,22632,22635,22635,1,1
2024-11-14 15:16:14.542,22632,22635,22635,1,1
2024-11-14 15:16:14.542,22632,22635,22636,1,1
2024-11-14 15:16:14.543,22632,22635,22636,1,1
2024-11-14 15:16:15.269,22635,22637,22635,1,-1
2024-11-14 15:16:21.491,22634,22637,22634,1,-1
2024-11-14 15:16:24.994,22633,22636,22633,1,-1
2024-11-14 15:16:25.043,22633,22635,22637,1,1
2024-11-14 15:16:25.043,22633,22635,22636,3,3
2024-11-14 15:16:25.043,22633,22635,22637,1,1
2024-11-14 15:16:25.047,22633,22635,22638,1,1
2024-11-14 15:16:25.048,22633,22635,22638,1,1
2024-11-14 15:16:25.049,22633,22635,22639,3,3
2024-11-14 15:16:25.107,22633,22635,22640,1,1
2024-11-14 15:16:25.360,22637,22641,22641,1,1
2024-11-14 15:16:26.129,22638,22640,22638,2,-2
2024-11-14 15:16:29.411,22637,22640,22640,1,1
2024-11-14 15:16:29.416,22637,22640,22642,1,1
2024-11-14 15:16:30.121,22640,22643,22647,10,10
2024-11-14 15:16:30.121,22640,22643,22643,3,3
2024-11-14 15:16:30.121,22640,22643,22644,9,9
2024-11-14 15:16:30.121,22640,22643,22645,14,14
2024-11-14 15:16:30.121,22640,22643,22646,10,10
2024-11-14 15:16:30.121,22640,22643,22648,4,4
2024-11-14 15:16:30.124,22640,22643,22647,1,1
2024-11-14 15:16:30.302,22647,22649,22650,8,8
2024-11-14 15:16:30.302,22647,22649,22649,6,6
2024-11-14 15:16:30.303,22647,22649,22648,1,1
2024-11-14 15:16:30.304,22647,22649,22649,1,1
2024-11-14 15:16:30.304,22647,22649,22651,2,2
2024-11-14 15:16:30.304,22647,22649,22649,1,1
2024-11-14 15:16:30.314,22647,22649,22650,1,1
2024-11-14 15:16:30.314,22647,22649,22649,1,1
2024-11-14 15:16:30.314,22647,22649,22649,1,1
2024-11-14 15:16:30.328,22647,22649,22648,1,1
2024-11-14 15:16:30.333,22647,22649,22647,1,-1
2024-11-14 15:16:30.361,22647,22649,22650,2,2
2024-11-14 15:16:30.361,22647,22649,22647,3,-3
2024-11-14 15:16:30.450,22647,22650,22651,1,1
2024-11-14 15:16:30.451,22647,22650,22652,3,3
2024-11-14 15:16:30.452,22647,22650,22653,3,3
2024-11-14 15:16:31.112,22650,22652,22650,1,-1
2024-11-14 15:16:31.241,22649,22651,22651,1,1
2024-11-14 15:16:31.264,22649,22651,22650,1,1
2024-11-14 15:16:32.567,22651,22652,22652,2,2
2024-11-14 15:16:33.446,22652,22653,22653,3,3
2024-11-14 15:16:33.446,22652,22653,22653,4,4
2024-11-14 15:16:33.448,22652,22653,22654,2,2
2024-11-14 15:16:33.448,22652,22653,22654,2,2
2024-11-14 15:16:33.449,22652,22653,22655,4,4
2024-11-14 15:16:33.450,22652,22653,22655,2,2
2024-11-14 15:16:33.563,22654,22656,22654,1,-1
2024-11-14 15:16:34.972,22653,22656,22653,1,-1
2024-11-14 15:16:35.058,22653,22656,22656,1,1
2024-11-14 15:16:35.846,22654,22656,22654,1,-1
2024-11-14 15:16:36.489,22654,22656,22656,1,1
2024-11-14 15:16:36.544,22654,22656,22656,1,1
2024-11-14 15:16:36.933,22655,22656,22656,6,6
2024-11-14 15:16:36.934,22655,22656,22657,1,1
2024-11-14 15:16:36.946,22655,22656,22658,2,2
2024-11-14 15:16:36.947,22655,22656,22659,1,1
2024-11-14 15:16:36.976,22655,22656,22660,2,2
2024-11-14 15:16:36.976,22655,22656,22659,1,1
2024-11-14 15:16:36.977,22655,22656,22660,1,1
2024-11-14 15:16:36.978,22655,22656,22660,1,1
2024-11-14 15:16:37.074,22657,22660,22660,1,1
2024-11-14 15:16:37.156,22657,22660,22661,1,1
2024-11-14 15:16:37.193,22659,22662,22662,3,3
2024-11-14 15:16:37.193,22659,22662,22663,2,2
2024-11-14 15:16:37.200,22659,22662,22665,1,1
2024-11-14 15:16:37.200,22659,22662,22664,4,4
2024-11-14 15:16:37.212,22659,22662,22665,1,1
2024-11-14 15:16:37.268,22659,22662,22663,1,1
2024-11-14 15:16:37.299,22663,22665,22665,2,2
2024-11-14 15:16:37.311,22663,22665,22664,1,1
2024-11-14 15:16:37.312,22663,22665,22663,2,-2
2024-11-14 15:16:37.357,22663,22665,22665,1,1
2024-11-14 15:16:37.553,22662,22665,22665,1,1
2024-11-14 15:16:37.808,22661,22665,22665,1,1
2024-11-14 15:16:37.808,22661,22665,22665,1,1
2024-11-14 15:16:38.230,22662,22666,22663,3,-3
2024-11-14 15:16:38.375,22663,22666,22666,2,2
2024-11-14 15:16:38.573,22663,22666,22666,1,1
2024-11-14 15:16:38.685,22664,22667,22666,1,1
2024-11-14 15:16:38.841,22664,22667,22667,1,1
2024-11-14 15:16:38.937,22664,22667,22664,1,-1
2024-11-14 15:16:39.366,22661,22664,22664,1,1
2024-11-14 15:16:39.795,22663,22667,22663,1,-1
2024-11-14 15:16:39.796,22663,22667,22663,1,-1
2024-11-14 15:16:39.799,22663,22667,22662,1,-1
2024-11-14 15:16:39.943,22661,22664,22664,1,1
2024-11-14 15:16:40.986,22664,22667,22667,1,1
2024-11-14 15:16:41.130,22664,22667,22667,1,1
2024-11-14 15:16:41.457,22665,22668,22667,1,1
2024-11-14 15:16:42.479,22664,22667,22667,2,2
2024-11-14 15:16:43.181,22665,22668,22668,2,2
2024-11-14 15:16:43.936,22664,22667,22667,1,1
2024-11-14 15:16:45.744,22665,22667,22668,1,1
2024-11-14 15:16:45.744,22665,22667,22667,1,1
2024-11-14 15:16:45.744,22665,22667,22668,2,2
2024-11-14 15:16:45.747,22665,22667,22668,2,2
2024-11-14 15:16:45.751,22665,22667,22667,1,1
2024-11-14 15:16:45.970,22667,22668,22667,1,-1
2024-11-14 15:16:47.159,22666,22667,22666,1,-1
2024-11-14 15:16:47.269,22665,22667,22666,1,-1
2024-11-14 15:16:47.269,22665,22667,22666,1,-1
2024-11-14 15:16:47.295,22665,22667,22667,1,1
2024-11-14 15:16:48.551,22666,22668,22668,1,1
2024-11-14 15:16:48.808,22667,22669,22669,3,3
2024-11-14 15:16:48.933,22667,22669,22669,1,1
2024-11-14 15:16:49.198,22667,22669,22669,1,1
2024-11-14 15:16:49.198,22667,22669,22670,1,1
2024-11-14 15:16:49.199,22667,22669,22668,2,2
2024-11-14 15:16:49.344,22667,22670,22670,2,2
2024-11-14 15:16:51.441,22668,22670,22668,3,-3
2024-11-14 15:16:51.441,22668,22670,22667,4,-4
2024-11-14 15:16:52.036,22667,22669,22667,1,-1
2024-11-14 15:16:52.225,22665,22667,22665,1,-1
2024-11-14 15:16:52.226,22665,22667,22664,2,-2
2024-11-14 15:16:52.227,22665,22667,22663,5,-5
2024-11-14 15:16:52.302,22661,22664,22661,1,-1
2024-11-14 15:16:52.308,22661,22664,22661,1,-1
2024-11-14 15:16:52.355,22661,22664,22660,1,-1
2024-11-14 15:16:52.431,22658,22661,22661,1,1
2024-11-14 15:16:52.431,22658,22661,22661,1,1
2024-11-14 15:16:52.432,22658,22661,22662,2,2
2024-11-14 15:16:54.993,22659,22662,22659,2,-2
2024-11-14 15:16:55.307,22658,22661,22658,1,-1
2024-11-14 15:16:55.477,22658,22661,22658,1,-1
2024-11-14 15:16:57.912,22657,22659,22657,1,-1
2024-11-14 15:16:58.964,22657,22659,22659,1,1
2024-11-14 15:16:58.965,22657,22659,22660,1,1
2024-11-14 15:16:58.972,22657,22659,22658,7,7
2024-11-14 15:16:59.358,22657,22659,22657,4,-4
2024-11-14 15:16:59.358,22657,22659,22658,1,1
2024-11-14 15:17:00.434,22654,22657,22655,1,-1
2024-11-14 15:17:01.107,22654,22658,22658,2,2
2024-11-14 15:17:03.038,22654,22657,22657,1,1
2024-11-14 15:17:03.038,22654,22657,22658,1,1
2024-11-14 15:17:08.035,22657,22659,22658,1,1
2024-11-14 15:17:10.275,22657,22659,22657,1,-1
2024-11-14 15:17:10.887,22656,22659,22656,1,-1
2024-11-14 15:17:10.891,22656,22659,22655,1,-1
2024-11-14 15:17:10.934,22655,22656,22656,1,1
2024-11-14 15:17:11.489,22655,22656,22655,1,-1
2024-11-14 15:17:11.514,22655,22656,22655,1,-1
2024-11-14 15:17:12.056,22654,22656,22654,1,-1
2024-11-14 15:17:12.485,22654,22656,22656,1,1
2024-11-14 15:17:14.071,22656,22657,22656,2,-2
2024-11-14 15:17:14.406,22656,22657,22656,1,-1
2024-11-14 15:17:14.589,22654,22656,22654,1,-1
2024-11-14 15:17:15.740,22653,22654,22653,1,-1
2024-11-14 15:17:18.248,22652,22653,22652,1,-1
2024-11-14 15:17:18.481,22650,22652,22650,2,-2
2024-11-14 15:17:19.403,22649,22650,22649,1,-1
2024-11-14 15:17:21.376,22651,22654,22652,1,-1
2024-11-14 15:17:22.270,22651,22654,22651,1,-1
2024-11-14 15:17:26.061,22650,22651,22650,1,-1
2024-11-14 15:17:29.180,22649,22650,22650,1,1
2024-11-14 15:17:29.180,22649,22650,22651,1,1
2024-11-14 15:17:30.458,22649,22652,22649,1,-1
2024-11-14 15:17:31.101,22649,22651,22649,1,-1
2024-11-14 15:17:31.682,22649,22651,22649,2,-2
2024-11-14 15:17:33.476,22648,22650,22650,1,1
2024-11-14 15:17:35.769,22648,22649,22648,2,-2
2024-11-14 15:17:36.757,22644,22647,22644,2,-2
2024-11-14 15:17:36.871,22643,22646,22644,1,-1
2024-11-14 15:17:39.195,22643,22645,22643,1,-1
2024-11-14 15:17:39.395,22641,22644,22644,1,1
2024-11-14 15:17:39.976,22642,22645,22642,1,-1
2024-11-14 15:17:42.264,22641,22643,22643,1,1
2024-11-14 15:17:42.454,22643,22645,22643,1,-1
2024-11-14 15:17:45.954,22643,22645,22645,3,3
2024-11-14 15:17:45.955,22643,22645,22647,1,1
2024-11-14 15:17:46.709,22647,22649,22649,1,1
2024-11-14 15:17:47.351,22647,22649,22647,2,-2
2024-11-14 15:17:48.301,22647,22649,22647,1,-1
2024-11-14 15:17:54.233,22646,22649,22646,2,-2
2024-11-14 15:17:57.517,22647,22648,22647,1,-1
2024-11-14 15:18:06.301,22645,22647,22647,1,1
2024-11-14 15:18:11.898,22647,22649,22647,1,-1
2024-11-14 15:18:13.688,22646,22648,22646,1,-1
2024-11-14 15:18:13.688,22646,22648,22645,3,-3
2024-11-14 15:18:18.284,22645,22647,22645,1,-1
2024-11-14 15:18:18.284,22645,22647,22644,1,-1
2024-11-14 15:18:19.067,22643,22645,22643,1,-1
2024-11-14 15:18:19.123,22643,22645,22642,1,-1
2024-11-14 15:18:19.123,22643,22645,22643,1,-1
2024-11-14 15:18:22.145,22642,22644,22642,2,-2
2024-11-14 15:18:22.259,22641,22642,22642,2,2
2024-11-14 15:18:22.823,22641,22642,22641,2,-2
2024-11-14 15:18:24.689,22638,22640,22640,1,1
2024-11-14 15:18:25.725,22640,22643,22643,1,1
2024-11-14 15:18:25.767,22640,22643,22640,1,-1
2024-11-14 15:18:27.694,22641,22643,22643,1,1
2024-11-14 15:18:28.013,22642,22646,22641,2,-2
2024-11-14 15:18:30.057,22639,22640,22639,1,-1
2024-11-14 15:18:31.562,22638,22640,22638,1,-1
2024-11-14 15:18:32.719,22637,22638,22638,1,1
2024-11-14 15:18:32.719,22637,22638,22638,4,4
2024-11-14 15:18:33.020,22638,22641,22641,1,1
2024-11-14 15:18:34.408,22637,22640,22638,2,-2
2024-11-14 15:18:35.666,22639,22642,22638,2,-2
2024-11-14 15:18:44.453,22638,22640,22638,3,-3
2024-11-14 15:18:44.503,22638,22640,22638,2,-2
2024-11-14 15:18:45.222,22638,22640,22640,1,1
2024-11-14 15:18:49.389,22638,22640,22640,2,2
2024-11-14 15:18:49.389,22638,22640,22640,13,13
2024-11-14 15:18:49.390,22638,22640,22641,1,1
2024-11-14 15:18:51.166,22643,22647,22647,1,1
2024-11-14 15:18:52.954,22646,22649,22649,1,1
2024-11-14 15:18:53.617,22646,22649,22648,1,1
2024-11-14 15:18:53.926,22646,22648,22648,1,1
2024-11-14 15:19:01.994,22647,22649,22649,1,1
2024-11-14 15:19:04.009,22648,22650,22650,3,3
2024-11-14 15:19:04.011,22648,22650,22652,1,1
2024-11-14 15:19:04.052,22651,22653,22653,1,1
2024-11-14 15:19:04.185,22652,22654,22654,1,1
2024-11-14 15:19:05.418,22653,22654,22654,1,1
2024-11-14 15:19:06.302,22655,22656,22656,1,1
2024-11-14 15:19:06.302,22655,22656,22657,3,3
2024-11-14 15:19:07.265,22656,22657,22656,1,-1
2024-11-14 15:19:07.398,22655,22657,22657,1,1
2024-11-14 15:19:08.694,22656,22658,22658,1,1
2024-11-14 15:19:08.694,22656,22658,22658,1,1
2024-11-14 15:19:08.839,22657,22659,22657,1,-1
2024-11-14 15:19:10.202,22658,22659,22658,1,-1
2024-11-14 15:19:14.944,22656,22658,22658,1,1
2024-11-14 15:19:15.124,22658,22659,22659,2,2
2024-11-14 15:19:15.124,22658,22659,22659,1,1
2024-11-14 15:19:15.744,22659,22660,22661,1,1
2024-11-14 15:19:15.744,22659,22660,22660,1,1
2024-11-14 15:19:16.036,22661,22664,22665,1,1
2024-11-14 15:19:16.076,22663,22665,22663,1,-1
2024-11-14 15:19:16.464,22663,22666,22664,2,-2
2024-11-14 15:19:16.668,22663,22665,22665,1,1
2024-11-14 15:19:16.668,22663,22665,22666,1,1
2024-11-14 15:19:16.703,22663,22665,22663,1,-1
2024-11-14 15:19:16.970,22663,22665,22663,1,-1
2024-11-14 15:19:16.970,22663,22665,22663,2,-2
2024-11-14 15:19:16.971,22663,22665,22663,1,-1
2024-11-14 15:19:17.257,22661,22664,22664,1,1
2024-11-14 15:19:19.846,22663,22666,22666,1,1
2024-11-14 15:19:19.999,22663,22666,22663,1,-1
2024-11-14 15:19:20.078,22663,22666,22663,1,-1
2024-11-14 15:19:20.947,22663,22666,22666,3,3
2024-11-14 15:19:20.947,22663,22666,22667,3,3
2024-11-14 15:19:22.703,22666,22667,22666,1,-1
2024-11-14 15:19:22.796,22662,22666,22666,1,1
2024-11-14 15:19:23.474,22661,22664,22664,4,4
2024-11-14 15:19:24.800,22662,22665,22665,1,1
2024-11-14 15:19:25.486,22662,22665,22662,1,-1
2024-11-14 15:19:26.602,22662,22665,22662,1,-1
2024-11-14 15:19:26.604,22662,22665,22661,1,-1
2024-11-14 15:19:26.605,22662,22665,22661,1,-1
2024-11-14 15:19:26.605,22662,22665,22661,2,-2
2024-11-14 15:19:26.641,22662,22665,22662,2,-2
2024-11-14 15:19:26.662,22662,22665,22663,1,-1
2024-11-14 15:19:29.521,22661,22664,22662,1,-1
2024-11-14 15:19:32.644,22663,22665,22665,2,2
2024-11-14 15:19:32.734,22665,22666,22666,3,3
2024-11-14 15:19:32.796,22666,22667,22666,1,-1
2024-11-14 15:19:33.010,22665,22667,22665,1,-1
2024-11-14 15:19:33.591,22665,22667,22667,1,1
2024-11-14 15:19:33.593,22665,22667,22666,2,2
2024-11-14 15:19:34.282,22665,22668,22668,1,1
2024-11-14 15:19:34.932,22666,22669,22669,1,1
2024-11-14 15:19:35.900,22665,22668,22665,3,-3
2024-11-14 15:19:36.932,22663,22667,22667,1,1
2024-11-14 15:19:38.641,22665,22667,22667,3,3
2024-11-14 15:19:38.641,22665,22667,22667,1,1
2024-11-14 15:19:38.642,22665,22667,22667,1,1
2024-11-14 15:19:42.441,22668,22669,22669,3,3
2024-11-14 15:19:42.441,22668,22669,22670,1,1
2024-11-14 15:19:42.566,22669,22670,22670,1,1
2024-11-14 15:19:42.586,22669,22670,22670,1,1
2024-11-14 15:19:42.638,22669,22670,22670,7,7
2024-11-14 15:19:42.638,22669,22670,22670,1,1
2024-11-14 15:19:42.638,22669,22670,22670,2,2
2024-11-14 15:19:42.639,22669,22670,22671,2,2
2024-11-14 15:19:42.639,22669,22670,22671,1,1
2024-11-14 15:19:42.639,22669,22670,22671,1,1
2024-11-14 15:19:42.640,22669,22670,22671,8,8
2024-11-14 15:19:42.640,22669,22670,22672,2,2
2024-11-14 15:19:42.641,22669,22670,22672,3,3
2024-11-14 15:19:42.641,22669,22670,22672,2,2
2024-11-14 15:19:42.641,22669,22670,22672,1,1
2024-11-14 15:19:42.699,22672,22673,22673,1,1
2024-11-14 15:19:42.843,22672,22673,22673,2,2
2024-11-14 15:19:42.908,22672,22673,22673,1,1
2024-11-14 15:19:42.908,22672,22673,22674,1,1
2024-11-14 15:19:42.948,22672,22675,22672,2,-2
2024-11-14 15:19:43.759,22671,22674,22674,2,2
2024-11-14 15:19:45.197,22668,22671,22672,4,4
2024-11-14 15:19:45.316,22670,22674,22674,2,2
2024-11-14 15:19:46.387,22671,22674,22671,2,-2
2024-11-14 15:19:50.690,22667,22670,22669,1,1
2024-11-14 15:19:50.690,22667,22670,22670,1,1
2024-11-14 15:19:52.801,22667,22670,22669,2,2
2024-11-14 15:19:59.139,22669,22670,22670,1,1
2024-11-14 15:20:00.114,22670,22671,22671,1,1
2024-11-14 15:20:00.195,22670,22671,22671,1,1
2024-11-14 15:20:00.195,22670,22671,22672,2,2
2024-11-14 15:20:00.195,22670,22671,22673,7,7
2024-11-14 15:20:00.489,22671,22674,22674,1,1
2024-11-14 15:20:00.511,22671,22674,22674,1,1
2024-11-14 15:20:00.512,22671,22674,22672,2,-2
2024-11-14 15:20:00.705,22671,22674,22674,1,1
2024-11-14 15:20:00.914,22671,22674,22671,2,-2
2024-11-14 15:20:01.071,22671,22674,22674,1,1
2024-11-14 15:20:01.116,22671,22674,22671,1,-1
2024-11-14 15:20:01.167,22671,22674,22674,1,1
2024-11-14 15:20:01.210,22671,22674,22675,4,4
2024-11-14 15:20:01.210,22671,22674,22674,2,2
2024-11-14 15:20:01.250,22671,22674,22675,1,1
2024-11-14 15:20:01.594,22672,22675,22675,1,1
2024-11-14 15:20:02.649,22671,22674,22673,1,1
2024-11-14 15:20:04.930,22672,22674,22674,2,2
2024-11-14 15:20:05.971,22672,22674,22674,1,1
2024-11-14 15:20:06.524,22672,22675,22672,1,-1
2024-11-14 15:20:06.526,22672,22675,22671,2,-2
2024-11-14 15:20:06.636,22670,22671,22670,1,-1
2024-11-14 15:20:06.638,22670,22671,22669,2,-2
2024-11-14 15:20:07.863,22669,22672,22670,1,-1
2024-11-14 15:20:12.464,22671,22674,22672,2,-2
2024-11-14 15:20:12.636,22669,22671,22669,1,-1
2024-11-14 15:20:13.415,22668,22670,22670,1,1
2024-11-14 15:20:16.237,22668,22671,22668,1,-1
2024-11-14 15:20:18.220,22667,22670,22670,2,2
2024-11-14 15:20:20.477,22667,22669,22667,3,-3
2024-11-14 15:20:20.542,22665,22667,22667,1,1
2024-11-14 15:20:22.135,22665,22667,22665,1,-1
2024-11-14 15:20:23.786,22663,22665,22665,1,1
2024-11-14 15:20:27.417,22663,22665,22663,1,-1
2024-11-14 15:20:27.668,22662,22664,22664,1,1
2024-11-14 15:20:30.080,22662,22663,22662,1,-1
2024-11-14 15:20:34.076,22660,22662,22660,1,-1
2024-11-14 15:20:34.350,22660,22662,22661,1,-1
2024-11-14 15:20:36.470,22661,22662,22659,2,-2
2024-11-14 15:20:36.470,22661,22662,22660,2,-2
2024-11-14 15:20:36.470,22661,22662,22661,1,-1
2024-11-14 15:20:36.560,22659,22662,22659,1,-1
2024-11-14 15:20:39.338,22660,22663,22660,1,-1
2024-11-14 15:20:46.381,22658,22659,22658,1,-1
2024-11-14 15:20:50.446,22657,22659,22659,1,1
2024-11-14 15:20:50.446,22657,22659,22659,2,2
2024-11-14 15:20:50.448,22657,22659,22661,1,1
2024-11-14 15:20:50.537,22657,22659,22662,1,1
2024-11-14 15:20:50.538,22657,22659,22663,1,1
2024-11-14 15:20:50.602,22657,22659,22665,1,1
2024-11-14 15:20:50.707,22665,22666,22666,1,1
2024-11-14 15:20:53.339,22665,22667,22667,1,1
2024-11-14 15:20:55.628,22665,22668,22668,2,2
2024-11-14 15:21:03.577,22662,22665,22665,2,2
2024-11-14 15:21:03.577,22662,22665,22666,4,4
2024-11-14 15:21:03.577,22662,22665,22667,4,4
2024-11-14 15:21:03.634,22662,22665,22667,1,1
2024-11-14 15:21:03.788,22667,22670,22667,2,-2
2024-11-14 15:21:03.810,22665,22667,22667,1,1
2024-11-14 15:21:04.012,22665,22669,22669,3,3
2024-11-14 15:21:05.108,22667,22670,22667,1,-1
2024-11-14 15:21:13.239,22663,22665,22665,1,1
2024-11-14 15:21:13.239,22663,22665,22666,5,5
2024-11-14 15:21:13.239,22663,22665,22667,8,8
2024-11-14 15:21:13.300,22667,22668,22668,1,1
2024-11-14 15:21:13.334,22667,22668,22668,1,1
2024-11-14 15:21:14.497,22667,22669,22667,1,-1
2024-11-14 15:21:14.697,22668,22669,22668,1,-1
2024-11-14 15:21:16.180,22667,22669,22669,1,1
2024-11-14 15:21:20.110,22668,22669,22669,1,1
2024-11-14 15:21:20.110,22668,22669,22669,1,1
2024-11-14 15:21:23.216,22669,22670,22670,3,3
2024-11-14 15:21:23.216,22669,22670,22670,1,1
2024-11-14 15:21:26.954,22669,22671,22671,1,1
2024-11-14 15:21:29.728,22669,22672,22672,3,3
2024-11-14 15:21:29.729,22669,22672,22672,1,1
2024-11-14 15:21:29.729,22669,22672,22672,2,2
2024-11-14 15:21:32.356,22672,22674,22674,1,1
2024-11-14 15:21:32.933,22674,22676,22674,1,-1
2024-11-14 15:21:32.935,22674,22676,22673,2,-2
2024-11-14 15:21:32.944,22674,22676,22675,1,-1
2024-11-14 15:21:35.264,22672,22675,22675,2,2
2024-11-14 15:21:35.265,22672,22675,22673,1,-1
2024-11-14 15:21:35.583,22673,22676,22673,1,-1
2024-11-14 15:21:36.941,22673,22676,22673,1,-1
2024-11-14 15:21:38.271,22672,22675,22672,1,-1
2024-11-14 15:21:38.517,22672,22674,22674,1,1
2024-11-14 15:21:38.702,22673,22675,22675,2,2
2024-11-14 15:21:39.489,22672,22675,22672,4,-4
2024-11-14 15:21:39.489,22672,22675,22672,1,-1
2024-11-14 15:21:41.092,22671,22674,22672,1,-1
2024-11-14 15:21:41.386,22671,22674,22672,2,-2
2024-11-14 15:21:43.780,22671,22674,22674,1,1
2024-11-14 15:21:44.833,22671,22674,22671,21,-21
2024-11-14 15:21:44.834,22671,22674,22670,2,-2
2024-11-14 15:21:44.834,22671,22674,22670,2,-2
2024-11-14 15:21:44.834,22671,22674,22669,4,-4
2024-11-14 15:21:44.835,22671,22674,22668,2,-2
2024-11-14 15:21:44.835,22671,22674,22668,5,-5
2024-11-14 15:21:44.837,22671,22674,22667,2,-2
2024-11-14 15:21:44.875,22671,22674,22667,1,-1
2024-11-14 15:21:49.267,22664,22666,22664,1,-1
2024-11-14 15:21:56.132,22664,22666,22664,1,-1
2024-11-14 15:21:57.609,22664,22666,22664,1,-1
2024-11-14 15:21:59.237,22664,22666,22664,2,-2
2024-11-14 15:21:59.785,22664,22666,22665,2,-2
2024-11-14 15:22:02.087,22664,22666,22664,1,-1
2024-11-14 15:22:02.609,22664,22666,22664,1,-1
2024-11-14 15:22:07.389,22664,22666,22666,2,2
2024-11-14 15:22:11.028,22664,22666,22667,5,5
2024-11-14 15:22:11.028,22664,22666,22666,3,3
2024-11-14 15:22:11.031,22664,22666,22670,6,6
2024-11-14 15:22:11.031,22664,22666,22670,4,4
2024-11-14 15:22:11.031,22664,22666,22671,1,1
2024-11-14 15:22:11.032,22664,22666,22671,1,1
2024-11-14 15:22:14.998,22672,22673,22673,1,1
2024-11-14 15:22:15.160,22673,22675,22673,1,-1
2024-11-14 15:22:15.198,22673,22675,22673,1,-1
2024-11-14 15:22:15.827,22672,22673,22673,1,1
2024-11-14 15:22:17.809,22672,22673,22672,1,-1
2024-11-14 15:22:17.826,22672,22673,22673,1,1
2024-11-14 15:22:17.826,22672,22673,22675,8,8
2024-11-14 15:22:17.826,22672,22673,22674,1,1
2024-11-14 15:22:18.031,22675,22676,22675,1,-1
2024-11-14 15:22:20.026,22675,22676,22676,1,1
2024-11-14 15:22:20.201,22675,22676,22676,4,4
2024-11-14 15:22:20.335,22676,22677,22676,3,-3
2024-11-14 15:22:20.335,22676,22677,22675,3,-3
2024-11-14 15:22:21.766,22675,22677,22677,2,2
2024-11-14 15:22:22.423,22676,22677,22677,1,1
2024-11-14 15:22:24.701,22676,22677,22676,1,-1
2024-11-14 15:22:27.668,22675,22676,22675,1,-1
2024-11-14 15:22:29.586,22675,22676,22676,2,2
2024-11-14 15:22:29.586,22675,22676,22677,3,3
2024-11-14 15:22:29.690,22677,22678,22677,1,-1
2024-11-14 15:22:31.995,22677,22678,22678,6,6
2024-11-14 15:22:31.996,22677,22678,22679,1,1
2024-11-14 15:22:31.996,22677,22678,22679,3,3
2024-11-14 15:22:31.997,22677,22678,22679,1,1
2024-11-14 15:22:31.997,22677,22678,22680,28,28
2024-11-14 15:22:31.998,22677,22678,22681,1,1
2024-11-14 15:22:31.999,22677,22678,22681,3,3
2024-11-14 15:22:32.090,22680,22682,22681,1,1
2024-11-14 15:22:32.206,22681,22682,22682,2,2
2024-11-14 15:22:32.206,22681,22682,22682,4,4
2024-11-14 15:22:32.487,22681,22683,22681,1,-1
2024-11-14 15:22:32.539,22681,22683,22683,1,1
2024-11-14 15:22:32.700,22681,22683,22681,1,-1
2024-11-14 15:22:33.025,22681,22683,22681,1,-1
2024-11-14 15:22:33.224,22681,22683,22683,3,3
2024-11-14 15:22:38.070,22680,22682,22680,1,-1
2024-11-14 15:22:43.926,22678,22680,22678,1,-1
2024-11-14 15:22:50.078,22678,22680,22680,1,1
2024-11-14 15:22:51.911,22678,22680,22678,1,-1
2024-11-14 15:22:51.912,22678,22680,22677,3,-3
2024-11-14 15:22:51.912,22678,22680,22677,12,-12
2024-11-14 15:22:51.913,22678,22680,22676,1,-1
2024-11-14 15:22:52.873,22675,22677,22675,1,-1
2024-11-14 15:22:52.875,22675,22677,22674,20,-20
2024-11-14 15:22:52.876,22675,22677,22673,1,-1
2024-11-14 15:22:52.944,22672,22673,22672,2,-2
2024-11-14 15:22:53.501,22670,22672,22670,1,-1
2024-11-14 15:22:53.577,22670,22671,22670,1,-1
2024-11-14 15:22:54.945,22670,22671,22670,1,-1
2024-11-14 15:22:55.942,22668,22671,22671,2,2
2024-11-14 15:22:57.871,22672,22674,22674,1,1
2024-11-14 15:23:00.048,22671,22673,22673,1,1
2024-11-14 15:23:05.697,22672,22675,22675,1,1
2024-11-14 15:23:05.697,22672,22675,22675,1,1
2024-11-14 15:23:05.933,22675,22676,22675,1,-1
2024-11-14 15:23:05.947,22675,22676,22675,1,-1
2024-11-14 15:23:06.141,22674,22676,22674,1,-1
2024-11-14 15:23:07.497,22674,22676,22676,1,1
2024-11-14 15:23:09.607,22675,22678,22676,1,-1
2024-11-14 15:23:11.136,22676,22677,22677,1,1
2024-11-14 15:23:13.664,22678,22680,22678,1,-1
2024-11-14 15:23:14.283,22678,22680,22680,3,3
2024-11-14 15:23:14.283,22678,22680,22681,2,2
2024-11-14 15:23:18.042,22680,22681,22681,1,1
2024-11-14 15:23:18.510,22680,22681,22680,1,-1
2024-11-14 15:23:19.525,22680,22681,22680,1,-1
2024-11-14 15:23:21.130,22677,22680,22677,1,-1
2024-11-14 15:23:21.876,22677,22680,22680,1,1
2024-11-14 15:23:28.297,22676,22679,22679,1,1
2024-11-14 15:23:30.489,22676,22679,22676,3,-3
2024-11-14 15:23:31.078,22674,22676,22674,1,-1
2024-11-14 15:23:31.078,22674,22676,22674,1,-1
2024-11-14 15:23:31.078,22674,22676,22674,1,-1
2024-11-14 15:23:31.078,22674,22676,22674,2,-2
2024-11-14 15:23:31.078,22674,22676,22674,2,-2
2024-11-14 15:23:31.078,22674,22676,22674,1,-1
2024-11-14 15:23:31.078,22674,22676,22674,1,-1
2024-11-14 15:23:31.078,22674,22676,22674,2,-2
2024-11-14 15:23:31.078,22674,22676,22674,1,-1
2024-11-14 15:23:31.078,22674,22676,22674,2,-2
2024-11-14 15:23:31.078,22674,22676,22674,1,-1
2024-11-14 15:23:31.079,22674,22676,22674,1,-1
2024-11-14 15:23:31.079,22674,22676,22674,1,-1
2024-11-14 15:23:32.969,22674,22676,22674,1,-1
2024-11-14 15:23:36.058,22674,22678,22674,1,-1
2024-11-14 15:23:36.308,22675,22678,22674,3,-3
2024-11-14 15:23:36.308,22675,22678,22674,1,-1
2024-11-14 15:23:36.308,22675,22678,22674,3,-3
2024-11-14 15:23:36.308,22675,22678,22675,3,-3
2024-11-14 15:23:36.440,22673,22675,22673,1,-1
2024-11-14 15:23:37.568,22674,22675,22674,1,-1
2024-11-14 15:23:37.568,22674,22675,22673,2,-2
2024-11-14 15:23:37.575,22674,22675,22672,1,-1
2024-11-14 15:23:37.706,22670,22672,22670,1,-1
2024-11-14 15:23:37.878,22669,22672,22667,1,-1
2024-11-14 15:23:37.878,22669,22672,22669,1,-1
2024-11-14 15:23:43.073,22671,22674,22671,1,-1
2024-11-14 15:23:43.073,22671,22674,22670,4,-4
2024-11-14 15:23:44.587,22669,22673,22669,5,-5
2024-11-14 15:23:44.587,22669,22673,22668,5,-5
2024-11-14 15:23:47.485,22667,22669,22667,1,-1
2024-11-14 15:23:48.034,22667,22669,22667,3,-3
2024-11-14 15:23:50.791,22667,22668,22667,10,-10
2024-11-14 15:23:50.792,22667,22668,22667,1,-1
2024-11-14 15:23:52.390,22665,22668,22668,1,1
2024-11-14 15:24:00.201,22665,22666,22666,1,1
2024-11-14 15:24:05.235,22665,22668,22668,1,1
2024-11-14 15:24:05.235,22665,22668,22669,2,2
2024-11-14 15:24:05.235,22665,22668,22669,1,1
2024-11-14 15:24:05.236,22665,22668,22670,3,3
2024-11-14 15:24:05.479,22669,22671,22671,1,1
2024-11-14 15:24:05.705,22670,22673,22670,1,-1
2024-11-14 15:24:08.776,22672,22675,22672,1,-1
2024-11-14 15:24:08.777,22672,22675,22672,2,-2
2024-11-14 15:24:12.376,22669,22671,22671,1,1
2024-11-14 15:24:12.612,22669,22672,22672,1,1
2024-11-14 15:24:18.715,22670,22673,22670,1,-1
2024-11-14 15:24:24.336,22669,22672,22669,1,-1
2024-11-14 15:24:32.987,22668,22669,22669,2,2
2024-11-14 15:24:32.987,22668,22669,22670,1,1
2024-11-14 15:24:34.302,22668,22670,22668,1,-1
2024-11-14 15:24:34.303,22668,22670,22667,8,-8
2024-11-14 15:24:34.303,22668,22670,22667,2,-2
2024-11-14 15:24:34.303,22668,22670,22667,2,-2
2024-11-14 15:24:34.303,22668,22670,22667,2,-2
2024-11-14 15:24:34.303,22668,22670,22667,4,-4
2024-11-14 15:24:34.303,22668,22670,22667,2,-2
2024-11-14 15:24:34.305,22668,22670,22666,1,-1
2024-11-14 15:24:35.521,22665,22666,22666,1,1
2024-11-14 15:24:37.300,22665,22668,22665,1,-1
2024-11-14 15:24:44.785,22666,22668,22668,10,10
2024-11-14 15:24:46.302,22668,22670,22668,1,-1
2024-11-14 15:24:54.367,22668,22670,22668,1,-1
2024-11-14 15:24:56.405,22668,22670,22668,3,-3
2024-11-14 15:24:56.405,22668,22670,22667,7,-7
2024-11-14 15:25:02.179,22668,22669,22668,1,-1
2024-11-14 15:25:13.550,22667,22668,22667,1,-1
2024-11-14 15:25:16.408,22667,22668,22668,2,2
2024-11-14 15:25:16.605,22668,22670,22668,1,-1
2024-11-14 15:25:28.219,22669,22670,22669,1,-1
2024-11-14 15:25:35.264,22668,22670,22670,1,1
2024-11-14 15:25:38.614,22669,22670,22670,1,1
2024-11-14 15:25:39.460,22669,22672,22672,1,1
2024-11-14 15:25:39.460,22669,22672,22672,1,1
2024-11-14 15:25:39.460,22669,22672,22672,3,3
2024-11-14 15:25:39.460,22669,22672,22673,3,3
2024-11-14 15:25:39.460,22669,22672,22673,2,2
2024-11-14 15:25:40.479,22673,22675,22675,2,2
2024-11-14 15:25:40.523,22673,22675,22677,1,1
2024-11-14 15:25:40.523,22673,22675,22677,1,1
2024-11-14 15:25:40.579,22676,22679,22676,1,-1
2024-11-14 15:25:40.740,22674,22676,22674,1,-1
2024-11-14 15:25:40.751,22674,22676,22674,1,-1
2024-11-14 15:25:42.308,22674,22676,22676,1,1
2024-11-14 15:25:44.921,22675,22678,22678,1,1
2024-11-14 15:25:45.078,22677,22679,22679,1,1
2024-11-14 15:25:50.503,22675,22677,22677,1,1
2024-11-14 15:25:50.510,22675,22677,22678,1,1
2024-11-14 15:25:51.745,22676,22678,22678,1,1
2024-11-14 15:25:52.386,22677,22678,22678,1,1
2024-11-14 15:25:56.798,22677,22679,22679,1,1
2024-11-14 15:25:57.481,22677,22678,22677,1,-1
2024-11-14 15:25:57.581,22676,22677,22677,1,1
2024-11-14 15:25:58.218,22676,22678,22678,1,1
2024-11-14 15:25:58.466,22676,22678,22678,4,4
2024-11-14 15:25:58.466,22676,22678,22679,6,6
2024-11-14 15:26:03.494,22677,22679,22679,1,1
2024-11-14 15:26:03.821,22677,22679,22679,1,1
2024-11-14 15:26:03.822,22677,22679,22680,1,1
2024-11-14 15:26:03.822,22677,22679,22680,2,2
2024-11-14 15:26:04.241,22681,22682,22682,1,1
2024-11-14 15:26:04.316,22681,22682,22681,1,-1
2024-11-14 15:26:04.329,22681,22682,22682,1,1
2024-11-14 15:26:05.421,22681,22682,22682,2,2
2024-11-14 15:26:05.421,22681,22682,22683,3,3
2024-11-14 15:26:07.340,22681,22683,22683,3,3
2024-11-14 15:26:08.196,22681,22683,22683,4,4
2024-11-14 15:26:08.197,22681,22683,22683,1,1
2024-11-14 15:26:08.693,22681,22684,22684,1,1
2024-11-14 15:26:09.007,22681,22683,22683,3,3
2024-11-14 15:26:09.233,22681,22683,22681,1,-1
2024-11-14 15:26:15.892,22677,22680,22680,1,1
2024-11-14 15:26:18.439,22677,22679,22677,1,-1
2024-11-14 15:26:18.480,22677,22679,22676,1,-1
2024-11-14 15:26:19.543,22675,22678,22679,1,1
2024-11-14 15:26:19.543,22675,22678,22678,2,2
2024-11-14 15:26:21.068,22675,22678,22678,2,2
2024-11-14 15:26:21.958,22678,22681,22678,1,-1
2024-11-14 15:26:30.808,22679,22681,22679,1,-1
2024-11-14 15:26:30.810,22679,22681,22679,1,-1
2024-11-14 15:26:31.410,22678,22679,22679,1,1
2024-11-14 15:26:32.355,22678,22681,22678,1,-1
2024-11-14 15:26:33.461,22676,22679,22676,1,-1
2024-11-14 15:26:36.904,22679,22680,22680,2,2
2024-11-14 15:26:41.337,22680,22681,22680,1,-1
2024-11-14 15:26:42.872,22678,22680,22680,1,1
2024-11-14 15:26:43.605,22678,22680,22680,1,1
2024-11-14 15:26:43.605,22678,22680,22681,1,1
2024-11-14 15:26:47.525,22679,22680,22680,1,1
2024-11-14 15:26:48.015,22679,22681,22679,1,-1
2024-11-14 15:26:48.803,22680,22681,22681,1,1
2024-11-14 15:26:48.862,22680,22681,22683,1,1
2024-11-14 15:26:50.515,22682,22683,22684,2,2
2024-11-14 15:26:50.515,22682,22683,22683,1,1
2024-11-14 15:26:51.040,22681,22684,22681,1,-1
2024-11-14 15:26:52.422,22681,22683,22681,1,-1
2024-11-14 15:26:53.265,22681,22683,22681,1,-1
2024-11-14 15:26:53.546,22678,22680,22678,1,-1
2024-11-14 15:26:53.884,22678,22680,22680,1,1
2024-11-14 15:26:53.884,22678,22680,22681,2,2
2024-11-14 15:26:55.107,22678,22680,22680,2,2
2024-11-14 15:26:57.807,22678,22680,22678,1,-1
2024-11-14 15:26:59.662,22678,22680,22678,2,-2
2024-11-14 15:26:59.662,22678,22680,22677,1,-1
2024-11-14 15:26:59.716,22678,22680,22677,2,-2
2024-11-14 15:27:00.973,22677,22678,22677,1,-1
2024-11-14 15:27:02.569,22676,22678,22678,1,1
2024-11-14 15:27:04.067,22676,22677,22677,1,1
2024-11-14 15:27:07.686,22677,22679,22679,1,1
2024-11-14 15:27:15.504,22679,22680,22679,1,-1
2024-11-14 15:27:16.433,22678,22680,22680,1,1
2024-11-14 15:27:17.761,22678,22680,22680,2,2
2024-11-14 15:27:19.461,22678,22680,22678,1,-1
2024-11-14 15:27:19.462,22678,22680,22678,1,-1
2024-11-14 15:27:19.722,22677,22679,22679,1,1
2024-11-14 15:27:19.722,22677,22679,22679,1,1
2024-11-14 15:27:19.764,22677,22679,22679,1,1
2024-11-14 15:27:20.189,22679,22680,22680,2,2
2024-11-14 15:27:21.654,22679,22680,22680,1,1
2024-11-14 15:27:22.335,22679,22681,22681,2,2
2024-11-14 15:27:22.335,22679,22681,22681,2,2
2024-11-14 15:27:36.445,22680,22681,22681,1,1
2024-11-14 15:27:37.834,22681,22682,22681,1,-1
2024-11-14 15:27:38.060,22681,22682,22681,1,-1
2024-11-14 15:27:39.654,22680,22681,22680,5,-5
2024-11-14 15:27:39.655,22680,22681,22679,2,-2
2024-11-14 15:27:39.655,22680,22681,22679,1,-1
2024-11-14 15:27:39.730,22677,22680,22677,1,-1
2024-11-14 15:27:39.731,22677,22680,22677,1,-1
2024-11-14 15:27:39.994,22676,22678,22676,1,-1
2024-11-14 15:27:42.850,22675,22676,22675,1,-1
2024-11-14 15:27:43.301,22674,22675,22674,1,-1
2024-11-14 15:27:43.950,22671,22672,22671,2,-2
2024-11-14 15:27:43.950,22671,22672,22671,2,-2
2024-11-14 15:27:43.950,22671,22672,22671,2,-2
2024-11-14 15:27:43.951,22671,22672,22671,1,-1
2024-11-14 15:27:43.951,22671,22672,22671,1,-1
2024-11-14 15:27:43.951,22671,22672,22671,2,-2
2024-11-14 15:27:43.951,22671,22672,22671,1,-1
2024-11-14 15:27:44.463,22671,22672,22671,9,-9
2024-11-14 15:27:46.178,22669,22671,22671,1,1
2024-11-14 15:27:46.380,22671,22672,22672,1,1
2024-11-14 15:27:47.078,22670,22673,22673,1,1
2024-11-14 15:27:48.403,22671,22673,22671,1,-1
2024-11-14 15:27:51.791,22671,22673,22671,2,-2
2024-11-14 15:27:52.568,22668,22670,22668,1,-1
2024-11-14 15:27:54.007,22668,22671,22668,1,-1
2024-11-14 15:27:54.434,22667,22670,22670,1,1
2024-11-14 15:27:57.563,22667,22670,22667,1,-1
2024-11-14 15:27:59.991,22667,22670,22667,3,-3
2024-11-14 15:28:02.101,22667,22668,22668,1,1
2024-11-14 15:28:03.259,22667,22669,22667,2,-2
2024-11-14 15:28:07.566,22667,22668,22668,1,1
2024-11-14 15:28:11.234,22667,22669,22667,5,-5
2024-11-14 15:28:14.213,22667,22669,22669,1,1
2024-11-14 15:28:16.169,22668,22670,22668,3,-3
2024-11-14 15:28:26.233,22667,22668,22668,1,1
2024-11-14 15:28:28.059,22667,22668,22667,4,-4
2024-11-14 15:28:28.060,22667,22668,22666,6,-6
2024-11-14 15:28:28.087,22667,22668,22665,1,-1
2024-11-14 15:28:28.274,22664,22665,22664,2,-2
2024-11-14 15:28:28.274,22664,22665,22664,2,-2
2024-11-14 15:28:28.274,22664,22665,22664,1,-1
2024-11-14 15:28:28.275,22664,22665,22664,1,-1
2024-11-14 15:28:28.275,22664,22665,22664,1,-1
2024-11-14 15:28:28.275,22664,22665,22664,2,-2
2024-11-14 15:28:28.275,22664,22665,22664,4,-4
2024-11-14 15:28:28.275,22664,22665,22664,1,-1
2024-11-14 15:28:28.275,22664,22665,22664,1,-1
2024-11-14 15:28:30.674,22664,22666,22664,1,-1
2024-11-14 15:28:33.525,22664,22666,22666,1,1
2024-11-14 15:28:42.614,22666,22667,22667,1,1
2024-11-14 15:28:42.668,22666,22668,22666,1,-1
2024-11-14 15:28:48.837,22665,22667,22665,1,-1
2024-11-14 15:28:53.693,22665,22666,22666,1,1
2024-11-14 15:28:55.467,22666,22668,22666,1,-1
2024-11-14 15:29:00.945,22666,22668,22668,1,1
2024-11-14 15:29:05.192,22667,22670,22671,5,5
2024-11-14 15:29:05.192,22667,22670,22670,2,2
2024-11-14 15:29:05.193,22667,22670,22671,1,1
2024-11-14 15:29:05.233,22667,22670,22672,1,1
2024-11-14 15:29:05.233,22667,22670,22672,1,1
2024-11-14 15:29:06.094,22671,22673,22673,1,1
2024-11-14 15:29:12.808,22676,22678,22676,1,-1
2024-11-14 15:29:13.645,22676,22678,22676,1,-1
2024-11-14 15:29:15.014,22675,22678,22675,1,-1
2024-11-14 15:29:15.063,22673,22676,22673,1,-1
2024-11-14 15:29:25.160,22676,22678,22676,1,-1
2024-11-14 15:29:25.160,22676,22678,22675,3,-3
2024-11-14 15:29:25.595,22675,22677,22677,1,1
2024-11-14 15:29:30.612,22676,22678,22678,2,2
2024-11-14 15:29:32.922,22677,22679,22679,2,2
2024-11-14 15:29:33.118,22678,22680,22680,3,3
2024-11-14 15:29:33.822,22680,22681,22681,1,1
2024-11-14 15:29:40.194,22680,22681,22681,4,4
2024-11-14 15:29:43.171,22680,22682,22680,1,-1
2024-11-14 15:29:48.113,22681,22682,22682,1,1
2024-11-14 15:29:48.405,22682,22683,22683,2,2
2024-11-14 15:29:48.460,22682,22684,22684,2,2
2024-11-14 15:29:48.460,22682,22684,22684,1,1
2024-11-14 15:29:48.460,22682,22684,22684,2,2
2024-11-14 15:29:48.461,22682,22684,22684,1,1
2024-11-14 15:29:48.461,22682,22684,22684,1,1
2024-11-14 15:29:49.412,22682,22684,22682,1,-1
2024-11-14 15:29:50.805,22682,22684,22682,1,-1
2024-11-14 15:29:50.808,22682,22684,22681,1,-1
2024-11-14 15:29:51.850,22679,22681,22681,1,1
2024-11-14 15:29:52.939,22681,22684,22682,1,-1
2024-11-14 15:29:54.264,22681,22683,22681,1,-1
2024-11-14 15:30:00.078,22681,22683,22683,1,1
2024-11-14 15:30:00.078,22681,22683,22684,1,1
2024-11-14 15:30:00.528,22682,22684,22684,1,1
2024-11-14 15:30:03.550,22681,22683,22683,1,1
2024-11-14 15:30:03.585,22681,22683,22683,1,1
2024-11-14 15:30:03.585,22681,22683,22684,2,2
2024-11-14 15:30:03.736,22681,22684,22684,1,1
2024-11-14 15:30:03.841,22682,22684,22684,1,1
2024-11-14 15:30:03.849,22682,22684,22684,1,1
2024-11-14 15:30:03.865,22682,22684,22685,1,1
2024-11-14 15:30:03.895,22682,22684,22685,1,1
2024-11-14 15:30:05.113,22682,22685,22685,1,1
2024-11-14 15:30:09.110,22682,22684,22682,1,-1
2024-11-14 15:30:09.711,22680,22683,22683,1,1
2024-11-14 15:30:15.423,22680,22682,22682,2,2
2024-11-14 15:30:15.423,22680,22682,22683,4,4
2024-11-14 15:30:15.423,22680,22682,22684,8,8
2024-11-14 15:30:16.596,22682,22684,22684,2,2
2024-11-14 15:30:16.597,22682,22684,22685,15,15
2024-11-14 15:30:17.127,22685,22686,22685,1,-1
2024-11-14 15:30:17.930,22685,22686,22686,3,3
2024-11-14 15:30:18.230,22686,22687,22687,1,1
2024-11-14 15:30:18.230,22686,22687,22687,3,3
2024-11-14 15:30:18.230,22686,22687,22687,1,1
2024-11-14 15:30:18.373,22686,22688,22688,18,18
2024-11-14 15:30:18.374,22686,22688,22689,4,4
2024-11-14 15:30:18.374,22686,22688,22689,2,2
2024-11-14 15:30:18.374,22686,22688,22689,1,1
2024-11-14 15:30:18.374,22686,22688,22689,1,1
2024-11-14 15:30:18.395,22686,22688,22690,1,1
2024-11-14 15:30:18.464,22688,22690,22690,1,1
2024-11-14 15:30:18.478,22688,22690,22688,3,-3
2024-11-14 15:30:18.555,22687,22689,22689,1,1
2024-11-14 15:30:18.722,22687,22689,22689,1,1
2024-11-14 15:30:18.734,22687,22689,22689,1,1
2024-11-14 15:30:20.041,22686,22688,22688,1,1
2024-11-14 15:30:20.326,22686,22688,22688,1,1
2024-11-14 15:30:20.326,22686,22688,22689,1,1
2024-11-14 15:30:20.980,22687,22689,22689,1,1
2024-11-14 15:30:21.412,22687,22690,22689,1,1
2024-11-14 15:30:23.029,22689,22690,22690,1,1
2024-11-14 15:30:26.138,22689,22690,22689,3,-3
2024-11-14 15:30:26.651,22687,22690,22689,1,1
2024-11-14 15:30:27.377,22687,22689,22689,1,1
2024-11-14 15:30:28.113,22688,22689,22688,2,-2
2024-11-14 15:30:28.113,22688,22689,22688,4,-4
2024-11-14 15:30:29.777,22688,22689,22689,1,1
2024-11-14 15:30:30.155,22688,22690,22690,2,2
2024-11-14 15:30:32.524,22689,22690,22690,1,1
2024-11-14 15:30:34.585,22689,22690,22690,1,1
2024-11-14 15:30:34.585,22689,22690,22690,1,1
2024-11-14 15:30:35.264,22689,22691,22691,1,1
2024-11-14 15:30:35.326,22689,22691,22691,1,1
2024-11-14 15:30:39.229,22689,22690,22689,1,-1
2024-11-14 15:30:39.231,22689,22690,22688,3,-3
2024-11-14 15:30:51.198,22685,22687,22685,1,-1
2024-11-14 15:30:54.533,22682,22685,22685,2,2
2024-11-14 15:30:56.461,22685,22688,22685,1,-1
2024-11-14 15:31:03.067,22685,22688,22685,2,-2
2024-11-14 15:31:03.172,22685,22688,22688,1,1
2024-11-14 15:31:03.174,22685,22688,22689,1,1
2024-11-14 15:31:03.284,22685,22688,22689,1,1
2024-11-14 15:31:04.141,22688,22690,22688,2,-2
2024-11-14 15:31:06.535,22688,22690,22690,1,1
2024-11-14 15:31:07.180,22688,22690,22690,1,1
2024-11-14 15:31:07.292,22688,22690,22690,1,1
2024-11-14 15:31:07.292,22688,22690,22691,1,1
2024-11-14 15:31:07.292,22688,22690,22691,1,1
2024-11-14 15:31:07.292,22688,22690,22691,1,1
2024-11-14 15:31:07.293,22688,22690,22692,1,1
2024-11-14 15:31:07.293,22688,22690,22692,1,1
2024-11-14 15:31:07.294,22688,22690,22690,1,1
2024-11-14 15:31:07.433,22690,22692,22692,1,1
2024-11-14 15:31:07.672,22690,22692,22692,1,1
2024-11-14 15:31:07.694,22690,22692,22692,1,1
2024-11-14 15:31:07.725,22690,22692,22692,1,1
2024-11-14 15:31:09.683,22690,22692,22692,3,3
2024-11-14 15:31:09.683,22690,22692,22693,2,2
2024-11-14 15:31:10.173,22691,22693,22691,1,-1
2024-11-14 15:31:10.174,22691,22693,22690,1,-1
2024-11-14 15:31:10.179,22691,22693,22689,1,-1
2024-11-14 15:31:10.444,22689,22691,22691,2,2
2024-11-14 15:31:11.300,22689,22691,22691,1,1
2024-11-14 15:31:12.304,22691,22693,22693,1,1
2024-11-14 15:31:14.240,22691,22693,22691,1,-1
2024-11-14 15:31:14.515,22691,22693,22693,1,1
2024-11-14 15:31:14.515,22691,22693,22694,1,1
2024-11-14 15:31:15.444,22691,22693,22693,2,2
2024-11-14 15:31:15.737,22691,22694,22691,1,-1
2024-11-14 15:31:17.502,22691,22694,22694,1,1
2024-11-14 15:31:17.881,22691,22694,22694,1,1
2024-11-14 15:31:18.137,22691,22694,22691,1,-1
2024-11-14 15:31:18.167,22691,22694,22694,1,1
2024-11-14 15:31:18.167,22691,22694,22694,1,1
2024-11-14 15:31:18.167,22691,22694,22694,1,1
2024-11-14 15:31:18.168,22691,22694,22694,1,1
2024-11-14 15:31:18.168,22691,22694,22694,1,1
2024-11-14 15:31:18.168,22691,22694,22694,1,1
2024-11-14 15:31:18.168,22691,22694,22694,1,1
2024-11-14 15:31:18.168,22691,22694,22694,1,1
2024-11-14 15:31:18.357,22692,22695,22692,1,-1
2024-11-14 15:31:18.420,22692,22694,22694,2,2
2024-11-14 15:31:18.420,22692,22694,22695,2,2
2024-11-14 15:31:18.594,22692,22694,22694,1,1
2024-11-14 15:31:19.549,22692,22694,22694,1,1
2024-11-14 15:31:21.067,22691,22694,22694,2,2
2024-11-14 15:31:22.411,22691,22693,22694,1,1
2024-11-14 15:31:22.411,22691,22693,22693,1,1
2024-11-14 15:31:25.037,22692,22694,22694,3,3
2024-11-14 15:31:25.037,22692,22694,22695,1,1
2024-11-14 15:31:27.801,22692,22695,22693,1,-1
2024-11-14 15:31:29.803,22692,22694,22694,2,2
2024-11-14 15:31:29.917,22692,22695,22695,1,1
2024-11-14 15:31:29.917,22692,22695,22695,1,1
2024-11-14 15:31:29.917,22692,22695,22695,1,1
2024-11-14 15:31:29.917,22692,22695,22695,1,1
2024-11-14 15:31:29.918,22692,22695,22695,1,1
2024-11-14 15:31:29.918,22692,22695,22695,1,1
2024-11-14 15:31:29.918,22692,22695,22695,1,1
2024-11-14 15:31:29.918,22692,22695,22695,1,1
2024-11-14 15:31:29.919,22692,22695,22695,1,1
2024-11-14 15:31:29.923,22692,22695,22695,1,1
2024-11-14 15:31:31.521,22693,22695,22693,2,-2
2024-11-14 15:31:31.521,22693,22695,22692,1,-1
2024-11-14 15:31:32.609,22692,22695,22692,3,-3
2024-11-14 15:31:33.454,22692,22693,22692,7,-7
2024-11-14 15:31:33.455,22692,22693,22691,1,-1
2024-11-14 15:31:34.369,22690,22692,22692,3,3
2024-11-14 15:31:34.370,22690,22692,22693,1,1
2024-11-14 15:31:38.288,22691,22693,22693,1,1
2024-11-14 15:31:38.288,22691,22693,22694,1,1
2024-11-14 15:31:48.948,22690,22693,22691,1,-1
2024-11-14 15:31:49.043,22690,22693,22694,1,1
2024-11-14 15:31:49.043,22690,22693,22694,1,1
2024-11-14 15:31:49.043,22690,22693,22694,1,1
2024-11-14 15:31:49.043,22690,22693,22694,1,1
2024-11-14 15:31:49.043,22690,22693,22693,1,1
2024-11-14 15:31:49.043,22690,22693,22693,1,1
2024-11-14 15:31:49.043,22690,22693,22693,1,1
2024-11-14 15:31:49.044,22690,22693,22694,1,1
2024-11-14 15:31:49.044,22690,22693,22694,1,1
2024-11-14 15:31:49.044,22690,22693,22694,1,1
2024-11-14 15:31:49.045,22690,22693,22694,1,1
2024-11-14 15:31:49.045,22690,22693,22694,1,1
2024-11-14 15:31:49.828,22692,22695,22694,1,1
2024-11-14 15:31:51.219,22692,22695,22695,1,1
2024-11-14 15:31:53.384,22693,22695,22693,1,-1
2024-11-14 15:31:55.320,22694,22695,22694,1,-1
2024-11-14 15:31:57.126,22694,22695,22695,1,1
