2020-08-28 15:00:00.094,12685,12686,12686,51,51
2020-08-28 15:00:00.282,12687,12688,12687,1,1
2020-08-28 15:00:00.299,12687,12688,12687,1,-1
2020-08-28 15:00:00.351,12686,12688,12686,1,-1
2020-08-28 15:00:00.352,12686,12688,12686,1,-1
2020-08-28 15:00:00.417,12686,12688,12688,1,1
2020-08-28 15:00:00.441,12686,12688,12688,7,7
2020-08-28 15:00:00.474,12687,12689,12687,1,-1
2020-08-28 15:00:00.488,12687,12689,12689,3,3
2020-08-28 15:00:00.488,12687,12689,12690,2,2
2020-08-28 15:00:00.499,12687,12689,12690,5,5
2020-08-28 15:00:00.535,12687,12689,12687,1,-1
2020-08-28 15:00:00.562,12687,12689,12687,1,-1
2020-08-28 15:00:00.568,12687,12689,12687,1,-1
2020-08-28 15:00:00.573,12687,12689,12690,2,2
2020-08-28 15:00:00.573,12687,12689,12691,4,4
2020-08-28 15:00:00.601,12688,12691,12689,1,-1
2020-08-28 15:00:00.606,12688,12691,12689,1,-1
2020-08-28 15:00:00.660,12688,12691,12689,1,-1
2020-08-28 15:00:00.677,12688,12691,12688,1,-1
2020-08-28 15:00:00.685,12688,12691,12688,1,-1
2020-08-28 15:00:00.690,12688,12691,12688,1,-1
2020-08-28 15:00:00.721,12687,12689,12687,1,-1
2020-08-28 15:00:00.777,12687,12689,12687,1,-1
2020-08-28 15:00:00.806,12687,12689,12689,3,3
2020-08-28 15:00:00.807,12687,12689,12689,1,1
2020-08-28 15:00:00.838,12687,12689,12690,1,1
2020-08-28 15:00:00.838,12687,12689,12691,1,1
2020-08-28 15:00:00.848,12689,12691,12689,1,-1
2020-08-28 15:00:00.898,12689,12691,12689,1,-1
2020-08-28 15:00:00.903,12689,12691,12691,2,2
2020-08-28 15:00:00.958,12689,12691,12689,1,-1
2020-08-28 15:00:00.960,12689,12691,12689,1,-1
2020-08-28 15:00:01.001,12688,12691,12689,1,-1
2020-08-28 15:00:01.106,12689,12691,12689,1,-1
2020-08-28 15:00:01.140,12689,12691,12689,1,-1
2020-08-28 15:00:01.140,12689,12691,12690,2,2
2020-08-28 15:00:01.411,12688,12690,12690,6,6
2020-08-28 15:00:01.481,12688,12690,12690,1,1
2020-08-28 15:00:01.928,12688,12690,12690,1,1
2020-08-28 15:00:02.495,12687,12689,12689,1,1
2020-08-28 15:00:03.855,12686,12687,12687,1,1
2020-08-28 15:00:04.262,12686,12688,12688,4,4
2020-08-28 15:00:04.592,12687,12689,12689,1,1
2020-08-28 15:00:04.899,12687,12690,12689,2,-2
2020-08-28 15:00:05.347,12687,12689,12689,2,2
2020-08-28 15:00:07.327,12687,12688,12687,2,-2
2020-08-28 15:00:07.415,12686,12687,12686,1,-1
2020-08-28 15:00:07.792,12686,12687,12687,1,1
2020-08-28 15:00:09.452,12687,12688,12688,1,1
2020-08-28 15:00:09.452,12687,12688,12688,3,3
2020-08-28 15:00:09.824,12688,12689,12689,3,3
2020-08-28 15:00:11.943,12689,12690,12690,3,3
2020-08-28 15:00:11.944,12689,12690,12690,1,1
2020-08-28 15:00:12.044,12690,12691,12690,1,-1
2020-08-28 15:00:12.283,12690,12691,12691,1,1
2020-08-28 15:00:13.840,12689,12690,12689,1,-1
2020-08-28 15:00:15.547,12689,12690,12689,1,-1
2020-08-28 15:00:15.895,12689,12690,12690,1,1
2020-08-28 15:00:15.900,12689,12690,12690,1,1
2020-08-28 15:00:16.557,12689,12690,12689,1,-1
2020-08-28 15:00:16.912,12689,12690,12690,9,9
2020-08-28 15:00:16.965,12690,12691,12691,5,5
2020-08-28 15:00:17.260,12690,12691,12691,2,2
2020-08-28 15:00:17.892,12690,12691,12691,1,1
2020-08-28 15:00:18.090,12690,12691,12691,1,1
2020-08-28 15:00:18.525,12690,12691,12690,11,-11
2020-08-28 15:00:18.694,12689,12690,12689,1,-1
2020-08-28 15:00:18.999,12689,12690,12690,5,5
2020-08-28 15:00:19.715,12689,12690,12690,3,3
2020-08-28 15:00:19.756,12689,12690,12691,5,5
2020-08-28 15:00:20.867,12689,12691,12689,1,-1
2020-08-28 15:00:21.446,12689,12691,12691,1,1
2020-08-28 15:00:21.465,12690,12691,12691,3,3
2020-08-28 15:00:21.590,12690,12691,12691,2,2
2020-08-28 15:00:22.357,12690,12691,12691,5,5
2020-08-28 15:00:22.649,12690,12691,12691,3,3
2020-08-28 15:00:22.649,12690,12691,12691,2,2
2020-08-28 15:00:23.215,12691,12692,12692,4,4
2020-08-28 15:00:25.078,12691,12693,12691,1,-1
2020-08-28 15:00:25.918,12691,12692,12692,3,3
2020-08-28 15:00:27.521,12691,12692,12692,5,5
2020-08-28 15:00:27.521,12691,12692,12693,5,5
2020-08-28 15:00:27.788,12692,12693,12693,5,5
2020-08-28 15:00:27.791,12692,12693,12693,5,5
2020-08-28 15:00:28.600,12692,12694,12692,1,-1
2020-08-28 15:00:28.809,12692,12693,12693,3,3
2020-08-28 15:00:29.518,12693,12694,12694,5,5
2020-08-28 15:00:31.139,12694,12695,12695,1,1
2020-08-28 15:00:31.322,12694,12695,12695,1,1
2020-08-28 15:00:31.520,12694,12695,12695,10,10
2020-08-28 15:00:31.521,12694,12695,12695,4,4
2020-08-28 15:00:31.840,12694,12695,12694,5,-5
2020-08-28 15:00:31.965,12693,12694,12693,4,-4
2020-08-28 15:00:31.967,12693,12694,12693,1,-1
2020-08-28 15:00:32.189,12693,12694,12694,2,2
2020-08-28 15:00:32.633,12694,12695,12694,1,-1
2020-08-28 15:00:32.794,12694,12695,12694,1,-1
2020-08-28 15:00:33.520,12693,12695,12695,9,9
2020-08-28 15:00:33.520,12693,12695,12695,1,1
2020-08-28 15:00:35.520,12693,12695,12695,9,9
2020-08-28 15:00:35.520,12693,12695,12695,1,1
2020-08-28 15:00:36.094,12693,12694,12693,1,-1
2020-08-28 15:00:36.215,12693,12694,12693,10,-10
2020-08-28 15:00:36.780,12693,12694,12694,1,1
2020-08-28 15:00:37.407,12694,12695,12694,1,-1
2020-08-28 15:00:37.518,12694,12695,12695,10,10
2020-08-28 15:00:38.013,12695,12696,12695,2,-2
2020-08-28 15:00:38.472,12694,12696,12694,13,-13
2020-08-28 15:00:38.474,12694,12696,12694,7,-7
2020-08-28 15:00:39.590,12694,12695,12694,2,-2
2020-08-28 15:00:41.793,12693,12695,12695,1,1
2020-08-28 15:00:41.963,12693,12695,12694,1,-1
2020-08-28 15:00:42.221,12693,12694,12693,1,-1
2020-08-28 15:00:42.679,12693,12694,12693,4,-4
2020-08-28 15:00:44.215,12692,12693,12692,1,-1
2020-08-28 15:00:44.457,12692,12693,12692,2,-2
2020-08-28 15:00:44.458,12692,12693,12692,3,-3
2020-08-28 15:00:44.753,12691,12692,12692,1,1
2020-08-28 15:00:45.331,12691,12693,12693,2,2
2020-08-28 15:00:47.570,12692,12693,12692,1,-1
2020-08-28 15:00:47.895,12692,12693,12692,1,-1
2020-08-28 15:00:49.160,12692,12693,12692,2,-2
2020-08-28 15:00:49.626,12691,12692,12691,2,-2
2020-08-28 15:00:49.626,12691,12692,12690,1,-1
2020-08-28 15:00:50.314,12690,12692,12690,1,-1
2020-08-28 15:00:52.272,12691,12692,12691,1,1
2020-08-28 15:00:52.675,12690,12692,12690,1,-1
2020-08-28 15:00:53.043,12690,12691,12691,1,1
2020-08-28 15:00:54.102,12690,12691,12690,8,-8
2020-08-28 15:00:55.416,12689,12691,12691,10,10
2020-08-28 15:00:56.980,12690,12691,12691,1,1
2020-08-28 15:00:57.957,12691,12692,12692,3,3
2020-08-28 15:00:57.971,12691,12692,12692,1,1
2020-08-28 15:00:58.997,12691,12692,12692,1,1
2020-08-28 15:00:59.750,12691,12692,12691,1,-1
2020-08-28 15:01:00.019,12691,12692,12691,1,-1
2020-08-28 15:01:00.019,12691,12692,12690,2,-2
2020-08-28 15:01:00.094,12690,12692,12692,1,1
2020-08-28 15:01:00.219,12690,12692,12690,1,-1
2020-08-28 15:01:01.046,12690,12691,12691,2,2
2020-08-28 15:01:02.320,12690,12691,12691,2,2
2020-08-28 15:01:03.133,12689,12691,12691,1,1
2020-08-28 15:01:03.845,12690,12691,12690,1,-1
2020-08-28 15:01:03.845,12690,12691,12690,2,-2
2020-08-28 15:01:04.042,12689,12690,12690,1,1
2020-08-28 15:01:05.358,12689,12690,12689,1,-1
2020-08-28 15:01:05.633,12689,12690,12689,1,-1
2020-08-28 15:01:05.633,12689,12690,12689,1,-1
2020-08-28 15:01:05.633,12689,12690,12689,3,-3
2020-08-28 15:01:06.548,12688,12690,12689,1,-1
2020-08-28 15:01:06.917,12688,12689,12688,3,-3
2020-08-28 15:01:06.917,12688,12689,12688,3,-3
2020-08-28 15:01:08.237,12687,12688,12688,1,1
2020-08-28 15:01:08.383,12687,12688,12688,1,1
2020-08-28 15:01:09.581,12687,12688,12688,1,1
2020-08-28 15:01:11.578,12687,12688,12688,1,1
2020-08-28 15:01:15.460,12688,12690,12688,1,-1
2020-08-28 15:01:16.690,12688,12690,12688,2,-2
2020-08-28 15:01:19.064,12688,12690,12688,1,-1
2020-08-28 15:01:25.339,12688,12689,12688,1,-1
2020-08-28 15:01:27.554,12688,12689,12689,1,1
2020-08-28 15:01:30.087,12688,12689,12689,1,1
2020-08-28 15:01:30.238,12688,12689,12689,1,1
2020-08-28 15:01:39.599,12689,12690,12690,1,1
2020-08-28 15:01:48.701,12689,12690,12689,4,-4
2020-08-28 15:01:50.587,12688,12689,12688,8,-8
2020-08-28 15:01:52.522,12688,12689,12688,2,-2
2020-08-28 15:01:52.522,12688,12689,12688,4,-4
2020-08-28 15:01:53.269,12687,12688,12688,1,1
2020-08-28 15:01:53.306,12687,12688,12688,1,1
2020-08-28 15:01:55.142,12687,12688,12687,2,-2
2020-08-28 15:01:55.367,12687,12688,12687,2,-2
2020-08-28 15:01:55.369,12687,12688,12687,2,-2
2020-08-28 15:02:01.596,12686,12688,12686,3,-3
2020-08-28 15:02:01.927,12686,12688,12686,1,-1
2020-08-28 15:02:02.935,12686,12688,12686,1,-1
2020-08-28 15:02:03.561,12686,12688,12686,1,-1
2020-08-28 15:02:04.755,12686,12687,12687,3,3
2020-08-28 15:02:06.346,12686,12687,12687,1,1
2020-08-28 15:02:06.683,12687,12688,12687,9,-9
2020-08-28 15:02:09.278,12686,12688,12686,1,-1
2020-08-28 15:02:10.866,12686,12687,12686,8,-8
2020-08-28 15:02:11.938,12685,12686,12686,1,1
2020-08-28 15:02:14.688,12685,12686,12686,1,1
2020-08-28 15:02:15.219,12685,12686,12685,20,-20
2020-08-28 15:02:15.220,12685,12686,12685,9,-9
2020-08-28 15:02:15.603,12684,12685,12684,1,-1
2020-08-28 15:02:16.000,12684,12686,12684,1,-1
2020-08-28 15:02:16.261,12684,12686,12686,1,1
2020-08-28 15:02:18.980,12684,12686,12685,1,-1
2020-08-28 15:02:18.980,12684,12686,12685,1,-1
2020-08-28 15:02:20.288,12684,12685,12685,1,1
2020-08-28 15:02:20.820,12684,12685,12684,1,-1
2020-08-28 15:02:21.788,12684,12685,12684,1,-1
2020-08-28 15:02:23.747,12684,12685,12684,1,-1
2020-08-28 15:02:24.406,12684,12685,12684,1,-1
2020-08-28 15:02:24.407,12684,12685,12684,3,-3
2020-08-28 15:02:24.407,12684,12685,12684,3,-3
2020-08-28 15:02:24.407,12684,12685,12684,1,-1
2020-08-28 15:02:25.272,12683,12684,12683,1,-1
2020-08-28 15:02:26.313,12683,12684,12683,1,-1
2020-08-28 15:02:26.471,12683,12684,12684,1,1
2020-08-28 15:02:26.612,12683,12684,12684,1,1
2020-08-28 15:02:26.781,12683,12685,12683,2,-2
2020-08-28 15:02:30.026,12683,12684,12684,2,2
2020-08-28 15:02:31.809,12684,12685,12684,2,-2
2020-08-28 15:02:32.216,12684,12685,12685,10,10
2020-08-28 15:02:32.217,12684,12685,12685,3,3
2020-08-28 15:02:32.725,12684,12686,12684,1,-1
2020-08-28 15:02:32.893,12684,12686,12684,5,-5
2020-08-28 15:02:35.135,12685,12686,12686,1,1
2020-08-28 15:02:37.391,12685,12687,12685,1,-1
2020-08-28 15:02:40.046,12686,12687,12686,1,1
2020-08-28 15:02:40.046,12686,12687,12685,3,-3
2020-08-28 15:02:40.554,12685,12687,12685,1,-1
2020-08-28 15:02:41.564,12684,12686,12686,2,2
2020-08-28 15:02:44.564,12686,12687,12687,1,1
2020-08-28 15:02:45.362,12686,12687,12686,1,-1
2020-08-28 15:02:45.655,12686,12687,12686,1,-1
2020-08-28 15:02:49.767,12686,12687,12686,1,-1
2020-08-28 15:02:50.766,12686,12687,12687,1,1
2020-08-28 15:02:52.263,12686,12687,12687,2,2
2020-08-28 15:02:53.941,12687,12688,12687,2,-2
2020-08-28 15:02:53.941,12687,12688,12686,8,-8
2020-08-28 15:02:54.127,12685,12686,12686,1,1
2020-08-28 15:02:54.192,12685,12686,12686,2,2
2020-08-28 15:02:58.597,12685,12686,12685,6,-6
2020-08-28 15:03:00.336,12685,12686,12685,3,-3
2020-08-28 15:03:00.705,12684,12685,12685,1,1
2020-08-28 15:03:04.012,12684,12685,12684,2,-2
2020-08-28 15:03:04.013,12684,12685,12684,3,-3
2020-08-28 15:03:04.013,12684,12685,12684,1,-1
2020-08-28 15:03:04.146,12683,12684,12684,1,1
2020-08-28 15:03:06.652,12683,12684,12683,1,-1
2020-08-28 15:03:06.964,12683,12684,12683,5,-5
2020-08-28 15:03:06.964,12683,12684,12683,4,-4
2020-08-28 15:03:06.980,12683,12684,12682,18,-18
2020-08-28 15:03:06.980,12683,12684,12681,6,-6
2020-08-28 15:03:07.284,12681,12683,12681,1,-1
2020-08-28 15:03:08.521,12681,12683,12681,1,-1
2020-08-28 15:03:08.557,12681,12683,12683,1,1
2020-08-28 15:03:11.147,12681,12683,12683,1,1
2020-08-28 15:03:11.262,12681,12683,12681,2,-2
2020-08-28 15:03:12.142,12681,12683,12681,2,-2
2020-08-28 15:03:17.762,12682,12683,12682,3,3
2020-08-28 15:03:18.648,12682,12683,12683,6,6
2020-08-28 15:03:21.347,12682,12683,12682,5,-5
2020-08-28 15:03:23.300,12681,12683,12681,1,-1
2020-08-28 15:03:23.317,12681,12683,12681,4,-4
2020-08-28 15:03:25.877,12682,12684,12683,1,1
2020-08-28 15:03:26.357,12682,12683,12683,1,1
2020-08-28 15:03:28.588,12682,12683,12683,1,1
2020-08-28 15:03:29.944,12682,12684,12684,1,1
2020-08-28 15:03:33.155,12682,12684,12684,2,2
2020-08-28 15:03:34.586,12683,12685,12683,5,-5
2020-08-28 15:03:37.666,12684,12685,12684,3,3
2020-08-28 15:03:37.668,12684,12685,12684,2,-2
2020-08-28 15:03:39.534,12683,12685,12683,1,-1
2020-08-28 15:03:41.207,12684,12685,12684,2,2
2020-08-28 15:03:44.954,12684,12685,12684,1,-1
2020-08-28 15:03:47.647,12683,12685,12683,1,-1
2020-08-28 15:03:47.842,12684,12685,12684,1,1
2020-08-28 15:03:47.991,12683,12684,12684,4,4
2020-08-28 15:03:52.677,12684,12685,12684,1,-1
2020-08-28 15:03:53.215,12684,12685,12684,2,-2
2020-08-28 15:03:53.564,12683,12684,12684,1,1
2020-08-28 15:04:02.499,12683,12684,12683,4,-4
2020-08-28 15:04:10.179,12683,12684,12683,1,-1
2020-08-28 15:04:12.758,12683,12684,12683,1,-1
2020-08-28 15:04:14.492,12683,12684,12683,7,-7
2020-08-28 15:04:16.291,12682,12683,12682,2,-2
2020-08-28 15:04:16.291,12682,12683,12682,2,-2
2020-08-28 15:04:16.773,12681,12682,12682,6,6
2020-08-28 15:04:17.875,12681,12683,12682,1,-1
2020-08-28 15:04:20.271,12682,12683,12682,1,-1
2020-08-28 15:04:22.877,12682,12683,12683,9,9
2020-08-28 15:04:23.503,12682,12684,12682,1,-1
2020-08-28 15:04:25.472,12683,12684,12684,3,3
2020-08-28 15:04:30.567,12683,12685,12683,1,-1
2020-08-28 15:04:35.798,12684,12685,12684,2,2
2020-08-28 15:04:37.404,12682,12684,12682,1,-1
2020-08-28 15:04:41.363,12683,12684,12684,2,2
2020-08-28 15:04:41.560,12683,12684,12684,1,1
2020-08-28 15:04:46.866,12684,12685,12684,1,-1
2020-08-28 15:04:46.965,12683,12684,12683,10,-10
2020-08-28 15:04:48.407,12682,12683,12683,1,1
2020-08-28 15:04:49.652,12682,12684,12684,1,1
2020-08-28 15:04:59.555,12682,12683,12682,2,-2
2020-08-28 15:05:02.003,12682,12683,12682,3,-3
2020-08-28 15:05:02.385,12681,12682,12682,1,1
2020-08-28 15:05:02.398,12681,12682,12682,1,1
2020-08-28 15:05:03.045,12681,12682,12681,10,-10
2020-08-28 15:05:03.046,12681,12682,12681,3,-3
2020-08-28 15:05:03.923,12680,12681,12681,4,4
2020-08-28 15:05:04.109,12681,12682,12682,1,1
2020-08-28 15:05:04.921,12680,12681,12681,3,3
2020-08-28 15:05:07.670,12681,12682,12682,1,1
2020-08-28 15:05:13.375,12681,12683,12681,1,-1
2020-08-28 15:05:15.962,12682,12683,12683,10,10
2020-08-28 15:05:15.963,12682,12683,12683,2,2
2020-08-28 15:05:17.637,12682,12684,12682,3,-3
2020-08-28 15:05:19.386,12681,12683,12681,1,-1
2020-08-28 15:05:22.783,12681,12682,12682,1,1
2020-08-28 15:05:26.479,12682,12683,12682,3,-3
2020-08-28 15:05:27.785,12682,12683,12683,2,2
2020-08-28 15:05:43.130,12683,12684,12683,5,-5
2020-08-28 15:05:44.208,12682,12684,12684,1,1
2020-08-28 15:05:49.938,12683,12684,12684,4,4
2020-08-28 15:05:51.113,12683,12685,12683,1,-1
2020-08-28 15:05:54.940,12683,12684,12684,3,3
2020-08-28 15:05:56.765,12683,12684,12684,1,1
2020-08-28 15:05:59.433,12684,12685,12685,17,17
2020-08-28 15:05:59.449,12684,12685,12685,2,2
2020-08-28 15:05:59.499,12685,12686,12685,2,-2
2020-08-28 15:05:59.499,12685,12686,12685,1,-1
2020-08-28 15:05:59.501,12685,12686,12685,1,-1
2020-08-28 15:05:59.820,12684,12686,12685,4,-4
2020-08-28 15:06:00.577,12685,12686,12686,8,8
2020-08-28 15:06:00.579,12685,12686,12686,2,2
2020-08-28 15:06:04.421,12686,12687,12686,1,-1
2020-08-28 15:06:09.270,12686,12687,12686,1,-1
2020-08-28 15:06:10.086,12686,12687,12686,1,-1
2020-08-28 15:06:10.798,12686,12687,12686,1,-1
2020-08-28 15:06:11.423,12686,12687,12687,1,1
2020-08-28 15:06:12.873,12686,12687,12687,7,7
2020-08-28 15:06:15.514,12687,12688,12688,1,1
2020-08-28 15:06:15.711,12687,12688,12687,1,-1
2020-08-28 15:06:15.948,12687,12688,12687,2,-2
2020-08-28 15:06:21.884,12687,12688,12688,1,1
2020-08-28 15:06:27.292,12687,12688,12687,1,-1
2020-08-28 15:06:27.292,12687,12688,12687,1,-1
2020-08-28 15:06:28.458,12686,12687,12686,1,-1
2020-08-28 15:06:29.003,12685,12687,12687,2,2
2020-08-28 15:06:33.269,12684,12685,12685,3,3
2020-08-28 15:06:35.263,12684,12685,12685,3,3
2020-08-28 15:06:38.363,12683,12684,12684,1,1
2020-08-28 15:06:46.132,12684,12686,12686,1,1
2020-08-28 15:06:46.671,12684,12686,12686,5,5
2020-08-28 15:06:48.856,12684,12685,12685,1,1
2020-08-28 15:07:01.026,12682,12684,12684,1,1
2020-08-28 15:07:07.841,12682,12683,12682,3,-3
2020-08-28 15:07:09.319,12682,12683,12682,1,-1
2020-08-28 15:07:10.877,12681,12683,12681,1,-1
2020-08-28 15:07:13.056,12681,12682,12681,2,-2
2020-08-28 15:07:13.189,12680,12682,12682,1,1
2020-08-28 15:07:14.809,12681,12682,12681,1,-1
2020-08-28 15:07:17.958,12680,12681,12681,1,1
2020-08-28 15:07:17.991,12680,12681,12681,1,1
2020-08-28 15:07:18.787,12680,12682,12680,1,-1
2020-08-28 15:07:18.789,12680,12682,12680,5,-5
2020-08-28 15:07:19.638,12680,12681,12680,1,-1
2020-08-28 15:07:20.147,12680,12681,12680,2,-2
2020-08-28 15:07:20.147,12680,12681,12680,11,-11
2020-08-28 15:07:20.148,12680,12681,12680,2,-2
2020-08-28 15:07:24.659,12679,12680,12680,1,1
2020-08-28 15:07:25.378,12679,12681,12679,1,-1
2020-08-28 15:07:25.537,12679,12680,12679,2,-2
2020-08-28 15:07:25.577,12679,12680,12679,2,-2
2020-08-28 15:07:26.508,12679,12680,12679,1,-1
2020-08-28 15:07:27.448,12678,12680,12680,3,3
2020-08-28 15:07:28.706,12678,12680,12678,1,-1
2020-08-28 15:07:28.827,12678,12679,12678,1,-1
2020-08-28 15:07:28.936,12678,12679,12679,1,1
2020-08-28 15:07:29.429,12678,12680,12678,3,-3
2020-08-28 15:07:29.883,12678,12679,12678,5,-5
2020-08-28 15:07:31.329,12677,12678,12678,1,1
2020-08-28 15:07:31.917,12677,12679,12677,3,-3
2020-08-28 15:07:35.419,12677,12678,12677,2,-2
2020-08-28 15:07:35.420,12677,12678,12677,5,-5
2020-08-28 15:07:35.559,12676,12677,12676,1,-1
2020-08-28 15:07:38.457,12676,12677,12676,2,-2
2020-08-28 15:07:38.736,12676,12677,12677,1,1
2020-08-28 15:07:41.158,12677,12678,12677,1,-1
2020-08-28 15:07:41.865,12677,12678,12677,1,-1
2020-08-28 15:07:42.448,12676,12677,12676,3,-3
2020-08-28 15:07:45.673,12676,12677,12677,1,1
2020-08-28 15:07:46.092,12676,12678,12676,1,-1
2020-08-28 15:07:52.411,12677,12678,12678,1,1
2020-08-28 15:07:54.459,12677,12678,12677,1,-1
2020-08-28 15:07:54.459,12677,12678,12676,3,-3
2020-08-28 15:07:55.284,12676,12677,12676,1,-1
2020-08-28 15:07:57.030,12676,12677,12676,4,-4
2020-08-28 15:07:57.030,12676,12677,12676,9,-9
2020-08-28 15:07:57.030,12676,12677,12676,3,-3
2020-08-28 15:07:57.706,12675,12676,12675,1,-1
2020-08-28 15:07:57.730,12675,12676,12675,1,-1
2020-08-28 15:07:58.868,12675,12676,12676,1,1
2020-08-28 15:07:58.868,12675,12676,12676,4,4
2020-08-28 15:08:01.087,12675,12676,12675,2,-2
2020-08-28 15:08:02.216,12675,12676,12675,2,-2
2020-08-28 15:08:04.401,12675,12676,12676,1,1
2020-08-28 15:08:04.496,12675,12676,12675,2,-2
2020-08-28 15:08:04.942,12675,12676,12675,1,-1
2020-08-28 15:08:12.039,12675,12676,12675,2,-2
2020-08-28 15:08:13.114,12675,12676,12675,3,-3
2020-08-28 15:08:14.293,12675,12676,12676,1,1
2020-08-28 15:08:14.393,12675,12676,12675,1,-1
2020-08-28 15:08:14.832,12675,12676,12676,9,9
2020-08-28 15:08:15.039,12676,12677,12676,1,-1
2020-08-28 15:08:17.769,12675,12676,12675,5,-5
2020-08-28 15:08:17.820,12675,12676,12675,5,-5
2020-08-28 15:08:17.821,12675,12676,12675,5,-5
2020-08-28 15:08:19.651,12674,12676,12676,1,1
2020-08-28 15:08:20.174,12674,12675,12675,5,5
2020-08-28 15:08:20.241,12674,12676,12675,1,-1
2020-08-28 15:08:20.899,12675,12677,12675,1,-1
2020-08-28 15:08:21.306,12675,12676,12675,1,-1
2020-08-28 15:08:21.325,12675,12676,12675,1,-1
2020-08-28 15:08:22.108,12675,12676,12675,2,-2
2020-08-28 15:08:26.415,12674,12675,12675,1,1
2020-08-28 15:08:26.481,12674,12676,12676,1,1
2020-08-28 15:08:28.163,12675,12676,12675,1,-1
2020-08-28 15:08:29.845,12675,12676,12675,1,-1
2020-08-28 15:08:31.582,12675,12676,12675,1,-1
2020-08-28 15:08:31.623,12674,12676,12676,3,3
2020-08-28 15:08:35.036,12674,12675,12675,1,1
2020-08-28 15:08:35.261,12674,12676,12676,1,1
2020-08-28 15:08:35.300,12674,12676,12676,1,1
2020-08-28 15:08:37.748,12675,12676,12675,1,-1
2020-08-28 15:08:38.200,12674,12675,12675,1,1
2020-08-28 15:08:39.399,12674,12675,12675,1,1
2020-08-28 15:08:40.715,12674,12675,12675,1,1
2020-08-28 15:08:41.232,12674,12675,12675,1,1
2020-08-28 15:08:43.989,12674,12675,12675,1,1
2020-08-28 15:08:44.992,12674,12675,12674,1,-1
2020-08-28 15:08:45.259,12674,12675,12674,1,-1
2020-08-28 15:08:45.260,12674,12675,12674,7,-7
2020-08-28 15:08:45.260,12674,12675,12674,1,-1
2020-08-28 15:08:46.157,12673,12674,12673,6,-6
2020-08-28 15:08:46.158,12673,12674,12673,9,-9
2020-08-28 15:08:46.282,12672,12673,12672,1,-1
2020-08-28 15:08:46.287,12672,12673,12672,1,-1
2020-08-28 15:08:46.295,12672,12673,12672,1,-1
2020-08-28 15:08:46.325,12672,12673,12672,1,-1
2020-08-28 15:08:46.333,12672,12673,12672,1,-1
2020-08-28 15:08:46.333,12672,12673,12672,11,-11
2020-08-28 15:08:46.333,12672,12673,12672,2,-2
2020-08-28 15:08:49.542,12671,12672,12671,1,-1
2020-08-28 15:08:49.988,12671,12672,12672,2,2
2020-08-28 15:08:51.053,12671,12672,12671,1,-1
2020-08-28 15:08:51.429,12671,12672,12672,6,6
2020-08-28 15:08:51.848,12672,12673,12672,1,-1
2020-08-28 15:08:52.075,12672,12673,12672,1,-1
2020-08-28 15:08:52.740,12672,12673,12672,1,-1
2020-08-28 15:08:54.217,12672,12673,12672,3,-3
2020-08-28 15:08:55.627,12672,12673,12672,1,-1
2020-08-28 15:08:56.792,12672,12673,12672,1,-1
2020-08-28 15:08:57.092,12672,12673,12672,1,-1
2020-08-28 15:08:57.465,12672,12673,12673,1,1
2020-08-28 15:08:58.600,12672,12673,12672,1,-1
2020-08-28 15:08:59.959,12671,12673,12673,2,2
2020-08-28 15:09:01.168,12672,12674,12672,2,-2
2020-08-28 15:09:02.372,12671,12673,12673,1,1
2020-08-28 15:09:02.500,12672,12673,12672,1,-1
2020-08-28 15:09:04.961,12672,12673,12673,1,1
2020-08-28 15:09:06.547,12673,12674,12673,1,-1
2020-08-28 15:09:07.126,12673,12674,12672,3,-3
2020-08-28 15:09:09.675,12673,12674,12673,1,1
2020-08-28 15:09:10.359,12673,12674,12673,1,-1
2020-08-28 15:09:11.188,12672,12674,12673,1,-1
2020-08-28 15:09:12.685,12672,12673,12672,1,-1
2020-08-28 15:09:13.810,12672,12673,12673,1,1
2020-08-28 15:09:14.352,12672,12673,12673,1,1
2020-08-28 15:09:16.257,12672,12673,12673,7,7
2020-08-28 15:09:17.337,12672,12673,12673,1,1
2020-08-28 15:09:17.364,12673,12674,12673,1,-1
2020-08-28 15:09:17.567,12673,12674,12673,1,-1
2020-08-28 15:09:20.229,12672,12673,12673,1,1
2020-08-28 15:09:20.256,12672,12673,12673,1,1
2020-08-28 15:09:20.958,12673,12674,12673,1,-1
2020-08-28 15:09:22.070,12673,12674,12673,1,-1
2020-08-28 15:09:22.866,12673,12674,12674,5,5
2020-08-28 15:09:24.772,12674,12675,12675,1,1
2020-08-28 15:09:27.868,12674,12675,12675,4,4
2020-08-28 15:09:29.690,12675,12676,12675,1,-1
2020-08-28 15:09:33.147,12674,12676,12674,2,-2
2020-08-28 15:09:33.173,12674,12676,12675,1,1
2020-08-28 15:09:34.801,12674,12676,12674,3,-3
2020-08-28 15:09:34.989,12673,12674,12674,2,2
2020-08-28 15:09:39.162,12673,12674,12674,1,1
2020-08-28 15:09:42.369,12673,12675,12673,2,-2
2020-08-28 15:09:47.741,12674,12675,12675,1,1
2020-08-28 15:09:48.734,12675,12676,12675,1,-1
2020-08-28 15:09:49.020,12674,12676,12674,3,-3
2020-08-28 15:09:50.033,12674,12676,12674,3,-3
2020-08-28 15:09:53.351,12675,12676,12676,7,7
2020-08-28 15:09:53.494,12676,12677,12676,1,-1
2020-08-28 15:09:58.985,12676,12677,12677,3,3
2020-08-28 15:09:59.096,12677,12678,12677,1,-1
2020-08-28 15:09:59.096,12677,12678,12677,1,-1
2020-08-28 15:09:59.097,12677,12678,12677,1,-1
2020-08-28 15:09:59.097,12677,12678,12676,1,-1
2020-08-28 15:09:59.169,12677,12678,12678,5,5
2020-08-28 15:09:59.746,12677,12678,12677,1,-1
2020-08-28 15:09:59.955,12676,12678,12678,1,1
2020-08-28 15:10:00.443,12676,12677,12676,1,-1
2020-08-28 15:10:00.515,12676,12677,12677,1,1
2020-08-28 15:10:06.851,12674,12675,12675,2,2
2020-08-28 15:10:08.923,12674,12676,12675,1,-1
2020-08-28 15:10:10.321,12674,12675,12675,2,2
2020-08-28 15:10:14.677,12674,12676,12674,1,-1
2020-08-28 15:10:15.524,12675,12677,12676,2,2
2020-08-28 15:10:15.914,12675,12677,12677,3,3
2020-08-28 15:10:16.015,12676,12678,12676,1,-1
2020-08-28 15:10:19.134,12675,12677,12675,2,-2
2020-08-28 15:10:19.659,12675,12677,12675,5,-5
2020-08-28 15:10:19.904,12675,12677,12677,1,1
2020-08-28 15:10:20.522,12675,12677,12675,1,-1
2020-08-28 15:10:21.115,12675,12677,12675,5,-5
2020-08-28 15:10:24.276,12675,12677,12675,1,-1
2020-08-28 15:10:24.551,12675,12677,12675,5,-5
2020-08-28 15:10:24.971,12674,12676,12674,5,-5
2020-08-28 15:10:26.599,12674,12675,12675,1,1
2020-08-28 15:10:27.834,12674,12675,12674,1,-1
2020-08-28 15:10:27.834,12674,12675,12674,1,-1
2020-08-28 15:10:30.976,12673,12674,12674,2,2
2020-08-28 15:10:37.164,12674,12675,12675,5,5
2020-08-28 15:10:37.467,12674,12676,12675,2,-2
2020-08-28 15:10:40.439,12675,12676,12675,1,-1
2020-08-28 15:10:46.290,12675,12676,12675,1,-1
2020-08-28 15:10:46.533,12675,12676,12675,1,-1
2020-08-28 15:10:47.633,12675,12676,12675,1,-1
2020-08-28 15:10:48.667,12675,12676,12675,1,-1
2020-08-28 15:10:50.557,12674,12675,12675,4,4
2020-08-28 15:10:51.094,12675,12676,12675,1,-1
2020-08-28 15:10:52.887,12674,12675,12675,1,1
2020-08-28 15:10:53.264,12674,12675,12674,2,-2
2020-08-28 15:10:59.707,12673,12675,12674,1,-1
2020-08-28 15:11:00.624,12674,12675,12674,1,-1
2020-08-28 15:11:04.953,12673,12674,12673,2,-2
2020-08-28 15:11:05.207,12673,12674,12673,3,-3
2020-08-28 15:11:05.208,12673,12674,12673,2,-2
2020-08-28 15:11:08.625,12672,12673,12672,7,-7
2020-08-28 15:11:10.366,12671,12672,12671,7,-7
2020-08-28 15:11:10.366,12671,12672,12671,12,-12
2020-08-28 15:11:10.367,12671,12672,12671,4,-4
2020-08-28 15:11:10.367,12671,12672,12671,3,-3
2020-08-28 15:11:10.367,12671,12672,12671,2,-2
2020-08-28 15:11:11.005,12670,12671,12670,1,-1
2020-08-28 15:11:12.921,12670,12671,12670,5,-5
2020-08-28 15:11:13.925,12670,12671,12670,1,-1
2020-08-28 15:11:14.033,12670,12671,12670,2,-2
2020-08-28 15:11:14.072,12670,12671,12670,2,-2
2020-08-28 15:11:14.097,12669,12670,12670,1,1
2020-08-28 15:11:14.097,12669,12670,12671,9,9
2020-08-28 15:11:14.975,12670,12672,12670,4,-4
2020-08-28 15:11:15.456,12670,12672,12670,1,-1
2020-08-28 15:11:15.953,12670,12672,12672,2,2
2020-08-28 15:11:18.017,12670,12671,12670,1,-1
2020-08-28 15:11:18.368,12670,12671,12671,1,1
2020-08-28 15:11:18.368,12670,12671,12672,2,2
2020-08-28 15:11:18.629,12671,12672,12671,1,-1
2020-08-28 15:11:23.208,12670,12671,12671,1,1
2020-08-28 15:11:23.219,12671,12672,12671,1,-1
2020-08-28 15:11:23.219,12671,12672,12671,1,-1
2020-08-28 15:11:23.219,12671,12672,12671,2,-2
2020-08-28 15:11:23.755,12671,12672,12671,1,-1
2020-08-28 15:11:24.720,12671,12672,12671,1,-1
2020-08-28 15:11:25.586,12670,12672,12670,5,-5
2020-08-28 15:11:26.407,12670,12672,12671,2,2
2020-08-28 15:11:30.788,12670,12671,12670,1,-1
2020-08-28 15:11:30.843,12670,12671,12670,1,-1
2020-08-28 15:11:30.844,12670,12671,12670,1,-1
2020-08-28 15:11:30.844,12670,12671,12670,1,-1
2020-08-28 15:11:30.844,12670,12671,12670,1,-1
2020-08-28 15:11:30.844,12670,12671,12669,1,-1
2020-08-28 15:11:30.844,12670,12671,12669,1,-1
2020-08-28 15:11:31.070,12669,12670,12669,1,-1
2020-08-28 15:11:31.263,12669,12671,12669,2,-2
2020-08-28 15:11:31.564,12669,12671,12671,1,1
2020-08-28 15:11:34.215,12669,12671,12669,1,-1
2020-08-28 15:11:34.532,12669,12671,12671,2,2
2020-08-28 15:11:34.802,12669,12671,12670,1,-1
2020-08-28 15:11:35.055,12670,12671,12670,1,-1
2020-08-28 15:11:36.010,12670,12671,12670,1,-1
2020-08-28 15:11:37.711,12670,12671,12670,1,-1
2020-08-28 15:11:37.718,12670,12671,12670,1,-1
2020-08-28 15:11:40.568,12670,12671,12670,1,-1
2020-08-28 15:11:41.826,12670,12671,12670,1,-1
2020-08-28 15:11:42.981,12670,12671,12671,2,2
2020-08-28 15:11:42.981,12670,12671,12671,19,19
2020-08-28 15:11:43.190,12671,12672,12671,1,-1
2020-08-28 15:11:43.191,12671,12672,12671,1,-1
2020-08-28 15:11:43.192,12671,12672,12671,1,-1
2020-08-28 15:11:43.193,12671,12672,12671,1,-1
2020-08-28 15:11:43.198,12671,12672,12672,2,2
2020-08-28 15:11:43.618,12671,12672,12671,1,-1
2020-08-28 15:11:46.915,12671,12672,12672,4,4
2020-08-28 15:11:51.929,12672,12673,12673,1,1
2020-08-28 15:11:51.930,12672,12673,12673,6,6
2020-08-28 15:11:56.293,12673,12674,12674,2,2
2020-08-28 15:11:56.297,12673,12674,12674,1,1
2020-08-28 15:11:56.297,12673,12674,12674,1,1
2020-08-28 15:11:56.590,12673,12675,12673,1,-1
2020-08-28 15:12:00.350,12673,12675,12673,3,-3
2020-08-28 15:12:03.407,12673,12674,12674,1,1
2020-08-28 15:12:03.817,12673,12675,12674,1,-1
2020-08-28 15:12:05.066,12673,12675,12675,5,5
2020-08-28 15:12:08.504,12673,12674,12673,1,-1
2020-08-28 15:12:08.817,12673,12674,12673,1,-1
2020-08-28 15:12:13.138,12672,12673,12672,1,-1
2020-08-28 15:12:18.193,12671,12672,12671,1,-1
2020-08-28 15:12:20.309,12671,12672,12672,3,3
2020-08-28 15:12:25.907,12671,12672,12672,1,1
2020-08-28 15:12:25.908,12671,12672,12672,2,2
2020-08-28 15:12:26.512,12672,12673,12673,1,1
2020-08-28 15:12:28.517,12673,12674,12674,2,2
2020-08-28 15:12:29.232,12673,12674,12674,1,1
2020-08-28 15:12:34.759,12674,12675,12675,6,6
2020-08-28 15:12:40.427,12674,12676,12674,1,-1
2020-08-28 15:12:40.600,12674,12675,12675,1,1
2020-08-28 15:12:40.601,12674,12675,12675,1,1
2020-08-28 15:12:48.260,12674,12675,12675,1,1
2020-08-28 15:13:02.455,12674,12675,12674,3,-3
2020-08-28 15:13:08.555,12673,12675,12673,1,-1
2020-08-28 15:13:13.638,12674,12675,12674,1,1
2020-08-28 15:13:15.218,12674,12675,12674,2,-2
2020-08-28 15:13:19.846,12673,12674,12674,1,1
2020-08-28 15:13:23.289,12672,12674,12674,1,1
2020-08-28 15:13:26.019,12673,12675,12673,1,-1
2020-08-28 15:13:28.990,12673,12674,12674,1,1
2020-08-28 15:13:30.436,12674,12675,12674,4,-4
2020-08-28 15:13:34.201,12674,12675,12674,1,-1
2020-08-28 15:13:44.135,12674,12675,12674,3,-3
2020-08-28 15:13:48.961,12674,12675,12674,1,-1
2020-08-28 15:13:51.233,12673,12674,12674,1,1
2020-08-28 15:13:51.897,12673,12675,12675,2,2
2020-08-28 15:13:53.343,12673,12675,12675,1,1
2020-08-28 15:13:56.521,12673,12674,12673,1,-1
2020-08-28 15:13:57.128,12672,12674,12674,1,1
2020-08-28 15:13:58.049,12672,12673,12673,1,1
2020-08-28 15:14:02.383,12672,12673,12672,2,-2
2020-08-28 15:14:04.093,12671,12673,12671,1,-1
2020-08-28 15:14:16.536,12672,12673,12672,1,1
2020-08-28 15:14:21.564,12671,12673,12672,1,-1
2020-08-28 15:14:26.162,12671,12672,12671,3,-3
2020-08-28 15:14:26.815,12670,12671,12670,1,-1
2020-08-28 15:14:29.576,12670,12671,12670,1,-1
2020-08-28 15:14:29.748,12670,12671,12670,1,-1
2020-08-28 15:14:30.291,12670,12671,12670,1,-1
2020-08-28 15:14:30.835,12670,12671,12670,2,-2
2020-08-28 15:14:35.063,12669,12670,12669,2,-2
2020-08-28 15:14:35.064,12669,12670,12669,11,-11
2020-08-28 15:14:35.285,12668,12669,12669,1,1
2020-08-28 15:14:36.051,12668,12669,12668,1,-1
2020-08-28 15:14:36.115,12668,12669,12668,1,-1
2020-08-28 15:14:36.116,12668,12669,12669,1,1
2020-08-28 15:14:36.148,12668,12669,12668,1,-1
2020-08-28 15:14:36.353,12668,12669,12668,1,-1
2020-08-28 15:14:36.561,12668,12669,12668,1,-1
2020-08-28 15:14:39.166,12668,12669,12668,1,-1
2020-08-28 15:14:39.866,12668,12669,12668,4,-4
2020-08-28 15:14:39.880,12668,12669,12668,1,-1
2020-08-28 15:14:41.705,12668,12669,12668,13,-13
2020-08-28 15:14:42.062,12667,12668,12667,4,-4
2020-08-28 15:14:42.278,12667,12668,12667,1,-1
2020-08-28 15:14:42.279,12667,12668,12667,1,-1
2020-08-28 15:14:43.961,12666,12668,12668,1,1
2020-08-28 15:14:45.303,12667,12668,12667,1,-1
2020-08-28 15:14:46.775,12667,12668,12667,1,-1
2020-08-28 15:14:46.775,12667,12668,12666,4,-4
2020-08-28 15:14:48.302,12666,12667,12667,1,1
2020-08-28 15:14:51.137,12667,12668,12667,2,-2
2020-08-28 15:14:51.885,12666,12668,12666,1,-1
2020-08-28 15:14:57.330,12666,12668,12667,1,1
2020-08-28 15:15:00.898,12666,12667,12666,2,-2
2020-08-28 15:15:00.898,12666,12667,12666,1,-1
2020-08-28 15:15:00.898,12666,12667,12666,2,-2
2020-08-28 15:15:00.898,12666,12667,12666,5,-5
2020-08-28 15:15:00.898,12666,12667,12666,3,-3
2020-08-28 15:15:00.898,12666,12667,12666,1,-1
2020-08-28 15:15:00.898,12666,12667,12666,13,-13
2020-08-28 15:15:00.898,12666,12667,12666,1,-1
2020-08-28 15:15:00.898,12666,12667,12666,2,-2
2020-08-28 15:15:01.018,12665,12666,12665,1,-1
2020-08-28 15:15:01.131,12665,12666,12665,1,-1
2020-08-28 15:15:01.287,12665,12666,12665,1,-1
2020-08-28 15:15:01.516,12665,12666,12665,4,-4
2020-08-28 15:15:01.819,12665,12666,12666,1,1
2020-08-28 15:15:03.320,12665,12666,12665,1,-1
2020-08-28 15:15:03.460,12665,12666,12666,1,1
2020-08-28 15:15:04.341,12665,12667,12665,1,-1
2020-08-28 15:15:08.551,12665,12666,12665,1,-1
2020-08-28 15:15:10.518,12665,12666,12665,1,-1
2020-08-28 15:15:12.411,12665,12666,12665,1,-1
2020-08-28 15:15:12.837,12665,12666,12665,1,-1
2020-08-28 15:15:12.914,12665,12666,12665,1,-1
2020-08-28 15:15:12.926,12665,12666,12665,1,-1
2020-08-28 15:15:13.011,12665,12666,12665,2,-2
2020-08-28 15:15:13.394,12664,12665,12665,3,3
2020-08-28 15:15:13.465,12664,12665,12665,5,5
2020-08-28 15:15:13.590,12665,12666,12666,2,2
2020-08-28 15:15:13.868,12665,12666,12665,2,-2
2020-08-28 15:15:15.164,12664,12665,12664,1,-1
2020-08-28 15:15:15.356,12664,12665,12665,1,1
2020-08-28 15:15:16.182,12664,12665,12665,1,1
2020-08-28 15:15:16.828,12665,12666,12665,1,-1
2020-08-28 15:15:17.024,12665,12666,12665,1,-1
2020-08-28 15:15:17.042,12665,12666,12666,1,1
2020-08-28 15:15:17.410,12665,12666,12666,2,2
2020-08-28 15:15:18.949,12665,12667,12665,1,-1
2020-08-28 15:15:20.537,12665,12666,12666,1,1
2020-08-28 15:15:24.719,12665,12667,12665,1,-1
2020-08-28 15:15:26.881,12665,12666,12665,11,-11
2020-08-28 15:15:26.881,12665,12666,12665,3,-3
2020-08-28 15:15:27.172,12664,12666,12666,1,1
2020-08-28 15:15:27.632,12664,12666,12664,1,-1
2020-08-28 15:15:28.492,12664,12666,12666,1,1
2020-08-28 15:15:28.715,12665,12666,12666,4,4
2020-08-28 15:15:29.929,12665,12667,12665,10,-10
2020-08-28 15:15:30.014,12664,12665,12665,5,5
2020-08-28 15:15:30.090,12665,12666,12666,1,1
2020-08-28 15:15:30.138,12665,12666,12665,3,-3
2020-08-28 15:15:36.090,12666,12667,12667,4,4
2020-08-28 15:15:36.215,12667,12668,12668,4,4
2020-08-28 15:15:37.590,12668,12669,12669,3,3
2020-08-28 15:15:40.861,12667,12669,12669,1,1
2020-08-28 15:15:42.203,12668,12669,12669,2,2
2020-08-28 15:15:46.243,12668,12669,12669,1,1
2020-08-28 15:15:46.243,12668,12669,12670,2,2
2020-08-28 15:15:47.432,12668,12669,12669,1,1
2020-08-28 15:15:48.943,12668,12669,12669,1,1
2020-08-28 15:15:56.638,12669,12670,12670,1,1
2020-08-28 15:15:57.785,12669,12670,12669,4,-4
2020-08-28 15:15:57.978,12668,12670,12670,1,1
2020-08-28 15:15:57.988,12668,12670,12670,5,5
2020-08-28 15:15:58.916,12669,12670,12669,5,-5
2020-08-28 15:15:59.326,12669,12670,12670,1,1
2020-08-28 15:16:00.066,12669,12670,12670,1,1
2020-08-28 15:16:01.105,12669,12670,12670,2,2
2020-08-28 15:16:01.107,12669,12670,12670,1,1
2020-08-28 15:16:01.132,12669,12670,12671,1,1
2020-08-28 15:16:01.227,12670,12671,12671,1,1
2020-08-28 15:16:01.275,12670,12671,12671,1,1
2020-08-28 15:16:01.543,12670,12672,12670,3,-3
2020-08-28 15:16:02.192,12670,12671,12670,1,-1
2020-08-28 15:16:05.432,12670,12671,12671,1,1
2020-08-28 15:16:05.769,12671,12672,12671,2,-2
2020-08-28 15:16:08.403,12671,12672,12672,3,3
2020-08-28 15:16:08.621,12672,12673,12672,7,-7
2020-08-28 15:16:10.268,12671,12672,12672,10,10
2020-08-28 15:16:10.343,12671,12673,12673,1,1
2020-08-28 15:16:14.626,12671,12672,12672,1,1
2020-08-28 15:16:14.626,12671,12672,12673,1,1
2020-08-28 15:16:17.090,12671,12672,12672,1,1
2020-08-28 15:16:18.154,12671,12672,12672,1,1
2020-08-28 15:16:18.219,12671,12672,12672,1,1
2020-08-28 15:16:18.219,12671,12672,12673,1,1
2020-08-28 15:16:18.220,12671,12672,12673,1,1
2020-08-28 15:16:18.220,12671,12672,12673,1,1
2020-08-28 15:16:18.220,12671,12672,12673,1,1
2020-08-28 15:16:18.221,12671,12672,12673,1,1
2020-08-28 15:16:18.221,12671,12672,12674,1,1
2020-08-28 15:16:18.221,12671,12672,12674,1,1
2020-08-28 15:16:20.010,12673,12674,12673,1,-1
2020-08-28 15:16:23.533,12672,12674,12672,1,-1
2020-08-28 15:16:27.707,12672,12673,12673,1,1
2020-08-28 15:16:32.071,12671,12672,12672,1,1
2020-08-28 15:16:32.071,12671,12672,12673,7,7
2020-08-28 15:16:32.094,12672,12673,12673,1,1
2020-08-28 15:16:32.094,12672,12673,12673,1,1
2020-08-28 15:16:32.095,12672,12673,12673,1,1
2020-08-28 15:16:32.095,12672,12673,12673,1,1
2020-08-28 15:16:32.095,12672,12673,12673,1,1
2020-08-28 15:16:32.095,12672,12673,12674,1,1
2020-08-28 15:16:40.019,12672,12673,12673,2,2
2020-08-28 15:16:41.433,12672,12673,12673,1,1
2020-08-28 15:16:41.470,12672,12673,12673,1,1
2020-08-28 15:16:47.566,12673,12674,12673,1,-1
2020-08-28 15:16:48.238,12672,12674,12672,1,-1
2020-08-28 15:16:49.141,12672,12673,12672,4,-4
2020-08-28 15:16:49.534,12671,12672,12671,2,-2
2020-08-28 15:16:53.015,12670,12671,12670,3,-3
2020-08-28 15:17:01.590,12669,12671,12669,1,-1
2020-08-28 15:17:02.338,12669,12671,12670,4,4
2020-08-28 15:17:05.126,12670,12671,12671,2,2
2020-08-28 15:17:07.843,12671,12672,12671,1,-1
2020-08-28 15:17:08.963,12671,12672,12672,1,1
2020-08-28 15:17:08.963,12671,12672,12672,1,1
2020-08-28 15:17:09.693,12672,12673,12673,3,3
2020-08-28 15:17:16.052,12672,12674,12672,3,-3
2020-08-28 15:17:25.317,12671,12672,12671,1,-1
2020-08-28 15:17:32.552,12670,12671,12671,2,2
2020-08-28 15:17:32.555,12670,12671,12670,5,-5
2020-08-28 15:17:32.869,12669,12671,12669,1,-1
2020-08-28 15:17:34.315,12669,12670,12669,1,-1
2020-08-28 15:17:34.972,12668,12670,12670,5,5
2020-08-28 15:17:36.002,12669,12670,12669,1,-1
2020-08-28 15:17:42.489,12669,12670,12669,4,-4
2020-08-28 15:17:42.490,12669,12670,12669,2,-2
2020-08-28 15:17:42.563,12669,12670,12668,2,-2
2020-08-28 15:17:42.877,12668,12669,12669,6,6
2020-08-28 15:17:47.088,12668,12669,12669,1,1
2020-08-28 15:17:50.440,12669,12670,12670,5,5
2020-08-28 15:17:56.502,12669,12670,12670,5,5
2020-08-28 15:18:01.703,12669,12670,12670,5,5
2020-08-28 15:18:05.269,12670,12671,12670,2,-2
2020-08-28 15:18:07.436,12669,12671,12671,2,2
2020-08-28 15:18:12.105,12669,12670,12670,5,5
2020-08-28 15:18:12.277,12669,12670,12669,3,-3
2020-08-28 15:18:12.863,12669,12670,12669,1,-1
2020-08-28 15:18:13.146,12668,12669,12669,1,1
2020-08-28 15:18:13.829,12668,12669,12669,5,5
2020-08-28 15:18:14.577,12668,12669,12669,2,2
2020-08-28 15:18:17.204,12668,12669,12668,2,-2
2020-08-28 15:18:18.617,12668,12669,12668,3,-3
2020-08-28 15:18:19.208,12668,12669,12669,3,3
2020-08-28 15:18:19.208,12668,12669,12670,2,2
2020-08-28 15:18:23.176,12668,12670,12670,5,5
2020-08-28 15:18:24.462,12668,12669,12669,1,1
2020-08-28 15:18:24.462,12668,12669,12670,4,4
2020-08-28 15:18:25.115,12668,12670,12670,1,1
2020-08-28 15:18:28.123,12668,12669,12669,1,1
2020-08-28 15:18:28.123,12668,12669,12670,4,4
2020-08-28 15:18:29.968,12668,12669,12669,2,2
2020-08-28 15:18:30.160,12668,12670,12669,1,-1
2020-08-28 15:18:30.160,12668,12670,12670,3,3
2020-08-28 15:18:30.160,12668,12670,12671,2,2
2020-08-28 15:18:36.322,12669,12670,12670,3,3
2020-08-28 15:18:36.452,12669,12671,12671,2,2
2020-08-28 15:18:36.452,12669,12671,12671,3,3
2020-08-28 15:18:38.356,12669,12671,12671,5,5
2020-08-28 15:18:46.903,12670,12671,12671,1,1
2020-08-28 15:18:47.194,12671,12672,12671,1,-1
2020-08-28 15:18:48.046,12671,12672,12671,3,-3
2020-08-28 15:18:48.134,12670,12671,12671,1,1
2020-08-28 15:18:48.371,12670,12671,12671,1,1
2020-08-28 15:18:48.371,12670,12671,12672,4,4
2020-08-28 15:18:50.689,12671,12672,12672,5,5
2020-08-28 15:19:01.832,12672,12673,12673,1,1
2020-08-28 15:19:01.832,12672,12673,12674,1,1
2020-08-28 15:19:01.894,12673,12674,12674,3,3
2020-08-28 15:19:02.724,12673,12674,12674,5,5
2020-08-28 15:19:02.834,12673,12674,12675,1,1
2020-08-28 15:19:02.841,12673,12675,12675,1,1
2020-08-28 15:19:02.847,12673,12675,12675,3,3
2020-08-28 15:19:05.263,12674,12675,12674,10,-10
2020-08-28 15:19:05.656,12672,12674,12672,5,-5
2020-08-28 15:19:05.780,12672,12674,12674,2,2
2020-08-28 15:19:11.576,12671,12673,12673,1,1
2020-08-28 15:19:13.392,12671,12672,12672,2,2
2020-08-28 15:19:15.277,12671,12672,12672,2,2
2020-08-28 15:19:15.858,12672,12673,12672,1,-1
2020-08-28 15:19:18.443,12672,12673,12672,1,-1
2020-08-28 15:19:18.752,12671,12672,12672,1,1
2020-08-28 15:19:20.504,12671,12672,12672,1,1
2020-08-28 15:19:21.575,12671,12672,12672,1,1
2020-08-28 15:19:23.406,12671,12672,12672,1,1
2020-08-28 15:19:23.407,12671,12672,12672,5,5
2020-08-28 15:19:26.726,12672,12674,12672,1,-1
2020-08-28 15:19:30.072,12672,12674,12672,10,-10
2020-08-28 15:19:34.164,12673,12674,12674,9,9
2020-08-28 15:19:34.164,12673,12674,12674,3,3
2020-08-28 15:19:35.194,12673,12675,12673,10,-10
2020-08-28 15:19:40.024,12673,12674,12674,3,3
2020-08-28 15:19:42.949,12673,12674,12673,1,-1
2020-08-28 15:19:43.117,12673,12674,12673,1,-1
2020-08-28 15:19:43.651,12672,12673,12673,1,1
2020-08-28 15:19:43.653,12672,12673,12672,4,-4
2020-08-28 15:19:49.175,12672,12673,12673,1,1
2020-08-28 15:19:49.175,12672,12673,12673,7,7
2020-08-28 15:19:49.175,12672,12673,12673,1,1
2020-08-28 15:19:54.038,12673,12674,12673,9,-9
2020-08-28 15:19:54.039,12673,12674,12673,1,-1
2020-08-28 15:19:59.107,12673,12674,12674,1,1
2020-08-28 15:19:59.107,12673,12674,12674,1,1
2020-08-28 15:19:59.115,12673,12674,12675,2,2
2020-08-28 15:19:59.155,12673,12674,12675,2,2
2020-08-28 15:19:59.629,12674,12675,12675,1,1
2020-08-28 15:19:59.652,12674,12675,12675,1,1
2020-08-28 15:19:59.665,12674,12675,12675,1,1
2020-08-28 15:19:59.688,12674,12675,12675,2,2
2020-08-28 15:20:01.026,12674,12675,12674,1,-1
2020-08-28 15:20:01.819,12673,12675,12673,1,-1
2020-08-28 15:20:02.048,12673,12675,12673,1,-1
2020-08-28 15:20:02.647,12673,12675,12675,1,1
2020-08-28 15:20:13.766,12673,12674,12673,1,-1
2020-08-28 15:20:13.766,12673,12674,12673,1,-1
2020-08-28 15:20:13.766,12673,12674,12673,1,-1
2020-08-28 15:20:13.766,12673,12674,12673,3,-3
2020-08-28 15:20:13.766,12673,12674,12673,3,-3
2020-08-28 15:20:14.076,12672,12673,12672,1,-1
2020-08-28 15:20:14.335,12671,12673,12673,1,1
2020-08-28 15:20:15.336,12671,12673,12673,1,1
2020-08-28 15:20:16.926,12671,12673,12673,1,1
2020-08-28 15:20:24.373,12671,12672,12672,1,1
2020-08-28 15:20:29.272,12671,12672,12671,1,-1
2020-08-28 15:20:29.272,12671,12672,12671,1,-1
2020-08-28 15:20:29.273,12671,12672,12671,2,-2
2020-08-28 15:20:29.273,12671,12672,12671,1,-1
2020-08-28 15:20:29.273,12671,12672,12671,1,-1
2020-08-28 15:20:29.273,12671,12672,12671,1,-1
2020-08-28 15:20:35.011,12670,12671,12671,2,2
2020-08-28 15:20:49.225,12671,12672,12671,1,-1
2020-08-28 15:20:55.181,12670,12671,12671,1,1
2020-08-28 15:20:58.435,12670,12671,12670,1,-1
2020-08-28 15:21:01.114,12670,12671,12671,1,1
2020-08-28 15:21:02.206,12670,12671,12670,5,-5
2020-08-28 15:21:02.386,12670,12671,12670,2,-2
2020-08-28 15:21:25.782,12669,12670,12670,1,1
2020-08-28 15:21:26.689,12669,12670,12670,1,1
2020-08-28 15:21:26.719,12669,12670,12670,1,1
2020-08-28 15:21:38.252,12669,12670,12670,1,1
2020-08-28 15:21:38.321,12669,12670,12670,2,2
2020-08-28 15:21:38.344,12669,12671,12671,1,1
2020-08-28 15:21:40.811,12670,12671,12671,1,1
2020-08-28 15:21:46.095,12670,12671,12671,2,2
2020-08-28 15:21:48.125,12670,12672,12670,1,-1
2020-08-28 15:21:56.262,12670,12671,12670,2,-2
2020-08-28 15:21:58.090,12670,12671,12670,3,-3
2020-08-28 15:22:04.174,12669,12670,12669,1,-1
2020-08-28 15:22:07.229,12669,12670,12669,1,-1
2020-08-28 15:22:10.734,12669,12670,12669,1,-1
2020-08-28 15:22:14.766,12669,12670,12669,1,-1
2020-08-28 15:22:17.430,12669,12670,12669,4,-4
2020-08-28 15:22:20.015,12669,12670,12670,1,1
2020-08-28 15:22:20.543,12669,12670,12669,1,-1
2020-08-28 15:22:30.494,12668,12669,12669,1,1
2020-08-28 15:22:36.734,12668,12669,12668,2,-2
2020-08-28 15:22:36.939,12668,12669,12668,2,-2
2020-08-28 15:22:42.376,12667,12668,12667,3,-3
2020-08-28 15:22:46.208,12666,12667,12666,1,-1
2020-08-28 15:22:48.106,12666,12667,12666,1,-1
2020-08-28 15:22:48.177,12666,12667,12667,1,1
2020-08-28 15:22:51.365,12666,12667,12666,2,-2
2020-08-28 15:22:55.374,12666,12667,12666,3,-3
2020-08-28 15:22:55.374,12666,12667,12666,6,-6
2020-08-28 15:22:57.603,12665,12666,12665,8,-8
2020-08-28 15:22:57.603,12665,12666,12665,4,-4
2020-08-28 15:22:58.237,12664,12665,12664,2,-2
2020-08-28 15:22:59.009,12664,12665,12664,3,-3
2020-08-28 15:23:00.187,12664,12665,12664,1,-1
2020-08-28 15:23:01.215,12664,12665,12664,12,-12
2020-08-28 15:23:01.310,12664,12665,12663,2,-2
2020-08-28 15:23:01.388,12663,12664,12663,2,-2
2020-08-28 15:23:01.395,12663,12664,12663,1,-1
2020-08-28 15:23:01.483,12663,12664,12663,1,-1
2020-08-28 15:23:01.556,12663,12664,12664,1,1
2020-08-28 15:23:02.274,12662,12663,12662,4,-4
2020-08-28 15:23:02.346,12662,12663,12663,2,2
2020-08-28 15:23:02.872,12662,12664,12662,2,-2
2020-08-28 15:23:06.617,12663,12664,12663,5,5
2020-08-28 15:23:12.796,12663,12664,12664,7,7
2020-08-28 15:23:12.997,12663,12665,12663,8,-8
2020-08-28 15:23:13.532,12663,12665,12663,5,-5
2020-08-28 15:23:14.861,12663,12665,12663,1,-1
2020-08-28 15:23:15.379,12663,12665,12663,1,-1
2020-08-28 15:23:17.815,12663,12664,12664,1,1
2020-08-28 15:23:23.480,12664,12665,12665,1,1
2020-08-28 15:23:23.562,12664,12665,12665,2,2
2020-08-28 15:23:24.216,12664,12665,12664,2,-2
2020-08-28 15:23:25.337,12663,12664,12663,1,-1
2020-08-28 15:23:27.371,12663,12664,12663,3,-3
2020-08-28 15:23:32.090,12662,12663,12662,6,-6
2020-08-28 15:23:32.385,12661,12663,12663,1,1
2020-08-28 15:23:33.255,12661,12662,12661,1,-1
2020-08-28 15:23:33.348,12661,12662,12661,1,-1
2020-08-28 15:23:33.358,12661,12662,12661,5,-5
2020-08-28 15:23:33.477,12661,12662,12662,1,1
2020-08-28 15:23:35.981,12661,12662,12661,1,-1
2020-08-28 15:23:36.180,12661,12662,12662,1,1
2020-08-28 15:23:37.572,12661,12662,12661,1,-1
2020-08-28 15:23:37.696,12661,12662,12661,1,-1
2020-08-28 15:23:38.277,12661,12662,12661,1,-1
2020-08-28 15:23:38.463,12661,12662,12661,1,-1
2020-08-28 15:23:41.176,12661,12662,12661,10,-10
2020-08-28 15:23:41.178,12661,12662,12661,10,-10
2020-08-28 15:23:41.178,12661,12662,12661,3,-3
2020-08-28 15:23:43.986,12660,12661,12660,1,-1
2020-08-28 15:23:44.134,12660,12661,12660,3,-3
2020-08-28 15:23:44.755,12660,12661,12660,1,-1
2020-08-28 15:23:45.279,12660,12661,12660,2,-2
2020-08-28 15:23:46.752,12660,12661,12660,1,-1
2020-08-28 15:23:47.311,12660,12661,12660,8,-8
2020-08-28 15:23:47.664,12660,12661,12660,1,-1
2020-08-28 15:23:48.399,12660,12661,12660,4,-4
2020-08-28 15:23:48.399,12660,12661,12660,3,-3
2020-08-28 15:23:48.399,12660,12661,12660,4,-4
2020-08-28 15:23:48.610,12659,12660,12660,1,1
2020-08-28 15:23:48.683,12659,12660,12659,1,-1
2020-08-28 15:23:49.395,12659,12660,12659,1,-1
2020-08-28 15:23:49.396,12659,12660,12659,9,-9
2020-08-28 15:23:49.396,12659,12660,12658,1,-1
2020-08-28 15:23:49.440,12659,12660,12660,2,2
2020-08-28 15:23:49.580,12659,12661,12659,2,-2
2020-08-28 15:23:50.715,12659,12661,12659,1,-1
2020-08-28 15:23:51.621,12660,12661,12661,1,1
2020-08-28 15:23:51.911,12660,12661,12660,1,-1
2020-08-28 15:23:53.342,12659,12661,12659,1,-1
2020-08-28 15:23:55.114,12659,12661,12659,1,-1
2020-08-28 15:23:57.006,12659,12660,12659,1,-1
2020-08-28 15:23:59.746,12659,12660,12659,1,-1
2020-08-28 15:24:00.233,12659,12660,12659,1,-1
2020-08-28 15:24:00.365,12659,12660,12659,1,-1
2020-08-28 15:24:00.438,12659,12660,12659,2,-2
2020-08-28 15:24:00.967,12659,12660,12659,4,-4
2020-08-28 15:24:01.164,12659,12660,12659,1,-1
2020-08-28 15:24:01.746,12659,12660,12659,1,-1
2020-08-28 15:24:04.102,12659,12660,12660,4,4
2020-08-28 15:24:04.591,12660,12661,12660,1,-1
2020-08-28 15:24:04.673,12660,12661,12660,1,-1
2020-08-28 15:24:05.261,12660,12661,12660,1,-1
2020-08-28 15:24:05.378,12660,12661,12661,8,8
2020-08-28 15:24:07.229,12661,12662,12662,1,1
2020-08-28 15:24:07.681,12661,12662,12661,5,-5
2020-08-28 15:24:07.913,12661,12662,12662,3,3
2020-08-28 15:24:07.965,12661,12662,12662,4,4
2020-08-28 15:24:09.286,12661,12663,12661,5,-5
2020-08-28 15:24:11.896,12662,12663,12662,1,1
2020-08-28 15:24:13.676,12661,12662,12662,1,1
2020-08-28 15:24:14.064,12662,12663,12662,1,-1
2020-08-28 15:24:22.016,12662,12663,12662,1,-1
2020-08-28 15:24:22.475,12661,12662,12661,1,-1
2020-08-28 15:24:22.658,12661,12662,12662,1,1
2020-08-28 15:24:24.215,12661,12662,12662,1,1
2020-08-28 15:24:24.249,12661,12662,12661,5,-5
2020-08-28 15:24:24.249,12661,12662,12660,8,-8
2020-08-28 15:24:25.889,12660,12662,12662,1,1
2020-08-28 15:24:26.135,12660,12662,12662,1,1
2020-08-28 15:24:32.310,12661,12662,12662,1,1
2020-08-28 15:24:37.852,12661,12662,12662,1,1
2020-08-28 15:24:41.034,12661,12662,12661,1,-1
2020-08-28 15:24:42.884,12661,12662,12662,1,1
2020-08-28 15:24:46.337,12661,12662,12661,1,-1
2020-08-28 15:24:52.388,12661,12662,12662,1,1
2020-08-28 15:24:52.454,12661,12662,12661,1,-1
2020-08-28 15:24:52.746,12661,12662,12662,1,1
2020-08-28 15:24:55.579,12661,12662,12661,1,-1
2020-08-28 15:24:57.385,12661,12662,12661,2,-2
2020-08-28 15:25:01.085,12661,12662,12662,12,12
2020-08-28 15:25:01.499,12662,12663,12662,1,-1
2020-08-28 15:25:01.506,12662,12663,12662,1,-1
2020-08-28 15:25:12.698,12661,12662,12661,1,-1
2020-08-28 15:25:12.698,12661,12662,12660,4,-4
2020-08-28 15:25:13.068,12660,12662,12662,1,1
2020-08-28 15:25:14.004,12660,12662,12662,1,1
2020-08-28 15:25:14.268,12660,12662,12660,5,-5
2020-08-28 15:25:14.875,12660,12661,12661,1,1
2020-08-28 15:25:15.473,12661,12662,12661,1,-1
2020-08-28 15:25:16.438,12660,12661,12660,1,-1
2020-08-28 15:25:17.663,12660,12661,12660,1,-1
2020-08-28 15:25:18.166,12660,12661,12660,1,-1
2020-08-28 15:25:19.151,12660,12661,12660,1,-1
2020-08-28 15:25:22.534,12660,12661,12661,5,5
2020-08-28 15:25:24.710,12660,12661,12660,1,-1
2020-08-28 15:25:24.807,12660,12661,12660,8,-8
2020-08-28 15:25:24.807,12660,12661,12660,4,-4
2020-08-28 15:25:24.807,12660,12661,12660,3,-3
2020-08-28 15:25:26.090,12659,12660,12659,8,-8
2020-08-28 15:25:26.715,12658,12659,12658,2,-2
2020-08-28 15:25:26.865,12658,12659,12658,5,-5
2020-08-28 15:25:26.865,12658,12659,12658,5,-5
2020-08-28 15:25:26.865,12658,12659,12658,4,-4
2020-08-28 15:25:27.904,12657,12658,12657,3,-3
2020-08-28 15:25:27.993,12657,12658,12657,1,-1
2020-08-28 15:25:28.063,12657,12658,12657,1,-1
2020-08-28 15:25:28.111,12657,12658,12657,1,-1
2020-08-28 15:25:28.323,12657,12658,12658,5,5
2020-08-28 15:25:29.635,12657,12658,12658,1,1
2020-08-28 15:25:30.198,12657,12658,12657,1,-1
2020-08-28 15:25:30.287,12657,12658,12657,1,-1
2020-08-28 15:25:30.824,12657,12658,12658,1,1
2020-08-28 15:25:32.151,12657,12658,12657,1,-1
2020-08-28 15:25:32.666,12657,12658,12657,2,-2
2020-08-28 15:25:33.243,12657,12658,12657,1,-1
2020-08-28 15:25:33.365,12657,12658,12657,1,-1
2020-08-28 15:25:35.188,12657,12658,12657,2,-2
2020-08-28 15:25:36.607,12657,12658,12658,1,1
2020-08-28 15:25:36.798,12658,12659,12658,1,-1
2020-08-28 15:25:37.345,12658,12659,12658,1,-1
2020-08-28 15:25:41.631,12657,12658,12658,1,1
2020-08-28 15:25:48.953,12658,12659,12659,3,3
2020-08-28 15:25:50.889,12659,12660,12660,1,1
2020-08-28 15:25:52.619,12659,12660,12659,2,-2
2020-08-28 15:25:52.719,12659,12660,12659,1,-1
2020-08-28 15:25:53.992,12659,12660,12660,5,5
2020-08-28 15:25:54.122,12659,12660,12659,1,-1
2020-08-28 15:25:54.289,12659,12660,12660,1,1
2020-08-28 15:25:54.681,12659,12660,12660,4,4
2020-08-28 15:25:56.536,12660,12661,12661,5,5
2020-08-28 15:25:57.039,12661,12662,12661,1,-1
2020-08-28 15:25:58.826,12661,12662,12662,1,1
2020-08-28 15:26:01.937,12661,12662,12661,2,-2
2020-08-28 15:26:04.845,12660,12662,12662,2,2
2020-08-28 15:26:05.869,12661,12662,12661,1,-1
2020-08-28 15:26:05.869,12661,12662,12660,2,-2
2020-08-28 15:26:10.366,12660,12661,12661,3,3
2020-08-28 15:26:13.251,12660,12661,12661,8,8
2020-08-28 15:26:15.921,12660,12662,12661,5,-5
2020-08-28 15:26:20.054,12661,12662,12661,2,-2
2020-08-28 15:26:20.836,12661,12662,12661,2,-2
2020-08-28 15:26:27.633,12661,12662,12661,1,-1
2020-08-28 15:26:28.136,12660,12661,12660,2,-2
2020-08-28 15:26:29.792,12660,12661,12661,1,1
2020-08-28 15:26:39.587,12660,12661,12660,2,-2
2020-08-28 15:26:43.102,12660,12661,12660,10,-10
2020-08-28 15:26:48.597,12660,12661,12660,1,-1
2020-08-28 15:26:49.689,12660,12661,12661,4,4
2020-08-28 15:26:49.689,12660,12661,12661,2,2
2020-08-28 15:26:49.690,12660,12661,12661,7,7
2020-08-28 15:26:54.232,12661,12662,12661,2,-2
2020-08-28 15:26:54.622,12661,12662,12662,10,10
2020-08-28 15:26:54.851,12661,12662,12661,1,-1
2020-08-28 15:26:55.229,12661,12662,12661,1,-1
2020-08-28 15:26:56.225,12661,12662,12662,2,2
2020-08-28 15:26:58.022,12662,12663,12663,10,10
2020-08-28 15:26:58.656,12662,12663,12663,5,5
2020-08-28 15:26:58.660,12662,12663,12664,2,2
2020-08-28 15:26:58.808,12663,12664,12664,1,1
2020-08-28 15:26:59.964,12663,12664,12664,1,1
2020-08-28 15:27:01.641,12663,12664,12663,1,-1
2020-08-28 15:27:01.641,12663,12664,12663,4,-4
2020-08-28 15:27:02.203,12662,12663,12663,3,3
2020-08-28 15:27:06.138,12663,12664,12663,1,-1
2020-08-28 15:27:07.925,12661,12662,12662,1,1
2020-08-28 15:27:12.205,12661,12662,12661,4,-4
2020-08-28 15:27:30.533,12661,12662,12662,1,1
2020-08-28 15:27:31.109,12661,12663,12661,1,-1
2020-08-28 15:27:36.523,12661,12662,12662,1,1
2020-08-28 15:27:36.862,12661,12663,12661,1,-1
2020-08-28 15:27:39.099,12662,12663,12663,1,1
2020-08-28 15:27:40.523,12662,12663,12663,1,1
2020-08-28 15:27:40.578,12662,12663,12663,1,1
2020-08-28 15:27:46.672,12662,12663,12663,1,1
2020-08-28 15:27:46.672,12662,12663,12663,3,3
2020-08-28 15:27:48.787,12662,12664,12664,5,5
2020-08-28 15:27:51.866,12663,12664,12664,1,1
2020-08-28 15:27:51.866,12663,12664,12664,2,2
2020-08-28 15:27:55.771,12664,12665,12665,5,5
2020-08-28 15:27:56.014,12664,12665,12665,3,3
2020-08-28 15:27:56.019,12664,12665,12665,2,2
2020-08-28 15:27:56.019,12664,12665,12665,2,2
2020-08-28 15:27:56.648,12664,12666,12664,3,-3
2020-08-28 15:27:59.031,12664,12666,12666,2,2
2020-08-28 15:28:05.262,12664,12666,12664,1,-1
2020-08-28 15:28:07.521,12664,12665,12665,1,1
2020-08-28 15:28:07.522,12664,12665,12664,1,-1
2020-08-28 15:28:07.524,12664,12665,12664,2,-2
2020-08-28 15:28:08.959,12663,12664,12664,10,10
2020-08-28 15:28:13.916,12664,12665,12665,7,7
2020-08-28 15:28:15.232,12665,12666,12665,1,-1
2020-08-28 15:28:18.354,12665,12666,12665,1,-1
2020-08-28 15:28:22.234,12665,12666,12665,3,-3
2020-08-28 15:28:23.362,12665,12666,12666,10,10
2020-08-28 15:28:23.886,12665,12666,12666,10,10
2020-08-28 15:28:29.131,12665,12666,12666,1,1
2020-08-28 15:28:32.075,12666,12667,12666,5,-5
2020-08-28 15:28:32.075,12666,12667,12666,5,-5
2020-08-28 15:28:33.126,12665,12666,12666,1,1
2020-08-28 15:28:35.237,12665,12666,12666,3,3
2020-08-28 15:28:35.536,12666,12667,12666,1,-1
2020-08-28 15:28:38.253,12666,12667,12666,6,-6
2020-08-28 15:28:38.818,12665,12666,12666,1,1
2020-08-28 15:28:41.042,12665,12666,12666,1,1
2020-08-28 15:28:41.799,12666,12667,12666,5,-5
2020-08-28 15:28:50.778,12666,12667,12667,14,14
2020-08-28 15:28:51.210,12667,12668,12667,2,-2
2020-08-28 15:28:52.915,12667,12668,12668,1,1
2020-08-28 15:28:54.379,12667,12668,12667,2,-2
2020-08-28 15:29:00.209,12667,12668,12668,1,1
2020-08-28 15:29:00.333,12667,12668,12667,1,-1
2020-08-28 15:29:01.653,12667,12668,12667,2,-2
2020-08-28 15:29:02.188,12667,12668,12667,2,-2
2020-08-28 15:29:04.015,12666,12667,12666,6,-6
2020-08-28 15:29:04.015,12666,12667,12666,3,-3
2020-08-28 15:29:06.100,12665,12666,12666,3,3
2020-08-28 15:29:06.851,12665,12667,12667,1,1
2020-08-28 15:29:10.524,12665,12666,12666,1,1
2020-08-28 15:29:12.750,12666,12667,12666,1,-1
2020-08-28 15:29:12.960,12666,12667,12666,1,-1
2020-08-28 15:29:13.672,12665,12666,12666,1,1
2020-08-28 15:29:16.572,12665,12667,12665,1,-1
2020-08-28 15:29:21.211,12665,12667,12665,1,-1
2020-08-28 15:29:24.761,12665,12667,12667,1,1
2020-08-28 15:29:25.457,12666,12667,12666,1,-1
2020-08-28 15:29:27.939,12666,12667,12667,1,1
2020-08-28 15:29:27.939,12666,12667,12667,2,2
2020-08-28 15:29:35.312,12667,12668,12667,1,-1
2020-08-28 15:29:37.481,12667,12668,12667,1,-1
2020-08-28 15:29:46.236,12667,12668,12667,1,-1
2020-08-28 15:29:46.237,12667,12668,12667,1,-1
2020-08-28 15:29:47.593,12667,12668,12667,1,-1
2020-08-28 15:29:53.528,12667,12668,12667,1,-1
2020-08-28 15:29:57.727,12667,12668,12668,2,2
2020-08-28 15:29:57.727,12667,12668,12668,1,1
2020-08-28 15:29:57.727,12667,12668,12668,4,4
2020-08-28 15:29:57.727,12667,12668,12668,5,5
2020-08-28 15:29:57.842,12668,12669,12669,2,2
2020-08-28 15:29:58.003,12668,12669,12669,1,1
2020-08-28 15:30:00.305,12668,12669,12669,1,1
2020-08-28 15:30:00.577,12668,12669,12668,1,-1
2020-08-28 15:30:00.612,12668,12669,12668,1,-1
2020-08-28 15:30:00.632,12668,12669,12667,1,-1
2020-08-28 15:30:00.647,12668,12669,12667,1,-1
2020-08-28 15:30:00.662,12668,12669,12667,1,-1
2020-08-28 15:30:00.677,12668,12669,12669,1,1
2020-08-28 15:30:00.684,12668,12669,12669,1,1
2020-08-28 15:30:00.716,12667,12669,12669,1,1
2020-08-28 15:30:01.053,12667,12669,12667,2,-2
2020-08-28 15:30:01.415,12667,12668,12668,1,1
2020-08-28 15:30:01.445,12667,12668,12669,1,1
2020-08-28 15:30:01.539,12667,12669,12667,1,-1
2020-08-28 15:30:01.971,12667,12669,12667,1,-1
2020-08-28 15:30:07.151,12667,12668,12667,3,-3
2020-08-28 15:30:07.152,12667,12668,12667,3,-3
2020-08-28 15:30:07.152,12667,12668,12667,6,-6
2020-08-28 15:30:07.922,12666,12667,12666,1,-1
2020-08-28 15:30:07.938,12666,12667,12666,2,-2
2020-08-28 15:30:10.386,12665,12666,12665,4,-4
2020-08-28 15:30:10.386,12665,12666,12665,2,-2
2020-08-28 15:30:10.387,12665,12666,12665,2,-2
2020-08-28 15:30:12.876,12664,12666,12666,1,1
2020-08-28 15:30:20.065,12665,12666,12665,4,-4
2020-08-28 15:30:22.096,12665,12666,12666,1,1
2020-08-28 15:30:23.812,12664,12665,12664,3,-3
2020-08-28 15:30:24.523,12663,12664,12664,1,1
2020-08-28 15:30:24.871,12663,12664,12663,2,-2
2020-08-28 15:30:27.728,12662,12663,12663,1,1
2020-08-28 15:30:31.447,12662,12663,12663,1,1
2020-08-28 15:30:32.394,12662,12663,12663,1,1
2020-08-28 15:30:35.439,12662,12663,12662,1,-1
2020-08-28 15:30:35.716,12662,12663,12662,2,-2
2020-08-28 15:30:36.399,12661,12662,12662,4,4
2020-08-28 15:30:36.485,12662,12663,12662,2,-2
2020-08-28 15:30:41.071,12662,12663,12662,2,-2
2020-08-28 15:30:41.346,12661,12662,12661,5,-5
2020-08-28 15:30:41.708,12660,12662,12660,2,-2
2020-08-28 15:30:42.480,12660,12661,12661,4,4
2020-08-28 15:30:45.275,12661,12662,12662,1,1
2020-08-28 15:30:45.589,12662,12663,12662,6,-6
2020-08-28 15:30:45.590,12662,12663,12662,2,-2
2020-08-28 15:30:47.484,12662,12663,12663,1,1
2020-08-28 15:30:50.725,12663,12664,12663,3,-3
2020-08-28 15:30:51.140,12662,12664,12662,1,-1
2020-08-28 15:30:52.298,12662,12663,12663,1,1
2020-08-28 15:30:55.284,12662,12664,12662,2,-2
2020-08-28 15:30:55.543,12662,12664,12662,7,-7
2020-08-28 15:30:55.543,12662,12664,12662,1,-1
2020-08-28 15:30:55.543,12662,12664,12662,4,-4
2020-08-28 15:30:55.544,12662,12664,12662,9,-9
2020-08-28 15:30:56.188,12662,12663,12662,2,-2
2020-08-28 15:31:00.088,12662,12663,12662,2,-2
2020-08-28 15:31:00.229,12661,12662,12662,1,1
2020-08-28 15:31:02.049,12661,12662,12661,1,-1
2020-08-28 15:31:02.444,12660,12661,12661,1,1
2020-08-28 15:31:02.965,12660,12661,12660,4,-4
2020-08-28 15:31:04.138,12659,12661,12659,5,-5
2020-08-28 15:31:08.064,12659,12660,12659,2,-2
2020-08-28 15:31:09.068,12659,12660,12660,1,1
2020-08-28 15:31:09.068,12659,12660,12661,3,3
2020-08-28 15:31:10.523,12659,12661,12661,1,1
2020-08-28 15:31:10.885,12660,12661,12661,5,5
2020-08-28 15:31:13.233,12659,12661,12659,2,-2
2020-08-28 15:31:15.439,12659,12661,12661,1,1
2020-08-28 15:31:15.881,12659,12661,12659,7,-7
2020-08-28 15:31:15.881,12659,12661,12659,1,-1
2020-08-28 15:31:17.929,12658,12659,12659,9,9
2020-08-28 15:31:17.929,12658,12659,12659,3,3
2020-08-28 15:31:19.739,12659,12660,12660,1,1
2020-08-28 15:31:26.382,12660,12661,12660,2,-2
2020-08-28 15:31:26.944,12659,12661,12659,1,-1
2020-08-28 15:31:27.159,12659,12660,12659,1,-1
2020-08-28 15:31:29.784,12659,12660,12660,3,3
2020-08-28 15:31:32.943,12659,12660,12659,1,-1
2020-08-28 15:31:34.340,12659,12660,12659,5,-5
2020-08-28 15:31:36.130,12659,12660,12659,1,-1
2020-08-28 15:31:40.180,12659,12660,12660,2,2
2020-08-28 15:31:40.180,12659,12660,12660,1,1
2020-08-28 15:31:40.635,12660,12661,12660,1,-1
2020-08-28 15:31:41.141,12660,12661,12660,1,-1
2020-08-28 15:31:42.163,12660,12661,12660,1,-1
2020-08-28 15:31:45.415,12658,12660,12658,1,-1
2020-08-28 15:31:46.342,12658,12659,12659,1,1
2020-08-28 15:31:48.227,12658,12660,12658,1,-1
2020-08-28 15:31:50.137,12658,12660,12658,5,-5
2020-08-28 15:31:52.648,12658,12659,12659,2,2
2020-08-28 15:31:52.752,12658,12659,12658,1,-1
2020-08-28 15:31:58.839,12658,12660,12660,1,1
2020-08-28 15:32:03.061,12658,12660,12658,2,-2
2020-08-28 15:32:07.019,12658,12660,12660,1,1
2020-08-28 15:32:09.475,12658,12660,12658,2,-2
2020-08-28 15:32:12.288,12659,12660,12659,1,1
2020-08-28 15:32:17.038,12659,12660,12659,2,-2
2020-08-28 15:32:17.038,12659,12660,12658,1,-1
2020-08-28 15:32:17.323,12658,12660,12659,1,1
2020-08-28 15:32:17.462,12659,12660,12659,1,-1
2020-08-28 15:32:17.606,12659,12660,12660,1,1
2020-08-28 15:32:17.996,12659,12660,12659,1,-1
2020-08-28 15:32:18.281,12659,12660,12659,2,-2
2020-08-28 15:32:23.283,12658,12659,12658,1,-1
2020-08-28 15:32:23.283,12658,12659,12658,1,-1
2020-08-28 15:32:23.283,12658,12659,12658,1,-1
2020-08-28 15:32:23.283,12658,12659,12658,11,-11
2020-08-28 15:32:23.283,12658,12659,12658,3,-3
2020-08-28 15:32:23.284,12658,12659,12658,3,-3
2020-08-28 15:32:26.699,12658,12659,12659,1,1
2020-08-28 15:32:27.526,12658,12660,12658,1,-1
2020-08-28 15:32:32.138,12659,12660,12659,6,6
2020-08-28 15:32:32.445,12658,12660,12658,1,-1
2020-08-28 15:32:34.427,12659,12660,12659,4,4
2020-08-28 15:32:34.591,12659,12660,12659,1,-1
2020-08-28 15:32:34.591,12659,12660,12659,1,-1
2020-08-28 15:32:37.401,12658,12659,12659,2,2
2020-08-28 15:32:39.244,12658,12659,12659,1,1
2020-08-28 15:32:39.781,12658,12659,12659,1,1
2020-08-28 15:32:45.644,12658,12659,12658,15,-15
2020-08-28 15:32:46.570,12657,12658,12658,3,3
2020-08-28 15:32:47.774,12657,12658,12658,1,1
2020-08-28 15:32:53.092,12657,12658,12657,1,-1
2020-08-28 15:32:53.093,12657,12658,12657,5,-5
2020-08-28 15:32:53.093,12657,12658,12657,1,-1
2020-08-28 15:32:53.093,12657,12658,12657,5,-5
2020-08-28 15:32:53.093,12657,12658,12657,3,-3
2020-08-28 15:32:53.399,12656,12657,12657,1,1
2020-08-28 15:32:53.803,12656,12658,12656,10,-10
2020-08-28 15:32:53.847,12655,12657,12655,1,-1
2020-08-28 15:32:54.001,12655,12657,12655,3,-3
2020-08-28 15:32:54.150,12655,12657,12655,3,-3
2020-08-28 15:32:54.249,12655,12657,12655,5,-5
2020-08-28 15:32:59.196,12656,12657,12657,1,1
2020-08-28 15:32:59.701,12656,12657,12656,2,-2
2020-08-28 15:33:00.116,12655,12656,12656,1,1
2020-08-28 15:33:00.198,12655,12656,12655,1,-1
2020-08-28 15:33:02.041,12656,12657,12657,5,5
2020-08-28 15:33:05.923,12656,12658,12658,1,1
2020-08-28 15:33:07.011,12657,12658,12657,1,-1
2020-08-28 15:33:07.614,12657,12658,12658,1,1
2020-08-28 15:33:09.438,12657,12659,12658,1,-1
2020-08-28 15:33:09.482,12657,12659,12657,1,-1
2020-08-28 15:33:13.345,12657,12659,12657,1,-1
2020-08-28 15:33:17.184,12657,12659,12657,9,-9
2020-08-28 15:33:17.185,12657,12659,12657,1,-1
2020-08-28 15:33:21.775,12656,12657,12656,2,-2
2020-08-28 15:33:22.332,12655,12656,12655,1,-1
2020-08-28 15:33:22.332,12655,12656,12655,8,-8
2020-08-28 15:33:22.332,12655,12656,12655,4,-4
2020-08-28 15:33:22.897,12654,12655,12654,1,-1
2020-08-28 15:33:25.038,12654,12656,12654,1,-1
2020-08-28 15:33:25.720,12654,12656,12654,3,-3
2020-08-28 15:33:26.040,12654,12656,12654,1,-1
2020-08-28 15:33:26.081,12654,12656,12655,1,1
2020-08-28 15:33:30.393,12654,12655,12654,1,-1
2020-08-28 15:33:30.526,12654,12655,12654,3,-3
2020-08-28 15:33:31.098,12654,12655,12654,4,-4
2020-08-28 15:33:31.403,12653,12654,12654,1,1
2020-08-28 15:33:31.779,12653,12654,12654,1,1
2020-08-28 15:33:34.049,12653,12654,12654,1,1
2020-08-28 15:33:38.238,12653,12654,12653,1,-1
2020-08-28 15:33:38.966,12653,12654,12653,2,-2
2020-08-28 15:33:38.967,12653,12654,12653,3,-3
2020-08-28 15:33:41.715,12652,12653,12652,1,-1
2020-08-28 15:33:41.863,12652,12653,12652,1,-1
2020-08-28 15:33:42.187,12652,12653,12653,1,1
2020-08-28 15:33:44.435,12652,12653,12652,2,-2
2020-08-28 15:33:45.686,12652,12653,12652,2,-2
2020-08-28 15:33:45.949,12652,12653,12652,2,-2
2020-08-28 15:33:45.949,12652,12653,12652,5,-5
2020-08-28 15:33:45.949,12652,12653,12652,4,-4
2020-08-28 15:33:46.127,12651,12652,12651,1,-1
2020-08-28 15:33:46.551,12651,12652,12651,2,-2
2020-08-28 15:33:48.142,12651,12652,12652,1,1
2020-08-28 15:33:48.644,12651,12652,12651,1,-1
2020-08-28 15:33:52.226,12651,12652,12652,2,2
2020-08-28 15:33:52.226,12651,12652,12652,2,2
2020-08-28 15:33:53.621,12652,12653,12653,7,7
2020-08-28 15:33:54.031,12653,12654,12653,3,-3
2020-08-28 15:33:54.064,12653,12654,12653,1,-1
2020-08-28 15:33:54.064,12653,12654,12652,4,-4
2020-08-28 15:33:56.024,12652,12653,12653,1,1
2020-08-28 15:33:59.257,12652,12654,12652,3,-3
2020-08-28 15:34:00.052,12652,12654,12652,2,-2
2020-08-28 15:34:00.625,12653,12654,12654,18,18
2020-08-28 15:34:00.698,12653,12654,12654,1,1
2020-08-28 15:34:01.378,12653,12655,12653,1,-1
2020-08-28 15:34:03.289,12654,12655,12654,1,1
2020-08-28 15:34:06.095,12654,12655,12655,1,1
2020-08-28 15:34:06.095,12654,12655,12655,5,5
2020-08-28 15:34:07.974,12655,12656,12655,5,-5
2020-08-28 15:34:09.733,12653,12655,12653,10,-10
2020-08-28 15:34:09.999,12652,12653,12652,5,-5
2020-08-28 15:34:09.999,12652,12653,12652,4,-4
2020-08-28 15:34:10.000,12652,12653,12652,1,-1
2020-08-28 15:34:12.817,12651,12653,12653,5,5
2020-08-28 15:34:12.818,12651,12653,12652,2,-2
2020-08-28 15:34:12.819,12651,12653,12653,1,1
2020-08-28 15:34:15.515,12651,12653,12651,3,-3
2020-08-28 15:34:16.126,12651,12653,12651,1,-1
2020-08-28 15:34:17.339,12651,12652,12651,8,-8
2020-08-28 15:34:17.339,12651,12652,12651,17,-17
2020-08-28 15:34:17.339,12651,12652,12651,2,-2
2020-08-28 15:34:17.676,12650,12651,12651,1,1
2020-08-28 15:34:18.764,12650,12652,12652,5,5
2020-08-28 15:34:21.984,12650,12651,12650,1,-1
2020-08-28 15:34:24.050,12650,12651,12651,2,2
2020-08-28 15:34:24.050,12650,12651,12651,2,2
2020-08-28 15:34:24.318,12651,12652,12651,6,-6
2020-08-28 15:34:24.832,12650,12652,12652,2,2
2020-08-28 15:34:28.991,12651,12653,12651,1,-1
2020-08-28 15:34:30.235,12651,12652,12651,1,-1
2020-08-28 15:34:30.390,12651,12652,12651,3,-3
2020-08-28 15:34:32.190,12650,12651,12651,1,1
2020-08-28 15:34:32.880,12650,12651,12650,3,-3
2020-08-28 15:34:33.631,12650,12651,12650,5,-5
2020-08-28 15:34:34.626,12650,12651,12651,3,3
2020-08-28 15:34:34.626,12650,12651,12651,2,2
2020-08-28 15:34:35.180,12651,12652,12651,1,-1
2020-08-28 15:34:36.351,12651,12652,12651,1,-1
2020-08-28 15:34:36.488,12651,12652,12652,1,1
2020-08-28 15:34:36.488,12651,12652,12652,1,1
2020-08-28 15:34:36.488,12651,12652,12652,9,9
2020-08-28 15:34:36.931,12652,12653,12652,5,-5
2020-08-28 15:34:38.797,12652,12653,12652,1,-1
2020-08-28 15:34:43.583,12652,12653,12652,1,-1
2020-08-28 15:34:44.105,12652,12653,12652,1,-1
2020-08-28 15:34:48.790,12652,12653,12652,1,-1
2020-08-28 15:34:50.343,12652,12653,12653,3,3
2020-08-28 15:34:50.898,12652,12654,12652,3,-3
2020-08-28 15:34:51.371,12652,12654,12652,1,-1
2020-08-28 15:34:53.909,12652,12653,12652,1,-1
2020-08-28 15:34:56.036,12651,12652,12652,1,1
2020-08-28 15:34:56.036,12651,12652,12652,1,1
2020-08-28 15:34:56.036,12651,12652,12652,3,3
2020-08-28 15:34:56.876,12652,12654,12652,1,-1
2020-08-28 15:35:00.361,12653,12654,12653,5,5
2020-08-28 15:35:00.426,12653,12654,12652,5,-5
2020-08-28 15:35:00.445,12653,12654,12652,5,-5
2020-08-28 15:35:00.542,12651,12653,12651,5,-5
2020-08-28 15:35:00.715,12651,12653,12651,5,-5
2020-08-28 15:35:00.782,12651,12653,12651,3,-3
2020-08-28 15:35:00.785,12651,12653,12651,3,-3
2020-08-28 15:35:00.921,12651,12653,12651,5,-5
2020-08-28 15:35:01.085,12652,12654,12652,5,5
2020-08-28 15:35:01.286,12651,12653,12651,3,-3
2020-08-28 15:35:01.395,12651,12653,12653,1,1
2020-08-28 15:35:01.680,12652,12653,12652,5,-5
2020-08-28 15:35:02.399,12652,12653,12652,1,-1
2020-08-28 15:35:02.579,12650,12652,12652,5,5
2020-08-28 15:35:03.083,12651,12653,12651,1,-1
2020-08-28 15:35:04.153,12651,12653,12651,1,-1
2020-08-28 15:35:08.509,12652,12653,12652,1,1
2020-08-28 15:35:08.509,12652,12653,12651,1,-1
2020-08-28 15:35:11.436,12651,12653,12651,1,-1
2020-08-28 15:35:11.517,12651,12653,12652,1,1
2020-08-28 15:35:11.895,12651,12652,12651,2,-2
2020-08-28 15:35:11.895,12651,12652,12651,2,-2
2020-08-28 15:35:14.140,12650,12651,12650,3,-3
2020-08-28 15:35:14.140,12650,12651,12650,23,-23
2020-08-28 15:35:14.141,12650,12651,12649,4,-4
2020-08-28 15:35:14.142,12650,12651,12649,4,-4
2020-08-28 15:35:14.142,12650,12651,12649,4,-4
2020-08-28 15:35:14.298,12648,12650,12648,1,-1
2020-08-28 15:35:14.533,12648,12649,12649,1,1
2020-08-28 15:35:14.604,12648,12650,12648,1,-1
2020-08-28 15:35:15.035,12648,12649,12648,1,-1
2020-08-28 15:35:15.556,12648,12649,12648,1,-1
2020-08-28 15:35:16.533,12648,12649,12649,1,1
2020-08-28 15:35:16.543,12648,12649,12648,1,-1
2020-08-28 15:35:16.543,12648,12649,12648,3,-3
2020-08-28 15:35:16.543,12648,12649,12648,6,-6
2020-08-28 15:35:17.256,12647,12648,12647,5,-5
2020-08-28 15:35:17.643,12647,12648,12647,1,-1
2020-08-28 15:35:17.661,12647,12648,12647,1,-1
2020-08-28 15:35:17.928,12647,12648,12648,1,1
2020-08-28 15:35:17.998,12647,12648,12647,2,-2
2020-08-28 15:35:17.998,12647,12648,12647,1,-1
2020-08-28 15:35:19.512,12646,12648,12648,1,1
2020-08-28 15:35:19.784,12646,12648,12648,5,5
2020-08-28 15:35:19.945,12647,12648,12647,2,-2
2020-08-28 15:35:20.267,12647,12648,12647,4,-4
2020-08-28 15:35:20.957,12646,12648,12646,1,-1
2020-08-28 15:35:22.795,12647,12648,12648,1,1
2020-08-28 15:35:22.808,12647,12648,12648,1,1
2020-08-28 15:35:22.895,12647,12649,12649,10,10
2020-08-28 15:35:24.332,12648,12649,12648,5,-5
2020-08-28 15:35:25.162,12648,12649,12649,1,1
2020-08-28 15:35:25.162,12648,12649,12649,1,1
2020-08-28 15:35:25.162,12648,12649,12649,3,3
2020-08-28 15:35:25.297,12648,12650,12650,1,1
2020-08-28 15:35:26.161,12649,12650,12650,2,2
2020-08-28 15:35:26.162,12649,12650,12650,1,1
2020-08-28 15:35:27.926,12649,12651,12649,1,-1
2020-08-28 15:35:29.953,12650,12651,12650,1,1
2020-08-28 15:35:31.303,12650,12651,12650,2,-2
2020-08-28 15:35:31.637,12649,12651,12649,6,-6
2020-08-28 15:35:33.297,12648,12650,12650,10,10
2020-08-28 15:35:34.246,12649,12651,12649,1,-1
2020-08-28 15:35:36.064,12649,12650,12650,1,1
2020-08-28 15:35:36.155,12649,12650,12649,1,-1
2020-08-28 15:35:38.199,12650,12651,12650,1,1
2020-08-28 15:35:41.307,12648,12649,12649,4,4
2020-08-28 15:35:41.307,12648,12649,12650,6,6
2020-08-28 15:35:41.308,12648,12649,12649,4,4
2020-08-28 15:35:41.889,12648,12649,12648,1,-1
2020-08-28 15:35:46.187,12648,12649,12649,1,1
2020-08-28 15:35:46.733,12648,12649,12648,1,-1
2020-08-28 15:35:48.011,12648,12649,12649,5,5
2020-08-28 15:35:48.012,12648,12649,12649,1,1
2020-08-28 15:35:48.922,12649,12650,12650,2,2
2020-08-28 15:35:48.922,12649,12650,12650,2,2
2020-08-28 15:35:49.007,12650,12651,12651,2,2
2020-08-28 15:35:49.103,12650,12651,12651,1,1
2020-08-28 15:35:53.099,12650,12652,12650,1,-1
2020-08-28 15:35:56.709,12650,12651,12650,1,-1
2020-08-28 15:35:56.709,12650,12651,12649,4,-4
2020-08-28 15:35:57.497,12649,12650,12649,1,-1
2020-08-28 15:35:59.275,12650,12651,12650,1,1
2020-08-28 15:35:59.799,12649,12651,12649,6,-6
2020-08-28 15:36:01.906,12650,12651,12650,2,2
2020-08-28 15:36:02.446,12649,12650,12649,3,-3
2020-08-28 15:36:02.738,12649,12650,12649,1,-1
2020-08-28 15:36:02.811,12649,12650,12648,1,-1
2020-08-28 15:36:02.941,12648,12650,12650,1,1
2020-08-28 15:36:05.035,12648,12650,12648,3,-3
2020-08-28 15:36:06.324,12649,12650,12649,3,3
2020-08-28 15:36:06.324,12649,12650,12648,3,-3
2020-08-28 15:36:08.450,12648,12650,12650,3,3
2020-08-28 15:36:12.945,12649,12650,12650,5,5
2020-08-28 15:36:13.566,12649,12650,12650,1,1
2020-08-28 15:36:18.310,12649,12650,12650,1,1
2020-08-28 15:36:19.170,12649,12650,12650,2,2
2020-08-28 15:36:19.170,12649,12650,12650,4,4
2020-08-28 15:36:23.735,12650,12651,12650,1,-1
2020-08-28 15:36:24.908,12650,12651,12651,1,1
2020-08-28 15:36:24.908,12650,12651,12651,4,4
2020-08-28 15:36:27.027,12651,12652,12652,5,5
2020-08-28 15:36:27.118,12651,12652,12652,5,5
2020-08-28 15:36:27.218,12651,12652,12652,5,5
2020-08-28 15:36:28.231,12651,12652,12651,6,-6
2020-08-28 15:36:28.903,12651,12652,12652,1,1
2020-08-28 15:36:29.267,12651,12652,12652,1,1
2020-08-28 15:36:29.414,12651,12652,12651,1,-1
2020-08-28 15:36:30.785,12651,12652,12651,8,-8
2020-08-28 15:36:30.785,12651,12652,12650,10,-10
2020-08-28 15:36:30.786,12651,12652,12650,11,-11
2020-08-28 15:36:30.786,12651,12652,12650,1,-1
2020-08-28 15:36:30.786,12651,12652,12650,1,-1
2020-08-28 15:36:32.131,12650,12651,12651,1,1
2020-08-28 15:36:33.471,12649,12650,12650,1,1
2020-08-28 15:36:34.715,12650,12652,12652,1,1
2020-08-28 15:36:36.565,12650,12652,12651,1,-1
2020-08-28 15:36:40.175,12650,12652,12651,1,-1
2020-08-28 15:36:41.536,12651,12652,12651,5,-5
2020-08-28 15:36:43.037,12651,12652,12652,5,5
2020-08-28 15:36:45.234,12652,12653,12652,1,-1
2020-08-28 15:36:45.489,12651,12653,12653,1,1
2020-08-28 15:36:47.723,12652,12653,12653,2,2
2020-08-28 15:36:47.724,12652,12653,12653,2,2
2020-08-28 15:36:48.150,12653,12654,12653,2,-2
2020-08-28 15:36:48.680,12652,12654,12654,5,5
2020-08-28 15:36:48.739,12653,12654,12654,1,1
2020-08-28 15:36:49.062,12653,12655,12655,2,2
2020-08-28 15:36:51.014,12654,12655,12655,2,2
2020-08-28 15:36:51.014,12654,12655,12655,2,2
2020-08-28 15:36:51.014,12654,12655,12655,3,3
2020-08-28 15:36:52.357,12654,12655,12655,1,1
2020-08-28 15:36:52.597,12655,12656,12655,1,-1
2020-08-28 15:36:53.999,12654,12655,12655,1,1
2020-08-28 15:36:55.308,12654,12655,12655,1,1
2020-08-28 15:36:59.306,12654,12655,12655,1,1
2020-08-28 15:37:00.077,12654,12655,12655,1,1
2020-08-28 15:37:00.149,12654,12655,12655,1,1
2020-08-28 15:37:01.963,12654,12655,12654,4,-4
2020-08-28 15:37:01.988,12654,12655,12655,1,1
2020-08-28 15:37:04.831,12654,12655,12655,3,3
2020-08-28 15:37:04.910,12654,12655,12655,2,2
2020-08-28 15:37:04.910,12654,12655,12656,3,3
2020-08-28 15:37:05.817,12654,12656,12656,1,1
2020-08-28 15:37:07.230,12655,12656,12655,1,-1
2020-08-28 15:37:08.885,12654,12655,12655,1,1
2020-08-28 15:37:09.525,12654,12655,12655,1,1
2020-08-28 15:37:10.192,12654,12655,12654,1,-1
2020-08-28 15:37:14.587,12654,12655,12655,1,1
2020-08-28 15:37:20.809,12654,12655,12654,2,-2
2020-08-28 15:37:21.017,12654,12655,12654,5,-5
2020-08-28 15:37:21.017,12654,12655,12654,2,-2
2020-08-28 15:37:22.273,12653,12654,12653,1,-1
2020-08-28 15:37:22.273,12653,12654,12653,2,-2
2020-08-28 15:37:22.273,12653,12654,12653,1,-1
2020-08-28 15:37:31.604,12652,12653,12653,2,2
2020-08-28 15:37:31.995,12652,12653,12653,3,3
2020-08-28 15:37:31.995,12652,12653,12654,2,2
2020-08-28 15:37:35.996,12653,12654,12654,2,2
2020-08-28 15:37:45.858,12654,12655,12654,1,-1
2020-08-28 15:37:47.014,12654,12655,12655,2,2
2020-08-28 15:37:49.345,12654,12655,12655,1,1
2020-08-28 15:37:52.786,12654,12655,12654,3,-3
2020-08-28 15:37:52.787,12654,12655,12654,2,-2
2020-08-28 15:37:53.015,12653,12654,12653,2,-2
2020-08-28 15:37:53.722,12653,12654,12654,1,1
2020-08-28 15:37:53.728,12653,12654,12654,2,2
2020-08-28 15:37:56.363,12653,12654,12654,1,1
2020-08-28 15:37:57.649,12653,12654,12653,1,-1
2020-08-28 15:37:58.350,12653,12654,12654,1,1
2020-08-28 15:37:59.674,12653,12654,12653,1,-1
2020-08-28 15:38:01.868,12652,12653,12653,2,2
2020-08-28 15:38:02.374,12652,12653,12652,2,-2
2020-08-28 15:38:02.374,12652,12653,12652,1,-1
2020-08-28 15:38:05.208,12651,12653,12653,1,1
2020-08-28 15:38:06.888,12652,12653,12652,4,-4
2020-08-28 15:38:12.366,12651,12653,12651,1,-1
2020-08-28 15:38:12.495,12651,12653,12651,1,-1
2020-08-28 15:38:21.345,12652,12653,12653,1,1
2020-08-28 15:38:24.765,12652,12653,12652,1,-1
2020-08-28 15:38:33.019,12652,12653,12653,1,1
2020-08-28 15:38:34.336,12652,12653,12653,2,2
2020-08-28 15:38:35.976,12653,12655,12653,2,-2
2020-08-28 15:38:37.684,12654,12655,12655,1,1
2020-08-28 15:38:37.685,12654,12655,12655,1,1
2020-08-28 15:38:40.911,12655,12656,12656,2,2
2020-08-28 15:38:40.912,12655,12656,12656,1,1
2020-08-28 15:38:40.912,12655,12656,12656,3,3
2020-08-28 15:38:41.116,12655,12656,12656,1,1
2020-08-28 15:38:42.549,12655,12657,12657,1,1
2020-08-28 15:38:43.125,12656,12657,12656,2,-2
2020-08-28 15:38:43.125,12656,12657,12655,5,-5
2020-08-28 15:38:44.424,12655,12656,12655,1,-1
2020-08-28 15:38:45.937,12654,12655,12655,1,1
2020-08-28 15:38:47.667,12655,12657,12655,1,-1
2020-08-28 15:38:48.667,12656,12657,12656,1,1
2020-08-28 15:38:52.744,12656,12657,12656,3,-3
2020-08-28 15:38:52.788,12656,12657,12656,1,-1
2020-08-28 15:38:52.823,12656,12657,12657,1,1
2020-08-28 15:38:54.384,12655,12657,12657,1,1
2020-08-28 15:38:54.641,12655,12657,12656,3,-3
2020-08-28 15:38:57.679,12655,12657,12657,1,1
2020-08-28 15:39:00.472,12655,12657,12657,1,1
2020-08-28 15:39:03.932,12655,12657,12655,1,-1
2020-08-28 15:39:07.296,12655,12657,12655,1,-1
2020-08-28 15:39:12.412,12656,12657,12657,1,1
2020-08-28 15:39:12.412,12656,12657,12657,3,3
2020-08-28 15:39:12.412,12656,12657,12657,4,4
2020-08-28 15:39:12.412,12656,12657,12657,2,2
2020-08-28 15:39:12.412,12656,12657,12657,2,2
2020-08-28 15:39:18.190,12657,12658,12657,1,-1
2020-08-28 15:39:18.190,12657,12658,12657,2,-2
2020-08-28 15:39:20.909,12655,12656,12656,2,2
2020-08-28 15:39:25.644,12655,12656,12656,1,1
2020-08-28 15:39:30.469,12655,12657,12655,2,-2
2020-08-28 15:39:35.541,12656,12657,12656,1,1
2020-08-28 15:39:35.542,12656,12657,12656,1,-1
2020-08-28 15:39:35.542,12656,12657,12656,1,-1
2020-08-28 15:39:37.250,12655,12656,12655,1,-1
2020-08-28 15:39:37.252,12655,12656,12655,7,-7
2020-08-28 15:39:47.491,12654,12656,12656,1,1
2020-08-28 15:39:47.836,12654,12656,12656,1,1
2020-08-28 15:39:54.385,12654,12655,12654,9,-9
2020-08-28 15:39:55.411,12653,12654,12654,1,1
2020-08-28 15:39:58.491,12653,12654,12653,1,-1
2020-08-28 15:39:59.332,12653,12654,12654,1,1
2020-08-28 15:40:01.443,12653,12654,12653,2,-2
2020-08-28 15:40:01.736,12652,12654,12652,2,-2
2020-08-28 15:40:02.521,12652,12653,12652,1,-1
2020-08-28 15:40:04.500,12652,12653,12652,1,-1
2020-08-28 15:40:05.224,12651,12653,12652,1,-1
2020-08-28 15:40:07.294,12652,12653,12652,2,-2
2020-08-28 15:40:14.560,12651,12653,12653,1,1
2020-08-28 15:40:19.565,12651,12652,12651,6,-6
2020-08-28 15:40:19.566,12651,12652,12651,1,-1
2020-08-28 15:40:19.566,12651,12652,12651,5,-5
2020-08-28 15:40:21.575,12650,12652,12650,1,-1
2020-08-28 15:40:21.940,12650,12652,12650,17,-17
2020-08-28 15:40:23.762,12649,12650,12650,1,1
2020-08-28 15:40:24.801,12649,12650,12649,1,-1
2020-08-28 15:40:26.465,12648,12649,12649,1,1
2020-08-28 15:40:30.063,12648,12649,12648,9,-9
2020-08-28 15:40:30.617,12647,12648,12647,2,-2
2020-08-28 15:40:30.671,12647,12648,12647,1,-1
2020-08-28 15:40:30.696,12647,12648,12647,2,-2
2020-08-28 15:40:31.104,12646,12648,12646,1,-1
2020-08-28 15:40:31.514,12646,12647,12646,2,-2
2020-08-28 15:40:31.514,12646,12647,12646,2,-2
2020-08-28 15:40:31.514,12646,12647,12646,1,-1
2020-08-28 15:40:34.138,12646,12647,12647,1,1
2020-08-28 15:40:34.492,12647,12648,12648,1,1
2020-08-28 15:40:35.122,12647,12648,12647,2,-2
2020-08-28 15:40:36.671,12646,12648,12648,6,6
2020-08-28 15:40:38.116,12646,12648,12648,5,5
2020-08-28 15:40:38.254,12646,12648,12646,2,-2
2020-08-28 15:40:39.627,12647,12649,12647,1,1
2020-08-28 15:40:41.627,12647,12649,12647,5,-5
2020-08-28 15:40:42.909,12647,12649,12647,1,-1
2020-08-28 15:40:43.227,12647,12649,12647,5,-5
2020-08-28 15:40:44.409,12647,12649,12647,1,-1
2020-08-28 15:40:44.687,12647,12649,12647,7,-7
2020-08-28 15:40:44.688,12647,12649,12647,1,-1
2020-08-28 15:40:44.688,12647,12649,12647,10,-10
2020-08-28 15:40:44.688,12647,12649,12647,3,-3
2020-08-28 15:40:45.090,12647,12649,12647,1,-1
2020-08-28 15:40:46.105,12647,12649,12647,1,-1
2020-08-28 15:40:52.501,12648,12649,12648,1,1
2020-08-28 15:40:53.792,12648,12649,12648,2,-2
2020-08-28 15:40:54.151,12648,12649,12648,2,-2
2020-08-28 15:40:54.431,12647,12649,12649,6,6
2020-08-28 15:40:57.296,12648,12650,12649,2,-2
2020-08-28 15:40:57.659,12649,12650,12649,1,-1
2020-08-28 15:41:02.103,12649,12650,12649,1,-1
2020-08-28 15:41:02.290,12649,12650,12649,1,-1
2020-08-28 15:41:02.521,12648,12649,12649,1,1
2020-08-28 15:41:02.691,12648,12649,12649,1,1
2020-08-28 15:41:03.160,12648,12650,12648,2,-2
2020-08-28 15:41:03.544,12648,12650,12648,2,-2
2020-08-28 15:41:04.496,12648,12650,12649,2,2
2020-08-28 15:41:05.095,12649,12650,12649,1,-1
2020-08-28 15:41:11.739,12649,12650,12649,1,-1
2020-08-28 15:41:13.472,12648,12650,12649,3,-3
2020-08-28 15:41:14.761,12649,12650,12650,6,6
2020-08-28 15:41:16.545,12649,12651,12649,2,-2
2020-08-28 15:41:19.303,12649,12650,12650,1,1
2020-08-28 15:41:19.340,12649,12650,12650,1,1
2020-08-28 15:41:19.351,12649,12650,12651,1,1
2020-08-28 15:41:19.364,12649,12650,12651,2,2
2020-08-28 15:41:22.940,12650,12651,12651,3,3
2020-08-28 15:41:22.941,12650,12651,12651,1,1
2020-08-28 15:41:25.003,12651,12652,12652,1,1
2020-08-28 15:41:30.335,12652,12653,12653,2,2
2020-08-28 15:41:30.493,12652,12654,12654,7,7
2020-08-28 15:41:37.097,12653,12654,12653,3,-3
2020-08-28 15:41:38.405,12652,12653,12653,1,1
2020-08-28 15:41:39.681,12652,12653,12652,1,-1
2020-08-28 15:41:39.681,12652,12653,12652,2,-2
2020-08-28 15:41:39.681,12652,12653,12652,5,-5
2020-08-28 15:41:40.401,12651,12652,12651,2,-2
2020-08-28 15:41:43.327,12650,12651,12650,1,-1
2020-08-28 15:41:43.377,12649,12650,12650,1,1
2020-08-28 15:41:43.795,12649,12650,12650,1,1
2020-08-28 15:41:43.804,12649,12650,12650,2,2
2020-08-28 15:41:43.804,12649,12650,12651,3,3
2020-08-28 15:41:45.614,12650,12651,12650,9,-9
2020-08-28 15:41:45.615,12650,12651,12650,2,-2
2020-08-28 15:41:45.615,12650,12651,12650,1,-1
2020-08-28 15:41:45.615,12650,12651,12650,3,-3
2020-08-28 15:41:45.616,12650,12651,12650,2,-2
2020-08-28 15:41:45.616,12650,12651,12650,2,-2
2020-08-28 15:41:45.616,12650,12651,12650,1,-1
2020-08-28 15:41:46.189,12649,12651,12650,1,-1
2020-08-28 15:41:49.307,12649,12651,12650,1,-1
2020-08-28 15:41:53.750,12649,12650,12649,1,-1
2020-08-28 15:41:56.089,12649,12650,12649,1,-1
2020-08-28 15:41:56.500,12649,12650,12650,1,1
2020-08-28 15:41:56.953,12649,12650,12650,1,1
2020-08-28 15:42:02.918,12649,12650,12649,1,-1
2020-08-28 15:42:04.350,12649,12650,12649,2,-2
2020-08-28 15:42:04.350,12649,12650,12649,3,-3
2020-08-28 15:42:04.350,12649,12650,12649,1,-1
2020-08-28 15:42:04.493,12648,12649,12649,1,1
2020-08-28 15:42:04.627,12648,12649,12648,1,-1
2020-08-28 15:42:04.725,12648,12649,12649,1,1
2020-08-28 15:42:05.380,12648,12650,12650,1,1
2020-08-28 15:42:07.108,12649,12650,12649,1,-1
2020-08-28 15:42:10.105,12648,12649,12649,1,1
2020-08-28 15:42:11.933,12649,12650,12650,2,2
2020-08-28 15:42:11.933,12649,12650,12650,2,2
2020-08-28 15:42:13.275,12650,12651,12650,5,-5
2020-08-28 15:42:17.718,12650,12651,12650,1,-1
2020-08-28 15:42:20.395,12649,12650,12650,1,1
2020-08-28 15:42:25.183,12649,12650,12650,1,1
2020-08-28 15:42:25.314,12649,12650,12650,2,2
2020-08-28 15:42:34.828,12650,12651,12651,1,1
2020-08-28 15:42:35.558,12651,12652,12652,1,1
2020-08-28 15:42:35.673,12651,12653,12653,5,5
2020-08-28 15:42:35.790,12652,12653,12652,1,-1
2020-08-28 15:42:35.790,12652,12653,12651,8,-8
2020-08-28 15:42:35.790,12652,12653,12650,11,-11
2020-08-28 15:42:37.956,12651,12653,12653,1,1
2020-08-28 15:42:47.969,12651,12652,12651,1,-1
2020-08-28 15:42:57.147,12652,12653,12652,2,2
2020-08-28 15:43:01.840,12652,12653,12653,5,5
2020-08-28 15:43:02.249,12652,12654,12652,1,-1
2020-08-28 15:43:03.660,12653,12654,12653,1,1
2020-08-28 15:43:08.860,12652,12653,12653,1,1
2020-08-28 15:43:08.860,12652,12653,12653,1,1
2020-08-28 15:43:08.894,12652,12653,12654,1,1
2020-08-28 15:43:11.440,12652,12653,12653,1,1
2020-08-28 15:43:13.943,12652,12653,12652,1,-1
2020-08-28 15:43:13.943,12652,12653,12652,2,-2
2020-08-28 15:43:13.943,12652,12653,12652,1,-1
2020-08-28 15:43:14.639,12651,12652,12651,3,-3
2020-08-28 15:43:15.569,12651,12653,12651,3,-3
2020-08-28 15:43:26.301,12652,12653,12652,2,2
2020-08-28 15:43:26.301,12652,12653,12652,3,-3
2020-08-28 15:43:37.250,12652,12653,12653,2,2
2020-08-28 15:43:37.495,12652,12654,12654,1,1
2020-08-28 15:43:39.633,12653,12654,12653,3,-3
2020-08-28 15:43:46.060,12653,12654,12654,2,2
2020-08-28 15:43:46.060,12653,12654,12654,3,3
2020-08-28 15:43:50.351,12654,12655,12654,1,-1
2020-08-28 15:43:51.441,12654,12655,12654,1,-1
2020-08-28 15:43:53.690,12654,12655,12655,5,5
2020-08-28 15:43:53.690,12654,12655,12655,2,2
2020-08-28 15:43:53.690,12654,12655,12655,1,1
2020-08-28 15:43:54.516,12654,12656,12654,5,-5
2020-08-28 15:43:54.685,12654,12656,12654,1,-1
2020-08-28 15:43:55.705,12655,12656,12655,1,1
2020-08-28 15:43:56.502,12655,12656,12656,2,2
2020-08-28 15:43:56.502,12655,12656,12656,1,1
2020-08-28 15:43:56.502,12655,12656,12656,3,3
2020-08-28 15:43:56.984,12656,12657,12656,2,-2
2020-08-28 15:44:01.383,12655,12657,12657,3,3
2020-08-28 15:44:02.139,12656,12657,12656,1,-1
2020-08-28 15:44:02.905,12655,12656,12655,2,-2
2020-08-28 15:44:03.736,12655,12656,12656,1,1
2020-08-28 15:44:04.469,12655,12656,12656,1,1
2020-08-28 15:44:05.450,12655,12656,12656,2,2
2020-08-28 15:44:07.114,12655,12656,12655,1,-1
2020-08-28 15:44:13.582,12655,12656,12656,1,1
2020-08-28 15:44:13.583,12655,12656,12656,2,2
2020-08-28 15:44:14.607,12656,12657,12656,2,-2
2020-08-28 15:44:14.607,12656,12657,12656,2,-2
2020-08-28 15:44:17.131,12656,12657,12656,1,-1
2020-08-28 15:44:17.395,12655,12656,12655,10,-10
2020-08-28 15:44:17.395,12655,12656,12655,4,-4
2020-08-28 15:44:18.393,12654,12655,12654,10,-10
2020-08-28 15:44:18.393,12654,12655,12654,1,-1
2020-08-28 15:44:19.267,12653,12655,12653,3,-3
2020-08-28 15:44:19.352,12653,12655,12655,1,1
2020-08-28 15:44:23.529,12653,12654,12654,1,1
2020-08-28 15:44:33.960,12653,12655,12654,1,-1
2020-08-28 15:44:36.298,12654,12655,12655,3,3
2020-08-28 15:44:36.298,12654,12655,12655,1,1
2020-08-28 15:44:40.567,12654,12656,12655,1,-1
2020-08-28 15:44:48.163,12654,12655,12654,2,-2
2020-08-28 15:44:48.163,12654,12655,12654,1,-1
2020-08-28 15:45:02.618,12654,12655,12655,2,2
2020-08-28 15:45:03.515,12654,12655,12655,1,1
2020-08-28 15:45:03.515,12654,12655,12655,4,4
2020-08-28 15:45:05.269,12654,12656,12654,1,-1
2020-08-28 15:45:06.177,12654,12656,12656,1,1
2020-08-28 15:45:15.884,12655,12656,12655,1,-1
2020-08-28 15:45:15.884,12655,12656,12654,2,-2
2020-08-28 15:45:16.626,12654,12656,12656,1,1
2020-08-28 15:45:18.861,12654,12656,12654,16,-16
2020-08-28 15:45:18.862,12654,12656,12654,4,-4
2020-08-28 15:45:24.421,12654,12656,12654,9,-9
2020-08-28 15:45:24.481,12653,12654,12654,2,2
2020-08-28 15:45:26.096,12653,12654,12654,1,1
2020-08-28 15:45:27.999,12653,12654,12653,2,-2
2020-08-28 15:45:27.999,12653,12654,12653,1,-1
2020-08-28 15:45:28.155,12652,12653,12653,1,1
2020-08-28 15:45:37.538,12652,12653,12653,1,1
2020-08-28 15:45:40.637,12653,12654,12654,1,1
2020-08-28 15:45:42.993,12653,12654,12653,5,-5
2020-08-28 15:45:44.165,12653,12654,12654,2,2
2020-08-28 15:45:44.166,12653,12654,12654,1,1
2020-08-28 15:45:44.166,12653,12654,12654,3,3
2020-08-28 15:45:44.166,12653,12654,12654,1,1
2020-08-28 15:45:47.550,12654,12655,12655,1,1
2020-08-28 15:45:52.295,12655,12656,12655,2,-2
2020-08-28 15:45:55.390,12655,12656,12655,4,-4
2020-08-28 15:46:02.312,12653,12655,12655,1,1
2020-08-28 15:46:06.121,12654,12655,12655,1,1
2020-08-28 15:46:06.440,12655,12656,12655,1,-1
2020-08-28 15:46:06.767,12654,12655,12654,2,-2
2020-08-28 15:46:07.019,12654,12655,12654,1,-1
2020-08-28 15:46:11.610,12653,12655,12653,1,-1
2020-08-28 15:46:11.879,12653,12655,12653,5,-5
2020-08-28 15:46:32.871,12654,12655,12655,2,2
2020-08-28 15:46:32.871,12654,12655,12656,3,3
2020-08-28 15:46:34.512,12654,12656,12656,5,5
2020-08-28 15:46:35.544,12654,12655,12655,1,1
2020-08-28 15:46:37.084,12654,12656,12656,1,1
2020-08-28 15:46:46.513,12655,12656,12656,1,1
2020-08-28 15:46:46.882,12655,12656,12655,1,-1
2020-08-28 15:46:53.501,12655,12656,12655,1,-1
2020-08-28 15:46:58.591,12655,12656,12656,2,2
2020-08-28 15:46:58.591,12655,12656,12656,6,6
2020-08-28 15:46:58.937,12656,12657,12657,1,1
2020-08-28 15:47:02.769,12655,12656,12655,1,-1
2020-08-28 15:47:02.769,12655,12656,12655,1,-1
2020-08-28 15:47:06.230,12654,12655,12655,1,1
2020-08-28 15:47:10.503,12655,12656,12655,1,-1
2020-08-28 15:47:19.370,12654,12655,12654,4,-4
2020-08-28 15:47:20.268,12653,12654,12654,2,2
2020-08-28 15:47:20.411,12653,12655,12655,1,1
2020-08-28 15:47:20.512,12653,12655,12655,1,1
2020-08-28 15:47:21.661,12653,12655,12655,1,1
2020-08-28 15:47:24.790,12654,12655,12654,1,-1
2020-08-28 15:47:30.179,12654,12655,12654,1,-1
2020-08-28 15:47:38.963,12654,12655,12654,1,-1
2020-08-28 15:47:42.037,12654,12655,12654,1,-1
2020-08-28 15:47:42.037,12654,12655,12653,2,-2
2020-08-28 15:47:42.610,12653,12654,12654,1,1
2020-08-28 15:47:46.697,12653,12654,12654,2,2
2020-08-28 15:47:46.961,12654,12655,12654,2,-2
2020-08-28 15:47:54.821,12653,12654,12653,5,-5
2020-08-28 15:47:57.544,12653,12654,12653,2,-2
2020-08-28 15:47:57.800,12652,12653,12653,3,3
2020-08-28 15:48:02.090,12653,12654,12653,1,-1
2020-08-28 15:48:03.363,12653,12654,12654,1,1
2020-08-28 15:48:03.363,12653,12654,12654,2,2
2020-08-28 15:48:03.364,12653,12654,12654,3,3
2020-08-28 15:48:03.622,12654,12655,12655,1,1
2020-08-28 15:48:05.707,12654,12655,12654,1,-1
2020-08-28 15:48:16.091,12653,12654,12653,1,-1
2020-08-28 15:48:16.939,12652,12653,12652,1,-1
2020-08-28 15:48:17.194,12652,12653,12653,1,1
2020-08-28 15:48:17.237,12652,12654,12652,1,-1
2020-08-28 15:48:27.609,12653,12654,12653,1,1
2020-08-28 15:48:28.002,12652,12653,12652,1,-1
2020-08-28 15:48:32.771,12652,12653,12652,1,-1
2020-08-28 15:48:32.772,12652,12653,12652,2,-2
2020-08-28 15:48:32.773,12652,12653,12652,1,-1
2020-08-28 15:48:34.807,12651,12653,12653,6,6
2020-08-28 15:48:35.333,12652,12653,12652,1,-1
2020-08-28 15:48:37.834,12651,12652,12652,1,1
2020-08-28 15:48:37.834,12651,12652,12653,3,3
2020-08-28 15:48:43.386,12651,12653,12651,5,-5
2020-08-28 15:48:47.994,12651,12652,12651,1,-1
2020-08-28 15:48:49.539,12651,12652,12651,1,-1
2020-08-28 15:48:49.540,12651,12652,12651,1,-1
2020-08-28 15:48:49.540,12651,12652,12651,11,-11
2020-08-28 15:48:57.949,12650,12651,12651,3,3
2020-08-28 15:49:01.551,12650,12651,12651,1,1
2020-08-28 15:49:01.949,12650,12651,12650,1,-1
2020-08-28 15:49:02.013,12650,12651,12651,1,1
2020-08-28 15:49:02.270,12650,12651,12650,10,-10
2020-08-28 15:49:02.271,12650,12651,12650,1,-1
2020-08-28 15:49:07.858,12650,12651,12650,1,-1
2020-08-28 15:49:09.710,12650,12651,12651,3,3
2020-08-28 15:49:09.710,12650,12651,12651,4,4
2020-08-28 15:49:09.711,12650,12651,12651,3,3
2020-08-28 15:49:13.619,12650,12651,12651,2,2
2020-08-28 15:49:16.216,12650,12651,12651,2,2
2020-08-28 15:49:18.552,12651,12652,12651,2,-2
2020-08-28 15:49:18.875,12651,12652,12651,2,-2
2020-08-28 15:49:18.886,12651,12652,12651,5,-5
2020-08-28 15:49:19.854,12650,12651,12651,1,1
2020-08-28 15:49:20.263,12651,12652,12651,1,-1
2020-08-28 15:49:21.067,12650,12651,12651,2,2
2020-08-28 15:49:21.832,12650,12651,12650,4,-4
2020-08-28 15:49:21.960,12650,12651,12650,2,-2
2020-08-28 15:49:22.228,12649,12651,12651,10,10
2020-08-28 15:49:31.011,12649,12650,12650,1,1
2020-08-28 15:49:34.074,12650,12651,12651,1,1
2020-08-28 15:49:34.074,12650,12651,12651,1,1
2020-08-28 15:49:34.074,12650,12651,12651,13,13
2020-08-28 15:49:34.074,12650,12651,12651,2,2
2020-08-28 15:49:34.094,12651,12652,12651,1,-1
2020-08-28 15:49:36.128,12651,12652,12651,2,-2
2020-08-28 15:49:36.410,12650,12651,12651,1,1
2020-08-28 15:49:36.410,12650,12651,12651,1,1
2020-08-28 15:49:36.410,12650,12651,12651,2,2
2020-08-28 15:49:36.410,12650,12651,12651,4,4
2020-08-28 15:49:36.429,12650,12651,12651,1,1
2020-08-28 15:49:36.429,12650,12651,12651,1,1
2020-08-28 15:49:42.635,12651,12652,12651,1,-1
2020-08-28 15:49:44.263,12651,12652,12652,3,3
2020-08-28 15:49:52.875,12651,12653,12651,3,-3
2020-08-28 15:49:53.433,12651,12653,12651,1,-1
2020-08-28 15:49:55.531,12651,12653,12651,1,-1
2020-08-28 15:50:00.468,12652,12653,12653,1,1
2020-08-28 15:50:00.495,12652,12653,12653,3,3
2020-08-28 15:50:00.992,12652,12654,12652,2,-2
2020-08-28 15:50:00.993,12652,12654,12652,2,-2
2020-08-28 15:50:03.240,12653,12654,12653,3,3
2020-08-28 15:50:05.002,12652,12653,12652,1,-1
2020-08-28 15:50:05.002,12652,12653,12652,9,-9
2020-08-28 15:50:05.256,12651,12652,12651,8,-8
2020-08-28 15:50:06.194,12650,12652,12652,6,6
2020-08-28 15:50:07.517,12651,12652,12651,2,-2
2020-08-28 15:50:07.517,12651,12652,12651,1,-1
2020-08-28 15:50:08.095,12650,12651,12650,4,-4
2020-08-28 15:50:08.215,12649,12650,12649,3,-3
2020-08-28 15:50:09.965,12648,12649,12648,2,-2
2020-08-28 15:50:10.118,12648,12649,12648,3,-3
2020-08-28 15:50:10.118,12648,12649,12648,3,-3
2020-08-28 15:50:11.066,12647,12648,12648,1,1
2020-08-28 15:50:11.066,12647,12648,12649,9,9
2020-08-28 15:50:14.378,12648,12650,12648,1,-1
2020-08-28 15:50:14.512,12648,12650,12648,1,-1
2020-08-28 15:50:19.959,12648,12650,12648,1,-1
2020-08-28 15:50:23.673,12649,12650,12649,1,1
2020-08-28 15:50:26.913,12649,12650,12649,1,-1
2020-08-28 15:50:26.978,12649,12650,12650,10,10
2020-08-28 15:50:40.858,12650,12651,12650,1,-1
2020-08-28 15:50:42.935,12650,12651,12651,2,2
2020-08-28 15:50:43.362,12650,12651,12650,2,-2
2020-08-28 15:50:54.736,12649,12651,12649,1,-1
2020-08-28 15:50:56.096,12648,12650,12648,1,-1
2020-08-28 15:50:56.868,12648,12650,12648,1,-1
2020-08-28 15:50:58.864,12648,12650,12648,1,-1
2020-08-28 15:51:04.472,12649,12650,12649,1,1
2020-08-28 15:51:05.599,12649,12650,12649,1,-1
2020-08-28 15:51:05.599,12649,12650,12648,3,-3
2020-08-28 15:51:05.715,12648,12650,12648,4,-4
2020-08-28 15:51:05.855,12648,12649,12648,4,-4
2020-08-28 15:51:06.075,12648,12649,12648,2,-2
2020-08-28 15:51:06.271,12648,12649,12648,2,-2
2020-08-28 15:51:11.431,12648,12649,12648,1,-1
2020-08-28 15:51:15.013,12648,12649,12648,2,-2
2020-08-28 15:51:15.014,12648,12649,12648,13,-13
2020-08-28 15:51:18.547,12648,12649,12648,1,-1
2020-08-28 15:51:19.512,12648,12649,12648,1,-1
2020-08-28 15:51:20.793,12648,12649,12649,1,1
2020-08-28 15:51:20.793,12648,12649,12649,1,1
2020-08-28 15:51:21.634,12649,12650,12649,1,-1
2020-08-28 15:51:25.960,12649,12650,12649,1,-1
2020-08-28 15:51:38.502,12648,12649,12648,2,-2
2020-08-28 15:51:38.930,12647,12648,12648,1,1
2020-08-28 15:51:43.212,12647,12648,12648,1,1
2020-08-28 15:51:43.227,12647,12648,12647,1,-1
2020-08-28 15:51:45.637,12647,12648,12648,1,1
2020-08-28 15:51:46.282,12647,12648,12648,1,1
2020-08-28 15:51:46.972,12647,12648,12648,1,1
2020-08-28 15:51:47.129,12647,12648,12647,2,-2
2020-08-28 15:51:48.204,12647,12648,12647,8,-8
2020-08-28 15:51:48.204,12647,12648,12647,5,-5
2020-08-28 15:51:48.622,12646,12647,12646,1,-1
2020-08-28 15:51:48.806,12646,12647,12646,1,-1
2020-08-28 15:51:48.807,12646,12647,12646,1,-1
2020-08-28 15:51:48.807,12646,12647,12646,1,-1
2020-08-28 15:51:48.807,12646,12647,12646,4,-4
2020-08-28 15:51:48.807,12646,12647,12646,6,-6
2020-08-28 15:51:48.807,12646,12647,12646,2,-2
2020-08-28 15:51:48.807,12646,12647,12646,3,-3
2020-08-28 15:51:48.836,12646,12647,12645,1,-1
2020-08-28 15:51:48.887,12645,12647,12645,1,-1
2020-08-28 15:51:48.894,12645,12647,12645,1,-1
2020-08-28 15:51:48.899,12645,12647,12645,1,-1
2020-08-28 15:51:48.942,12645,12647,12645,1,-1
2020-08-28 15:51:48.950,12645,12647,12645,1,-1
2020-08-28 15:51:49.163,12645,12646,12645,1,-1
2020-08-28 15:51:49.292,12645,12646,12645,1,-1
2020-08-28 15:51:49.382,12645,12646,12645,1,-1
2020-08-28 15:51:49.589,12645,12646,12645,1,-1
2020-08-28 15:51:49.777,12645,12646,12645,2,-2
2020-08-28 15:51:49.778,12645,12646,12645,3,-3
2020-08-28 15:51:49.778,12645,12646,12645,1,-1
2020-08-28 15:51:51.273,12644,12646,12644,1,-1
2020-08-28 15:51:51.571,12644,12646,12644,1,-1
2020-08-28 15:51:54.420,12644,12645,12644,1,-1
2020-08-28 15:51:55.383,12644,12645,12644,5,-5
2020-08-28 15:51:55.762,12644,12645,12644,1,-1
2020-08-28 15:51:57.379,12644,12645,12644,1,-1
2020-08-28 15:52:00.032,12644,12645,12644,1,-1
2020-08-28 15:52:00.445,12643,12645,12644,1,-1
2020-08-28 15:52:00.445,12643,12645,12644,1,-1
2020-08-28 15:52:00.514,12643,12645,12643,4,-4
2020-08-28 15:52:00.537,12643,12645,12643,2,-2
2020-08-28 15:52:00.552,12643,12645,12643,1,-1
2020-08-28 15:52:00.574,12643,12645,12643,1,-1
2020-08-28 15:52:01.743,12644,12645,12645,2,2
2020-08-28 15:52:01.774,12644,12645,12644,1,-1
2020-08-28 15:52:02.244,12644,12645,12644,1,-1
2020-08-28 15:52:02.349,12643,12644,12643,1,-1
2020-08-28 15:52:03.762,12643,12644,12644,1,1
2020-08-28 15:52:04.274,12643,12644,12643,3,-3
2020-08-28 15:52:08.256,12643,12644,12644,1,1
2020-08-28 15:52:09.144,12643,12644,12644,2,2
2020-08-28 15:52:09.340,12644,12645,12644,1,-1
2020-08-28 15:52:09.758,12643,12645,12645,1,1
2020-08-28 15:52:13.677,12644,12645,12645,1,1
2020-08-28 15:52:16.382,12644,12645,12644,3,-3
2020-08-28 15:52:17.910,12644,12645,12644,1,-1
2020-08-28 15:52:18.788,12644,12645,12644,2,-2
2020-08-28 15:52:19.633,12644,12645,12644,1,-1
2020-08-28 15:52:20.260,12643,12645,12643,1,-1
2020-08-28 15:52:22.984,12643,12645,12643,1,-1
2020-08-28 15:52:23.430,12643,12645,12643,1,-1
2020-08-28 15:52:25.015,12644,12645,12644,1,1
2020-08-28 15:52:25.069,12644,12645,12645,4,4
2020-08-28 15:52:26.046,12644,12645,12644,2,-2
2020-08-28 15:52:26.308,12644,12645,12644,1,-1
2020-08-28 15:52:26.802,12644,12645,12644,2,-2
2020-08-28 15:52:28.254,12644,12645,12644,3,-3
2020-08-28 15:52:28.570,12644,12645,12644,2,-2
2020-08-28 15:52:29.177,12644,12645,12644,1,-1
2020-08-28 15:52:29.338,12644,12645,12644,2,-2
2020-08-28 15:52:32.024,12644,12645,12644,1,-1
2020-08-28 15:52:32.118,12644,12645,12645,1,1
2020-08-28 15:52:32.487,12645,12646,12645,3,-3
2020-08-28 15:52:34.116,12645,12646,12646,1,1
2020-08-28 15:52:38.815,12646,12647,12646,1,-1
2020-08-28 15:52:44.570,12644,12646,12646,1,1
2020-08-28 15:53:02.302,12644,12646,12644,1,-1
2020-08-28 15:53:02.363,12644,12646,12646,1,1
2020-08-28 15:53:06.573,12644,12645,12645,1,1
2020-08-28 15:53:09.817,12645,12646,12646,2,2
2020-08-28 15:53:09.961,12645,12647,12647,2,2
2020-08-28 15:53:10.122,12646,12648,12648,1,1
2020-08-28 15:53:12.476,12646,12648,12646,1,-1
2020-08-28 15:53:18.890,12646,12648,12647,1,1
2020-08-28 15:53:20.091,12647,12648,12648,2,2
2020-08-28 15:53:20.091,12647,12648,12648,10,10
2020-08-28 15:53:23.052,12648,12649,12649,1,1
2020-08-28 15:53:23.052,12648,12649,12649,2,2
2020-08-28 15:53:23.052,12648,12649,12649,3,3
2020-08-28 15:53:23.052,12648,12649,12649,7,7
2020-08-28 15:53:23.052,12648,12649,12649,1,1
2020-08-28 15:53:23.203,12649,12650,12650,1,1
2020-08-28 15:53:24.442,12649,12650,12650,3,3
2020-08-28 15:53:27.880,12649,12650,12650,1,1
2020-08-28 15:53:27.881,12649,12650,12650,2,2
2020-08-28 15:53:27.881,12649,12650,12650,3,3
2020-08-28 15:53:31.066,12650,12651,12651,1,1
2020-08-28 15:53:31.249,12650,12651,12651,1,1
2020-08-28 15:53:31.307,12650,12651,12652,1,1
2020-08-28 15:53:31.860,12650,12652,12650,1,-1
2020-08-28 15:53:34.929,12651,12652,12651,1,1
2020-08-28 15:53:39.967,12650,12651,12650,1,-1
2020-08-28 15:53:40.033,12650,12651,12651,1,1
2020-08-28 15:53:41.749,12650,12651,12651,3,3
2020-08-28 15:53:42.667,12651,12652,12651,4,-4
2020-08-28 15:53:42.770,12650,12651,12650,1,-1
2020-08-28 15:53:42.794,12650,12651,12651,2,2
2020-08-28 15:53:46.933,12651,12652,12651,2,-2
2020-08-28 15:53:47.068,12651,12652,12651,2,-2
2020-08-28 15:53:49.405,12651,12652,12651,2,-2
2020-08-28 15:53:55.686,12650,12651,12651,1,1
2020-08-28 15:54:00.284,12651,12652,12652,6,6
2020-08-28 15:54:01.973,12652,12653,12652,1,-1
2020-08-28 15:54:07.956,12652,12653,12652,2,-2
2020-08-28 15:54:08.849,12652,12653,12652,1,-1
2020-08-28 15:54:11.836,12652,12653,12653,1,1
2020-08-28 15:54:11.950,12652,12653,12653,1,1
2020-08-28 15:54:12.441,12652,12653,12653,1,1
2020-08-28 15:54:13.419,12652,12653,12652,3,-3
2020-08-28 15:54:16.192,12652,12653,12653,2,2
2020-08-28 15:54:18.346,12652,12654,12654,1,1
2020-08-28 15:54:20.742,12653,12654,12653,2,-2
2020-08-28 15:54:21.751,12652,12654,12654,1,1
2020-08-28 15:54:23.400,12653,12654,12653,1,-1
2020-08-28 15:54:24.450,12652,12653,12653,2,2
2020-08-28 15:54:26.732,12652,12653,12653,2,2
2020-08-28 15:54:29.174,12653,12654,12653,2,-2
2020-08-28 15:54:29.174,12653,12654,12653,1,-1
2020-08-28 15:54:35.360,12653,12654,12654,1,1
2020-08-28 15:54:37.240,12653,12654,12653,7,-7
2020-08-28 15:54:37.848,12652,12653,12653,5,5
2020-08-28 15:54:40.143,12652,12654,12654,2,2
2020-08-28 15:54:42.025,12653,12654,12654,1,1
2020-08-28 15:54:42.478,12653,12654,12653,1,-1
2020-08-28 15:54:43.734,12653,12654,12653,2,-2
2020-08-28 15:54:44.717,12652,12654,12654,1,1
2020-08-28 15:54:47.231,12652,12653,12653,2,2
2020-08-28 15:54:50.129,12653,12654,12653,1,-1
2020-08-28 15:54:53.245,12653,12654,12653,1,-1
2020-08-28 15:54:54.384,12652,12653,12652,9,-9
2020-08-28 15:55:00.481,12652,12653,12653,1,1
2020-08-28 15:55:07.050,12651,12653,12653,2,2
2020-08-28 15:55:09.008,12651,12652,12652,1,1
2020-08-28 15:55:09.196,12652,12653,12652,2,-2
2020-08-28 15:55:09.258,12652,12653,12652,2,-2
2020-08-28 15:55:12.348,12652,12653,12652,1,-1
