2019-04-10 15:00:00.026,10861,10862,10861,29,-29
2019-04-10 15:00:00.075,10861,10862,10862,1,1
2019-04-10 15:00:00.097,10861,10862,10861,7,-7
2019-04-10 15:00:00.198,10860,10862,10862,2,2
2019-04-10 15:00:00.391,10860,10861,10861,2,2
2019-04-10 15:00:00.477,10860,10861,10861,1,1
2019-04-10 15:00:00.550,10860,10861,10861,1,1
2019-04-10 15:00:00.621,10860,10861,10861,1,1
2019-04-10 15:00:00.684,10860,10861,10862,1,1
2019-04-10 15:00:00.821,10861,10862,10862,6,6
2019-04-10 15:00:01.168,10861,10862,10862,2,2
2019-04-10 15:00:01.198,10861,10862,10862,3,3
2019-04-10 15:00:01.507,10862,10863,10862,1,-1
2019-04-10 15:00:01.728,10862,10863,10863,2,2
2019-04-10 15:00:02.254,10862,10863,10863,1,1
2019-04-10 15:00:02.404,10862,10863,10862,3,-3
2019-04-10 15:00:02.404,10862,10863,10861,2,-2
2019-04-10 15:00:02.596,10862,10863,10862,2,2
2019-04-10 15:00:04.583,10861,10862,10862,1,1
2019-04-10 15:00:08.571,10861,10863,10862,1,-1
2019-04-10 15:00:08.573,10861,10863,10862,2,-2
2019-04-10 15:00:08.577,10861,10863,10862,2,-2
2019-04-10 15:00:08.579,10861,10863,10862,2,-2
2019-04-10 15:00:09.367,10862,10863,10863,1,1
2019-04-10 15:00:09.752,10862,10863,10862,1,-1
2019-04-10 15:00:11.582,10861,10862,10862,1,1
2019-04-10 15:00:13.111,10861,10862,10862,1,1
2019-04-10 15:00:14.565,10861,10862,10862,2,2
2019-04-10 15:00:15.459,10861,10862,10862,2,2
2019-04-10 15:00:15.890,10861,10862,10862,1,1
2019-04-10 15:00:17.678,10861,10862,10862,2,2
2019-04-10 15:00:17.844,10862,10863,10863,1,1
2019-04-10 15:00:18.713,10862,10863,10862,3,-3
2019-04-10 15:00:18.713,10862,10863,10861,1,-1
2019-04-10 15:00:19.549,10861,10863,10861,2,-2
2019-04-10 15:00:21.981,10861,10862,10862,1,1
2019-04-10 15:00:24.143,10861,10862,10862,1,1
2019-04-10 15:00:30.085,10862,10863,10863,1,1
2019-04-10 15:00:31.503,10862,10863,10863,1,1
2019-04-10 15:00:32.013,10862,10863,10862,15,-15
2019-04-10 15:00:32.013,10862,10863,10861,4,-4
2019-04-10 15:00:34.527,10862,10863,10862,1,1
2019-04-10 15:00:37.069,10862,10863,10863,2,2
2019-04-10 15:00:40.162,10862,10863,10862,1,-1
2019-04-10 15:00:40.503,10862,10863,10863,1,1
2019-04-10 15:00:40.918,10862,10863,10863,2,2
2019-04-10 15:00:45.776,10862,10863,10863,1,1
2019-04-10 15:00:49.146,10862,10863,10863,1,1
2019-04-10 15:00:49.146,10862,10863,10864,1,1
2019-04-10 15:00:51.328,10862,10864,10862,1,-1
2019-04-10 15:00:55.440,10862,10863,10863,2,2
2019-04-10 15:00:56.641,10862,10863,10862,1,-1
2019-04-10 15:00:58.588,10862,10863,10862,1,-1
2019-04-10 15:01:00.049,10862,10863,10862,3,-3
2019-04-10 15:01:00.050,10862,10863,10862,4,-4
2019-04-10 15:01:00.051,10862,10863,10862,2,-2
2019-04-10 15:01:00.052,10862,10863,10862,3,-3
2019-04-10 15:01:00.056,10862,10863,10862,3,-3
2019-04-10 15:01:00.163,10862,10863,10863,2,2
2019-04-10 15:01:00.995,10862,10863,10863,4,4
2019-04-10 15:01:01.412,10862,10863,10862,2,-2
2019-04-10 15:01:01.474,10862,10863,10862,1,-1
2019-04-10 15:01:01.651,10862,10863,10863,2,2
2019-04-10 15:01:03.190,10862,10863,10863,1,1
2019-04-10 15:01:04.920,10862,10863,10863,1,1
2019-04-10 15:01:04.954,10862,10863,10863,1,1
2019-04-10 15:01:05.095,10862,10863,10863,1,1
2019-04-10 15:01:05.793,10862,10863,10863,2,2
2019-04-10 15:01:09.277,10862,10864,10864,2,2
2019-04-10 15:01:11.650,10862,10863,10863,1,1
2019-04-10 15:01:12.419,10862,10863,10863,2,2
2019-04-10 15:01:16.437,10862,10864,10864,2,2
2019-04-10 15:01:17.241,10863,10864,10863,1,-1
2019-04-10 15:01:18.734,10862,10864,10862,1,-1
2019-04-10 15:01:24.535,10863,10864,10864,2,2
2019-04-10 15:01:31.741,10863,10864,10864,2,2
2019-04-10 15:01:38.600,10863,10864,10863,1,-1
2019-04-10 15:01:38.601,10863,10864,10863,3,-3
2019-04-10 15:01:38.688,10862,10864,10863,1,-1
2019-04-10 15:01:38.834,10862,10863,10863,2,2
2019-04-10 15:01:40.342,10862,10863,10863,2,2
2019-04-10 15:01:40.742,10863,10864,10863,1,-1
2019-04-10 15:01:42.184,10862,10863,10863,4,4
2019-04-10 15:01:45.082,10863,10864,10863,1,-1
2019-04-10 15:01:46.280,10863,10864,10864,2,2
2019-04-10 15:01:46.964,10863,10864,10864,1,1
2019-04-10 15:01:48.806,10863,10864,10863,1,-1
2019-04-10 15:01:53.885,10863,10864,10863,1,-1
2019-04-10 15:01:54.063,10863,10864,10864,2,2
2019-04-10 15:01:59.644,10863,10864,10864,4,4
2019-04-10 15:02:00.036,10863,10864,10863,1,-1
2019-04-10 15:02:00.047,10863,10864,10863,1,-1
2019-04-10 15:02:00.049,10863,10864,10863,1,-1
2019-04-10 15:02:00.182,10863,10864,10863,1,-1
2019-04-10 15:02:02.046,10862,10864,10864,2,2
2019-04-10 15:02:05.839,10863,10864,10864,1,1
2019-04-10 15:02:07.836,10863,10864,10864,2,2
2019-04-10 15:02:09.241,10863,10864,10864,4,4
2019-04-10 15:02:12.431,10863,10864,10864,2,2
2019-04-10 15:02:14.057,10863,10864,10864,2,2
2019-04-10 15:02:16.898,10863,10864,10864,1,1
2019-04-10 15:02:17.717,10863,10864,10864,1,1
2019-04-10 15:02:18.804,10863,10864,10864,4,4
2019-04-10 15:02:19.606,10864,10865,10864,1,-1
2019-04-10 15:02:21.435,10864,10865,10865,2,2
2019-04-10 15:02:27.453,10864,10865,10865,10,10
2019-04-10 15:02:28.552,10864,10865,10865,1,1
2019-04-10 15:02:28.846,10865,10866,10866,1,1
2019-04-10 15:02:28.998,10865,10866,10865,1,-1
2019-04-10 15:02:29.298,10865,10866,10865,1,-1
2019-04-10 15:02:29.895,10865,10866,10866,2,2
2019-04-10 15:02:30.600,10865,10866,10865,1,-1
2019-04-10 15:02:31.992,10865,10866,10865,2,-2
2019-04-10 15:02:37.050,10865,10866,10866,2,2
2019-04-10 15:02:39.996,10865,10866,10866,2,2
2019-04-10 15:02:40.808,10865,10866,10866,1,1
2019-04-10 15:02:43.554,10865,10866,10866,2,2
2019-04-10 15:02:44.311,10865,10866,10865,1,-1
2019-04-10 15:02:45.964,10865,10866,10866,1,1
2019-04-10 15:02:48.376,10865,10866,10866,1,1
2019-04-10 15:02:49.188,10865,10866,10866,1,1
2019-04-10 15:02:49.825,10865,10866,10866,2,2
2019-04-10 15:02:49.918,10865,10866,10866,1,1
2019-04-10 15:02:49.918,10865,10866,10866,5,5
2019-04-10 15:02:49.918,10865,10866,10866,5,5
2019-04-10 15:02:51.119,10866,10867,10866,1,-1
2019-04-10 15:02:53.379,10866,10867,10866,1,-1
2019-04-10 15:02:54.827,10866,10867,10867,1,1
2019-04-10 15:02:56.107,10866,10867,10867,2,2
2019-04-10 15:02:56.583,10866,10867,10867,2,2
2019-04-10 15:02:56.687,10866,10867,10867,1,1
2019-04-10 15:02:56.728,10866,10867,10867,1,1
2019-04-10 15:02:57.311,10866,10867,10867,2,2
2019-04-10 15:02:58.593,10866,10867,10866,1,-1
2019-04-10 15:03:00.033,10866,10867,10866,1,-1
2019-04-10 15:03:00.058,10866,10867,10866,1,-1
2019-04-10 15:03:00.066,10866,10867,10866,1,-1
2019-04-10 15:03:02.610,10866,10867,10867,1,1
2019-04-10 15:03:03.697,10866,10867,10867,1,1
2019-04-10 15:03:04.006,10866,10867,10866,1,-1
2019-04-10 15:03:04.971,10866,10867,10867,2,2
2019-04-10 15:03:06.552,10866,10867,10867,1,1
2019-04-10 15:03:07.941,10866,10867,10867,1,1
2019-04-10 15:03:09.795,10866,10867,10867,1,1
2019-04-10 15:03:10.834,10866,10867,10867,1,1
2019-04-10 15:03:10.918,10866,10867,10867,1,1
2019-04-10 15:03:14.137,10866,10867,10867,2,2
2019-04-10 15:03:16.696,10866,10867,10867,1,1
2019-04-10 15:03:17.048,10866,10867,10867,1,1
2019-04-10 15:03:17.512,10866,10867,10867,1,1
2019-04-10 15:03:18.020,10866,10867,10867,1,1
2019-04-10 15:03:19.290,10866,10867,10867,2,2
2019-04-10 15:03:22.395,10866,10867,10867,1,1
2019-04-10 15:03:23.541,10866,10867,10867,1,1
2019-04-10 15:03:26.467,10866,10867,10867,2,2
2019-04-10 15:03:29.315,10866,10867,10867,2,2
2019-04-10 15:03:29.445,10866,10867,10867,21,21
2019-04-10 15:03:34.082,10867,10868,10868,2,2
2019-04-10 15:03:34.406,10867,10868,10867,1,-1
2019-04-10 15:03:35.086,10867,10868,10868,1,1
2019-04-10 15:03:36.853,10867,10868,10867,2,-2
2019-04-10 15:03:38.358,10867,10868,10868,1,1
2019-04-10 15:03:40.359,10867,10868,10868,2,2
2019-04-10 15:03:42.692,10867,10868,10868,20,20
2019-04-10 15:03:42.793,10867,10868,10868,3,3
2019-04-10 15:03:43.824,10867,10869,10867,3,-3
2019-04-10 15:03:44.980,10868,10869,10868,1,1
2019-04-10 15:03:45.481,10868,10869,10868,1,-1
2019-04-10 15:03:48.692,10868,10869,10868,1,-1
2019-04-10 15:03:48.825,10868,10869,10869,2,2
2019-04-10 15:03:48.944,10868,10869,10869,1,1
2019-04-10 15:03:49.117,10868,10869,10869,5,5
2019-04-10 15:03:49.163,10868,10869,10869,3,3
2019-04-10 15:03:49.172,10868,10869,10869,3,3
2019-04-10 15:03:49.175,10868,10869,10869,1,1
2019-04-10 15:03:49.176,10868,10869,10869,2,2
2019-04-10 15:03:49.185,10868,10869,10869,1,1
2019-04-10 15:03:49.192,10868,10869,10869,4,4
2019-04-10 15:03:49.199,10868,10869,10869,1,1
2019-04-10 15:03:49.200,10868,10869,10869,1,1
2019-04-10 15:03:49.201,10868,10869,10869,1,1
2019-04-10 15:03:49.210,10868,10869,10869,1,1
2019-04-10 15:03:49.217,10868,10869,10869,3,3
2019-04-10 15:03:49.220,10868,10869,10869,1,1
2019-04-10 15:03:49.263,10868,10869,10869,1,1
2019-04-10 15:03:49.293,10868,10869,10869,1,1
2019-04-10 15:03:49.299,10868,10869,10869,1,1
2019-04-10 15:03:49.320,10868,10869,10869,2,2
2019-04-10 15:03:49.362,10868,10869,10869,6,6
2019-04-10 15:03:49.362,10868,10869,10870,12,12
2019-04-10 15:03:49.483,10869,10870,10870,1,1
2019-04-10 15:03:49.487,10869,10870,10870,5,5
2019-04-10 15:03:49.488,10869,10870,10870,1,1
2019-04-10 15:03:49.543,10869,10870,10870,1,1
2019-04-10 15:03:49.543,10869,10870,10870,5,5
2019-04-10 15:03:49.898,10869,10871,10871,2,2
2019-04-10 15:03:49.899,10869,10871,10871,1,1
2019-04-10 15:03:49.902,10869,10871,10871,1,1
2019-04-10 15:03:49.994,10869,10871,10871,3,3
2019-04-10 15:03:50.015,10869,10871,10871,1,1
2019-04-10 15:03:50.038,10869,10871,10871,1,1
2019-04-10 15:03:50.055,10870,10871,10871,1,1
2019-04-10 15:03:50.113,10870,10871,10871,1,1
2019-04-10 15:03:50.113,10870,10871,10872,2,2
2019-04-10 15:03:50.152,10870,10871,10872,1,1
2019-04-10 15:03:50.623,10870,10871,10870,1,-1
2019-04-10 15:03:50.665,10870,10871,10871,2,2
2019-04-10 15:03:50.813,10870,10872,10871,1,-1
2019-04-10 15:03:50.874,10870,10872,10871,1,-1
2019-04-10 15:03:50.918,10871,10872,10871,1,-1
2019-04-10 15:03:51.087,10870,10872,10870,1,-1
2019-04-10 15:03:51.844,10870,10871,10871,1,1
2019-04-10 15:03:51.892,10870,10871,10870,5,-5
2019-04-10 15:03:51.918,10870,10871,10870,1,-1
2019-04-10 15:03:52.881,10869,10871,10871,1,1
2019-04-10 15:03:52.935,10869,10871,10870,1,-1
2019-04-10 15:03:53.687,10869,10870,10870,1,1
2019-04-10 15:03:54.170,10869,10870,10870,1,1
2019-04-10 15:03:54.170,10869,10870,10871,4,4
2019-04-10 15:03:54.173,10869,10870,10870,1,1
2019-04-10 15:03:54.321,10869,10870,10869,1,-1
2019-04-10 15:03:54.700,10869,10870,10870,1,1
2019-04-10 15:03:54.913,10869,10870,10869,1,-1
2019-04-10 15:03:55.213,10869,10870,10870,1,1
2019-04-10 15:03:56.788,10869,10870,10870,2,2
2019-04-10 15:03:57.123,10869,10870,10870,1,1
2019-04-10 15:03:57.944,10869,10870,10869,8,-8
2019-04-10 15:03:58.234,10869,10870,10869,1,-1
2019-04-10 15:03:58.293,10869,10870,10869,2,-2
2019-04-10 15:03:58.528,10868,10870,10869,1,-1
2019-04-10 15:03:59.068,10868,10869,10869,1,1
2019-04-10 15:04:00.032,10868,10869,10868,1,-1
2019-04-10 15:04:01.052,10868,10869,10869,21,21
2019-04-10 15:04:01.738,10868,10869,10869,4,4
2019-04-10 15:04:01.738,10868,10869,10870,1,1
2019-04-10 15:04:02.036,10868,10870,10868,1,-1
2019-04-10 15:04:02.521,10868,10869,10869,2,2
2019-04-10 15:04:03.357,10868,10869,10869,2,2
2019-04-10 15:04:04.649,10868,10869,10869,1,1
2019-04-10 15:04:04.881,10868,10869,10869,1,1
2019-04-10 15:04:05.128,10868,10869,10869,5,5
2019-04-10 15:04:05.462,10868,10869,10869,1,1
2019-04-10 15:04:08.220,10868,10870,10870,1,1
2019-04-10 15:04:11.920,10869,10870,10869,9,-9
2019-04-10 15:04:12.043,10869,10870,10869,2,-2
2019-04-10 15:04:16.362,10868,10869,10869,1,1
2019-04-10 15:04:17.596,10868,10869,10868,1,-1
2019-04-10 15:04:18.108,10868,10869,10869,1,1
2019-04-10 15:04:18.344,10868,10869,10869,1,1
2019-04-10 15:04:18.368,10868,10869,10868,1,-1
2019-04-10 15:04:18.813,10868,10869,10869,1,1
2019-04-10 15:04:19.653,10868,10869,10869,2,2
2019-04-10 15:04:20.662,10868,10869,10869,1,1
2019-04-10 15:04:20.662,10868,10869,10870,1,1
2019-04-10 15:04:22.999,10868,10869,10869,1,1
2019-04-10 15:04:26.616,10868,10869,10869,4,4
2019-04-10 15:04:26.616,10868,10869,10870,6,6
2019-04-10 15:04:28.117,10868,10869,10869,3,3
2019-04-10 15:04:28.243,10868,10869,10869,1,1
2019-04-10 15:04:28.310,10869,10870,10869,1,-1
2019-04-10 15:04:29.622,10868,10870,10868,1,-1
2019-04-10 15:04:32.076,10869,10870,10869,2,2
2019-04-10 15:04:39.401,10868,10869,10869,6,6
2019-04-10 15:04:40.107,10868,10869,10869,1,1
2019-04-10 15:04:43.050,10868,10869,10869,2,2
2019-04-10 15:04:43.221,10868,10869,10869,1,1
2019-04-10 15:04:44.537,10868,10869,10868,5,-5
2019-04-10 15:04:44.539,10868,10869,10868,24,-24
2019-04-10 15:04:46.830,10867,10868,10868,1,1
2019-04-10 15:04:47.752,10867,10868,10868,1,1
2019-04-10 15:04:48.208,10867,10868,10868,2,2
2019-04-10 15:04:49.752,10867,10869,10867,1,-1
2019-04-10 15:04:56.792,10868,10869,10868,1,1
2019-04-10 15:04:58.823,10868,10869,10868,1,-1
2019-04-10 15:05:00.001,10868,10869,10869,25,25
2019-04-10 15:05:00.708,10868,10869,10869,1,1
2019-04-10 15:05:00.795,10868,10869,10868,3,-3
2019-04-10 15:05:01.949,10867,10869,10869,1,1
2019-04-10 15:05:03.295,10868,10869,10869,1,1
2019-04-10 15:05:04.714,10868,10869,10868,1,-1
2019-04-10 15:05:08.060,10868,10869,10868,1,-1
2019-04-10 15:05:08.302,10868,10869,10868,1,-1
2019-04-10 15:05:11.318,10867,10868,10868,1,1
2019-04-10 15:05:19.536,10867,10868,10868,2,2
2019-04-10 15:05:24.141,10867,10868,10868,1,1
2019-04-10 15:05:24.541,10867,10868,10868,1,1
2019-04-10 15:05:31.274,10867,10868,10868,1,1
2019-04-10 15:05:36.569,10867,10868,10868,1,1
2019-04-10 15:05:36.708,10867,10868,10867,1,-1
2019-04-10 15:05:52.066,10867,10868,10867,1,-1
2019-04-10 15:05:54.142,10867,10868,10868,1,1
2019-04-10 15:05:55.141,10867,10868,10868,1,1
2019-04-10 15:05:56.126,10867,10868,10868,1,1
2019-04-10 15:05:57.153,10867,10868,10868,1,1
2019-04-10 15:06:00.298,10867,10868,10868,5,5
2019-04-10 15:06:00.418,10867,10868,10868,2,2
2019-04-10 15:06:00.418,10867,10868,10868,2,2
2019-04-10 15:06:00.418,10867,10868,10868,2,2
2019-04-10 15:06:00.462,10867,10868,10868,2,2
2019-04-10 15:06:00.543,10867,10868,10868,3,3
2019-04-10 15:06:00.663,10867,10868,10868,1,1
2019-04-10 15:06:00.829,10868,10869,10868,1,-1
2019-04-10 15:06:02.693,10868,10869,10869,5,5
2019-04-10 15:06:04.704,10868,10869,10869,5,5
2019-04-10 15:06:07.459,10868,10869,10869,5,5
2019-04-10 15:06:09.034,10868,10869,10868,1,-1
2019-04-10 15:06:09.732,10868,10869,10868,1,-1
2019-04-10 15:06:14.086,10868,10869,10868,1,-1
2019-04-10 15:06:14.924,10868,10869,10868,1,-1
2019-04-10 15:06:15.015,10868,10869,10869,1,1
2019-04-10 15:06:22.487,10868,10869,10868,1,-1
2019-04-10 15:06:32.362,10868,10869,10868,1,-1
2019-04-10 15:06:37.584,10868,10869,10868,4,-4
2019-04-10 15:06:58.714,10868,10869,10868,10,-10
2019-04-10 15:07:02.015,10868,10869,10868,1,-1
2019-04-10 15:07:03.310,10867,10868,10868,1,1
2019-04-10 15:07:05.044,10867,10868,10868,2,2
2019-04-10 15:07:05.695,10867,10868,10867,4,-4
2019-04-10 15:07:19.376,10867,10868,10868,1,1
2019-04-10 15:07:20.907,10867,10868,10868,1,1
2019-04-10 15:07:22.756,10867,10868,10868,1,1
2019-04-10 15:07:23.538,10867,10868,10867,1,-1
2019-04-10 15:07:31.432,10867,10868,10867,1,-1
2019-04-10 15:07:33.964,10867,10868,10868,5,5
2019-04-10 15:07:44.520,10867,10868,10868,1,1
2019-04-10 15:07:45.391,10867,10868,10868,1,1
2019-04-10 15:08:02.938,10867,10868,10868,3,3
2019-04-10 15:08:08.144,10867,10868,10868,1,1
2019-04-10 15:08:15.012,10868,10869,10868,4,-4
2019-04-10 15:08:35.387,10868,10869,10868,1,-1
2019-04-10 15:08:35.525,10868,10869,10868,1,-1
2019-04-10 15:08:36.082,10868,10869,10868,1,-1
2019-04-10 15:08:36.093,10868,10869,10868,2,-2
2019-04-10 15:08:45.595,10868,10869,10868,2,-2
2019-04-10 15:08:46.924,10868,10869,10868,1,-1
2019-04-10 15:08:52.077,10868,10869,10868,1,-1
2019-04-10 15:09:03.161,10868,10869,10868,1,-1
2019-04-10 15:09:07.548,10868,10869,10868,1,-1
2019-04-10 15:09:08.941,10868,10869,10868,1,-1
2019-04-10 15:09:11.009,10868,10869,10868,1,-1
2019-04-10 15:09:11.054,10868,10869,10868,2,-2
2019-04-10 15:09:14.357,10868,10869,10868,1,-1
2019-04-10 15:09:19.437,10868,10869,10868,1,-1
2019-04-10 15:09:22.088,10868,10869,10868,1,-1
2019-04-10 15:09:24.979,10868,10869,10868,4,-4
2019-04-10 15:09:32.937,10868,10869,10868,1,-1
2019-04-10 15:09:36.322,10868,10869,10868,2,-2
2019-04-10 15:09:40.926,10868,10869,10868,1,-1
2019-04-10 15:09:43.068,10868,10869,10869,1,1
2019-04-10 15:09:43.068,10868,10869,10869,2,2
2019-04-10 15:09:43.168,10868,10869,10869,1,1
2019-04-10 15:09:43.168,10868,10869,10869,20,20
2019-04-10 15:09:43.293,10868,10869,10869,22,22
2019-04-10 15:09:43.293,10868,10869,10869,1,1
2019-04-10 15:09:43.293,10868,10869,10869,1,1
2019-04-10 15:09:48.300,10869,10870,10869,3,-3
2019-04-10 15:09:56.048,10869,10870,10869,1,-1
2019-04-10 15:10:00.528,10869,10870,10869,1,-1
2019-04-10 15:10:02.584,10869,10870,10869,5,-5
2019-04-10 15:10:06.947,10869,10870,10870,2,2
2019-04-10 15:10:07.072,10869,10870,10869,1,-1
2019-04-10 15:10:07.511,10869,10870,10869,1,-1
2019-04-10 15:10:12.574,10868,10869,10869,1,1
2019-04-10 15:10:42.380,10869,10870,10869,1,-1
2019-04-10 15:10:53.668,10869,10870,10870,1,1
2019-04-10 15:10:53.670,10869,10870,10870,29,29
2019-04-10 15:11:01.935,10870,10871,10871,5,5
2019-04-10 15:11:02.906,10870,10871,10871,1,1
2019-04-10 15:11:02.910,10870,10871,10871,1,1
2019-04-10 15:11:03.153,10870,10871,10871,1,1
2019-04-10 15:11:03.189,10870,10871,10871,1,1
2019-04-10 15:11:05.381,10870,10871,10871,1,1
2019-04-10 15:11:10.670,10870,10871,10871,2,2
2019-04-10 15:11:20.740,10870,10871,10871,2,2
2019-04-10 15:11:27.315,10870,10871,10871,12,12
2019-04-10 15:11:27.746,10871,10872,10871,3,-3
2019-04-10 15:11:27.863,10871,10872,10871,1,-1
2019-04-10 15:11:29.093,10871,10872,10871,1,-1
2019-04-10 15:11:37.751,10871,10872,10871,1,-1
2019-04-10 15:11:40.768,10871,10872,10871,1,-1
2019-04-10 15:11:49.291,10871,10872,10872,1,1
2019-04-10 15:11:49.533,10871,10872,10872,1,1
2019-04-10 15:11:49.579,10871,10872,10872,1,1
2019-04-10 15:11:49.625,10871,10872,10872,1,1
2019-04-10 15:11:49.647,10871,10872,10872,1,1
2019-04-10 15:11:49.723,10871,10872,10872,3,3
2019-04-10 15:11:49.801,10871,10872,10872,1,1
2019-04-10 15:11:49.973,10871,10872,10872,2,2
2019-04-10 15:11:50.083,10871,10872,10872,1,1
2019-04-10 15:11:50.088,10871,10872,10872,1,1
2019-04-10 15:11:50.092,10871,10872,10872,1,1
2019-04-10 15:11:50.129,10871,10872,10872,1,1
2019-04-10 15:11:50.174,10871,10872,10872,1,1
2019-04-10 15:11:50.507,10871,10872,10872,2,2
2019-04-10 15:11:50.687,10871,10872,10872,1,1
2019-04-10 15:11:50.747,10871,10872,10872,1,1
2019-04-10 15:11:51.468,10871,10872,10872,5,5
2019-04-10 15:11:53.189,10871,10872,10872,10,10
2019-04-10 15:11:53.295,10871,10872,10872,3,3
2019-04-10 15:11:54.205,10872,10873,10873,27,27
2019-04-10 15:11:54.378,10872,10874,10874,1,1
2019-04-10 15:11:54.514,10872,10874,10874,1,1
2019-04-10 15:11:54.522,10872,10874,10874,1,1
2019-04-10 15:11:54.605,10872,10874,10874,1,1
2019-04-10 15:11:54.612,10872,10874,10874,1,1
2019-04-10 15:11:54.615,10872,10874,10874,1,1
2019-04-10 15:11:54.674,10872,10874,10874,1,1
2019-04-10 15:11:54.714,10872,10874,10874,1,1
2019-04-10 15:11:54.755,10872,10874,10874,1,1
2019-04-10 15:11:54.870,10872,10874,10874,1,1
2019-04-10 15:11:55.043,10873,10874,10873,1,-1
2019-04-10 15:11:55.062,10873,10874,10874,1,1
2019-04-10 15:11:55.298,10873,10874,10874,1,1
2019-04-10 15:11:55.303,10873,10874,10874,1,1
2019-04-10 15:11:55.568,10873,10874,10874,1,1
2019-04-10 15:11:55.612,10873,10874,10874,1,1
2019-04-10 15:11:57.581,10873,10874,10873,1,-1
2019-04-10 15:11:57.685,10873,10874,10874,1,1
2019-04-10 15:11:59.966,10873,10874,10874,1,1
2019-04-10 15:12:02.420,10873,10874,10874,1,1
2019-04-10 15:12:02.924,10873,10874,10874,2,2
2019-04-10 15:12:03.496,10873,10874,10874,1,1
2019-04-10 15:12:06.127,10873,10874,10874,1,1
2019-04-10 15:12:06.178,10873,10874,10874,2,2
2019-04-10 15:12:10.984,10873,10874,10873,1,-1
2019-04-10 15:12:11.418,10873,10874,10873,2,-2
2019-04-10 15:12:14.275,10872,10873,10873,2,2
2019-04-10 15:12:15.632,10872,10873,10873,3,3
2019-04-10 15:12:17.643,10872,10873,10873,1,1
2019-04-10 15:12:20.562,10872,10873,10873,1,1
2019-04-10 15:12:24.864,10872,10873,10872,1,-1
2019-04-10 15:12:25.195,10872,10873,10873,1,1
2019-04-10 15:12:25.387,10872,10873,10873,1,1
2019-04-10 15:12:25.764,10872,10873,10872,1,-1
2019-04-10 15:12:31.319,10872,10873,10872,1,-1
2019-04-10 15:12:31.418,10872,10873,10872,7,-7
2019-04-10 15:12:44.211,10871,10872,10872,1,1
2019-04-10 15:12:45.443,10871,10872,10872,2,2
2019-04-10 15:12:48.490,10871,10872,10872,2,2
2019-04-10 15:12:48.731,10871,10872,10871,3,-3
2019-04-10 15:12:48.827,10871,10872,10871,1,-1
2019-04-10 15:12:49.156,10871,10872,10871,1,-1
2019-04-10 15:12:49.812,10871,10872,10872,1,1
2019-04-10 15:12:51.773,10871,10872,10872,1,1
2019-04-10 15:12:51.773,10871,10872,10872,1,1
2019-04-10 15:12:51.773,10871,10872,10872,1,1
2019-04-10 15:12:51.775,10871,10872,10872,1,1
2019-04-10 15:12:56.479,10872,10873,10873,2,2
2019-04-10 15:13:14.630,10872,10873,10873,1,1
2019-04-10 15:13:19.038,10872,10873,10873,5,5
2019-04-10 15:13:26.513,10872,10873,10872,1,-1
2019-04-10 15:13:29.805,10872,10873,10873,1,1
2019-04-10 15:13:34.493,10872,10873,10873,1,1
2019-04-10 15:13:34.627,10872,10873,10872,1,-1
2019-04-10 15:13:38.429,10872,10873,10872,5,-5
2019-04-10 15:13:45.497,10872,10873,10872,2,-2
2019-04-10 15:13:49.386,10872,10873,10872,11,-11
2019-04-10 15:13:59.602,10871,10872,10872,1,1
2019-04-10 15:14:08.015,10871,10872,10872,1,1
2019-04-10 15:14:08.985,10871,10872,10872,1,1
2019-04-10 15:14:11.725,10871,10872,10871,1,-1
2019-04-10 15:14:24.292,10871,10872,10871,2,-2
2019-04-10 15:14:32.061,10871,10872,10871,1,-1
2019-04-10 15:14:38.578,10871,10872,10871,1,-1
2019-04-10 15:14:51.527,10871,10872,10872,1,1
2019-04-10 15:14:52.135,10871,10872,10871,2,-2
2019-04-10 15:14:52.345,10871,10872,10872,1,1
2019-04-10 15:14:52.495,10871,10872,10872,17,17
2019-04-10 15:14:54.132,10871,10872,10872,1,1
2019-04-10 15:14:56.273,10871,10872,10872,2,2
2019-04-10 15:14:56.273,10871,10872,10872,12,12
2019-04-10 15:14:56.274,10871,10872,10872,1,1
2019-04-10 15:15:02.719,10872,10873,10872,1,-1
2019-04-10 15:15:02.968,10872,10873,10873,1,1
2019-04-10 15:15:03.152,10872,10873,10873,1,1
2019-04-10 15:15:03.191,10872,10873,10872,7,-7
2019-04-10 15:15:14.951,10872,10873,10873,1,1
2019-04-10 15:15:15.073,10872,10873,10872,7,-7
2019-04-10 15:15:19.291,10872,10873,10873,4,4
2019-04-10 15:15:19.293,10872,10873,10873,5,5
2019-04-10 15:15:19.294,10872,10873,10873,13,13
2019-04-10 15:15:25.102,10873,10874,10873,1,-1
2019-04-10 15:15:26.703,10873,10874,10873,1,-1
2019-04-10 15:15:27.154,10873,10874,10873,4,-4
2019-04-10 15:15:32.903,10873,10874,10873,1,-1
2019-04-10 15:15:33.838,10873,10874,10874,3,3
2019-04-10 15:15:33.846,10873,10874,10874,3,3
2019-04-10 15:15:33.854,10873,10874,10874,2,2
2019-04-10 15:15:33.903,10873,10874,10874,1,1
2019-04-10 15:15:33.961,10873,10874,10874,1,1
2019-04-10 15:15:33.972,10873,10874,10874,1,1
2019-04-10 15:15:34.304,10873,10874,10874,1,1
2019-04-10 15:15:34.439,10873,10874,10874,1,1
2019-04-10 15:15:34.450,10873,10874,10874,1,1
2019-04-10 15:15:34.460,10873,10874,10875,1,1
2019-04-10 15:15:34.612,10873,10875,10875,15,15
2019-04-10 15:15:34.664,10873,10875,10875,1,1
2019-04-10 15:15:34.718,10874,10875,10875,1,1
2019-04-10 15:15:35.370,10874,10875,10874,1,-1
2019-04-10 15:15:35.708,10874,10875,10875,1,1
2019-04-10 15:15:38.194,10874,10875,10875,1,1
2019-04-10 15:15:40.217,10874,10875,10875,1,1
2019-04-10 15:15:40.721,10874,10875,10875,1,1
2019-04-10 15:15:46.808,10874,10875,10875,1,1
2019-04-10 15:15:48.411,10874,10875,10875,2,2
2019-04-10 15:15:50.210,10874,10875,10875,6,6
2019-04-10 15:15:54.854,10874,10875,10875,1,1
2019-04-10 15:15:55.229,10874,10875,10875,1,1
2019-04-10 15:15:55.370,10874,10875,10875,6,6
2019-04-10 15:15:56.741,10875,10876,10876,1,1
2019-04-10 15:15:56.942,10875,10876,10876,1,1
2019-04-10 15:15:57.044,10875,10876,10875,1,-1
2019-04-10 15:15:57.259,10875,10876,10875,1,-1
2019-04-10 15:15:57.267,10875,10876,10876,1,1
2019-04-10 15:15:57.419,10875,10876,10875,2,-2
2019-04-10 15:16:01.554,10875,10876,10876,2,2
2019-04-10 15:16:07.579,10875,10876,10876,1,1
2019-04-10 15:16:09.416,10875,10876,10875,3,-3
2019-04-10 15:16:09.740,10875,10876,10875,1,-1
2019-04-10 15:16:09.869,10875,10876,10875,1,-1
2019-04-10 15:16:10.413,10875,10876,10876,1,1
2019-04-10 15:16:11.009,10875,10876,10876,1,1
2019-04-10 15:16:11.855,10875,10876,10876,1,1
2019-04-10 15:16:12.007,10875,10876,10876,1,1
2019-04-10 15:16:12.635,10875,10876,10876,1,1
2019-04-10 15:16:12.743,10875,10876,10876,1,1
2019-04-10 15:16:13.575,10875,10876,10876,1,1
2019-04-10 15:16:13.641,10875,10876,10875,2,-2
2019-04-10 15:16:14.285,10875,10876,10876,1,1
2019-04-10 15:16:23.770,10875,10876,10875,2,-2
2019-04-10 15:16:25.836,10875,10876,10875,1,-1
2019-04-10 15:16:26.601,10875,10876,10876,5,5
2019-04-10 15:16:30.097,10875,10876,10875,1,-1
2019-04-10 15:16:31.363,10875,10876,10876,1,1
2019-04-10 15:16:34.509,10875,10876,10876,5,5
2019-04-10 15:16:34.566,10875,10876,10875,1,-1
2019-04-10 15:16:35.490,10875,10876,10875,1,-1
2019-04-10 15:16:35.985,10875,10876,10875,1,-1
2019-04-10 15:16:36.120,10875,10876,10876,12,12
2019-04-10 15:16:36.127,10875,10876,10875,14,-14
2019-04-10 15:16:36.168,10874,10875,10875,1,1
2019-04-10 15:16:42.603,10875,10876,10876,1,1
2019-04-10 15:16:42.726,10875,10876,10876,10,10
2019-04-10 15:16:43.411,10875,10876,10875,5,-5
2019-04-10 15:16:46.081,10875,10876,10875,5,-5
2019-04-10 15:16:49.843,10875,10876,10875,1,-1
2019-04-10 15:16:50.468,10875,10876,10875,1,-1
2019-04-10 15:16:51.270,10875,10876,10875,1,-1
2019-04-10 15:16:53.066,10875,10876,10875,1,-1
2019-04-10 15:16:56.168,10875,10876,10875,7,-7
2019-04-10 15:16:57.807,10874,10875,10875,1,1
2019-04-10 15:17:01.471,10874,10876,10874,3,-3
2019-04-10 15:17:04.128,10874,10875,10875,1,1
2019-04-10 15:17:04.605,10874,10875,10875,1,1
2019-04-10 15:17:04.905,10874,10875,10875,1,1
2019-04-10 15:17:06.826,10874,10875,10875,1,1
2019-04-10 15:17:07.287,10874,10875,10874,7,-7
2019-04-10 15:17:08.953,10874,10875,10875,1,1
2019-04-10 15:17:09.327,10874,10875,10875,1,1
2019-04-10 15:17:09.572,10874,10875,10875,1,1
2019-04-10 15:17:13.618,10874,10875,10875,1,1
2019-04-10 15:17:18.510,10874,10875,10874,1,-1
2019-04-10 15:17:20.288,10874,10875,10874,5,-5
2019-04-10 15:17:31.890,10874,10875,10875,1,1
2019-04-10 15:17:33.854,10874,10875,10875,1,1
2019-04-10 15:17:34.066,10874,10875,10875,2,2
2019-04-10 15:17:37.258,10874,10875,10875,1,1
2019-04-10 15:17:37.827,10874,10875,10875,3,3
2019-04-10 15:17:46.283,10874,10875,10875,1,1
2019-04-10 15:17:49.008,10874,10875,10875,1,1
2019-04-10 15:17:50.070,10874,10875,10875,1,1
2019-04-10 15:17:54.407,10874,10875,10875,1,1
2019-04-10 15:17:54.895,10874,10875,10875,5,5
2019-04-10 15:18:03.230,10874,10875,10875,9,9
2019-04-10 15:18:04.280,10875,10876,10875,1,-1
2019-04-10 15:18:05.955,10874,10875,10875,3,3
2019-04-10 15:18:07.799,10875,10876,10875,1,-1
2019-04-10 15:18:17.013,10875,10876,10876,1,1
2019-04-10 15:18:17.113,10875,10876,10876,2,2
2019-04-10 15:18:28.803,10875,10876,10875,1,-1
2019-04-10 15:18:40.097,10875,10876,10875,1,-1
2019-04-10 15:18:44.138,10875,10876,10875,1,-1
2019-04-10 15:18:57.920,10875,10876,10875,1,-1
2019-04-10 15:19:01.853,10875,10876,10875,1,-1
2019-04-10 15:19:04.106,10875,10876,10875,1,-1
2019-04-10 15:19:09.864,10875,10876,10876,1,1
2019-04-10 15:19:09.902,10875,10876,10875,2,-2
2019-04-10 15:19:16.862,10875,10876,10875,13,-13
2019-04-10 15:19:23.217,10874,10875,10875,1,1
2019-04-10 15:19:30.209,10874,10875,10874,1,-1
2019-04-10 15:19:37.053,10874,10875,10874,1,-1
2019-04-10 15:19:37.931,10874,10875,10874,1,-1
2019-04-10 15:19:41.506,10874,10875,10874,1,-1
2019-04-10 15:19:43.804,10874,10875,10875,10,10
2019-04-10 15:19:46.258,10875,10876,10876,1,1
2019-04-10 15:19:46.668,10875,10876,10876,2,2
2019-04-10 15:19:48.907,10875,10876,10875,1,-1
2019-04-10 15:19:49.541,10875,10876,10875,12,-12
2019-04-10 15:19:59.859,10875,10876,10875,2,-2
2019-04-10 15:20:05.752,10875,10876,10875,5,-5
2019-04-10 15:20:06.593,10875,10876,10875,1,-1
2019-04-10 15:20:14.640,10875,10876,10875,1,-1
2019-04-10 15:20:18.185,10875,10876,10876,1,1
2019-04-10 15:20:18.544,10875,10876,10876,12,12
2019-04-10 15:20:18.648,10875,10876,10877,4,4
2019-04-10 15:20:18.891,10875,10877,10877,1,1
2019-04-10 15:20:18.924,10875,10877,10875,1,-1
2019-04-10 15:20:19.279,10876,10877,10877,1,1
2019-04-10 15:20:19.527,10876,10877,10877,1,1
2019-04-10 15:20:19.587,10876,10877,10877,8,8
2019-04-10 15:20:19.616,10876,10877,10877,1,1
2019-04-10 15:20:19.987,10876,10877,10876,3,-3
2019-04-10 15:20:20.767,10875,10877,10875,1,-1
2019-04-10 15:20:20.950,10875,10877,10875,1,-1
2019-04-10 15:20:21.761,10875,10877,10877,4,4
2019-04-10 15:20:26.115,10875,10876,10876,3,3
2019-04-10 15:20:26.157,10875,10876,10877,1,1
2019-04-10 15:20:29.721,10876,10877,10876,1,-1
2019-04-10 15:20:33.031,10876,10877,10877,3,3
2019-04-10 15:20:38.890,10876,10877,10877,1,1
2019-04-10 15:20:43.917,10876,10877,10877,1,1
2019-04-10 15:20:52.778,10876,10877,10876,1,-1
2019-04-10 15:20:53.470,10876,10877,10876,1,-1
2019-04-10 15:21:02.759,10876,10877,10876,2,-2
2019-04-10 15:21:02.836,10876,10877,10877,3,3
2019-04-10 15:21:02.863,10876,10877,10877,2,2
2019-04-10 15:21:07.508,10876,10877,10877,1,1
2019-04-10 15:21:08.119,10876,10877,10877,1,1
2019-04-10 15:21:15.495,10876,10877,10877,1,1
2019-04-10 15:21:15.543,10876,10877,10877,6,6
2019-04-10 15:21:15.543,10876,10877,10877,7,7
2019-04-10 15:21:15.545,10876,10877,10877,4,4
2019-04-10 15:21:17.004,10877,10878,10878,1,1
2019-04-10 15:21:17.074,10877,10878,10878,3,3
2019-04-10 15:21:17.101,10877,10878,10878,2,2
2019-04-10 15:21:17.177,10877,10878,10878,1,1
2019-04-10 15:21:17.287,10877,10878,10878,1,1
2019-04-10 15:21:17.290,10877,10878,10878,1,1
2019-04-10 15:21:17.290,10877,10878,10878,1,1
2019-04-10 15:21:17.293,10877,10878,10878,1,1
2019-04-10 15:21:17.293,10877,10878,10878,2,2
2019-04-10 15:21:17.308,10877,10878,10878,1,1
2019-04-10 15:21:17.319,10877,10878,10878,1,1
2019-04-10 15:21:17.327,10877,10878,10878,2,2
2019-04-10 15:21:17.353,10877,10878,10878,1,1
2019-04-10 15:21:17.382,10877,10878,10878,2,2
2019-04-10 15:21:17.438,10877,10878,10878,1,1
2019-04-10 15:21:17.447,10877,10878,10878,1,1
2019-04-10 15:21:17.509,10877,10878,10878,1,1
2019-04-10 15:21:17.564,10877,10878,10878,1,1
2019-04-10 15:21:17.785,10877,10878,10878,1,1
2019-04-10 15:21:17.791,10877,10878,10878,1,1
2019-04-10 15:21:18.091,10877,10878,10878,1,1
2019-04-10 15:21:18.138,10877,10878,10878,1,1
2019-04-10 15:21:18.247,10877,10878,10878,1,1
2019-04-10 15:21:18.597,10877,10878,10878,1,1
2019-04-10 15:21:19.188,10877,10878,10878,1,1
2019-04-10 15:21:19.217,10877,10878,10878,1,1
2019-04-10 15:21:19.245,10877,10878,10878,1,1
2019-04-10 15:21:19.247,10877,10878,10878,1,1
2019-04-10 15:21:21.388,10877,10878,10878,1,1
2019-04-10 15:21:24.322,10877,10878,10878,1,1
2019-04-10 15:21:27.596,10877,10878,10877,1,-1
2019-04-10 15:21:27.870,10877,10878,10878,1,1
2019-04-10 15:21:31.668,10877,10878,10878,1,1
2019-04-10 15:21:31.868,10877,10878,10877,1,-1
2019-04-10 15:21:36.218,10877,10878,10877,2,-2
2019-04-10 15:21:40.482,10877,10878,10877,1,-1
2019-04-10 15:21:42.666,10877,10878,10877,1,-1
2019-04-10 15:21:42.831,10877,10878,10878,3,3
2019-04-10 15:21:47.217,10877,10878,10878,9,9
2019-04-10 15:21:51.905,10877,10878,10878,2,2
2019-04-10 15:21:52.293,10877,10878,10878,1,1
2019-04-10 15:21:52.572,10877,10878,10878,1,1
2019-04-10 15:21:55.442,10877,10878,10878,1,1
2019-04-10 15:21:57.771,10877,10878,10878,3,3
2019-04-10 15:21:57.849,10877,10878,10878,1,1
2019-04-10 15:22:05.896,10877,10878,10878,1,1
2019-04-10 15:22:11.220,10877,10878,10877,1,-1
2019-04-10 15:22:18.640,10877,10878,10878,2,2
2019-04-10 15:22:18.702,10877,10878,10877,1,-1
2019-04-10 15:22:19.558,10877,10878,10877,1,-1
2019-04-10 15:22:21.239,10877,10878,10878,1,1
2019-04-10 15:22:22.609,10877,10878,10878,23,23
2019-04-10 15:22:23.735,10877,10878,10878,1,1
2019-04-10 15:22:24.247,10877,10878,10878,1,1
2019-04-10 15:22:25.342,10877,10878,10878,1,1
2019-04-10 15:22:31.530,10877,10878,10878,1,1
2019-04-10 15:22:33.638,10877,10878,10878,1,1
2019-04-10 15:22:36.937,10877,10878,10878,3,3
2019-04-10 15:22:37.790,10877,10878,10878,1,1
2019-04-10 15:22:40.924,10877,10878,10878,2,2
2019-04-10 15:22:42.378,10877,10878,10878,1,1
2019-04-10 15:22:45.128,10877,10878,10878,3,3
2019-04-10 15:22:48.275,10878,10879,10878,1,-1
2019-04-10 15:22:48.843,10878,10879,10879,1,1
2019-04-10 15:22:48.921,10878,10879,10879,5,5
2019-04-10 15:22:48.943,10878,10879,10879,1,1
2019-04-10 15:22:48.983,10878,10879,10879,12,12
2019-04-10 15:22:49.049,10878,10879,10879,15,15
2019-04-10 15:22:49.240,10878,10879,10878,1,-1
2019-04-10 15:22:49.280,10878,10879,10878,3,-3
2019-04-10 15:22:49.297,10878,10879,10878,1,-1
2019-04-10 15:22:49.333,10878,10879,10879,2,2
2019-04-10 15:22:49.694,10878,10879,10878,1,-1
2019-04-10 15:22:55.392,10878,10879,10879,1,1
2019-04-10 15:22:55.459,10878,10879,10879,13,13
2019-04-10 15:22:55.459,10878,10879,10880,2,2
2019-04-10 15:22:55.581,10878,10879,10879,1,1
2019-04-10 15:22:55.581,10878,10879,10880,1,1
2019-04-10 15:22:55.609,10878,10879,10880,2,2
2019-04-10 15:22:55.937,10879,10880,10880,2,2
2019-04-10 15:22:56.013,10879,10880,10880,2,2
2019-04-10 15:22:56.091,10879,10880,10880,1,1
2019-04-10 15:22:57.279,10879,10880,10880,2,2
2019-04-10 15:22:57.283,10879,10880,10880,2,2
2019-04-10 15:22:57.684,10879,10880,10879,3,-3
2019-04-10 15:23:04.020,10879,10880,10879,1,-1
2019-04-10 15:23:06.694,10879,10880,10879,1,-1
2019-04-10 15:23:07.208,10879,10880,10879,1,-1
2019-04-10 15:23:08.703,10879,10880,10879,1,-1
2019-04-10 15:23:08.860,10879,10880,10880,1,1
2019-04-10 15:23:09.203,10879,10880,10879,1,-1
2019-04-10 15:23:10.983,10879,10880,10879,1,-1
2019-04-10 15:23:18.982,10879,10880,10879,1,-1
2019-04-10 15:23:19.642,10879,10880,10879,1,-1
2019-04-10 15:23:22.695,10879,10880,10879,1,-1
2019-04-10 15:23:25.934,10879,10880,10880,1,1
2019-04-10 15:23:28.514,10879,10880,10879,1,-1
2019-04-10 15:23:31.432,10879,10880,10879,1,-1
2019-04-10 15:23:34.544,10879,10880,10879,1,-1
2019-04-10 15:23:35.878,10879,10880,10879,1,-1
2019-04-10 15:23:39.644,10879,10880,10879,5,-5
2019-04-10 15:23:41.766,10879,10880,10879,2,-2
2019-04-10 15:23:42.245,10879,10880,10879,10,-10
2019-04-10 15:23:42.677,10878,10879,10879,1,1
2019-04-10 15:23:49.883,10878,10879,10879,1,1
2019-04-10 15:23:51.850,10878,10879,10879,1,1
2019-04-10 15:23:59.945,10878,10879,10878,2,-2
2019-04-10 15:24:02.710,10878,10879,10878,2,-2
2019-04-10 15:24:08.649,10878,10879,10878,1,-1
2019-04-10 15:24:08.666,10878,10879,10878,1,-1
2019-04-10 15:24:12.658,10878,10879,10878,1,-1
2019-04-10 15:24:13.258,10878,10879,10878,6,-6
2019-04-10 15:24:13.258,10878,10879,10877,9,-9
2019-04-10 15:24:13.528,10877,10878,10877,1,-1
2019-04-10 15:24:24.518,10877,10878,10877,1,-1
2019-04-10 15:24:27.625,10877,10878,10877,1,-1
2019-04-10 15:24:29.864,10877,10878,10878,4,4
2019-04-10 15:24:35.427,10877,10878,10878,1,1
2019-04-10 15:24:41.542,10877,10878,10877,1,-1
2019-04-10 15:24:48.565,10877,10878,10878,1,1
2019-04-10 15:24:52.969,10877,10878,10877,1,-1
2019-04-10 15:24:54.809,10877,10878,10878,3,3
2019-04-10 15:24:59.265,10877,10878,10878,10,10
2019-04-10 15:25:13.790,10877,10878,10877,12,-12
2019-04-10 15:25:14.199,10877,10878,10878,1,1
2019-04-10 15:25:14.315,10877,10878,10878,1,1
2019-04-10 15:25:16.808,10877,10878,10878,1,1
2019-04-10 15:25:22.994,10877,10878,10877,1,-1
2019-04-10 15:25:27.096,10877,10878,10877,9,-9
2019-04-10 15:25:27.168,10877,10878,10877,21,-21
2019-04-10 15:25:27.483,10876,10877,10877,1,1
2019-04-10 15:25:31.374,10876,10877,10876,1,-1
2019-04-10 15:25:33.426,10876,10877,10876,1,-1
2019-04-10 15:25:35.340,10876,10877,10876,8,-8
2019-04-10 15:25:35.340,10876,10877,10875,2,-2
2019-04-10 15:25:44.132,10875,10876,10875,1,-1
2019-04-10 15:25:47.890,10875,10876,10875,4,-4
2019-04-10 15:25:48.321,10875,10876,10875,1,-1
2019-04-10 15:25:50.581,10875,10876,10875,1,-1
2019-04-10 15:25:55.485,10875,10876,10875,2,-2
2019-04-10 15:25:56.522,10875,10876,10875,1,-1
2019-04-10 15:25:57.311,10875,10876,10875,1,-1
2019-04-10 15:25:59.411,10875,10876,10875,1,-1
2019-04-10 15:26:01.044,10875,10876,10875,1,-1
2019-04-10 15:26:02.590,10875,10876,10875,1,-1
2019-04-10 15:26:05.077,10875,10876,10875,4,-4
2019-04-10 15:26:08.362,10875,10876,10875,3,-3
2019-04-10 15:26:23.293,10875,10876,10876,2,2
2019-04-10 15:26:23.396,10875,10876,10876,1,1
2019-04-10 15:26:23.418,10875,10876,10876,9,9
2019-04-10 15:26:23.652,10875,10877,10876,2,-2
2019-04-10 15:26:42.691,10876,10877,10876,2,-2
2019-04-10 15:26:42.840,10876,10877,10877,1,1
2019-04-10 15:26:47.549,10876,10877,10877,1,1
2019-04-10 15:26:53.077,10876,10877,10876,1,-1
2019-04-10 15:27:01.767,10876,10877,10876,1,-1
2019-04-10 15:27:08.675,10876,10877,10877,1,1
2019-04-10 15:27:35.728,10876,10877,10877,1,1
2019-04-10 15:27:37.225,10876,10877,10877,1,1
2019-04-10 15:27:45.281,10876,10877,10877,1,1
2019-04-10 15:27:50.339,10876,10877,10877,1,1
2019-04-10 15:27:53.828,10876,10877,10877,1,1
2019-04-10 15:28:06.395,10876,10877,10877,3,3
2019-04-10 15:28:15.325,10876,10877,10877,1,1
2019-04-10 15:28:18.133,10876,10877,10877,2,2
2019-04-10 15:28:30.027,10876,10877,10877,5,5
2019-04-10 15:28:32.227,10876,10877,10877,1,1
2019-04-10 15:28:35.170,10876,10877,10877,6,6
2019-04-10 15:28:35.186,10876,10877,10877,1,1
2019-04-10 15:28:37.203,10876,10877,10877,1,1
2019-04-10 15:28:51.402,10877,10878,10877,1,-1
2019-04-10 15:28:53.950,10877,10878,10877,1,-1
2019-04-10 15:28:54.573,10877,10878,10877,1,-1
2019-04-10 15:29:04.905,10876,10877,10876,1,-1
2019-04-10 15:29:26.736,10876,10877,10876,2,-2
2019-04-10 15:29:37.656,10876,10877,10876,1,-1
2019-04-10 15:29:38.828,10876,10877,10876,1,-1
2019-04-10 15:29:38.961,10876,10877,10876,1,-1
2019-04-10 15:30:02.564,10876,10877,10876,1,-1
2019-04-10 15:30:03.388,10876,10877,10877,1,1
2019-04-10 15:30:03.441,10876,10877,10877,1,1
2019-04-10 15:30:17.127,10876,10877,10877,1,1
2019-04-10 15:30:19.708,10876,10877,10877,1,1
2019-04-10 15:30:25.826,10876,10877,10877,2,2
2019-04-10 15:30:38.503,10877,10878,10877,1,-1
2019-04-10 15:30:52.945,10877,10878,10878,1,1
2019-04-10 15:30:53.938,10877,10878,10877,9,-9
2019-04-10 15:30:53.938,10877,10878,10876,1,-1
2019-04-10 15:31:18.226,10877,10878,10878,1,1
2019-04-10 15:31:22.512,10877,10878,10878,1,1
2019-04-10 15:31:41.730,10877,10878,10878,1,1
2019-04-10 15:31:55.263,10877,10878,10877,1,-1
2019-04-10 15:31:55.293,10877,10878,10877,1,-1
2019-04-10 15:32:04.887,10876,10877,10877,1,1
2019-04-10 15:32:06.292,10876,10877,10877,1,1
2019-04-10 15:32:17.957,10876,10877,10877,1,1
2019-04-10 15:32:19.089,10876,10877,10877,1,1
2019-04-10 15:32:24.451,10876,10877,10876,1,-1
2019-04-10 15:32:26.491,10876,10877,10877,5,5
2019-04-10 15:32:29.638,10876,10877,10876,9,-9
2019-04-10 15:32:32.650,10876,10877,10876,6,-6
2019-04-10 15:32:32.664,10876,10877,10876,13,-13
2019-04-10 15:32:32.668,10876,10877,10876,2,-2
2019-04-10 15:32:34.803,10875,10876,10876,1,1
2019-04-10 15:32:36.070,10875,10876,10875,1,-1
2019-04-10 15:32:42.241,10875,10876,10875,5,-5
2019-04-10 15:32:52.835,10875,10876,10875,1,-1
2019-04-10 15:32:58.916,10875,10876,10875,4,-4
2019-04-10 15:32:59.588,10875,10876,10875,1,-1
2019-04-10 15:33:06.962,10875,10876,10875,2,-2
2019-04-10 15:33:07.217,10875,10876,10876,6,6
2019-04-10 15:33:07.228,10875,10876,10876,5,5
2019-04-10 15:33:07.245,10875,10876,10876,2,2
2019-04-10 15:33:07.255,10875,10876,10876,3,3
2019-04-10 15:33:07.258,10875,10876,10876,3,3
2019-04-10 15:33:07.261,10875,10876,10876,7,7
2019-04-10 15:33:07.269,10875,10876,10877,2,2
2019-04-10 15:33:07.273,10875,10876,10876,3,3
2019-04-10 15:33:07.273,10875,10876,10877,1,1
2019-04-10 15:33:07.279,10875,10876,10877,5,5
2019-04-10 15:33:07.284,10875,10876,10877,2,2
2019-04-10 15:33:07.291,10875,10876,10877,2,2
2019-04-10 15:33:07.294,10875,10877,10876,1,-1
2019-04-10 15:33:07.295,10875,10877,10877,3,3
2019-04-10 15:33:07.296,10875,10877,10877,2,2
2019-04-10 15:33:07.314,10875,10877,10877,2,2
2019-04-10 15:33:07.367,10875,10877,10876,1,-1
2019-04-10 15:33:07.367,10875,10877,10877,1,1
2019-04-10 15:33:07.392,10875,10877,10877,3,3
2019-04-10 15:33:07.398,10875,10877,10877,2,2
2019-04-10 15:33:07.418,10875,10877,10876,1,-1
2019-04-10 15:33:08.405,10876,10877,10876,1,-1
2019-04-10 15:33:26.170,10876,10877,10876,1,-1
2019-04-10 15:33:36.569,10876,10877,10876,1,-1
2019-04-10 15:33:40.364,10876,10877,10876,1,-1
2019-04-10 15:33:50.885,10876,10877,10876,2,-2
2019-04-10 15:33:52.692,10876,10877,10876,1,-1
2019-04-10 15:34:02.239,10876,10877,10876,1,-1
2019-04-10 15:34:06.388,10876,10877,10876,1,-1
2019-04-10 15:34:14.367,10876,10877,10876,1,-1
2019-04-10 15:34:21.413,10876,10877,10876,1,-1
2019-04-10 15:34:26.315,10876,10877,10876,1,-1
2019-04-10 15:34:40.866,10876,10877,10876,1,-1
2019-04-10 15:34:44.282,10876,10877,10876,4,-4
2019-04-10 15:34:46.093,10875,10876,10876,1,1
2019-04-10 15:34:46.427,10875,10876,10876,1,1
2019-04-10 15:34:47.159,10875,10876,10876,1,1
2019-04-10 15:34:57.235,10875,10876,10876,1,1
2019-04-10 15:35:01.422,10875,10876,10876,1,1
2019-04-10 15:35:10.105,10875,10876,10876,1,1
2019-04-10 15:35:23.955,10875,10876,10876,10,10
2019-04-10 15:35:30.994,10875,10876,10876,1,1
2019-04-10 15:35:31.064,10875,10876,10876,5,5
2019-04-10 15:35:34.997,10875,10876,10876,1,1
2019-04-10 15:35:39.215,10875,10876,10876,1,1
2019-04-10 15:36:00.506,10875,10876,10876,10,10
2019-04-10 15:36:10.474,10875,10876,10876,1,1
2019-04-10 15:36:17.578,10875,10876,10876,1,1
2019-04-10 15:36:23.839,10875,10876,10875,5,-5
2019-04-10 15:36:36.812,10875,10876,10875,1,-1
2019-04-10 15:36:53.254,10875,10876,10875,1,-1
2019-04-10 15:36:54.783,10875,10876,10875,1,-1
2019-04-10 15:37:12.169,10875,10876,10875,1,-1
2019-04-10 15:37:17.667,10875,10876,10875,5,-5
2019-04-10 15:37:18.953,10875,10876,10875,2,-2
2019-04-10 15:37:19.342,10875,10876,10875,1,-1
2019-04-10 15:37:20.601,10875,10876,10875,1,-1
2019-04-10 15:37:20.664,10875,10876,10875,2,-2
2019-04-10 15:37:24.363,10875,10876,10876,12,12
2019-04-10 15:37:25.963,10875,10876,10875,3,-3
2019-04-10 15:37:26.782,10875,10876,10875,2,-2
2019-04-10 15:37:43.852,10875,10876,10875,1,-1
2019-04-10 15:37:44.011,10875,10876,10875,1,-1
2019-04-10 15:37:55.619,10875,10876,10875,2,-2
2019-04-10 15:37:58.207,10875,10876,10875,4,-4
2019-04-10 15:38:00.827,10874,10875,10875,1,1
2019-04-10 15:38:02.184,10875,10876,10875,3,-3
2019-04-10 15:38:04.044,10875,10876,10875,2,-2
2019-04-10 15:38:05.206,10874,10875,10875,1,1
2019-04-10 15:38:13.079,10874,10875,10875,1,1
2019-04-10 15:38:13.514,10874,10875,10875,1,1
2019-04-10 15:38:14.188,10874,10875,10875,1,1
2019-04-10 15:38:19.075,10874,10875,10875,1,1
2019-04-10 15:38:22.551,10874,10875,10875,9,9
2019-04-10 15:38:23.797,10875,10876,10875,1,-1
2019-04-10 15:38:23.998,10875,10876,10875,1,-1
2019-04-10 15:38:34.493,10875,10876,10875,2,-2
2019-04-10 15:38:41.085,10875,10876,10876,1,1
2019-04-10 15:38:50.372,10875,10876,10876,5,5
2019-04-10 15:38:52.124,10875,10876,10876,1,1
2019-04-10 15:38:54.908,10875,10876,10876,1,1
2019-04-10 15:39:00.140,10875,10876,10876,3,3
2019-04-10 15:39:03.992,10875,10876,10876,5,5
2019-04-10 15:39:23.414,10876,10877,10876,1,-1
2019-04-10 15:39:53.547,10876,10877,10876,1,-1
2019-04-10 15:40:07.427,10876,10877,10877,1,1
2019-04-10 15:40:20.959,10876,10877,10877,1,1
2019-04-10 15:40:21.262,10876,10877,10877,1,1
2019-04-10 15:40:31.648,10876,10877,10877,2,2
2019-04-10 15:40:50.351,10876,10877,10877,1,1
2019-04-10 15:40:51.682,10876,10877,10877,1,1
2019-04-10 15:40:54.066,10876,10877,10877,7,7
2019-04-10 15:40:54.066,10876,10877,10877,2,2
2019-04-10 15:40:54.066,10876,10877,10877,2,2
2019-04-10 15:40:54.066,10876,10877,10877,1,1
2019-04-10 15:40:54.066,10876,10877,10877,9,9
2019-04-10 15:40:54.066,10876,10877,10877,2,2
2019-04-10 15:40:54.114,10876,10877,10878,1,1
2019-04-10 15:40:54.394,10877,10878,10878,1,1
2019-04-10 15:40:54.412,10877,10878,10878,2,2
2019-04-10 15:40:54.418,10877,10878,10878,19,19
2019-04-10 15:40:54.418,10877,10878,10878,3,3
2019-04-10 15:40:54.543,10877,10878,10878,3,3
2019-04-10 15:40:56.147,10878,10879,10878,1,-1
2019-04-10 15:40:59.761,10878,10879,10878,1,-1
2019-04-10 15:41:02.343,10878,10879,10879,1,1
2019-04-10 15:41:02.350,10878,10879,10879,1,1
2019-04-10 15:41:02.356,10878,10879,10879,2,2
2019-04-10 15:41:02.365,10878,10879,10879,1,1
2019-04-10 15:41:02.371,10878,10879,10879,1,1
2019-04-10 15:41:05.100,10878,10879,10879,1,1
2019-04-10 15:41:08.689,10878,10879,10879,2,2
2019-04-10 15:41:11.271,10878,10879,10879,1,1
2019-04-10 15:41:14.542,10878,10879,10879,1,1
2019-04-10 15:41:28.165,10878,10879,10879,1,1
2019-04-10 15:41:31.660,10878,10879,10878,10,-10
2019-04-10 15:41:31.668,10878,10879,10878,2,-2
2019-04-10 15:41:38.640,10878,10879,10878,1,-1
2019-04-10 15:41:40.392,10878,10879,10878,3,-3
2019-04-10 15:41:48.880,10878,10879,10879,20,20
2019-04-10 15:41:50.579,10878,10879,10878,30,-30
2019-04-10 15:41:53.781,10878,10879,10879,1,1
2019-04-10 15:41:53.992,10878,10879,10878,1,-1
2019-04-10 15:42:01.458,10878,10879,10878,5,-5
2019-04-10 15:42:03.864,10878,10879,10879,1,1
2019-04-10 15:42:06.131,10878,10879,10879,1,1
2019-04-10 15:42:14.301,10878,10879,10879,5,5
2019-04-10 15:42:18.097,10878,10879,10879,1,1
2019-04-10 15:42:23.415,10878,10879,10879,1,1
2019-04-10 15:42:40.108,10878,10879,10878,1,-1
2019-04-10 15:42:42.358,10878,10879,10878,1,-1
2019-04-10 15:42:43.230,10878,10879,10878,1,-1
2019-04-10 15:42:43.674,10878,10879,10879,1,1
2019-04-10 15:42:44.038,10878,10879,10878,1,-1
2019-04-10 15:42:45.891,10878,10879,10878,1,-1
2019-04-10 15:42:47.911,10878,10879,10878,1,-1
2019-04-10 15:42:51.687,10878,10879,10879,1,1
2019-04-10 15:42:54.709,10878,10879,10878,1,-1
2019-04-10 15:42:57.800,10878,10879,10879,1,1
2019-04-10 15:43:08.173,10878,10879,10878,1,-1
2019-04-10 15:43:09.788,10878,10879,10879,1,1
2019-04-10 15:43:12.945,10878,10879,10878,1,-1
2019-04-10 15:43:19.204,10878,10879,10879,1,1
2019-04-10 15:43:28.019,10878,10879,10878,3,-3
2019-04-10 15:43:48.802,10878,10879,10879,6,6
2019-04-10 15:44:01.877,10878,10879,10878,1,-1
2019-04-10 15:44:10.277,10878,10879,10879,1,1
2019-04-10 15:44:10.278,10878,10879,10879,4,4
2019-04-10 15:44:10.280,10878,10879,10879,4,4
2019-04-10 15:44:10.282,10878,10879,10879,4,4
2019-04-10 15:44:10.293,10878,10879,10879,2,2
2019-04-10 15:44:10.391,10878,10879,10879,2,2
2019-04-10 15:44:10.391,10878,10879,10879,1,1
2019-04-10 15:44:10.393,10878,10879,10879,4,4
2019-04-10 15:44:10.393,10878,10879,10879,1,1
2019-04-10 15:44:10.393,10878,10879,10879,1,1
2019-04-10 15:44:10.393,10878,10879,10879,4,4
2019-04-10 15:44:10.393,10878,10879,10879,1,1
2019-04-10 15:44:10.393,10878,10879,10879,1,1
2019-04-10 15:44:10.395,10878,10879,10879,1,1
2019-04-10 15:44:10.401,10878,10879,10879,6,6
2019-04-10 15:44:10.418,10878,10879,10879,1,1
2019-04-10 15:44:13.388,10879,10880,10879,1,-1
2019-04-10 15:44:17.446,10879,10880,10879,5,-5
2019-04-10 15:44:20.242,10879,10880,10879,1,-1
2019-04-10 15:44:21.246,10879,10880,10879,2,-2
2019-04-10 15:44:22.959,10879,10880,10879,1,-1
2019-04-10 15:44:23.429,10879,10880,10879,1,-1
2019-04-10 15:44:26.166,10879,10880,10879,1,-1
2019-04-10 15:44:26.955,10879,10880,10879,3,-3
2019-04-10 15:44:29.261,10879,10880,10880,1,1
2019-04-10 15:44:29.322,10879,10880,10880,1,1
2019-04-10 15:44:29.499,10879,10880,10880,3,3
2019-04-10 15:44:29.833,10879,10880,10880,4,4
2019-04-10 15:44:29.850,10879,10880,10880,2,2
2019-04-10 15:44:29.885,10879,10880,10880,1,1
2019-04-10 15:44:30.028,10879,10880,10880,1,1
2019-04-10 15:44:40.188,10879,10880,10880,1,1
2019-04-10 15:44:45.513,10879,10880,10880,1,1
2019-04-10 15:44:51.434,10879,10880,10880,5,5
2019-04-10 15:44:51.795,10879,10880,10880,1,1
2019-04-10 15:44:58.239,10879,10880,10879,1,-1
2019-04-10 15:45:03.525,10879,10880,10879,1,-1
2019-04-10 15:45:03.741,10879,10880,10880,1,1
2019-04-10 15:45:03.809,10879,10880,10880,1,1
2019-04-10 15:45:03.998,10879,10880,10880,2,2
2019-04-10 15:45:04.156,10879,10880,10880,2,2
2019-04-10 15:45:04.423,10879,10880,10880,2,2
2019-04-10 15:45:09.512,10879,10880,10879,1,-1
2019-04-10 15:45:11.505,10879,10880,10880,6,6
2019-04-10 15:45:15.652,10879,10880,10880,5,5
2019-04-10 15:45:17.420,10879,10880,10880,1,1
2019-04-10 15:45:21.583,10879,10880,10880,20,20
2019-04-10 15:45:22.834,10879,10880,10880,10,10
2019-04-10 15:45:24.135,10879,10880,10880,1,1
2019-04-10 15:45:24.270,10880,10881,10880,1,-1
2019-04-10 15:45:25.143,10879,10880,10880,7,7
2019-04-10 15:45:25.869,10880,10881,10881,1,1
2019-04-10 15:45:25.977,10880,10881,10881,12,12
2019-04-10 15:45:26.272,10880,10881,10881,1,1
2019-04-10 15:45:26.477,10880,10881,10880,1,-1
2019-04-10 15:45:26.504,10880,10881,10881,10,10
2019-04-10 15:45:26.575,10880,10881,10881,1,1
2019-04-10 15:45:32.248,10880,10881,10881,1,1
2019-04-10 15:45:32.640,10880,10881,10881,1,1
2019-04-10 15:45:32.809,10880,10881,10881,1,1
2019-04-10 15:45:36.107,10880,10881,10881,6,6
2019-04-10 15:45:37.141,10880,10881,10880,3,-3
2019-04-10 15:45:37.168,10880,10881,10880,10,-10
2019-04-10 15:45:37.270,10880,10881,10879,1,-1
2019-04-10 15:45:38.536,10879,10880,10880,1,1
2019-04-10 15:45:42.259,10879,10880,10879,1,-1
2019-04-10 15:45:42.413,10879,10880,10880,1,1
2019-04-10 15:45:44.528,10879,10880,10880,5,5
2019-04-10 15:45:44.862,10879,10880,10879,1,-1
2019-04-10 15:45:47.709,10879,10880,10879,1,-1
2019-04-10 15:45:48.585,10879,10880,10879,1,-1
2019-04-10 15:45:53.947,10879,10880,10880,5,5
2019-04-10 15:45:55.589,10879,10880,10879,1,-1
2019-04-10 15:45:56.388,10879,10880,10880,1,1
2019-04-10 15:46:03.419,10879,10880,10879,2,-2
2019-04-10 15:46:03.839,10879,10880,10880,5,5
2019-04-10 15:46:04.622,10879,10880,10879,1,-1
2019-04-10 15:46:08.001,10879,10880,10880,1,1
2019-04-10 15:46:17.507,10879,10880,10879,1,-1
2019-04-10 15:46:19.051,10879,10880,10879,1,-1
2019-04-10 15:46:25.401,10879,10880,10880,2,2
2019-04-10 15:46:31.830,10879,10880,10880,2,2
2019-04-10 15:46:33.796,10879,10880,10879,1,-1
2019-04-10 15:46:36.139,10879,10880,10879,1,-1
2019-04-10 15:46:38.206,10879,10880,10879,1,-1
2019-04-10 15:46:38.742,10879,10880,10879,1,-1
2019-04-10 15:47:00.012,10879,10880,10879,1,-1
2019-04-10 15:47:03.118,10879,10880,10879,10,-10
2019-04-10 15:47:03.361,10878,10880,10878,5,-5
2019-04-10 15:47:30.349,10878,10879,10879,1,1
2019-04-10 15:47:37.969,10878,10879,10878,20,-20
2019-04-10 15:47:42.944,10878,10879,10878,1,-1
2019-04-10 15:47:54.293,10878,10879,10878,2,-2
2019-04-10 15:48:03.349,10878,10879,10878,1,-1
2019-04-10 15:48:03.597,10878,10879,10879,1,1
2019-04-10 15:48:16.004,10878,10879,10878,1,-1
2019-04-10 15:48:18.566,10878,10879,10878,1,-1
2019-04-10 15:48:31.411,10878,10879,10878,1,-1
2019-04-10 15:48:32.951,10878,10879,10878,1,-1
2019-04-10 15:48:36.937,10878,10879,10878,1,-1
2019-04-10 15:48:37.893,10878,10879,10878,1,-1
2019-04-10 15:48:48.802,10878,10879,10879,1,1
2019-04-10 15:48:48.881,10878,10879,10879,2,2
2019-04-10 15:48:48.906,10878,10879,10879,2,2
2019-04-10 15:48:48.918,10878,10879,10879,8,8
2019-04-10 15:48:48.918,10878,10879,10879,5,5
2019-04-10 15:48:51.195,10879,10880,10879,21,-21
2019-04-10 15:48:55.160,10879,10880,10880,2,2
2019-04-10 15:48:56.311,10879,10880,10880,3,3
2019-04-10 15:49:02.640,10879,10880,10880,10,10
2019-04-10 15:49:03.316,10879,10880,10880,1,1
2019-04-10 15:49:04.919,10879,10880,10880,6,6
2019-04-10 15:49:05.989,10880,10881,10880,2,-2
2019-04-10 15:49:19.695,10880,10881,10881,1,1
2019-04-10 15:49:20.166,10880,10881,10881,3,3
2019-04-10 15:49:22.868,10880,10881,10881,4,4
2019-04-10 15:49:23.645,10880,10881,10881,5,5
2019-04-10 15:49:45.163,10880,10881,10880,1,-1
2019-04-10 15:49:50.039,10880,10881,10880,1,-1
2019-04-10 15:49:54.672,10880,10881,10880,2,-2
2019-04-10 15:49:57.207,10880,10881,10880,2,-2
2019-04-10 15:49:57.693,10879,10880,10879,1,-1
2019-04-10 15:50:02.129,10879,10880,10879,1,-1
2019-04-10 15:50:09.947,10879,10880,10880,8,8
2019-04-10 15:50:09.987,10879,10880,10881,2,2
2019-04-10 15:50:13.574,10879,10880,10880,1,1
2019-04-10 15:50:17.553,10879,10880,10880,2,2
2019-04-10 15:50:21.598,10880,10881,10880,1,-1
2019-04-10 15:50:23.764,10880,10881,10880,1,-1
2019-04-10 15:50:29.574,10880,10881,10880,1,-1
2019-04-10 15:50:33.610,10880,10881,10881,1,1
2019-04-10 15:50:36.186,10880,10881,10880,2,-2
2019-04-10 15:50:40.968,10880,10881,10880,1,-1
2019-04-10 15:50:41.361,10880,10881,10881,1,1
2019-04-10 15:50:45.989,10880,10881,10880,1,-1
2019-04-10 15:50:52.391,10880,10881,10880,1,-1
2019-04-10 15:50:56.875,10880,10881,10880,1,-1
2019-04-10 15:51:04.690,10880,10881,10880,5,-5
2019-04-10 15:51:30.741,10880,10881,10881,1,1
2019-04-10 15:51:39.840,10880,10881,10881,3,3
2019-04-10 15:51:47.461,10880,10881,10880,10,-10
2019-04-10 15:52:02.528,10880,10881,10881,1,1
2019-04-10 15:52:02.792,10880,10881,10881,1,1
2019-04-10 15:52:05.567,10880,10881,10881,1,1
2019-04-10 15:52:05.572,10880,10881,10881,1,1
2019-04-10 15:52:05.658,10880,10881,10881,1,1
2019-04-10 15:52:31.640,10880,10881,10881,2,2
2019-04-10 15:52:40.753,10880,10881,10881,1,1
2019-04-10 15:52:43.997,10880,10881,10880,1,-1
2019-04-10 15:52:48.284,10880,10881,10880,2,-2
2019-04-10 15:52:52.297,10880,10881,10881,1,1
2019-04-10 15:52:52.964,10880,10881,10881,7,7
2019-04-10 15:52:54.973,10880,10881,10881,2,2
2019-04-10 15:52:56.355,10880,10881,10881,2,2
2019-04-10 15:52:59.066,10880,10881,10881,1,1
2019-04-10 15:52:59.482,10880,10881,10881,2,2
2019-04-10 15:52:59.544,10880,10881,10881,4,4
2019-04-10 15:52:59.868,10881,10882,10881,1,-1
2019-04-10 15:52:59.942,10881,10882,10881,1,-1
2019-04-10 15:53:03.279,10881,10882,10881,1,-1
2019-04-10 15:53:05.946,10881,10882,10882,1,1
2019-04-10 15:53:06.067,10881,10882,10882,1,1
2019-04-10 15:53:06.084,10881,10882,10882,12,12
2019-04-10 15:53:06.137,10881,10882,10882,1,1
2019-04-10 15:53:06.278,10881,10882,10882,1,1
2019-04-10 15:53:06.341,10881,10882,10882,1,1
2019-04-10 15:53:06.398,10881,10882,10882,1,1
2019-04-10 15:53:06.457,10881,10882,10882,1,1
2019-04-10 15:53:07.106,10881,10882,10882,1,1
2019-04-10 15:53:07.506,10881,10882,10881,1,-1
2019-04-10 15:53:07.671,10881,10882,10881,2,-2
2019-04-10 15:53:08.164,10881,10882,10881,3,-3
2019-04-10 15:53:08.780,10881,10882,10881,1,-1
2019-04-10 15:53:15.883,10881,10882,10881,1,-1
2019-04-10 15:53:19.301,10881,10882,10881,1,-1
2019-04-10 15:53:27.203,10881,10882,10881,1,-1
2019-04-10 15:53:33.270,10881,10882,10881,1,-1
2019-04-10 15:53:41.480,10881,10882,10881,6,-6
2019-04-10 15:53:43.921,10881,10882,10881,1,-1
2019-04-10 15:53:47.686,10881,10882,10881,1,-1
2019-04-10 15:53:47.977,10881,10882,10881,1,-1
2019-04-10 15:54:19.414,10881,10882,10881,1,-1
2019-04-10 15:54:30.450,10881,10882,10881,1,-1
2019-04-10 15:54:34.686,10881,10882,10882,1,1
2019-04-10 15:54:35.845,10881,10882,10881,9,-9
2019-04-10 15:54:35.949,10881,10882,10882,1,1
2019-04-10 15:54:37.189,10881,10882,10882,5,5
2019-04-10 15:54:41.530,10881,10882,10882,3,3
2019-04-10 15:54:46.016,10881,10882,10882,4,4
2019-04-10 15:54:49.569,10881,10882,10881,1,-1
2019-04-10 15:55:00.272,10881,10882,10882,1,1
2019-04-10 15:55:04.747,10881,10882,10882,10,10
2019-04-10 15:55:04.793,10881,10882,10882,2,2
2019-04-10 15:55:04.793,10881,10882,10882,1,1
2019-04-10 15:55:05.232,10881,10882,10882,3,3
2019-04-10 15:55:06.224,10882,10883,10882,1,-1
2019-04-10 15:55:08.027,10882,10883,10883,1,1
2019-04-10 15:55:08.071,10882,10883,10883,1,1
2019-04-10 15:55:08.076,10882,10883,10883,1,1
2019-04-10 15:55:08.246,10882,10883,10883,3,3
2019-04-10 15:55:08.364,10882,10883,10883,1,1
2019-04-10 15:55:08.656,10882,10883,10883,1,1
2019-04-10 15:55:12.149,10882,10883,10883,1,1
2019-04-10 15:55:18.118,10882,10883,10883,21,21
2019-04-10 15:55:23.700,10882,10883,10883,4,4
2019-04-10 15:55:28.226,10883,10884,10883,1,-1
2019-04-10 15:55:30.126,10883,10884,10883,1,-1
2019-04-10 15:55:34.004,10882,10883,10883,1,1
2019-04-10 15:55:42.861,10882,10883,10882,1,-1
2019-04-10 15:55:48.233,10882,10883,10883,3,3
2019-04-10 15:55:52.595,10882,10883,10883,4,4
2019-04-10 15:55:53.083,10882,10883,10883,1,1
2019-04-10 15:55:53.451,10882,10883,10882,1,-1
2019-04-10 15:55:56.417,10882,10883,10882,1,-1
2019-04-10 15:56:07.338,10882,10883,10883,5,5
2019-04-10 15:56:07.899,10882,10883,10883,2,2
2019-04-10 15:56:07.996,10882,10883,10883,1,1
2019-04-10 15:56:08.043,10882,10883,10883,1,1
2019-04-10 15:56:08.043,10882,10883,10883,1,1
2019-04-10 15:56:08.088,10882,10883,10883,1,1
2019-04-10 15:56:08.088,10882,10883,10883,1,1
2019-04-10 15:56:12.127,10883,10884,10883,1,-1
2019-04-10 15:56:12.197,10883,10884,10884,2,2
2019-04-10 15:56:12.510,10883,10884,10884,2,2
2019-04-10 15:56:15.503,10883,10884,10884,1,1
2019-04-10 15:56:16.307,10883,10884,10883,3,-3
2019-04-10 15:56:18.133,10883,10884,10883,1,-1
2019-04-10 15:56:23.607,10883,10884,10884,1,1
2019-04-10 15:56:31.459,10883,10884,10884,1,1
2019-04-10 15:56:35.109,10883,10884,10883,1,-1
2019-04-10 15:56:39.188,10883,10884,10883,1,-1
2019-04-10 15:56:41.052,10883,10884,10883,5,-5
2019-04-10 15:56:41.057,10883,10884,10883,8,-8
2019-04-10 15:56:41.057,10883,10884,10883,4,-4
2019-04-10 15:56:44.012,10882,10883,10882,1,-1
2019-04-10 15:56:44.068,10882,10883,10883,21,21
2019-04-10 15:56:48.526,10882,10883,10883,1,1
2019-04-10 15:56:50.057,10882,10883,10883,1,1
2019-04-10 15:56:55.293,10882,10883,10882,23,-23
2019-04-10 15:57:03.710,10881,10882,10882,1,1
2019-04-10 15:57:09.808,10881,10882,10882,1,1
2019-04-10 15:57:25.042,10881,10882,10881,1,-1
2019-04-10 15:57:41.898,10881,10882,10882,1,1
2019-04-10 15:57:42.418,10881,10882,10882,2,2
2019-04-10 15:57:45.145,10881,10882,10882,2,2
2019-04-10 15:57:53.027,10881,10882,10882,1,1
2019-04-10 15:57:55.613,10881,10882,10881,2,-2
2019-04-10 15:58:01.166,10881,10882,10882,1,1
2019-04-10 15:58:09.406,10881,10882,10882,1,1
2019-04-10 15:58:37.395,10881,10882,10881,1,-1
2019-04-10 15:58:37.395,10881,10882,10882,1,1
2019-04-10 15:58:59.021,10881,10882,10882,1,1
2019-04-10 15:59:02.439,10881,10882,10881,3,-3
2019-04-10 15:59:16.052,10881,10882,10881,5,-5
2019-04-10 15:59:16.168,10881,10882,10881,1,-1
2019-04-10 15:59:17.631,10881,10882,10881,27,-27
2019-04-10 15:59:17.884,10880,10881,10880,1,-1
2019-04-10 15:59:23.917,10880,10881,10880,1,-1
2019-04-10 15:59:27.878,10880,10881,10880,10,-10
2019-04-10 15:59:27.918,10880,10881,10880,8,-8
2019-04-10 15:59:33.270,10879,10880,10879,1,-1
2019-04-10 15:59:43.245,10879,10880,10879,1,-1
2019-04-10 15:59:43.855,10879,10880,10879,1,-1
2019-04-10 15:59:47.994,10879,10880,10879,1,-1
2019-04-10 15:59:48.786,10879,10880,10880,1,1
2019-04-10 15:59:54.934,10879,10880,10879,1,-1
2019-04-10 15:59:56.125,10879,10880,10880,2,2
2019-04-10 16:00:01.091,10879,10880,10880,11,11
2019-04-10 16:00:01.168,10879,10880,10880,2,2
2019-04-10 16:00:01.168,10879,10880,10880,2,2
2019-04-10 16:00:01.367,10880,10881,10881,1,1
2019-04-10 16:00:01.380,10880,10881,10881,1,1
2019-04-10 16:00:01.396,10880,10881,10881,1,1
2019-04-10 16:00:01.511,10880,10881,10880,1,-1
2019-04-10 16:00:01.517,10880,10881,10881,1,1
2019-04-10 16:00:01.531,10880,10881,10881,1,1
2019-04-10 16:00:01.594,10880,10881,10881,1,1
2019-04-10 16:00:02.656,10880,10881,10881,1,1
2019-04-10 16:00:04.374,10880,10881,10880,8,-8
2019-04-10 16:00:10.949,10880,10881,10880,1,-1
2019-04-10 16:00:16.479,10880,10881,10880,1,-1
2019-04-10 16:00:26.110,10880,10881,10880,1,-1
2019-04-10 16:00:31.872,10880,10881,10881,1,1
2019-04-10 16:00:52.567,10880,10881,10880,1,-1
2019-04-10 16:00:53.918,10880,10881,10880,5,-5
2019-04-10 16:00:54.043,10880,10881,10880,12,-12
2019-04-10 16:00:55.846,10879,10880,10880,1,1
2019-04-10 16:01:12.242,10879,10880,10879,6,-6
2019-04-10 16:01:16.017,10879,10880,10880,1,1
2019-04-10 16:01:19.765,10879,10880,10879,1,-1
2019-04-10 16:01:36.009,10879,10880,10879,1,-1
2019-04-10 16:01:37.238,10879,10880,10879,2,-2
2019-04-10 16:01:40.828,10879,10880,10879,2,-2
2019-04-10 16:01:52.044,10879,10880,10879,1,-1
2019-04-10 16:01:56.015,10879,10880,10879,2,-2
2019-04-10 16:01:57.910,10879,10880,10879,1,-1
2019-04-10 16:02:08.740,10879,10880,10879,1,-1
2019-04-10 16:02:09.345,10879,10880,10879,1,-1
2019-04-10 16:02:10.579,10879,10880,10879,1,-1
2019-04-10 16:02:14.020,10879,10880,10879,1,-1
2019-04-10 16:02:20.909,10879,10880,10879,5,-5
2019-04-10 16:02:22.567,10879,10880,10880,2,2
2019-04-10 16:02:26.328,10879,10880,10879,18,-18
2019-04-10 16:02:31.281,10878,10879,10879,2,2
2019-04-10 16:02:46.792,10878,10879,10878,3,-3
2019-04-10 16:02:47.030,10878,10879,10878,8,-8
2019-04-10 16:02:51.168,10878,10879,10878,1,-1
2019-04-10 16:02:51.665,10878,10879,10878,1,-1
2019-04-10 16:02:52.373,10878,10879,10878,1,-1
2019-04-10 16:02:56.589,10878,10879,10879,1,1
2019-04-10 16:02:58.169,10878,10879,10879,1,1
2019-04-10 16:03:00.306,10878,10879,10879,1,1
2019-04-10 16:03:00.987,10878,10879,10879,5,5
2019-04-10 16:03:37.090,10878,10879,10879,4,4
2019-04-10 16:03:37.968,10879,10880,10879,2,-2
2019-04-10 16:03:55.994,10879,10880,10879,1,-1
2019-04-10 16:03:57.265,10879,10880,10879,11,-11
2019-04-10 16:04:34.246,10878,10879,10879,2,2
2019-04-10 16:04:39.031,10878,10879,10879,1,1
2019-04-10 16:04:46.911,10878,10879,10879,1,1
2019-04-10 16:04:51.994,10878,10879,10879,1,1
2019-04-10 16:04:53.140,10878,10879,10878,1,-1
2019-04-10 16:05:08.785,10878,10879,10878,21,-21
2019-04-10 16:05:11.656,10878,10879,10878,3,-3
2019-04-10 16:05:37.882,10878,10879,10878,1,-1
2019-04-10 16:05:39.767,10878,10879,10879,1,1
2019-04-10 16:06:03.220,10878,10879,10879,4,4
2019-04-10 16:06:04.317,10878,10879,10879,1,1
2019-04-10 16:06:11.340,10878,10879,10879,2,2
2019-04-10 16:06:27.711,10878,10879,10879,1,1
2019-04-10 16:06:27.711,10878,10879,10879,1,1
2019-04-10 16:06:27.794,10878,10879,10879,1,1
2019-04-10 16:06:27.797,10878,10879,10879,7,7
2019-04-10 16:06:50.257,10879,10880,10879,2,-2
2019-04-10 16:06:51.293,10879,10880,10880,9,9
2019-04-10 16:06:51.418,10879,10880,10880,7,7
2019-04-10 16:06:51.418,10879,10880,10880,2,2
2019-04-10 16:06:59.507,10880,10881,10880,1,-1
2019-04-10 16:07:17.576,10880,10881,10880,1,-1
2019-04-10 16:07:25.815,10880,10881,10880,1,-1
2019-04-10 16:07:27.375,10880,10881,10880,1,-1
2019-04-10 16:07:28.526,10880,10881,10880,1,-1
2019-04-10 16:07:29.282,10880,10881,10880,1,-1
2019-04-10 16:07:40.207,10880,10881,10880,1,-1
2019-04-10 16:07:45.100,10880,10881,10880,1,-1
2019-04-10 16:07:55.418,10880,10881,10880,1,-1
2019-04-10 16:07:56.067,10880,10881,10880,24,-24
2019-04-10 16:07:58.517,10879,10880,10880,5,5
2019-04-10 16:08:03.250,10880,10881,10880,1,-1
2019-04-10 16:08:26.479,10880,10881,10880,12,-12
2019-04-10 16:08:26.901,10880,10881,10880,1,-1
2019-04-10 16:08:36.833,10879,10880,10879,15,-15
2019-04-10 16:08:39.293,10879,10880,10879,6,-6
2019-04-10 16:09:30.169,10879,10880,10880,1,1
2019-04-10 16:09:47.167,10878,10879,10879,1,1
2019-04-10 16:09:56.473,10878,10879,10878,1,-1
2019-04-10 16:09:56.543,10878,10879,10878,1,-1
2019-04-10 16:10:22.523,10878,10879,10878,1,-1
2019-04-10 16:10:22.523,10878,10879,10878,5,-5
2019-04-10 16:10:22.524,10878,10879,10878,6,-6
2019-04-10 16:10:23.580,10877,10878,10877,1,-1
2019-04-10 16:10:24.005,10877,10878,10878,3,3
2019-04-10 16:10:29.682,10877,10878,10878,1,1
2019-04-10 16:10:29.745,10877,10878,10877,1,-1
2019-04-10 16:10:32.909,10877,10878,10877,1,-1
2019-04-10 16:10:37.269,10877,10878,10877,1,-1
2019-04-10 16:10:47.843,10877,10878,10877,2,-2
2019-04-10 16:10:48.165,10877,10878,10877,2,-2
2019-04-10 16:10:48.787,10876,10877,10877,3,3
2019-04-10 16:11:04.842,10876,10877,10877,1,1
2019-04-10 16:11:08.399,10877,10878,10877,2,-2
2019-04-10 16:11:08.399,10877,10878,10877,2,-2
2019-04-10 16:11:09.480,10876,10877,10876,1,-1
2019-04-10 16:11:09.607,10876,10877,10876,2,-2
2019-04-10 16:11:19.835,10876,10877,10876,1,-1
2019-04-10 16:11:26.286,10876,10877,10876,1,-1
2019-04-10 16:11:35.587,10876,10877,10877,1,1
2019-04-10 16:11:41.459,10876,10877,10877,1,1
2019-04-10 16:12:06.923,10876,10877,10876,4,-4
2019-04-10 16:12:07.134,10876,10877,10876,1,-1
2019-04-10 16:12:20.297,10876,10877,10876,1,-1
2019-04-10 16:12:20.297,10876,10877,10876,2,-2
2019-04-10 16:12:20.298,10876,10877,10876,18,-18
2019-04-10 16:12:20.298,10876,10877,10876,2,-2
2019-04-10 16:12:25.202,10875,10876,10875,1,-1
2019-04-10 16:12:25.316,10875,10876,10875,1,-1
2019-04-10 16:12:25.566,10875,10876,10875,1,-1
2019-04-10 16:12:26.126,10875,10876,10875,2,-2
2019-04-10 16:12:26.727,10875,10876,10875,1,-1
2019-04-10 16:12:26.746,10875,10876,10875,1,-1
2019-04-10 16:12:26.778,10875,10876,10875,1,-1
2019-04-10 16:12:26.781,10875,10876,10875,1,-1
2019-04-10 16:12:27.065,10875,10876,10875,1,-1
2019-04-10 16:12:28.599,10875,10876,10875,3,-3
2019-04-10 16:12:30.152,10875,10876,10875,2,-2
2019-04-10 16:12:30.509,10875,10876,10875,2,-2
2019-04-10 16:12:30.991,10875,10876,10875,2,-2
2019-04-10 16:12:31.350,10875,10876,10875,1,-1
2019-04-10 16:12:32.291,10875,10876,10875,2,-2
2019-04-10 16:12:32.619,10875,10876,10875,1,-1
2019-04-10 16:12:34.398,10875,10876,10875,1,-1
2019-04-10 16:12:36.473,10875,10876,10875,1,-1
2019-04-10 16:12:39.129,10875,10876,10875,2,-2
2019-04-10 16:12:41.485,10875,10876,10875,2,-2
2019-04-10 16:12:41.893,10875,10876,10875,2,-2
2019-04-10 16:12:42.044,10875,10876,10875,1,-1
2019-04-10 16:12:42.439,10874,10875,10875,1,1
2019-04-10 16:12:47.406,10874,10875,10875,2,2
2019-04-10 16:12:48.289,10874,10875,10875,5,5
2019-04-10 16:12:48.293,10874,10875,10875,3,3
2019-04-10 16:13:08.543,10875,10876,10876,2,2
2019-04-10 16:13:08.668,10875,10876,10876,2,2
2019-04-10 16:13:08.793,10875,10876,10876,3,3
2019-04-10 16:13:09.340,10876,10877,10877,1,1
2019-04-10 16:13:25.964,10876,10877,10876,1,-1
2019-04-10 16:13:31.110,10876,10877,10876,1,-1
2019-04-10 16:13:37.611,10876,10877,10877,5,5
2019-04-10 16:13:49.581,10876,10877,10877,1,1
2019-04-10 16:13:58.204,10876,10877,10876,2,-2
2019-04-10 16:14:18.138,10876,10877,10876,1,-1
2019-04-10 16:14:24.604,10876,10877,10876,1,-1
2019-04-10 16:14:37.127,10876,10877,10876,1,-1
2019-04-10 16:14:41.363,10876,10877,10876,1,-1
2019-04-10 16:14:56.150,10876,10877,10877,1,1
2019-04-10 16:15:06.271,10876,10877,10877,1,1
2019-04-10 16:15:17.466,10876,10877,10877,1,1
2019-04-10 16:15:21.164,10876,10877,10876,1,-1
2019-04-10 16:15:22.420,10876,10877,10876,2,-2
2019-04-10 16:15:26.725,10876,10877,10877,1,1
2019-04-10 16:15:42.471,10876,10877,10876,2,-2
2019-04-10 16:15:43.447,10876,10877,10876,2,-2
2019-04-10 16:15:52.877,10876,10877,10876,1,-1
2019-04-10 16:15:58.293,10876,10877,10876,2,-2
2019-04-10 16:15:59.693,10876,10877,10876,2,-2
2019-04-10 16:16:02.325,10876,10877,10876,2,-2
2019-04-10 16:16:11.366,10876,10877,10876,1,-1
2019-04-10 16:16:11.851,10876,10877,10876,3,-3
2019-04-10 16:16:20.236,10876,10877,10876,2,-2
2019-04-10 16:16:43.073,10876,10877,10876,1,-1
2019-04-10 16:17:13.662,10876,10877,10876,2,-2
2019-04-10 16:17:39.520,10876,10877,10876,13,-13
2019-04-10 16:17:40.590,10876,10877,10876,2,-2
2019-04-10 16:17:40.993,10876,10877,10876,1,-1
2019-04-10 16:17:43.765,10876,10877,10876,1,-1
2019-04-10 16:17:46.644,10876,10877,10876,6,-6
2019-04-10 16:17:56.461,10875,10876,10875,1,-1
2019-04-10 16:18:01.635,10875,10876,10876,1,1
2019-04-10 16:18:14.902,10875,10876,10875,2,-2
2019-04-10 16:18:18.378,10875,10876,10875,2,-2
2019-04-10 16:18:20.359,10875,10876,10875,1,-1
2019-04-10 16:18:34.138,10875,10876,10875,3,-3
2019-04-10 16:18:42.136,10875,10876,10875,1,-1
2019-04-10 16:18:42.169,10875,10876,10875,7,-7
2019-04-10 16:18:44.112,10874,10875,10875,1,1
2019-04-10 16:18:51.297,10874,10875,10875,2,2
2019-04-10 16:19:02.641,10874,10875,10874,3,-3
2019-04-10 16:19:02.691,10874,10875,10874,1,-1
2019-04-10 16:19:02.694,10874,10875,10874,1,-1
2019-04-10 16:19:02.834,10874,10875,10875,1,1
2019-04-10 16:19:06.401,10874,10875,10875,2,2
2019-04-10 16:19:12.295,10874,10875,10875,1,1
2019-04-10 16:19:12.339,10874,10875,10874,19,-19
2019-04-10 16:19:16.866,10873,10874,10873,1,-1
2019-04-10 16:19:17.027,10873,10874,10873,1,-1
2019-04-10 16:19:17.093,10873,10874,10873,1,-1
2019-04-10 16:19:17.147,10873,10874,10873,3,-3
2019-04-10 16:19:17.264,10873,10874,10873,1,-1
2019-04-10 16:19:28.662,10873,10874,10874,2,2
2019-04-10 16:19:28.967,10873,10874,10873,1,-1
2019-04-10 16:19:31.493,10873,10874,10873,1,-1
2019-04-10 16:19:34.060,10873,10874,10873,6,-6
2019-04-10 16:19:34.614,10873,10874,10873,2,-2
2019-04-10 16:19:38.036,10873,10874,10873,2,-2
2019-04-10 16:19:44.704,10873,10874,10873,1,-1
2019-04-10 16:19:47.364,10873,10874,10873,1,-1
2019-04-10 16:19:55.756,10873,10874,10873,1,-1
2019-04-10 16:20:00.806,10873,10874,10873,1,-1
2019-04-10 16:20:02.749,10873,10874,10873,2,-2
2019-04-10 16:20:05.230,10873,10874,10873,1,-1
2019-04-10 16:20:05.336,10873,10874,10874,1,1
2019-04-10 16:20:05.856,10873,10874,10874,1,1
2019-04-10 16:20:10.919,10873,10874,10874,1,1
2019-04-10 16:20:17.091,10873,10874,10874,1,1
2019-04-10 16:20:17.970,10873,10874,10874,1,1
2019-04-10 16:20:21.876,10873,10874,10873,3,-3
2019-04-10 16:20:36.331,10873,10874,10873,1,-1
2019-04-10 16:20:38.043,10873,10874,10873,5,-5
2019-04-10 16:20:47.866,10873,10874,10873,9,-9
2019-04-10 16:20:51.807,10873,10874,10873,2,-2
2019-04-10 16:20:55.107,10873,10874,10873,14,-14
2019-04-10 16:21:02.860,10872,10873,10872,6,-6
2019-04-10 16:21:02.942,10872,10873,10872,1,-1
2019-04-10 16:21:03.041,10872,10873,10872,5,-5
2019-04-10 16:21:04.143,10872,10873,10872,1,-1
2019-04-10 16:21:04.952,10872,10873,10872,1,-1
2019-04-10 16:21:07.618,10872,10873,10873,1,1
2019-04-10 16:21:10.681,10872,10873,10872,1,-1
2019-04-10 16:21:11.643,10872,10873,10872,1,-1
2019-04-10 16:21:11.673,10872,10873,10873,1,1
2019-04-10 16:21:16.248,10872,10873,10872,1,-1
2019-04-10 16:21:19.263,10872,10873,10873,1,1
2019-04-10 16:21:19.698,10872,10873,10873,1,1
2019-04-10 16:21:20.647,10872,10873,10872,13,-13
2019-04-10 16:21:24.395,10872,10873,10872,3,-3
2019-04-10 16:21:26.382,10872,10873,10872,1,-1
2019-04-10 16:21:26.524,10872,10873,10872,1,-1
2019-04-10 16:21:26.552,10872,10873,10872,1,-1
2019-04-10 16:21:28.649,10872,10873,10872,1,-1
2019-04-10 16:21:29.888,10872,10873,10872,1,-1
2019-04-10 16:21:31.072,10872,10873,10872,5,-5
2019-04-10 16:21:31.699,10872,10873,10872,1,-1
2019-04-10 16:21:33.526,10872,10873,10872,1,-1
2019-04-10 16:21:33.565,10872,10873,10872,1,-1
2019-04-10 16:21:37.570,10872,10873,10873,2,2
2019-04-10 16:21:42.966,10872,10873,10873,1,1
2019-04-10 16:21:43.797,10872,10873,10872,1,-1
2019-04-10 16:21:45.606,10872,10873,10872,1,-1
2019-04-10 16:21:52.173,10872,10873,10873,1,1
2019-04-10 16:21:52.480,10872,10873,10872,1,-1
2019-04-10 16:21:53.294,10872,10873,10873,1,1
2019-04-10 16:21:59.886,10872,10873,10873,1,1
2019-04-10 16:22:02.135,10872,10873,10873,2,2
2019-04-10 16:22:04.798,10872,10873,10873,10,10
2019-04-10 16:22:04.918,10872,10873,10873,2,2
2019-04-10 16:22:07.940,10873,10874,10873,4,-4
2019-04-10 16:22:14.243,10873,10874,10873,1,-1
2019-04-10 16:22:27.391,10873,10874,10873,5,-5
2019-04-10 16:22:35.671,10873,10874,10873,1,-1
2019-04-10 16:22:39.614,10873,10874,10873,6,-6
2019-04-10 16:22:42.904,10873,10874,10873,1,-1
2019-04-10 16:22:47.051,10873,10874,10873,1,-1
2019-04-10 16:23:26.487,10873,10874,10873,2,-2
2019-04-10 16:23:34.909,10873,10874,10873,2,-2
2019-04-10 16:23:36.708,10873,10874,10873,1,-1
2019-04-10 16:23:44.192,10873,10874,10873,2,-2
2019-04-10 16:23:47.868,10873,10874,10873,2,-2
2019-04-10 16:23:51.885,10873,10874,10873,1,-1
2019-04-10 16:24:03.596,10873,10874,10873,2,-2
2019-04-10 16:24:14.100,10873,10874,10873,1,-1
2019-04-10 16:24:16.505,10873,10874,10874,1,1
2019-04-10 16:24:16.650,10873,10874,10873,2,-2
2019-04-10 16:24:21.870,10873,10874,10873,1,-1
2019-04-10 16:24:31.065,10873,10874,10874,1,1
2019-04-10 16:24:33.392,10873,10874,10874,4,4
2019-04-10 16:24:33.418,10873,10874,10874,10,10
2019-04-10 16:24:33.420,10873,10874,10874,1,1
2019-04-10 16:24:35.914,10873,10874,10874,1,1
2019-04-10 16:24:39.145,10873,10874,10874,1,1
2019-04-10 16:24:39.145,10873,10874,10874,2,2
2019-04-10 16:24:41.832,10874,10875,10874,2,-2
2019-04-10 16:24:41.832,10874,10875,10873,1,-1
2019-04-10 16:24:44.485,10874,10875,10874,1,1
2019-04-10 16:25:33.249,10874,10875,10874,1,-1
2019-04-10 16:25:34.811,10874,10875,10875,10,10
2019-04-10 16:25:43.808,10874,10875,10875,1,1
2019-04-10 16:25:50.471,10874,10875,10875,5,5
2019-04-10 16:26:10.945,10875,10876,10875,1,-1
2019-04-10 16:26:13.003,10875,10876,10875,4,-4
2019-04-10 16:26:23.951,10875,10876,10875,1,-1
2019-04-10 16:26:26.748,10875,10876,10875,1,-1
2019-04-10 16:26:54.717,10875,10876,10875,4,-4
2019-04-10 16:27:14.812,10875,10876,10875,4,-4
2019-04-10 16:27:22.532,10875,10876,10875,1,-1
2019-04-10 16:27:37.170,10875,10876,10876,1,1
2019-04-10 16:27:58.287,10875,10876,10876,1,1
2019-04-10 16:28:04.670,10875,10876,10876,1,1
2019-04-10 16:28:06.271,10875,10876,10876,1,1
2019-04-10 16:28:06.387,10875,10876,10876,1,1
2019-04-10 16:28:06.598,10875,10876,10876,1,1
2019-04-10 16:28:12.579,10875,10876,10876,1,1
2019-04-10 16:28:13.168,10875,10876,10875,1,-1
2019-04-10 16:28:37.293,10875,10876,10875,1,-1
2019-04-10 16:28:43.780,10875,10876,10875,8,-8
2019-04-10 16:29:01.243,10875,10876,10875,8,-8
2019-04-10 16:29:09.603,10875,10876,10875,1,-1
2019-04-10 16:29:30.705,10875,10876,10875,1,-1
2019-04-10 16:29:46.673,10875,10876,10875,10,-10
2019-04-10 16:29:51.531,10875,10876,10875,1,-1
2019-04-10 16:29:58.428,10875,10876,10875,1,-1
2019-04-10 16:30:00.147,10875,10876,10875,2,-2
2019-04-10 16:30:23.825,10875,10876,10876,1,1
2019-04-10 16:30:24.600,10875,10876,10875,1,-1
2019-04-10 16:30:30.443,10875,10876,10876,1,1
2019-04-10 16:30:31.949,10875,10876,10876,1,1
2019-04-10 16:30:34.648,10875,10876,10876,1,1
2019-04-10 16:30:38.965,10875,10876,10876,1,1
2019-04-10 16:30:39.217,10875,10876,10876,1,1
2019-04-10 16:30:39.218,10875,10876,10876,2,2
2019-04-10 16:30:39.295,10875,10876,10876,15,15
2019-04-10 16:30:44.664,10876,10877,10876,2,-2
2019-04-10 16:31:34.782,10876,10877,10877,1,1
2019-04-10 16:31:44.129,10876,10877,10877,1,1
2019-04-10 16:31:51.192,10876,10877,10876,5,-5
2019-04-10 16:32:16.088,10876,10877,10876,11,-11
2019-04-10 16:32:38.737,10875,10876,10876,1,1
2019-04-10 16:32:53.249,10875,10876,10876,1,1
2019-04-10 16:32:54.212,10875,10876,10876,2,2
2019-04-10 16:33:06.567,10875,10876,10876,1,1
2019-04-10 16:33:07.432,10875,10876,10875,1,-1
2019-04-10 16:33:07.432,10875,10876,10875,4,-4
2019-04-10 16:33:15.639,10874,10875,10875,1,1
2019-04-10 16:33:19.117,10874,10875,10875,1,1
2019-04-10 16:33:35.005,10875,10876,10875,5,-5
2019-04-10 16:33:39.633,10875,10876,10875,1,-1
2019-04-10 16:33:45.937,10875,10876,10875,1,-1
2019-04-10 16:33:47.069,10875,10876,10875,1,-1
2019-04-10 16:34:01.217,10874,10875,10875,1,1
2019-04-10 16:35:04.824,10874,10875,10875,4,4
2019-04-10 16:35:05.418,10875,10876,10876,2,2
2019-04-10 16:35:05.608,10875,10876,10876,1,1
2019-04-10 16:35:28.938,10874,10876,10876,3,3
2019-04-10 16:35:48.001,10875,10876,10876,3,3
2019-04-10 16:36:48.494,10875,10876,10876,3,3
2019-04-10 16:37:20.047,10875,10876,10876,1,1
2019-04-10 16:37:20.577,10875,10876,10876,5,5
2019-04-10 16:37:30.590,10875,10876,10876,1,1
2019-04-10 16:37:41.472,10875,10876,10876,1,1
2019-04-10 16:37:57.350,10875,10876,10876,1,1
2019-04-10 16:37:57.352,10875,10876,10876,1,1
2019-04-10 16:38:06.310,10875,10876,10876,3,3
2019-04-10 16:38:09.164,10875,10876,10876,1,1
2019-04-10 16:38:10.004,10876,10877,10876,1,-1
2019-04-10 16:38:18.946,10875,10877,10877,1,1
2019-04-10 16:38:44.228,10876,10877,10876,8,-8
2019-04-10 16:39:32.537,10876,10877,10876,1,-1
2019-04-10 16:39:39.242,10876,10877,10876,1,-1
2019-04-10 16:39:53.002,10876,10877,10876,4,-4
2019-04-10 16:39:53.354,10875,10877,10877,1,1
2019-04-10 16:40:09.549,10875,10876,10876,1,1
2019-04-10 16:40:13.340,10875,10876,10876,1,1
2019-04-10 16:40:19.368,10875,10876,10876,1,1
2019-04-10 16:40:21.418,10875,10876,10876,1,1
2019-04-10 16:40:28.180,10876,10877,10876,1,-1
2019-04-10 16:41:12.151,10876,10877,10877,2,2
2019-04-10 16:41:18.166,10876,10877,10876,2,-2
2019-04-10 16:41:56.098,10876,10877,10876,11,-11
2019-04-10 16:42:11.851,10876,10877,10876,3,-3
2019-04-10 16:42:16.622,10876,10877,10876,1,-1
2019-04-10 16:42:29.395,10876,10877,10876,1,-1
2019-04-10 16:44:14.920,10876,10877,10877,4,4
2019-04-10 16:44:36.764,10876,10877,10876,1,-1
2019-04-10 16:44:51.284,10876,10877,10876,3,-3
2019-04-10 16:44:58.210,10876,10877,10876,3,-3
2019-04-10 16:45:58.626,10876,10877,10876,2,-2
2019-04-10 16:45:58.794,10876,10877,10876,2,-2
2019-04-10 16:46:02.323,10876,10877,10877,1,1
2019-04-10 16:46:03.482,10876,10877,10876,1,-1
2019-04-10 16:46:04.005,10876,10877,10876,1,-1
2019-04-10 16:46:30.928,10875,10876,10875,2,-2
2019-04-10 16:46:39.220,10875,10876,10876,5,5
2019-04-10 16:46:44.033,10875,10876,10875,1,-1
2019-04-10 16:47:29.834,10875,10876,10875,2,-2
2019-04-10 16:47:29.918,10875,10876,10875,12,-12
2019-04-10 16:47:29.918,10875,10876,10875,2,-2
2019-04-10 16:47:29.919,10875,10876,10875,3,-3
2019-04-10 16:47:30.043,10875,10876,10875,1,-1
2019-04-10 16:47:30.043,10875,10876,10875,4,-4
2019-04-10 16:47:30.043,10875,10876,10875,2,-2
2019-04-10 16:47:30.043,10875,10876,10875,4,-4
2019-04-10 16:47:38.189,10874,10875,10874,1,-1
2019-04-10 16:47:42.019,10874,10875,10874,1,-1
2019-04-10 16:47:45.518,10874,10875,10874,1,-1
2019-04-10 16:47:46.598,10874,10875,10874,1,-1
2019-04-10 16:47:48.823,10874,10875,10874,1,-1
2019-04-10 16:47:51.132,10874,10875,10874,1,-1
2019-04-10 16:47:53.253,10874,10875,10874,3,-3
2019-04-10 16:47:56.512,10874,10875,10874,1,-1
2019-04-10 16:47:57.001,10874,10875,10874,1,-1
2019-04-10 16:47:57.021,10874,10875,10874,2,-2
2019-04-10 16:47:57.743,10874,10875,10874,1,-1
2019-04-10 16:47:59.576,10874,10875,10874,2,-2
2019-04-10 16:48:27.704,10874,10875,10874,4,-4
2019-04-10 16:48:29.928,10874,10875,10874,1,-1
2019-04-10 16:48:30.952,10874,10875,10874,1,-1
2019-04-10 16:48:32.307,10874,10875,10874,4,-4
2019-04-10 16:48:32.924,10874,10875,10874,1,-1
2019-04-10 16:48:33.626,10874,10875,10874,1,-1
2019-04-10 16:48:50.113,10874,10875,10874,3,-3
2019-04-10 16:48:50.271,10874,10875,10874,2,-2
2019-04-10 16:48:54.273,10874,10875,10874,1,-1
2019-04-10 16:49:24.919,10874,10875,10874,1,-1
2019-04-10 16:49:47.718,10874,10875,10875,1,1
2019-04-10 16:49:51.506,10874,10875,10874,1,-1
2019-04-10 16:50:13.477,10874,10875,10875,3,3
2019-04-10 16:50:23.871,10874,10875,10875,1,1
2019-04-10 16:50:44.823,10874,10875,10874,1,-1
2019-04-10 16:51:00.164,10874,10875,10874,2,-2
2019-04-10 16:51:02.486,10874,10875,10874,1,-1
2019-04-10 16:51:05.986,10874,10875,10874,2,-2
2019-04-10 16:51:55.551,10874,10875,10874,1,-1
2019-04-10 16:51:55.597,10874,10875,10874,1,-1
2019-04-10 16:51:55.616,10874,10875,10874,3,-3
2019-04-10 16:51:55.634,10874,10875,10874,1,-1
2019-04-10 16:51:55.656,10874,10875,10874,1,-1
2019-04-10 16:51:55.697,10874,10875,10874,2,-2
2019-04-10 16:52:15.910,10874,10875,10874,2,-2
2019-04-10 16:52:23.945,10874,10875,10874,1,-1
2019-04-10 16:52:26.920,10874,10875,10874,3,-3
2019-04-10 16:52:39.062,10874,10875,10874,1,-1
2019-04-10 16:53:14.775,10874,10875,10874,5,-5
2019-04-10 16:53:19.049,10874,10875,10874,1,-1
2019-04-10 16:53:25.207,10874,10875,10874,1,-1
2019-04-10 16:53:50.793,10874,10875,10875,11,11
2019-04-10 16:53:51.303,10874,10875,10874,1,-1
2019-04-10 16:53:53.981,10874,10875,10874,2,-2
2019-04-10 16:53:54.168,10874,10875,10874,4,-4
2019-04-10 16:53:54.308,10874,10875,10874,1,-1
2019-04-10 16:53:55.091,10874,10875,10874,4,-4
2019-04-10 16:53:55.168,10874,10875,10874,2,-2
2019-04-10 16:53:59.002,10874,10875,10874,10,-10
2019-04-10 16:53:59.047,10873,10874,10874,2,2
2019-04-10 16:55:02.625,10873,10874,10874,1,1
2019-04-10 16:55:10.696,10873,10874,10874,1,1
2019-04-10 16:55:11.304,10873,10874,10874,2,2
2019-04-10 16:55:13.616,10874,10875,10874,1,-1
2019-04-10 16:55:29.620,10873,10874,10874,1,1
2019-04-10 16:55:44.177,10873,10874,10874,1,1
2019-04-10 16:56:15.757,10873,10874,10874,1,1
2019-04-10 16:56:34.345,10874,10875,10874,1,-1
2019-04-10 16:57:24.489,10874,10875,10874,2,-2
2019-04-10 16:57:24.490,10874,10875,10874,3,-3
2019-04-10 16:57:24.490,10874,10875,10874,1,-1
2019-04-10 16:57:24.491,10874,10875,10874,1,-1
2019-04-10 16:57:24.843,10873,10874,10874,3,3
2019-04-10 16:57:34.052,10873,10874,10874,4,4
2019-04-10 16:57:55.067,10873,10874,10873,1,-1
2019-04-10 16:57:56.049,10873,10874,10873,2,-2
2019-04-10 16:57:56.169,10873,10874,10873,18,-18
2019-04-10 16:58:05.558,10872,10873,10873,2,2
2019-04-10 16:58:32.090,10872,10873,10873,1,1
2019-04-10 16:59:15.756,10872,10873,10873,2,2
2019-04-10 16:59:17.371,10872,10873,10873,6,6
2019-04-10 16:59:30.967,10872,10873,10872,1,-1
2019-04-10 16:59:31.667,10872,10873,10872,1,-1
2019-04-10 16:59:33.154,10872,10873,10873,6,6
2019-04-10 16:59:45.054,10872,10873,10873,1,1
2019-04-10 16:59:45.168,10872,10873,10873,1,1
2019-04-10 16:59:45.503,10873,10874,10873,1,-1
2019-04-10 17:00:22.537,10873,10874,10873,1,-1
2019-04-10 17:00:22.957,10873,10874,10874,2,2
2019-04-10 17:00:23.607,10873,10874,10873,1,-1
2019-04-10 17:00:23.616,10873,10874,10873,3,-3
2019-04-10 17:00:23.629,10873,10874,10873,1,-1
2019-04-10 17:00:23.779,10872,10874,10872,1,-1
2019-04-10 17:00:23.786,10872,10874,10872,1,-1
2019-04-10 17:00:25.147,10872,10873,10872,1,-1
2019-04-10 17:00:29.754,10872,10873,10873,1,1
2019-04-10 17:00:29.980,10872,10874,10873,1,-1
2019-04-10 17:00:44.896,10872,10873,10873,1,1
2019-04-10 17:00:49.026,10872,10873,10872,1,-1
2019-04-10 17:00:58.249,10872,10873,10872,1,-1
2019-04-10 17:01:06.190,10872,10873,10872,1,-1
2019-04-10 17:01:06.226,10872,10873,10872,1,-1
2019-04-10 17:01:10.150,10872,10873,10872,11,-11
2019-04-10 17:01:15.234,10872,10873,10872,1,-1
2019-04-10 17:01:16.341,10872,10873,10872,1,-1
2019-04-10 17:01:16.418,10872,10873,10872,4,-4
2019-04-10 17:01:27.387,10871,10872,10872,1,1
2019-04-10 17:01:56.589,10871,10872,10872,1,1
2019-04-10 17:01:58.778,10871,10872,10872,2,2
2019-04-10 17:02:01.733,10871,10872,10872,1,1
2019-04-10 17:02:25.038,10871,10872,10871,1,-1
2019-04-10 17:02:25.129,10871,10872,10871,1,-1
2019-04-10 17:02:25.179,10871,10872,10871,1,-1
2019-04-10 17:02:25.233,10871,10872,10871,1,-1
2019-04-10 17:02:25.347,10871,10872,10871,1,-1
2019-04-10 17:02:25.360,10871,10872,10871,1,-1
2019-04-10 17:02:27.404,10871,10872,10871,1,-1
2019-04-10 17:02:41.606,10871,10872,10871,1,-1
2019-04-10 17:02:44.901,10871,10872,10871,1,-1
2019-04-10 17:02:54.114,10871,10872,10872,1,1
2019-04-10 17:03:03.546,10871,10872,10871,1,-1
2019-04-10 17:03:14.772,10871,10872,10871,1,-1
2019-04-10 17:03:17.337,10871,10872,10871,1,-1
2019-04-10 17:03:23.211,10871,10872,10871,1,-1
2019-04-10 17:03:31.233,10871,10872,10871,2,-2
2019-04-10 17:03:35.145,10871,10872,10871,1,-1
2019-04-10 17:03:38.394,10871,10872,10871,1,-1
2019-04-10 17:03:38.395,10871,10872,10871,11,-11
2019-04-10 17:03:38.396,10871,10872,10871,4,-4
2019-04-10 17:03:38.396,10871,10872,10871,2,-2
2019-04-10 17:03:38.402,10871,10872,10871,4,-4
2019-04-10 17:03:38.418,10871,10872,10871,3,-3
2019-04-10 17:03:38.434,10871,10872,10871,3,-3
2019-04-10 17:03:38.477,10871,10872,10871,4,-4
2019-04-10 17:03:38.500,10871,10872,10871,8,-8
2019-04-10 17:03:38.507,10871,10872,10871,1,-1
2019-04-10 17:03:38.894,10870,10871,10871,3,3
2019-04-10 17:03:40.684,10870,10871,10871,1,1
2019-04-10 17:03:41.228,10871,10872,10871,1,-1
2019-04-10 17:03:42.436,10871,10872,10871,1,-1
2019-04-10 17:03:49.592,10871,10872,10871,1,-1
2019-04-10 17:03:52.770,10871,10872,10871,2,-2
2019-04-10 17:04:08.803,10871,10872,10871,1,-1
2019-04-10 17:04:17.213,10871,10872,10871,1,-1
2019-04-10 17:04:23.513,10870,10871,10870,8,-8
2019-04-10 17:04:23.660,10870,10871,10870,1,-1
2019-04-10 17:04:26.203,10870,10871,10871,1,1
2019-04-10 17:04:29.773,10870,10871,10871,1,1
2019-04-10 17:04:33.422,10871,10872,10871,1,-1
2019-04-10 17:04:34.066,10871,10872,10871,1,-1
2019-04-10 17:05:09.309,10871,10872,10872,2,2
2019-04-10 17:05:14.319,10871,10872,10871,2,-2
2019-04-10 17:05:27.224,10871,10872,10872,1,1
2019-04-10 17:05:28.110,10871,10872,10872,1,1
2019-04-10 17:05:28.110,10871,10872,10872,5,5
2019-04-10 17:05:28.110,10871,10872,10872,2,2
2019-04-10 17:05:28.110,10871,10872,10872,5,5
2019-04-10 17:05:31.104,10872,10873,10872,1,-1
2019-04-10 17:05:39.498,10872,10873,10872,1,-1
2019-04-10 17:05:47.018,10872,10873,10873,1,1
2019-04-10 17:05:51.192,10872,10873,10873,1,1
2019-04-10 17:05:54.300,10872,10873,10873,2,2
2019-04-10 17:06:05.673,10873,10874,10873,2,-2
2019-04-10 17:06:33.428,10872,10873,10873,1,1
2019-04-10 17:06:35.004,10873,10874,10873,1,-1
2019-04-10 17:06:44.627,10872,10873,10873,1,1
2019-04-10 17:06:58.229,10872,10873,10873,1,1
2019-04-10 17:07:12.795,10872,10873,10872,2,-2
2019-04-10 17:07:14.850,10872,10873,10873,10,10
2019-04-10 17:07:17.574,10872,10873,10873,1,1
2019-04-10 17:07:28.299,10872,10873,10873,1,1
2019-04-10 17:07:37.418,10872,10873,10872,1,-1
2019-04-10 17:07:37.682,10872,10873,10873,1,1
2019-04-10 17:07:41.405,10872,10873,10873,1,1
2019-04-10 17:07:43.046,10872,10873,10873,1,1
2019-04-10 17:07:55.050,10872,10873,10872,2,-2
2019-04-10 17:08:13.620,10872,10873,10873,1,1
2019-04-10 17:08:29.222,10873,10874,10873,2,-2
2019-04-10 17:08:46.133,10873,10874,10873,1,-1
2019-04-10 17:08:48.589,10873,10874,10873,5,-5
2019-04-10 17:08:56.839,10872,10873,10873,2,2
2019-04-10 17:09:07.450,10873,10874,10873,5,-5
2019-04-10 17:09:15.212,10873,10874,10873,1,-1
2019-04-10 17:09:17.604,10872,10873,10873,1,1
2019-04-10 17:09:33.171,10872,10873,10873,1,1
2019-04-10 17:09:41.676,10872,10873,10872,1,-1
2019-04-10 17:09:41.686,10872,10873,10872,1,-1
2019-04-10 17:09:42.123,10872,10873,10872,4,-4
2019-04-10 17:09:42.123,10872,10873,10872,2,-2
2019-04-10 17:09:56.176,10871,10872,10871,10,-10
2019-04-10 17:09:58.588,10871,10872,10871,1,-1
2019-04-10 17:09:58.711,10870,10872,10871,1,-1
2019-04-10 17:09:58.711,10870,10872,10870,1,-1
2019-04-10 17:10:00.110,10870,10871,10870,1,-1
2019-04-10 17:10:26.338,10870,10871,10870,50,-50
2019-04-10 17:10:26.418,10870,10871,10870,9,-9
2019-04-10 17:10:26.418,10870,10871,10870,1,-1
2019-04-10 17:10:26.831,10869,10870,10869,1,-1
2019-04-10 17:10:26.870,10869,10870,10869,1,-1
2019-04-10 17:10:26.872,10869,10870,10869,1,-1
2019-04-10 17:10:26.994,10869,10870,10869,1,-1
2019-04-10 17:10:27.020,10869,10870,10869,1,-1
2019-04-10 17:10:27.182,10869,10870,10869,5,-5
2019-04-10 17:10:27.183,10869,10870,10869,5,-5
2019-04-10 17:10:27.278,10869,10870,10869,4,-4
2019-04-10 17:10:27.278,10869,10870,10868,6,-6
2019-04-10 17:10:27.541,10869,10870,10869,1,1
2019-04-10 17:10:28.517,10869,10870,10869,1,-1
2019-04-10 17:10:28.790,10869,10870,10869,1,-1
2019-04-10 17:10:30.474,10869,10870,10869,1,-1
2019-04-10 17:10:30.487,10869,10870,10869,1,-1
2019-04-10 17:10:39.231,10869,10870,10869,1,-1
2019-04-10 17:10:41.419,10869,10870,10869,1,-1
2019-04-10 17:10:43.433,10869,10870,10869,1,-1
2019-04-10 17:10:43.433,10869,10870,10868,2,-2
2019-04-10 17:10:43.684,10868,10869,10869,2,2
2019-04-10 17:10:44.779,10869,10870,10869,1,-1
2019-04-10 17:10:52.919,10868,10869,10869,1,1
2019-04-10 17:10:56.690,10869,10870,10869,3,-3
2019-04-10 17:11:23.024,10868,10869,10868,4,-4
2019-04-10 17:11:30.613,10868,10869,10868,1,-1
2019-04-10 17:11:33.291,10868,10869,10868,1,-1
2019-04-10 17:11:33.634,10868,10869,10868,4,-4
2019-04-10 17:11:37.812,10868,10869,10868,1,-1
2019-04-10 17:11:41.026,10868,10869,10868,9,-9
2019-04-10 17:11:44.113,10868,10869,10868,1,-1
2019-04-10 17:11:44.553,10868,10869,10868,1,-1
2019-04-10 17:11:45.001,10868,10869,10868,2,-2
2019-04-10 17:11:45.692,10868,10869,10868,1,-1
2019-04-10 17:11:48.594,10868,10869,10868,3,-3
2019-04-10 17:11:49.310,10868,10869,10868,3,-3
2019-04-10 17:11:49.660,10867,10868,10867,5,-5
2019-04-10 17:11:49.777,10867,10868,10867,1,-1
2019-04-10 17:11:53.137,10867,10868,10867,2,-2
2019-04-10 17:11:54.294,10867,10868,10867,2,-2
2019-04-10 17:11:54.477,10867,10868,10867,5,-5
2019-04-10 17:11:54.685,10867,10868,10867,5,-5
2019-04-10 17:11:58.037,10867,10868,10867,2,-2
2019-04-10 17:11:58.673,10867,10868,10867,1,-1
2019-04-10 17:12:00.668,10867,10868,10867,1,-1
2019-04-10 17:12:01.419,10867,10868,10867,1,-1
2019-04-10 17:12:02.504,10867,10868,10867,1,-1
2019-04-10 17:12:02.714,10867,10868,10867,7,-7
2019-04-10 17:12:03.112,10866,10867,10867,10,10
2019-04-10 17:12:05.625,10867,10868,10867,1,-1
2019-04-10 17:12:09.347,10867,10868,10867,1,-1
2019-04-10 17:12:09.788,10867,10868,10867,23,-23
2019-04-10 17:12:09.788,10867,10868,10866,6,-6
2019-04-10 17:12:09.831,10866,10868,10866,1,-1
2019-04-10 17:12:09.874,10866,10868,10867,1,1
2019-04-10 17:12:16.357,10866,10867,10867,1,1
2019-04-10 17:12:22.290,10866,10867,10867,5,5
2019-04-10 17:12:25.628,10866,10867,10867,1,1
2019-04-10 17:12:29.102,10866,10867,10866,4,-4
2019-04-10 17:12:33.335,10866,10867,10866,1,-1
2019-04-10 17:12:37.243,10866,10867,10867,10,10
2019-04-10 17:12:42.738,10867,10868,10867,1,-1
2019-04-10 17:12:42.738,10867,10868,10866,39,-39
2019-04-10 17:12:49.459,10866,10867,10866,1,-1
2019-04-10 17:12:50.142,10866,10867,10866,2,-2
2019-04-10 17:12:50.468,10865,10866,10865,1,-1
2019-04-10 17:12:50.573,10865,10866,10865,2,-2
2019-04-10 17:12:50.614,10865,10866,10865,1,-1
2019-04-10 17:12:50.640,10865,10866,10865,10,-10
2019-04-10 17:12:50.703,10865,10866,10866,1,1
2019-04-10 17:12:58.405,10865,10866,10865,5,-5
2019-04-10 17:12:59.203,10865,10866,10865,1,-1
2019-04-10 17:13:00.516,10865,10866,10865,1,-1
2019-04-10 17:13:00.788,10865,10866,10865,1,-1
2019-04-10 17:13:00.892,10865,10866,10865,2,-2
2019-04-10 17:13:00.991,10865,10866,10865,1,-1
2019-04-10 17:13:01.782,10864,10866,10865,1,-1
2019-04-10 17:13:04.901,10864,10866,10864,17,-17
2019-04-10 17:13:04.945,10864,10866,10864,2,-2
2019-04-10 17:13:04.950,10864,10866,10864,2,-2
2019-04-10 17:13:08.490,10864,10865,10864,1,-1
2019-04-10 17:13:09.833,10864,10865,10865,10,10
2019-04-10 17:13:09.918,10864,10865,10865,5,5
2019-04-10 17:13:10.259,10865,10866,10865,6,-6
2019-04-10 17:13:11.308,10865,10866,10865,2,-2
2019-04-10 17:13:12.762,10864,10865,10865,1,1
2019-04-10 17:13:14.553,10865,10866,10865,3,-3
2019-04-10 17:13:17.955,10865,10866,10865,1,-1
2019-04-10 17:13:18.936,10865,10866,10865,3,-3
2019-04-10 17:13:18.936,10865,10866,10864,3,-3
2019-04-10 17:13:22.770,10864,10865,10864,17,-17
2019-04-10 17:13:23.889,10864,10865,10865,1,1
2019-04-10 17:13:24.954,10864,10865,10865,1,1
2019-04-10 17:13:30.675,10864,10865,10864,9,-9
2019-04-10 17:13:36.152,10864,10865,10864,1,-1
2019-04-10 17:13:36.200,10864,10865,10864,2,-2
2019-04-10 17:13:36.899,10864,10865,10864,1,-1
2019-04-10 17:13:37.424,10864,10865,10864,1,-1
2019-04-10 17:13:37.543,10863,10864,10864,2,2
2019-04-10 17:13:37.560,10863,10864,10864,2,2
2019-04-10 17:13:38.168,10863,10864,10864,1,1
2019-04-10 17:13:39.293,10863,10864,10864,2,2
2019-04-10 17:13:40.543,10863,10864,10864,6,6
2019-04-10 17:13:43.006,10864,10865,10864,1,-1
2019-04-10 17:13:43.006,10864,10865,10863,6,-6
2019-04-10 17:13:43.125,10863,10865,10863,3,-3
2019-04-10 17:13:43.515,10863,10865,10863,1,-1
2019-04-10 17:13:48.835,10864,10865,10864,1,1
2019-04-10 17:13:53.400,10863,10864,10863,3,-3
2019-04-10 17:13:54.112,10863,10864,10864,1,1
2019-04-10 17:13:58.010,10863,10864,10864,1,1
2019-04-10 17:14:08.415,10863,10864,10864,12,12
2019-04-10 17:14:13.257,10864,10865,10864,1,-1
2019-04-10 17:14:14.184,10864,10865,10864,1,-1
2019-04-10 17:14:14.386,10864,10865,10864,1,-1
2019-04-10 17:14:16.671,10864,10865,10864,3,-3
2019-04-10 17:14:26.970,10864,10865,10864,1,-1
2019-04-10 17:14:30.931,10864,10865,10864,2,-2
2019-04-10 17:14:33.168,10864,10865,10865,19,19
2019-04-10 17:14:42.360,10865,10866,10866,1,1
2019-04-10 17:14:43.307,10865,10866,10866,2,2
2019-04-10 17:14:44.769,10865,10866,10866,1,1
2019-04-10 17:14:53.080,10865,10866,10866,1,1
2019-04-10 17:14:53.709,10865,10866,10866,1,1
2019-04-10 17:14:53.794,10865,10866,10866,3,3
2019-04-10 17:15:05.156,10866,10867,10867,2,2
2019-04-10 17:15:05.168,10866,10867,10867,1,1
2019-04-10 17:15:09.043,10866,10867,10867,4,4
2019-04-10 17:15:21.583,10867,10868,10867,1,-1
2019-04-10 17:15:29.679,10867,10868,10867,1,-1
2019-04-10 17:15:32.631,10867,10868,10868,5,5
2019-04-10 17:15:40.744,10867,10868,10868,1,1
2019-04-10 17:15:41.956,10867,10868,10868,1,1
2019-04-10 17:15:44.852,10867,10868,10868,3,3
2019-04-10 17:15:46.686,10867,10868,10868,1,1
2019-04-10 17:15:47.475,10867,10868,10868,1,1
2019-04-10 17:15:48.714,10867,10868,10868,1,1
2019-04-10 17:15:50.665,10867,10868,10868,2,2
2019-04-10 17:16:08.296,10868,10869,10868,13,-13
2019-04-10 17:16:10.802,10867,10868,10868,2,2
2019-04-10 17:16:25.992,10867,10868,10867,1,-1
2019-04-10 17:16:27.672,10867,10868,10867,1,-1
2019-04-10 17:16:34.169,10867,10868,10868,1,1
2019-04-10 17:16:41.699,10867,10868,10868,1,1
2019-04-10 17:16:51.492,10867,10868,10868,1,1
2019-04-10 17:17:12.645,10867,10868,10868,1,1
2019-04-10 17:17:12.669,10867,10868,10868,1,1
2019-04-10 17:17:16.852,10867,10868,10868,1,1
2019-04-10 17:17:30.497,10867,10868,10868,1,1
2019-04-10 17:17:48.562,10867,10868,10867,10,-10
2019-04-10 17:17:48.563,10867,10868,10867,2,-2
2019-04-10 17:17:48.668,10867,10868,10867,4,-4
2019-04-10 17:17:49.758,10866,10867,10867,1,1
2019-04-10 17:17:53.959,10866,10867,10866,1,-1
2019-04-10 17:17:54.045,10866,10867,10866,3,-3
2019-04-10 17:18:08.854,10866,10867,10866,1,-1
2019-04-10 17:18:10.797,10865,10866,10866,1,1
2019-04-10 17:18:58.989,10866,10867,10866,1,-1
2019-04-10 17:19:18.420,10866,10867,10866,1,-1
2019-04-10 17:19:30.599,10866,10867,10866,9,-9
2019-04-10 17:19:30.794,10866,10867,10866,4,-4
2019-04-10 17:19:49.921,10866,10867,10867,1,1
2019-04-10 17:19:50.080,10866,10867,10867,1,1
2019-04-10 17:19:50.795,10866,10867,10866,2,-2
2019-04-10 17:19:53.570,10866,10867,10866,1,-1
2019-04-10 17:20:02.528,10866,10867,10866,5,-5
2019-04-10 17:20:04.974,10865,10866,10866,1,1
2019-04-10 17:20:18.936,10865,10866,10866,1,1
2019-04-10 17:20:29.208,10865,10866,10866,1,1
2019-04-10 17:20:30.219,10865,10866,10866,3,3
2019-04-10 17:20:41.222,10865,10866,10866,1,1
2019-04-10 17:21:08.771,10865,10866,10866,2,2
2019-04-10 17:21:13.579,10865,10866,10866,1,1
2019-04-10 17:21:25.724,10865,10866,10866,1,1
2019-04-10 17:21:38.980,10865,10866,10865,1,-1
2019-04-10 17:21:38.983,10865,10866,10865,1,-1
2019-04-10 17:21:40.507,10865,10866,10865,1,-1
2019-04-10 17:21:41.960,10865,10866,10865,1,-1
2019-04-10 17:22:22.772,10865,10866,10865,1,-1
2019-04-10 17:22:24.556,10865,10866,10866,8,8
2019-04-10 17:22:24.569,10865,10866,10865,1,-1
2019-04-10 17:22:31.075,10865,10866,10866,1,1
2019-04-10 17:22:37.511,10865,10866,10866,4,4
2019-04-10 17:22:49.327,10865,10866,10866,1,1
2019-04-10 17:23:04.464,10865,10866,10866,2,2
2019-04-10 17:23:05.496,10865,10866,10866,1,1
2019-04-10 17:23:08.237,10865,10866,10866,2,2
2019-04-10 17:23:09.741,10865,10866,10866,1,1
2019-04-10 17:23:09.794,10865,10866,10866,3,3
2019-04-10 17:23:10.043,10866,10867,10866,1,-1
2019-04-10 17:23:20.479,10866,10867,10866,1,-1
2019-04-10 17:23:55.484,10866,10867,10867,1,1
2019-04-10 17:23:55.532,10866,10867,10867,1,1
2019-04-10 17:23:55.577,10866,10867,10867,1,1
2019-04-10 17:23:55.580,10866,10867,10867,1,1
2019-04-10 17:23:55.583,10866,10867,10867,1,1
2019-04-10 17:23:55.584,10866,10867,10867,2,2
2019-04-10 17:23:55.588,10866,10867,10867,2,2
2019-04-10 17:23:55.588,10866,10867,10868,1,1
2019-04-10 17:23:55.642,10866,10867,10868,1,1
2019-04-10 17:24:09.165,10867,10868,10868,1,1
2019-04-10 17:24:11.358,10867,10868,10868,4,4
2019-04-10 17:24:12.193,10867,10868,10868,2,2
2019-04-10 17:24:13.073,10868,10869,10868,6,-6
2019-04-10 17:24:14.788,10867,10868,10868,1,1
2019-04-10 17:24:19.407,10867,10868,10868,1,1
2019-04-10 17:24:25.724,10867,10868,10867,1,-1
2019-04-10 17:24:45.859,10867,10868,10868,2,2
2019-04-10 17:24:51.411,10867,10868,10867,2,-2
2019-04-10 17:24:52.171,10867,10868,10867,4,-4
2019-04-10 17:24:53.177,10867,10868,10867,2,-2
2019-04-10 17:25:09.726,10867,10868,10867,1,-1
2019-04-10 17:25:10.065,10867,10868,10867,1,-1
2019-04-10 17:25:13.052,10867,10868,10867,1,-1
2019-04-10 17:25:28.156,10867,10868,10868,1,1
2019-04-10 17:25:36.818,10867,10868,10867,1,-1
2019-04-10 17:25:41.203,10867,10868,10868,1,1
2019-04-10 17:25:55.819,10867,10868,10867,1,-1
2019-04-10 17:26:02.958,10867,10868,10868,2,2
2019-04-10 17:26:23.149,10867,10868,10868,1,1
2019-04-10 17:26:50.449,10867,10868,10867,1,-1
2019-04-10 17:26:52.243,10867,10868,10868,5,5
2019-04-10 17:26:58.433,10867,10868,10867,1,-1
2019-04-10 17:27:08.648,10867,10868,10867,1,-1
2019-04-10 17:27:45.904,10867,10868,10867,1,-1
2019-04-10 17:28:39.487,10867,10868,10867,1,-1
2019-04-10 17:28:39.490,10867,10868,10867,4,-4
2019-04-10 17:28:39.490,10867,10868,10867,1,-1
2019-04-10 17:28:39.626,10867,10868,10867,1,-1
2019-04-10 17:28:39.626,10867,10868,10867,6,-6
2019-04-10 17:29:21.045,10866,10867,10867,1,1
2019-04-10 17:30:00.945,10866,10867,10867,1,1
2019-04-10 17:30:03.863,10866,10867,10866,1,-1
2019-04-10 17:30:29.428,10866,10867,10867,1,1
2019-04-10 17:30:33.674,10866,10867,10866,2,-2
2019-04-10 17:30:40.359,10866,10867,10867,1,1
2019-04-10 17:31:12.376,10866,10867,10867,1,1
2019-04-10 17:31:24.924,10866,10867,10867,2,2
2019-04-10 17:31:30.561,10866,10867,10867,1,1
2019-04-10 17:31:39.312,10867,10868,10867,3,-3
2019-04-10 17:31:57.507,10866,10867,10867,1,1
2019-04-10 17:32:18.413,10867,10868,10867,1,-1
2019-04-10 17:32:24.004,10867,10868,10867,1,-1
2019-04-10 17:32:24.498,10867,10868,10868,1,1
2019-04-10 17:32:38.437,10867,10868,10868,1,1
2019-04-10 17:32:38.545,10867,10868,10868,2,2
2019-04-10 17:32:43.352,10867,10868,10868,1,1
2019-04-10 17:32:43.823,10867,10868,10868,2,2
2019-04-10 17:32:44.598,10867,10868,10868,3,3
2019-04-10 17:32:53.443,10868,10869,10869,1,1
2019-04-10 17:33:03.132,10868,10869,10869,6,6
2019-04-10 17:33:07.144,10868,10869,10868,1,-1
2019-04-10 17:33:36.789,10868,10869,10869,5,5
2019-04-10 17:33:38.050,10868,10869,10869,1,1
2019-04-10 17:33:39.022,10868,10869,10869,3,3
2019-04-10 17:33:46.293,10869,10870,10870,1,1
2019-04-10 17:33:58.050,10869,10870,10870,1,1
2019-04-10 17:34:02.889,10869,10870,10870,1,1
2019-04-10 17:34:04.739,10869,10870,10869,1,-1
2019-04-10 17:34:12.386,10869,10870,10870,1,1
2019-04-10 17:34:14.647,10869,10870,10869,1,-1
2019-04-10 17:34:18.518,10869,10870,10869,1,-1
2019-04-10 17:34:36.490,10869,10870,10869,1,-1
2019-04-10 17:35:00.351,10869,10870,10870,2,2
2019-04-10 17:35:15.736,10869,10870,10870,1,1
2019-04-10 17:35:18.998,10869,10870,10870,1,1
2019-04-10 17:35:19.260,10869,10870,10870,2,2
2019-04-10 17:35:20.620,10869,10870,10869,1,-1
2019-04-10 17:35:25.748,10869,10870,10870,1,1
2019-04-10 17:35:56.723,10869,10870,10869,1,-1
2019-04-10 17:36:33.719,10869,10870,10870,1,1
2019-04-10 17:36:39.244,10869,10870,10869,2,-2
2019-04-10 17:36:39.287,10869,10870,10869,2,-2
2019-04-10 17:36:39.305,10869,10870,10869,1,-1
2019-04-10 17:36:39.305,10869,10870,10869,3,-3
2019-04-10 17:36:39.306,10869,10870,10869,2,-2
2019-04-10 17:36:39.306,10869,10870,10869,2,-2
2019-04-10 17:36:39.418,10869,10870,10869,10,-10
2019-04-10 17:36:39.543,10869,10870,10869,8,-8
2019-04-10 17:36:46.724,10868,10869,10868,1,-1
2019-04-10 17:36:47.272,10868,10869,10868,2,-2
2019-04-10 17:36:52.718,10868,10869,10869,1,1
2019-04-10 17:36:58.768,10868,10869,10869,2,2
2019-04-10 17:37:23.934,10868,10869,10869,1,1
2019-04-10 17:37:42.486,10868,10869,10869,2,2
2019-04-10 17:37:42.543,10868,10869,10869,3,3
2019-04-10 17:38:13.876,10869,10870,10869,1,-1
2019-04-10 17:38:33.224,10869,10870,10869,1,-1
2019-04-10 17:38:37.614,10869,10870,10870,2,2
2019-04-10 17:38:39.422,10869,10870,10869,2,-2
2019-04-10 17:38:56.320,10868,10869,10869,1,1
2019-04-10 17:39:03.870,10869,10870,10869,1,-1
2019-04-10 17:39:30.758,10869,10870,10869,1,-1
2019-04-10 17:39:46.480,10869,10870,10870,1,1
2019-04-10 17:40:20.442,10869,10870,10870,1,1
2019-04-10 17:40:44.837,10869,10870,10870,1,1
2019-04-10 17:41:19.875,10869,10870,10869,4,-4
2019-04-10 17:41:21.834,10869,10870,10870,1,1
2019-04-10 17:41:35.884,10869,10870,10869,1,-1
2019-04-10 17:41:43.623,10869,10870,10869,7,-7
2019-04-10 17:42:11.929,10869,10870,10869,1,-1
2019-04-10 17:42:23.922,10869,10870,10870,15,15
2019-04-10 17:42:24.043,10869,10870,10870,13,13
2019-04-10 17:42:24.043,10869,10870,10870,1,1
2019-04-10 17:42:24.043,10869,10870,10870,4,4
2019-04-10 17:42:24.043,10869,10870,10870,1,1
2019-04-10 17:42:24.043,10869,10870,10870,1,1
2019-04-10 17:42:24.168,10869,10870,10870,6,6
2019-04-10 17:42:47.638,10870,10871,10870,1,-1
2019-04-10 17:42:54.197,10870,10871,10870,1,-1
2019-04-10 17:43:07.639,10870,10871,10871,1,1
2019-04-10 17:43:08.713,10870,10871,10871,1,1
