2019-07-04 15:00:00.088,10702,10703,10702,43
2019-07-04 15:00:00.427,10702,10703,10703,1
2019-07-04 15:00:00.433,10702,10703,10703,1
2019-07-04 15:00:00.583,10702,10703,10702,1
2019-07-04 15:00:00.644,10702,10703,10702,1
2019-07-04 15:00:00.672,10702,10703,10703,1
2019-07-04 15:00:00.676,10702,10703,10704,1
2019-07-04 15:00:00.686,10702,10703,10704,1
2019-07-04 15:00:00.810,10702,10704,10704,1
2019-07-04 15:00:00.872,10702,10704,10704,2
2019-07-04 15:00:00.988,10702,10704,10704,2
2019-07-04 15:00:01.101,10702,10704,10704,1
2019-07-04 15:00:01.365,10703,10704,10704,1
2019-07-04 15:00:01.432,10703,10704,10704,1
2019-07-04 15:00:01.713,10703,10704,10704,4
2019-07-04 15:00:02.217,10703,10704,10704,1
2019-07-04 15:00:03.072,10703,10704,10704,4
2019-07-04 15:00:03.609,10704,10705,10704,1
2019-07-04 15:00:04.518,10704,10705,10705,1
2019-07-04 15:00:05.606,10704,10705,10704,1
2019-07-04 15:00:05.854,10704,10705,10705,3
2019-07-04 15:00:05.867,10704,10705,10705,1
2019-07-04 15:00:06.174,10705,10706,10705,2
2019-07-04 15:00:06.177,10705,10706,10705,2
2019-07-04 15:00:06.801,10704,10705,10705,1
2019-07-04 15:00:07.747,10704,10705,10705,1
2019-07-04 15:00:08.508,10705,10706,10705,1
2019-07-04 15:00:10.342,10704,10705,10705,1
2019-07-04 15:00:11.003,10705,10706,10706,1
2019-07-04 15:00:11.003,10705,10706,10707,5
2019-07-04 15:00:12.630,10706,10707,10707,1
2019-07-04 15:00:14.377,10706,10707,10706,1
2019-07-04 15:00:17.585,10706,10707,10706,1
2019-07-04 15:00:17.585,10706,10707,10705,3
2019-07-04 15:00:17.873,10705,10706,10706,1
2019-07-04 15:00:19.455,10705,10706,10706,1
2019-07-04 15:00:19.745,10705,10706,10706,1
2019-07-04 15:00:21.438,10705,10706,10706,1
2019-07-04 15:00:21.474,10705,10706,10706,1
2019-07-04 15:00:22.129,10705,10706,10706,1
2019-07-04 15:00:22.368,10705,10706,10706,2
2019-07-04 15:00:22.368,10705,10706,10707,1
2019-07-04 15:00:23.550,10705,10706,10706,1
2019-07-04 15:00:25.853,10705,10706,10706,1
2019-07-04 15:00:28.478,10705,10706,10706,1
2019-07-04 15:00:29.678,10705,10706,10706,2
2019-07-04 15:00:32.223,10706,10707,10706,9
2019-07-04 15:00:32.515,10705,10706,10706,5
2019-07-04 15:00:32.515,10705,10706,10707,7
2019-07-04 15:00:38.258,10706,10707,10707,1
2019-07-04 15:00:47.340,10706,10707,10707,1
2019-07-04 15:00:49.263,10706,10707,10706,1
2019-07-04 15:00:51.732,10706,10707,10707,1
2019-07-04 15:00:52.479,10706,10707,10706,1
2019-07-04 15:00:56.764,10706,10707,10707,1
2019-07-04 15:01:01.100,10706,10707,10707,1
2019-07-04 15:01:02.989,10706,10707,10707,4
2019-07-04 15:01:04.990,10706,10707,10706,1
2019-07-04 15:01:05.402,10706,10707,10707,1
2019-07-04 15:01:05.642,10706,10707,10707,1
2019-07-04 15:01:05.806,10706,10707,10706,1
2019-07-04 15:01:09.824,10706,10707,10706,1
2019-07-04 15:01:10.182,10706,10707,10707,1
2019-07-04 15:01:12.612,10706,10707,10707,15
2019-07-04 15:01:12.762,10707,10708,10707,4
2019-07-04 15:01:12.762,10707,10708,10706,16
2019-07-04 15:01:16.081,10706,10707,10707,1
2019-07-04 15:01:16.600,10706,10707,10706,1
2019-07-04 15:01:29.104,10706,10707,10707,1
2019-07-04 15:01:43.984,10706,10707,10707,1
2019-07-04 15:01:46.751,10706,10707,10706,1
2019-07-04 15:01:55.200,10706,10707,10706,1
2019-07-04 15:02:02.566,10706,10707,10707,1
2019-07-04 15:02:03.094,10706,10707,10707,7
2019-07-04 15:02:13.076,10706,10707,10707,1
2019-07-04 15:02:15.949,10706,10707,10706,1
2019-07-04 15:02:18.561,10706,10707,10707,1
2019-07-04 15:02:32.158,10706,10707,10707,3
2019-07-04 15:02:37.212,10706,10707,10707,1
2019-07-04 15:02:58.244,10706,10707,10707,2
2019-07-04 15:03:01.549,10706,10707,10707,5
2019-07-04 15:03:02.017,10706,10707,10707,5
2019-07-04 15:03:05.208,10707,10708,10707,1
2019-07-04 15:03:15.458,10707,10708,10707,1
2019-07-04 15:03:30.890,10707,10708,10708,5
2019-07-04 15:03:33.570,10707,10708,10708,1
2019-07-04 15:03:43.412,10707,10708,10708,1
2019-07-04 15:03:44.710,10707,10708,10708,1
2019-07-04 15:03:45.015,10707,10708,10708,1
2019-07-04 15:03:47.659,10707,10708,10708,2
2019-07-04 15:03:53.764,10707,10708,10707,1
2019-07-04 15:04:28.213,10707,10708,10707,2
2019-07-04 15:04:28.396,10707,10708,10708,2
2019-07-04 15:04:28.557,10707,10708,10707,2
2019-07-04 15:04:28.742,10707,10708,10708,2
2019-07-04 15:04:29.008,10707,10708,10707,6
2019-07-04 15:04:29.307,10707,10708,10708,4
2019-07-04 15:04:30.717,10707,10708,10707,2
2019-07-04 15:04:30.894,10707,10708,10708,2
2019-07-04 15:05:00.454,10707,10708,10708,1
2019-07-04 15:05:01.645,10707,10708,10708,1
2019-07-04 15:05:13.552,10707,10708,10707,2
2019-07-04 15:05:14.634,10707,10708,10707,1
2019-07-04 15:05:14.651,10707,10708,10707,3
2019-07-04 15:05:25.222,10706,10707,10707,1
2019-07-04 15:05:36.390,10706,10707,10707,4
2019-07-04 15:05:41.645,10706,10707,10707,2
2019-07-04 15:05:41.742,10706,10707,10707,7
2019-07-04 15:05:58.390,10707,10708,10707,1
2019-07-04 15:06:00.167,10707,10708,10707,4
2019-07-04 15:06:10.742,10706,10707,10706,10
2019-07-04 15:06:10.867,10706,10707,10706,3
2019-07-04 15:06:16.232,10705,10706,10706,3
2019-07-04 15:06:18.506,10705,10706,10705,1
2019-07-04 15:06:25.529,10705,10706,10706,1
2019-07-04 15:06:25.529,10705,10706,10707,5
2019-07-04 15:06:25.771,10706,10707,10706,1
2019-07-04 15:06:29.706,10706,10707,10706,1
2019-07-04 15:06:30.206,10706,10707,10707,10
2019-07-04 15:06:30.206,10706,10707,10708,2
2019-07-04 15:06:31.267,10706,10708,10706,1
2019-07-04 15:06:39.116,10706,10707,10707,1
2019-07-04 15:06:39.224,10706,10707,10706,1
2019-07-04 15:06:47.379,10706,10707,10706,4
2019-07-04 15:06:49.130,10705,10706,10706,1
2019-07-04 15:06:55.747,10705,10706,10706,1
2019-07-04 15:07:03.169,10705,10706,10706,1
2019-07-04 15:07:52.622,10705,10706,10706,1
2019-07-04 15:07:59.848,10705,10706,10706,1
2019-07-04 15:08:13.287,10705,10706,10706,4
2019-07-04 15:08:14.871,10705,10706,10706,1
2019-07-04 15:08:19.530,10706,10707,10706,1
2019-07-04 15:08:44.588,10706,10707,10706,1
2019-07-04 15:08:52.278,10706,10707,10706,1
2019-07-04 15:08:56.647,10706,10707,10706,4
2019-07-04 15:09:00.116,10706,10707,10706,1
2019-07-04 15:09:02.573,10706,10707,10706,1
2019-07-04 15:09:05.819,10706,10707,10706,2
2019-07-04 15:09:23.811,10706,10707,10706,3
2019-07-04 15:09:39.657,10705,10706,10706,2
2019-07-04 15:09:42.858,10705,10706,10706,1
2019-07-04 15:09:55.286,10706,10707,10706,8
2019-07-04 15:10:01.169,10705,10706,10706,1
2019-07-04 15:10:01.172,10705,10706,10706,1
2019-07-04 15:10:01.242,10705,10706,10706,1
2019-07-04 15:10:22.648,10706,10707,10706,1
2019-07-04 15:10:25.551,10706,10707,10707,1
2019-07-04 15:10:29.313,10706,10707,10706,1
2019-07-04 15:10:46.443,10706,10707,10706,1
2019-07-04 15:10:57.716,10706,10707,10706,1
2019-07-04 15:12:01.507,10706,10707,10706,2
2019-07-04 15:12:02.211,10706,10707,10707,7
2019-07-04 15:12:04.756,10706,10707,10707,1
2019-07-04 15:12:08.212,10706,10707,10707,1
2019-07-04 15:12:11.516,10706,10707,10707,1
2019-07-04 15:12:15.424,10706,10707,10707,1
2019-07-04 15:12:15.444,10706,10707,10707,1
2019-07-04 15:12:18.624,10706,10707,10707,1
2019-07-04 15:12:26.280,10706,10707,10707,1
2019-07-04 15:12:29.460,10706,10707,10707,1
2019-07-04 15:12:29.493,10706,10707,10707,3
2019-07-04 15:12:33.105,10707,10708,10708,1
2019-07-04 15:12:39.959,10707,10708,10708,1
2019-07-04 15:12:46.057,10707,10708,10708,2
2019-07-04 15:12:56.570,10707,10708,10708,1
2019-07-04 15:13:05.294,10707,10708,10708,1
2019-07-04 15:13:09.916,10707,10708,10708,3
2019-07-04 15:13:10.036,10707,10708,10708,1
2019-07-04 15:13:10.036,10707,10708,10708,7
2019-07-04 15:13:10.036,10707,10708,10708,8
2019-07-04 15:13:15.169,10708,10709,10709,1
2019-07-04 15:13:15.791,10708,10709,10709,1
2019-07-04 15:13:18.175,10708,10709,10709,1
2019-07-04 15:13:19.107,10708,10709,10709,1
2019-07-04 15:13:20.265,10708,10709,10709,1
2019-07-04 15:13:20.770,10708,10709,10709,1
2019-07-04 15:13:21.134,10708,10709,10709,4
2019-07-04 15:13:22.133,10708,10709,10709,1
2019-07-04 15:13:22.133,10708,10709,10710,1
2019-07-04 15:13:22.388,10708,10710,10710,1
2019-07-04 15:13:25.343,10709,10710,10709,1
2019-07-04 15:13:27.014,10708,10709,10709,1
2019-07-04 15:13:33.367,10708,10709,10708,3
2019-07-04 15:13:33.492,10708,10709,10708,1
2019-07-04 15:13:34.192,10708,10709,10709,12
2019-07-04 15:13:48.457,10708,10709,10708,1
2019-07-04 15:14:04.704,10708,10709,10709,1
2019-07-04 15:14:41.803,10708,10709,10709,1
2019-07-04 15:15:06.065,10708,10709,10709,1
2019-07-04 15:15:07.780,10708,10709,10709,1
2019-07-04 15:15:08.707,10708,10709,10709,1
2019-07-04 15:15:10.154,10708,10709,10709,1
2019-07-04 15:15:12.417,10708,10709,10709,1
2019-07-04 15:15:17.581,10708,10709,10708,10
2019-07-04 15:15:17.581,10708,10709,10707,18
2019-07-04 15:15:17.996,10707,10708,10707,1
2019-07-04 15:15:32.438,10707,10708,10707,1
2019-07-04 15:15:32.438,10707,10708,10707,1
2019-07-04 15:15:32.438,10707,10708,10707,1
2019-07-04 15:15:32.492,10707,10708,10707,1
2019-07-04 15:15:39.331,10707,10708,10707,1
2019-07-04 15:15:43.746,10707,10708,10707,1
2019-07-04 15:16:04.547,10706,10707,10707,1
2019-07-04 15:16:14.573,10706,10707,10707,1
2019-07-04 15:16:14.869,10706,10707,10707,1
2019-07-04 15:16:19.127,10706,10707,10707,1
2019-07-04 15:16:20.312,10706,10707,10707,1
2019-07-04 15:16:20.367,10707,10708,10707,1
2019-07-04 15:16:25.814,10707,10708,10707,6
2019-07-04 15:16:41.851,10706,10707,10707,7
2019-07-04 15:16:48.588,10706,10707,10707,2
2019-07-04 15:17:03.398,10706,10707,10707,4
2019-07-04 15:17:06.978,10706,10707,10707,1
2019-07-04 15:17:09.996,10706,10707,10707,2
2019-07-04 15:17:10.117,10706,10707,10707,2
2019-07-04 15:17:34.079,10707,10708,10708,3
2019-07-04 15:17:48.744,10707,10708,10708,5
2019-07-04 15:17:49.262,10707,10708,10708,2
2019-07-04 15:17:49.262,10707,10708,10709,1
2019-07-04 15:17:50.876,10707,10709,10709,1
2019-07-04 15:18:12.385,10707,10708,10708,1
2019-07-04 15:18:42.026,10707,10708,10708,1
2019-07-04 15:18:42.581,10707,10708,10708,1
2019-07-04 15:19:04.945,10707,10708,10708,1
2019-07-04 15:20:30.451,10707,10708,10707,2
2019-07-04 15:20:31.030,10707,10708,10707,1
2019-07-04 15:20:41.649,10707,10708,10707,1
2019-07-04 15:20:48.135,10707,10708,10707,1
2019-07-04 15:21:07.124,10707,10708,10708,1
2019-07-04 15:21:19.978,10707,10708,10707,1
2019-07-04 15:21:25.174,10707,10708,10707,1
2019-07-04 15:21:27.804,10706,10707,10707,1
2019-07-04 15:21:44.273,10706,10707,10707,1
2019-07-04 15:21:52.536,10706,10707,10707,1
2019-07-04 15:22:13.544,10707,10708,10707,1
2019-07-04 15:22:18.191,10707,10708,10707,1
2019-07-04 15:22:33.182,10706,10707,10707,4
2019-07-04 15:22:44.109,10707,10708,10707,1
2019-07-04 15:23:20.846,10706,10707,10707,1
2019-07-04 15:23:21.160,10706,10707,10707,1
2019-07-04 15:23:31.400,10707,10708,10707,1
2019-07-04 15:23:35.209,10707,10708,10707,2
2019-07-04 15:23:47.967,10706,10707,10707,3
2019-07-04 15:24:03.843,10707,10708,10707,10
2019-07-04 15:24:24.923,10706,10707,10706,2
2019-07-04 15:24:24.992,10706,10707,10706,28
2019-07-04 15:25:50.060,10705,10706,10706,1
2019-07-04 15:26:06.017,10705,10706,10706,4
2019-07-04 15:26:14.039,10705,10706,10706,2
2019-07-04 15:26:15.456,10705,10706,10705,1
2019-07-04 15:26:15.737,10705,10706,10705,1
2019-07-04 15:26:48.074,10705,10706,10706,5
2019-07-04 15:27:44.843,10705,10706,10705,1
2019-07-04 15:27:48.181,10705,10706,10706,1
2019-07-04 15:28:15.946,10705,10706,10705,25
2019-07-04 15:28:16.879,10705,10706,10705,14
2019-07-04 15:28:18.664,10704,10705,10705,10
2019-07-04 15:28:22.844,10704,10705,10704,1
2019-07-04 15:28:30.478,10704,10705,10704,1
2019-07-04 15:28:35.606,10704,10705,10705,2
2019-07-04 15:28:35.606,10704,10705,10706,2
2019-07-04 15:28:35.655,10704,10706,10706,6
2019-07-04 15:28:35.867,10705,10706,10705,1
2019-07-04 15:28:36.118,10705,10706,10705,2
2019-07-04 15:29:03.393,10704,10705,10705,1
2019-07-04 15:29:34.843,10704,10705,10705,2
2019-07-04 15:29:34.867,10704,10705,10705,12
2019-07-04 15:30:03.675,10705,10706,10705,1
2019-07-04 15:30:04.568,10705,10706,10706,1
2019-07-04 15:30:04.617,10705,10706,10706,3
2019-07-04 15:30:37.180,10705,10706,10705,1
2019-07-04 15:30:37.181,10705,10706,10705,3
2019-07-04 15:30:49.077,10704,10705,10705,2
2019-07-04 15:30:49.995,10705,10706,10705,1
2019-07-04 15:31:01.248,10705,10706,10705,1
2019-07-04 15:31:37.745,10705,10706,10705,1
2019-07-04 15:32:07.016,10705,10706,10705,3
2019-07-04 15:32:13.941,10705,10706,10705,1
2019-07-04 15:32:18.367,10705,10706,10705,1
2019-07-04 15:32:26.742,10705,10706,10705,1
2019-07-04 15:32:26.867,10705,10706,10705,1
2019-07-04 15:32:28.445,10705,10706,10705,1
2019-07-04 15:32:28.446,10705,10706,10705,2
2019-07-04 15:32:28.492,10705,10706,10705,4
2019-07-04 15:32:52.330,10704,10706,10704,10
2019-07-04 15:33:02.250,10704,10706,10704,1
2019-07-04 15:33:05.243,10704,10705,10704,1
2019-07-04 15:33:40.735,10704,10705,10705,1
2019-07-04 15:33:45.663,10704,10705,10704,9
2019-07-04 15:33:53.110,10704,10705,10704,5
2019-07-04 15:34:02.349,10704,10705,10704,1
2019-07-04 15:34:33.070,10704,10705,10705,1
2019-07-04 15:34:38.720,10704,10705,10704,1
2019-07-04 15:34:46.472,10704,10705,10705,1
2019-07-04 15:34:47.610,10704,10705,10704,1
2019-07-04 15:35:10.271,10704,10705,10704,1
2019-07-04 15:35:24.074,10704,10705,10704,1
2019-07-04 15:35:30.394,10704,10705,10704,2
2019-07-04 15:35:43.117,10704,10705,10705,10
2019-07-04 15:35:45.495,10705,10706,10705,1
2019-07-04 15:35:48.095,10704,10706,10704,1
2019-07-04 15:36:01.173,10704,10705,10705,1
2019-07-04 15:36:02.970,10704,10705,10705,2
2019-07-04 15:36:07.362,10704,10705,10705,1
2019-07-04 15:36:13.838,10704,10705,10705,1
2019-07-04 15:36:39.044,10704,10705,10705,1
2019-07-04 15:36:45.921,10704,10705,10705,1
2019-07-04 15:37:02.367,10704,10705,10705,7
2019-07-04 15:37:12.725,10705,10706,10706,3
2019-07-04 15:37:12.734,10705,10706,10706,3
2019-07-04 15:37:12.739,10705,10706,10706,1
2019-07-04 15:37:12.763,10705,10706,10706,2
2019-07-04 15:37:12.773,10705,10706,10706,1
2019-07-04 15:37:21.161,10705,10706,10705,1
2019-07-04 15:37:21.270,10705,10706,10705,1
2019-07-04 15:38:10.491,10705,10706,10705,1
2019-07-04 15:38:14.706,10705,10706,10705,1
2019-07-04 15:38:15.067,10705,10706,10705,1
2019-07-04 15:38:17.189,10705,10706,10705,3
2019-07-04 15:38:40.035,10705,10706,10705,5
2019-07-04 15:38:49.521,10705,10706,10705,1
2019-07-04 15:38:49.521,10705,10706,10704,3
2019-07-04 15:39:03.549,10704,10705,10704,1
2019-07-04 15:40:03.147,10704,10705,10704,2
2019-07-04 15:40:05.712,10704,10705,10704,1
2019-07-04 15:40:28.438,10704,10705,10704,1
2019-07-04 15:40:29.505,10704,10705,10704,1
2019-07-04 15:40:30.382,10704,10705,10704,1
2019-07-04 15:40:32.299,10704,10705,10705,1
2019-07-04 15:40:38.300,10704,10705,10705,1
2019-07-04 15:41:36.577,10704,10705,10705,1
2019-07-04 15:42:05.398,10704,10705,10705,5
2019-07-04 15:42:05.597,10704,10705,10705,2
2019-07-04 15:42:07.399,10704,10705,10705,1
2019-07-04 15:42:23.853,10704,10705,10705,1
2019-07-04 15:42:37.055,10705,10706,10705,1
2019-07-04 15:43:00.369,10705,10706,10705,2
2019-07-04 15:43:03.754,10705,10706,10705,5
2019-07-04 15:43:22.932,10705,10706,10705,1
2019-07-04 15:44:26.881,10705,10706,10706,1
2019-07-04 15:44:29.337,10705,10706,10706,4
2019-07-04 15:44:29.367,10705,10706,10706,9
2019-07-04 15:44:29.492,10705,10706,10706,8
2019-07-04 15:45:43.632,10706,10707,10706,1
2019-07-04 15:46:03.891,10706,10707,10706,1
2019-07-04 15:46:10.909,10706,10707,10706,1
2019-07-04 15:46:29.510,10706,10707,10706,6
2019-07-04 15:46:41.243,10706,10707,10706,1
2019-07-04 15:46:44.044,10706,10707,10706,1
2019-07-04 15:47:21.397,10706,10707,10707,1
2019-07-04 15:47:21.656,10706,10707,10707,1
2019-07-04 15:47:21.742,10706,10707,10707,1
2019-07-04 15:47:53.157,10706,10707,10707,1
2019-07-04 15:48:18.051,10706,10707,10707,2
2019-07-04 15:48:23.444,10706,10707,10706,1
2019-07-04 15:48:44.162,10706,10707,10707,1
2019-07-04 15:48:44.810,10706,10707,10707,1
2019-07-04 15:48:45.346,10706,10707,10707,1
2019-07-04 15:48:45.883,10706,10707,10707,1
2019-07-04 15:48:59.930,10706,10707,10707,1
2019-07-04 15:49:12.835,10706,10707,10707,2
2019-07-04 15:50:09.852,10706,10707,10707,1
2019-07-04 15:50:29.833,10706,10707,10706,2
2019-07-04 15:50:32.525,10706,10707,10706,1
2019-07-04 15:51:08.097,10706,10707,10706,1
2019-07-04 15:51:11.426,10706,10707,10706,6
2019-07-04 15:54:51.615,10705,10706,10706,1
2019-07-04 15:54:51.617,10705,10706,10706,1
2019-07-04 15:54:56.076,10705,10706,10706,1
2019-07-04 15:54:56.117,10705,10706,10706,1
2019-07-04 15:54:56.117,10705,10706,10706,1
2019-07-04 15:55:00.010,10706,10707,10706,1
2019-07-04 15:55:42.870,10706,10707,10706,1
2019-07-04 15:57:00.462,10706,10707,10706,1
2019-07-04 15:57:03.322,10706,10707,10706,1
2019-07-04 15:57:11.607,10706,10707,10706,1
2019-07-04 15:58:48.491,10706,10707,10706,1
2019-07-04 15:59:22.685,10706,10707,10707,1
2019-07-04 15:59:22.688,10706,10707,10707,1
2019-07-04 15:59:22.742,10706,10707,10707,1
2019-07-04 15:59:33.920,10706,10707,10707,1
2019-07-04 15:59:52.612,10706,10707,10706,1
2019-07-04 16:00:40.077,10706,10707,10707,1
2019-07-04 16:00:41.004,10706,10707,10707,2
2019-07-04 16:01:00.719,10706,10707,10707,2
2019-07-04 16:01:02.878,10706,10707,10707,1
2019-07-04 16:01:06.633,10706,10707,10707,2
2019-07-04 16:01:11.091,10706,10707,10707,1
2019-07-04 16:01:18.640,10707,10708,10708,1
2019-07-04 16:01:23.682,10707,10708,10707,2
2019-07-04 16:01:29.944,10707,10708,10707,1
2019-07-04 16:01:29.955,10707,10708,10707,1
2019-07-04 16:01:30.436,10707,10708,10707,2
2019-07-04 16:01:30.484,10707,10708,10707,1
2019-07-04 16:01:30.492,10707,10708,10707,3
2019-07-04 16:01:30.757,10706,10707,10706,5
2019-07-04 16:01:34.311,10706,10707,10706,2
2019-07-04 16:01:34.402,10706,10707,10706,2
2019-07-04 16:01:35.770,10706,10707,10706,2
2019-07-04 16:01:35.867,10706,10707,10706,2
2019-07-04 16:01:35.992,10706,10707,10706,1
2019-07-04 16:01:54.257,10705,10706,10706,4
2019-07-04 16:02:09.874,10705,10706,10706,1
2019-07-04 16:02:10.506,10705,10706,10705,1
2019-07-04 16:02:12.158,10705,10706,10706,1
2019-07-04 16:02:19.984,10705,10706,10705,1
2019-07-04 16:02:36.506,10705,10706,10705,1
2019-07-04 16:02:54.096,10705,10706,10705,2
2019-07-04 16:02:56.067,10705,10706,10706,2
2019-07-04 16:02:56.208,10705,10706,10706,1
2019-07-04 16:03:03.048,10705,10706,10706,1
2019-07-04 16:03:05.498,10705,10706,10705,2
2019-07-04 16:03:05.503,10705,10706,10705,3
2019-07-04 16:03:06.769,10705,10706,10705,2
2019-07-04 16:03:08.865,10705,10706,10705,2
2019-07-04 16:03:09.301,10705,10706,10705,2
2019-07-04 16:03:10.161,10705,10706,10705,2
2019-07-04 16:03:10.272,10705,10706,10705,1
2019-07-04 16:03:11.012,10705,10706,10705,2
2019-07-04 16:03:15.673,10705,10706,10705,2
2019-07-04 16:03:18.324,10705,10706,10705,2
2019-07-04 16:03:25.614,10705,10706,10705,2
2019-07-04 16:04:03.083,10705,10706,10705,1
2019-07-04 16:04:11.198,10705,10706,10705,2
2019-07-04 16:04:58.211,10705,10706,10706,4
2019-07-04 16:05:01.455,10705,10706,10705,8
2019-07-04 16:05:02.740,10705,10706,10706,3
2019-07-04 16:05:07.159,10705,10706,10706,2
2019-07-04 16:05:11.615,10705,10706,10706,1
2019-07-04 16:05:33.370,10705,10706,10706,1
2019-07-04 16:05:44.148,10705,10706,10706,1
2019-07-04 16:05:44.205,10705,10706,10706,1
2019-07-04 16:06:03.586,10705,10706,10706,2
2019-07-04 16:06:03.587,10705,10706,10706,2
2019-07-04 16:06:03.587,10705,10706,10706,1
2019-07-04 16:06:03.973,10706,10707,10706,3
2019-07-04 16:06:05.326,10706,10707,10706,1
2019-07-04 16:06:10.493,10705,10706,10706,1
2019-07-04 16:06:11.520,10705,10706,10706,1
2019-07-04 16:06:43.553,10705,10706,10705,1
2019-07-04 16:07:11.715,10705,10706,10705,4
2019-07-04 16:07:58.109,10705,10706,10706,1
2019-07-04 16:08:04.635,10705,10706,10706,1
2019-07-04 16:08:11.951,10705,10706,10706,1
2019-07-04 16:08:19.256,10705,10706,10706,1
2019-07-04 16:08:22.398,10705,10706,10706,2
2019-07-04 16:08:22.398,10705,10706,10707,3
2019-07-04 16:08:53.361,10705,10706,10706,2
2019-07-04 16:10:06.806,10705,10706,10706,2
2019-07-04 16:11:12.063,10705,10706,10706,2
2019-07-04 16:11:22.538,10705,10706,10706,1
2019-07-04 16:11:33.859,10706,10707,10706,1
2019-07-04 16:11:46.834,10706,10707,10706,1
2019-07-04 16:13:08.525,10705,10706,10706,1
2019-07-04 16:13:08.742,10705,10706,10706,2
2019-07-04 16:14:47.127,10706,10707,10706,5
2019-07-04 16:15:30.288,10705,10706,10706,2
2019-07-04 16:15:49.853,10705,10706,10705,2
2019-07-04 16:16:17.970,10705,10706,10706,1
2019-07-04 16:16:23.354,10705,10706,10706,2
2019-07-04 16:16:24.655,10705,10706,10706,1
2019-07-04 16:18:22.338,10705,10706,10705,8
2019-07-04 16:18:22.367,10705,10706,10705,21
2019-07-04 16:18:22.492,10705,10706,10705,8
2019-07-04 16:18:22.492,10705,10706,10705,2
2019-07-04 16:18:22.492,10705,10706,10705,2
2019-07-04 16:18:22.492,10705,10706,10705,1
2019-07-04 16:18:22.492,10705,10706,10705,2
2019-07-04 16:18:22.492,10705,10706,10705,1
2019-07-04 16:18:22.493,10705,10706,10705,2
2019-07-04 16:18:22.493,10705,10706,10705,1
2019-07-04 16:18:22.493,10705,10706,10705,1
2019-07-04 16:18:22.493,10705,10706,10705,1
2019-07-04 16:18:22.493,10705,10706,10705,6
2019-07-04 16:18:22.493,10705,10706,10705,2
2019-07-04 16:18:22.493,10705,10706,10705,1
2019-07-04 16:18:22.493,10705,10706,10705,2
2019-07-04 16:18:35.793,10704,10705,10705,1
2019-07-04 16:19:02.822,10704,10705,10704,1
2019-07-04 16:19:03.193,10704,10705,10704,1
2019-07-04 16:19:03.261,10704,10705,10704,1
2019-07-04 16:19:03.320,10704,10705,10704,1
2019-07-04 16:19:03.367,10704,10705,10704,1
2019-07-04 16:19:10.618,10704,10705,10704,1
2019-07-04 16:19:19.375,10704,10705,10704,1
2019-07-04 16:19:45.128,10704,10705,10704,5
2019-07-04 16:19:50.625,10704,10705,10704,1
2019-07-04 16:19:52.815,10704,10705,10704,1
2019-07-04 16:20:00.073,10704,10705,10705,1
2019-07-04 16:20:04.521,10704,10705,10704,1
2019-07-04 16:20:09.299,10704,10705,10704,5
2019-07-04 16:20:10.445,10704,10705,10704,3
2019-07-04 16:20:14.667,10704,10705,10704,1
2019-07-04 16:20:19.759,10704,10705,10704,1
2019-07-04 16:20:21.905,10704,10705,10704,3
2019-07-04 16:20:34.946,10703,10704,10704,2
2019-07-04 16:21:39.641,10704,10705,10704,1
2019-07-04 16:21:48.998,10704,10705,10704,1
2019-07-04 16:22:22.188,10704,10705,10705,6
2019-07-04 16:22:35.280,10704,10705,10704,2
2019-07-04 16:22:41.025,10704,10705,10704,1
2019-07-04 16:23:02.249,10704,10705,10704,4
2019-07-04 16:23:30.867,10704,10705,10705,9
2019-07-04 16:23:31.152,10705,10706,10705,2
2019-07-04 16:23:34.763,10705,10706,10705,1
2019-07-04 16:24:36.674,10704,10705,10704,2
2019-07-04 16:24:49.492,10704,10705,10705,7
2019-07-04 16:24:50.645,10705,10706,10705,1
2019-07-04 16:24:50.951,10705,10706,10705,1
2019-07-04 16:24:56.136,10705,10706,10705,1
2019-07-04 16:25:11.891,10705,10706,10705,2
2019-07-04 16:25:22.063,10705,10706,10705,2
2019-07-04 16:25:34.997,10704,10705,10704,1
2019-07-04 16:26:04.702,10704,10705,10704,2
2019-07-04 16:26:22.401,10704,10705,10705,1
2019-07-04 16:26:25.720,10704,10705,10704,1
2019-07-04 16:26:35.992,10704,10705,10705,1
2019-07-04 16:27:31.950,10705,10706,10705,1
2019-07-04 16:28:06.546,10704,10705,10704,5
2019-07-04 16:28:06.621,10704,10705,10704,4
2019-07-04 16:28:06.742,10704,10705,10704,3
2019-07-04 16:28:06.867,10704,10705,10704,10
2019-07-04 16:28:06.992,10704,10705,10704,5
2019-07-04 16:28:10.944,10704,10705,10704,1
2019-07-04 16:28:10.944,10704,10705,10704,1
2019-07-04 16:29:57.952,10703,10704,10704,5
2019-07-04 16:30:00.034,10703,10704,10703,2
2019-07-04 16:30:00.272,10703,10704,10703,1
2019-07-04 16:30:00.277,10703,10704,10703,1
2019-07-04 16:30:00.282,10703,10704,10703,1
2019-07-04 16:30:00.287,10703,10704,10703,2
2019-07-04 16:30:11.494,10703,10704,10703,4
2019-07-04 16:30:23.071,10703,10704,10704,5
2019-07-04 16:30:34.152,10704,10705,10704,1
2019-07-04 16:30:35.870,10704,10705,10705,2
2019-07-04 16:30:48.514,10704,10705,10704,3
2019-07-04 16:30:48.514,10704,10705,10704,1
2019-07-04 16:30:48.617,10704,10705,10704,1
2019-07-04 16:33:52.714,10704,10705,10705,1
2019-07-04 16:34:23.172,10704,10705,10705,1
2019-07-04 16:34:23.499,10704,10705,10705,13
2019-07-04 16:34:35.867,10705,10706,10705,2
2019-07-04 16:34:35.867,10705,10706,10705,1
2019-07-04 16:34:35.867,10705,10706,10705,1
2019-07-04 16:34:35.867,10705,10706,10705,1
2019-07-04 16:34:35.992,10705,10706,10705,2
2019-07-04 16:34:35.992,10705,10706,10705,1
2019-07-04 16:34:50.524,10704,10705,10705,1
2019-07-04 16:34:50.617,10704,10705,10705,1
2019-07-04 16:35:19.368,10705,10706,10705,1
2019-07-04 16:36:24.325,10704,10705,10705,7
2019-07-04 16:36:24.325,10704,10705,10705,1
2019-07-04 16:36:24.325,10704,10705,10705,2
2019-07-04 16:36:24.325,10704,10705,10705,1
2019-07-04 16:36:24.325,10704,10705,10705,2
2019-07-04 16:36:24.325,10704,10705,10705,2
2019-07-04 16:36:24.326,10704,10705,10705,1
2019-07-04 16:36:28.517,10705,10706,10705,1
2019-07-04 16:36:42.874,10705,10706,10705,1
2019-07-04 16:37:42.740,10705,10706,10705,1
2019-07-04 16:38:25.263,10705,10706,10705,10
2019-07-04 16:38:32.484,10705,10706,10705,1
2019-07-04 16:38:58.422,10705,10706,10705,3
2019-07-04 16:39:08.564,10704,10705,10704,1
2019-07-04 16:39:32.028,10704,10705,10704,1
2019-07-04 16:39:55.676,10704,10705,10705,1
2019-07-04 16:40:05.897,10704,10705,10704,2
2019-07-04 16:40:21.063,10704,10705,10704,1
2019-07-04 16:40:35.235,10704,10705,10705,2
2019-07-04 16:40:39.270,10704,10705,10705,1
2019-07-04 16:41:01.103,10704,10705,10705,2
2019-07-04 16:42:00.225,10704,10705,10704,1
2019-07-04 16:42:12.392,10704,10705,10704,2
2019-07-04 16:42:16.622,10704,10705,10704,4
2019-07-04 16:42:39.117,10704,10705,10704,1
2019-07-04 16:42:39.971,10704,10705,10704,1
2019-07-04 16:42:42.424,10704,10705,10704,1
2019-07-04 16:42:46.479,10704,10705,10704,1
2019-07-04 16:43:52.557,10704,10705,10704,2
2019-07-04 16:44:13.369,10704,10705,10705,1
2019-07-04 16:44:13.492,10704,10705,10705,1
2019-07-04 16:44:35.179,10704,10705,10704,1
2019-07-04 16:44:35.713,10704,10705,10704,1
2019-07-04 16:46:25.118,10704,10705,10705,1
2019-07-04 16:46:25.242,10704,10705,10705,1
2019-07-04 16:46:25.242,10704,10705,10705,1
2019-07-04 16:46:25.478,10704,10705,10704,2
2019-07-04 16:46:29.811,10704,10705,10705,2
2019-07-04 16:46:30.726,10704,10705,10705,2
2019-07-04 16:46:30.726,10704,10705,10706,1
2019-07-04 16:46:32.982,10704,10706,10706,3
2019-07-04 16:46:48.638,10705,10706,10705,1
2019-07-04 16:46:55.251,10704,10705,10705,1
2019-07-04 16:46:59.644,10704,10705,10705,1
2019-07-04 16:47:10.602,10704,10705,10705,1
2019-07-04 16:47:45.696,10704,10705,10705,1
2019-07-04 16:48:26.297,10704,10705,10705,1
2019-07-04 16:48:27.792,10704,10705,10705,1
2019-07-04 16:49:40.613,10704,10705,10705,1
2019-07-04 16:49:41.328,10704,10705,10705,1
2019-07-04 16:49:42.576,10704,10705,10705,1
2019-07-04 16:49:43.496,10704,10705,10705,1
2019-07-04 16:49:45.596,10704,10705,10705,1
2019-07-04 16:49:46.417,10704,10705,10705,1
2019-07-04 16:49:47.343,10704,10705,10705,1
2019-07-04 16:49:49.691,10704,10705,10705,1
2019-07-04 16:49:49.742,10704,10705,10705,1
2019-07-04 16:49:49.867,10704,10705,10705,1
2019-07-04 16:49:49.867,10704,10705,10705,1
2019-07-04 16:49:49.992,10704,10705,10705,1
2019-07-04 16:49:50.464,10705,10706,10705,1
2019-07-04 16:49:52.107,10704,10705,10705,1
2019-07-04 16:50:20.192,10705,10706,10706,1
2019-07-04 16:50:20.367,10705,10706,10706,1
2019-07-04 16:50:20.415,10705,10706,10706,1
2019-07-04 16:50:20.593,10705,10706,10706,1
2019-07-04 16:50:21.236,10705,10706,10706,1
2019-07-04 16:50:35.049,10705,10706,10706,1
2019-07-04 16:50:38.892,10705,10706,10706,1
2019-07-04 16:50:47.967,10705,10706,10706,1
2019-07-04 16:50:56.199,10705,10706,10706,1
2019-07-04 16:51:11.859,10705,10706,10706,1
2019-07-04 16:51:18.828,10705,10706,10706,1
2019-07-04 16:51:26.360,10705,10706,10706,1
2019-07-04 16:51:35.352,10706,10707,10706,1
2019-07-04 16:51:48.811,10706,10707,10706,1
2019-07-04 16:52:40.628,10706,10707,10706,1
2019-07-04 16:53:07.353,10706,10707,10706,8
2019-07-04 16:53:13.492,10706,10707,10706,1
2019-07-04 16:53:13.742,10706,10707,10706,1
2019-07-04 16:53:14.117,10706,10707,10706,1
2019-07-04 16:53:14.992,10706,10707,10706,1
2019-07-04 16:54:07.651,10705,10706,10706,5
2019-07-04 16:54:23.070,10705,10706,10706,1
2019-07-04 16:54:24.021,10705,10706,10705,2
2019-07-04 16:55:23.225,10705,10706,10706,2
2019-07-04 16:56:24.077,10705,10706,10705,20
2019-07-04 16:56:24.077,10705,10706,10705,6
2019-07-04 16:56:28.492,10705,10706,10705,1
2019-07-04 16:56:38.117,10704,10705,10705,1
2019-07-04 16:56:38.223,10704,10705,10705,1
2019-07-04 16:56:38.367,10704,10705,10705,1
2019-07-04 16:56:38.617,10704,10705,10705,2
2019-07-04 16:56:38.867,10704,10705,10705,1
2019-07-04 16:56:39.117,10704,10705,10705,1
2019-07-04 16:56:39.367,10704,10705,10705,1
2019-07-04 16:56:39.617,10704,10705,10705,1
2019-07-04 16:56:39.742,10704,10706,10705,1
2019-07-04 16:56:39.867,10704,10705,10705,1
2019-07-04 16:56:44.117,10704,10705,10705,1
2019-07-04 16:57:01.840,10705,10706,10705,1
2019-07-04 16:57:56.392,10704,10705,10704,1
2019-07-04 16:58:48.399,10704,10705,10704,1
2019-07-04 16:58:48.399,10704,10705,10704,1
2019-07-04 16:58:48.399,10704,10705,10704,3
2019-07-04 16:58:48.485,10704,10705,10704,2
2019-07-04 16:58:48.585,10704,10705,10704,3
2019-07-04 16:58:48.617,10704,10705,10704,1
2019-07-04 16:58:57.350,10704,10705,10704,4
2019-07-04 16:58:57.351,10704,10705,10704,5
2019-07-04 16:58:57.352,10704,10705,10704,2
2019-07-04 16:58:57.367,10704,10705,10704,3
2019-07-04 16:59:35.501,10703,10704,10704,3
2019-07-04 16:59:35.501,10703,10704,10704,1
2019-07-04 16:59:36.501,10703,10704,10704,1
2019-07-04 16:59:53.269,10703,10704,10704,3
2019-07-04 16:59:59.837,10704,10705,10704,1
2019-07-04 17:00:26.656,10704,10705,10704,1
2019-07-04 17:00:42.923,10704,10705,10704,1
2019-07-04 17:00:45.388,10704,10705,10704,1
2019-07-04 17:01:43.580,10704,10705,10705,1
2019-07-04 17:01:43.617,10704,10705,10705,1
2019-07-04 17:01:48.720,10704,10705,10704,1
2019-07-04 17:01:51.652,10704,10705,10705,2
2019-07-04 17:02:05.107,10704,10705,10705,1
2019-07-04 17:02:29.680,10704,10705,10705,1
2019-07-04 17:02:29.986,10704,10705,10704,1
2019-07-04 17:03:59.389,10704,10705,10705,2
2019-07-04 17:05:20.132,10704,10705,10705,2
2019-07-04 17:05:22.731,10704,10705,10705,10
2019-07-04 17:05:23.455,10704,10705,10705,10
2019-07-04 17:05:35.614,10704,10705,10704,1
2019-07-04 17:05:37.927,10704,10705,10704,1
2019-07-04 17:05:59.392,10704,10705,10704,1
2019-07-04 17:06:25.602,10704,10705,10705,1
2019-07-04 17:06:25.617,10704,10705,10705,1
2019-07-04 17:06:34.954,10704,10705,10704,1
2019-07-04 17:07:02.213,10704,10705,10705,1
2019-07-04 17:07:35.742,10704,10705,10704,1
2019-07-04 17:07:44.941,10704,10705,10705,1
2019-07-04 17:07:44.992,10704,10705,10705,2
2019-07-04 17:07:45.117,10704,10705,10705,31
2019-07-04 17:07:45.242,10704,10705,10705,3
2019-07-04 17:08:19.120,10705,10706,10706,2
2019-07-04 17:08:58.594,10705,10706,10705,1
2019-07-04 17:09:02.422,10704,10705,10705,3
2019-07-04 17:09:15.861,10704,10705,10705,3
2019-07-04 17:09:20.604,10704,10705,10705,3
2019-07-04 17:09:20.617,10705,10706,10705,1
2019-07-04 17:09:21.066,10705,10706,10705,1
2019-07-04 17:09:40.992,10704,10705,10705,1
2019-07-04 17:09:42.715,10704,10705,10705,1
2019-07-04 17:09:48.762,10705,10706,10705,1
2019-07-04 17:10:28.573,10705,10706,10705,1
2019-07-04 17:10:57.692,10705,10706,10705,1
2019-07-04 17:10:57.742,10705,10706,10705,2
2019-07-04 17:10:57.992,10704,10705,10705,1
2019-07-04 17:11:08.039,10704,10705,10705,1
2019-07-04 17:11:38.278,10704,10705,10705,2
2019-07-04 17:11:55.755,10704,10706,10704,4
2019-07-04 17:11:56.033,10704,10706,10704,4
2019-07-04 17:14:20.842,10705,10706,10705,6
2019-07-04 17:15:45.866,10705,10706,10705,1
2019-07-04 17:16:33.189,10705,10706,10705,10
2019-07-04 17:16:37.162,10705,10706,10705,3
2019-07-04 17:16:40.734,10704,10705,10705,1
2019-07-04 17:17:25.242,10704,10705,10704,1
2019-07-04 17:17:26.265,10704,10705,10705,1
2019-07-04 17:17:47.377,10705,10706,10705,3
2019-07-04 17:17:55.730,10704,10705,10705,3
2019-07-04 17:18:02.433,10704,10705,10705,3
2019-07-04 17:18:02.993,10704,10705,10704,2
2019-07-04 17:18:08.190,10704,10705,10705,1
2019-07-04 17:18:11.964,10704,10705,10705,5
2019-07-04 17:19:45.953,10705,10706,10706,2
2019-07-04 17:19:47.723,10705,10706,10706,1
2019-07-04 17:19:47.723,10705,10706,10706,2
2019-07-04 17:19:47.723,10705,10706,10706,1
2019-07-04 17:20:03.504,10705,10706,10706,1
2019-07-04 17:20:07.596,10705,10706,10706,1
2019-07-04 17:20:15.862,10705,10706,10706,5
2019-07-04 17:20:47.182,10705,10706,10706,2
2019-07-04 17:21:50.511,10705,10706,10705,2
2019-07-04 17:22:28.315,10705,10706,10705,4
2019-07-04 17:22:45.166,10705,10706,10705,2
2019-07-04 17:23:11.100,10705,10706,10705,1
2019-07-04 17:23:11.109,10705,10706,10705,2
2019-07-04 17:23:11.119,10705,10706,10705,1
2019-07-04 17:23:23.264,10705,10706,10705,1
2019-07-04 17:23:33.703,10705,10706,10705,3
2019-07-04 17:23:38.830,10705,10706,10705,4
2019-07-04 17:24:02.120,10705,10706,10706,1
2019-07-04 17:24:02.120,10705,10706,10706,2
2019-07-04 17:24:02.121,10705,10706,10706,1
2019-07-04 17:24:02.122,10705,10706,10706,1
2019-07-04 17:24:02.132,10705,10706,10706,1
2019-07-04 17:24:02.143,10705,10706,10706,1
2019-07-04 17:24:02.143,10705,10706,10706,2
2019-07-04 17:24:02.163,10705,10706,10706,2
2019-07-04 17:24:02.169,10705,10706,10706,2
2019-07-04 17:24:02.242,10705,10706,10706,7
2019-07-04 17:24:02.242,10705,10706,10706,4
2019-07-04 17:24:02.242,10705,10706,10706,4
2019-07-04 17:24:02.242,10705,10706,10706,3
2019-07-04 17:24:02.242,10705,10706,10706,2
2019-07-04 17:24:02.242,10705,10706,10706,2
2019-07-04 17:24:02.242,10705,10706,10706,1
2019-07-04 17:24:02.242,10705,10706,10706,1
2019-07-04 17:24:02.242,10705,10706,10706,1
2019-07-04 17:24:02.265,10705,10706,10706,2
2019-07-04 17:24:02.297,10705,10706,10706,1
2019-07-04 17:24:02.367,10705,10706,10706,4
2019-07-04 17:24:02.367,10705,10706,10706,1
2019-07-04 17:24:02.367,10705,10706,10706,1
2019-07-04 17:24:02.367,10705,10706,10706,2
2019-07-04 17:24:02.367,10705,10706,10706,2
2019-07-04 17:24:02.367,10705,10706,10706,1
2019-07-04 17:24:02.367,10705,10706,10706,1
2019-07-04 17:24:02.367,10705,10706,10706,2
2019-07-04 17:24:02.367,10705,10706,10706,1
2019-07-04 17:24:34.666,10705,10706,10706,1
2019-07-04 17:24:48.517,10705,10706,10706,1
2019-07-04 17:24:49.930,10705,10706,10706,1
2019-07-04 17:25:12.112,10705,10706,10706,1
2019-07-04 17:25:26.906,10705,10706,10706,3
2019-07-04 17:25:30.330,10705,10706,10706,2
2019-07-04 17:25:35.180,10705,10706,10706,1
2019-07-04 17:26:05.603,10705,10706,10705,1
2019-07-04 17:26:05.617,10705,10706,10705,2
2019-07-04 17:26:05.617,10705,10706,10705,1
2019-07-04 17:26:05.617,10705,10706,10705,2
2019-07-04 17:26:05.617,10705,10706,10705,1
2019-07-04 17:26:05.618,10705,10706,10705,1
2019-07-04 17:26:25.338,10704,10705,10705,1
2019-07-04 17:27:12.897,10705,10706,10705,1
2019-07-04 17:27:45.990,10705,10706,10705,3
2019-07-04 17:27:54.994,10705,10706,10705,2
2019-07-04 17:28:12.496,10705,10706,10705,1
2019-07-04 17:29:25.349,10705,10706,10705,5
2019-07-04 17:29:25.352,10705,10706,10705,4
2019-07-04 17:29:45.367,10704,10705,10705,1
2019-07-04 17:30:24.872,10705,10706,10705,1
2019-07-04 17:30:24.992,10705,10706,10705,4
2019-07-04 17:31:39.239,10705,10706,10705,1
2019-07-04 17:31:59.175,10704,10705,10704,2
2019-07-04 17:32:46.548,10704,10705,10705,1
2019-07-04 17:33:27.643,10704,10705,10705,2
2019-07-04 17:34:03.242,10704,10705,10705,1
2019-07-04 17:34:09.082,10704,10705,10705,1
2019-07-04 17:34:09.092,10704,10705,10705,3
2019-07-04 17:34:09.117,10704,10705,10705,1
2019-07-04 17:34:09.117,10704,10705,10705,1
2019-07-04 17:34:09.117,10704,10705,10705,1
2019-07-04 17:34:16.490,10704,10705,10705,1
2019-07-04 17:35:25.867,10704,10705,10705,1
2019-07-04 17:35:30.002,10704,10705,10705,2
2019-07-04 17:35:59.066,10704,10705,10705,3
2019-07-04 17:36:11.496,10704,10705,10704,21
2019-07-04 17:36:11.617,10704,10705,10704,21
2019-07-04 17:36:14.484,10703,10704,10704,3
2019-07-04 17:36:27.980,10703,10704,10704,2
2019-07-04 17:36:46.853,10703,10704,10703,47
2019-07-04 17:36:46.853,10703,10704,10702,15
2019-07-04 17:36:46.976,10702,10703,10702,1
2019-07-04 17:36:46.994,10702,10703,10702,38
2019-07-04 17:36:46.995,10702,10703,10702,2
2019-07-04 17:36:46.995,10702,10703,10702,2
2019-07-04 17:36:46.998,10702,10703,10702,2
2019-07-04 17:36:47.036,10702,10703,10702,2
2019-07-04 17:36:47.248,10701,10702,10701,1
2019-07-04 17:36:47.525,10701,10702,10701,1
2019-07-04 17:36:47.555,10701,10702,10701,1
2019-07-04 17:36:47.628,10701,10702,10701,1
2019-07-04 17:36:50.622,10701,10702,10701,1
2019-07-04 17:36:50.795,10701,10702,10701,1
2019-07-04 17:36:50.795,10701,10702,10701,1
2019-07-04 17:36:58.974,10701,10702,10701,1
2019-07-04 17:36:59.797,10701,10702,10701,1
2019-07-04 17:37:05.955,10701,10702,10702,1
2019-07-04 17:37:23.465,10701,10702,10702,1
2019-07-04 17:37:55.361,10701,10702,10702,1
2019-07-04 17:37:55.367,10701,10702,10702,14
2019-07-04 17:38:00.634,10702,10703,10702,32
2019-07-04 17:38:09.319,10701,10702,10701,1
2019-07-04 17:38:44.776,10701,10702,10701,1
2019-07-04 17:39:08.877,10701,10702,10702,1
2019-07-04 17:39:26.967,10701,10702,10702,2
2019-07-04 17:39:35.444,10701,10702,10702,1
2019-07-04 17:39:41.951,10701,10702,10702,5
2019-07-04 17:40:03.247,10701,10702,10702,1
2019-07-04 17:40:04.179,10701,10702,10701,2
2019-07-04 17:40:07.019,10701,10702,10702,1
2019-07-04 17:40:14.995,10701,10702,10702,1
2019-07-04 17:40:35.652,10701,10702,10702,1
2019-07-04 17:40:36.629,10701,10702,10702,1
2019-07-04 17:40:56.006,10701,10702,10702,1
2019-07-04 17:40:56.137,10701,10702,10702,1
2019-07-04 17:41:11.487,10701,10702,10702,1
2019-07-04 17:41:12.185,10701,10702,10702,5
2019-07-04 17:41:12.475,10701,10702,10702,1
2019-07-04 17:41:12.723,10701,10702,10702,1
2019-07-04 17:41:12.848,10701,10702,10702,1
2019-07-04 17:41:24.647,10701,10702,10702,1
2019-07-04 17:41:28.873,10701,10702,10702,1
2019-07-04 17:41:30.050,10701,10702,10702,1
2019-07-04 17:41:31.428,10701,10702,10702,5
2019-07-04 17:41:32.834,10701,10702,10702,2
2019-07-04 17:41:32.835,10701,10702,10702,6
2019-07-04 17:41:33.995,10702,10703,10702,2
2019-07-04 17:41:55.030,10702,10703,10702,1
2019-07-04 17:42:03.172,10702,10703,10703,1
2019-07-04 17:42:05.655,10702,10703,10703,1
2019-07-04 17:42:15.183,10702,10703,10702,7
2019-07-04 17:42:20.058,10702,10703,10702,2
2019-07-04 17:42:27.958,10702,10703,10702,5
2019-07-04 17:42:31.598,10701,10702,10702,2
2019-07-04 17:42:31.598,10701,10702,10703,2
2019-07-04 17:42:35.769,10702,10703,10702,1
2019-07-04 17:42:38.115,10701,10702,10702,1
2019-07-04 17:42:38.131,10701,10702,10702,1
2019-07-04 17:42:47.663,10701,10702,10702,1
2019-07-04 17:42:47.987,10701,10702,10702,1
2019-07-04 17:42:58.869,10701,10702,10701,1
2019-07-04 17:43:06.672,10701,10702,10702,1
2019-07-04 17:43:17.996,10701,10702,10702,1
2019-07-04 17:43:20.932,10701,10702,10702,7
2019-07-04 17:43:23.839,10702,10703,10702,1
2019-07-04 17:43:46.702,10702,10703,10702,5
2019-07-04 17:44:04.711,10702,10703,10702,1
2019-07-04 17:44:21.911,10702,10703,10702,10
2019-07-04 17:44:27.950,10702,10703,10702,1
2019-07-04 17:44:39.520,10702,10703,10702,4
2019-07-04 17:44:51.635,10701,10702,10702,1
2019-07-04 17:44:58.412,10701,10702,10702,1
2019-07-04 17:45:11.991,10701,10702,10702,1
2019-07-04 17:45:12.316,10701,10702,10701,4
2019-07-04 17:45:12.330,10701,10702,10701,1
2019-07-04 17:45:12.568,10701,10702,10701,2
2019-07-04 17:45:12.596,10701,10702,10701,1
2019-07-04 17:45:12.974,10701,10702,10701,2
2019-07-04 17:45:14.619,10701,10702,10701,1
2019-07-04 17:45:14.688,10701,10702,10701,1
2019-07-04 17:45:14.771,10701,10702,10701,2
2019-07-04 17:45:14.820,10701,10702,10701,1
2019-07-04 17:45:14.836,10701,10702,10701,1
2019-07-04 17:45:29.111,10701,10702,10701,4
2019-07-04 17:45:39.257,10701,10702,10701,4
2019-07-04 17:45:47.951,10701,10702,10701,6
2019-07-04 17:45:47.992,10701,10702,10701,13
2019-07-04 17:45:48.117,10701,10702,10701,2
2019-07-04 17:45:48.117,10701,10702,10701,2
2019-07-04 17:45:48.117,10701,10702,10701,1
2019-07-04 17:45:48.250,10701,10702,10701,1
2019-07-04 17:45:48.250,10701,10702,10701,5
2019-07-04 17:45:55.242,10700,10701,10701,1
2019-07-04 17:45:55.579,10700,10701,10701,1
2019-07-04 17:46:08.701,10700,10701,10701,1
2019-07-04 17:46:09.086,10700,10701,10701,1
2019-07-04 17:46:12.765,10700,10701,10701,2
2019-07-04 17:46:15.821,10700,10701,10701,1
2019-07-04 17:46:24.653,10700,10701,10701,1
2019-07-04 17:46:33.356,10701,10702,10701,3
2019-07-04 17:46:49.939,10701,10702,10701,3
2019-07-04 17:46:59.582,10701,10702,10701,1
2019-07-04 17:46:59.583,10701,10702,10701,4
2019-07-04 17:47:10.846,10701,10702,10701,1
2019-07-04 17:47:28.288,10701,10702,10701,1
2019-07-04 17:47:52.999,10701,10702,10701,4
2019-07-04 17:48:01.426,10701,10702,10701,1
2019-07-04 17:48:07.826,10701,10702,10701,3
2019-07-04 17:48:32.742,10701,10702,10701,2
2019-07-04 17:48:32.867,10701,10702,10701,2
2019-07-04 17:49:07.700,10701,10702,10701,1
2019-07-04 17:49:08.997,10701,10702,10702,1
2019-07-04 17:49:54.071,10701,10702,10702,1
2019-07-04 17:50:10.589,10701,10702,10702,10
2019-07-04 17:50:11.373,10701,10702,10701,1
2019-07-04 17:50:24.646,10701,10702,10702,1
2019-07-04 17:50:28.921,10701,10702,10701,1
2019-07-04 17:50:35.360,10701,10702,10702,1
2019-07-04 17:50:43.110,10701,10702,10702,1
2019-07-04 17:50:43.925,10701,10702,10702,4
2019-07-04 17:51:12.617,10701,10702,10702,1
2019-07-04 17:51:12.742,10701,10702,10702,1
2019-07-04 17:51:12.992,10701,10702,10702,1
2019-07-04 17:51:13.117,10701,10702,10702,4
2019-07-04 17:51:19.973,10702,10703,10702,6
2019-07-04 17:51:53.787,10702,10703,10702,1
2019-07-04 17:51:58.476,10702,10703,10702,1
2019-07-04 17:51:58.476,10702,10703,10701,3
2019-07-04 17:52:14.399,10701,10702,10702,2
2019-07-04 17:53:25.045,10701,10702,10702,6
2019-07-04 17:53:25.117,10701,10702,10702,5
2019-07-04 17:53:30.732,10701,10702,10702,1
2019-07-04 17:53:40.318,10701,10702,10702,1
2019-07-04 17:53:46.292,10701,10702,10702,1
2019-07-04 17:53:46.367,10701,10702,10702,1
2019-07-04 17:54:15.937,10701,10702,10702,1
2019-07-04 17:54:16.137,10701,10702,10702,1
2019-07-04 17:54:33.457,10701,10702,10702,1
2019-07-04 17:54:44.329,10701,10702,10702,1
2019-07-04 17:55:22.471,10702,10703,10703,12
2019-07-04 17:55:22.471,10702,10703,10703,3
2019-07-04 17:55:22.471,10702,10703,10703,2
2019-07-04 17:55:22.492,10702,10703,10703,12
2019-07-04 17:55:23.262,10703,10704,10704,1
2019-07-04 17:57:15.992,10703,10704,10703,1
2019-07-04 17:58:12.534,10703,10704,10704,1
2019-07-04 17:58:13.695,10703,10704,10704,1
2019-07-04 17:58:31.963,10703,10704,10704,1
2019-07-04 17:58:32.218,10703,10704,10704,1
2019-07-04 17:58:32.886,10703,10704,10704,1
2019-07-04 17:58:57.079,10703,10704,10703,4
2019-07-04 17:58:57.117,10703,10704,10703,1
2019-07-04 18:00:00.431,10703,10704,10703,1
2019-07-04 18:00:00.988,10703,10704,10703,4
2019-07-04 18:00:02.704,10703,10704,10703,1
2019-07-04 18:00:02.796,10703,10704,10703,1
2019-07-04 18:00:48.427,10703,10704,10703,1
2019-07-04 18:00:48.427,10703,10704,10703,2
2019-07-04 18:00:48.493,10702,10704,10702,4
2019-07-04 18:00:55.598,10702,10703,10702,2
2019-07-04 18:01:02.297,10702,10703,10703,1
2019-07-04 18:01:39.022,10702,10703,10703,1
2019-07-04 18:01:39.022,10702,10703,10703,4
2019-07-04 18:01:39.024,10702,10703,10703,1
2019-07-04 18:01:39.117,10702,10703,10703,1
2019-07-04 18:01:54.650,10702,10703,10703,1
2019-07-04 18:02:00.137,10702,10703,10703,2
2019-07-04 18:02:11.025,10702,10703,10702,3
2019-07-04 18:02:34.205,10701,10702,10702,1
2019-07-04 18:02:59.633,10701,10702,10701,1
2019-07-04 18:02:59.911,10701,10702,10702,1
2019-07-04 18:03:05.401,10701,10702,10702,1
2019-07-04 18:03:06.797,10701,10702,10702,1
2019-07-04 18:03:06.867,10701,10702,10702,1
2019-07-04 18:03:42.030,10702,10703,10702,4
2019-07-04 18:04:13.951,10702,10703,10703,1
2019-07-04 18:04:14.304,10702,10703,10703,1
2019-07-04 18:04:14.490,10702,10703,10703,1
2019-07-04 18:04:19.998,10702,10703,10703,1
2019-07-04 18:04:57.548,10702,10703,10703,1
2019-07-04 18:05:47.379,10702,10703,10703,1
2019-07-04 18:06:14.238,10703,10704,10703,1
2019-07-04 18:06:14.242,10703,10704,10703,2
2019-07-04 18:06:15.065,10702,10703,10703,1
2019-07-04 18:06:17.766,10703,10704,10703,1
2019-07-04 18:06:25.596,10702,10703,10702,1
2019-07-04 18:06:31.974,10702,10703,10702,2
2019-07-04 18:06:46.032,10702,10703,10702,2
2019-07-04 18:06:46.117,10702,10703,10702,2
2019-07-04 18:07:31.353,10701,10702,10702,1
2019-07-04 18:08:20.963,10701,10702,10702,2
2019-07-04 18:08:21.910,10701,10702,10702,1
2019-07-04 18:08:22.197,10701,10702,10702,1
2019-07-04 18:08:22.447,10701,10702,10702,1
2019-07-04 18:08:22.622,10701,10702,10702,3
2019-07-04 18:08:22.622,10701,10702,10702,2
2019-07-04 18:08:22.623,10701,10702,10702,4
2019-07-04 18:08:22.623,10701,10702,10702,1
2019-07-04 18:08:23.100,10702,10703,10702,1
2019-07-04 18:08:28.829,10701,10702,10702,1
2019-07-04 18:08:58.877,10701,10702,10702,3
2019-07-04 18:08:59.351,10702,10703,10702,6
2019-07-04 18:09:02.203,10702,10703,10703,1
2019-07-04 18:09:03.040,10702,10703,10703,1
2019-07-04 18:09:05.241,10702,10703,10702,2
2019-07-04 18:09:06.602,10701,10702,10702,1
2019-07-04 18:09:46.788,10701,10702,10702,4
2019-07-04 18:09:47.229,10702,10703,10702,2
2019-07-04 18:11:11.257,10702,10703,10702,1
2019-07-04 18:11:13.193,10702,10703,10702,2
2019-07-04 18:11:14.665,10702,10703,10702,2
2019-07-04 18:11:15.393,10702,10703,10702,2
2019-07-04 18:11:15.492,10702,10703,10702,4
2019-07-04 18:11:29.986,10701,10702,10701,2
2019-07-04 18:11:56.106,10701,10702,10702,1
2019-07-04 18:11:59.595,10701,10702,10701,1
2019-07-04 18:12:59.105,10701,10702,10702,1
2019-07-04 18:12:59.454,10701,10702,10701,1
2019-07-04 18:12:59.653,10701,10702,10701,4
2019-07-04 18:12:59.888,10701,10702,10701,3
2019-07-04 18:13:02.586,10701,10702,10702,1
2019-07-04 18:14:25.694,10701,10702,10702,1
2019-07-04 18:15:12.136,10701,10702,10702,4
2019-07-04 18:15:14.235,10701,10702,10702,2
2019-07-04 18:15:33.991,10701,10702,10702,1
2019-07-04 18:17:11.339,10701,10702,10702,1
2019-07-04 18:17:11.603,10701,10702,10701,1
2019-07-04 18:17:33.225,10701,10702,10701,1
2019-07-04 18:17:59.370,10701,10702,10701,1
2019-07-04 18:18:04.661,10701,10702,10702,1
2019-07-04 18:18:32.339,10701,10702,10701,1
2019-07-04 18:18:36.451,10701,10702,10701,1
2019-07-04 18:18:55.233,10701,10702,10702,1
2019-07-04 18:18:59.136,10701,10702,10701,1
2019-07-04 18:19:15.681,10701,10702,10702,1
2019-07-04 18:19:46.721,10701,10702,10702,1
2019-07-04 18:19:56.737,10701,10702,10702,1
2019-07-04 18:20:02.510,10701,10702,10702,2
2019-07-04 18:21:40.306,10701,10702,10701,15
2019-07-04 18:21:43.500,10701,10702,10701,15
2019-07-04 18:21:45.083,10701,10702,10701,3
2019-07-04 18:21:45.285,10701,10702,10701,3
2019-07-04 18:21:45.367,10701,10702,10701,15
2019-07-04 18:21:45.492,10701,10702,10701,2
2019-07-04 18:21:55.934,10700,10701,10701,1
2019-07-04 18:21:56.209,10700,10701,10701,1
2019-07-04 18:21:59.829,10700,10701,10700,20
2019-07-04 18:21:59.929,10700,10701,10700,1
2019-07-04 18:21:59.979,10700,10701,10700,8
2019-07-04 18:22:01.006,10700,10701,10700,1
2019-07-04 18:22:02.673,10700,10701,10701,3
2019-07-04 18:22:02.856,10700,10701,10700,1
2019-07-04 18:22:07.249,10700,10701,10700,4
2019-07-04 18:22:11.242,10700,10701,10700,1
2019-07-04 18:22:11.367,10700,10701,10700,1
2019-07-04 18:22:16.350,10700,10701,10701,2
2019-07-04 18:22:20.524,10700,10701,10700,5
2019-07-04 18:22:28.548,10700,10701,10700,2
2019-07-04 18:22:32.425,10700,10701,10700,1
2019-07-04 18:22:42.003,10700,10701,10700,2
2019-07-04 18:22:46.071,10700,10701,10700,2
2019-07-04 18:22:51.326,10700,10701,10700,2
2019-07-04 18:23:44.352,10700,10701,10700,2
2019-07-04 18:23:44.660,10700,10701,10700,4
2019-07-04 18:23:44.770,10700,10701,10700,1
2019-07-04 18:23:46.258,10700,10701,10700,1
2019-07-04 18:23:46.394,10700,10701,10700,2
2019-07-04 18:24:02.933,10700,10701,10701,2
2019-07-04 18:24:19.669,10700,10701,10700,1
2019-07-04 18:24:20.577,10700,10701,10700,1
2019-07-04 18:24:24.762,10700,10701,10700,1
2019-07-04 18:25:15.118,10700,10701,10700,1
2019-07-04 18:25:32.204,10700,10701,10700,1
2019-07-04 18:25:57.550,10700,10701,10701,1
2019-07-04 18:26:16.369,10700,10701,10701,1
2019-07-04 18:26:36.245,10700,10701,10701,1
2019-07-04 18:26:36.367,10700,10701,10701,1
2019-07-04 18:27:07.025,10700,10701,10701,1
2019-07-04 18:27:07.454,10700,10701,10700,2
2019-07-04 18:27:29.429,10700,10701,10701,1
2019-07-04 18:27:32.075,10700,10701,10701,1
2019-07-04 18:27:37.449,10700,10701,10700,3
2019-07-04 18:28:02.380,10700,10701,10701,1
2019-07-04 18:28:46.026,10700,10701,10700,2
2019-07-04 18:29:54.168,10700,10701,10700,1
2019-07-04 18:29:54.371,10700,10701,10700,2
2019-07-04 18:29:55.883,10700,10701,10700,1
2019-07-04 18:30:01.207,10700,10701,10700,1
2019-07-04 18:30:01.383,10700,10701,10700,2
2019-07-04 18:30:01.471,10700,10701,10700,2
2019-07-04 18:30:01.489,10700,10701,10700,1
2019-07-04 18:30:01.711,10700,10701,10700,1
2019-07-04 18:30:01.915,10700,10701,10700,1
2019-07-04 18:30:02.048,10700,10701,10700,6
2019-07-04 18:30:02.117,10700,10701,10700,12
2019-07-04 18:30:02.117,10700,10701,10700,1
2019-07-04 18:30:02.242,10700,10701,10700,1
2019-07-04 18:30:02.288,10700,10701,10699,1
2019-07-04 18:30:02.595,10699,10700,10699,1
2019-07-04 18:30:02.614,10699,10700,10699,1
2019-07-04 18:30:02.621,10699,10700,10699,4
2019-07-04 18:30:16.220,10699,10700,10699,1
2019-07-04 18:30:17.920,10699,10700,10699,1
2019-07-04 18:30:18.280,10699,10700,10699,1
2019-07-04 18:30:37.087,10699,10700,10699,1
2019-07-04 18:30:38.989,10699,10700,10700,1
2019-07-04 18:30:40.092,10699,10700,10699,2
2019-07-04 18:30:47.446,10699,10700,10699,4
2019-07-04 18:30:53.882,10699,10700,10699,2
2019-07-04 18:30:58.167,10699,10700,10699,5
2019-07-04 18:31:02.560,10699,10700,10699,1
2019-07-04 18:31:07.865,10699,10700,10699,1
2019-07-04 18:31:08.922,10699,10700,10699,2
2019-07-04 18:31:10.247,10699,10700,10699,4
2019-07-04 18:31:10.367,10699,10700,10699,1
2019-07-04 18:31:10.750,10699,10700,10699,2
2019-07-04 18:31:10.963,10699,10700,10699,2
2019-07-04 18:31:11.283,10699,10700,10699,1
2019-07-04 18:31:12.134,10699,10700,10699,5
2019-07-04 18:31:13.731,10699,10700,10699,1
2019-07-04 18:31:14.233,10699,10700,10699,1
2019-07-04 18:31:14.237,10699,10700,10699,1
2019-07-04 18:31:21.483,10699,10700,10699,5
2019-07-04 18:31:29.357,10698,10699,10699,10
2019-07-04 18:31:29.367,10698,10699,10699,1
2019-07-04 18:31:37.051,10698,10699,10699,1
2019-07-04 18:31:37.316,10698,10699,10699,1
2019-07-04 18:31:37.644,10698,10699,10699,1
2019-07-04 18:32:00.090,10699,10700,10699,1
2019-07-04 18:33:02.242,10699,10700,10699,4
2019-07-04 18:33:05.375,10699,10700,10699,1
2019-07-04 18:33:26.284,10699,10700,10699,1
2019-07-04 18:33:30.478,10699,10700,10699,1
2019-07-04 18:33:32.492,10699,10700,10700,1
2019-07-04 18:33:32.617,10699,10700,10700,1
2019-07-04 18:33:32.742,10699,10700,10700,1
2019-07-04 18:33:32.867,10699,10700,10700,1
2019-07-04 18:33:32.992,10699,10700,10700,1
2019-07-04 18:33:47.713,10699,10700,10700,1
2019-07-04 18:33:47.814,10699,10700,10700,2
2019-07-04 18:34:10.384,10699,10700,10700,1
2019-07-04 18:35:01.609,10699,10700,10699,1
2019-07-04 18:35:02.104,10699,10700,10699,1
2019-07-04 18:35:02.153,10699,10700,10700,3
2019-07-04 18:35:08.579,10699,10700,10699,3
2019-07-04 18:35:31.227,10699,10700,10699,2
2019-07-04 18:35:42.541,10699,10700,10699,2
2019-07-04 18:35:45.337,10698,10699,10698,1
2019-07-04 18:35:45.421,10698,10699,10698,6
2019-07-04 18:35:45.587,10698,10699,10698,2
2019-07-04 18:35:45.691,10698,10699,10698,1
2019-07-04 18:35:46.504,10698,10699,10698,2
2019-07-04 18:35:46.510,10698,10699,10698,2
2019-07-04 18:35:46.592,10698,10699,10698,2
2019-07-04 18:35:46.595,10698,10699,10698,1
2019-07-04 18:35:46.596,10698,10699,10698,1
2019-07-04 18:35:46.889,10698,10699,10698,1
2019-07-04 18:35:49.385,10698,10699,10698,1
2019-07-04 18:35:58.736,10698,10699,10698,2
2019-07-04 18:36:07.645,10698,10699,10698,1
2019-07-04 18:36:08.091,10698,10699,10698,1
2019-07-04 18:36:08.305,10698,10699,10698,6
2019-07-04 18:36:08.367,10698,10699,10698,1
2019-07-04 18:36:08.532,10698,10699,10698,11
2019-07-04 18:36:08.617,10698,10699,10698,1
2019-07-04 18:36:08.617,10698,10699,10698,3
2019-07-04 18:36:08.617,10698,10699,10698,4
2019-07-04 18:36:08.617,10698,10699,10698,1
2019-07-04 18:36:08.617,10698,10699,10698,2
2019-07-04 18:36:08.681,10698,10699,10698,1
2019-07-04 18:36:08.681,10698,10699,10698,2
2019-07-04 18:36:08.681,10698,10699,10698,1
2019-07-04 18:36:09.026,10697,10698,10697,6
2019-07-04 18:36:09.300,10697,10698,10697,1
2019-07-04 18:36:12.686,10697,10698,10697,1
2019-07-04 18:36:20.182,10697,10698,10697,3
2019-07-04 18:36:21.208,10697,10698,10698,5
2019-07-04 18:36:21.485,10697,10698,10698,5
2019-07-04 18:36:23.069,10697,10698,10697,1
2019-07-04 18:36:27.697,10697,10698,10698,1
2019-07-04 18:36:42.780,10697,10698,10698,1
2019-07-04 18:36:51.798,10698,10699,10698,1
2019-07-04 18:37:21.404,10697,10698,10697,3
2019-07-04 18:38:01.443,10697,10698,10698,3
2019-07-04 18:38:05.825,10697,10698,10698,3
2019-07-04 18:38:06.770,10697,10698,10698,1
2019-07-04 18:38:09.644,10697,10698,10698,1
2019-07-04 18:38:15.096,10698,10699,10698,1
2019-07-04 18:38:15.096,10698,10699,10697,1
2019-07-04 18:38:49.512,10698,10699,10698,5
2019-07-04 18:38:54.774,10698,10699,10698,1
2019-07-04 18:39:02.118,10698,10699,10698,1
2019-07-04 18:39:14.366,10698,10699,10698,1
2019-07-04 18:39:15.990,10698,10699,10698,1
2019-07-04 18:39:23.778,10698,10699,10698,1
2019-07-04 18:39:46.706,10698,10699,10698,1
2019-07-04 18:39:47.095,10698,10699,10699,1
2019-07-04 18:39:51.165,10698,10699,10698,1
2019-07-04 18:40:19.399,10698,10699,10698,3
2019-07-04 18:40:29.938,10698,10699,10698,1
2019-07-04 18:40:30.235,10698,10699,10698,2
2019-07-04 18:41:29.310,10697,10698,10698,1
2019-07-04 18:41:43.166,10697,10698,10698,3
2019-07-04 18:42:05.679,10698,10699,10698,1
2019-07-04 18:42:05.742,10698,10699,10698,1
2019-07-04 18:42:06.435,10697,10698,10698,1
2019-07-04 18:42:40.729,10697,10698,10698,1
2019-07-04 18:43:04.114,10698,10699,10698,1
2019-07-04 18:43:27.702,10698,10699,10699,1
2019-07-04 18:43:56.215,10698,10699,10699,1
2019-07-04 18:43:59.933,10698,10699,10698,1
2019-07-04 18:44:24.049,10698,10699,10698,17
2019-07-04 18:44:24.399,10697,10698,10698,2
2019-07-04 18:44:24.492,10697,10698,10698,1
2019-07-04 18:44:24.800,10698,10699,10698,1
2019-07-04 18:44:24.800,10698,10699,10697,3
2019-07-04 18:45:27.959,10698,10699,10698,1
2019-07-04 18:45:28.358,10698,10699,10698,2
2019-07-04 18:45:28.503,10698,10699,10698,2
2019-07-04 18:45:28.825,10698,10699,10698,1
2019-07-04 18:45:29.127,10698,10699,10698,1
2019-07-04 18:45:29.431,10698,10699,10698,1
2019-07-04 18:45:44.389,10698,10699,10698,3
2019-07-04 18:45:50.038,10697,10698,10698,1
2019-07-04 18:45:59.213,10698,10699,10698,1
2019-07-04 18:45:59.242,10698,10699,10698,3
2019-07-04 18:46:53.114,10698,10699,10699,1
2019-07-04 18:47:24.245,10698,10699,10699,3
2019-07-04 18:47:33.742,10698,10699,10699,1
2019-07-04 18:47:44.171,10698,10699,10699,3
2019-07-04 18:48:02.579,10698,10699,10699,1
2019-07-04 18:48:10.898,10698,10699,10699,1
2019-07-04 18:48:14.388,10698,10699,10699,2
2019-07-04 18:48:15.315,10698,10699,10699,1
2019-07-04 18:48:27.376,10698,10699,10699,1
2019-07-04 18:48:29.120,10699,10700,10699,1
2019-07-04 18:48:54.323,10699,10700,10699,4
2019-07-04 18:49:22.799,10699,10700,10700,4
2019-07-04 18:49:22.887,10699,10700,10700,2
2019-07-04 18:49:24.246,10699,10700,10699,1
2019-07-04 18:49:29.748,10699,10700,10699,1
2019-07-04 18:49:36.907,10699,10700,10699,1
2019-07-04 18:49:45.879,10698,10699,10698,1
2019-07-04 18:50:08.117,10698,10699,10699,2
2019-07-04 18:50:28.570,10699,10700,10699,1
2019-07-04 18:50:39.680,10699,10700,10699,1
2019-07-04 18:50:39.887,10699,10700,10699,3
2019-07-04 18:50:42.859,10699,10700,10699,1
2019-07-04 18:51:07.802,10699,10700,10699,3
2019-07-04 18:51:12.585,10699,10700,10699,1
2019-07-04 18:51:22.435,10699,10700,10699,2
2019-07-04 18:51:23.063,10699,10700,10699,3
2019-07-04 18:51:47.476,10699,10700,10700,8
2019-07-04 18:52:24.675,10700,10701,10701,2
2019-07-04 18:52:24.855,10700,10701,10700,1
2019-07-04 18:52:36.782,10700,10701,10701,1
2019-07-04 18:52:37.991,10700,10701,10701,1
2019-07-04 18:52:38.243,10700,10701,10701,1
2019-07-04 18:53:01.124,10700,10701,10701,1
2019-07-04 18:53:10.891,10700,10701,10701,1
2019-07-04 18:53:48.439,10700,10701,10700,1
2019-07-04 18:53:49.794,10700,10701,10700,1
2019-07-04 18:54:46.860,10700,10701,10701,1
2019-07-04 18:54:57.641,10700,10701,10701,5
2019-07-04 18:54:58.346,10700,10701,10701,1
2019-07-04 18:55:05.120,10700,10701,10701,2
2019-07-04 18:55:44.503,10700,10701,10701,1
2019-07-04 18:56:08.224,10700,10701,10701,1
2019-07-04 18:56:11.990,10700,10701,10700,1
2019-07-04 18:56:33.507,10700,10701,10700,1
2019-07-04 18:57:34.549,10700,10701,10701,1
2019-07-04 18:57:41.498,10700,10701,10701,2
2019-07-04 18:58:14.395,10700,10701,10701,1
2019-07-04 18:58:20.526,10700,10701,10701,1
2019-07-04 18:59:17.939,10700,10701,10701,1
2019-07-04 18:59:57.913,10701,10702,10701,2
2019-07-04 19:00:22.281,10701,10702,10702,1
2019-07-04 19:00:22.880,10701,10702,10701,2
2019-07-04 19:00:22.881,10701,10702,10701,2
2019-07-04 19:00:22.890,10701,10702,10701,2
2019-07-04 19:00:23.081,10701,10702,10701,4
2019-07-04 19:00:23.107,10701,10702,10701,1
2019-07-04 19:00:23.120,10700,10702,10700,1
2019-07-04 19:00:23.188,10700,10702,10701,1
2019-07-04 19:00:23.188,10700,10702,10702,5
2019-07-04 19:01:40.875,10701,10702,10702,1
2019-07-04 19:01:47.502,10701,10702,10701,2
2019-07-04 19:01:50.142,10701,10702,10702,1
2019-07-04 19:02:34.234,10701,10702,10702,1
2019-07-04 19:02:41.491,10701,10702,10702,1
2019-07-04 19:03:36.055,10701,10702,10702,1
2019-07-04 19:03:42.110,10701,10702,10702,1
2019-07-04 19:04:34.822,10701,10702,10701,1
2019-07-04 19:04:35.584,10701,10702,10701,1
2019-07-04 19:05:29.215,10701,10702,10701,1
2019-07-04 19:05:52.519,10701,10702,10701,1
2019-07-04 19:06:41.259,10701,10702,10702,2
2019-07-04 19:07:00.600,10701,10702,10702,4
2019-07-04 19:07:00.617,10701,10702,10702,12
2019-07-04 19:07:47.724,10702,10703,10702,1
2019-07-04 19:07:48.304,10702,10703,10702,1
2019-07-04 19:07:49.258,10702,10703,10702,1
2019-07-04 19:07:51.819,10702,10703,10702,1
2019-07-04 19:07:54.342,10702,10703,10702,1
2019-07-04 19:09:37.578,10702,10703,10703,1
2019-07-04 19:09:38.808,10702,10703,10703,5
2019-07-04 19:09:39.048,10702,10703,10703,1
2019-07-04 19:09:40.665,10702,10703,10703,1
2019-07-04 19:10:28.663,10702,10703,10703,1
2019-07-04 19:10:29.179,10702,10703,10702,1
2019-07-04 19:10:30.335,10702,10703,10702,1
2019-07-04 19:10:34.633,10702,10703,10703,1
2019-07-04 19:11:00.215,10702,10703,10703,1
2019-07-04 19:11:08.849,10702,10703,10702,1
2019-07-04 19:11:08.849,10702,10703,10702,1
2019-07-04 19:11:08.856,10702,10703,10702,1
2019-07-04 19:11:08.856,10702,10703,10702,1
2019-07-04 19:11:08.867,10702,10703,10702,7
2019-07-04 19:11:08.867,10702,10703,10702,3
2019-07-04 19:11:09.272,10701,10702,10701,1
2019-07-04 19:11:32.817,10701,10702,10702,5
2019-07-04 19:11:33.204,10701,10702,10702,5
2019-07-04 19:11:34.427,10701,10702,10702,1
2019-07-04 19:11:34.595,10702,10703,10702,2
2019-07-04 19:11:46.973,10702,10703,10702,1
2019-07-04 19:12:11.931,10702,10703,10703,1
2019-07-04 19:12:23.771,10702,10703,10702,1
2019-07-04 19:12:33.677,10702,10703,10702,1
2019-07-04 19:13:29.493,10702,10703,10703,3
2019-07-04 19:13:30.367,10702,10703,10703,12
2019-07-04 19:13:30.492,10702,10703,10703,19
2019-07-04 19:13:31.279,10703,10704,10703,1
2019-07-04 19:13:31.516,10703,10704,10703,1
2019-07-04 19:13:32.413,10703,10704,10703,1
2019-07-04 19:13:34.263,10703,10704,10703,1
2019-07-04 19:13:59.841,10702,10703,10703,1
2019-07-04 19:14:04.588,10702,10703,10703,1
2019-07-04 19:14:04.617,10703,10704,10703,1
2019-07-04 19:14:08.086,10702,10703,10703,1
2019-07-04 19:14:24.855,10702,10703,10703,1
2019-07-04 19:14:41.782,10702,10703,10703,1
2019-07-04 19:14:42.077,10702,10703,10703,1
2019-07-04 19:14:44.040,10702,10703,10703,1
2019-07-04 19:15:17.977,10702,10703,10703,2
2019-07-04 19:15:27.045,10702,10703,10703,5
2019-07-04 19:15:28.722,10702,10703,10703,3
2019-07-04 19:15:38.730,10703,10704,10703,4
2019-07-04 19:16:11.948,10703,10704,10704,15
2019-07-04 19:16:12.035,10703,10704,10704,1
2019-07-04 19:16:12.154,10703,10704,10704,1
2019-07-04 19:16:12.579,10703,10704,10704,3
2019-07-04 19:16:29.267,10703,10704,10704,5
2019-07-04 19:17:02.872,10703,10704,10704,3
2019-07-04 19:17:23.143,10703,10704,10704,2
2019-07-04 19:17:27.525,10703,10704,10704,8
2019-07-04 19:17:27.617,10703,10704,10704,1
2019-07-04 19:17:28.492,10703,10704,10704,1
2019-07-04 19:17:28.617,10703,10704,10704,1
2019-07-04 19:17:34.979,10703,10704,10704,1
2019-07-04 19:17:43.482,10703,10704,10704,1
2019-07-04 19:17:43.492,10703,10704,10704,1
2019-07-04 19:17:47.361,10704,10705,10704,1
2019-07-04 19:17:58.129,10703,10704,10704,2
2019-07-04 19:17:58.607,10703,10704,10704,1
2019-07-04 19:18:05.679,10703,10704,10704,4
2019-07-04 19:18:53.197,10704,10705,10705,1
2019-07-04 19:18:53.282,10704,10705,10705,1
2019-07-04 19:18:53.305,10704,10705,10705,1
2019-07-04 19:19:36.598,10704,10705,10704,6
2019-07-04 19:19:57.391,10703,10704,10704,1
2019-07-04 19:20:17.338,10703,10704,10704,4
2019-07-04 19:20:29.867,10703,10704,10703,5
2019-07-04 19:20:36.424,10702,10703,10703,1
2019-07-04 19:20:36.704,10702,10703,10703,1
2019-07-04 19:20:37.083,10702,10703,10703,1
2019-07-04 19:20:37.760,10702,10703,10703,1
2019-07-04 19:20:44.037,10702,10703,10703,1
2019-07-04 19:20:56.529,10702,10703,10703,1
2019-07-04 19:21:11.223,10702,10703,10703,1
2019-07-04 19:21:11.242,10702,10703,10703,1
2019-07-04 19:21:56.947,10703,10704,10703,5
2019-07-04 19:22:01.463,10703,10704,10703,1
2019-07-04 19:22:26.542,10703,10704,10703,5
2019-07-04 19:22:28.340,10703,10704,10703,1
2019-07-04 19:22:34.225,10703,10704,10703,1
2019-07-04 19:22:39.507,10703,10704,10703,1
2019-07-04 19:22:45.313,10703,10704,10703,1
2019-07-04 19:22:50.384,10703,10704,10703,1
2019-07-04 19:22:56.234,10703,10704,10703,1
2019-07-04 19:23:02.196,10703,10704,10703,1
2019-07-04 19:23:07.432,10703,10704,10703,1
2019-07-04 19:23:12.154,10703,10704,10703,1
2019-07-04 19:23:17.595,10703,10704,10703,1
2019-07-04 19:24:26.648,10703,10704,10703,1
2019-07-04 19:24:29.192,10703,10704,10703,1
2019-07-04 19:24:29.193,10703,10704,10703,1
2019-07-04 19:24:29.242,10703,10704,10703,2
2019-07-04 19:24:29.242,10703,10704,10703,1
2019-07-04 19:24:29.367,10703,10704,10703,5
2019-07-04 19:24:29.492,10703,10704,10703,1
2019-07-04 19:24:29.617,10702,10703,10703,1
2019-07-04 19:24:34.887,10702,10703,10703,1
2019-07-04 19:24:52.836,10702,10703,10703,1
2019-07-04 19:25:01.601,10703,10704,10704,1
2019-07-04 19:25:01.972,10703,10704,10704,1
2019-07-04 19:26:02.352,10703,10704,10703,1
2019-07-04 19:26:02.367,10703,10704,10703,1
2019-07-04 19:26:11.042,10702,10703,10703,1
2019-07-04 19:26:45.872,10702,10703,10703,1
2019-07-04 19:27:27.672,10702,10703,10702,1
2019-07-04 19:27:29.689,10702,10703,10702,1
2019-07-04 19:27:29.742,10702,10703,10702,2
2019-07-04 19:27:29.867,10702,10703,10702,1
2019-07-04 19:27:31.242,10702,10703,10702,2
2019-07-04 19:27:35.721,10702,10703,10702,1
2019-07-04 19:27:55.140,10701,10702,10701,1
2019-07-04 19:27:56.222,10701,10702,10701,2
2019-07-04 19:28:18.430,10701,10702,10702,1
2019-07-04 19:28:24.447,10701,10702,10702,1
2019-07-04 19:28:39.792,10701,10702,10701,1
2019-07-04 19:29:14.790,10701,10702,10701,1
2019-07-04 19:29:15.658,10701,10702,10701,1
2019-07-04 19:29:54.755,10701,10702,10702,1
2019-07-04 19:31:57.370,10701,10702,10702,2
2019-07-04 19:31:57.492,10701,10702,10702,1
2019-07-04 19:31:57.492,10701,10702,10702,3
2019-07-04 19:31:57.617,10701,10702,10702,1
2019-07-04 19:32:04.004,10701,10702,10702,3
2019-07-04 19:32:04.354,10701,10702,10702,1
2019-07-04 19:33:21.992,10701,10702,10702,1
2019-07-04 19:33:22.117,10701,10702,10702,2
2019-07-04 19:33:22.271,10701,10703,10703,1
2019-07-04 19:33:22.295,10701,10703,10703,1
2019-07-04 19:35:26.564,10702,10703,10703,1
2019-07-04 19:35:27.290,10702,10703,10703,1
2019-07-04 19:36:11.645,10702,10703,10703,2
2019-07-04 19:36:16.444,10702,10703,10702,1
2019-07-04 19:36:27.240,10702,10703,10702,2
2019-07-04 19:37:30.719,10702,10703,10702,1
2019-07-04 19:40:40.367,10702,10703,10702,1
2019-07-04 19:40:40.492,10702,10703,10702,1
2019-07-04 19:40:40.617,10702,10703,10702,1
2019-07-04 19:41:09.439,10702,10703,10703,1
2019-07-04 19:41:10.255,10702,10703,10703,1
2019-07-04 19:41:21.312,10702,10703,10702,1
2019-07-04 19:41:37.068,10702,10703,10703,1
2019-07-04 19:41:42.084,10702,10703,10703,1
2019-07-04 19:41:42.376,10702,10703,10703,1
2019-07-04 19:41:42.609,10702,10703,10703,1
2019-07-04 19:41:42.837,10702,10703,10703,1
2019-07-04 19:42:15.296,10702,10703,10703,1
2019-07-04 19:43:00.417,10702,10703,10703,2
2019-07-04 19:43:04.363,10702,10703,10703,1
2019-07-04 19:44:11.748,10702,10703,10703,1
2019-07-04 19:44:11.867,10702,10703,10703,1
2019-07-04 19:44:15.477,10702,10703,10703,1
2019-07-04 19:44:15.492,10702,10703,10703,1
2019-07-04 19:44:15.852,10702,10703,10703,1
2019-07-04 19:44:15.867,10702,10703,10703,1
2019-07-04 19:44:15.992,10702,10703,10703,1
2019-07-04 19:44:16.034,10702,10703,10703,2
2019-07-04 19:44:48.876,10702,10703,10703,1
2019-07-04 19:45:02.109,10702,10703,10703,1
2019-07-04 19:45:40.590,10702,10703,10703,1
2019-07-04 19:46:04.454,10703,10704,10703,1
2019-07-04 19:46:29.910,10703,10704,10703,1
2019-07-04 19:47:00.866,10703,10704,10703,1
2019-07-04 19:47:01.149,10703,10704,10703,1
2019-07-04 19:48:02.581,10703,10704,10703,1
2019-07-04 19:48:10.979,10703,10704,10703,1
2019-07-04 19:49:26.460,10703,10704,10703,1
2019-07-04 19:49:26.463,10703,10704,10703,1
2019-07-04 19:49:26.463,10703,10704,10703,1
2019-07-04 19:50:21.102,10703,10704,10704,1
2019-07-04 19:50:21.117,10703,10704,10704,1
2019-07-04 19:50:21.538,10703,10704,10703,1
2019-07-04 19:50:21.563,10703,10704,10703,1
2019-07-04 19:50:21.663,10703,10704,10703,1
2019-07-04 19:50:21.670,10703,10704,10703,1
2019-07-04 19:51:33.575,10703,10704,10703,1
2019-07-04 19:52:56.408,10703,10704,10703,1
2019-07-04 19:52:56.409,10703,10704,10703,1
2019-07-04 19:53:17.396,10703,10704,10703,1
2019-07-04 19:54:04.826,10703,10704,10703,1
2019-07-04 19:54:45.674,10703,10704,10703,1
2019-07-04 19:55:43.672,10703,10704,10704,2
2019-07-04 19:55:43.673,10703,10704,10704,1
2019-07-04 19:55:48.387,10703,10704,10704,3
2019-07-04 19:55:57.085,10703,10704,10704,2
2019-07-04 19:55:57.086,10703,10704,10704,3
2019-07-04 19:55:57.086,10703,10704,10704,3
2019-07-04 19:55:57.086,10703,10704,10704,7
2019-07-04 19:55:57.329,10704,10705,10704,1
2019-07-04 19:57:12.350,10704,10705,10705,10
2019-07-04 19:57:31.587,10704,10705,10705,1
2019-07-04 19:57:31.630,10704,10705,10705,1
2019-07-04 19:57:44.734,10704,10705,10704,1
2019-07-04 19:58:02.753,10704,10705,10705,1
2019-07-04 19:58:49.534,10704,10705,10704,1
2019-07-04 19:58:57.580,10704,10705,10704,1
2019-07-04 19:59:09.262,10704,10705,10704,1
2019-07-04 19:59:39.009,10704,10705,10704,1
2019-07-04 19:59:57.753,10704,10705,10705,2
2019-07-04 20:00:01.219,10704,10705,10705,1
2019-07-04 20:00:01.233,10704,10705,10705,1
2019-07-04 20:00:01.350,10704,10705,10705,4
2019-07-04 20:00:01.503,10704,10705,10705,2
2019-07-04 20:00:01.585,10704,10705,10705,2
2019-07-04 20:00:01.603,10704,10705,10705,1
2019-07-04 20:00:01.625,10704,10705,10705,1
2019-07-04 20:00:01.821,10704,10705,10705,2
2019-07-04 20:00:01.844,10704,10705,10705,1
2019-07-04 20:00:01.940,10704,10705,10705,2
2019-07-04 20:00:02.025,10704,10705,10705,2
2019-07-04 20:00:02.064,10704,10705,10705,1
2019-07-04 20:00:02.077,10704,10705,10705,2
2019-07-04 20:00:02.106,10704,10705,10705,2
2019-07-04 20:00:02.107,10704,10705,10705,10
2019-07-04 20:00:02.119,10704,10706,10705,2
2019-07-04 20:00:02.203,10704,10706,10705,1
2019-07-04 20:00:02.272,10704,10706,10705,1
2019-07-04 20:00:02.304,10704,10706,10705,1
2019-07-04 20:00:02.742,10704,10705,10705,1
2019-07-04 20:00:05.043,10704,10705,10705,1
2019-07-04 20:00:05.050,10704,10705,10705,1
2019-07-04 20:00:15.755,10704,10705,10705,2
2019-07-04 20:00:16.247,10704,10705,10705,2
2019-07-04 20:00:19.870,10704,10705,10705,1
2019-07-04 20:00:20.481,10704,10705,10705,3
2019-07-04 20:00:25.729,10705,10706,10706,2
2019-07-04 20:00:25.813,10705,10706,10706,2
2019-07-04 20:00:25.884,10705,10706,10706,5
2019-07-04 20:00:25.909,10705,10706,10706,4
2019-07-04 20:00:25.959,10705,10706,10706,5
2019-07-04 20:00:25.965,10705,10706,10706,5
2019-07-04 20:00:26.016,10705,10706,10706,5
2019-07-04 20:00:26.050,10705,10706,10706,5
2019-07-04 20:00:26.084,10705,10706,10706,5
2019-07-04 20:00:26.127,10705,10706,10706,5
2019-07-04 20:00:26.148,10705,10706,10706,1
2019-07-04 20:00:29.668,10705,10706,10705,2
2019-07-04 20:00:34.771,10705,10706,10706,1
2019-07-04 20:00:42.848,10705,10706,10706,1
2019-07-04 20:00:44.368,10705,10706,10706,5
2019-07-04 20:00:50.386,10706,10707,10707,1
2019-07-04 20:00:50.650,10706,10707,10707,1
2019-07-04 20:00:51.479,10706,10707,10707,2
2019-07-04 20:00:52.189,10706,10707,10707,1
2019-07-04 20:00:52.351,10706,10707,10707,1
2019-07-04 20:00:55.944,10706,10707,10707,10
2019-07-04 20:01:00.132,10706,10707,10707,1
2019-07-04 20:01:00.411,10706,10707,10706,1
2019-07-04 20:01:02.177,10706,10707,10706,1
2019-07-04 20:01:28.124,10706,10707,10707,1
2019-07-04 20:01:39.172,10706,10707,10706,6
2019-07-04 20:01:48.141,10706,10707,10706,1
2019-07-04 20:01:48.496,10706,10707,10707,3
2019-07-04 20:01:56.973,10706,10707,10706,1
2019-07-04 20:02:02.637,10706,10707,10706,10
2019-07-04 20:02:02.637,10706,10707,10706,5
2019-07-04 20:02:07.000,10705,10706,10706,1
2019-07-04 20:02:38.215,10705,10706,10706,1
2019-07-04 20:02:38.693,10705,10706,10705,2
2019-07-04 20:02:47.538,10705,10706,10706,4
2019-07-04 20:03:01.757,10706,10707,10706,2
2019-07-04 20:03:01.871,10705,10707,10706,1
2019-07-04 20:03:01.871,10705,10707,10707,4
2019-07-04 20:03:14.963,10706,10707,10707,1
2019-07-04 20:03:38.111,10706,10707,10707,1
2019-07-04 20:03:46.581,10706,10707,10707,3
2019-07-04 20:04:03.599,10706,10707,10707,2
2019-07-04 20:04:34.726,10706,10707,10707,2
2019-07-04 20:04:45.617,10706,10707,10706,1
2019-07-04 20:05:13.883,10706,10707,10706,1
2019-07-04 20:05:13.992,10706,10707,10706,1
2019-07-04 20:05:28.412,10706,10707,10707,4
2019-07-04 20:05:34.766,10706,10707,10707,4
2019-07-04 20:06:27.529,10706,10707,10707,1
2019-07-04 20:06:31.560,10706,10707,10707,3
2019-07-04 20:06:33.994,10706,10707,10707,1
2019-07-04 20:06:40.573,10706,10707,10707,5
2019-07-04 20:06:40.848,10706,10707,10707,5
2019-07-04 20:06:41.182,10706,10707,10707,2
2019-07-04 20:06:47.153,10707,10708,10707,1
2019-07-04 20:06:56.857,10707,10708,10707,1
2019-07-04 20:07:02.141,10707,10708,10707,1
2019-07-04 20:07:04.034,10707,10708,10707,1
2019-07-04 20:07:04.676,10707,10708,10707,1
2019-07-04 20:07:15.533,10707,10708,10707,9
2019-07-04 20:07:19.531,10706,10707,10707,1
2019-07-04 20:07:32.000,10706,10707,10707,1
2019-07-04 20:07:34.003,10706,10707,10707,3
2019-07-04 20:07:34.476,10707,10708,10707,1
2019-07-04 20:07:34.476,10707,10708,10706,4
2019-07-04 20:07:44.476,10707,10708,10708,1
2019-07-04 20:07:44.693,10707,10708,10708,2
2019-07-04 20:07:44.698,10707,10708,10708,4
2019-07-04 20:07:44.754,10707,10708,10708,2
2019-07-04 20:07:45.113,10707,10708,10708,1
2019-07-04 20:07:45.328,10707,10708,10708,1
2019-07-04 20:07:45.382,10707,10708,10708,1
2019-07-04 20:07:45.386,10707,10708,10708,1
2019-07-04 20:07:45.483,10707,10708,10708,1
2019-07-04 20:07:46.109,10707,10708,10707,6
2019-07-04 20:07:46.117,10706,10707,10707,1
2019-07-04 20:07:54.080,10706,10707,10706,1
2019-07-04 20:07:57.122,10706,10707,10707,1
2019-07-04 20:08:01.923,10706,10707,10707,2
2019-07-04 20:08:05.253,10706,10707,10707,1
2019-07-04 20:08:43.328,10706,10707,10707,2
2019-07-04 20:09:14.397,10706,10707,10707,1
2019-07-04 20:09:38.219,10706,10707,10707,5
2019-07-04 20:09:43.423,10706,10707,10707,1
2019-07-04 20:09:43.728,10706,10707,10707,1
2019-07-04 20:10:03.180,10706,10707,10707,1
2019-07-04 20:10:15.814,10706,10707,10707,1
2019-07-04 20:10:19.035,10706,10707,10707,1
2019-07-04 20:11:04.604,10706,10707,10707,1
2019-07-04 20:11:37.683,10706,10707,10707,1
2019-07-04 20:11:45.921,10706,10707,10707,1
2019-07-04 20:11:51.774,10706,10707,10707,1
2019-07-04 20:12:23.713,10706,10707,10707,5
2019-07-04 20:12:37.962,10706,10707,10706,1
2019-07-04 20:12:44.665,10706,10707,10707,2
2019-07-04 20:12:47.527,10706,10707,10707,1
2019-07-04 20:12:51.537,10706,10707,10707,1
2019-07-04 20:13:13.106,10706,10707,10707,1
2019-07-04 20:13:14.093,10706,10707,10707,1
2019-07-04 20:13:24.986,10707,10708,10707,1
2019-07-04 20:13:25.252,10707,10708,10707,1
2019-07-04 20:13:25.591,10707,10708,10707,1
2019-07-04 20:13:27.053,10707,10708,10707,1
2019-07-04 20:13:32.085,10707,10708,10707,10
2019-07-04 20:13:33.474,10707,10708,10708,1
2019-07-04 20:13:51.646,10707,10708,10708,1
2019-07-04 20:14:01.036,10707,10708,10707,1
2019-07-04 20:14:06.776,10707,10708,10707,9
2019-07-04 20:14:15.234,10706,10707,10706,1
2019-07-04 20:14:32.088,10706,10707,10707,1
2019-07-04 20:14:32.117,10706,10707,10707,2
2019-07-04 20:14:51.383,10706,10707,10707,1
2019-07-04 20:14:52.984,10707,10708,10708,1
2019-07-04 20:15:06.794,10707,10708,10708,5
2019-07-04 20:15:07.126,10707,10708,10708,1
2019-07-04 20:15:13.645,10707,10708,10708,1
2019-07-04 20:15:34.260,10707,10708,10707,1
2019-07-04 20:16:01.311,10707,10708,10707,2
2019-07-04 20:16:12.360,10707,10708,10707,1
2019-07-04 20:16:15.156,10707,10708,10707,1
2019-07-04 20:16:24.758,10707,10708,10707,2
2019-07-04 20:17:29.571,10707,10708,10707,1
2019-07-04 20:17:33.038,10707,10708,10707,1
2019-07-04 20:17:33.117,10707,10708,10707,1
2019-07-04 20:17:33.145,10707,10708,10707,1
2019-07-04 20:17:56.320,10707,10708,10707,1
2019-07-04 20:17:56.320,10707,10708,10707,1
2019-07-04 20:17:56.320,10707,10708,10707,1
2019-07-04 20:18:04.776,10706,10707,10707,1
2019-07-04 20:18:14.506,10706,10707,10707,1
2019-07-04 20:18:21.538,10706,10707,10707,1
2019-07-04 20:18:37.384,10706,10707,10707,1
2019-07-04 20:18:56.879,10706,10707,10707,1
2019-07-04 20:19:26.089,10706,10707,10707,1
2019-07-04 20:21:21.818,10706,10707,10706,1
2019-07-04 20:22:04.871,10706,10707,10707,1
2019-07-04 20:22:04.874,10706,10707,10707,1
2019-07-04 20:22:04.875,10706,10707,10707,1
2019-07-04 20:22:04.875,10706,10707,10707,10
2019-07-04 20:22:04.992,10706,10707,10707,4
2019-07-04 20:22:04.992,10706,10707,10707,2
2019-07-04 20:23:44.853,10707,10708,10707,1
2019-07-04 20:23:52.134,10707,10708,10707,1
2019-07-04 20:24:02.442,10707,10708,10708,2
2019-07-04 20:24:02.785,10707,10708,10708,12
2019-07-04 20:24:02.963,10707,10708,10708,1
2019-07-04 20:24:03.074,10707,10708,10708,1
2019-07-04 20:24:03.996,10707,10708,10707,1
2019-07-04 20:24:10.995,10707,10708,10707,1
2019-07-04 20:24:20.828,10707,10708,10707,1
2019-07-04 20:24:49.981,10707,10708,10707,1
2019-07-04 20:24:51.468,10707,10708,10708,5
2019-07-04 20:25:03.785,10707,10708,10708,4
2019-07-04 20:25:12.750,10707,10708,10708,1
2019-07-04 20:25:19.285,10707,10708,10708,2
2019-07-04 20:25:50.739,10707,10708,10708,1
2019-07-04 20:25:51.688,10707,10708,10708,2
2019-07-04 20:25:52.879,10707,10708,10708,1
2019-07-04 20:25:55.751,10707,10708,10708,1
2019-07-04 20:25:57.522,10707,10708,10708,5
2019-07-04 20:25:58.083,10707,10708,10708,1
2019-07-04 20:25:58.590,10707,10708,10708,1
2019-07-04 20:26:06.454,10707,10708,10708,2
2019-07-04 20:26:10.463,10707,10708,10708,1
2019-07-04 20:26:59.781,10708,10709,10708,5
2019-07-04 20:27:00.460,10707,10709,10709,1
2019-07-04 20:27:00.871,10707,10709,10709,1
2019-07-04 20:27:07.647,10707,10709,10709,1
2019-07-04 20:27:32.557,10708,10709,10709,1
2019-07-04 20:27:35.730,10708,10709,10709,1
2019-07-04 20:27:37.374,10708,10709,10709,1
2019-07-04 20:27:38.649,10708,10709,10709,5
2019-07-04 20:28:04.966,10708,10709,10709,1
2019-07-04 20:28:14.877,10708,10709,10709,5
2019-07-04 20:28:23.728,10708,10709,10709,1
2019-07-04 20:28:34.890,10708,10709,10709,1
2019-07-04 20:29:13.379,10708,10709,10709,2
2019-07-04 20:29:14.114,10708,10709,10709,1
2019-07-04 20:29:27.072,10708,10709,10709,1
2019-07-04 20:29:33.152,10708,10709,10708,1
2019-07-04 20:29:42.155,10708,10709,10709,1
2019-07-04 20:29:48.243,10708,10709,10709,2
2019-07-04 20:29:50.085,10708,10709,10708,5
2019-07-04 20:29:53.893,10708,10709,10709,1
2019-07-04 20:30:02.267,10708,10709,10709,3
2019-07-04 20:30:11.522,10708,10709,10709,1
2019-07-04 20:30:20.366,10708,10709,10709,1
2019-07-04 20:30:24.071,10708,10709,10709,1
2019-07-04 20:30:36.917,10708,10709,10709,1
2019-07-04 20:30:40.245,10708,10709,10709,2
2019-07-04 20:31:22.281,10708,10709,10708,1
2019-07-04 20:31:22.962,10708,10709,10708,1
2019-07-04 20:31:23.070,10708,10709,10709,1
2019-07-04 20:31:24.587,10708,10709,10708,1
2019-07-04 20:31:31.481,10708,10709,10709,1
2019-07-04 20:32:05.374,10708,10709,10709,1
2019-07-04 20:32:35.004,10708,10709,10709,1
2019-07-04 20:32:44.159,10708,10709,10708,1
2019-07-04 20:32:53.054,10708,10709,10709,2
2019-07-04 20:33:03.229,10708,10709,10709,1
2019-07-04 20:33:16.660,10708,10709,10708,1
2019-07-04 20:33:18.322,10708,10709,10709,1
2019-07-04 20:33:18.776,10708,10709,10709,1
2019-07-04 20:33:19.105,10708,10709,10709,1
2019-07-04 20:33:46.968,10708,10709,10709,1
2019-07-04 20:34:13.630,10708,10709,10709,1
2019-07-04 20:34:18.977,10708,10709,10709,1
2019-07-04 20:34:29.835,10708,10709,10708,1
2019-07-04 20:34:33.149,10708,10709,10708,2
2019-07-04 20:34:57.922,10708,10709,10708,3
2019-07-04 20:35:00.242,10708,10709,10708,1
2019-07-04 20:35:00.592,10708,10709,10709,1
2019-07-04 20:35:13.861,10708,10709,10709,1
2019-07-04 20:35:31.125,10708,10709,10709,1
2019-07-04 20:35:38.051,10708,10709,10709,1
2019-07-04 20:36:22.043,10708,10709,10708,1
2019-07-04 20:36:22.043,10708,10709,10708,1
2019-07-04 20:36:25.556,10708,10709,10708,1
2019-07-04 20:36:25.558,10708,10709,10708,3
2019-07-04 20:36:25.617,10708,10709,10708,1
2019-07-04 20:36:25.617,10708,10709,10708,1
2019-07-04 20:36:25.617,10708,10709,10708,14
2019-07-04 20:36:26.234,10707,10708,10707,7
2019-07-04 20:36:28.063,10706,10707,10706,2
2019-07-04 20:36:30.697,10706,10707,10707,1
2019-07-04 20:36:31.059,10706,10707,10707,1
2019-07-04 20:36:35.130,10706,10707,10707,1
2019-07-04 20:36:57.067,10706,10707,10706,1
2019-07-04 20:36:59.382,10706,10707,10706,1
2019-07-04 20:37:04.562,10706,10707,10706,1
2019-07-04 20:37:20.695,10706,10707,10707,1
2019-07-04 20:37:21.565,10706,10707,10706,1
2019-07-04 20:37:29.182,10706,10707,10706,2
2019-07-04 20:38:07.660,10706,10707,10706,5
2019-07-04 20:38:07.982,10706,10707,10706,2
2019-07-04 20:38:07.982,10706,10707,10706,1
2019-07-04 20:38:08.059,10705,10706,10706,1
2019-07-04 20:38:16.515,10705,10706,10706,1
2019-07-04 20:38:16.555,10705,10706,10706,1
2019-07-04 20:38:31.799,10705,10706,10706,1
2019-07-04 20:38:58.175,10705,10706,10706,1
2019-07-04 20:38:58.458,10705,10706,10706,1
2019-07-04 20:38:58.776,10705,10706,10706,1
2019-07-04 20:38:59.528,10705,10706,10706,1
2019-07-04 20:39:06.045,10705,10706,10706,1
2019-07-04 20:39:25.734,10706,10707,10706,1
2019-07-04 20:39:42.876,10706,10707,10706,1
2019-07-04 20:41:11.548,10706,10707,10707,1
2019-07-04 20:41:11.549,10706,10707,10707,1
2019-07-04 20:41:11.549,10706,10707,10707,1
2019-07-04 20:41:11.550,10706,10707,10707,3
2019-07-04 20:41:12.379,10707,10708,10708,1
2019-07-04 20:41:21.425,10707,10708,10708,5
2019-07-04 20:41:22.499,10707,10708,10708,1
2019-07-04 20:41:26.535,10708,10709,10708,1
2019-07-04 20:41:27.174,10708,10709,10708,1
2019-07-04 20:41:27.485,10708,10709,10708,1
2019-07-04 20:41:30.782,10707,10708,10708,4
2019-07-04 20:41:43.940,10707,10708,10708,1
2019-07-04 20:42:01.617,10707,10708,10707,1
2019-07-04 20:42:01.991,10707,10708,10707,1
2019-07-04 20:42:02.226,10707,10708,10708,1
2019-07-04 20:42:02.448,10707,10708,10708,1
2019-07-04 20:42:35.147,10707,10708,10708,1
2019-07-04 20:42:37.066,10707,10708,10708,1
2019-07-04 20:42:42.682,10707,10708,10708,1
2019-07-04 20:42:54.038,10707,10708,10707,1
2019-07-04 20:43:02.566,10707,10708,10708,5
2019-07-04 20:43:07.140,10707,10709,10709,1
2019-07-04 20:43:07.657,10707,10708,10708,1
2019-07-04 20:43:07.658,10707,10708,10709,1
2019-07-04 20:43:07.663,10707,10708,10709,1
2019-07-04 20:43:08.218,10708,10709,10709,1
2019-07-04 20:43:13.256,10708,10709,10709,1
2019-07-04 20:43:19.918,10708,10709,10709,1
2019-07-04 20:43:42.854,10708,10709,10708,1
2019-07-04 20:43:52.140,10708,10709,10708,1
2019-07-04 20:43:54.535,10708,10709,10708,1
2019-07-04 20:44:02.792,10708,10709,10709,3
2019-07-04 20:44:12.651,10708,10709,10709,1
2019-07-04 20:44:16.610,10708,10709,10709,1
2019-07-04 20:44:44.265,10708,10709,10708,3
2019-07-04 20:45:06.780,10708,10709,10709,1
2019-07-04 20:45:06.781,10708,10709,10709,1
2019-07-04 20:45:06.867,10708,10709,10709,1
2019-07-04 20:45:19.904,10708,10709,10709,1
2019-07-04 20:45:47.636,10708,10709,10709,1
2019-07-04 20:45:50.387,10708,10709,10708,1
2019-07-04 20:46:00.192,10708,10709,10708,1
2019-07-04 20:46:47.062,10708,10709,10708,1
2019-07-04 20:47:37.359,10708,10709,10708,2
2019-07-04 20:47:47.110,10708,10709,10708,5
2019-07-04 20:47:47.131,10708,10709,10709,1
2019-07-04 20:47:48.206,10708,10709,10708,1
2019-07-04 20:48:51.921,10708,10709,10708,1
2019-07-04 20:49:07.378,10708,10709,10708,1
2019-07-04 20:49:46.227,10708,10709,10708,1
2019-07-04 20:49:51.649,10708,10709,10708,5
2019-07-04 20:49:53.029,10708,10709,10708,1
2019-07-04 20:49:58.268,10708,10709,10708,1
2019-07-04 20:50:02.170,10708,10709,10708,1
2019-07-04 20:50:04.394,10708,10709,10708,1
2019-07-04 20:50:06.049,10708,10709,10708,4
2019-07-04 20:50:06.117,10708,10709,10708,2
2019-07-04 20:50:07.282,10707,10708,10707,3
2019-07-04 20:50:57.120,10707,10708,10707,1
2019-07-04 20:51:08.641,10707,10708,10707,1
2019-07-04 20:51:15.367,10707,10708,10707,1
2019-07-04 20:51:15.726,10707,10708,10707,1
2019-07-04 20:51:24.643,10706,10707,10707,1
2019-07-04 20:51:24.969,10706,10707,10707,1
2019-07-04 20:51:25.255,10706,10707,10707,1
2019-07-04 20:53:01.389,10706,10707,10707,1
2019-07-04 20:53:33.461,10706,10707,10706,1
2019-07-04 20:53:33.924,10706,10707,10706,1
2019-07-04 20:53:33.999,10706,10707,10706,2
2019-07-04 20:53:34.120,10706,10707,10706,4
2019-07-04 20:53:36.061,10706,10707,10706,10
2019-07-04 20:53:36.117,10706,10707,10706,2
2019-07-04 20:54:05.313,10706,10707,10706,1
2019-07-04 20:55:13.412,10705,10706,10706,2
2019-07-04 20:55:17.300,10705,10706,10705,5
2019-07-04 20:55:17.597,10705,10706,10705,1
2019-07-04 20:55:27.895,10705,10706,10705,1
2019-07-04 20:55:29.494,10705,10706,10706,1
2019-07-04 20:55:29.814,10705,10706,10706,1
2019-07-04 20:55:47.035,10705,10706,10706,6
2019-07-04 20:55:47.037,10705,10706,10706,5
2019-07-04 20:55:47.117,10705,10706,10706,4
2019-07-04 20:55:58.078,10706,10707,10706,1
2019-07-04 20:59:14.719,10705,10706,10706,1
2019-07-04 20:59:21.691,10705,10706,10706,2
2019-07-04 20:59:59.641,10705,10706,10705,1
2019-07-04 21:00:21.225,10705,10706,10705,8
2019-07-04 21:00:21.409,10705,10706,10705,1
2019-07-04 21:00:21.649,10705,10706,10705,2
2019-07-04 21:00:21.948,10705,10706,10705,2
2019-07-04 21:00:51.155,10705,10706,10705,10
2019-07-04 21:00:52.569,10705,10706,10705,9
2019-07-04 21:01:15.304,10704,10705,10705,2
2019-07-04 21:01:22.465,10705,10706,10705,1
2019-07-04 21:01:36.973,10705,10706,10705,3
2019-07-04 21:01:48.739,10705,10706,10705,1
2019-07-04 21:01:53.680,10705,10706,10705,1
2019-07-04 21:02:20.389,10705,10706,10705,1
2019-07-04 21:02:58.930,10705,10706,10705,1
2019-07-04 21:03:16.695,10705,10706,10705,1
2019-07-04 21:03:24.035,10705,10706,10705,4
2019-07-04 21:03:26.244,10705,10706,10705,1
2019-07-04 21:04:46.376,10705,10706,10705,2
2019-07-04 21:04:52.751,10705,10706,10705,1
2019-07-04 21:05:07.965,10705,10706,10705,1
2019-07-04 21:05:12.482,10705,10706,10705,1
2019-07-04 21:05:15.954,10705,10706,10705,1
2019-07-04 21:05:17.897,10705,10706,10705,1
2019-07-04 21:05:28.658,10704,10705,10705,1
2019-07-04 21:05:41.726,10704,10705,10705,2
2019-07-04 21:05:42.022,10705,10706,10705,1
2019-07-04 21:05:48.768,10705,10706,10705,2
2019-07-04 21:06:24.730,10704,10705,10705,1
2019-07-04 21:06:39.550,10704,10705,10705,1
2019-07-04 21:06:41.919,10704,10705,10705,1
2019-07-04 21:06:59.323,10705,10706,10705,1
2019-07-04 21:07:32.568,10704,10705,10705,1
2019-07-04 21:07:45.658,10704,10705,10705,1
2019-07-04 21:07:58.360,10704,10705,10705,1
2019-07-04 21:10:03.120,10705,10706,10705,11
2019-07-04 21:10:10.286,10704,10705,10705,2
2019-07-04 21:12:34.242,10705,10706,10705,2
2019-07-04 21:12:34.492,10705,10706,10705,1
2019-07-04 21:12:50.678,10705,10706,10705,1
2019-07-04 21:16:09.090,10705,10706,10705,1
2019-07-04 21:16:34.938,10705,10706,10705,1
2019-07-04 21:16:55.241,10705,10706,10705,1
2019-07-04 21:16:59.488,10705,10706,10705,1
2019-07-04 21:17:17.117,10705,10706,10705,1
2019-07-04 21:17:17.242,10705,10706,10705,1
2019-07-04 21:17:19.061,10705,10706,10705,1
2019-07-04 21:18:01.452,10705,10706,10705,1
2019-07-04 21:18:37.187,10705,10706,10706,4
2019-07-04 21:18:37.404,10705,10706,10706,1
2019-07-04 21:18:53.247,10705,10706,10706,1
2019-07-04 21:19:06.146,10705,10706,10706,1
2019-07-04 21:19:06.426,10705,10706,10706,1
2019-07-04 21:19:15.447,10705,10706,10706,1
2019-07-04 21:20:10.389,10705,10706,10706,1
2019-07-04 21:20:10.617,10705,10706,10706,1
2019-07-04 21:20:10.742,10705,10706,10706,1
2019-07-04 21:20:10.867,10705,10706,10706,1
2019-07-04 21:20:10.992,10705,10706,10706,1
2019-07-04 21:20:22.908,10705,10706,10706,3
2019-07-04 21:21:46.239,10706,10707,10706,1
2019-07-04 21:22:11.676,10706,10707,10707,5
2019-07-04 21:22:37.154,10706,10707,10707,1
2019-07-04 21:22:43.012,10706,10707,10706,1
2019-07-04 21:23:04.922,10706,10707,10706,7
2019-07-04 21:23:13.332,10706,10707,10706,1
2019-07-04 21:23:23.095,10706,10707,10707,2
2019-07-04 21:23:53.593,10706,10707,10707,2
2019-07-04 21:23:59.776,10706,10707,10707,1
2019-07-04 21:24:20.326,10706,10707,10707,3
2019-07-04 21:24:53.747,10706,10707,10707,2
2019-07-04 21:25:04.130,10706,10707,10707,1
2019-07-04 21:25:19.720,10706,10707,10707,1
2019-07-04 21:26:03.490,10706,10707,10707,1
2019-07-04 21:26:20.545,10706,10707,10707,1
2019-07-04 21:26:37.510,10707,10708,10707,1
2019-07-04 21:26:40.587,10706,10707,10707,1
2019-07-04 21:28:07.816,10706,10707,10707,1
2019-07-04 21:28:29.233,10706,10707,10706,2
2019-07-04 21:28:29.242,10706,10707,10706,1
2019-07-04 21:28:56.699,10706,10707,10706,3
2019-07-04 21:30:04.204,10705,10706,10706,1
2019-07-04 21:30:04.322,10705,10706,10705,1
2019-07-04 21:30:04.448,10705,10706,10705,1
2019-07-04 21:30:04.685,10705,10706,10705,3
2019-07-04 21:30:12.598,10705,10706,10705,4
2019-07-04 21:30:22.303,10704,10705,10704,1
2019-07-04 21:31:14.939,10704,10705,10705,1
2019-07-04 21:31:28.617,10704,10705,10705,2
2019-07-04 21:32:17.371,10705,10706,10705,1
2019-07-04 21:33:43.839,10705,10706,10705,4
2019-07-04 21:34:13.740,10704,10705,10705,1
2019-07-04 21:34:25.330,10704,10705,10705,1
2019-07-04 21:34:30.739,10704,10705,10705,1
2019-07-04 21:34:30.739,10704,10705,10705,2
2019-07-04 21:35:49.171,10705,10706,10705,4
2019-07-04 21:36:18.483,10704,10705,10704,1
2019-07-04 21:36:31.786,10704,10705,10704,1
2019-07-04 21:36:31.867,10704,10705,10704,1
2019-07-04 21:36:32.304,10704,10705,10704,1
2019-07-04 21:36:32.305,10704,10705,10704,1
2019-07-04 21:37:10.043,10704,10705,10704,5
2019-07-04 21:37:10.119,10704,10705,10704,2
2019-07-04 21:37:31.510,10704,10705,10704,1
2019-07-04 21:37:38.050,10704,10705,10704,5
2019-07-04 21:37:53.379,10704,10705,10704,1
2019-07-04 21:38:12.004,10704,10705,10705,1
2019-07-04 21:38:16.683,10704,10705,10705,10
2019-07-04 21:38:25.620,10704,10705,10705,1
2019-07-04 21:38:25.742,10704,10705,10705,1
2019-07-04 21:38:33.116,10704,10705,10704,2
2019-07-04 21:38:33.444,10704,10705,10705,1
2019-07-04 21:38:33.822,10704,10705,10705,5
2019-07-04 21:39:32.567,10705,10706,10706,1
2019-07-04 21:39:42.554,10705,10706,10706,1
2019-07-04 21:39:46.478,10705,10706,10706,2
2019-07-04 21:40:06.893,10705,10706,10706,1
2019-07-04 21:40:06.894,10705,10706,10706,1
2019-07-04 21:40:10.213,10706,10707,10707,1
2019-07-04 21:40:10.317,10706,10707,10706,1
2019-07-04 21:40:17.903,10706,10707,10706,1
2019-07-04 21:41:52.953,10706,10707,10706,1
2019-07-04 21:42:00.417,10706,10707,10707,1
2019-07-04 21:42:05.019,10706,10707,10706,2
2019-07-04 21:42:05.259,10706,10707,10706,2
2019-07-04 21:42:47.284,10705,10706,10705,1
2019-07-04 21:43:56.233,10705,10706,10705,1
2019-07-04 21:44:24.256,10705,10706,10705,1
2019-07-04 21:44:52.331,10705,10706,10705,1
2019-07-04 21:44:52.949,10705,10706,10706,2
2019-07-04 21:44:53.496,10705,10706,10706,2
2019-07-04 21:44:54.496,10705,10707,10706,1
2019-07-04 21:45:43.476,10706,10707,10706,1
2019-07-04 21:47:29.473,10706,10707,10706,1
2019-07-04 21:47:47.117,10706,10707,10706,3
2019-07-04 21:47:47.117,10706,10707,10706,1
2019-07-04 21:47:47.117,10706,10707,10706,8
2019-07-04 21:47:47.242,10705,10706,10706,1
2019-07-04 21:47:57.759,10705,10706,10706,1
2019-07-04 21:47:58.898,10705,10706,10705,1
2019-07-04 21:48:00.242,10705,10706,10705,1
2019-07-04 21:48:02.991,10705,10706,10706,1
2019-07-04 21:48:49.512,10705,10706,10705,1
2019-07-04 21:48:57.992,10705,10706,10705,4
2019-07-04 21:51:13.698,10705,10706,10706,2
2019-07-04 21:51:56.500,10705,10706,10706,1
2019-07-04 21:52:16.841,10705,10706,10706,2
2019-07-04 21:52:22.636,10705,10706,10706,2
2019-07-04 21:52:34.005,10706,10707,10706,1
2019-07-04 21:52:38.680,10706,10707,10706,1
2019-07-04 21:53:06.028,10706,10707,10706,2
2019-07-04 21:53:13.527,10706,10707,10706,5
2019-07-04 21:53:13.720,10706,10707,10706,2
2019-07-04 21:53:21.153,10706,10707,10706,1
2019-07-04 21:53:29.056,10706,10707,10707,10
2019-07-04 21:53:29.117,10706,10707,10707,4
2019-07-04 21:53:29.117,10706,10707,10707,2
2019-07-04 21:54:08.847,10707,10708,10707,3
2019-07-04 21:54:21.550,10707,10708,10707,2
2019-07-04 21:54:21.550,10707,10708,10707,2
2019-07-04 21:54:21.550,10707,10708,10707,2
2019-07-04 21:54:21.550,10707,10708,10707,1
2019-07-04 21:54:21.550,10707,10708,10707,1
2019-07-04 21:55:24.131,10706,10707,10707,1
2019-07-04 21:55:48.027,10706,10707,10707,1
2019-07-04 21:55:55.117,10706,10707,10707,1
2019-07-04 21:56:25.498,10707,10708,10707,1
2019-07-04 21:56:37.151,10707,10708,10707,3
2019-07-04 21:56:54.298,10706,10707,10707,1
2019-07-04 21:56:56.580,10706,10707,10707,2
2019-07-04 21:57:22.249,10706,10707,10706,1
2019-07-04 21:57:35.051,10706,10707,10707,1
2019-07-04 21:57:36.784,10706,10707,10706,1
2019-07-04 21:59:08.626,10705,10706,10706,1
2019-07-04 21:59:29.769,10706,10707,10707,2
2019-07-04 21:59:35.574,10706,10707,10707,1
2019-07-04 21:59:35.617,10706,10707,10707,1
2019-07-04 22:00:00.840,10706,10707,10706,2
2019-07-04 22:00:00.926,10706,10707,10706,2
2019-07-04 22:00:25.823,10706,10707,10707,2
2019-07-04 22:00:27.603,10706,10707,10707,2
2019-07-04 22:00:27.977,10706,10707,10707,3
2019-07-04 22:00:28.744,10706,10707,10707,2
2019-07-04 22:00:29.405,10706,10707,10707,2
2019-07-04 22:00:29.904,10706,10707,10707,2
2019-07-04 22:00:30.923,10706,10707,10707,1
2019-07-04 22:00:30.923,10706,10707,10707,1
2019-07-04 22:02:16.618,10706,10707,10706,5
2019-07-04 22:02:26.103,10705,10706,10706,1
2019-07-04 22:02:50.863,10706,10707,10706,1
2019-07-04 22:02:51.138,10705,10706,10705,2
2019-07-04 22:03:00.234,10706,10707,10706,1
2019-07-04 22:03:19.353,10705,10706,10706,1
2019-07-04 22:03:39.481,10706,10707,10706,1
2019-07-04 22:04:17.242,10706,10707,10706,1
2019-07-04 22:04:57.266,10706,10707,10707,1
2019-07-04 22:04:57.267,10706,10707,10707,1
2019-07-04 22:05:35.921,10705,10706,10706,1
2019-07-04 22:05:45.421,10706,10707,10706,1
2019-07-04 22:06:38.288,10705,10706,10705,2
2019-07-04 22:06:38.367,10705,10706,10705,1
2019-07-04 22:06:38.367,10705,10706,10705,1
2019-07-04 22:06:50.000,10705,10706,10705,1
2019-07-04 22:07:16.533,10705,10706,10705,2
2019-07-04 22:07:38.608,10704,10705,10705,3
2019-07-04 22:09:01.116,10704,10705,10704,10
2019-07-04 22:09:19.997,10704,10705,10704,1
2019-07-04 22:09:27.625,10704,10705,10704,5
2019-07-04 22:10:30.410,10704,10705,10705,3
2019-07-04 22:10:30.410,10704,10705,10705,1
2019-07-04 22:10:30.418,10704,10705,10705,1
2019-07-04 22:10:30.419,10704,10705,10705,1
2019-07-04 22:10:30.419,10704,10705,10705,1
2019-07-04 22:10:30.492,10704,10705,10705,3
2019-07-04 22:10:30.492,10704,10705,10705,1
2019-07-04 22:10:30.703,10705,10706,10705,2
2019-07-04 22:10:35.710,10705,10706,10705,1
2019-07-04 22:11:01.329,10705,10706,10705,1
2019-07-04 22:11:01.329,10705,10706,10705,2
2019-07-04 22:11:12.205,10704,10705,10705,1
2019-07-04 22:11:12.242,10704,10705,10705,1
2019-07-04 22:11:36.246,10705,10706,10705,1
2019-07-04 22:11:52.724,10705,10706,10706,1
2019-07-04 22:12:00.315,10705,10706,10706,1
2019-07-04 22:12:05.831,10705,10706,10706,1
2019-07-04 22:14:37.293,10706,10707,10706,1
2019-07-04 22:15:03.079,10706,10707,10707,1
2019-07-04 22:16:13.525,10706,10707,10707,2
2019-07-04 22:16:54.419,10706,10707,10706,3
2019-07-04 22:16:54.836,10705,10706,10706,1
2019-07-04 22:16:54.859,10705,10706,10705,2
2019-07-04 22:17:30.289,10705,10706,10705,1
2019-07-04 22:17:48.276,10705,10706,10706,2
2019-07-04 22:18:35.611,10705,10706,10706,3
2019-07-04 22:18:36.534,10705,10706,10706,1
2019-07-04 22:19:08.017,10705,10706,10706,1
2019-07-04 22:20:12.984,10706,10707,10706,2
2019-07-04 22:20:20.074,10706,10707,10706,2
2019-07-04 22:20:20.075,10706,10707,10706,2
2019-07-04 22:22:38.700,10705,10706,10706,1
2019-07-04 22:22:41.231,10706,10707,10706,1
2019-07-04 22:23:01.530,10705,10706,10706,2
2019-07-04 22:23:50.891,10706,10707,10706,1
2019-07-04 22:23:50.891,10706,10707,10706,1
2019-07-04 22:23:50.891,10706,10707,10706,1
2019-07-04 22:23:51.438,10706,10707,10706,1
2019-07-04 22:24:11.302,10706,10707,10707,1
2019-07-04 22:24:22.352,10706,10707,10707,6
2019-07-04 22:24:41.114,10706,10707,10707,1
2019-07-04 22:25:22.402,10706,10707,10707,2
2019-07-04 22:25:22.492,10706,10707,10707,2
2019-07-04 22:25:22.492,10706,10707,10707,1
2019-07-04 22:26:30.242,10706,10707,10706,1
2019-07-04 22:26:30.394,10706,10707,10706,1
2019-07-04 22:26:36.661,10706,10707,10706,2
2019-07-04 22:28:02.160,10706,10707,10706,1
2019-07-04 22:28:02.160,10706,10707,10706,1
2019-07-04 22:28:15.025,10705,10707,10707,1
2019-07-04 22:30:36.110,10706,10707,10706,2
2019-07-04 22:30:36.110,10706,10707,10706,1
2019-07-04 22:30:51.626,10706,10707,10706,1
2019-07-04 22:30:51.896,10706,10707,10706,1
2019-07-04 22:30:52.157,10706,10707,10706,1
2019-07-04 22:31:09.864,10706,10707,10706,1
2019-07-04 22:31:23.247,10706,10707,10706,1
2019-07-04 22:32:33.580,10705,10706,10706,1
2019-07-04 22:32:34.413,10705,10706,10706,1
2019-07-04 22:33:15.117,10705,10706,10706,1
2019-07-04 22:33:50.590,10706,10707,10707,1
2019-07-04 22:34:50.514,10706,10707,10707,5
2019-07-04 22:35:26.280,10706,10707,10707,2
2019-07-04 22:35:26.367,10706,10707,10707,1
2019-07-04 22:35:26.664,10706,10707,10707,2
2019-07-04 22:38:26.566,10706,10707,10706,3
2019-07-04 22:38:26.617,10706,10707,10706,1
2019-07-04 22:38:44.144,10706,10707,10706,1
2019-07-04 22:38:44.242,10706,10707,10706,1
2019-07-04 22:39:33.504,10706,10707,10706,1
2019-07-04 22:40:10.898,10706,10707,10706,1
2019-07-04 22:42:48.956,10706,10707,10707,3
2019-07-04 22:43:17.624,10706,10707,10707,4
2019-07-04 22:43:20.977,10706,10707,10707,1
2019-07-04 22:43:26.936,10706,10707,10707,2
2019-07-04 22:44:37.674,10706,10707,10706,1
2019-07-04 22:44:55.382,10706,10707,10706,1
2019-07-04 22:45:39.236,10706,10707,10707,1
2019-07-04 22:45:39.557,10706,10707,10706,2
2019-07-04 22:45:39.692,10706,10707,10706,2
2019-07-04 22:45:44.750,10706,10707,10707,1
2019-07-04 22:45:44.751,10706,10707,10707,1
2019-07-04 22:45:44.867,10706,10707,10707,1
2019-07-04 22:45:44.867,10706,10707,10707,1
2019-07-04 22:45:44.871,10706,10707,10707,1
2019-07-04 22:45:44.992,10706,10707,10707,3
2019-07-04 22:45:44.992,10706,10707,10707,10
2019-07-04 22:45:44.992,10706,10707,10707,7
2019-07-04 22:45:46.453,10707,10708,10707,1
2019-07-04 22:46:01.490,10707,10708,10707,1
2019-07-04 22:46:07.770,10707,10708,10707,1
2019-07-04 22:46:10.292,10706,10707,10707,1
2019-07-04 22:46:28.857,10706,10707,10707,1
2019-07-04 22:46:30.862,10706,10707,10707,2
2019-07-04 22:46:32.683,10706,10707,10707,1
2019-07-04 22:46:32.685,10706,10707,10707,1
2019-07-04 22:46:32.982,10706,10707,10707,1
2019-07-04 22:46:57.930,10707,10708,10707,2
2019-07-04 22:47:01.963,10707,10708,10707,1
2019-07-04 22:47:10.849,10707,10708,10707,1
2019-07-04 22:47:11.111,10706,10707,10707,2
2019-07-04 22:47:44.246,10706,10707,10706,1
2019-07-04 22:48:23.128,10706,10707,10707,1
2019-07-04 22:49:06.594,10706,10707,10707,1
2019-07-04 22:49:45.994,10706,10707,10707,1
2019-07-04 22:49:54.117,10706,10707,10707,4
2019-07-04 22:49:54.121,10706,10707,10707,1
2019-07-04 22:50:20.658,10706,10707,10707,1
2019-07-04 22:50:20.912,10706,10707,10707,2
2019-07-04 22:50:23.254,10706,10707,10707,2
2019-07-04 22:50:35.004,10706,10707,10707,1
2019-07-04 22:50:40.918,10706,10707,10707,1
2019-07-04 22:50:44.754,10706,10707,10707,2
2019-07-04 22:50:59.541,10706,10707,10707,1
2019-07-04 22:51:48.657,10706,10707,10706,2
2019-07-04 22:51:48.816,10706,10707,10706,2
2019-07-04 22:51:48.984,10706,10707,10706,2
2019-07-04 22:51:49.160,10706,10707,10706,2
2019-07-04 22:51:49.561,10706,10707,10706,2
2019-07-04 22:51:49.840,10706,10707,10706,2
2019-07-04 22:52:54.826,10706,10707,10707,3
2019-07-04 22:52:58.392,10706,10707,10707,1
2019-07-04 22:52:58.653,10706,10707,10707,1
2019-07-04 22:52:58.956,10706,10707,10707,1
2019-07-04 22:53:04.239,10706,10707,10707,1
2019-07-04 22:53:04.571,10706,10707,10707,1
2019-07-04 22:53:04.817,10706,10707,10707,1
2019-07-04 22:53:05.060,10706,10707,10707,1
2019-07-04 22:53:17.320,10706,10707,10707,1
2019-07-04 22:53:23.948,10706,10707,10707,1
2019-07-04 22:53:24.197,10706,10707,10707,1
2019-07-04 22:53:24.242,10706,10707,10707,1
2019-07-04 22:53:24.574,10706,10707,10707,1
2019-07-04 22:53:25.044,10706,10707,10707,1
2019-07-04 22:53:30.873,10706,10707,10707,1
2019-07-04 22:53:31.350,10707,10708,10707,1
2019-07-04 22:53:44.717,10707,10708,10708,1
2019-07-04 22:54:08.205,10707,10708,10708,13
2019-07-04 22:54:08.704,10707,10708,10708,1
2019-07-04 22:54:15.990,10707,10708,10707,5
2019-07-04 22:54:26.763,10707,10708,10708,2
2019-07-04 22:54:36.279,10707,10708,10708,1
2019-07-04 22:54:36.567,10707,10708,10708,1
2019-07-04 22:54:36.836,10707,10708,10708,1
2019-07-04 22:54:37.091,10707,10708,10708,1
2019-07-04 22:54:39.486,10707,10708,10708,6
2019-07-04 22:54:39.492,10707,10708,10708,5
2019-07-04 22:54:39.497,10707,10708,10708,2
2019-07-04 22:54:39.734,10707,10708,10708,5
2019-07-04 22:54:39.735,10707,10708,10708,1
2019-07-04 22:54:39.735,10707,10708,10708,1
2019-07-04 22:54:39.735,10707,10708,10708,2
2019-07-04 22:54:39.735,10707,10708,10708,2
2019-07-04 22:54:58.482,10708,10709,10709,1
2019-07-04 22:54:58.633,10708,10709,10709,2
2019-07-04 22:54:58.638,10708,10709,10709,2
2019-07-04 22:54:58.640,10708,10709,10709,1
2019-07-04 22:54:58.644,10708,10709,10709,1
2019-07-04 22:54:58.689,10708,10709,10709,2
2019-07-04 22:54:58.694,10708,10709,10709,2
2019-07-04 22:54:59.368,10708,10709,10709,1
2019-07-04 22:55:09.625,10708,10709,10709,5
2019-07-04 22:55:09.960,10708,10709,10709,1
2019-07-04 22:55:12.853,10708,10709,10709,2
2019-07-04 22:55:12.853,10708,10709,10709,4
2019-07-04 22:55:12.880,10708,10709,10709,2
2019-07-04 22:55:12.880,10708,10709,10709,2
2019-07-04 22:55:13.235,10708,10709,10709,2
2019-07-04 22:55:15.610,10708,10709,10709,2
2019-07-04 22:55:51.250,10709,10710,10709,1
2019-07-04 22:55:52.442,10709,10710,10709,1
2019-07-04 22:55:52.492,10709,10710,10709,1
2019-07-04 22:55:56.688,10708,10709,10709,1
2019-07-04 22:55:57.684,10708,10709,10709,1
2019-07-04 22:56:12.478,10709,10710,10710,5
2019-07-04 22:56:12.779,10709,10710,10710,4
2019-07-04 22:56:12.891,10709,10710,10710,1
2019-07-04 22:56:12.908,10709,10710,10710,1
2019-07-04 22:56:13.423,10709,10710,10710,2
2019-07-04 22:56:14.545,10709,10710,10710,2
2019-07-04 22:56:20.723,10709,10710,10710,20
2019-07-04 22:56:21.011,10709,10710,10710,1
2019-07-04 22:56:31.602,10709,10710,10709,4
2019-07-04 22:56:57.233,10709,10710,10709,1
2019-07-04 22:57:00.842,10709,10710,10710,1
2019-07-04 22:57:18.331,10709,10710,10710,1
2019-07-04 22:57:18.798,10709,10710,10710,2
2019-07-04 22:57:36.754,10709,10710,10710,2
2019-07-04 22:57:43.456,10709,10710,10710,1
2019-07-04 22:58:26.150,10709,10710,10710,5
2019-07-04 22:58:31.572,10709,10710,10710,5
