2019-12-19,15:00:00.007000,12038,12039,12039,91
2019-12-19,15:00:00.066000,12038,12039,12039,1
2019-12-19,15:00:00.279000,12038,12039,12039,1
2019-12-19,15:00:00.295000,12038,12039,12039,1
2019-12-19,15:00:00.327000,12038,12039,12038,1
2019-12-19,15:00:00.383000,12038,12039,12039,1
2019-12-19,15:00:00.462000,12038,12039,12039,1
2019-12-19,15:00:00.521000,12038,12039,12039,1
2019-12-19,15:00:00.526000,12038,12039,12039,1
2019-12-19,15:00:00.672000,12038,12040,12038,1
2019-12-19,15:00:00.705000,12038,12040,12040,1
2019-12-19,15:00:00.789000,12038,12040,12038,14
2019-12-19,15:00:00.789000,12038,12040,12037,3
2019-12-19,15:00:00.789000,12038,12040,12036,13
2019-12-19,15:00:00.855000,12038,12040,12040,1
2019-12-19,15:00:00.858000,12038,12040,12040,6
2019-12-19,15:00:00.878000,12039,12040,12039,5
2019-12-19,15:00:00.878000,12039,12040,12039,4
2019-12-19,15:00:00.894000,12039,12040,12040,12
2019-12-19,15:00:00.948000,12039,12040,12038,1
2019-12-19,15:00:00.949000,12039,12040,12036,1
2019-12-19,15:00:01.064000,12036,12040,12039,1
2019-12-19,15:00:01.131000,12037,12039,12037,2
2019-12-19,15:00:01.142000,12037,12039,12039,1
2019-12-19,15:00:01.378000,12039,12040,12040,3
2019-12-19,15:00:01.448000,12039,12040,12041,1
2019-12-19,15:00:01.453000,12039,12040,12041,4
2019-12-19,15:00:01.763000,12039,12041,12041,4
2019-12-19,15:00:01.795000,12039,12041,12041,2
2019-12-19,15:00:01.813000,12039,12041,12041,5
2019-12-19,15:00:01.830000,12039,12041,12041,2
2019-12-19,15:00:02.021000,12040,12041,12041,6
2019-12-19,15:00:02.469000,12040,12042,12040,1
2019-12-19,15:00:02.713000,12040,12042,12040,1
2019-12-19,15:00:03.517000,12040,12041,12040,1
2019-12-19,15:00:04.035000,12039,12040,12040,2
2019-12-19,15:00:04.186000,12039,12040,12039,1
2019-12-19,15:00:04.263000,12038,12040,12038,1
2019-12-19,15:00:04.284000,12038,12040,12040,2
2019-12-19,15:00:04.585000,12038,12040,12040,2
2019-12-19,15:00:04.835000,12039,12040,12040,2
2019-12-19,15:00:04.992000,12039,12040,12039,1
2019-12-19,15:00:05.143000,12039,12040,12040,1
2019-12-19,15:00:05.531000,12039,12040,12039,1
2019-12-19,15:00:05.883000,12039,12040,12039,1
2019-12-19,15:00:06.176000,12039,12040,12039,1
2019-12-19,15:00:07.611000,12039,12040,12040,1
2019-12-19,15:00:07.858000,12039,12040,12039,1
2019-12-19,15:00:08.948000,12039,12040,12039,1
2019-12-19,15:00:09.658000,12039,12040,12040,5
2019-12-19,15:00:09.658000,12039,12040,12041,5
2019-12-19,15:00:14.753000,12039,12040,12039,2
2019-12-19,15:00:16.534000,12038,12039,12039,1
2019-12-19,15:00:19.128000,12038,12039,12038,4
2019-12-19,15:00:19.587000,12037,12038,12038,1
2019-12-19,15:00:20.305000,12037,12039,12039,1
2019-12-19,15:00:20.877000,12037,12039,12037,1
2019-12-19,15:00:21.817000,12037,12039,12039,3
2019-12-19,15:00:22.599000,12037,12039,12039,1
2019-12-19,15:00:24.086000,12037,12039,12037,2
2019-12-19,15:00:25.530000,12037,12038,12038,1
2019-12-19,15:00:28.478000,12037,12038,12037,1
2019-12-19,15:00:29.548000,12037,12038,12038,1
2019-12-19,15:00:30.032000,12037,12038,12038,1
2019-12-19,15:00:31.185000,12037,12039,12037,1
2019-12-19,15:00:31.665000,12037,12039,12039,20
2019-12-19,15:00:32.586000,12039,12040,12039,1
2019-12-19,15:00:33.013000,12039,12040,12039,1
2019-12-19,15:00:36.085000,12039,12040,12039,1
2019-12-19,15:00:36.646000,12039,12040,12039,1
2019-12-19,15:00:36.669000,12039,12040,12039,1
2019-12-19,15:00:37.748000,12039,12040,12039,1
2019-12-19,15:00:39.859000,12039,12040,12039,1
2019-12-19,15:00:45.334000,12038,12039,12039,1
2019-12-19,15:00:46.344000,12038,12039,12039,1
2019-12-19,15:00:47.105000,12038,12039,12038,1
2019-12-19,15:00:52.994000,12038,12039,12039,1
2019-12-19,15:00:54.503000,12038,12039,12038,1
2019-12-19,15:00:54.628000,12038,12039,12038,1
2019-12-19,15:00:56.406000,12038,12039,12038,3
2019-12-19,15:00:58.049000,12038,12039,12038,1
2019-12-19,15:00:58.470000,12038,12039,12038,1
2019-12-19,15:00:59.597000,12038,12039,12039,2
2019-12-19,15:01:00.299000,12038,12039,12038,2
2019-12-19,15:01:00.422000,12038,12039,12039,1
2019-12-19,15:01:00.620000,12038,12039,12039,1
2019-12-19,15:01:00.620000,12038,12039,12039,3
2019-12-19,15:01:00.674000,12038,12039,12039,1
2019-12-19,15:01:00.677000,12038,12039,12039,2
2019-12-19,15:01:00.678000,12038,12039,12039,2
2019-12-19,15:01:00.735000,12038,12039,12038,7
2019-12-19,15:01:00.735000,12038,12039,12037,29
2019-12-19,15:01:00.753000,12037,12038,12038,1
2019-12-19,15:01:00.761000,12037,12038,12038,1
2019-12-19,15:01:00.770000,12037,12038,12037,7
2019-12-19,15:01:00.820000,12037,12038,12037,1
2019-12-19,15:01:00.830000,12037,12038,12036,3
2019-12-19,15:01:00.878000,12036,12037,12037,1
2019-12-19,15:01:00.878000,12036,12037,12036,6
2019-12-19,15:01:00.878000,12036,12037,12036,2
2019-12-19,15:01:00.878000,12036,12037,12036,1
2019-12-19,15:01:00.879000,12036,12037,12037,2
2019-12-19,15:01:00.879000,12036,12037,12036,2
2019-12-19,15:01:00.879000,12036,12037,12036,1
2019-12-19,15:01:00.884000,12036,12037,12037,5
2019-12-19,15:01:00.909000,12036,12037,12036,3
2019-12-19,15:01:00.921000,12036,12037,12036,2
2019-12-19,15:01:01.003000,12035,12036,12036,1
2019-12-19,15:01:01.080000,12035,12036,12035,9
2019-12-19,15:01:01.128000,12034,12035,12035,1
2019-12-19,15:01:01.148000,12034,12035,12034,1
2019-12-19,15:01:02.178000,12034,12035,12035,1
2019-12-19,15:01:03.237000,12034,12035,12035,1
2019-12-19,15:01:05.267000,12034,12035,12035,10
2019-12-19,15:01:05.378000,12034,12035,12035,1
2019-12-19,15:01:05.378000,12034,12035,12035,2
2019-12-19,15:01:05.503000,12035,12036,12035,1
2019-12-19,15:01:05.503000,12035,12036,12035,1
2019-12-19,15:01:06.494000,12035,12036,12035,1
2019-12-19,15:01:10.275000,12035,12036,12035,2
2019-12-19,15:01:10.394000,12034,12035,12035,1
2019-12-19,15:01:13.283000,12034,12035,12035,1
2019-12-19,15:01:14.957000,12034,12035,12035,1
2019-12-19,15:01:17.593000,12035,12036,12036,2
2019-12-19,15:01:18.496000,12035,12036,12036,1
2019-12-19,15:01:19.629000,12035,12036,12035,1
2019-12-19,15:01:21.344000,12035,12036,12036,6
2019-12-19,15:01:21.538000,12036,12037,12036,1
2019-12-19,15:01:21.927000,12036,12037,12036,1
2019-12-19,15:01:26.346000,12036,12037,12037,2
2019-12-19,15:01:26.504000,12037,12038,12037,1
2019-12-19,15:01:26.504000,12037,12038,12036,4
2019-12-19,15:01:26.807000,12037,12038,12037,1
2019-12-19,15:01:29.355000,12036,12038,12036,5
2019-12-19,15:01:29.944000,12036,12038,12036,2
2019-12-19,15:01:32.144000,12036,12037,12037,1
2019-12-19,15:01:32.550000,12037,12038,12037,3
2019-12-19,15:01:34.773000,12036,12038,12038,1
2019-12-19,15:01:38.387000,12038,12039,12038,4
2019-12-19,15:01:38.895000,12038,12039,12039,1
2019-12-19,15:01:40.052000,12038,12039,12039,1
2019-12-19,15:01:42.835000,12038,12039,12039,5
2019-12-19,15:01:45.237000,12038,12039,12039,2
2019-12-19,15:01:45.296000,12038,12039,12038,1
2019-12-19,15:01:45.384000,12038,12039,12038,1
2019-12-19,15:01:45.388000,12038,12039,12038,1
2019-12-19,15:01:45.397000,12038,12039,12038,1
2019-12-19,15:01:45.436000,12038,12039,12038,1
2019-12-19,15:01:45.481000,12038,12039,12038,1
2019-12-19,15:01:45.481000,12038,12039,12039,1
2019-12-19,15:01:46.746000,12038,12039,12039,1
2019-12-19,15:01:47.049000,12038,12039,12039,1
2019-12-19,15:01:48.050000,12038,12039,12039,1
2019-12-19,15:01:50.361000,12038,12039,12038,1
2019-12-19,15:01:55.398000,12038,12039,12039,5
2019-12-19,15:01:56.420000,12038,12039,12039,5
2019-12-19,15:01:57.603000,12039,12040,12039,2
2019-12-19,15:02:00.380000,12038,12039,12039,1
2019-12-19,15:02:00.694000,12038,12039,12038,1
2019-12-19,15:02:00.706000,12038,12039,12038,1
2019-12-19,15:02:00.710000,12038,12039,12038,1
2019-12-19,15:02:00.725000,12038,12039,12038,1
2019-12-19,15:02:00.727000,12038,12039,12038,1
2019-12-19,15:02:00.728000,12038,12039,12038,1
2019-12-19,15:02:00.730000,12038,12039,12038,1
2019-12-19,15:02:00.731000,12038,12039,12038,1
2019-12-19,15:02:02.225000,12038,12039,12039,1
2019-12-19,15:02:02.249000,12038,12039,12039,1
2019-12-19,15:02:02.349000,12038,12039,12039,1
2019-12-19,15:02:02.804000,12038,12039,12038,1
2019-12-19,15:02:04.538000,12038,12039,12039,1
2019-12-19,15:02:06.150000,12039,12040,12039,1
2019-12-19,15:02:06.798000,12039,12040,12040,2
2019-12-19,15:02:09.023000,12039,12040,12039,1
2019-12-19,15:02:10.604000,12039,12040,12039,1
2019-12-19,15:02:11.751000,12039,12040,12039,1
2019-12-19,15:02:11.818000,12039,12040,12040,1
2019-12-19,15:02:12.695000,12039,12040,12040,2
2019-12-19,15:02:14.462000,12039,12040,12040,1
2019-12-19,15:02:14.951000,12039,12040,12039,2
2019-12-19,15:02:16.301000,12039,12040,12040,1
2019-12-19,15:02:18.012000,12039,12040,12040,1
2019-12-19,15:02:19.286000,12039,12040,12040,1
2019-12-19,15:02:20.679000,12039,12040,12040,1
2019-12-19,15:02:25.428000,12039,12040,12040,1
2019-12-19,15:02:25.730000,12039,12040,12040,1
2019-12-19,15:02:27.059000,12039,12040,12040,1
2019-12-19,15:02:28.243000,12039,12040,12040,1
2019-12-19,15:02:28.362000,12039,12040,12040,3
2019-12-19,15:02:28.518000,12039,12040,12040,7
2019-12-19,15:02:31.549000,12040,12041,12040,1
2019-12-19,15:02:32.086000,12040,12041,12040,2
2019-12-19,15:02:33.238000,12039,12040,12040,3
2019-12-19,15:02:33.572000,12040,12041,12040,1
2019-12-19,15:02:34.371000,12040,12041,12040,3
2019-12-19,15:02:35.753000,12040,12041,12040,3
2019-12-19,15:02:36.128000,12040,12041,12040,1
2019-12-19,15:02:40.493000,12039,12040,12040,2
2019-12-19,15:02:44.992000,12039,12040,12039,1
2019-12-19,15:02:50.202000,12039,12040,12040,4
2019-12-19,15:02:50.991000,12039,12040,12040,4
2019-12-19,15:02:51.957000,12040,12041,12040,1
2019-12-19,15:02:53.253000,12040,12041,12040,1
2019-12-19,15:02:54.057000,12039,12041,12039,10
2019-12-19,15:03:01.879000,12038,12040,12038,3
2019-12-19,15:03:02.245000,12038,12040,12039,1
2019-12-19,15:03:03.338000,12038,12039,12039,1
2019-12-19,15:03:05.941000,12038,12039,12039,1
2019-12-19,15:03:14.546000,12038,12039,12038,1
2019-12-19,15:03:20.001000,12038,12039,12038,3
2019-12-19,15:03:21.444000,12038,12039,12038,1
2019-12-19,15:03:22.933000,12038,12039,12038,1
2019-12-19,15:03:25.180000,12038,12039,12038,5
2019-12-19,15:03:30.102000,12038,12039,12038,3
2019-12-19,15:03:32.240000,12038,12039,12038,1
2019-12-19,15:03:33.620000,12038,12039,12038,1
2019-12-19,15:03:36.926000,12038,12039,12038,6
2019-12-19,15:03:40.663000,12037,12038,12037,1
2019-12-19,15:03:42.265000,12037,12038,12037,1
2019-12-19,15:03:44.541000,12037,12038,12037,1
2019-12-19,15:03:47.396000,12037,12038,12037,1
2019-12-19,15:03:47.967000,12037,12038,12037,3
2019-12-19,15:03:50.503000,12037,12038,12037,5
2019-12-19,15:03:50.503000,12037,12038,12037,3
2019-12-19,15:03:57.146000,12036,12037,12037,1
2019-12-19,15:04:03.281000,12036,12037,12037,2
2019-12-19,15:04:22.862000,12036,12037,12037,3
2019-12-19,15:04:32.930000,12036,12037,12037,1
2019-12-19,15:04:34.552000,12036,12037,12036,4
2019-12-19,15:04:37.131000,12036,12037,12036,1
2019-12-19,15:04:41.110000,12036,12037,12036,1
2019-12-19,15:04:48.186000,12036,12037,12036,1
2019-12-19,15:04:56.409000,12036,12037,12036,2
2019-12-19,15:04:59.175000,12036,12037,12036,1
2019-12-19,15:05:00.186000,12036,12037,12036,1
2019-12-19,15:05:00.566000,12036,12037,12036,1
2019-12-19,15:05:01.476000,12036,12037,12036,1
2019-12-19,15:05:05.857000,12036,12037,12036,1
2019-12-19,15:05:05.966000,12036,12037,12036,3
2019-12-19,15:05:07.099000,12036,12037,12036,1
2019-12-19,15:05:07.183000,12036,12037,12036,1
2019-12-19,15:05:07.764000,12036,12037,12036,1
2019-12-19,15:05:10.241000,12036,12037,12036,1
2019-12-19,15:05:12.056000,12036,12037,12036,1
2019-12-19,15:05:20.942000,12036,12037,12036,1
2019-12-19,15:05:27.661000,12036,12037,12036,1
2019-12-19,15:05:30.640000,12036,12037,12036,22
2019-12-19,15:05:32.521000,12035,12036,12036,1
2019-12-19,15:05:34.292000,12035,12036,12036,2
2019-12-19,15:05:35.075000,12035,12036,12036,2
2019-12-19,15:05:38.408000,12035,12036,12035,1
2019-12-19,15:05:38.741000,12035,12036,12036,2
2019-12-19,15:05:38.746000,12035,12036,12035,1
2019-12-19,15:05:39.018000,12035,12036,12035,1
2019-12-19,15:05:39.389000,12035,12036,12036,1
2019-12-19,15:05:41.674000,12035,12036,12035,1
2019-12-19,15:05:41.992000,12035,12036,12036,2
2019-12-19,15:05:42.281000,12035,12036,12036,2
2019-12-19,15:05:43.858000,12035,12036,12035,1
2019-12-19,15:06:05.656000,12035,12036,12036,3
2019-12-19,15:06:05.709000,12035,12036,12036,1
2019-12-19,15:06:13.214000,12035,12036,12035,2
2019-12-19,15:06:18.896000,12035,12036,12035,1
2019-12-19,15:06:23.445000,12035,12036,12035,2
2019-12-19,15:06:26.891000,12035,12036,12035,1
2019-12-19,15:06:33.715000,12035,12036,12036,1
2019-12-19,15:06:41.809000,12035,12036,12036,5
2019-12-19,15:06:42.247000,12035,12036,12036,1
2019-12-19,15:06:43.734000,12035,12036,12036,1
2019-12-19,15:06:44.470000,12035,12036,12036,2
2019-12-19,15:06:44.999000,12035,12036,12036,1
2019-12-19,15:06:45.577000,12035,12036,12036,2
2019-12-19,15:06:46.366000,12036,12037,12037,1
2019-12-19,15:06:46.827000,12036,12037,12036,1
2019-12-19,15:06:47.809000,12036,12037,12036,1
2019-12-19,15:06:58.519000,12036,12037,12036,1
2019-12-19,15:06:59.278000,12036,12037,12036,1
2019-12-19,15:07:05.937000,12036,12037,12037,1
2019-12-19,15:07:11.096000,12036,12037,12036,2
2019-12-19,15:07:14.057000,12036,12037,12036,1
2019-12-19,15:07:14.149000,12036,12037,12037,1
2019-12-19,15:07:33.520000,12036,12037,12036,1
2019-12-19,15:07:35.936000,12036,12037,12036,1
2019-12-19,15:07:37.014000,12036,12037,12036,1
2019-12-19,15:07:38.513000,12036,12037,12036,1
2019-12-19,15:07:42.771000,12036,12037,12036,1
2019-12-19,15:07:46.479000,12036,12037,12036,1
2019-12-19,15:07:54.299000,12036,12037,12036,1
2019-12-19,15:07:55.848000,12036,12037,12037,1
2019-12-19,15:07:56.949000,12036,12037,12037,1
2019-12-19,15:08:01.777000,12036,12037,12036,1
2019-12-19,15:08:06.967000,12036,12037,12036,1
2019-12-19,15:08:07.003000,12036,12037,12036,2
2019-12-19,15:08:07.128000,12036,12037,12036,4
2019-12-19,15:08:12.951000,12035,12036,12036,1
2019-12-19,15:08:13.729000,12035,12036,12036,1
2019-12-19,15:08:15.088000,12035,12036,12036,1
2019-12-19,15:08:15.282000,12035,12036,12036,2
2019-12-19,15:08:21.330000,12036,12037,12037,2
2019-12-19,15:08:25.267000,12036,12037,12036,3
2019-12-19,15:08:26.115000,12035,12036,12036,1
2019-12-19,15:08:30.260000,12035,12036,12036,1
2019-12-19,15:08:30.816000,12035,12037,12037,1
2019-12-19,15:08:34.258000,12036,12037,12036,1
2019-12-19,15:08:37.397000,12036,12037,12036,1
2019-12-19,15:08:37.861000,12036,12037,12037,1
2019-12-19,15:08:40.339000,12036,12037,12036,2
2019-12-19,15:08:43.773000,12035,12036,12036,1
2019-12-19,15:08:46.610000,12035,12036,12036,1
2019-12-19,15:08:48.080000,12035,12036,12036,1
2019-12-19,15:08:51.795000,12035,12036,12036,1
2019-12-19,15:08:52.853000,12035,12036,12036,3
2019-12-19,15:08:59.826000,12035,12036,12036,3
2019-12-19,15:09:17.230000,12036,12037,12037,2
2019-12-19,15:09:18.851000,12036,12037,12036,2
2019-12-19,15:09:24.330000,12036,12037,12037,1
2019-12-19,15:09:30.425000,12036,12037,12036,7
2019-12-19,15:09:31.115000,12036,12037,12036,1
2019-12-19,15:09:52.583000,12036,12037,12036,4
2019-12-19,15:09:58.978000,12036,12037,12036,1
2019-12-19,15:10:08.970000,12036,12037,12036,1
2019-12-19,15:10:11.633000,12036,12037,12037,1
2019-12-19,15:10:12.912000,12036,12037,12037,4
2019-12-19,15:10:16.555000,12036,12037,12037,10
2019-12-19,15:10:17.405000,12036,12037,12037,1
2019-12-19,15:10:19.036000,12036,12037,12037,6
2019-12-19,15:10:21.711000,12037,12038,12037,1
2019-12-19,15:10:35.541000,12037,12038,12037,2
2019-12-19,15:10:35.718000,12036,12037,12036,1
2019-12-19,15:10:38.973000,12036,12037,12037,1
2019-12-19,15:11:09.655000,12036,12037,12037,1
2019-12-19,15:11:14.823000,12036,12037,12037,2
2019-12-19,15:11:19.435000,12036,12037,12037,1
2019-12-19,15:11:24.317000,12036,12037,12037,2
2019-12-19,15:11:24.831000,12036,12037,12037,2
2019-12-19,15:11:27.025000,12037,12038,12037,1
2019-12-19,15:11:27.180000,12036,12037,12036,1
2019-12-19,15:11:37.253000,12037,12038,12037,1
2019-12-19,15:11:37.378000,12037,12038,12037,2
2019-12-19,15:11:37.989000,12036,12037,12037,2
2019-12-19,15:11:42.284000,12036,12037,12037,5
2019-12-19,15:11:43.077000,12036,12038,12036,1
2019-12-19,15:11:47.034000,12036,12037,12037,1
2019-12-19,15:11:59.744000,12036,12037,12037,2
2019-12-19,15:12:02.145000,12036,12037,12037,1
2019-12-19,15:12:18.218000,12036,12037,12037,1
2019-12-19,15:12:36.651000,12036,12037,12036,1
2019-12-19,15:12:43.880000,12036,12037,12036,1
2019-12-19,15:12:53.980000,12036,12037,12037,2
2019-12-19,15:12:57.577000,12036,12037,12037,1
2019-12-19,15:13:39.643000,12036,12037,12037,1
2019-12-19,15:13:44.726000,12036,12037,12036,1
2019-12-19,15:13:51.613000,12036,12037,12036,1
2019-12-19,15:13:52.756000,12036,12037,12036,1
2019-12-19,15:14:01.607000,12036,12037,12037,2
2019-12-19,15:14:25.528000,12036,12037,12037,1
2019-12-19,15:15:02.652000,12036,12037,12037,1
2019-12-19,15:15:03.076000,12036,12037,12036,1
2019-12-19,15:15:04.538000,12036,12037,12037,4
2019-12-19,15:15:11.749000,12036,12037,12037,1
2019-12-19,15:15:38.016000,12036,12037,12036,3
2019-12-19,15:15:45.652000,12036,12037,12036,1
2019-12-19,15:15:52.325000,12036,12037,12037,1
2019-12-19,15:16:00.020000,12036,12037,12036,1
2019-12-19,15:16:20.173000,12036,12037,12037,1
2019-12-19,15:16:27.721000,12036,12037,12037,1
2019-12-19,15:16:27.761000,12036,12037,12037,2
2019-12-19,15:16:27.762000,12036,12037,12037,2
2019-12-19,15:16:27.763000,12036,12037,12037,2
2019-12-19,15:16:27.764000,12036,12037,12037,1
2019-12-19,15:16:27.764000,12036,12037,12037,1
2019-12-19,15:16:27.765000,12036,12037,12037,2
2019-12-19,15:16:27.766000,12036,12037,12037,1
2019-12-19,15:16:27.766000,12036,12037,12037,2
2019-12-19,15:16:27.767000,12036,12037,12037,3
2019-12-19,15:16:27.774000,12036,12037,12037,2
2019-12-19,15:16:27.775000,12036,12037,12038,2
2019-12-19,15:16:27.775000,12036,12037,12038,2
2019-12-19,15:16:27.776000,12036,12037,12038,3
2019-12-19,15:16:27.948000,12037,12038,12038,1
2019-12-19,15:16:34.868000,12037,12038,12038,1
2019-12-19,15:16:35.489000,12037,12038,12038,2
2019-12-19,15:16:36.156000,12037,12038,12038,1
2019-12-19,15:16:36.873000,12037,12038,12038,1
2019-12-19,15:16:37.955000,12037,12038,12038,1
2019-12-19,15:16:38.564000,12037,12038,12038,1
2019-12-19,15:16:39.113000,12037,12038,12038,1
2019-12-19,15:16:39.541000,12037,12038,12038,2
2019-12-19,15:16:39.636000,12037,12038,12038,1
2019-12-19,15:16:40.266000,12037,12038,12038,1
2019-12-19,15:16:40.969000,12037,12038,12038,1
2019-12-19,15:16:41.690000,12037,12038,12038,1
2019-12-19,15:16:42.104000,12037,12038,12038,1
2019-12-19,15:16:42.553000,12037,12038,12038,1
2019-12-19,15:16:43.276000,12037,12038,12038,1
2019-12-19,15:16:43.457000,12037,12038,12038,1
2019-12-19,15:16:43.503000,12037,12038,12038,3
2019-12-19,15:16:43.628000,12037,12038,12038,2
2019-12-19,15:16:43.867000,12038,12039,12038,1
2019-12-19,15:16:44.027000,12037,12039,12039,1
2019-12-19,15:16:44.373000,12037,12039,12039,2
2019-12-19,15:16:44.552000,12037,12039,12039,1
2019-12-19,15:16:47.607000,12038,12039,12039,1
2019-12-19,15:16:49.448000,12038,12039,12039,1
2019-12-19,15:16:50.066000,12038,12039,12039,1
2019-12-19,15:16:50.761000,12038,12039,12039,1
2019-12-19,15:17:00.750000,12038,12039,12039,1
2019-12-19,15:17:04.119000,12038,12039,12038,1
2019-12-19,15:17:04.575000,12038,12039,12038,10
2019-12-19,15:17:05.153000,12037,12038,12038,3
2019-12-19,15:17:07.042000,12037,12038,12038,3
2019-12-19,15:17:13.137000,12037,12038,12038,2
2019-12-19,15:17:14.248000,12037,12038,12038,1
2019-12-19,15:17:14.253000,12037,12038,12038,3
2019-12-19,15:17:14.378000,12037,12038,12038,2
2019-12-19,15:17:14.378000,12037,12038,12038,1
2019-12-19,15:17:14.503000,12037,12038,12038,1
2019-12-19,15:17:14.503000,12037,12038,12038,1
2019-12-19,15:17:16.045000,12037,12038,12038,1
2019-12-19,15:17:17.535000,12038,12039,12038,1
2019-12-19,15:17:46.716000,12038,12039,12038,1
2019-12-19,15:17:47.444000,12038,12039,12038,1
2019-12-19,15:17:49.422000,12038,12039,12038,1
2019-12-19,15:18:09.286000,12038,12039,12038,1
2019-12-19,15:18:13.001000,12038,12039,12038,1
2019-12-19,15:18:16.043000,12038,12039,12038,5
2019-12-19,15:18:16.139000,12038,12039,12039,1
2019-12-19,15:18:16.346000,12038,12039,12038,2
2019-12-19,15:18:18.018000,12038,12039,12039,1
2019-12-19,15:18:31.959000,12038,12039,12038,1
2019-12-19,15:18:41.973000,12038,12039,12038,1
2019-12-19,15:18:48.139000,12038,12039,12039,1
2019-12-19,15:19:03.844000,12038,12039,12038,1
2019-12-19,15:19:03.896000,12038,12039,12039,1
2019-12-19,15:19:03.906000,12038,12039,12039,1
2019-12-19,15:19:23.364000,12038,12039,12039,1
2019-12-19,15:19:49.959000,12038,12039,12038,1
2019-12-19,15:20:01.089000,12038,12039,12038,2
2019-12-19,15:20:13.545000,12038,12039,12039,1
2019-12-19,15:20:24.208000,12038,12039,12038,1
2019-12-19,15:20:35.176000,12038,12039,12038,1
2019-12-19,15:20:35.958000,12038,12039,12038,1
2019-12-19,15:20:37.658000,12038,12039,12038,1
2019-12-19,15:20:38.097000,12038,12039,12038,1
2019-12-19,15:20:39.853000,12038,12039,12038,1
2019-12-19,15:20:40.014000,12038,12039,12038,3
2019-12-19,15:20:41.608000,12038,12039,12038,1
2019-12-19,15:20:44.665000,12038,12039,12038,1
2019-12-19,15:20:45.427000,12038,12039,12038,1
2019-12-19,15:20:45.780000,12038,12039,12038,1
2019-12-19,15:20:46.378000,12038,12039,12038,1
2019-12-19,15:20:46.503000,12038,12039,12038,2
2019-12-19,15:20:46.503000,12038,12039,12038,1
2019-12-19,15:20:46.628000,12038,12039,12038,1
2019-12-19,15:20:46.628000,12038,12039,12038,1
2019-12-19,15:20:46.628000,12038,12039,12038,2
2019-12-19,15:20:55.750000,12037,12038,12038,1
2019-12-19,15:20:55.901000,12037,12038,12038,1
2019-12-19,15:21:03.938000,12037,12038,12038,1
2019-12-19,15:21:12.373000,12037,12038,12037,2
2019-12-19,15:21:23.283000,12037,12038,12037,1
2019-12-19,15:21:28.342000,12037,12038,12037,1
2019-12-19,15:21:30.226000,12037,12038,12037,3
2019-12-19,15:21:36.165000,12037,12038,12037,1
2019-12-19,15:21:43.897000,12037,12038,12037,3
2019-12-19,15:21:44.003000,12037,12038,12037,7
2019-12-19,15:21:57.147000,12036,12037,12036,5
2019-12-19,15:21:57.729000,12036,12037,12036,1
2019-12-19,15:22:12.577000,12036,12037,12036,5
2019-12-19,15:22:43.430000,12036,12037,12036,1
2019-12-19,15:22:46.319000,12036,12037,12036,1
2019-12-19,15:22:46.973000,12036,12037,12036,1
2019-12-19,15:22:50.473000,12036,12037,12036,1
2019-12-19,15:23:24.660000,12036,12037,12036,1
2019-12-19,15:23:27.250000,12036,12037,12036,1
2019-12-19,15:23:27.780000,12036,12037,12036,1
2019-12-19,15:23:31.617000,12036,12037,12036,11
2019-12-19,15:23:48.966000,12036,12037,12036,1
2019-12-19,15:24:02.247000,12036,12037,12037,1
2019-12-19,15:24:39.074000,12036,12037,12037,1
2019-12-19,15:25:01.390000,12036,12037,12037,1
2019-12-19,15:25:01.601000,12036,12037,12037,1
2019-12-19,15:25:04.228000,12036,12037,12037,1
2019-12-19,15:25:04.905000,12037,12038,12037,1
2019-12-19,15:25:14.438000,12036,12037,12037,1
2019-12-19,15:27:24.826000,12036,12037,12036,1
2019-12-19,15:27:25.724000,12036,12037,12036,1
2019-12-19,15:27:27.164000,12036,12037,12036,4
2019-12-19,15:27:27.273000,12035,12036,12035,3
2019-12-19,15:27:27.667000,12035,12036,12035,1
2019-12-19,15:27:27.792000,12035,12036,12035,1
2019-12-19,15:27:41.564000,12035,12036,12035,1
2019-12-19,15:28:02.374000,12035,12036,12036,4
2019-12-19,15:28:06.105000,12035,12036,12035,1
2019-12-19,15:28:41.406000,12035,12036,12036,1
2019-12-19,15:28:44.688000,12035,12036,12035,1
2019-12-19,15:28:44.861000,12035,12036,12035,1
2019-12-19,15:29:04.505000,12035,12036,12035,1
2019-12-19,15:29:07.411000,12035,12036,12035,1
2019-12-19,15:29:14.258000,12035,12036,12035,2
2019-12-19,15:29:36.588000,12035,12036,12035,1
2019-12-19,15:29:45.126000,12035,12036,12035,2
2019-12-19,15:29:46.086000,12035,12036,12035,1
2019-12-19,15:30:02.878000,12035,12036,12036,9
2019-12-19,15:30:03.003000,12035,12036,12036,5
2019-12-19,15:30:04.243000,12036,12037,12036,1
2019-12-19,15:30:04.255000,12036,12037,12036,1
2019-12-19,15:30:04.260000,12036,12037,12037,1
2019-12-19,15:30:04.260000,12036,12037,12037,1
2019-12-19,15:30:04.260000,12036,12037,12037,1
2019-12-19,15:30:04.260000,12036,12037,12037,1
2019-12-19,15:30:04.260000,12036,12037,12037,1
2019-12-19,15:30:04.261000,12036,12037,12037,1
2019-12-19,15:30:04.266000,12036,12037,12036,6
2019-12-19,15:30:04.268000,12036,12037,12037,1
2019-12-19,15:30:04.269000,12036,12037,12037,1
2019-12-19,15:30:04.272000,12036,12037,12037,1
2019-12-19,15:30:04.272000,12036,12037,12038,1
2019-12-19,15:30:04.272000,12036,12037,12038,1
2019-12-19,15:30:04.273000,12036,12037,12038,1
2019-12-19,15:30:04.576000,12036,12037,12037,1
2019-12-19,15:30:26.050000,12037,12038,12038,2
2019-12-19,15:30:35.370000,12037,12038,12037,7
2019-12-19,15:30:54.658000,12037,12038,12037,5
2019-12-19,15:30:59.358000,12037,12038,12037,1
2019-12-19,15:31:20.418000,12037,12038,12038,24
2019-12-19,15:31:20.419000,12037,12038,12038,1
2019-12-19,15:31:20.419000,12037,12038,12038,1
2019-12-19,15:31:33.543000,12037,12038,12038,1
2019-12-19,15:31:54.069000,12038,12039,12039,1
2019-12-19,15:32:54.276000,12038,12039,12039,1
2019-12-19,15:33:15.786000,12038,12039,12038,1
2019-12-19,15:33:28.707000,12038,12039,12039,1
2019-12-19,15:33:28.763000,12038,12039,12039,1
2019-12-19,15:33:28.767000,12038,12039,12039,1
2019-12-19,15:33:28.770000,12038,12039,12039,2
2019-12-19,15:33:28.774000,12038,12039,12039,2
2019-12-19,15:33:28.889000,12038,12039,12039,2
2019-12-19,15:33:28.895000,12038,12039,12039,1
2019-12-19,15:33:36.278000,12038,12039,12039,1
2019-12-19,15:33:44.154000,12038,12039,12039,1
2019-12-19,15:33:49.286000,12038,12039,12038,1
2019-12-19,15:33:53.687000,12038,12039,12039,1
2019-12-19,15:33:58.909000,12038,12039,12039,1
2019-12-19,15:34:02.950000,12038,12039,12039,1
2019-12-19,15:34:08.322000,12038,12039,12038,2
2019-12-19,15:34:12.827000,12038,12039,12039,1
2019-12-19,15:34:12.890000,12038,12039,12039,1
2019-12-19,15:34:12.890000,12038,12039,12039,1
2019-12-19,15:34:12.890000,12038,12039,12039,1
2019-12-19,15:34:12.891000,12038,12039,12039,1
2019-12-19,15:34:12.891000,12038,12039,12039,1
2019-12-19,15:34:12.897000,12038,12039,12039,1
2019-12-19,15:34:12.899000,12038,12039,12039,1
2019-12-19,15:34:35.006000,12038,12039,12039,2
2019-12-19,15:35:02.213000,12038,12039,12039,4
2019-12-19,15:35:11.293000,12038,12039,12039,3
2019-12-19,15:35:18.571000,12038,12039,12039,1
2019-12-19,15:35:19.101000,12038,12039,12039,1
2019-12-19,15:35:19.204000,12038,12039,12039,2
2019-12-19,15:35:29.322000,12038,12039,12038,1
2019-12-19,15:35:33.099000,12038,12039,12038,3
2019-12-19,15:36:35.517000,12038,12039,12038,1
2019-12-19,15:36:49.684000,12038,12039,12038,1
2019-12-19,15:37:01.786000,12038,12039,12038,1
2019-12-19,15:37:08.431000,12038,12039,12038,1
2019-12-19,15:37:29.010000,12038,12039,12039,1
2019-12-19,15:37:29.497000,12038,12039,12039,1
2019-12-19,15:37:45.622000,12038,12039,12039,11
2019-12-19,15:37:48.114000,12038,12039,12039,1
2019-12-19,15:37:48.149000,12038,12039,12039,1
2019-12-19,15:37:52.292000,12038,12039,12039,1
2019-12-19,15:38:02.180000,12038,12039,12039,1
2019-12-19,15:38:15.701000,12038,12039,12039,1
2019-12-19,15:38:22.162000,12038,12039,12039,1
2019-12-19,15:38:29.331000,12038,12039,12039,1
2019-12-19,15:39:01.282000,12038,12039,12039,1
2019-12-19,15:39:12.681000,12038,12039,12039,1
2019-12-19,15:39:12.744000,12038,12039,12039,9
2019-12-19,15:39:12.744000,12038,12039,12039,2
2019-12-19,15:39:33.791000,12039,12040,12039,2
2019-12-19,15:39:43.350000,12039,12040,12039,1
2019-12-19,15:39:44.219000,12039,12040,12039,1
2019-12-19,15:39:45.871000,12039,12040,12039,1
2019-12-19,15:39:46.286000,12038,12040,12038,3
2019-12-19,15:39:46.608000,12038,12040,12039,1
2019-12-19,15:39:57.984000,12038,12039,12039,1
2019-12-19,15:39:58.410000,12038,12039,12039,2
2019-12-19,15:40:09.642000,12038,12040,12040,2
2019-12-19,15:40:10.735000,12038,12040,12040,3
2019-12-19,15:40:10.855000,12038,12040,12040,2
2019-12-19,15:40:16.148000,12039,12040,12040,1
2019-12-19,15:40:34.140000,12039,12040,12040,3
2019-12-19,15:40:42.788000,12039,12040,12039,1
2019-12-19,15:40:56.519000,12038,12039,12039,1
2019-12-19,15:41:43.214000,12038,12039,12038,5
2019-12-19,15:41:50.172000,12038,12039,12038,1
2019-12-19,15:41:53.619000,12038,12039,12038,5
2019-12-19,15:42:43.484000,12038,12039,12038,2
2019-12-19,15:42:56.091000,12038,12039,12038,1
2019-12-19,15:43:09.204000,12038,12039,12038,1
2019-12-19,15:43:18.265000,12038,12039,12038,1
2019-12-19,15:43:31.780000,12038,12039,12038,5
2019-12-19,15:43:31.836000,12038,12039,12038,1
2019-12-19,15:43:37.933000,12038,12039,12038,5
2019-12-19,15:43:41.471000,12038,12039,12038,1
2019-12-19,15:43:44.349000,12038,12039,12038,2
2019-12-19,15:43:49.072000,12038,12039,12038,1
2019-12-19,15:43:51.267000,12038,12039,12038,1
2019-12-19,15:44:11.059000,12037,12038,12037,1
2019-12-19,15:44:11.505000,12037,12038,12037,1
2019-12-19,15:44:15.601000,12037,12038,12037,1
2019-12-19,15:44:32.915000,12037,12038,12037,1
2019-12-19,15:44:43.128000,12037,12038,12037,4
2019-12-19,15:44:44.576000,12036,12037,12036,1
2019-12-19,15:45:06.174000,12037,12038,12037,1
2019-12-19,15:45:16.306000,12037,12038,12037,1
2019-12-19,15:45:33.035000,12037,12038,12037,1
2019-12-19,15:45:37.511000,12037,12038,12037,1
2019-12-19,15:45:51.542000,12037,12038,12037,1
2019-12-19,15:45:54.139000,12037,12038,12037,1
2019-12-19,15:45:57.501000,12037,12038,12037,1
2019-12-19,15:46:03.232000,12037,12038,12037,1
2019-12-19,15:46:17.931000,12036,12037,12037,3
2019-12-19,15:46:25.391000,12037,12038,12038,2
2019-12-19,15:46:27.190000,12037,12038,12037,5
2019-12-19,15:47:21.549000,12037,12038,12037,1
2019-12-19,15:47:29.755000,12037,12038,12037,1
2019-12-19,15:47:48.642000,12036,12037,12037,1
2019-12-19,15:48:02.523000,12036,12037,12037,1
2019-12-19,15:48:18.773000,12036,12037,12037,1
2019-12-19,15:48:29.517000,12036,12037,12037,1
2019-12-19,15:48:38.986000,12036,12038,12038,1
2019-12-19,15:48:42.273000,12036,12037,12037,1
2019-12-19,15:48:58.144000,12036,12037,12037,1
2019-12-19,15:49:56.815000,12037,12038,12038,2
2019-12-19,15:49:56.878000,12037,12038,12038,2
2019-12-19,15:49:57.003000,12037,12038,12038,1
2019-12-19,15:49:57.003000,12037,12038,12038,1
2019-12-19,15:49:57.003000,12037,12038,12038,2
2019-12-19,15:49:57.003000,12037,12038,12038,4
2019-12-19,15:49:57.003000,12037,12038,12038,1
2019-12-19,15:49:57.003000,12037,12038,12038,2
2019-12-19,15:49:57.103000,12037,12038,12038,2
2019-12-19,15:49:57.128000,12037,12038,12038,2
2019-12-19,15:49:57.128000,12037,12038,12038,2
2019-12-19,15:49:57.128000,12037,12038,12038,3
2019-12-19,15:50:09.233000,12038,12039,12038,2
2019-12-19,15:50:15.322000,12038,12039,12039,3
2019-12-19,15:50:15.636000,12038,12039,12039,2
2019-12-19,15:50:15.702000,12038,12039,12038,1
2019-12-19,15:50:47.147000,12038,12039,12038,3
2019-12-19,15:51:05.463000,12038,12039,12038,1
2019-12-19,15:51:20.910000,12038,12039,12038,1
2019-12-19,15:51:26.721000,12038,12039,12038,1
2019-12-19,15:51:38.464000,12038,12039,12038,1
2019-12-19,15:51:57.303000,12038,12039,12038,2
2019-12-19,15:52:03.795000,12038,12039,12039,1
2019-12-19,15:52:25.304000,12038,12039,12039,1
2019-12-19,15:52:25.491000,12038,12039,12039,1
2019-12-19,15:52:25.706000,12038,12039,12039,1
2019-12-19,15:52:52.468000,12038,12039,12038,1
2019-12-19,15:53:02.564000,12038,12039,12038,1
2019-12-19,15:53:04.017000,12038,12039,12039,1
2019-12-19,15:53:23.817000,12038,12039,12039,1
2019-12-19,15:53:29.796000,12038,12039,12038,1
2019-12-19,15:54:02.762000,12038,12039,12038,1
2019-12-19,15:54:05.028000,12038,12039,12038,1
2019-12-19,15:54:13.411000,12038,12039,12038,1
2019-12-19,15:54:39.211000,12038,12039,12038,1
2019-12-19,15:54:39.646000,12037,12039,12039,8
2019-12-19,15:54:47.561000,12037,12039,12037,1
2019-12-19,15:55:01.141000,12037,12038,12038,1
2019-12-19,15:55:14.552000,12037,12038,12038,1
2019-12-19,15:55:26.822000,12037,12038,12038,1
2019-12-19,15:55:30.084000,12037,12038,12038,1
2019-12-19,15:56:39.051000,12038,12039,12038,2
2019-12-19,15:56:46.003000,12038,12039,12038,1
2019-12-19,15:56:46.003000,12038,12039,12038,1
2019-12-19,15:56:57.621000,12038,12039,12038,1
2019-12-19,15:56:59.521000,12038,12039,12038,2
2019-12-19,15:57:09.214000,12038,12039,12038,1
2019-12-19,15:57:23.726000,12038,12039,12038,1
2019-12-19,15:57:42.410000,12038,12039,12038,1
2019-12-19,15:58:28.173000,12038,12039,12038,1
2019-12-19,15:58:45.424000,12037,12039,12037,2
2019-12-19,15:59:32.342000,12037,12038,12037,1
2019-12-19,15:59:37.997000,12037,12038,12037,8
2019-12-19,15:59:40.653000,12037,12038,12038,4
2019-12-19,16:00:03.424000,12037,12038,12037,2
2019-12-19,16:00:08.227000,12037,12038,12038,1
2019-12-19,16:00:09.033000,12037,12038,12038,1
2019-12-19,16:00:15.685000,12037,12038,12038,2
2019-12-19,16:01:02.735000,12037,12038,12038,1
2019-12-19,16:01:05.776000,12037,12038,12037,3
2019-12-19,16:01:07.398000,12036,12037,12036,1
2019-12-19,16:01:22.253000,12037,12038,12038,1
2019-12-19,16:01:23.503000,12038,12039,12039,3
2019-12-19,16:01:23.653000,12038,12039,12039,16
2019-12-19,16:01:23.876000,12038,12040,12039,5
2019-12-19,16:01:24.898000,12039,12040,12039,1
2019-12-19,16:01:32.010000,12039,12040,12039,2
2019-12-19,16:01:32.523000,12038,12039,12039,2
2019-12-19,16:01:34.253000,12038,12039,12039,2
2019-12-19,16:01:36.503000,12038,12039,12039,1
2019-12-19,16:01:48.007000,12038,12039,12039,2
2019-12-19,16:02:03.986000,12038,12039,12039,5
2019-12-19,16:02:09.206000,12038,12039,12038,1
2019-12-19,16:02:17.515000,12038,12039,12039,1
2019-12-19,16:02:48.862000,12038,12039,12039,5
2019-12-19,16:03:01.822000,12038,12039,12039,4
2019-12-19,16:03:02.290000,12039,12040,12040,6
2019-12-19,16:03:02.290000,12039,12040,12040,2
2019-12-19,16:03:02.290000,12039,12040,12040,1
2019-12-19,16:03:02.290000,12039,12040,12040,2
2019-12-19,16:03:02.290000,12039,12040,12040,3
2019-12-19,16:03:02.291000,12039,12040,12040,2
2019-12-19,16:03:02.291000,12039,12040,12040,1
2019-12-19,16:03:02.291000,12039,12040,12040,1
2019-12-19,16:03:02.291000,12039,12040,12040,1
2019-12-19,16:03:02.291000,12039,12040,12040,3
2019-12-19,16:03:02.291000,12039,12040,12040,7
2019-12-19,16:03:02.291000,12039,12040,12040,3
2019-12-19,16:03:02.291000,12039,12040,12040,1
2019-12-19,16:03:02.291000,12039,12040,12040,3
2019-12-19,16:03:02.291000,12039,12040,12040,4
2019-12-19,16:03:02.291000,12039,12040,12040,1
2019-12-19,16:03:02.292000,12039,12040,12040,2
2019-12-19,16:03:02.294000,12039,12040,12040,2
2019-12-19,16:03:02.341000,12039,12040,12040,4
2019-12-19,16:03:02.489000,12040,12041,12041,1
2019-12-19,16:03:02.504000,12040,12041,12041,20
2019-12-19,16:03:02.554000,12040,12041,12042,5
2019-12-19,16:03:02.554000,12040,12041,12042,5
2019-12-19,16:03:02.654000,12041,12042,12042,5
2019-12-19,16:03:02.660000,12041,12042,12042,5
2019-12-19,16:03:02.753000,12041,12042,12042,1
2019-12-19,16:03:02.857000,12041,12042,12042,1
2019-12-19,16:03:02.878000,12041,12042,12042,13
2019-12-19,16:03:02.890000,12041,12042,12043,1
2019-12-19,16:03:02.926000,12041,12042,12043,1
2019-12-19,16:03:02.994000,12041,12042,12043,2
2019-12-19,16:03:03.006000,12042,12043,12043,1
2019-12-19,16:03:03.057000,12042,12043,12043,10
2019-12-19,16:03:03.077000,12042,12043,12043,1
2019-12-19,16:03:03.083000,12042,12043,12042,3
2019-12-19,16:03:03.085000,12042,12043,12042,2
2019-12-19,16:03:03.126000,12042,12043,12043,1
2019-12-19,16:03:03.128000,12042,12043,12042,1
2019-12-19,16:03:03.131000,12042,12043,12043,1
2019-12-19,16:03:03.132000,12042,12043,12043,1
2019-12-19,16:03:03.137000,12042,12043,12043,1
2019-12-19,16:03:03.189000,12042,12043,12043,1
2019-12-19,16:03:03.190000,12042,12043,12043,4
2019-12-19,16:03:03.253000,12042,12043,12042,1
2019-12-19,16:03:03.290000,12042,12043,12043,2
2019-12-19,16:03:03.327000,12042,12043,12043,1
2019-12-19,16:03:03.355000,12042,12043,12043,1
2019-12-19,16:03:03.424000,12042,12044,12043,1
2019-12-19,16:03:03.836000,12042,12043,12043,1
2019-12-19,16:03:03.898000,12042,12043,12043,4
2019-12-19,16:03:03.994000,12042,12043,12043,1
2019-12-19,16:03:04.009000,12042,12043,12042,2
2019-12-19,16:03:04.034000,12042,12043,12043,1
2019-12-19,16:03:04.039000,12042,12043,12043,1
2019-12-19,16:03:04.049000,12042,12043,12043,2
2019-12-19,16:03:04.250000,12042,12044,12043,2
2019-12-19,16:03:04.265000,12042,12043,12043,2
2019-12-19,16:03:04.521000,12042,12043,12043,2
2019-12-19,16:03:08.572000,12042,12043,12043,2
2019-12-19,16:03:08.999000,12042,12043,12043,1
2019-12-19,16:03:09.124000,12042,12043,12043,1
2019-12-19,16:03:09.888000,12042,12043,12043,2
2019-12-19,16:03:11.045000,12042,12043,12042,1
2019-12-19,16:03:12.489000,12042,12043,12043,1
2019-12-19,16:03:13.170000,12042,12043,12043,1
2019-12-19,16:03:13.358000,12042,12044,12044,1
2019-12-19,16:03:14.026000,12042,12044,12044,1
2019-12-19,16:03:14.977000,12043,12044,12044,3
2019-12-19,16:03:15.167000,12043,12044,12043,1
2019-12-19,16:03:15.244000,12043,12044,12044,1
2019-12-19,16:03:15.452000,12043,12044,12043,1
2019-12-19,16:03:16.544000,12043,12044,12044,5
2019-12-19,16:03:17.699000,12043,12044,12044,1
2019-12-19,16:03:18.201000,12043,12044,12044,1
2019-12-19,16:03:18.937000,12043,12044,12044,1
2019-12-19,16:03:19.523000,12043,12044,12044,2
2019-12-19,16:03:22.995000,12043,12044,12044,2
2019-12-19,16:03:23.283000,12043,12044,12044,1
2019-12-19,16:03:26.908000,12044,12045,12044,4
2019-12-19,16:03:30.572000,12044,12045,12044,5
2019-12-19,16:03:30.628000,12044,12045,12044,4
2019-12-19,16:03:32.030000,12044,12045,12044,1
2019-12-19,16:03:34.296000,12044,12045,12045,2
2019-12-19,16:03:34.397000,12044,12045,12045,1
2019-12-19,16:03:34.402000,12044,12045,12045,1
2019-12-19,16:03:34.414000,12044,12045,12045,1
2019-12-19,16:03:34.417000,12044,12045,12045,1
2019-12-19,16:03:34.426000,12044,12045,12045,2
2019-12-19,16:03:34.448000,12044,12045,12045,1
2019-12-19,16:03:34.577000,12044,12045,12045,1
2019-12-19,16:03:34.773000,12044,12045,12045,1
2019-12-19,16:03:34.914000,12044,12045,12044,2
2019-12-19,16:03:35.069000,12044,12045,12045,1
2019-12-19,16:03:35.097000,12044,12045,12045,2
2019-12-19,16:03:35.307000,12044,12045,12045,2
2019-12-19,16:03:35.432000,12044,12045,12045,1
2019-12-19,16:03:38.168000,12044,12045,12045,1
2019-12-19,16:03:39.138000,12044,12045,12045,1
2019-12-19,16:03:39.144000,12044,12045,12045,2
2019-12-19,16:03:39.146000,12044,12045,12045,1
2019-12-19,16:03:39.151000,12044,12045,12045,2
2019-12-19,16:03:39.155000,12044,12045,12045,1
2019-12-19,16:03:39.165000,12044,12045,12045,1
2019-12-19,16:03:39.166000,12044,12045,12045,1
2019-12-19,16:03:39.300000,12044,12045,12045,1
2019-12-19,16:03:41.376000,12044,12045,12045,2
2019-12-19,16:03:41.525000,12044,12045,12045,2
2019-12-19,16:03:42.122000,12044,12045,12045,1
2019-12-19,16:03:42.125000,12044,12045,12045,1
2019-12-19,16:03:42.138000,12044,12045,12045,1
2019-12-19,16:03:42.141000,12044,12045,12045,1
2019-12-19,16:03:42.193000,12044,12045,12045,1
2019-12-19,16:03:42.194000,12044,12045,12045,1
2019-12-19,16:03:42.279000,12044,12045,12045,1
2019-12-19,16:03:42.497000,12044,12045,12045,1
2019-12-19,16:03:42.931000,12044,12045,12044,3
2019-12-19,16:03:44.207000,12044,12045,12044,1
2019-12-19,16:03:44.249000,12044,12045,12044,5
2019-12-19,16:03:45.006000,12044,12045,12045,1
2019-12-19,16:03:45.127000,12044,12045,12045,2
2019-12-19,16:03:45.136000,12044,12045,12045,1
2019-12-19,16:03:45.137000,12044,12045,12045,2
2019-12-19,16:03:45.137000,12044,12045,12045,1
2019-12-19,16:03:45.137000,12044,12045,12045,1
2019-12-19,16:03:45.145000,12044,12045,12045,2
2019-12-19,16:03:45.163000,12044,12045,12045,1
2019-12-19,16:03:45.224000,12044,12045,12045,1
2019-12-19,16:03:49.555000,12044,12045,12045,1
2019-12-19,16:03:49.878000,12044,12045,12044,1
2019-12-19,16:03:49.878000,12044,12045,12044,1
2019-12-19,16:03:49.878000,12044,12045,12044,4
2019-12-19,16:03:50.003000,12044,12045,12044,3
2019-12-19,16:03:50.137000,12043,12044,12044,1
2019-12-19,16:03:50.139000,12043,12044,12044,1
2019-12-19,16:03:50.145000,12043,12044,12044,1
2019-12-19,16:03:50.146000,12043,12044,12045,2
2019-12-19,16:03:50.221000,12043,12044,12045,1
2019-12-19,16:03:50.280000,12043,12045,12045,1
2019-12-19,16:03:54.567000,12043,12045,12045,2
2019-12-19,16:03:55.168000,12043,12045,12045,1
2019-12-19,16:03:55.171000,12043,12045,12045,1
2019-12-19,16:03:55.171000,12043,12045,12045,2
2019-12-19,16:03:55.173000,12043,12045,12045,1
2019-12-19,16:03:55.174000,12043,12045,12045,1
2019-12-19,16:03:55.253000,12043,12045,12045,1
2019-12-19,16:03:55.288000,12043,12045,12045,1
2019-12-19,16:04:02.794000,12044,12045,12045,1
2019-12-19,16:04:04.115000,12044,12045,12045,1
2019-12-19,16:04:04.118000,12044,12045,12045,1
2019-12-19,16:04:04.124000,12044,12045,12045,1
2019-12-19,16:04:04.126000,12044,12045,12045,1
2019-12-19,16:04:04.131000,12044,12045,12045,1
2019-12-19,16:04:04.135000,12044,12045,12045,2
2019-12-19,16:04:04.163000,12044,12045,12045,1
2019-12-19,16:04:04.296000,12044,12045,12045,1
2019-12-19,16:04:04.587000,12044,12045,12045,7
2019-12-19,16:04:05.115000,12044,12045,12045,1
2019-12-19,16:04:05.117000,12044,12045,12045,2
2019-12-19,16:04:05.125000,12044,12045,12045,1
2019-12-19,16:04:05.162000,12044,12045,12045,1
2019-12-19,16:04:05.227000,12044,12045,12045,1
2019-12-19,16:04:05.650000,12044,12045,12045,1
2019-12-19,16:04:05.973000,12044,12046,12044,1
2019-12-19,16:04:06.105000,12044,12046,12045,1
2019-12-19,16:04:08.419000,12044,12045,12045,1
2019-12-19,16:04:09.112000,12044,12045,12045,1
2019-12-19,16:04:09.114000,12044,12045,12045,1
2019-12-19,16:04:09.124000,12044,12045,12045,1
2019-12-19,16:04:09.128000,12044,12045,12045,1
2019-12-19,16:04:09.133000,12044,12045,12045,1
2019-12-19,16:04:09.133000,12044,12045,12046,1
2019-12-19,16:04:09.138000,12044,12045,12046,1
2019-12-19,16:04:09.138000,12044,12045,12046,1
2019-12-19,16:04:09.156000,12044,12045,12046,1
2019-12-19,16:04:09.255000,12044,12045,12045,1
2019-12-19,16:04:09.255000,12044,12045,12046,1
2019-12-19,16:04:09.282000,12044,12045,12045,1
2019-12-19,16:04:09.288000,12044,12045,12046,1
2019-12-19,16:04:09.484000,12044,12046,12046,1
2019-12-19,16:04:09.500000,12044,12046,12046,1
2019-12-19,16:04:09.520000,12044,12046,12046,1
2019-12-19,16:04:09.570000,12044,12046,12046,1
2019-12-19,16:04:09.612000,12044,12046,12046,1
2019-12-19,16:04:09.703000,12044,12046,12046,3
2019-12-19,16:04:10.006000,12044,12046,12046,1
2019-12-19,16:04:10.039000,12044,12046,12046,1
2019-12-19,16:04:10.618000,12044,12046,12046,1
2019-12-19,16:04:10.994000,12045,12046,12045,1
2019-12-19,16:04:11.056000,12045,12046,12046,2
2019-12-19,16:04:11.215000,12045,12046,12046,1
2019-12-19,16:04:12.065000,12045,12046,12046,1
2019-12-19,16:04:12.357000,12045,12046,12045,1
2019-12-19,16:04:12.488000,12045,12046,12045,1
2019-12-19,16:04:13.116000,12045,12046,12046,1
2019-12-19,16:04:13.117000,12045,12046,12046,2
2019-12-19,16:04:13.120000,12045,12046,12046,1
2019-12-19,16:04:13.133000,12045,12046,12046,1
2019-12-19,16:04:13.268000,12045,12046,12046,1
2019-12-19,16:04:13.473000,12045,12046,12045,1
2019-12-19,16:04:14.714000,12045,12046,12045,1
2019-12-19,16:04:16.571000,12044,12045,12045,3
2019-12-19,16:04:17.109000,12044,12045,12045,1
2019-12-19,16:04:17.117000,12044,12045,12046,1
2019-12-19,16:04:17.123000,12044,12045,12046,2
2019-12-19,16:04:17.124000,12044,12045,12046,1
2019-12-19,16:04:17.124000,12044,12045,12046,1
2019-12-19,16:04:17.156000,12044,12046,12046,1
2019-12-19,16:04:17.272000,12044,12046,12046,1
2019-12-19,16:04:17.853000,12044,12045,12045,1
2019-12-19,16:04:17.879000,12045,12046,12045,1
2019-12-19,16:04:18.706000,12045,12046,12045,1
2019-12-19,16:04:19.627000,12045,12046,12045,1
2019-12-19,16:04:19.860000,12045,12046,12046,1
2019-12-19,16:04:20.924000,12045,12046,12045,1
2019-12-19,16:04:22.113000,12045,12046,12046,1
2019-12-19,16:04:22.113000,12045,12046,12046,1
2019-12-19,16:04:22.113000,12045,12046,12046,1
2019-12-19,16:04:22.120000,12045,12046,12046,1
2019-12-19,16:04:22.121000,12045,12046,12046,1
2019-12-19,16:04:22.156000,12045,12046,12046,1
2019-12-19,16:04:22.215000,12045,12046,12046,1
2019-12-19,16:04:22.412000,12045,12046,12045,1
2019-12-19,16:04:24.004000,12045,12046,12046,5
2019-12-19,16:04:25.110000,12045,12046,12046,1
2019-12-19,16:04:25.116000,12045,12046,12046,1
2019-12-19,16:04:25.120000,12045,12046,12046,1
2019-12-19,16:04:25.122000,12045,12046,12046,1
2019-12-19,16:04:25.132000,12045,12046,12046,1
2019-12-19,16:04:25.144000,12045,12046,12047,1
2019-12-19,16:04:25.280000,12045,12047,12047,1
2019-12-19,16:04:25.325000,12045,12047,12047,1
2019-12-19,16:04:25.358000,12045,12047,12047,4
2019-12-19,16:04:25.359000,12045,12047,12047,5
2019-12-19,16:04:25.373000,12045,12047,12047,5
2019-12-19,16:04:25.373000,12045,12047,12047,4
2019-12-19,16:04:25.443000,12045,12047,12047,4
2019-12-19,16:04:25.473000,12045,12047,12047,2
2019-12-19,16:04:25.474000,12045,12047,12047,2
2019-12-19,16:04:25.485000,12045,12047,12047,5
2019-12-19,16:04:25.552000,12046,12047,12047,4
2019-12-19,16:04:25.612000,12046,12047,12047,5
2019-12-19,16:04:25.642000,12046,12047,12047,4
2019-12-19,16:04:25.737000,12046,12047,12048,5
2019-12-19,16:04:25.828000,12046,12048,12048,1
2019-12-19,16:04:25.937000,12046,12048,12048,1
2019-12-19,16:04:25.953000,12046,12048,12048,1
2019-12-19,16:04:26.878000,12047,12048,12047,10
2019-12-19,16:04:27.058000,12046,12048,12047,1
2019-12-19,16:04:27.058000,12046,12048,12048,1
2019-12-19,16:04:27.278000,12046,12048,12048,1
2019-12-19,16:04:28.003000,12047,12048,12047,10
2019-12-19,16:04:28.282000,12046,12048,12046,1
2019-12-19,16:04:28.401000,12046,12047,12046,1
2019-12-19,16:04:29.106000,12046,12047,12047,2
2019-12-19,16:04:29.111000,12046,12047,12047,2
2019-12-19,16:04:30.202000,12046,12047,12047,10
2019-12-19,16:04:32.031000,12046,12047,12047,2
2019-12-19,16:04:32.440000,12046,12047,12046,10
2019-12-19,16:04:33.122000,12046,12047,12047,1
2019-12-19,16:04:33.126000,12046,12047,12047,1
2019-12-19,16:04:33.128000,12046,12047,12047,1
2019-12-19,16:04:33.134000,12046,12047,12047,1
2019-12-19,16:04:33.140000,12046,12047,12047,1
2019-12-19,16:04:33.141000,12046,12047,12047,1
2019-12-19,16:04:33.167000,12046,12047,12047,1
2019-12-19,16:04:33.179000,12046,12047,12047,1
2019-12-19,16:04:33.180000,12046,12047,12048,1
2019-12-19,16:04:33.282000,12046,12048,12048,1
2019-12-19,16:04:35.395000,12047,12048,12047,1
2019-12-19,16:04:35.497000,12047,12048,12047,1
2019-12-19,16:04:35.647000,12047,12048,12048,10
2019-12-19,16:04:37.563000,12047,12048,12048,1
2019-12-19,16:04:38.133000,12047,12048,12048,1
2019-12-19,16:04:38.134000,12047,12048,12048,1
2019-12-19,16:04:38.156000,12047,12048,12048,1
2019-12-19,16:04:38.284000,12047,12048,12048,1
2019-12-19,16:04:38.357000,12047,12048,12048,1
2019-12-19,16:04:39.102000,12047,12048,12048,2
2019-12-19,16:04:40.576000,12047,12048,12048,1
2019-12-19,16:04:43.474000,12047,12048,12047,1
2019-12-19,16:04:43.685000,12047,12048,12048,1
2019-12-19,16:04:44.497000,12047,12048,12048,4
2019-12-19,16:04:49.192000,12047,12048,12047,3
2019-12-19,16:04:49.378000,12047,12048,12047,2
2019-12-19,16:04:49.489000,12047,12048,12048,1
2019-12-19,16:04:49.503000,12047,12048,12047,12
2019-12-19,16:04:49.628000,12047,12048,12047,2
2019-12-19,16:04:50.730000,12046,12047,12047,10
2019-12-19,16:04:52.688000,12046,12047,12047,10
2019-12-19,16:04:57.211000,12046,12047,12047,1
2019-12-19,16:04:57.346000,12046,12047,12047,1
2019-12-19,16:04:57.379000,12047,12048,12047,9
2019-12-19,16:04:58.237000,12047,12048,12047,1
2019-12-19,16:05:00.894000,12047,12048,12047,1
2019-12-19,16:05:01.139000,12046,12047,12047,1
2019-12-19,16:05:01.387000,12046,12047,12047,1
2019-12-19,16:05:02.809000,12047,12048,12047,1
2019-12-19,16:05:03.056000,12047,12048,12047,1
2019-12-19,16:05:03.942000,12047,12048,12047,1
2019-12-19,16:05:04.009000,12047,12048,12047,1
2019-12-19,16:05:07.168000,12047,12048,12047,1
2019-12-19,16:05:07.901000,12047,12048,12048,4
2019-12-19,16:05:09.351000,12047,12048,12047,1
2019-12-19,16:05:10.995000,12047,12048,12048,1
2019-12-19,16:05:12.217000,12047,12048,12048,1
2019-12-19,16:05:12.829000,12047,12048,12048,3
2019-12-19,16:05:14.515000,12047,12048,12047,1
2019-12-19,16:05:22.553000,12047,12048,12048,1
2019-12-19,16:05:25.857000,12047,12048,12048,2
2019-12-19,16:05:26.817000,12047,12048,12048,3
2019-12-19,16:05:29.078000,12047,12048,12048,2
2019-12-19,16:05:30.310000,12047,12048,12048,1
2019-12-19,16:05:31.101000,12047,12048,12048,2
2019-12-19,16:05:31.968000,12047,12048,12048,10
2019-12-19,16:05:36.147000,12047,12048,12048,8
2019-12-19,16:05:36.203000,12047,12048,12048,1
2019-12-19,16:05:36.322000,12047,12048,12048,3
2019-12-19,16:05:36.871000,12047,12048,12048,1
2019-12-19,16:05:38.983000,12047,12048,12048,1
2019-12-19,16:05:39.818000,12047,12048,12048,1
2019-12-19,16:05:40.323000,12047,12048,12048,2
2019-12-19,16:05:40.717000,12047,12048,12048,1
2019-12-19,16:05:40.884000,12047,12048,12048,1
2019-12-19,16:05:44.344000,12048,12049,12048,1
2019-12-19,16:05:44.829000,12048,12049,12048,1
2019-12-19,16:05:46.756000,12048,12049,12048,1
2019-12-19,16:05:48.411000,12048,12049,12049,2
2019-12-19,16:05:48.690000,12048,12049,12049,1
2019-12-19,16:05:50.849000,12048,12049,12048,1
2019-12-19,16:05:51.351000,12048,12049,12048,2
2019-12-19,16:05:51.378000,12048,12049,12048,3
2019-12-19,16:05:56.619000,12047,12048,12048,5
2019-12-19,16:06:00.722000,12047,12048,12048,1
2019-12-19,16:06:01.803000,12047,12048,12048,1
2019-12-19,16:06:02.361000,12047,12048,12048,1
2019-12-19,16:06:02.556000,12047,12048,12048,1
2019-12-19,16:06:12.163000,12047,12048,12048,1
2019-12-19,16:06:12.609000,12047,12048,12048,1
2019-12-19,16:06:14.124000,12047,12048,12048,6
2019-12-19,16:06:14.825000,12047,12048,12047,1
2019-12-19,16:06:14.994000,12047,12048,12048,1
2019-12-19,16:06:15.578000,12047,12048,12048,1
2019-12-19,16:06:17.373000,12047,12048,12048,2
2019-12-19,16:06:22.003000,12047,12048,12048,5
2019-12-19,16:06:25.261000,12047,12048,12048,1
2019-12-19,16:06:27.501000,12047,12048,12048,1
2019-12-19,16:06:27.855000,12047,12048,12048,1
2019-12-19,16:06:30.977000,12047,12048,12048,1
2019-12-19,16:06:33.074000,12047,12048,12048,5
2019-12-19,16:06:36.762000,12047,12048,12048,1
2019-12-19,16:06:37.445000,12047,12048,12048,1
2019-12-19,16:06:38.899000,12047,12048,12048,1
2019-12-19,16:06:39.566000,12048,12049,12048,1
2019-12-19,16:06:40.118000,12048,12049,12048,1
2019-12-19,16:06:40.308000,12048,12049,12048,1
2019-12-19,16:06:40.813000,12048,12049,12048,2
2019-12-19,16:06:43.915000,12047,12048,12048,2
2019-12-19,16:06:50.958000,12047,12048,12047,1
2019-12-19,16:06:51.924000,12047,12048,12048,1
2019-12-19,16:06:54.256000,12047,12048,12048,1
2019-12-19,16:06:55.887000,12047,12048,12048,1
2019-12-19,16:06:57.409000,12047,12048,12048,1
2019-12-19,16:07:08.856000,12047,12048,12048,1
2019-12-19,16:07:11.050000,12047,12048,12047,1
2019-12-19,16:07:17.142000,12047,12048,12048,1
2019-12-19,16:07:19.106000,12047,12048,12048,1
2019-12-19,16:07:25.616000,12047,12048,12047,1
2019-12-19,16:07:43.889000,12047,12048,12048,3
2019-12-19,16:07:44.080000,12047,12048,12047,1
2019-12-19,16:07:46.900000,12047,12048,12047,2
2019-12-19,16:07:50.898000,12047,12048,12047,5
2019-12-19,16:08:07.129000,12047,12048,12047,1
2019-12-19,16:08:07.668000,12047,12048,12047,1
2019-12-19,16:08:07.875000,12047,12048,12047,10
2019-12-19,16:08:10.115000,12047,12048,12047,1
2019-12-19,16:08:11.981000,12047,12048,12048,1
2019-12-19,16:08:38.270000,12047,12048,12048,1
2019-12-19,16:08:45.397000,12047,12048,12048,10
2019-12-19,16:08:45.677000,12047,12048,12048,10
2019-12-19,16:08:46.453000,12047,12048,12048,5
2019-12-19,16:08:46.749000,12047,12048,12048,5
2019-12-19,16:08:51.973000,12048,12049,12048,1
2019-12-19,16:08:53.618000,12048,12049,12048,3
2019-12-19,16:08:54.709000,12048,12049,12048,1
2019-12-19,16:08:55.204000,12048,12049,12048,5
2019-12-19,16:09:02.461000,12048,12049,12048,1
2019-12-19,16:09:08.346000,12048,12049,12049,1
2019-12-19,16:09:08.712000,12048,12049,12049,1
2019-12-19,16:09:09.446000,12048,12049,12049,5
2019-12-19,16:09:14.820000,12048,12049,12048,1
2019-12-19,16:09:22.814000,12048,12049,12048,1
2019-12-19,16:09:23.951000,12048,12049,12049,1
2019-12-19,16:09:33.065000,12048,12049,12049,75
2019-12-19,16:09:34.294000,12049,12050,12050,1
2019-12-19,16:09:34.385000,12049,12050,12050,1
2019-12-19,16:09:34.390000,12049,12050,12050,1
2019-12-19,16:09:34.409000,12049,12050,12050,1
2019-12-19,16:09:34.475000,12049,12050,12050,1
2019-12-19,16:09:34.567000,12049,12050,12049,2
2019-12-19,16:09:34.669000,12049,12050,12050,1
2019-12-19,16:09:34.738000,12049,12050,12050,2
2019-12-19,16:09:35.017000,12049,12050,12049,8
2019-12-19,16:09:37.852000,12048,12049,12049,1
2019-12-19,16:09:40.652000,12049,12050,12049,2
2019-12-19,16:09:40.674000,12049,12050,12049,1
2019-12-19,16:09:47.253000,12048,12049,12049,2
2019-12-19,16:09:50.948000,12048,12049,12049,1
2019-12-19,16:09:50.948000,12048,12049,12049,3
2019-12-19,16:09:50.948000,12048,12049,12049,1
2019-12-19,16:09:51.347000,12049,12050,12049,1
2019-12-19,16:09:52.456000,12049,12050,12049,1
2019-12-19,16:09:53.280000,12049,12050,12050,1
2019-12-19,16:10:02.226000,12049,12050,12049,1
2019-12-19,16:10:06.850000,12049,12050,12049,2
2019-12-19,16:10:15.123000,12049,12050,12049,1
2019-12-19,16:10:17.350000,12049,12050,12049,1
2019-12-19,16:10:20.056000,12049,12050,12050,3
2019-12-19,16:10:25.794000,12049,12050,12049,2
2019-12-19,16:10:25.951000,12049,12050,12050,2
2019-12-19,16:10:29.591000,12049,12050,12049,1
2019-12-19,16:10:31.826000,12049,12050,12049,1
2019-12-19,16:10:31.933000,12049,12050,12049,10
2019-12-19,16:10:32.882000,12049,12050,12049,1
2019-12-19,16:10:35.499000,12049,12050,12049,3
2019-12-19,16:10:36.106000,12049,12050,12049,1
2019-12-19,16:10:36.802000,12049,12050,12050,5
2019-12-19,16:10:37.068000,12049,12050,12049,1
2019-12-19,16:10:42.020000,12049,12050,12049,1
2019-12-19,16:10:43.683000,12049,12050,12049,1
2019-12-19,16:10:44.002000,12049,12050,12049,1
2019-12-19,16:10:46.739000,12049,12050,12049,7
2019-12-19,16:10:48.016000,12048,12049,12049,1
2019-12-19,16:11:05.531000,12048,12049,12049,1
2019-12-19,16:11:06.359000,12048,12049,12049,2
2019-12-19,16:11:14.737000,12048,12049,12049,1
2019-12-19,16:11:17.423000,12048,12049,12049,1
2019-12-19,16:11:17.507000,12048,12049,12049,1
2019-12-19,16:11:19.084000,12048,12049,12049,1
2019-12-19,16:11:21.694000,12048,12049,12049,1
2019-12-19,16:11:30.936000,12048,12049,12049,4
2019-12-19,16:11:35.355000,12048,12049,12048,2
2019-12-19,16:11:56.922000,12048,12049,12048,5
2019-12-19,16:12:00.052000,12048,12049,12048,1
2019-12-19,16:12:07.478000,12048,12049,12048,1
2019-12-19,16:12:10.221000,12048,12049,12048,2
2019-12-19,16:12:10.254000,12048,12049,12048,25
2019-12-19,16:12:13.327000,12047,12048,12047,3
2019-12-19,16:12:13.415000,12047,12048,12047,1
2019-12-19,16:12:13.461000,12047,12048,12047,1
2019-12-19,16:12:21.019000,12047,12048,12047,1
2019-12-19,16:12:24.219000,12047,12048,12047,2
2019-12-19,16:12:25.934000,12047,12048,12048,10
2019-12-19,16:12:44.924000,12047,12048,12048,15
2019-12-19,16:12:48.265000,12047,12048,12048,1
2019-12-19,16:12:51.303000,12047,12048,12047,1
2019-12-19,16:12:51.483000,12047,12048,12047,1
2019-12-19,16:12:51.698000,12047,12048,12047,1
2019-12-19,16:13:00.615000,12047,12048,12047,1
2019-12-19,16:13:06.254000,12047,12048,12047,2
2019-12-19,16:13:22.007000,12047,12048,12047,1
2019-12-19,16:13:22.076000,12047,12048,12047,1
2019-12-19,16:13:35.913000,12047,12048,12048,1
2019-12-19,16:13:48.251000,12047,12048,12048,1
2019-12-19,16:13:53.030000,12047,12048,12047,2
2019-12-19,16:13:58.583000,12047,12048,12048,5
2019-12-19,16:14:04.475000,12047,12048,12048,2
2019-12-19,16:14:17.720000,12047,12048,12048,1
2019-12-19,16:14:23.601000,12047,12048,12048,4
2019-12-19,16:14:29.823000,12048,12049,12048,1
2019-12-19,16:14:30.972000,12048,12049,12048,2
2019-12-19,16:14:39.513000,12047,12048,12048,1
2019-12-19,16:14:41.773000,12048,12049,12049,1
2019-12-19,16:14:41.896000,12048,12049,12048,1
2019-12-19,16:14:42.895000,12048,12049,12048,1
2019-12-19,16:15:06.742000,12048,12049,12049,2
2019-12-19,16:15:07.159000,12048,12049,12049,1
2019-12-19,16:15:07.637000,12048,12049,12049,6
2019-12-19,16:15:07.753000,12048,12049,12049,12
2019-12-19,16:15:07.753000,12048,12049,12049,3
2019-12-19,16:15:07.753000,12048,12049,12049,7
2019-12-19,16:15:09.386000,12049,12050,12049,5
2019-12-19,16:15:16.875000,12049,12050,12050,56
2019-12-19,16:15:16.932000,12050,12051,12051,1
2019-12-19,16:15:17.003000,12050,12051,12051,3
2019-12-19,16:15:17.022000,12050,12051,12051,9
2019-12-19,16:15:17.022000,12050,12051,12051,6
2019-12-19,16:15:17.057000,12050,12051,12051,1
2019-12-19,16:15:17.103000,12050,12051,12051,9
2019-12-19,16:15:17.311000,12051,12052,12052,1
2019-12-19,16:15:17.531000,12051,12052,12052,1
2019-12-19,16:15:17.534000,12051,12052,12052,1
2019-12-19,16:15:18.652000,12051,12052,12052,1
2019-12-19,16:15:19.157000,12051,12052,12052,1
2019-12-19,16:15:20.094000,12051,12052,12052,1
2019-12-19,16:15:21.422000,12051,12052,12052,44
2019-12-19,16:15:21.576000,12051,12053,12052,1
2019-12-19,16:15:22.929000,12052,12053,12053,1
2019-12-19,16:15:23.011000,12052,12053,12053,10
2019-12-19,16:15:23.128000,12052,12053,12053,18
2019-12-19,16:15:23.507000,12053,12054,12054,1
2019-12-19,16:15:24.103000,12053,12054,12054,1
2019-12-19,16:15:24.394000,12053,12054,12054,2
2019-12-19,16:15:24.504000,12053,12054,12054,31
2019-12-19,16:15:24.629000,12054,12055,12055,2
2019-12-19,16:15:24.781000,12054,12055,12054,1
2019-12-19,16:15:24.804000,12054,12055,12055,1
2019-12-19,16:15:24.808000,12054,12055,12055,1
2019-12-19,16:15:24.809000,12054,12055,12055,2
2019-12-19,16:15:24.811000,12054,12055,12055,2
2019-12-19,16:15:24.830000,12054,12055,12055,1
2019-12-19,16:15:24.841000,12054,12055,12055,1
2019-12-19,16:15:24.843000,12054,12055,12055,1
2019-12-19,16:15:24.854000,12054,12055,12055,4
2019-12-19,16:15:24.859000,12054,12055,12055,2
2019-12-19,16:15:24.909000,12054,12055,12055,1
2019-12-19,16:15:24.909000,12054,12055,12055,1
2019-12-19,16:15:24.920000,12054,12055,12055,1
2019-12-19,16:15:24.999000,12054,12055,12055,1
2019-12-19,16:15:25.163000,12054,12055,12055,1
2019-12-19,16:15:25.179000,12054,12055,12055,1
2019-12-19,16:15:25.456000,12054,12055,12054,2
2019-12-19,16:15:25.627000,12054,12055,12055,6
2019-12-19,16:15:25.977000,12054,12055,12055,1
2019-12-19,16:15:26.110000,12054,12055,12055,1
2019-12-19,16:15:28.037000,12054,12055,12055,1
2019-12-19,16:15:30.191000,12054,12055,12055,1
2019-12-19,16:15:30.265000,12054,12055,12055,14
2019-12-19,16:15:31.473000,12055,12056,12056,1
2019-12-19,16:15:31.538000,12055,12056,12056,1
2019-12-19,16:15:31.575000,12055,12056,12056,20
2019-12-19,16:15:31.743000,12055,12056,12056,1
2019-12-19,16:15:31.945000,12055,12056,12056,1
2019-12-19,16:15:32.109000,12055,12056,12056,1
2019-12-19,16:15:33.046000,12055,12056,12055,1
2019-12-19,16:15:33.567000,12055,12056,12055,1
2019-12-19,16:15:33.688000,12055,12056,12056,1
2019-12-19,16:15:33.719000,12055,12056,12056,1
2019-12-19,16:15:35.429000,12055,12056,12056,2
2019-12-19,16:15:35.608000,12055,12056,12056,1
2019-12-19,16:15:35.741000,12055,12057,12056,1
2019-12-19,16:15:35.824000,12056,12057,12056,1
2019-12-19,16:15:35.911000,12055,12057,12057,2
2019-12-19,16:15:36.040000,12055,12057,12057,1
2019-12-19,16:15:36.098000,12055,12057,12057,2
2019-12-19,16:15:38.697000,12055,12056,12055,1
2019-12-19,16:15:39.446000,12055,12056,12056,1
2019-12-19,16:15:39.824000,12055,12056,12056,2
2019-12-19,16:15:40.475000,12055,12056,12056,1
2019-12-19,16:15:40.726000,12055,12056,12056,1
2019-12-19,16:15:41.492000,12055,12056,12055,1
2019-12-19,16:15:41.492000,12055,12056,12055,4
2019-12-19,16:15:41.492000,12055,12056,12055,18
2019-12-19,16:15:41.492000,12055,12056,12055,3
2019-12-19,16:15:41.493000,12055,12056,12055,1
2019-12-19,16:15:42.054000,12054,12055,12055,3
2019-12-19,16:15:42.259000,12054,12055,12055,1
2019-12-19,16:15:42.522000,12054,12055,12054,1
2019-12-19,16:15:42.661000,12054,12055,12054,2
2019-12-19,16:15:43.288000,12054,12055,12055,1
2019-12-19,16:15:44.067000,12054,12055,12055,1
2019-12-19,16:15:44.397000,12054,12055,12054,2
2019-12-19,16:15:44.397000,12054,12055,12054,1
2019-12-19,16:15:44.502000,12054,12055,12053,2
2019-12-19,16:15:44.582000,12053,12054,12054,3
2019-12-19,16:15:45.361000,12053,12054,12053,1
2019-12-19,16:15:45.583000,12053,12054,12054,5
2019-12-19,16:15:47.889000,12053,12054,12054,1
2019-12-19,16:15:48.542000,12053,12054,12053,1
2019-12-19,16:15:48.975000,12053,12054,12054,5
2019-12-19,16:15:50.282000,12053,12054,12053,1
2019-12-19,16:15:51.395000,12053,12054,12054,2
2019-12-19,16:15:51.587000,12053,12054,12054,5
2019-12-19,16:15:52.689000,12053,12054,12054,2
2019-12-19,16:15:52.754000,12054,12055,12054,3
2019-12-19,16:15:53.039000,12053,12055,12054,1
2019-12-19,16:15:54.266000,12054,12055,12054,1
2019-12-19,16:15:56.243000,12054,12055,12055,1
2019-12-19,16:15:56.262000,12054,12055,12054,1
2019-12-19,16:15:56.414000,12054,12055,12055,1
2019-12-19,16:15:56.620000,12054,12055,12055,1
2019-12-19,16:15:56.839000,12054,12055,12055,1
2019-12-19,16:15:58.396000,12054,12055,12055,1
2019-12-19,16:16:00.367000,12054,12055,12055,1
2019-12-19,16:16:00.501000,12054,12055,12055,1
2019-12-19,16:16:00.706000,12054,12055,12055,1
2019-12-19,16:16:01.122000,12054,12055,12055,2
2019-12-19,16:16:01.185000,12054,12055,12055,1
2019-12-19,16:16:01.260000,12054,12055,12055,1
2019-12-19,16:16:01.260000,12054,12055,12055,1
2019-12-19,16:16:01.260000,12054,12055,12055,1
2019-12-19,16:16:01.261000,12054,12055,12055,1
2019-12-19,16:16:01.261000,12054,12055,12055,1
2019-12-19,16:16:01.261000,12054,12055,12055,1
2019-12-19,16:16:01.261000,12054,12055,12055,1
2019-12-19,16:16:01.261000,12054,12055,12055,1
2019-12-19,16:16:01.262000,12054,12055,12055,1
2019-12-19,16:16:01.262000,12054,12055,12055,1
2019-12-19,16:16:01.263000,12054,12055,12055,1
2019-12-19,16:16:01.263000,12054,12055,12055,1
2019-12-19,16:16:01.263000,12054,12055,12056,1
2019-12-19,16:16:01.264000,12054,12055,12056,1
2019-12-19,16:16:01.272000,12054,12055,12056,1
2019-12-19,16:16:01.413000,12055,12056,12055,1
2019-12-19,16:16:01.844000,12055,12056,12055,2
2019-12-19,16:16:01.898000,12055,12056,12056,2
2019-12-19,16:16:02.191000,12055,12056,12056,5
2019-12-19,16:16:02.288000,12055,12056,12056,4
2019-12-19,16:16:06.369000,12055,12056,12056,2
2019-12-19,16:16:07.322000,12055,12056,12055,6
2019-12-19,16:16:07.520000,12054,12055,12055,1
2019-12-19,16:16:08.675000,12054,12055,12055,2
2019-12-19,16:16:16.101000,12054,12055,12055,1
2019-12-19,16:16:16.136000,12054,12055,12055,1
2019-12-19,16:16:17.653000,12054,12055,12055,1
2019-12-19,16:16:19.397000,12054,12055,12055,2
2019-12-19,16:16:21.882000,12054,12055,12055,3
2019-12-19,16:16:24.254000,12054,12055,12054,27
2019-12-19,16:16:29.231000,12053,12054,12054,1
2019-12-19,16:16:31.051000,12053,12054,12054,1
2019-12-19,16:16:33.202000,12053,12054,12054,1
2019-12-19,16:16:33.474000,12053,12054,12053,5
2019-12-19,16:16:34.343000,12053,12054,12053,1
2019-12-19,16:16:34.366000,12053,12054,12053,1
2019-12-19,16:16:34.366000,12053,12054,12053,1
2019-12-19,16:16:41.453000,12052,12053,12053,1
2019-12-19,16:16:44.215000,12052,12053,12053,1
2019-12-19,16:16:45.381000,12052,12053,12053,1
2019-12-19,16:16:46.834000,12053,12054,12053,1
2019-12-19,16:16:49.122000,12052,12054,12052,1
2019-12-19,16:16:49.243000,12052,12054,12052,2
2019-12-19,16:16:49.880000,12052,12053,12053,1
2019-12-19,16:16:51.538000,12052,12053,12053,1
2019-12-19,16:16:59.354000,12053,12054,12054,4
2019-12-19,16:16:59.517000,12053,12054,12054,1
2019-12-19,16:17:01.512000,12053,12055,12053,1
2019-12-19,16:17:08.583000,12053,12055,12053,4
2019-12-19,16:17:10.317000,12053,12054,12054,1
2019-12-19,16:17:10.759000,12054,12055,12054,2
2019-12-19,16:17:10.898000,12054,12055,12054,1
2019-12-19,16:17:11.029000,12054,12055,12055,4
2019-12-19,16:17:14.521000,12054,12055,12054,6
2019-12-19,16:17:18.823000,12053,12054,12053,1
2019-12-19,16:17:28.973000,12053,12054,12054,5
2019-12-19,16:17:29.268000,12053,12054,12053,1
2019-12-19,16:17:29.676000,12053,12054,12054,1
2019-12-19,16:17:30.314000,12053,12054,12053,1
2019-12-19,16:17:30.755000,12053,12054,12053,9
2019-12-19,16:17:31.302000,12052,12053,12052,5
2019-12-19,16:17:32.058000,12052,12053,12053,1
2019-12-19,16:17:32.902000,12052,12053,12053,1
2019-12-19,16:17:37.510000,12052,12053,12052,1
2019-12-19,16:17:38.015000,12052,12053,12052,1
2019-12-19,16:17:38.503000,12052,12053,12052,5
2019-12-19,16:17:40.073000,12052,12053,12052,1
2019-12-19,16:17:41.298000,12052,12053,12052,1
2019-12-19,16:17:42.244000,12052,12053,12052,1
2019-12-19,16:17:43.911000,12052,12053,12053,5
2019-12-19,16:17:50.546000,12052,12053,12053,1
2019-12-19,16:17:55.375000,12052,12053,12053,1
2019-12-19,16:18:03.869000,12053,12054,12053,3
2019-12-19,16:18:04.493000,12053,12054,12053,1
2019-12-19,16:18:08.159000,12053,12054,12053,1
2019-12-19,16:18:09.288000,12053,12054,12054,1
2019-12-19,16:18:12.806000,12053,12054,12054,1
2019-12-19,16:18:13.584000,12053,12054,12054,3
2019-12-19,16:18:14.728000,12053,12054,12054,2
2019-12-19,16:18:14.728000,12053,12054,12055,1
2019-12-19,16:18:16.629000,12054,12055,12055,12
2019-12-19,16:18:17.287000,12054,12055,12054,2
2019-12-19,16:18:22.015000,12054,12055,12055,1
2019-12-19,16:18:23.299000,12054,12055,12055,1
2019-12-19,16:18:24.228000,12054,12055,12054,1
2019-12-19,16:18:29.786000,12054,12055,12054,2
2019-12-19,16:18:31.925000,12054,12055,12054,1
2019-12-19,16:18:32.020000,12054,12055,12054,1
2019-12-19,16:18:42.968000,12053,12054,12054,1
2019-12-19,16:18:43.001000,12053,12054,12053,2
2019-12-19,16:18:49.050000,12053,12054,12053,1
2019-12-19,16:18:51.165000,12053,12054,12053,2
2019-12-19,16:18:51.371000,12053,12054,12054,1
2019-12-19,16:18:57.696000,12053,12054,12053,1
2019-12-19,16:19:00.126000,12053,12054,12053,1
2019-12-19,16:19:02.347000,12053,12054,12053,1
2019-12-19,16:19:08.944000,12053,12054,12053,1
2019-12-19,16:19:09.347000,12053,12054,12054,5
2019-12-19,16:19:10.055000,12053,12054,12054,7
2019-12-19,16:19:13.185000,12053,12054,12053,1
2019-12-19,16:19:28.368000,12053,12054,12053,1
2019-12-19,16:19:28.794000,12053,12054,12053,3
2019-12-19,16:19:30.740000,12053,12054,12053,1
2019-12-19,16:19:32.218000,12053,12054,12053,2
2019-12-19,16:19:33.034000,12053,12054,12053,1
2019-12-19,16:19:35.458000,12053,12054,12053,1
2019-12-19,16:19:37.945000,12053,12054,12053,1
2019-12-19,16:19:40.395000,12052,12053,12053,1
2019-12-19,16:19:55.918000,12052,12053,12053,1
2019-12-19,16:20:01.472000,12053,12054,12053,1
2019-12-19,16:20:01.800000,12052,12054,12054,1
2019-12-19,16:20:06.913000,12053,12054,12053,1
2019-12-19,16:20:07.572000,12053,12054,12054,10
2019-12-19,16:20:14.977000,12053,12054,12053,1
2019-12-19,16:20:17.657000,12053,12054,12054,2
2019-12-19,16:20:30.840000,12053,12054,12054,1
2019-12-19,16:20:31.173000,12054,12055,12054,4
2019-12-19,16:20:38.002000,12054,12055,12054,4
2019-12-19,16:20:38.003000,12053,12054,12054,4
2019-12-19,16:20:38.234000,12053,12054,12054,1
2019-12-19,16:20:41.063000,12053,12054,12054,1
2019-12-19,16:20:42.378000,12054,12055,12054,2
2019-12-19,16:20:46.479000,12054,12055,12054,1
2019-12-19,16:20:50.924000,12053,12054,12054,3
2019-12-19,16:20:50.930000,12053,12054,12054,2
2019-12-19,16:20:52.132000,12053,12055,12055,4
2019-12-19,16:20:59.180000,12054,12055,12054,10
2019-12-19,16:20:59.693000,12053,12055,12055,2
2019-12-19,16:21:05.166000,12053,12054,12054,1
2019-12-19,16:21:05.166000,12053,12054,12055,12
2019-12-19,16:21:06.330000,12054,12055,12055,2
2019-12-19,16:21:07.732000,12054,12055,12054,1
2019-12-19,16:21:08.904000,12054,12055,12055,1
2019-12-19,16:21:09.831000,12054,12055,12055,1
2019-12-19,16:21:13.020000,12054,12055,12054,1
2019-12-19,16:21:27.822000,12054,12055,12054,1
2019-12-19,16:21:30.760000,12054,12055,12055,4
2019-12-19,16:21:37.580000,12054,12055,12055,3
2019-12-19,16:22:11.800000,12054,12055,12055,1
2019-12-19,16:22:14.938000,12054,12055,12055,1
2019-12-19,16:22:18.693000,12054,12055,12055,2
2019-12-19,16:22:25.258000,12054,12055,12055,1
2019-12-19,16:22:31.264000,12054,12055,12055,5
2019-12-19,16:22:32.451000,12054,12055,12055,1
2019-12-19,16:22:35.291000,12054,12055,12054,1
2019-12-19,16:22:44.563000,12054,12055,12055,5
2019-12-19,16:22:45.865000,12054,12055,12055,1
2019-12-19,16:22:46.271000,12054,12055,12054,1
2019-12-19,16:22:46.479000,12054,12055,12054,1
2019-12-19,16:22:59.111000,12054,12055,12054,1
2019-12-19,16:23:06.754000,12054,12055,12054,28
2019-12-19,16:23:14.840000,12053,12054,12053,1
2019-12-19,16:23:20.396000,12053,12054,12053,1
2019-12-19,16:23:40.781000,12053,12054,12054,2
2019-12-19,16:23:46.075000,12053,12054,12054,1
2019-12-19,16:23:53.081000,12053,12054,12054,1
2019-12-19,16:23:53.786000,12053,12054,12054,1
2019-12-19,16:24:04.903000,12053,12054,12054,2
2019-12-19,16:24:04.903000,12053,12054,12054,1
2019-12-19,16:24:05.765000,12053,12054,12054,1
2019-12-19,16:24:18.064000,12054,12055,12054,1
2019-12-19,16:24:18.113000,12054,12055,12055,5
2019-12-19,16:24:20.638000,12054,12055,12055,1
2019-12-19,16:24:21.460000,12054,12055,12055,4
2019-12-19,16:24:21.905000,12054,12055,12054,1
2019-12-19,16:24:28.937000,12054,12055,12055,5
2019-12-19,16:24:35.274000,12054,12055,12054,28
2019-12-19,16:24:44.782000,12054,12055,12054,2
2019-12-19,16:24:48.042000,12054,12055,12054,5
2019-12-19,16:24:49.295000,12054,12055,12054,10
2019-12-19,16:24:52.299000,12054,12055,12054,2
2019-12-19,16:24:53.391000,12054,12055,12054,1
2019-12-19,16:24:54.143000,12054,12055,12054,1
2019-12-19,16:24:54.187000,12054,12055,12055,1
2019-12-19,16:24:55.254000,12054,12055,12054,1
2019-12-19,16:25:00.711000,12054,12055,12054,5
2019-12-19,16:25:03.068000,12054,12055,12055,1
2019-12-19,16:25:03.482000,12054,12055,12054,1
2019-12-19,16:25:04.395000,12054,12055,12055,1
2019-12-19,16:25:05.935000,12054,12055,12054,1
2019-12-19,16:25:07.031000,12054,12055,12054,1
2019-12-19,16:25:07.128000,12054,12055,12054,13
2019-12-19,16:25:07.253000,12054,12055,12054,2
2019-12-19,16:25:12.048000,12053,12054,12054,5
2019-12-19,16:25:16.741000,12053,12054,12054,5
2019-12-19,16:25:36.438000,12053,12054,12054,1
2019-12-19,16:25:45.677000,12053,12054,12053,1
2019-12-19,16:25:45.685000,12053,12054,12054,1
2019-12-19,16:25:52.643000,12053,12054,12054,2
2019-12-19,16:26:02.303000,12053,12054,12054,4
2019-12-19,16:26:03.649000,12053,12054,12054,5
2019-12-19,16:26:07.025000,12053,12054,12054,1
2019-12-19,16:26:07.752000,12053,12054,12054,1
2019-12-19,16:26:08.391000,12053,12054,12054,1
2019-12-19,16:26:12.901000,12053,12054,12054,4
2019-12-19,16:26:16.294000,12053,12054,12053,2
2019-12-19,16:26:16.543000,12053,12054,12054,2
2019-12-19,16:26:38.428000,12053,12054,12053,39
2019-12-19,16:26:42.213000,12052,12053,12052,1
2019-12-19,16:26:42.414000,12052,12053,12052,5
2019-12-19,16:26:47.058000,12052,12053,12052,1
2019-12-19,16:26:47.422000,12052,12053,12052,1
2019-12-19,16:26:49.042000,12052,12053,12052,1
2019-12-19,16:26:50.757000,12052,12053,12052,1
2019-12-19,16:26:52.310000,12052,12053,12052,1
2019-12-19,16:26:52.632000,12052,12053,12052,1
2019-12-19,16:26:52.690000,12052,12053,12053,1
2019-12-19,16:26:52.719000,12052,12053,12053,1
2019-12-19,16:26:54.010000,12052,12053,12052,1
2019-12-19,16:26:54.379000,12052,12053,12052,15
2019-12-19,16:26:55.370000,12051,12052,12051,1
2019-12-19,16:26:55.500000,12051,12052,12051,1
2019-12-19,16:27:02.733000,12051,12052,12052,1
2019-12-19,16:27:02.774000,12051,12052,12051,5
2019-12-19,16:27:05.596000,12051,12052,12051,1
2019-12-19,16:27:09.127000,12051,12052,12051,2
2019-12-19,16:27:09.366000,12051,12052,12051,2
2019-12-19,16:27:17.024000,12051,12052,12051,1
2019-12-19,16:27:17.392000,12051,12052,12051,1
2019-12-19,16:27:25.784000,12051,12052,12052,1
2019-12-19,16:27:25.878000,12051,12052,12052,1
2019-12-19,16:27:25.878000,12051,12052,12052,1
2019-12-19,16:27:25.878000,12051,12052,12052,1
2019-12-19,16:27:32.838000,12051,12052,12052,4
2019-12-19,16:27:34.452000,12052,12053,12053,1
2019-12-19,16:27:38.523000,12052,12053,12053,1
2019-12-19,16:27:39.716000,12052,12053,12053,6
2019-12-19,16:27:45.650000,12052,12053,12052,1
2019-12-19,16:27:47.558000,12052,12053,12052,1
2019-12-19,16:28:03.987000,12052,12053,12052,1
2019-12-19,16:28:04.062000,12052,12053,12052,6
2019-12-19,16:28:11.701000,12051,12052,12051,1
2019-12-19,16:28:11.701000,12051,12052,12051,3
2019-12-19,16:28:11.701000,12051,12052,12051,14
2019-12-19,16:28:11.701000,12051,12052,12051,2
2019-12-19,16:28:11.701000,12051,12052,12051,1
2019-12-19,16:28:11.701000,12051,12052,12051,2
2019-12-19,16:28:11.701000,12051,12052,12051,4
2019-12-19,16:28:11.701000,12051,12052,12051,3
2019-12-19,16:28:11.702000,12051,12052,12051,4
2019-12-19,16:28:11.702000,12051,12052,12051,1
2019-12-19,16:28:11.702000,12051,12052,12051,3
2019-12-19,16:28:11.702000,12051,12052,12051,1
2019-12-19,16:28:11.702000,12051,12052,12051,3
2019-12-19,16:28:11.704000,12051,12052,12051,2
2019-12-19,16:28:11.704000,12051,12052,12051,2
2019-12-19,16:28:14.714000,12050,12051,12051,1
2019-12-19,16:28:21.580000,12050,12051,12050,2
2019-12-19,16:28:21.670000,12050,12051,12050,1
2019-12-19,16:28:32.583000,12050,12051,12050,5
2019-12-19,16:28:32.651000,12050,12051,12050,1
2019-12-19,16:28:36.686000,12050,12051,12050,1
2019-12-19,16:28:38.592000,12050,12051,12050,1
2019-12-19,16:28:39.506000,12050,12051,12050,1
2019-12-19,16:28:39.688000,12050,12051,12050,1
2019-12-19,16:28:41.963000,12050,12051,12050,1
2019-12-19,16:28:45.018000,12050,12051,12050,1
2019-12-19,16:28:45.813000,12050,12051,12050,1
2019-12-19,16:28:49.290000,12050,12051,12050,1
2019-12-19,16:28:51.915000,12050,12051,12050,1
2019-12-19,16:28:54.372000,12050,12051,12050,2
2019-12-19,16:28:58.602000,12050,12051,12050,1
2019-12-19,16:29:02.228000,12049,12050,12050,4
2019-12-19,16:29:05.087000,12049,12050,12049,2
2019-12-19,16:29:06.031000,12049,12050,12049,2
2019-12-19,16:29:08.657000,12049,12050,12049,1
2019-12-19,16:29:13.331000,12049,12050,12049,3
2019-12-19,16:29:14.062000,12049,12050,12050,2
2019-12-19,16:29:15.984000,12049,12050,12050,2
2019-12-19,16:29:18.638000,12049,12050,12050,3
2019-12-19,16:29:21.820000,12049,12050,12049,11
2019-12-19,16:29:26.651000,12048,12049,12048,1
2019-12-19,16:29:28.100000,12048,12049,12048,2
2019-12-19,16:29:30.933000,12048,12049,12049,1
2019-12-19,16:29:37.218000,12048,12049,12048,1
2019-12-19,16:29:39.399000,12048,12049,12048,2
2019-12-19,16:29:43.780000,12048,12049,12048,1
2019-12-19,16:29:45.234000,12048,12049,12048,1
2019-12-19,16:29:46.002000,12048,12049,12048,1
2019-12-19,16:29:46.285000,12048,12049,12048,1
2019-12-19,16:29:47.510000,12048,12049,12049,1
2019-12-19,16:29:49.502000,12048,12049,12048,7
2019-12-19,16:29:55.253000,12047,12048,12047,2
2019-12-19,16:29:55.407000,12047,12048,12048,1
2019-12-19,16:29:55.782000,12047,12048,12048,2
2019-12-19,16:29:58.056000,12047,12048,12048,2
2019-12-19,16:29:58.056000,12047,12048,12049,32
2019-12-19,16:29:58.128000,12048,12049,12049,2
2019-12-19,16:29:58.128000,12048,12049,12049,4
2019-12-19,16:29:58.253000,12049,12050,12050,4
2019-12-19,16:29:58.872000,12049,12050,12050,4
2019-12-19,16:30:01.033000,12049,12050,12050,2
2019-12-19,16:30:02.371000,12049,12050,12049,1
2019-12-19,16:30:05.234000,12048,12050,12050,3
2019-12-19,16:30:05.262000,12048,12050,12050,3
2019-12-19,16:30:05.262000,12048,12050,12050,3
2019-12-19,16:30:05.262000,12048,12050,12050,1
2019-12-19,16:30:05.262000,12048,12050,12050,1
2019-12-19,16:30:05.262000,12048,12050,12050,5
2019-12-19,16:30:05.263000,12048,12050,12050,3
2019-12-19,16:30:05.263000,12048,12050,12050,3
2019-12-19,16:30:05.271000,12048,12050,12050,3
2019-12-19,16:30:05.271000,12048,12050,12051,3
2019-12-19,16:30:05.275000,12048,12050,12051,3
2019-12-19,16:30:05.276000,12048,12050,12051,3
2019-12-19,16:30:05.276000,12048,12050,12051,3
2019-12-19,16:30:05.276000,12048,12050,12051,1
2019-12-19,16:30:05.277000,12048,12050,12051,5
2019-12-19,16:30:05.286000,12048,12050,12051,1
2019-12-19,16:30:05.400000,12050,12051,12050,2
2019-12-19,16:30:05.456000,12050,12051,12050,4
2019-12-19,16:30:05.503000,12050,12051,12050,2
2019-12-19,16:30:05.624000,12050,12051,12050,1
2019-12-19,16:30:05.628000,12050,12051,12050,2
2019-12-19,16:30:06.609000,12049,12050,12049,1
2019-12-19,16:30:08.241000,12049,12050,12050,1
2019-12-19,16:30:14.379000,12049,12050,12049,3
2019-12-19,16:30:14.503000,12049,12050,12049,1
2019-12-19,16:30:19.595000,12048,12049,12048,4
2019-12-19,16:30:20.405000,12048,12049,12048,1
2019-12-19,16:30:21.047000,12048,12049,12049,1
2019-12-19,16:30:22.449000,12048,12049,12048,5
2019-12-19,16:30:22.558000,12047,12049,12047,2
2019-12-19,16:30:22.700000,12047,12048,12047,2
2019-12-19,16:30:23.279000,12047,12048,12047,5
2019-12-19,16:30:24.048000,12047,12048,12047,2
2019-12-19,16:30:27.803000,12046,12047,12046,2
2019-12-19,16:30:27.803000,12046,12047,12046,1
2019-12-19,16:30:27.807000,12046,12047,12046,19
2019-12-19,16:30:28.006000,12045,12046,12045,2
2019-12-19,16:30:28.243000,12045,12046,12045,1
2019-12-19,16:30:28.321000,12045,12046,12045,1
2019-12-19,16:30:28.407000,12045,12046,12045,1
2019-12-19,16:30:28.520000,12045,12046,12045,6
2019-12-19,16:30:28.861000,12045,12046,12045,1
2019-12-19,16:30:29.003000,12045,12046,12045,3
2019-12-19,16:30:29.003000,12045,12046,12045,5
2019-12-19,16:30:29.006000,12045,12046,12045,1
2019-12-19,16:30:29.272000,12044,12045,12044,1
2019-12-19,16:30:29.338000,12044,12045,12044,1
2019-12-19,16:30:29.859000,12044,12045,12044,1
2019-12-19,16:30:30.216000,12044,12045,12044,2
2019-12-19,16:30:30.445000,12044,12045,12044,2
2019-12-19,16:30:30.537000,12044,12045,12044,1
2019-12-19,16:30:30.601000,12044,12045,12044,1
2019-12-19,16:30:31.070000,12043,12045,12043,1
2019-12-19,16:30:31.253000,12043,12044,12043,11
2019-12-19,16:30:32.270000,12042,12043,12043,3
2019-12-19,16:30:32.333000,12042,12043,12042,1
2019-12-19,16:30:32.397000,12042,12043,12042,1
2019-12-19,16:30:32.522000,12042,12043,12043,1
2019-12-19,16:30:32.744000,12042,12043,12042,2
2019-12-19,16:30:32.924000,12042,12043,12042,2
2019-12-19,16:30:33.086000,12042,12043,12042,1
2019-12-19,16:30:33.834000,12042,12043,12042,2
2019-12-19,16:30:34.040000,12042,12043,12042,2
2019-12-19,16:30:34.464000,12042,12043,12042,1
2019-12-19,16:30:34.734000,12042,12043,12042,1
2019-12-19,16:30:34.753000,12042,12043,12042,20
2019-12-19,16:30:34.878000,12042,12043,12042,2
2019-12-19,16:30:35.341000,12041,12042,12041,1
2019-12-19,16:30:35.872000,12041,12042,12042,4
2019-12-19,16:30:36.264000,12041,12042,12041,5
2019-12-19,16:30:36.668000,12041,12042,12041,1
2019-12-19,16:30:36.913000,12041,12042,12041,1
2019-12-19,16:30:38.085000,12041,12042,12041,1
2019-12-19,16:30:39.684000,12041,12042,12042,2
2019-12-19,16:30:41.409000,12041,12042,12041,11
2019-12-19,16:30:42.152000,12041,12042,12042,1
2019-12-19,16:30:43.228000,12041,12042,12041,1
2019-12-19,16:30:44.934000,12041,12042,12041,10
2019-12-19,16:30:46.751000,12041,12042,12041,2
2019-12-19,16:30:47.438000,12041,12042,12042,6
2019-12-19,16:30:47.700000,12042,12043,12042,2
2019-12-19,16:30:47.803000,12042,12043,12042,1
2019-12-19,16:30:48.291000,12042,12043,12042,2
2019-12-19,16:30:49.050000,12042,12043,12042,6
2019-12-19,16:30:49.967000,12042,12043,12042,6
2019-12-19,16:30:51.540000,12042,12043,12042,4
2019-12-19,16:30:51.631000,12042,12043,12042,1
2019-12-19,16:30:51.779000,12042,12043,12042,1
2019-12-19,16:30:51.990000,12041,12043,12042,1
2019-12-19,16:30:53.993000,12042,12043,12042,2
2019-12-19,16:30:55.253000,12042,12043,12043,6
2019-12-19,16:30:56.628000,12043,12044,12044,2
2019-12-19,16:30:56.876000,12043,12045,12045,1
2019-12-19,16:30:57.426000,12043,12045,12045,2
2019-12-19,16:31:00.993000,12044,12045,12044,3
2019-12-19,16:31:01.404000,12044,12045,12045,1
2019-12-19,16:31:02.728000,12044,12045,12044,2
2019-12-19,16:31:02.728000,12044,12045,12043,8
2019-12-19,16:31:05.351000,12043,12044,12044,1
2019-12-19,16:31:08.160000,12043,12044,12043,1
2019-12-19,16:31:12.742000,12043,12044,12044,1
2019-12-19,16:31:12.962000,12043,12044,12044,4
2019-12-19,16:31:13.257000,12044,12045,12044,1
2019-12-19,16:31:17.188000,12044,12045,12044,2
2019-12-19,16:31:17.591000,12044,12045,12044,1
2019-12-19,16:31:18.166000,12044,12045,12044,4
2019-12-19,16:31:18.180000,12044,12045,12044,1
2019-12-19,16:31:24.671000,12043,12044,12044,1
2019-12-19,16:31:24.836000,12043,12044,12044,1
2019-12-19,16:31:27.301000,12043,12044,12044,4
2019-12-19,16:31:27.378000,12043,12044,12044,9
2019-12-19,16:31:30.066000,12043,12045,12043,1
2019-12-19,16:31:32.990000,12044,12045,12044,1
2019-12-19,16:31:38.783000,12044,12045,12044,1
2019-12-19,16:31:39.532000,12043,12045,12045,1
2019-12-19,16:31:40.705000,12044,12045,12045,1
2019-12-19,16:31:47.126000,12044,12045,12045,4
2019-12-19,16:31:48.022000,12044,12045,12045,1
2019-12-19,16:32:02.753000,12044,12045,12044,1
2019-12-19,16:32:03.867000,12044,12045,12045,1
2019-12-19,16:32:06.982000,12044,12045,12044,1
2019-12-19,16:32:07.004000,12044,12045,12044,6
2019-12-19,16:32:21.312000,12044,12045,12044,1
2019-12-19,16:32:23.283000,12044,12045,12044,1
2019-12-19,16:32:23.302000,12044,12045,12044,1
2019-12-19,16:32:23.306000,12044,12045,12044,1
2019-12-19,16:32:23.378000,12044,12045,12044,1
2019-12-19,16:32:26.145000,12043,12044,12043,1
2019-12-19,16:32:26.689000,12043,12044,12043,4
2019-12-19,16:32:30.632000,12043,12044,12043,1
2019-12-19,16:32:38.249000,12043,12044,12043,1
2019-12-19,16:32:43.676000,12043,12044,12043,6
2019-12-19,16:32:45.479000,12043,12044,12043,1
2019-12-19,16:32:45.822000,12043,12044,12043,1
2019-12-19,16:32:49.303000,12043,12044,12044,5
2019-12-19,16:32:49.378000,12043,12044,12044,1
2019-12-19,16:32:49.454000,12043,12044,12044,1
2019-12-19,16:32:49.628000,12044,12045,12044,1
2019-12-19,16:32:51.757000,12043,12044,12043,1
2019-12-19,16:33:05.386000,12043,12044,12044,2
2019-12-19,16:33:06.136000,12043,12044,12044,1
2019-12-19,16:33:11.898000,12043,12044,12043,3
2019-12-19,16:33:19.628000,12043,12044,12044,4
2019-12-19,16:33:19.753000,12043,12044,12044,1
2019-12-19,16:33:23.886000,12044,12045,12044,1
2019-12-19,16:33:24.867000,12044,12045,12044,2
2019-12-19,16:33:43.602000,12044,12045,12044,1
2019-12-19,16:33:45.365000,12044,12045,12044,2
2019-12-19,16:33:48.904000,12044,12045,12044,1
2019-12-19,16:33:49.791000,12044,12045,12044,6
2019-12-19,16:33:49.791000,12044,12045,12043,1
2019-12-19,16:33:51.939000,12044,12045,12044,1
2019-12-19,16:33:55.608000,12044,12045,12044,1
2019-12-19,16:33:57.262000,12044,12045,12044,5
2019-12-19,16:34:06.053000,12043,12044,12044,1
2019-12-19,16:34:06.526000,12043,12045,12043,2
2019-12-19,16:34:08.589000,12043,12044,12044,1
2019-12-19,16:34:12.686000,12043,12044,12044,1
2019-12-19,16:34:12.963000,12043,12045,12043,2
2019-12-19,16:34:25.641000,12044,12045,12044,1
2019-12-19,16:34:30.701000,12043,12044,12044,1
2019-12-19,16:34:39.014000,12043,12044,12044,2
2019-12-19,16:34:39.953000,12043,12044,12044,4
2019-12-19,16:34:42.623000,12043,12044,12044,1
2019-12-19,16:34:43.122000,12043,12044,12044,1
2019-12-19,16:34:43.742000,12043,12044,12043,1
2019-12-19,16:35:07.716000,12043,12044,12043,5
2019-12-19,16:35:15.475000,12043,12044,12044,3
2019-12-19,16:35:15.867000,12043,12044,12043,1
2019-12-19,16:35:17.450000,12043,12044,12044,2
2019-12-19,16:35:19.274000,12044,12045,12044,1
2019-12-19,16:35:22.651000,12043,12044,12043,3
2019-12-19,16:35:34.046000,12043,12044,12043,37
2019-12-19,16:35:34.204000,12042,12043,12042,4
2019-12-19,16:35:34.209000,12042,12043,12042,4
2019-12-19,16:35:34.649000,12042,12043,12042,6
2019-12-19,16:35:34.652000,12042,12043,12042,1
2019-12-19,16:35:34.755000,12042,12043,12042,1
2019-12-19,16:35:37.248000,12041,12043,12043,1
2019-12-19,16:35:42.495000,12042,12043,12042,1
2019-12-19,16:35:45.052000,12042,12043,12042,1
2019-12-19,16:35:45.842000,12042,12043,12043,1
2019-12-19,16:35:50.711000,12042,12043,12042,11
2019-12-19,16:35:53.081000,12042,12043,12042,3
2019-12-19,16:35:54.642000,12041,12042,12041,2
2019-12-19,16:35:55.182000,12041,12042,12042,1
2019-12-19,16:35:55.185000,12041,12042,12041,1
2019-12-19,16:36:03.511000,12041,12042,12041,1
2019-12-19,16:36:05.675000,12041,12042,12041,2
2019-12-19,16:36:10.031000,12041,12042,12041,1
2019-12-19,16:36:10.434000,12041,12042,12041,2
2019-12-19,16:36:12.195000,12041,12042,12042,1
2019-12-19,16:36:18.649000,12041,12042,12042,2
2019-12-19,16:36:18.799000,12041,12042,12041,5
2019-12-19,16:36:21.646000,12041,12042,12041,2
2019-12-19,16:36:22.878000,12041,12042,12042,4
2019-12-19,16:36:22.878000,12041,12042,12042,8
2019-12-19,16:36:22.878000,12041,12042,12042,4
2019-12-19,16:36:22.879000,12041,12042,12042,22
2019-12-19,16:36:24.480000,12042,12043,12042,2
2019-12-19,16:36:27.013000,12042,12043,12043,1
2019-12-19,16:36:27.588000,12042,12043,12043,1
2019-12-19,16:36:27.833000,12042,12043,12043,1
2019-12-19,16:36:27.882000,12042,12043,12043,35
2019-12-19,16:36:30.693000,12043,12044,12044,1
2019-12-19,16:36:33.610000,12043,12044,12044,1
2019-12-19,16:36:38.855000,12043,12044,12043,1
2019-12-19,16:36:39.980000,12043,12044,12044,1
2019-12-19,16:36:44.595000,12043,12044,12044,1
2019-12-19,16:36:45.642000,12043,12044,12044,1
2019-12-19,16:36:50.811000,12043,12044,12044,1
2019-12-19,16:36:56.467000,12043,12044,12044,1
2019-12-19,16:36:59.632000,12043,12044,12044,1
2019-12-19,16:37:13.148000,12043,12044,12043,1
2019-12-19,16:37:38.511000,12043,12044,12044,2
2019-12-19,16:37:38.525000,12043,12044,12045,1
2019-12-19,16:37:40.084000,12044,12045,12044,1
2019-12-19,16:37:53.709000,12044,12045,12045,1
2019-12-19,16:38:03.638000,12044,12045,12045,1
2019-12-19,16:38:07.824000,12044,12045,12045,1
2019-12-19,16:38:11.254000,12044,12045,12045,1
2019-12-19,16:38:18.014000,12044,12045,12045,3
2019-12-19,16:38:18.976000,12044,12045,12044,1
2019-12-19,16:38:34.277000,12044,12045,12044,1
2019-12-19,16:39:04.549000,12044,12045,12044,3
2019-12-19,16:39:09.170000,12044,12045,12044,1
2019-12-19,16:39:09.368000,12044,12045,12044,1
2019-12-19,16:39:09.476000,12044,12045,12045,2
2019-12-19,16:39:36.262000,12044,12045,12044,4
2019-12-19,16:39:42.771000,12043,12044,12043,3
2019-12-19,16:40:08.949000,12043,12044,12043,1
2019-12-19,16:40:43.516000,12044,12045,12044,2
2019-12-19,16:40:50.199000,12043,12044,12044,1
2019-12-19,16:40:51.031000,12043,12044,12044,1
2019-12-19,16:40:51.973000,12043,12044,12044,1
2019-12-19,16:40:54.170000,12043,12044,12044,2
2019-12-19,16:40:57.396000,12043,12044,12043,16
2019-12-19,16:40:58.742000,12042,12043,12043,1
2019-12-19,16:41:01.719000,12042,12043,12042,1
2019-12-19,16:41:01.762000,12042,12043,12042,4
2019-12-19,16:41:01.980000,12041,12043,12041,2
2019-12-19,16:41:01.980000,12041,12043,12041,4
2019-12-19,16:41:01.980000,12041,12043,12041,3
2019-12-19,16:41:01.980000,12041,12043,12041,2
2019-12-19,16:41:01.980000,12041,12043,12041,1
2019-12-19,16:41:01.980000,12041,12043,12041,3
2019-12-19,16:41:01.981000,12041,12043,12041,3
2019-12-19,16:41:01.981000,12041,12043,12041,3
2019-12-19,16:41:01.981000,12041,12043,12041,4
2019-12-19,16:41:01.981000,12041,12043,12041,3
2019-12-19,16:41:01.982000,12041,12043,12041,2
2019-12-19,16:41:01.983000,12041,12043,12041,2
2019-12-19,16:41:02.070000,12040,12041,12041,14
2019-12-19,16:41:02.070000,12040,12041,12041,1
2019-12-19,16:41:02.070000,12040,12041,12041,1
2019-12-19,16:41:02.071000,12040,12041,12041,1
2019-12-19,16:41:02.071000,12040,12041,12041,1
2019-12-19,16:41:02.071000,12040,12041,12041,1
2019-12-19,16:41:02.071000,12040,12041,12041,2
2019-12-19,16:41:02.071000,12040,12041,12041,1
2019-12-19,16:41:02.071000,12040,12041,12041,1
2019-12-19,16:41:02.071000,12040,12041,12041,1
2019-12-19,16:41:02.074000,12040,12041,12041,1
2019-12-19,16:41:02.268000,12040,12041,12041,1
2019-12-19,16:41:02.274000,12040,12041,12041,1
2019-12-19,16:41:02.274000,12040,12041,12040,2
2019-12-19,16:41:03.032000,12040,12041,12040,3
2019-12-19,16:41:12.196000,12040,12041,12040,15
2019-12-19,16:41:15.882000,12040,12041,12040,1
2019-12-19,16:41:16.379000,12040,12041,12040,12
2019-12-19,16:41:18.250000,12039,12040,12040,1
2019-12-19,16:41:19.687000,12039,12040,12040,1
2019-12-19,16:41:19.983000,12039,12040,12040,1
2019-12-19,16:41:20.128000,12039,12040,12040,1
2019-12-19,16:41:20.770000,12040,12041,12040,4
2019-12-19,16:41:21.133000,12040,12041,12040,5
2019-12-19,16:41:22.730000,12039,12040,12039,10
2019-12-19,16:41:22.904000,12039,12040,12039,1
2019-12-19,16:41:23.961000,12039,12040,12040,2
2019-12-19,16:41:27.011000,12039,12040,12039,1
2019-12-19,16:41:27.914000,12039,12040,12039,5
2019-12-19,16:41:31.138000,12039,12040,12039,5
2019-12-19,16:41:31.206000,12039,12040,12039,3
2019-12-19,16:41:31.364000,12039,12040,12039,1
2019-12-19,16:41:31.381000,12039,12040,12039,5
2019-12-19,16:41:31.899000,12039,12040,12039,2
2019-12-19,16:41:32.313000,12038,12040,12038,5
2019-12-19,16:41:32.431000,12038,12040,12038,2
2019-12-19,16:41:32.433000,12038,12040,12038,1
2019-12-19,16:41:32.543000,12038,12040,12039,1
2019-12-19,16:41:32.543000,12038,12040,12038,4
2019-12-19,16:41:33.351000,12038,12039,12038,1
2019-12-19,16:41:33.358000,12038,12039,12038,1
2019-12-19,16:41:36.585000,12038,12039,12038,10
2019-12-19,16:41:37.152000,12038,12039,12038,2
2019-12-19,16:41:38.289000,12038,12039,12038,5
2019-12-19,16:41:39.616000,12038,12039,12038,1
2019-12-19,16:41:42.894000,12038,12039,12038,1
2019-12-19,16:41:42.953000,12038,12039,12038,1
2019-12-19,16:41:43.931000,12038,12039,12038,10
2019-12-19,16:41:44.399000,12038,12039,12038,1
2019-12-19,16:41:45.097000,12038,12039,12038,2
2019-12-19,16:41:45.657000,12037,12038,12038,1
2019-12-19,16:41:47.085000,12037,12038,12038,1
2019-12-19,16:41:49.554000,12037,12038,12037,1
2019-12-19,16:41:49.746000,12037,12038,12037,2
2019-12-19,16:41:49.754000,12037,12038,12038,8
2019-12-19,16:41:49.795000,12037,12038,12038,1
2019-12-19,16:41:49.910000,12038,12039,12038,1
2019-12-19,16:41:49.932000,12038,12039,12037,1
2019-12-19,16:41:50.291000,12037,12039,12037,4
2019-12-19,16:41:52.276000,12037,12038,12037,2
2019-12-19,16:41:53.406000,12037,12038,12037,2
2019-12-19,16:41:54.142000,12037,12038,12037,2
2019-12-19,16:41:54.433000,12037,12038,12037,2
2019-12-19,16:41:54.503000,12037,12038,12037,2
2019-12-19,16:41:54.972000,12037,12038,12037,2
2019-12-19,16:41:55.070000,12037,12038,12037,1
2019-12-19,16:41:55.070000,12037,12038,12036,3
2019-12-19,16:41:55.173000,12036,12037,12036,2
2019-12-19,16:41:55.173000,12036,12037,12036,1
2019-12-19,16:41:55.180000,12036,12037,12036,2
2019-12-19,16:41:55.372000,12036,12037,12036,2
2019-12-19,16:41:55.576000,12036,12037,12036,1
2019-12-19,16:41:55.577000,12036,12037,12037,1
2019-12-19,16:41:55.806000,12036,12037,12036,2
2019-12-19,16:41:56.098000,12036,12037,12037,1
2019-12-19,16:41:56.899000,12036,12037,12037,1
2019-12-19,16:41:57.436000,12036,12037,12036,1
2019-12-19,16:41:58.418000,12036,12037,12036,1
2019-12-19,16:41:58.890000,12036,12037,12036,2
2019-12-19,16:42:01.229000,12036,12037,12036,1
2019-12-19,16:42:04.251000,12036,12037,12036,5
2019-12-19,16:42:05.745000,12036,12037,12037,1
2019-12-19,16:42:05.748000,12036,12037,12036,2
2019-12-19,16:42:07.136000,12036,12037,12036,1
2019-12-19,16:42:07.555000,12036,12037,12036,1
2019-12-19,16:42:07.891000,12036,12037,12037,1
2019-12-19,16:42:08.932000,12036,12037,12036,1
2019-12-19,16:42:09.906000,12036,12037,12036,2
2019-12-19,16:42:11.175000,12036,12037,12036,12
2019-12-19,16:42:12.868000,12036,12037,12037,1
2019-12-19,16:42:14.201000,12036,12037,12037,4
2019-12-19,16:42:14.201000,12036,12037,12038,6
2019-12-19,16:42:18.610000,12037,12038,12038,1
2019-12-19,16:42:18.652000,12037,12038,12038,2
2019-12-19,16:42:18.653000,12037,12038,12038,2
2019-12-19,16:42:22.227000,12037,12038,12038,2
2019-12-19,16:42:24.201000,12037,12038,12038,1
2019-12-19,16:42:27.452000,12037,12038,12038,1
2019-12-19,16:42:28.309000,12038,12039,12038,1
2019-12-19,16:42:31.418000,12038,12039,12038,2
2019-12-19,16:42:32.878000,12038,12039,12038,1
2019-12-19,16:42:36.193000,12038,12039,12039,3
2019-12-19,16:42:37.223000,12038,12039,12039,1
2019-12-19,16:42:44.198000,12038,12039,12039,1
2019-12-19,16:42:47.642000,12038,12039,12038,4
2019-12-19,16:42:50.280000,12037,12039,12037,1
2019-12-19,16:42:52.749000,12037,12038,12037,3
2019-12-19,16:42:54.556000,12037,12038,12037,2
2019-12-19,16:42:54.784000,12037,12038,12037,4
2019-12-19,16:42:56.202000,12037,12038,12037,2
2019-12-19,16:42:56.258000,12037,12038,12037,2
2019-12-19,16:43:00.429000,12037,12038,12038,1
2019-12-19,16:43:04.738000,12037,12038,12038,3
2019-12-19,16:43:09.943000,12037,12038,12038,1
2019-12-19,16:43:11.947000,12037,12038,12038,3
2019-12-19,16:43:12.104000,12037,12038,12037,1
2019-12-19,16:43:16.733000,12037,12038,12038,1
2019-12-19,16:43:18.279000,12037,12038,12038,3
2019-12-19,16:43:20.476000,12037,12038,12038,1
2019-12-19,16:43:27.222000,12037,12038,12038,1
2019-12-19,16:43:27.332000,12037,12038,12038,1
2019-12-19,16:43:29.177000,12037,12038,12037,1
2019-12-19,16:43:29.369000,12037,12038,12037,1
2019-12-19,16:43:30.564000,12037,12038,12038,1
2019-12-19,16:43:35.614000,12037,12038,12038,1
2019-12-19,16:43:40.985000,12037,12038,12038,13
2019-12-19,16:43:41.399000,12038,12039,12038,2
2019-12-19,16:43:42.767000,12038,12039,12038,4
2019-12-19,16:43:43.729000,12037,12039,12037,1
2019-12-19,16:43:48.509000,12037,12038,12037,3
2019-12-19,16:43:55.214000,12037,12038,12038,1
2019-12-19,16:43:55.653000,12037,12038,12038,1
2019-12-19,16:44:03.266000,12037,12038,12037,1
2019-12-19,16:44:09.329000,12037,12038,12037,1
2019-12-19,16:44:13.590000,12037,12038,12037,1
2019-12-19,16:44:15.344000,12037,12038,12038,2
2019-12-19,16:44:19.326000,12037,12038,12037,1
2019-12-19,16:44:22.818000,12037,12038,12038,2
2019-12-19,16:44:23.055000,12037,12038,12038,1
2019-12-19,16:44:28.075000,12037,12038,12038,1
2019-12-19,16:44:34.096000,12037,12038,12038,1
2019-12-19,16:44:36.821000,12037,12038,12038,1
2019-12-19,16:44:37.515000,12037,12038,12037,1
2019-12-19,16:44:39.757000,12037,12038,12037,1
2019-12-19,16:44:43.452000,12037,12038,12038,2
2019-12-19,16:44:46.788000,12037,12038,12038,5
2019-12-19,16:44:52.606000,12037,12038,12037,2
2019-12-19,16:44:53.028000,12037,12038,12037,1
2019-12-19,16:44:53.037000,12037,12038,12037,2
2019-12-19,16:44:53.194000,12037,12038,12037,2
2019-12-19,16:44:53.458000,12037,12038,12037,2
2019-12-19,16:44:54.150000,12037,12038,12037,1
2019-12-19,16:44:54.747000,12037,12038,12037,2
2019-12-19,16:44:55.149000,12037,12038,12037,2
2019-12-19,16:44:55.153000,12037,12038,12037,2
2019-12-19,16:44:55.253000,12037,12038,12037,14
2019-12-19,16:45:02.254000,12036,12037,12037,20
2019-12-19,16:45:02.255000,12036,12037,12037,1
2019-12-19,16:45:02.255000,12036,12037,12037,1
2019-12-19,16:45:02.255000,12036,12037,12037,1
2019-12-19,16:45:02.255000,12036,12037,12037,2
2019-12-19,16:45:02.256000,12036,12037,12037,2
2019-12-19,16:45:02.297000,12036,12037,12037,1
2019-12-19,16:45:02.387000,12036,12037,12037,1
2019-12-19,16:45:02.503000,12036,12037,12037,1
2019-12-19,16:45:05.242000,12036,12037,12037,2
2019-12-19,16:45:12.223000,12036,12037,12036,3
2019-12-19,16:45:12.260000,12036,12037,12037,4
2019-12-19,16:45:12.260000,12036,12037,12037,1
2019-12-19,16:45:12.263000,12036,12037,12038,3
2019-12-19,16:45:12.263000,12036,12037,12038,1
2019-12-19,16:45:12.263000,12036,12037,12038,3
2019-12-19,16:45:12.265000,12036,12037,12038,3
2019-12-19,16:45:12.266000,12036,12037,12038,5
2019-12-19,16:45:12.266000,12036,12037,12038,3
2019-12-19,16:45:12.266000,12036,12037,12038,3
2019-12-19,16:45:12.270000,12036,12037,12038,1
2019-12-19,16:45:12.270000,12036,12037,12038,3
2019-12-19,16:45:12.270000,12036,12037,12038,3
2019-12-19,16:45:12.271000,12036,12037,12038,3
2019-12-19,16:45:12.271000,12036,12037,12038,5
2019-12-19,16:45:12.282000,12036,12037,12038,1
2019-12-19,16:45:13.305000,12037,12038,12037,5
2019-12-19,16:45:13.966000,12037,12038,12037,1
2019-12-19,16:45:14.123000,12037,12038,12037,1
2019-12-19,16:45:19.503000,12037,12038,12037,1
2019-12-19,16:45:20.068000,12036,12037,12037,1
2019-12-19,16:45:26.016000,12036,12037,12036,1
2019-12-19,16:45:26.119000,12036,12037,12037,1
2019-12-19,16:45:27.009000,12036,12037,12036,3
2019-12-19,16:45:29.081000,12036,12037,12036,1
2019-12-19,16:45:36.848000,12036,12037,12036,4
2019-12-19,16:45:44.057000,12036,12037,12036,1
2019-12-19,16:45:47.270000,12036,12037,12036,1
2019-12-19,16:45:47.884000,12036,12037,12036,1
2019-12-19,16:45:54.283000,12036,12037,12037,1
2019-12-19,16:45:57.262000,12036,12037,12036,2
2019-12-19,16:46:09.029000,12036,12037,12037,1
2019-12-19,16:46:14.737000,12036,12037,12036,1
2019-12-19,16:46:31.080000,12036,12037,12036,1
2019-12-19,16:46:34.866000,12036,12037,12036,1
2019-12-19,16:46:42.906000,12036,12037,12036,1
2019-12-19,16:46:44.338000,12036,12037,12036,1
2019-12-19,16:46:44.581000,12036,12037,12036,24
2019-12-19,16:46:46.204000,12035,12036,12036,1
2019-12-19,16:46:50.485000,12035,12036,12035,1
2019-12-19,16:46:50.535000,12035,12036,12035,1
2019-12-19,16:46:50.539000,12035,12036,12035,1
2019-12-19,16:46:50.566000,12035,12036,12035,2
2019-12-19,16:46:51.750000,12035,12036,12035,1
2019-12-19,16:46:52.378000,12035,12036,12035,1
2019-12-19,16:46:56.707000,12035,12036,12036,1
2019-12-19,16:46:59.722000,12035,12036,12036,1
2019-12-19,16:47:04.652000,12035,12036,12035,3
2019-12-19,16:47:07.134000,12035,12036,12035,2
2019-12-19,16:47:10.992000,12035,12036,12035,1
2019-12-19,16:47:12.114000,12035,12036,12035,1
2019-12-19,16:47:12.565000,12035,12036,12036,1
2019-12-19,16:47:15.879000,12035,12036,12036,1
2019-12-19,16:47:16.545000,12035,12036,12035,2
2019-12-19,16:47:18.472000,12035,12036,12035,2
2019-12-19,16:47:18.474000,12035,12036,12035,4
2019-12-19,16:47:21.698000,12035,12036,12035,1
2019-12-19,16:47:27.346000,12035,12036,12036,2
2019-12-19,16:47:28.031000,12035,12036,12035,1
2019-12-19,16:47:32,12035,12036,12036,5
2019-12-19,16:47:32.103000,12035,12036,12036,1
2019-12-19,16:47:32.182000,12035,12036,12036,2
2019-12-19,16:47:36.253000,12036,12037,12037,3
2019-12-19,16:47:36.378000,12036,12037,12037,7
2019-12-19,16:47:39.174000,12036,12037,12037,6
2019-12-19,16:47:39.174000,12036,12037,12037,1
2019-12-19,16:47:54.131000,12036,12037,12037,1
2019-12-19,16:47:58.846000,12036,12037,12037,5
2019-12-19,16:47:59.062000,12036,12037,12037,2
2019-12-19,16:48:00.633000,12036,12037,12037,1
2019-12-19,16:48:00.705000,12036,12037,12037,1
2019-12-19,16:48:03.092000,12036,12037,12037,1
2019-12-19,16:48:04.610000,12036,12037,12037,1
2019-12-19,16:48:07.938000,12036,12037,12036,1
2019-12-19,16:48:13.170000,12036,12037,12036,1
2019-12-19,16:48:17.769000,12036,12037,12036,1
2019-12-19,16:48:19.564000,12036,12037,12037,2
2019-12-19,16:48:25.460000,12036,12037,12036,2
2019-12-19,16:48:26.904000,12036,12037,12036,1
2019-12-19,16:48:31.144000,12036,12037,12037,1
2019-12-19,16:48:31.784000,12036,12037,12036,3
2019-12-19,16:48:32.469000,12036,12037,12037,1
2019-12-19,16:48:37.693000,12036,12037,12037,1
2019-12-19,16:48:40.161000,12036,12037,12037,1
2019-12-19,16:48:41.699000,12036,12037,12036,3
2019-12-19,16:48:42.486000,12036,12037,12037,1
2019-12-19,16:48:43.150000,12036,12037,12036,14
2019-12-19,16:48:43.253000,12036,12037,12036,9
2019-12-19,16:48:43.587000,12035,12036,12035,4
2019-12-19,16:48:43.597000,12035,12036,12035,4
2019-12-19,16:48:44.546000,12035,12036,12036,1
2019-12-19,16:48:52.166000,12035,12036,12036,1
2019-12-19,16:48:53.657000,12035,12036,12036,3
2019-12-19,16:48:53.657000,12035,12036,12036,1
2019-12-19,16:48:54.038000,12036,12037,12036,1
2019-12-19,16:48:54.250000,12035,12036,12036,1
2019-12-19,16:48:54.335000,12036,12037,12036,1
2019-12-19,16:48:54.757000,12036,12037,12036,1
2019-12-19,16:48:55.121000,12036,12037,12036,7
2019-12-19,16:48:59.247000,12035,12036,12036,1
2019-12-19,16:48:59.721000,12035,12036,12036,7
2019-12-19,16:48:59.721000,12035,12036,12036,6
2019-12-19,16:49:01.191000,12036,12037,12036,10
2019-12-19,16:49:02.584000,12036,12037,12036,5
2019-12-19,16:49:18.038000,12036,12037,12036,14
2019-12-19,16:49:18.484000,12035,12036,12036,2
2019-12-19,16:49:18.983000,12035,12036,12036,1
2019-12-19,16:49:28.132000,12035,12036,12036,2
2019-12-19,16:49:31.071000,12035,12036,12036,1
2019-12-19,16:49:32.983000,12035,12036,12036,1
2019-12-19,16:49:41.931000,12035,12036,12036,1
2019-12-19,16:49:51.792000,12035,12036,12036,1
2019-12-19,16:49:55.651000,12035,12036,12036,1
2019-12-19,16:49:56.302000,12035,12036,12036,1
2019-12-19,16:50:06.443000,12035,12036,12036,1
2019-12-19,16:50:12.172000,12035,12036,12036,1
2019-12-19,16:50:12.531000,12035,12036,12036,1
