2021-11-25 15:00:00.053,17667,17668,17667,55,-55
2021-11-25 15:00:00.218,17667,17668,17667,1,-1
2021-11-25 15:00:00.229,17667,17668,17667,5,-5
2021-11-25 15:00:00.401,17667,17668,17668,1,1
2021-11-25 15:00:00.414,17667,17668,17668,4,4
2021-11-25 15:00:00.471,17667,17668,17668,2,2
2021-11-25 15:00:00.483,17667,17668,17668,1,1
2021-11-25 15:00:00.540,17667,17668,17668,1,1
2021-11-25 15:00:00.541,17667,17668,17668,1,1
2021-11-25 15:00:00.614,17667,17668,17669,3,3
2021-11-25 15:00:00.614,17667,17668,17670,2,2
2021-11-25 15:00:00.614,17667,17668,17671,3,3
2021-11-25 15:00:00.764,17670,17672,17672,2,2
2021-11-25 15:00:00.766,17670,17672,17673,2,2
2021-11-25 15:00:00.903,17670,17673,17673,4,4
2021-11-25 15:00:00.996,17672,17673,17673,1,1
2021-11-25 15:00:01.148,17672,17674,17674,1,1
2021-11-25 15:00:01.425,17672,17674,17674,1,1
2021-11-25 15:00:01.476,17672,17674,17674,4,4
2021-11-25 15:00:01.504,17672,17674,17673,1,1
2021-11-25 15:00:01.938,17672,17675,17672,1,-1
2021-11-25 15:00:02.210,17672,17675,17675,2,2
2021-11-25 15:00:03.176,17672,17674,17674,1,1
2021-11-25 15:00:03.571,17672,17674,17674,1,1
2021-11-25 15:00:03.733,17673,17674,17674,1,1
2021-11-25 15:00:04.476,17673,17675,17673,1,-1
2021-11-25 15:00:04.700,17673,17675,17675,1,1
2021-11-25 15:00:04.776,17673,17675,17675,2,2
2021-11-25 15:00:05.440,17674,17675,17674,1,-1
2021-11-25 15:00:05.458,17674,17675,17675,2,2
2021-11-25 15:00:05.511,17674,17675,17674,1,-1
2021-11-25 15:00:06.192,17674,17676,17675,1,1
2021-11-25 15:00:06.450,17674,17675,17674,3,-3
2021-11-25 15:00:06.450,17674,17675,17673,1,-1
2021-11-25 15:00:06.450,17674,17675,17672,1,-1
2021-11-25 15:00:06.638,17672,17674,17674,2,2
2021-11-25 15:00:06.907,17672,17675,17675,1,1
2021-11-25 15:00:06.987,17672,17675,17676,4,4
2021-11-25 15:00:06.987,17672,17675,17676,5,5
2021-11-25 15:00:07.057,17675,17677,17675,1,-1
2021-11-25 15:00:07.511,17675,17677,17675,1,-1
2021-11-25 15:00:08.335,17674,17676,17675,1,1
2021-11-25 15:00:09.283,17674,17676,17675,1,1
2021-11-25 15:00:09.339,17674,17676,17675,1,1
2021-11-25 15:00:10.302,17675,17676,17675,1,-1
2021-11-25 15:00:11.338,17674,17676,17675,1,1
2021-11-25 15:00:12.221,17674,17676,17674,3,-3
2021-11-25 15:00:12.870,17673,17675,17675,1,1
2021-11-25 15:00:12.873,17673,17675,17675,1,1
2021-11-25 15:00:14.398,17673,17676,17675,1,1
2021-11-25 15:00:15.276,17673,17676,17676,1,1
2021-11-25 15:00:16.420,17675,17676,17675,1,-1
2021-11-25 15:00:16.835,17673,17675,17673,1,-1
2021-11-25 15:00:16.837,17673,17675,17675,1,1
2021-11-25 15:00:17.850,17673,17675,17675,1,1
2021-11-25 15:00:19.140,17673,17674,17674,1,1
2021-11-25 15:00:20.233,17673,17674,17673,1,-1
2021-11-25 15:00:20.234,17673,17674,17673,1,-1
2021-11-25 15:00:22.519,17672,17673,17673,1,1
2021-11-25 15:00:22.520,17672,17673,17673,1,1
2021-11-25 15:00:22.520,17672,17673,17674,1,1
2021-11-25 15:00:22.520,17672,17673,17674,2,2
2021-11-25 15:00:24.242,17674,17675,17674,1,-1
2021-11-25 15:00:24.242,17674,17675,17673,1,-1
2021-11-25 15:00:25.926,17673,17674,17674,1,1
2021-11-25 15:00:28.951,17673,17674,17673,1,-1
2021-11-25 15:00:32.546,17673,17674,17673,1,-1
2021-11-25 15:00:33.854,17673,17674,17673,1,-1
2021-11-25 15:00:34.247,17673,17674,17673,2,-2
2021-11-25 15:00:34.539,17672,17673,17673,1,1
2021-11-25 15:00:34.539,17672,17673,17672,1,-1
2021-11-25 15:00:34.729,17671,17672,17672,1,1
2021-11-25 15:00:34.729,17671,17672,17673,1,1
2021-11-25 15:00:35.636,17671,17672,17672,1,1
2021-11-25 15:00:39.191,17671,17672,17671,4,-4
2021-11-25 15:00:39.362,17670,17671,17671,1,1
2021-11-25 15:00:40.521,17670,17671,17671,1,1
2021-11-25 15:00:41.390,17670,17671,17670,1,-1
2021-11-25 15:00:41.391,17670,17671,17670,1,-1
2021-11-25 15:00:49.182,17669,17670,17670,1,1
2021-11-25 15:00:50.229,17669,17670,17669,1,-1
2021-11-25 15:00:53.863,17669,17670,17670,1,1
2021-11-25 15:00:54.269,17669,17671,17669,7,-7
2021-11-25 15:00:54.322,17668,17669,17669,1,1
2021-11-25 15:00:55.669,17668,17669,17669,1,1
2021-11-25 15:00:57.180,17668,17669,17668,4,-4
2021-11-25 15:00:59.415,17667,17668,17668,1,1
2021-11-25 15:00:59.607,17667,17668,17668,1,1
2021-11-25 15:00:59.749,17667,17668,17667,1,-1
2021-11-25 15:01:00.045,17667,17668,17667,1,-1
2021-11-25 15:01:00.045,17667,17668,17667,1,-1
2021-11-25 15:01:00.046,17667,17668,17668,1,1
2021-11-25 15:01:00.046,17667,17668,17667,1,-1
2021-11-25 15:01:00.046,17667,17668,17667,1,-1
2021-11-25 15:01:01.019,17667,17668,17667,1,-1
2021-11-25 15:01:01.327,17666,17668,17667,3,3
2021-11-25 15:01:06.551,17667,17668,17667,1,-1
2021-11-25 15:01:06.832,17667,17668,17667,1,-1
2021-11-25 15:01:07.812,17667,17668,17668,1,1
2021-11-25 15:01:07.813,17667,17668,17668,24,24
2021-11-25 15:01:07.813,17667,17668,17668,1,1
2021-11-25 15:01:07.813,17667,17668,17668,2,2
2021-11-25 15:01:07.814,17667,17668,17669,1,1
2021-11-25 15:01:07.949,17668,17669,17668,1,-1
2021-11-25 15:01:08.490,17668,17669,17668,2,-2
2021-11-25 15:01:08.630,17668,17669,17669,1,1
2021-11-25 15:01:08.918,17668,17670,17668,1,-1
2021-11-25 15:01:09.235,17668,17670,17668,2,-2
2021-11-25 15:01:10.611,17668,17669,17668,1,-1
2021-11-25 15:01:12.929,17668,17669,17669,2,2
2021-11-25 15:01:16.142,17669,17670,17669,1,-1
2021-11-25 15:01:16.897,17669,17670,17669,1,-1
2021-11-25 15:01:17.099,17669,17670,17670,1,1
2021-11-25 15:01:17.152,17669,17670,17669,3,-3
2021-11-25 15:01:17.171,17669,17670,17669,1,-1
2021-11-25 15:01:22.408,17669,17670,17670,1,1
2021-11-25 15:01:22.755,17669,17670,17669,1,-1
2021-11-25 15:01:24.849,17669,17670,17669,3,-3
2021-11-25 15:01:24.850,17669,17670,17669,1,-1
2021-11-25 15:01:26.678,17669,17670,17669,1,-1
2021-11-25 15:01:31.309,17669,17670,17669,1,-1
2021-11-25 15:01:31.432,17669,17670,17669,1,-1
2021-11-25 15:01:32.902,17669,17670,17670,2,2
2021-11-25 15:01:32.903,17669,17670,17669,2,-2
2021-11-25 15:01:32.951,17669,17670,17669,2,-2
2021-11-25 15:01:34.124,17669,17670,17669,2,-2
2021-11-25 15:01:34.125,17669,17670,17669,4,-4
2021-11-25 15:01:34.500,17668,17670,17670,2,2
2021-11-25 15:01:35.892,17668,17670,17670,1,1
2021-11-25 15:01:38.167,17669,17670,17670,1,1
2021-11-25 15:01:38.168,17669,17670,17669,2,-2
2021-11-25 15:01:40.782,17669,17670,17669,1,-1
2021-11-25 15:01:44.959,17669,17670,17670,1,1
2021-11-25 15:01:44.960,17669,17670,17669,2,-2
2021-11-25 15:01:45.071,17669,17670,17669,5,-5
2021-11-25 15:01:46.241,17669,17670,17669,5,-5
2021-11-25 15:01:46.242,17669,17670,17669,1,-1
2021-11-25 15:01:47.663,17668,17670,17668,2,-2
2021-11-25 15:01:47.664,17668,17670,17668,15,-15
2021-11-25 15:01:47.700,17668,17670,17668,2,-2
2021-11-25 15:01:48.765,17667,17669,17667,2,-2
2021-11-25 15:01:55.886,17667,17669,17669,1,1
2021-11-25 15:01:56.218,17667,17668,17668,1,1
2021-11-25 15:02:00.504,17667,17668,17668,1,1
2021-11-25 15:02:00.685,17667,17668,17667,1,-1
2021-11-25 15:02:00.892,17667,17668,17668,3,3
2021-11-25 15:02:02.223,17668,17669,17668,1,-1
2021-11-25 15:02:02.234,17668,17669,17668,1,-1
2021-11-25 15:02:08.524,17667,17668,17668,1,1
2021-11-25 15:02:09.706,17667,17669,17667,1,-1
2021-11-25 15:02:14.555,17667,17668,17667,14,-14
2021-11-25 15:02:14.555,17667,17668,17666,32,-32
2021-11-25 15:02:14.557,17667,17668,17665,1,-1
2021-11-25 15:02:14.557,17667,17668,17665,1,-1
2021-11-25 15:02:14.557,17667,17668,17665,1,-1
2021-11-25 15:02:14.557,17667,17668,17665,3,-3
2021-11-25 15:02:16.771,17664,17665,17665,1,1
2021-11-25 15:02:19.262,17664,17665,17665,1,1
2021-11-25 15:02:20.059,17664,17666,17664,2,-2
2021-11-25 15:02:20.238,17664,17666,17664,1,-1
2021-11-25 15:02:23.028,17664,17666,17664,1,-1
2021-11-25 15:02:24.024,17664,17666,17664,2,-2
2021-11-25 15:02:24.863,17664,17666,17666,1,1
2021-11-25 15:02:27.986,17665,17666,17665,1,-1
2021-11-25 15:02:32.707,17665,17666,17665,1,-1
2021-11-25 15:02:35.601,17665,17666,17665,1,-1
2021-11-25 15:02:38.166,17665,17666,17666,2,2
2021-11-25 15:02:45.308,17665,17666,17665,6,-6
2021-11-25 15:02:46.835,17664,17665,17664,18,-18
2021-11-25 15:02:46.836,17664,17665,17663,1,-1
2021-11-25 15:02:46.836,17664,17665,17663,9,-9
2021-11-25 15:02:46.836,17664,17665,17663,1,-1
2021-11-25 15:02:46.837,17664,17665,17662,1,-1
2021-11-25 15:02:47.118,17662,17663,17662,1,-1
2021-11-25 15:02:49.677,17662,17663,17663,1,1
2021-11-25 15:02:52.258,17662,17663,17662,4,-4
2021-11-25 15:02:52.258,17662,17663,17661,6,-6
2021-11-25 15:02:52.259,17662,17663,17661,2,-2
2021-11-25 15:02:53.720,17661,17662,17661,1,-1
2021-11-25 15:02:54.895,17660,17662,17660,1,-1
2021-11-25 15:02:55.145,17660,17662,17660,2,-2
2021-11-25 15:02:56.244,17660,17662,17662,1,1
2021-11-25 15:02:56.418,17660,17662,17661,1,1
2021-11-25 15:02:56.536,17660,17662,17660,1,-1
2021-11-25 15:02:58.353,17660,17662,17660,1,-1
2021-11-25 15:02:58.615,17660,17662,17660,3,-3
2021-11-25 15:02:59.625,17659,17660,17660,2,2
2021-11-25 15:03:00.520,17660,17661,17661,1,1
2021-11-25 15:03:05.643,17660,17661,17660,1,-1
2021-11-25 15:03:05.714,17660,17661,17660,2,-2
2021-11-25 15:03:05.714,17660,17661,17659,2,-2
2021-11-25 15:03:05.839,17659,17661,17659,2,-2
2021-11-25 15:03:05.839,17659,17661,17658,2,-2
2021-11-25 15:03:05.889,17659,17661,17658,2,-2
2021-11-25 15:03:06.119,17658,17660,17658,3,-3
2021-11-25 15:03:06.119,17658,17660,17657,3,-3
2021-11-25 15:03:06.365,17657,17659,17657,1,-1
2021-11-25 15:03:07.517,17657,17659,17659,1,1
2021-11-25 15:03:08.426,17657,17659,17659,1,1
2021-11-25 15:03:08.426,17657,17659,17660,1,1
2021-11-25 15:03:11.857,17660,17661,17660,1,-1
2021-11-25 15:03:15.140,17659,17660,17659,1,-1
2021-11-25 15:03:18.231,17659,17660,17659,2,-2
2021-11-25 15:03:18.913,17659,17660,17659,1,-1
2021-11-25 15:03:19.829,17658,17659,17659,1,1
2021-11-25 15:03:20.533,17659,17660,17660,1,1
2021-11-25 15:03:25.664,17659,17660,17660,1,1
2021-11-25 15:03:26.301,17659,17660,17660,2,2
2021-11-25 15:03:28.447,17660,17661,17660,2,-2
2021-11-25 15:03:29.014,17659,17661,17659,1,-1
2021-11-25 15:03:31.166,17659,17660,17659,4,-4
2021-11-25 15:03:31.166,17659,17660,17658,13,-13
2021-11-25 15:03:31.167,17659,17660,17658,3,-3
2021-11-25 15:03:31.786,17657,17659,17659,1,1
2021-11-25 15:03:32.011,17657,17660,17659,2,2
2021-11-25 15:03:40.289,17658,17659,17658,4,-4
2021-11-25 15:03:41.041,17657,17658,17658,2,2
2021-11-25 15:03:43.588,17657,17658,17658,1,1
2021-11-25 15:03:46.120,17657,17658,17658,1,1
2021-11-25 15:03:49.795,17657,17658,17657,1,-1
2021-11-25 15:03:49.974,17657,17658,17657,2,-2
2021-11-25 15:03:50.571,17657,17658,17657,1,-1
2021-11-25 15:03:52.943,17657,17658,17658,4,4
2021-11-25 15:03:52.986,17657,17658,17658,2,2
2021-11-25 15:03:53.575,17658,17659,17659,1,1
2021-11-25 15:03:55.004,17659,17660,17659,1,-1
2021-11-25 15:03:56.009,17659,17660,17660,7,7
2021-11-25 15:03:56.241,17659,17660,17659,1,-1
2021-11-25 15:03:57.540,17659,17660,17659,1,-1
2021-11-25 15:03:58.332,17659,17660,17660,2,2
2021-11-25 15:03:58.332,17659,17660,17660,1,1
2021-11-25 15:03:58.332,17659,17660,17660,1,1
2021-11-25 15:03:58.333,17659,17660,17660,1,1
2021-11-25 15:03:58.333,17659,17660,17660,1,1
2021-11-25 15:03:58.333,17659,17660,17660,1,1
2021-11-25 15:03:58.333,17659,17660,17660,8,8
2021-11-25 15:04:00.011,17660,17661,17661,1,1
2021-11-25 15:04:00.025,17660,17661,17661,1,1
2021-11-25 15:04:00.059,17660,17661,17661,3,3
2021-11-25 15:04:00.060,17660,17661,17661,4,4
2021-11-25 15:04:00.060,17660,17661,17661,1,1
2021-11-25 15:04:00.100,17660,17661,17662,1,1
2021-11-25 15:04:03.949,17662,17663,17663,1,1
2021-11-25 15:04:06.288,17663,17664,17663,1,-1
2021-11-25 15:04:06.288,17663,17664,17662,3,-3
2021-11-25 15:04:06.288,17663,17664,17661,4,-4
2021-11-25 15:04:06.289,17663,17664,17661,1,-1
2021-11-25 15:04:07.123,17660,17662,17662,1,1
2021-11-25 15:04:09.100,17660,17662,17660,5,-5
2021-11-25 15:04:09.101,17660,17662,17660,1,-1
2021-11-25 15:04:09.101,17660,17662,17660,7,-7
2021-11-25 15:04:09.703,17661,17662,17662,1,1
2021-11-25 15:04:11.925,17661,17662,17662,1,1
2021-11-25 15:04:22.200,17661,17662,17662,1,1
2021-11-25 15:04:24.669,17661,17662,17661,1,-1
2021-11-25 15:04:24.670,17661,17662,17661,1,-1
2021-11-25 15:04:29.428,17660,17661,17661,1,1
2021-11-25 15:04:34.569,17661,17662,17661,2,-2
2021-11-25 15:04:34.569,17661,17662,17660,7,-7
2021-11-25 15:04:35.586,17660,17661,17661,1,1
2021-11-25 15:04:44.750,17659,17660,17660,1,1
2021-11-25 15:04:48.068,17661,17662,17661,1,-1
2021-11-25 15:04:51.007,17661,17662,17661,1,-1
2021-11-25 15:04:51.957,17661,17662,17661,2,-2
2021-11-25 15:04:57.491,17660,17661,17661,2,2
2021-11-25 15:05:00.495,17660,17661,17661,1,1
2021-11-25 15:05:04.087,17660,17661,17661,4,4
2021-11-25 15:05:04.576,17660,17661,17661,1,1
2021-11-25 15:05:07.415,17660,17661,17661,1,1
2021-11-25 15:05:15.693,17660,17661,17660,4,-4
2021-11-25 15:05:19.332,17659,17660,17659,5,-5
2021-11-25 15:05:19.332,17659,17660,17658,18,-18
2021-11-25 15:05:19.334,17659,17660,17658,1,-1
2021-11-25 15:05:20.230,17657,17659,17659,1,1
2021-11-25 15:05:20.283,17657,17659,17659,1,1
2021-11-25 15:05:26.228,17657,17658,17658,1,1
2021-11-25 15:05:32.837,17657,17658,17657,1,-1
2021-11-25 15:05:33.963,17657,17658,17657,1,-1
2021-11-25 15:05:34.385,17657,17658,17657,6,-6
2021-11-25 15:05:34.385,17657,17658,17656,13,-13
2021-11-25 15:05:34.622,17655,17656,17655,1,-1
2021-11-25 15:05:34.707,17655,17656,17655,1,-1
2021-11-25 15:05:34.773,17655,17656,17655,2,-2
2021-11-25 15:05:34.773,17655,17656,17655,1,-1
2021-11-25 15:05:34.810,17655,17656,17655,2,-2
2021-11-25 15:05:35.921,17655,17656,17655,6,-6
2021-11-25 15:05:36.106,17654,17655,17655,1,1
2021-11-25 15:05:38.737,17655,17656,17655,1,-1
2021-11-25 15:05:43.502,17655,17656,17655,1,-1
2021-11-25 15:05:48.937,17654,17655,17654,10,-10
2021-11-25 15:05:49.703,17654,17655,17655,1,1
2021-11-25 15:05:49.783,17654,17655,17654,2,-2
2021-11-25 15:05:55.164,17654,17655,17655,1,1
2021-11-25 15:05:55.288,17654,17655,17654,4,-4
2021-11-25 15:05:58.110,17653,17654,17654,2,2
2021-11-25 15:05:58.828,17653,17655,17653,22,-22
2021-11-25 15:05:58.978,17652,17654,17654,1,1
2021-11-25 15:05:59.010,17652,17654,17652,1,-1
2021-11-25 15:05:59.150,17652,17654,17652,2,-2
2021-11-25 15:05:59.162,17652,17654,17652,1,-1
2021-11-25 15:05:59.167,17652,17654,17653,1,1
2021-11-25 15:05:59.326,17652,17654,17654,1,1
2021-11-25 15:06:00.664,17652,17654,17654,3,3
2021-11-25 15:06:00.859,17653,17654,17654,1,1
2021-11-25 15:06:02.123,17654,17655,17655,1,1
2021-11-25 15:06:02.374,17654,17655,17654,2,-2
2021-11-25 15:06:02.374,17654,17655,17653,3,-3
2021-11-25 15:06:04.559,17654,17655,17655,5,5
2021-11-25 15:06:04.560,17654,17655,17655,1,1
2021-11-25 15:06:04.560,17654,17655,17655,2,2
2021-11-25 15:06:04.561,17654,17655,17655,1,1
2021-11-25 15:06:06.046,17655,17656,17655,1,-1
2021-11-25 15:06:07.259,17654,17655,17654,1,-1
2021-11-25 15:06:08.362,17654,17655,17655,1,1
2021-11-25 15:06:08.832,17654,17655,17654,18,-18
2021-11-25 15:06:11.615,17652,17654,17654,1,1
2021-11-25 15:06:12.351,17652,17654,17654,1,1
2021-11-25 15:06:12.978,17652,17653,17653,1,1
2021-11-25 15:06:13.164,17653,17654,17653,1,-1
2021-11-25 15:06:15.145,17652,17654,17654,1,1
2021-11-25 15:06:20.386,17653,17654,17653,1,-1
2021-11-25 15:06:24.918,17653,17654,17653,1,-1
2021-11-25 15:06:28.911,17653,17654,17653,3,-3
2021-11-25 15:06:28.911,17653,17654,17652,10,-10
2021-11-25 15:06:28.911,17653,17654,17651,26,-26
2021-11-25 15:06:28.913,17653,17654,17651,1,-1
2021-11-25 15:06:28.914,17653,17654,17650,1,-1
2021-11-25 15:06:28.914,17653,17654,17650,1,-1
2021-11-25 15:06:28.914,17653,17654,17650,1,-1
2021-11-25 15:06:29.078,17650,17651,17650,1,-1
2021-11-25 15:06:29.079,17650,17651,17650,1,-1
2021-11-25 15:06:29.079,17650,17651,17650,1,-1
2021-11-25 15:06:29.079,17650,17651,17650,2,-2
2021-11-25 15:06:29.079,17650,17651,17650,1,-1
2021-11-25 15:06:29.079,17650,17651,17650,4,-4
2021-11-25 15:06:29.080,17650,17651,17650,1,-1
2021-11-25 15:06:29.107,17650,17651,17650,1,-1
2021-11-25 15:06:29.182,17650,17651,17650,1,-1
2021-11-25 15:06:29.194,17650,17651,17650,5,-5
2021-11-25 15:06:29.194,17650,17651,17650,5,-5
2021-11-25 15:06:29.195,17650,17651,17649,1,-1
2021-11-25 15:06:29.195,17650,17651,17649,1,-1
2021-11-25 15:06:29.195,17650,17651,17649,1,-1
2021-11-25 15:06:29.197,17650,17651,17649,1,-1
2021-11-25 15:06:29.301,17648,17650,17650,1,1
2021-11-25 15:06:29.572,17649,17651,17651,2,2
2021-11-25 15:06:29.597,17649,17651,17651,2,2
2021-11-25 15:06:29.598,17649,17651,17651,3,3
2021-11-25 15:06:32.008,17650,17651,17650,1,-1
2021-11-25 15:06:34.896,17650,17653,17650,5,-5
2021-11-25 15:06:36.441,17650,17652,17652,1,1
2021-11-25 15:06:36.621,17651,17653,17652,1,1
2021-11-25 15:06:37.878,17651,17653,17651,2,-2
2021-11-25 15:06:40.510,17651,17652,17651,1,-1
2021-11-25 15:06:43.426,17651,17652,17652,1,1
2021-11-25 15:06:43.650,17652,17653,17652,1,-1
2021-11-25 15:06:51.272,17652,17653,17652,1,-1
2021-11-25 15:06:55.343,17652,17653,17652,5,-5
2021-11-25 15:06:55.580,17651,17652,17652,5,5
2021-11-25 15:06:59.446,17651,17652,17651,6,-6
2021-11-25 15:06:59.446,17651,17652,17651,1,-1
2021-11-25 15:06:59.879,17650,17651,17650,1,-1
2021-11-25 15:07:00.933,17650,17651,17651,2,2
2021-11-25 15:07:01.363,17650,17651,17650,12,-12
2021-11-25 15:07:01.909,17649,17650,17650,1,1
2021-11-25 15:07:02.116,17649,17650,17650,1,1
2021-11-25 15:07:04.491,17649,17650,17650,1,1
2021-11-25 15:07:04.858,17649,17650,17650,1,1
2021-11-25 15:07:05.021,17649,17650,17650,1,1
2021-11-25 15:07:05.906,17650,17651,17650,1,-1
2021-11-25 15:07:06.383,17650,17651,17650,2,-2
2021-11-25 15:07:06.383,17650,17651,17649,1,-1
2021-11-25 15:07:06.411,17649,17651,17649,1,-1
2021-11-25 15:07:12.674,17649,17650,17650,1,1
2021-11-25 15:07:13.417,17649,17650,17650,2,2
2021-11-25 15:07:13.705,17650,17651,17650,1,-1
2021-11-25 15:07:14.236,17650,17651,17650,1,-1
2021-11-25 15:07:14.281,17650,17651,17651,2,2
2021-11-25 15:07:14.294,17650,17651,17650,4,-4
2021-11-25 15:07:14.450,17650,17652,17650,3,-3
2021-11-25 15:07:14.451,17650,17652,17650,7,-7
2021-11-25 15:07:15.858,17650,17652,17652,8,8
2021-11-25 15:07:17.425,17651,17652,17651,1,-1
2021-11-25 15:07:19.170,17651,17652,17651,4,-4
2021-11-25 15:07:19.170,17651,17652,17650,9,-9
2021-11-25 15:07:20.435,17650,17652,17651,1,1
2021-11-25 15:07:22.432,17651,17652,17652,2,2
2021-11-25 15:07:24.306,17651,17653,17651,1,-1
2021-11-25 15:07:24.971,17651,17653,17651,1,-1
2021-11-25 15:07:31.482,17652,17653,17652,1,-1
2021-11-25 15:07:31.482,17652,17653,17651,1,-1
2021-11-25 15:07:36.154,17652,17653,17651,1,-1
2021-11-25 15:07:36.190,17651,17653,17651,1,-1
2021-11-25 15:07:36.204,17651,17653,17651,1,-1
2021-11-25 15:07:36.363,17652,17653,17652,1,-1
2021-11-25 15:07:40.006,17652,17653,17653,2,2
2021-11-25 15:07:40.416,17653,17654,17653,1,-1
2021-11-25 15:07:45.894,17653,17654,17654,1,1
2021-11-25 15:07:49.723,17653,17654,17653,1,-1
2021-11-25 15:07:49.723,17653,17654,17653,1,-1
2021-11-25 15:07:52.616,17653,17654,17654,13,13
2021-11-25 15:07:52.616,17653,17654,17654,5,5
2021-11-25 15:07:52.617,17653,17654,17654,3,3
2021-11-25 15:07:53.622,17654,17655,17654,2,-2
2021-11-25 15:07:53.726,17654,17655,17655,2,2
2021-11-25 15:07:53.829,17654,17656,17656,1,1
2021-11-25 15:07:53.872,17654,17656,17654,1,-1
2021-11-25 15:07:53.947,17654,17656,17654,2,-2
2021-11-25 15:07:55.480,17654,17656,17654,1,-1
2021-11-25 15:07:59.833,17654,17656,17656,1,1
2021-11-25 15:08:06.613,17655,17656,17656,1,1
2021-11-25 15:08:07.513,17655,17656,17655,1,-1
2021-11-25 15:08:18.390,17655,17656,17656,1,1
2021-11-25 15:08:19.744,17655,17656,17656,5,5
2021-11-25 15:08:19.796,17655,17657,17657,4,4
2021-11-25 15:08:24.500,17656,17657,17657,1,1
2021-11-25 15:08:36.140,17656,17657,17656,1,-1
2021-11-25 15:08:36.140,17656,17657,17655,3,-3
2021-11-25 15:08:57.512,17655,17656,17656,1,1
2021-11-25 15:08:57.512,17655,17656,17657,3,3
2021-11-25 15:09:00.506,17656,17657,17657,1,1
2021-11-25 15:09:04.018,17656,17658,17657,2,2
2021-11-25 15:09:07.119,17656,17658,17657,1,1
2021-11-25 15:09:13.918,17656,17658,17658,2,2
2021-11-25 15:09:16.655,17656,17657,17656,5,-5
2021-11-25 15:09:20.862,17655,17656,17655,1,-1
2021-11-25 15:09:20.862,17655,17656,17655,5,-5
2021-11-25 15:09:20.862,17655,17656,17655,3,-3
2021-11-25 15:09:23.870,17654,17655,17655,1,1
2021-11-25 15:09:25.902,17654,17655,17655,1,1
2021-11-25 15:09:27.892,17654,17656,17656,1,1
2021-11-25 15:09:40.312,17655,17656,17655,1,-1
2021-11-25 15:09:46.442,17655,17656,17655,1,-1
2021-11-25 15:09:48.895,17654,17655,17654,1,-1
2021-11-25 15:09:49.487,17654,17655,17654,1,-1
2021-11-25 15:09:49.808,17654,17655,17654,1,-1
2021-11-25 15:09:50.066,17654,17655,17654,1,-1
2021-11-25 15:09:50.374,17654,17655,17654,1,-1
2021-11-25 15:09:54.784,17653,17655,17655,1,1
2021-11-25 15:10:05.916,17653,17654,17654,1,1
2021-11-25 15:10:23.233,17653,17654,17653,1,-1
2021-11-25 15:10:32.875,17653,17654,17653,2,-2
2021-11-25 15:10:33.785,17652,17653,17653,1,1
2021-11-25 15:10:42.268,17652,17653,17653,1,1
2021-11-25 15:10:43.749,17652,17653,17653,1,1
2021-11-25 15:10:43.812,17652,17654,17652,2,-2
2021-11-25 15:10:59.393,17652,17653,17653,1,1
2021-11-25 15:10:59.394,17652,17653,17653,1,1
2021-11-25 15:11:38.376,17653,17654,17654,2,2
2021-11-25 15:11:38.376,17653,17654,17654,2,2
2021-11-25 15:11:38.765,17653,17655,17653,1,-1
2021-11-25 15:11:41.073,17654,17655,17654,1,-1
2021-11-25 15:11:46.533,17653,17655,17655,5,5
2021-11-25 15:11:46.533,17653,17655,17655,3,3
2021-11-25 15:11:46.534,17653,17655,17655,1,1
2021-11-25 15:11:48.486,17655,17656,17655,1,-1
2021-11-25 15:11:52.678,17655,17656,17655,2,-2
2021-11-25 15:11:57.846,17655,17656,17656,1,1
2021-11-25 15:11:57.847,17655,17656,17656,1,1
2021-11-25 15:12:15.283,17655,17656,17656,1,1
2021-11-25 15:12:15.283,17655,17656,17656,1,1
2021-11-25 15:12:15.458,17656,17657,17657,8,8
2021-11-25 15:12:15.559,17656,17657,17656,1,-1
2021-11-25 15:12:17.514,17656,17657,17657,1,1
2021-11-25 15:12:23.737,17657,17658,17658,2,2
2021-11-25 15:12:25.154,17658,17659,17659,1,1
2021-11-25 15:12:25.154,17658,17659,17659,2,2
2021-11-25 15:12:25.332,17659,17660,17659,1,-1
2021-11-25 15:12:27.936,17658,17660,17658,4,-4
2021-11-25 15:12:28.136,17658,17660,17658,1,-1
2021-11-25 15:12:34.191,17658,17660,17658,5,-5
2021-11-25 15:13:01.512,17658,17659,17658,7,-7
2021-11-25 15:13:01.513,17658,17659,17658,1,-1
2021-11-25 15:13:01.513,17658,17659,17658,2,-2
2021-11-25 15:13:05.132,17657,17658,17657,1,-1
2021-11-25 15:13:05.133,17657,17658,17657,1,-1
2021-11-25 15:13:21.437,17656,17657,17657,1,1
2021-11-25 15:13:21.867,17656,17657,17657,1,1
2021-11-25 15:13:50.109,17657,17658,17657,1,-1
2021-11-25 15:13:52.502,17657,17658,17657,1,-1
2021-11-25 15:13:58.321,17657,17658,17657,1,-1
2021-11-25 15:13:59.229,17657,17658,17658,1,1
2021-11-25 15:14:15.504,17657,17658,17658,1,1
2021-11-25 15:14:16.264,17657,17658,17657,1,-1
2021-11-25 15:14:24.208,17657,17658,17657,1,-1
2021-11-25 15:14:26.815,17656,17657,17656,1,-1
2021-11-25 15:14:27.944,17656,17657,17657,1,1
2021-11-25 15:14:33.529,17656,17657,17657,1,1
2021-11-25 15:14:39.196,17656,17657,17657,1,1
2021-11-25 15:14:39.196,17656,17657,17657,1,1
2021-11-25 15:14:39.196,17656,17657,17657,1,1
2021-11-25 15:14:39.197,17656,17657,17657,1,1
2021-11-25 15:14:45.154,17656,17657,17656,1,-1
2021-11-25 15:14:52.823,17656,17657,17656,4,-4
2021-11-25 15:15:04.087,17655,17656,17656,1,1
2021-11-25 15:15:04.424,17655,17656,17655,7,-7
2021-11-25 15:15:04.424,17655,17656,17654,1,-1
2021-11-25 15:15:04.584,17654,17655,17654,4,-4
2021-11-25 15:15:04.584,17654,17655,17653,1,-1
2021-11-25 15:15:04.584,17654,17655,17653,5,-5
2021-11-25 15:15:04.682,17653,17655,17653,2,-2
2021-11-25 15:15:05.244,17653,17654,17654,1,1
2021-11-25 15:15:05.277,17653,17654,17653,1,-1
2021-11-25 15:15:05.789,17653,17654,17653,2,-2
2021-11-25 15:15:18.872,17653,17654,17653,1,-1
2021-11-25 15:15:35.513,17653,17654,17654,1,1
2021-11-25 15:15:45.131,17653,17654,17654,2,2
2021-11-25 15:15:59.478,17653,17654,17654,1,1
2021-11-25 15:15:59.533,17653,17654,17654,1,1
2021-11-25 15:16:04.538,17653,17654,17653,3,-3
2021-11-25 15:16:06.872,17652,17653,17653,2,2
2021-11-25 15:16:07.582,17652,17653,17653,1,1
2021-11-25 15:16:07.658,17652,17654,17654,1,1
2021-11-25 15:16:07.660,17652,17654,17654,1,1
2021-11-25 15:16:07.947,17652,17654,17654,1,1
2021-11-25 15:16:11.146,17653,17654,17653,1,-1
2021-11-25 15:16:11.583,17652,17654,17653,1,1
2021-11-25 15:16:12.988,17653,17654,17654,1,1
2021-11-25 15:16:13.656,17653,17654,17654,1,1
2021-11-25 15:16:14.708,17654,17655,17655,1,1
2021-11-25 15:16:17.968,17655,17656,17656,2,2
2021-11-25 15:16:21.397,17655,17656,17656,1,1
2021-11-25 15:16:21.837,17655,17656,17655,1,-1
2021-11-25 15:16:21.837,17655,17656,17654,1,-1
2021-11-25 15:16:27.169,17655,17656,17655,2,-2
2021-11-25 15:16:30.964,17654,17656,17656,2,2
2021-11-25 15:16:31.032,17654,17656,17656,1,1
2021-11-25 15:16:31.032,17654,17656,17656,1,1
2021-11-25 15:16:35.385,17655,17656,17656,1,1
2021-11-25 15:16:37.681,17655,17656,17656,2,2
2021-11-25 15:16:39.072,17655,17656,17656,1,1
2021-11-25 15:16:39.132,17655,17656,17656,1,1
2021-11-25 15:16:39.159,17655,17656,17656,1,1
2021-11-25 15:16:39.159,17655,17656,17656,1,1
2021-11-25 15:16:40.100,17655,17656,17656,1,1
2021-11-25 15:16:41.260,17655,17656,17656,1,1
2021-11-25 15:16:41.709,17655,17656,17656,1,1
2021-11-25 15:16:44.227,17656,17657,17656,1,-1
2021-11-25 15:16:46.151,17655,17656,17656,1,1
2021-11-25 15:16:47.172,17655,17656,17655,1,-1
2021-11-25 15:16:47.282,17655,17656,17656,1,1
2021-11-25 15:16:47.283,17655,17656,17657,1,1
2021-11-25 15:16:50.156,17655,17656,17655,1,-1
2021-11-25 15:16:51.809,17655,17656,17656,1,1
2021-11-25 15:16:58.769,17655,17656,17655,3,-3
2021-11-25 15:17:00.952,17654,17656,17655,1,1
2021-11-25 15:17:01.366,17654,17655,17654,3,-3
2021-11-25 15:17:01.366,17654,17655,17653,1,-1
2021-11-25 15:17:01.664,17653,17655,17655,1,1
2021-11-25 15:17:02.480,17653,17655,17654,1,1
2021-11-25 15:17:03.657,17654,17655,17654,1,-1
2021-11-25 15:17:05.782,17653,17654,17654,1,1
2021-11-25 15:17:06.352,17653,17654,17653,2,-2
2021-11-25 15:17:06.751,17653,17654,17654,1,1
2021-11-25 15:17:08.777,17654,17655,17654,1,-1
2021-11-25 15:17:10.935,17653,17654,17654,1,1
2021-11-25 15:17:17.386,17654,17655,17654,1,-1
2021-11-25 15:17:18.568,17653,17654,17654,1,1
2021-11-25 15:17:19.045,17653,17654,17654,1,1
2021-11-25 15:17:28.517,17654,17655,17655,1,1
2021-11-25 15:17:29.706,17654,17655,17654,1,-1
2021-11-25 15:17:29.965,17654,17655,17655,1,1
2021-11-25 15:17:31.531,17654,17655,17655,1,1
2021-11-25 15:17:32.061,17654,17655,17655,1,1
2021-11-25 15:17:32.643,17654,17655,17655,1,1
2021-11-25 15:17:33.211,17654,17655,17655,1,1
2021-11-25 15:17:33.835,17654,17655,17655,1,1
2021-11-25 15:17:34.416,17654,17655,17655,1,1
2021-11-25 15:17:34.987,17654,17655,17655,1,1
2021-11-25 15:17:34.988,17654,17655,17655,3,3
2021-11-25 15:17:34.988,17654,17655,17655,1,1
2021-11-25 15:17:35.979,17655,17656,17655,1,-1
2021-11-25 15:17:37.366,17654,17655,17655,1,1
2021-11-25 15:17:46.345,17655,17656,17655,1,-1
2021-11-25 15:17:46.513,17655,17656,17655,1,-1
2021-11-25 15:17:50.017,17655,17656,17655,1,-1
2021-11-25 15:17:50.304,17655,17656,17655,1,-1
2021-11-25 15:17:51.028,17654,17655,17655,1,1
2021-11-25 15:17:51.799,17654,17656,17655,1,1
2021-11-25 15:17:54.138,17654,17655,17654,1,-1
2021-11-25 15:17:54.441,17654,17655,17654,2,-2
2021-11-25 15:17:54.442,17654,17655,17653,11,-11
2021-11-25 15:17:54.786,17652,17653,17652,5,-5
2021-11-25 15:17:54.786,17652,17653,17652,4,-4
2021-11-25 15:17:56.285,17652,17653,17653,1,1
2021-11-25 15:17:56.878,17652,17653,17653,1,1
2021-11-25 15:17:56.878,17652,17653,17652,1,-1
2021-11-25 15:17:57.764,17651,17653,17653,1,1
2021-11-25 15:17:58.135,17651,17653,17652,1,1
2021-11-25 15:17:59.168,17652,17653,17652,1,-1
2021-11-25 15:17:59.169,17652,17653,17652,1,-1
2021-11-25 15:18:01.143,17652,17653,17653,1,1
2021-11-25 15:18:01.144,17652,17653,17652,1,-1
2021-11-25 15:18:02.256,17652,17653,17653,1,1
2021-11-25 15:18:02.256,17652,17653,17652,2,-2
2021-11-25 15:18:02.844,17651,17653,17653,1,1
2021-11-25 15:18:03.923,17652,17653,17653,1,1
2021-11-25 15:18:03.923,17652,17653,17652,1,-1
2021-11-25 15:18:06.629,17652,17653,17653,1,1
2021-11-25 15:18:06.629,17652,17653,17652,1,-1
2021-11-25 15:18:07.607,17651,17652,17652,1,1
2021-11-25 15:18:07.607,17651,17652,17651,13,-13
2021-11-25 15:18:07.608,17651,17652,17651,1,-1
2021-11-25 15:18:09.183,17651,17652,17652,1,1
2021-11-25 15:18:10.220,17651,17652,17652,1,1
2021-11-25 15:18:12.740,17651,17652,17652,1,1
2021-11-25 15:18:13.254,17651,17652,17652,1,1
2021-11-25 15:18:13.604,17651,17652,17652,1,1
2021-11-25 15:18:13.620,17651,17652,17652,1,1
2021-11-25 15:18:13.947,17651,17652,17652,1,1
2021-11-25 15:18:14.127,17651,17652,17651,1,-1
2021-11-25 15:18:16.507,17651,17652,17652,1,1
2021-11-25 15:18:18.253,17651,17652,17652,1,1
2021-11-25 15:18:19.792,17651,17652,17651,1,-1
2021-11-25 15:18:20.706,17651,17652,17651,1,-1
2021-11-25 15:18:21.064,17651,17652,17651,1,-1
2021-11-25 15:18:21.181,17650,17652,17651,1,1
2021-11-25 15:18:21.806,17650,17652,17650,1,-1
2021-11-25 15:18:21.973,17650,17652,17652,1,1
2021-11-25 15:18:22.109,17650,17652,17650,2,-2
2021-11-25 15:18:22.312,17650,17651,17650,1,-1
2021-11-25 15:18:22.371,17650,17651,17650,16,-16
2021-11-25 15:18:22.372,17650,17651,17650,1,-1
2021-11-25 15:18:22.374,17650,17651,17649,7,-7
2021-11-25 15:18:22.374,17650,17651,17649,1,-1
2021-11-25 15:18:22.493,17648,17650,17648,2,-2
2021-11-25 15:18:22.569,17648,17650,17648,1,-1
2021-11-25 15:18:22.604,17648,17650,17648,1,-1
2021-11-25 15:18:22.605,17648,17650,17647,1,-1
2021-11-25 15:18:22.821,17647,17649,17647,1,-1
2021-11-25 15:18:23.000,17647,17649,17647,1,-1
2021-11-25 15:18:23.092,17647,17649,17647,2,-2
2021-11-25 15:18:23.244,17647,17649,17647,2,-2
2021-11-25 15:18:23.254,17647,17649,17646,2,-2
2021-11-25 15:18:23.395,17646,17649,17647,1,-1
2021-11-25 15:18:23.439,17647,17649,17649,1,1
2021-11-25 15:18:23.817,17647,17649,17649,1,1
2021-11-25 15:18:26.390,17648,17649,17649,1,1
2021-11-25 15:18:27.887,17648,17649,17649,1,1
2021-11-25 15:18:28.508,17648,17649,17649,1,1
2021-11-25 15:18:28.692,17648,17649,17649,1,1
2021-11-25 15:18:32.030,17649,17650,17649,1,-1
2021-11-25 15:18:33.111,17649,17650,17650,1,1
2021-11-25 15:18:44.812,17650,17651,17650,3,-3
2021-11-25 15:18:47.028,17649,17650,17649,1,-1
2021-11-25 15:18:47.588,17649,17650,17650,1,1
2021-11-25 15:18:48.963,17649,17650,17649,1,-1
2021-11-25 15:18:48.964,17649,17650,17649,1,-1
2021-11-25 15:18:48.968,17649,17650,17650,1,1
2021-11-25 15:18:53.014,17649,17650,17650,1,1
2021-11-25 15:18:54.181,17649,17650,17650,1,1
2021-11-25 15:18:54.849,17649,17650,17650,1,1
2021-11-25 15:18:59.440,17650,17651,17650,2,-2
2021-11-25 15:19:01.576,17650,17651,17650,3,-3
2021-11-25 15:19:06.576,17650,17651,17651,3,3
2021-11-25 15:19:08.631,17651,17652,17652,3,3
2021-11-25 15:19:09.034,17651,17652,17651,2,-2
2021-11-25 15:19:13.798,17650,17651,17651,1,1
2021-11-25 15:19:14.545,17650,17651,17650,4,-4
2021-11-25 15:19:14.757,17650,17651,17651,1,1
2021-11-25 15:19:19.584,17650,17651,17651,1,1
2021-11-25 15:19:21.111,17650,17651,17651,1,1
2021-11-25 15:19:22.776,17650,17651,17651,1,1
2021-11-25 15:19:23.631,17650,17651,17651,1,1
2021-11-25 15:19:27.943,17650,17651,17651,1,1
2021-11-25 15:19:28.621,17650,17651,17651,1,1
2021-11-25 15:19:28.621,17650,17651,17651,1,1
2021-11-25 15:19:34.913,17651,17652,17652,1,1
2021-11-25 15:19:35.356,17651,17652,17652,1,1
2021-11-25 15:19:36.867,17651,17652,17652,1,1
2021-11-25 15:19:38.817,17651,17652,17652,1,1
2021-11-25 15:19:42.069,17651,17652,17652,1,1
2021-11-25 15:19:47.504,17651,17652,17652,1,1
2021-11-25 15:19:48.935,17651,17652,17652,1,1
2021-11-25 15:19:49.926,17651,17652,17652,1,1
2021-11-25 15:19:50.419,17651,17652,17652,1,1
2021-11-25 15:19:51.563,17651,17652,17652,1,1
2021-11-25 15:19:53.436,17652,17653,17653,3,3
2021-11-25 15:19:55.686,17652,17653,17653,3,3
2021-11-25 15:20:03.324,17653,17654,17653,2,-2
2021-11-25 15:20:03.596,17651,17653,17653,1,1
2021-11-25 15:20:09.445,17651,17652,17652,1,1
2021-11-25 15:20:23.736,17651,17652,17652,1,1
2021-11-25 15:20:30.022,17651,17652,17652,1,1
2021-11-25 15:20:30.409,17651,17652,17652,1,1
2021-11-25 15:20:31.708,17651,17652,17651,3,-3
2021-11-25 15:20:34.169,17650,17651,17651,1,1
2021-11-25 15:20:34.646,17650,17651,17651,1,1
2021-11-25 15:20:35.708,17650,17652,17651,1,1
2021-11-25 15:20:36.078,17650,17652,17651,1,1
2021-11-25 15:20:40.013,17651,17652,17651,2,-2
2021-11-25 15:20:40.233,17650,17651,17650,1,-1
2021-11-25 15:20:40.233,17650,17651,17650,4,-4
2021-11-25 15:20:40.233,17650,17651,17650,2,-2
2021-11-25 15:20:40.233,17650,17651,17650,1,-1
2021-11-25 15:20:41.558,17649,17650,17650,1,1
2021-11-25 15:20:42.327,17650,17651,17650,1,-1
2021-11-25 15:20:44.213,17649,17650,17650,1,1
2021-11-25 15:20:44.691,17649,17651,17650,1,1
2021-11-25 15:20:44.693,17649,17651,17649,2,-2
2021-11-25 15:20:45.124,17648,17650,17650,1,1
2021-11-25 15:20:47.329,17650,17651,17650,1,-1
2021-11-25 15:20:50.092,17649,17651,17649,1,-1
2021-11-25 15:20:53.755,17649,17650,17649,1,-1
2021-11-25 15:20:54.044,17649,17650,17649,1,-1
2021-11-25 15:20:55.968,17649,17650,17650,1,1
2021-11-25 15:21:00.022,17649,17650,17650,1,1
2021-11-25 15:21:00.106,17649,17651,17649,2,-2
2021-11-25 15:21:03.438,17649,17650,17649,1,-1
2021-11-25 15:21:07.814,17649,17650,17649,1,-1
2021-11-25 15:21:10.089,17648,17649,17649,1,1
2021-11-25 15:21:10.572,17648,17649,17649,1,1
2021-11-25 15:21:11.046,17648,17649,17649,1,1
2021-11-25 15:21:11.556,17648,17650,17649,1,1
2021-11-25 15:21:14.591,17649,17650,17650,1,1
2021-11-25 15:21:15.282,17649,17650,17649,1,-1
2021-11-25 15:21:26.667,17649,17650,17649,1,-1
2021-11-25 15:21:29.089,17649,17650,17649,1,-1
2021-11-25 15:21:35.729,17649,17650,17649,1,-1
2021-11-25 15:21:35.989,17648,17650,17648,3,-3
2021-11-25 15:21:35.989,17648,17650,17648,1,-1
2021-11-25 15:21:35.989,17648,17650,17648,4,-4
2021-11-25 15:21:35.990,17648,17650,17648,1,-1
2021-11-25 15:21:39.678,17647,17648,17648,1,1
2021-11-25 15:21:48.132,17648,17649,17648,1,-1
2021-11-25 15:21:49.904,17648,17649,17648,1,-1
2021-11-25 15:21:50.088,17647,17648,17648,1,1
2021-11-25 15:21:52.312,17648,17649,17648,1,-1
2021-11-25 15:21:52.312,17648,17649,17647,1,-1
2021-11-25 15:21:54.782,17648,17649,17648,1,-1
2021-11-25 15:21:58.985,17647,17648,17648,1,1
2021-11-25 15:21:59.913,17647,17648,17648,1,1
2021-11-25 15:22:00.679,17647,17648,17648,1,1
2021-11-25 15:22:03.913,17647,17648,17648,1,1
2021-11-25 15:22:05.816,17647,17648,17648,1,1
2021-11-25 15:22:13.529,17647,17648,17648,1,1
2021-11-25 15:22:14.677,17647,17648,17648,1,1
2021-11-25 15:22:15.556,17647,17648,17648,1,1
2021-11-25 15:22:16.469,17647,17649,17648,1,1
2021-11-25 15:22:17.143,17647,17648,17648,1,1
2021-11-25 15:22:17.791,17647,17648,17648,1,1
2021-11-25 15:22:18.662,17647,17648,17648,1,1
2021-11-25 15:22:23.789,17647,17648,17648,4,4
2021-11-25 15:22:25.169,17647,17648,17648,1,1
2021-11-25 15:22:26.392,17647,17648,17648,1,1
2021-11-25 15:22:27.236,17647,17648,17648,1,1
2021-11-25 15:22:27.870,17647,17648,17648,1,1
2021-11-25 15:22:33.022,17647,17648,17648,1,1
2021-11-25 15:22:34.187,17647,17649,17647,1,-1
2021-11-25 15:22:38.419,17648,17650,17650,1,1
2021-11-25 15:22:40.593,17649,17650,17650,1,1
2021-11-25 15:22:41.095,17649,17650,17650,1,1
2021-11-25 15:22:41.957,17649,17650,17650,1,1
2021-11-25 15:22:42.198,17649,17650,17650,1,1
2021-11-25 15:22:42.612,17649,17650,17650,1,1
2021-11-25 15:22:54.969,17650,17651,17651,1,1
2021-11-25 15:22:55.439,17650,17651,17651,1,1
2021-11-25 15:22:57.112,17650,17651,17650,2,-2
2021-11-25 15:22:57.112,17650,17651,17649,1,-1
2021-11-25 15:22:59.175,17650,17651,17651,5,5
2021-11-25 15:22:59.862,17650,17652,17652,1,1
2021-11-25 15:23:01.478,17651,17652,17652,1,1
2021-11-25 15:23:02.813,17651,17652,17651,1,-1
2021-11-25 15:23:04.063,17650,17652,17651,1,1
2021-11-25 15:23:05.582,17650,17651,17651,1,1
2021-11-25 15:23:06.560,17650,17651,17651,1,1
2021-11-25 15:23:06.707,17650,17652,17652,1,1
2021-11-25 15:23:07.867,17650,17652,17651,1,1
2021-11-25 15:23:14.996,17650,17652,17652,1,1
2021-11-25 15:23:21.202,17650,17651,17650,2,-2
2021-11-25 15:23:21.202,17650,17651,17649,5,-5
2021-11-25 15:23:21.202,17650,17651,17648,15,-15
2021-11-25 15:23:21.202,17650,17651,17647,11,-11
2021-11-25 15:23:21.202,17650,17651,17646,26,-26
2021-11-25 15:23:21.205,17650,17651,17646,1,-1
2021-11-25 15:23:21.205,17650,17651,17645,1,-1
2021-11-25 15:23:21.205,17650,17651,17646,1,-1
2021-11-25 15:23:21.205,17650,17651,17645,1,-1
2021-11-25 15:23:21.205,17650,17651,17646,1,-1
2021-11-25 15:23:21.206,17650,17651,17646,1,-1
2021-11-25 15:23:21.206,17650,17651,17646,10,-10
2021-11-25 15:23:21.207,17650,17651,17646,3,-3
2021-11-25 15:23:21.208,17650,17651,17646,2,-2
2021-11-25 15:23:21.208,17650,17651,17646,5,-5
2021-11-25 15:23:21.209,17650,17651,17646,1,-1
2021-11-25 15:23:21.209,17650,17651,17646,1,-1
2021-11-25 15:23:21.210,17650,17651,17645,1,-1
2021-11-25 15:23:21.211,17650,17651,17645,5,-5
2021-11-25 15:23:21.211,17650,17651,17645,1,-1
2021-11-25 15:23:21.258,17650,17651,17644,1,-1
2021-11-25 15:23:21.323,17644,17645,17644,1,-1
2021-11-25 15:23:21.323,17644,17645,17644,1,-1
2021-11-25 15:23:21.333,17644,17645,17645,1,1
2021-11-25 15:23:21.423,17643,17645,17643,5,-5
2021-11-25 15:23:21.458,17643,17645,17643,5,-5
2021-11-25 15:23:21.490,17643,17645,17643,3,-3
2021-11-25 15:23:21.490,17643,17645,17642,2,-2
2021-11-25 15:23:21.526,17643,17645,17642,5,-5
2021-11-25 15:23:21.542,17642,17644,17643,1,1
2021-11-25 15:23:21.567,17642,17644,17643,1,1
2021-11-25 15:23:21.572,17642,17644,17643,1,1
2021-11-25 15:23:21.572,17642,17644,17642,4,-4
2021-11-25 15:23:21.573,17642,17644,17644,1,1
2021-11-25 15:23:21.595,17642,17644,17644,1,1
2021-11-25 15:23:21.595,17642,17644,17643,4,4
2021-11-25 15:23:21.596,17642,17644,17644,1,1
2021-11-25 15:23:21.596,17642,17644,17644,1,1
2021-11-25 15:23:22.276,17643,17645,17643,2,-2
2021-11-25 15:23:22.318,17642,17644,17642,2,-2
2021-11-25 15:23:22.497,17641,17643,17643,1,1
2021-11-25 15:23:22.498,17641,17643,17643,1,1
2021-11-25 15:23:22.622,17642,17644,17644,1,1
2021-11-25 15:23:22.714,17642,17644,17644,5,5
2021-11-25 15:23:26.905,17643,17645,17645,1,1
2021-11-25 15:23:26.905,17643,17645,17645,4,4
2021-11-25 15:23:35.446,17645,17646,17646,1,1
2021-11-25 15:23:36.115,17645,17646,17646,1,1
2021-11-25 15:23:37.457,17645,17647,17645,1,-1
2021-11-25 15:23:39.660,17645,17646,17645,1,-1
2021-11-25 15:23:41.536,17644,17646,17646,1,1
2021-11-25 15:23:44.082,17644,17645,17644,1,-1
2021-11-25 15:23:44.083,17644,17645,17644,3,-3
2021-11-25 15:23:47.756,17643,17645,17644,1,1
2021-11-25 15:23:48.154,17643,17644,17644,1,1
2021-11-25 15:23:49.624,17643,17644,17644,1,1
2021-11-25 15:23:49.852,17643,17644,17644,1,1
2021-11-25 15:23:51.532,17643,17644,17643,1,-1
2021-11-25 15:23:51.534,17643,17644,17643,4,-4
2021-11-25 15:23:53.643,17643,17644,17643,1,-1
2021-11-25 15:23:58.107,17642,17643,17642,1,-1
2021-11-25 15:23:58.561,17641,17643,17641,1,-1
2021-11-25 15:23:59.389,17642,17643,17642,3,-3
2021-11-25 15:23:59.389,17642,17643,17641,22,-22
2021-11-25 15:23:59.794,17640,17641,17641,1,1
2021-11-25 15:24:00.731,17640,17641,17641,4,4
2021-11-25 15:24:00.732,17640,17641,17641,2,2
2021-11-25 15:24:00.732,17640,17641,17641,1,1
2021-11-25 15:24:00.974,17641,17642,17641,2,-2
2021-11-25 15:24:01.276,17640,17642,17640,25,-25
2021-11-25 15:24:01.278,17640,17642,17640,1,-1
2021-11-25 15:24:01.278,17640,17642,17640,4,-4
2021-11-25 15:24:01.278,17640,17642,17640,1,-1
2021-11-25 15:24:01.299,17639,17641,17639,1,-1
2021-11-25 15:24:01.317,17639,17641,17639,1,-1
2021-11-25 15:24:01.337,17639,17641,17639,4,-4
2021-11-25 15:24:01.337,17639,17641,17638,1,-1
2021-11-25 15:24:01.379,17639,17641,17639,1,-1
2021-11-25 15:24:01.782,17638,17640,17638,11,-11
2021-11-25 15:24:01.993,17638,17639,17638,1,-1
2021-11-25 15:24:02.242,17638,17639,17638,1,-1
2021-11-25 15:24:02.259,17638,17639,17638,1,-1
2021-11-25 15:24:02.276,17638,17639,17638,1,-1
2021-11-25 15:24:02.361,17638,17639,17639,1,1
2021-11-25 15:24:02.361,17638,17639,17639,1,1
2021-11-25 15:24:02.945,17639,17641,17639,2,-2
2021-11-25 15:24:04.313,17639,17641,17639,1,-1
2021-11-25 15:24:04.703,17639,17641,17639,1,-1
2021-11-25 15:24:07.979,17640,17642,17640,1,-1
2021-11-25 15:24:08.424,17640,17642,17640,3,-3
2021-11-25 15:24:08.424,17640,17642,17639,7,-7
2021-11-25 15:24:08.424,17640,17642,17638,15,-15
2021-11-25 15:24:08.424,17640,17642,17637,5,-5
2021-11-25 15:24:08.815,17638,17640,17640,1,1
2021-11-25 15:24:10.346,17638,17639,17638,1,-1
2021-11-25 15:24:10.531,17637,17639,17637,1,-1
2021-11-25 15:24:11.946,17638,17639,17639,1,1
2021-11-25 15:24:11.947,17638,17639,17639,1,1
2021-11-25 15:24:12.454,17638,17640,17640,1,1
2021-11-25 15:24:12.473,17638,17640,17640,1,1
2021-11-25 15:24:13.046,17639,17641,17640,1,1
2021-11-25 15:24:13.129,17639,17641,17640,1,1
2021-11-25 15:24:13.711,17640,17641,17640,1,-1
2021-11-25 15:24:13.711,17640,17641,17639,5,-5
2021-11-25 15:24:15.402,17640,17642,17640,1,-1
2021-11-25 15:24:15.618,17640,17642,17640,1,-1
2021-11-25 15:24:19.256,17641,17642,17642,4,4
2021-11-25 15:24:20.319,17642,17643,17642,1,-1
2021-11-25 15:24:21.919,17642,17643,17643,1,1
2021-11-25 15:24:22.546,17642,17643,17643,5,5
2021-11-25 15:24:22.926,17643,17644,17643,2,-2
2021-11-25 15:24:22.926,17643,17644,17642,10,-10
2021-11-25 15:24:22.926,17643,17644,17641,10,-10
2021-11-25 15:24:22.926,17643,17644,17640,8,-8
2021-11-25 15:24:25.730,17640,17642,17642,1,1
2021-11-25 15:24:28.985,17640,17642,17641,1,1
2021-11-25 15:24:31.054,17640,17642,17640,1,-1
2021-11-25 15:24:31.060,17640,17642,17641,1,1
2021-11-25 15:24:34.529,17641,17642,17642,1,1
2021-11-25 15:24:37.030,17641,17642,17642,1,1
2021-11-25 15:24:42.775,17641,17642,17642,1,1
2021-11-25 15:24:42.783,17641,17642,17641,1,-1
2021-11-25 15:24:42.783,17641,17642,17641,1,-1
2021-11-25 15:24:43.192,17641,17642,17642,1,1
2021-11-25 15:24:45.680,17641,17642,17642,1,1
2021-11-25 15:24:47.115,17641,17642,17641,2,-2
2021-11-25 15:24:50.167,17641,17642,17641,1,-1
2021-11-25 15:24:51.487,17640,17641,17641,1,1
2021-11-25 15:24:56.520,17640,17641,17640,1,-1
2021-11-25 15:24:56.916,17640,17641,17640,1,-1
2021-11-25 15:25:02.165,17640,17641,17641,1,1
2021-11-25 15:25:08.405,17641,17642,17641,1,-1
2021-11-25 15:25:08.960,17641,17642,17641,2,-2
2021-11-25 15:25:13.964,17641,17642,17642,1,1
2021-11-25 15:25:18.163,17641,17642,17641,2,-2
2021-11-25 15:25:25.185,17641,17642,17641,1,-1
2021-11-25 15:25:25.856,17640,17642,17642,4,4
2021-11-25 15:25:32.106,17640,17641,17641,1,1
2021-11-25 15:25:32.411,17640,17641,17640,1,-1
2021-11-25 15:25:34.280,17640,17641,17641,1,1
2021-11-25 15:25:40.515,17640,17641,17640,1,-1
2021-11-25 15:25:40.521,17640,17641,17640,1,-1
2021-11-25 15:25:45.409,17640,17641,17640,2,-2
2021-11-25 15:25:45.737,17640,17641,17641,1,1
2021-11-25 15:25:45.810,17640,17641,17640,1,-1
2021-11-25 15:25:54.724,17640,17641,17641,1,1
2021-11-25 15:25:59.148,17640,17641,17640,1,-1
2021-11-25 15:26:00.982,17640,17641,17641,1,1
2021-11-25 15:26:01.771,17640,17641,17641,1,1
2021-11-25 15:26:04.035,17640,17641,17641,1,1
2021-11-25 15:26:05.093,17640,17642,17640,1,-1
2021-11-25 15:26:06.004,17640,17642,17641,1,1
2021-11-25 15:26:14.752,17641,17642,17641,1,-1
2021-11-25 15:26:17.875,17640,17642,17640,5,-5
2021-11-25 15:26:17.878,17640,17642,17640,4,-4
2021-11-25 15:26:17.879,17640,17642,17640,1,-1
2021-11-25 15:26:17.879,17640,17642,17640,4,-4
2021-11-25 15:26:19.658,17639,17640,17640,4,4
2021-11-25 15:26:19.975,17639,17640,17639,6,-6
2021-11-25 15:26:19.975,17639,17640,17638,19,-19
2021-11-25 15:26:19.978,17639,17640,17638,1,-1
2021-11-25 15:26:19.978,17639,17640,17638,1,-1
2021-11-25 15:26:27.561,17637,17638,17638,1,1
2021-11-25 15:26:27.562,17637,17638,17638,1,1
2021-11-25 15:26:28.284,17637,17638,17638,2,2
2021-11-25 15:26:30.793,17637,17638,17637,6,-6
2021-11-25 15:26:30.973,17636,17637,17637,1,1
2021-11-25 15:26:31.332,17636,17637,17637,1,1
2021-11-25 15:26:32.085,17636,17637,17637,1,1
2021-11-25 15:26:33.325,17636,17637,17637,1,1
2021-11-25 15:26:33.686,17636,17637,17636,2,-2
2021-11-25 15:26:33.799,17636,17637,17636,1,-1
2021-11-25 15:26:33.978,17636,17637,17636,1,-1
2021-11-25 15:26:34.113,17636,17637,17636,1,-1
2021-11-25 15:26:34.113,17636,17637,17636,4,-4
2021-11-25 15:26:34.213,17636,17637,17636,8,-8
2021-11-25 15:26:34.213,17636,17637,17636,2,-2
2021-11-25 15:26:34.523,17635,17636,17635,1,-1
2021-11-25 15:26:34.556,17635,17636,17635,6,-6
2021-11-25 15:26:34.557,17635,17636,17635,1,-1
2021-11-25 15:26:34.557,17635,17636,17635,1,-1
2021-11-25 15:26:34.558,17635,17636,17635,4,-4
2021-11-25 15:26:34.570,17635,17636,17635,1,-1
2021-11-25 15:26:34.584,17635,17636,17635,2,-2
2021-11-25 15:26:34.585,17635,17636,17635,4,-4
2021-11-25 15:26:34.611,17635,17636,17634,1,-1
2021-11-25 15:26:34.624,17635,17636,17634,2,-2
2021-11-25 15:26:34.634,17635,17636,17635,1,-1
2021-11-25 15:26:34.722,17634,17635,17635,1,1
2021-11-25 15:26:34.753,17634,17635,17634,1,-1
2021-11-25 15:26:34.780,17634,17635,17634,3,-3
2021-11-25 15:26:34.780,17634,17635,17633,1,-1
2021-11-25 15:26:34.877,17633,17636,17634,1,-1
2021-11-25 15:26:35.194,17634,17636,17634,1,-1
2021-11-25 15:26:35.207,17634,17636,17634,1,-1
2021-11-25 15:26:35.207,17634,17636,17634,1,-1
2021-11-25 15:26:35.245,17634,17636,17634,1,-1
2021-11-25 15:26:35.999,17634,17636,17636,1,1
2021-11-25 15:26:36.178,17634,17636,17634,4,-4
2021-11-25 15:26:36.617,17634,17636,17634,2,-2
2021-11-25 15:26:36.754,17634,17636,17636,1,1
2021-11-25 15:26:36.971,17634,17636,17636,1,1
2021-11-25 15:26:37.042,17635,17636,17635,1,-1
2021-11-25 15:26:37.290,17634,17636,17636,5,5
2021-11-25 15:26:37.448,17634,17636,17634,1,-1
2021-11-25 15:26:38.193,17635,17636,17635,1,-1
2021-11-25 15:26:38.656,17635,17636,17636,4,4
2021-11-25 15:26:39.765,17636,17637,17636,1,-1
2021-11-25 15:26:40.860,17636,17637,17637,3,3
2021-11-25 15:26:40.860,17636,17637,17637,16,16
2021-11-25 15:26:42.515,17637,17638,17638,1,1
2021-11-25 15:26:42.700,17637,17638,17638,1,1
2021-11-25 15:26:45.669,17638,17640,17638,5,-5
2021-11-25 15:26:46.723,17637,17638,17638,1,1
2021-11-25 15:26:46.723,17637,17638,17639,5,5
2021-11-25 15:26:52.400,17638,17639,17639,2,2
2021-11-25 15:26:58.125,17639,17640,17639,3,-3
2021-11-25 15:26:59.422,17637,17639,17639,1,1
2021-11-25 15:27:04.989,17638,17639,17638,2,-2
2021-11-25 15:27:05.485,17637,17638,17637,1,-1
2021-11-25 15:27:05.625,17637,17638,17637,2,-2
2021-11-25 15:27:05.642,17637,17638,17636,2,-2
2021-11-25 15:27:05.877,17635,17637,17635,2,-2
2021-11-25 15:27:12.466,17635,17637,17635,1,-1
2021-11-25 15:27:12.970,17635,17637,17635,1,-1
2021-11-25 15:27:13.085,17635,17637,17635,1,-1
2021-11-25 15:27:15.944,17636,17637,17636,1,-1
2021-11-25 15:27:16.406,17635,17637,17635,1,-1
2021-11-25 15:27:19.474,17636,17637,17636,1,-1
2021-11-25 15:27:19.533,17635,17637,17637,1,1
2021-11-25 15:27:19.533,17635,17637,17637,1,1
2021-11-25 15:27:20.163,17636,17637,17636,2,-2
2021-11-25 15:27:21.917,17635,17636,17635,2,-2
2021-11-25 15:27:21.929,17635,17636,17635,1,-1
2021-11-25 15:27:21.929,17635,17636,17635,2,-2
2021-11-25 15:27:25.872,17635,17636,17636,1,1
2021-11-25 15:27:27.102,17635,17636,17635,1,-1
2021-11-25 15:27:30.822,17635,17636,17635,4,-4
2021-11-25 15:27:32.125,17635,17636,17635,1,-1
2021-11-25 15:27:32.424,17635,17636,17635,1,-1
2021-11-25 15:27:34.146,17635,17636,17635,1,-1
2021-11-25 15:27:35.083,17634,17636,17634,2,-2
2021-11-25 15:27:37.001,17635,17636,17635,1,-1
2021-11-25 15:27:40.434,17635,17636,17635,1,-1
2021-11-25 15:27:40.434,17635,17636,17634,2,-2
2021-11-25 15:27:42.233,17635,17636,17635,1,-1
2021-11-25 15:27:42.233,17635,17636,17635,1,-1
2021-11-25 15:27:43.260,17635,17636,17636,1,1
2021-11-25 15:27:43.260,17635,17636,17636,12,12
2021-11-25 15:27:45.135,17635,17637,17635,2,-2
2021-11-25 15:27:46.661,17635,17637,17635,1,-1
2021-11-25 15:27:53.844,17636,17637,17636,1,-1
2021-11-25 15:27:58.540,17635,17636,17636,1,1
2021-11-25 15:28:01.198,17635,17636,17636,1,1
2021-11-25 15:28:03.365,17635,17637,17635,1,-1
2021-11-25 15:28:06.927,17636,17637,17636,1,-1
2021-11-25 15:28:12.992,17635,17636,17636,2,2
2021-11-25 15:28:16.813,17635,17636,17636,2,2
2021-11-25 15:28:16.982,17635,17636,17635,1,-1
2021-11-25 15:28:20.340,17635,17636,17636,1,1
2021-11-25 15:28:20.515,17635,17637,17635,1,-1
2021-11-25 15:28:25.979,17635,17636,17636,4,4
2021-11-25 15:28:26.778,17636,17637,17636,1,-1
2021-11-25 15:28:34.002,17636,17637,17637,2,2
2021-11-25 15:28:34.044,17637,17638,17637,1,-1
2021-11-25 15:28:34.430,17636,17637,17637,1,1
2021-11-25 15:28:35.099,17636,17638,17638,4,4
2021-11-25 15:28:36.891,17637,17638,17638,1,1
2021-11-25 15:28:38.412,17638,17639,17639,1,1
2021-11-25 15:28:40.023,17639,17640,17640,1,1
2021-11-25 15:28:43.584,17639,17640,17640,3,3
2021-11-25 15:28:43.588,17639,17640,17640,3,3
2021-11-25 15:28:44.465,17639,17640,17640,1,1
2021-11-25 15:28:44.617,17639,17640,17640,1,1
2021-11-25 15:28:46.097,17639,17640,17640,2,2
2021-11-25 15:28:47.653,17640,17641,17640,1,-1
2021-11-25 15:28:47.683,17639,17640,17640,1,1
2021-11-25 15:28:50.686,17640,17641,17640,1,-1
2021-11-25 15:28:51.230,17639,17640,17640,1,1
2021-11-25 15:28:56.314,17639,17640,17640,1,1
2021-11-25 15:28:56.509,17639,17640,17640,1,1
2021-11-25 15:28:56.957,17639,17640,17639,1,-1
2021-11-25 15:28:59.126,17639,17640,17639,1,-1
2021-11-25 15:29:08.321,17639,17640,17640,1,1
2021-11-25 15:29:12.929,17639,17640,17640,1,1
2021-11-25 15:29:21.825,17639,17640,17640,3,3
2021-11-25 15:29:21.825,17639,17640,17641,4,4
2021-11-25 15:29:26.732,17640,17641,17640,2,-2
2021-11-25 15:29:30.404,17639,17640,17640,1,1
2021-11-25 15:29:39.023,17640,17641,17640,1,-1
2021-11-25 15:29:42.628,17640,17641,17640,1,-1
2021-11-25 15:29:50.962,17640,17641,17640,1,-1
2021-11-25 15:29:55.485,17640,17641,17641,2,2
2021-11-25 15:29:57.406,17640,17641,17641,1,1
2021-11-25 15:29:57.406,17640,17641,17641,1,1
2021-11-25 15:29:58.910,17641,17642,17642,1,1
2021-11-25 15:29:59.510,17641,17642,17641,1,-1
2021-11-25 15:30:01.783,17641,17642,17642,2,2
2021-11-25 15:30:02.072,17641,17642,17641,1,-1
2021-11-25 15:30:02.140,17641,17642,17641,1,-1
2021-11-25 15:30:02.141,17641,17642,17641,2,-2
2021-11-25 15:30:02.359,17640,17641,17640,2,-2
2021-11-25 15:30:02.457,17640,17641,17641,4,4
2021-11-25 15:30:02.457,17640,17641,17642,18,18
2021-11-25 15:30:02.559,17641,17642,17641,2,-2
2021-11-25 15:30:02.921,17640,17642,17642,1,1
2021-11-25 15:30:10.564,17640,17642,17642,1,1
2021-11-25 15:30:12.565,17640,17642,17642,1,1
2021-11-25 15:30:13.324,17640,17641,17640,3,-3
2021-11-25 15:30:16.189,17640,17641,17641,1,1
2021-11-25 15:30:17.162,17640,17641,17641,2,2
2021-11-25 15:30:21.612,17641,17642,17641,1,-1
2021-11-25 15:30:23.426,17641,17642,17641,1,-1
2021-11-25 15:30:33.084,17641,17642,17642,1,1
2021-11-25 15:30:42.005,17641,17642,17641,1,-1
2021-11-25 15:30:42.912,17641,17642,17641,1,-1
2021-11-25 15:30:45.057,17641,17642,17641,1,-1
2021-11-25 15:30:50.394,17640,17641,17640,1,-1
2021-11-25 15:30:52.410,17640,17641,17641,2,2
2021-11-25 15:30:52.892,17641,17642,17641,1,-1
2021-11-25 15:30:55.761,17641,17642,17642,1,1
2021-11-25 15:30:59.225,17641,17642,17641,1,-1
2021-11-25 15:31:00.225,17641,17642,17642,1,1
2021-11-25 15:31:00.226,17641,17642,17642,1,1
2021-11-25 15:31:00.226,17641,17642,17642,2,2
2021-11-25 15:31:03.406,17642,17643,17643,1,1
2021-11-25 15:31:03.407,17642,17643,17643,4,4
2021-11-25 15:31:03.407,17642,17643,17643,2,2
2021-11-25 15:31:03.568,17643,17644,17643,1,-1
2021-11-25 15:31:05.194,17643,17644,17644,1,1
2021-11-25 15:31:05.381,17643,17644,17644,1,1
2021-11-25 15:31:05.560,17643,17644,17644,1,1
2021-11-25 15:31:10.636,17643,17644,17644,1,1
2021-11-25 15:31:12.225,17643,17644,17644,4,4
2021-11-25 15:31:14.623,17643,17644,17644,8,8
2021-11-25 15:31:15.648,17644,17645,17645,1,1
2021-11-25 15:31:15.679,17644,17645,17645,1,1
2021-11-25 15:31:17.062,17644,17645,17645,1,1
2021-11-25 15:31:21.795,17644,17645,17645,1,1
2021-11-25 15:31:24.689,17644,17645,17645,1,1
2021-11-25 15:31:25.746,17644,17645,17644,1,-1
2021-11-25 15:31:26.224,17644,17645,17645,4,4
2021-11-25 15:31:26.518,17644,17645,17645,1,1
2021-11-25 15:31:26.945,17644,17645,17645,1,1
2021-11-25 15:31:31.862,17645,17646,17646,6,6
2021-11-25 15:31:33.239,17645,17646,17646,1,1
2021-11-25 15:31:35.975,17645,17646,17646,1,1
2021-11-25 15:31:36.181,17645,17646,17646,1,1
2021-11-25 15:31:36.721,17645,17646,17646,1,1
2021-11-25 15:31:39.628,17646,17647,17647,1,1
2021-11-25 15:31:39.658,17646,17647,17647,1,1
2021-11-25 15:31:39.904,17647,17648,17648,1,1
2021-11-25 15:31:39.905,17647,17648,17648,1,1
2021-11-25 15:31:40.128,17647,17648,17647,1,-1
2021-11-25 15:31:43.048,17646,17647,17646,1,-1
2021-11-25 15:31:43.049,17646,17647,17646,2,-2
2021-11-25 15:31:47.645,17645,17646,17646,1,1
2021-11-25 15:31:48.031,17645,17646,17645,1,-1
2021-11-25 15:31:48.032,17645,17646,17645,1,-1
2021-11-25 15:31:58.350,17645,17646,17646,2,2
2021-11-25 15:31:58.350,17645,17646,17646,1,1
2021-11-25 15:32:01.699,17646,17647,17646,1,-1
2021-11-25 15:32:12.441,17645,17646,17645,1,-1
2021-11-25 15:32:16.076,17645,17646,17645,1,-1
2021-11-25 15:32:24.801,17645,17646,17646,1,1
2021-11-25 15:32:34.035,17645,17646,17646,1,1
2021-11-25 15:32:36.002,17645,17646,17646,1,1
2021-11-25 15:32:53.164,17645,17646,17646,1,1
2021-11-25 15:32:53.165,17645,17646,17646,1,1
2021-11-25 15:33:00.119,17645,17646,17645,1,-1
2021-11-25 15:33:00.120,17645,17646,17645,3,-3
2021-11-25 15:33:10.842,17644,17645,17645,7,7
2021-11-25 15:33:13.340,17645,17646,17645,1,-1
2021-11-25 15:33:20.549,17645,17646,17646,1,1
2021-11-25 15:33:33.667,17645,17646,17646,1,1
2021-11-25 15:33:36.105,17645,17646,17646,1,1
2021-11-25 15:33:39.683,17645,17646,17645,1,-1
2021-11-25 15:33:39.683,17645,17646,17645,1,-1
2021-11-25 15:33:42.607,17644,17645,17645,1,1
2021-11-25 15:33:44.701,17644,17645,17645,1,1
2021-11-25 15:33:59.179,17645,17646,17645,2,-2
2021-11-25 15:34:08.988,17645,17646,17645,1,-1
2021-11-25 15:34:10.654,17645,17646,17646,3,3
2021-11-25 15:34:10.759,17645,17647,17647,1,1
2021-11-25 15:34:10.763,17645,17647,17647,1,1
2021-11-25 15:34:10.764,17645,17647,17647,1,1
2021-11-25 15:34:10.806,17647,17648,17648,2,2
2021-11-25 15:34:10.807,17647,17648,17648,4,4
2021-11-25 15:34:16.897,17648,17649,17648,1,-1
2021-11-25 15:34:19.134,17648,17649,17649,1,1
2021-11-25 15:34:19.263,17648,17649,17649,1,1
2021-11-25 15:34:24.320,17648,17649,17649,1,1
2021-11-25 15:34:25.206,17648,17649,17648,1,-1
2021-11-25 15:34:27.373,17648,17649,17648,1,-1
2021-11-25 15:34:35.126,17648,17649,17648,1,-1
2021-11-25 15:34:35.372,17647,17649,17649,3,3
2021-11-25 15:34:45.223,17647,17649,17649,1,1
2021-11-25 15:34:58.570,17648,17649,17648,1,-1
2021-11-25 15:35:01.001,17648,17649,17649,2,2
2021-11-25 15:35:01.438,17648,17649,17649,1,1
2021-11-25 15:35:01.438,17648,17649,17650,1,1
2021-11-25 15:35:01.622,17648,17650,17650,5,5
2021-11-25 15:35:05.589,17650,17651,17651,1,1
2021-11-25 15:35:05.785,17650,17651,17651,1,1
2021-11-25 15:35:05.844,17650,17651,17651,1,1
2021-11-25 15:35:16.437,17650,17651,17651,1,1
2021-11-25 15:35:22.433,17650,17651,17650,4,-4
2021-11-25 15:35:22.435,17650,17651,17649,2,-2
2021-11-25 15:35:22.474,17650,17651,17648,1,-1
2021-11-25 15:35:24.169,17647,17648,17648,1,1
2021-11-25 15:35:25.055,17647,17649,17649,6,6
2021-11-25 15:35:25.095,17647,17649,17649,1,1
2021-11-25 15:35:27.214,17647,17648,17648,1,1
2021-11-25 15:35:32.587,17647,17648,17647,1,-1
2021-11-25 15:35:34.311,17647,17648,17648,1,1
2021-11-25 15:35:43.244,17647,17649,17649,1,1
2021-11-25 15:35:45.471,17648,17650,17649,1,1
2021-11-25 15:35:48.479,17648,17650,17649,1,1
2021-11-25 15:35:51.128,17647,17649,17649,5,5
2021-11-25 15:35:51.128,17647,17649,17650,6,6
2021-11-25 15:35:51.253,17649,17651,17650,1,1
2021-11-25 15:35:53.597,17649,17650,17650,1,1
2021-11-25 15:35:54.672,17649,17650,17650,1,1
2021-11-25 15:35:55.688,17649,17650,17650,1,1
2021-11-25 15:35:57.185,17649,17650,17650,1,1
2021-11-25 15:36:02.543,17649,17650,17649,1,-1
2021-11-25 15:36:07.928,17647,17649,17649,3,3
2021-11-25 15:36:17.809,17648,17649,17649,1,1
2021-11-25 15:36:24.595,17648,17649,17648,1,-1
2021-11-25 15:36:28.344,17648,17649,17649,1,1
2021-11-25 15:36:32.558,17649,17650,17649,1,-1
2021-11-25 15:36:43.557,17649,17650,17649,1,-1
2021-11-25 15:37:01.537,17648,17649,17649,1,1
2021-11-25 15:37:01.686,17648,17650,17648,1,-1
2021-11-25 15:37:04.303,17648,17650,17648,1,-1
2021-11-25 15:37:30.681,17648,17649,17648,1,-1
2021-11-25 15:37:42.235,17648,17649,17648,2,-2
2021-11-25 15:37:54.064,17648,17649,17648,3,-3
2021-11-25 15:37:54.064,17648,17649,17647,1,-1
2021-11-25 15:38:02.059,17647,17648,17647,1,-1
2021-11-25 15:38:09.369,17647,17648,17647,1,-1
2021-11-25 15:38:10.425,17647,17648,17648,1,1
2021-11-25 15:38:18.836,17647,17648,17647,2,-2
2021-11-25 15:38:31.602,17647,17648,17647,2,-2
2021-11-25 15:38:38.053,17647,17648,17647,1,-1
2021-11-25 15:38:38.171,17646,17648,17647,3,3
2021-11-25 15:38:42.580,17646,17647,17646,1,-1
2021-11-25 15:38:42.713,17646,17647,17646,2,-2
2021-11-25 15:38:43.721,17646,17647,17646,1,-1
2021-11-25 15:38:46.951,17646,17647,17646,1,-1
2021-11-25 15:38:48.368,17646,17647,17646,1,-1
2021-11-25 15:38:53.151,17646,17647,17646,2,-2
2021-11-25 15:38:59.332,17646,17647,17646,1,-1
2021-11-25 15:39:01.700,17645,17646,17645,2,-2
2021-11-25 15:39:02.367,17645,17646,17645,1,-1
2021-11-25 15:39:06.228,17645,17646,17646,2,2
2021-11-25 15:39:06.230,17645,17646,17647,2,2
2021-11-25 15:39:10.168,17646,17648,17646,2,-2
2021-11-25 15:39:13.710,17647,17648,17648,2,2
2021-11-25 15:39:13.710,17647,17648,17648,2,2
2021-11-25 15:39:16.838,17648,17649,17648,1,-1
2021-11-25 15:39:22.843,17647,17649,17647,2,-2
2021-11-25 15:39:26.880,17647,17649,17647,1,-1
2021-11-25 15:39:31.297,17647,17649,17647,1,-1
2021-11-25 15:39:31.600,17647,17649,17647,1,-1
2021-11-25 15:39:32.832,17647,17649,17647,2,-2
2021-11-25 15:39:50.675,17647,17649,17647,1,-1
2021-11-25 15:39:59.788,17647,17649,17647,1,-1
2021-11-25 15:39:59.960,17647,17649,17649,4,4
2021-11-25 15:40:00.860,17649,17650,17650,1,1
2021-11-25 15:40:00.860,17649,17650,17650,1,1
2021-11-25 15:40:01.110,17649,17650,17649,1,-1
2021-11-25 15:40:01.637,17648,17650,17648,1,-1
2021-11-25 15:40:02.226,17648,17650,17650,1,1
2021-11-25 15:40:06.671,17649,17650,17649,1,-1
2021-11-25 15:40:22.915,17647,17649,17647,2,-2
2021-11-25 15:41:13.913,17647,17648,17647,1,-1
2021-11-25 15:41:19.134,17647,17648,17647,1,-1
2021-11-25 15:41:19.649,17647,17648,17647,1,-1
2021-11-25 15:41:30.489,17646,17647,17646,1,-1
2021-11-25 15:41:35.277,17645,17646,17646,1,1
2021-11-25 15:42:03.401,17645,17646,17646,1,1
2021-11-25 15:42:03.401,17645,17646,17647,1,1
2021-11-25 15:42:07.575,17645,17647,17645,1,-1
2021-11-25 15:42:08.075,17645,17647,17645,1,-1
2021-11-25 15:42:08.075,17645,17647,17645,1,-1
2021-11-25 15:42:08.076,17645,17647,17645,1,-1
2021-11-25 15:42:26.358,17646,17647,17646,1,-1
2021-11-25 15:42:38.805,17646,17647,17647,1,1
2021-11-25 15:43:02.549,17647,17648,17647,1,-1
2021-11-25 15:43:05.474,17647,17648,17647,1,-1
2021-11-25 15:43:32.556,17647,17648,17648,3,3
2021-11-25 15:43:35.980,17647,17648,17648,2,2
2021-11-25 15:43:48.197,17648,17649,17648,2,-2
2021-11-25 15:43:54.793,17648,17649,17648,1,-1
2021-11-25 15:44:18.271,17647,17649,17649,1,1
2021-11-25 15:44:19.884,17647,17649,17647,2,-2
2021-11-25 15:44:43.465,17646,17647,17646,4,-4
2021-11-25 15:44:51.283,17645,17646,17646,1,1
2021-11-25 15:44:54.960,17645,17647,17647,1,1
2021-11-25 15:45:11.768,17646,17647,17647,1,1
2021-11-25 15:45:11.769,17646,17647,17647,1,1
2021-11-25 15:45:17.762,17647,17648,17647,3,-3
2021-11-25 15:45:17.772,17647,17648,17646,1,-1
2021-11-25 15:45:17.783,17646,17647,17647,1,1
2021-11-25 15:45:17.783,17646,17647,17647,1,1
2021-11-25 15:45:23.171,17646,17648,17648,2,2
2021-11-25 15:45:27.410,17647,17649,17649,1,1
2021-11-25 15:45:27.411,17647,17649,17649,2,2
2021-11-25 15:45:40.996,17649,17650,17650,15,15
2021-11-25 15:45:42.457,17650,17651,17651,1,1
2021-11-25 15:45:42.457,17650,17651,17651,2,2
2021-11-25 15:45:43.578,17650,17651,17651,1,1
2021-11-25 15:45:43.578,17650,17651,17651,2,2
2021-11-25 15:45:44.900,17650,17651,17651,3,3
2021-11-25 15:45:44.900,17650,17651,17652,1,1
2021-11-25 15:45:44.900,17650,17651,17652,1,1
2021-11-25 15:45:44.970,17650,17652,17652,1,1
2021-11-25 15:45:44.970,17650,17652,17652,1,1
2021-11-25 15:45:44.979,17650,17652,17652,1,1
2021-11-25 15:45:45.999,17650,17652,17652,1,1
2021-11-25 15:45:49.099,17651,17652,17651,1,-1
2021-11-25 15:45:50.204,17650,17652,17652,1,1
2021-11-25 15:45:50.773,17650,17652,17650,2,-2
2021-11-25 15:45:52.062,17650,17652,17652,1,1
2021-11-25 15:45:54.956,17649,17651,17651,1,1
2021-11-25 15:45:55.239,17649,17651,17651,2,2
2021-11-25 15:45:58.808,17650,17652,17651,1,1
2021-11-25 15:45:59.207,17650,17652,17651,1,1
2021-11-25 15:45:59.657,17650,17652,17652,1,1
2021-11-25 15:46:05.623,17650,17652,17650,1,-1
2021-11-25 15:46:06.072,17650,17652,17652,1,1
2021-11-25 15:46:06.158,17651,17652,17652,1,1
2021-11-25 15:46:06.158,17651,17652,17652,1,1
2021-11-25 15:46:06.158,17651,17652,17652,1,1
2021-11-25 15:46:06.158,17651,17652,17652,1,1
2021-11-25 15:46:06.158,17651,17652,17652,1,1
2021-11-25 15:46:06.159,17651,17652,17652,1,1
2021-11-25 15:46:06.159,17651,17652,17652,1,1
2021-11-25 15:46:25.565,17651,17652,17652,1,1
2021-11-25 15:46:25.566,17651,17652,17652,2,2
2021-11-25 15:46:25.657,17651,17652,17652,1,1
2021-11-25 15:46:25.658,17651,17652,17652,1,1
2021-11-25 15:46:25.658,17651,17652,17652,1,1
2021-11-25 15:46:25.658,17651,17652,17652,1,1
2021-11-25 15:46:25.658,17651,17652,17653,1,1
2021-11-25 15:46:25.757,17651,17652,17653,1,1
2021-11-25 15:46:25.758,17651,17652,17652,1,1
2021-11-25 15:46:25.879,17651,17653,17653,1,1
2021-11-25 15:46:26.287,17651,17653,17653,1,1
2021-11-25 15:46:26.407,17651,17653,17653,1,1
2021-11-25 15:46:26.407,17651,17653,17653,1,1
2021-11-25 15:46:26.407,17651,17653,17653,1,1
2021-11-25 15:46:26.408,17651,17653,17653,1,1
2021-11-25 15:46:26.408,17651,17653,17653,1,1
2021-11-25 15:46:26.408,17651,17653,17653,1,1
2021-11-25 15:46:26.408,17651,17653,17653,1,1
2021-11-25 15:46:26.408,17651,17653,17653,1,1
2021-11-25 15:46:26.408,17651,17653,17653,1,1
2021-11-25 15:46:26.408,17651,17653,17653,1,1
2021-11-25 15:46:26.408,17651,17653,17653,1,1
2021-11-25 15:46:26.408,17651,17653,17653,1,1
2021-11-25 15:46:26.408,17651,17653,17653,1,1
2021-11-25 15:46:26.408,17651,17653,17654,1,1
2021-11-25 15:46:26.538,17652,17654,17654,1,1
2021-11-25 15:46:26.619,17652,17654,17654,1,1
2021-11-25 15:46:30.970,17651,17653,17653,1,1
2021-11-25 15:46:31.033,17652,17653,17653,1,1
2021-11-25 15:46:31.033,17652,17653,17653,1,1
2021-11-25 15:46:31.033,17652,17653,17653,1,1
2021-11-25 15:46:31.033,17652,17653,17654,1,1
2021-11-25 15:46:31.033,17652,17653,17654,1,1
2021-11-25 15:46:31.419,17652,17654,17652,1,-1
2021-11-25 15:46:32.766,17651,17653,17653,9,9
2021-11-25 15:46:32.766,17651,17653,17654,16,16
2021-11-25 15:46:32.768,17651,17653,17654,1,1
2021-11-25 15:46:33.025,17653,17655,17653,1,-1
2021-11-25 15:46:37.682,17653,17655,17654,1,1
2021-11-25 15:46:40.337,17653,17654,17653,1,-1
2021-11-25 15:46:40.408,17652,17654,17654,1,1
2021-11-25 15:46:40.408,17652,17654,17654,1,1
2021-11-25 15:46:40.408,17652,17654,17654,1,1
2021-11-25 15:46:40.408,17652,17654,17654,1,1
2021-11-25 15:46:40.493,17652,17654,17654,1,1
2021-11-25 15:46:41.534,17652,17654,17652,1,-1
2021-11-25 15:46:43.299,17652,17654,17652,1,-1
2021-11-25 15:46:44.261,17652,17654,17654,1,1
2021-11-25 15:46:47.475,17652,17654,17653,1,1
2021-11-25 15:46:50.298,17652,17654,17654,1,1
2021-11-25 15:46:50.408,17652,17654,17654,1,1
2021-11-25 15:46:50.408,17652,17654,17654,1,1
2021-11-25 15:47:15.544,17652,17653,17653,1,1
2021-11-25 15:47:22.115,17652,17654,17652,1,-1
2021-11-25 15:47:25.443,17652,17653,17653,1,1
2021-11-25 15:47:27.297,17652,17654,17653,2,2
2021-11-25 15:47:33.312,17652,17653,17652,1,-1
2021-11-25 15:47:35.107,17652,17653,17653,1,1
2021-11-25 15:47:42.909,17652,17653,17652,3,-3
2021-11-25 15:47:49.433,17651,17652,17651,1,-1
2021-11-25 15:47:49.433,17651,17652,17651,2,-2
2021-11-25 15:47:56.587,17651,17652,17651,1,-1
2021-11-25 15:47:56.587,17651,17652,17650,1,-1
2021-11-25 15:47:56.676,17650,17652,17652,2,2
2021-11-25 15:48:09.011,17650,17652,17650,1,-1
2021-11-25 15:48:26.653,17650,17651,17650,5,-5
2021-11-25 15:48:33.339,17649,17651,17649,1,-1
2021-11-25 15:48:36.831,17649,17650,17650,1,1
2021-11-25 15:48:38.883,17650,17651,17650,1,-1
2021-11-25 15:48:41.002,17650,17651,17650,1,-1
2021-11-25 15:49:11.290,17650,17651,17651,1,1
2021-11-25 15:49:21.158,17650,17651,17651,2,2
2021-11-25 15:49:21.283,17650,17652,17652,1,1
2021-11-25 15:49:23.233,17650,17652,17652,1,1
2021-11-25 15:49:27.497,17650,17652,17652,2,2
2021-11-25 15:49:33.314,17651,17652,17651,1,-1
2021-11-25 15:50:00.553,17650,17651,17651,1,1
2021-11-25 15:50:11.209,17650,17651,17650,1,-1
2021-11-25 15:50:11.209,17650,17651,17650,4,-4
2021-11-25 15:50:11.209,17650,17651,17650,1,-1
2021-11-25 15:50:13.668,17649,17650,17650,1,1
2021-11-25 15:50:43.578,17649,17650,17649,4,-4
2021-11-25 15:50:43.578,17649,17650,17649,2,-2
2021-11-25 15:50:50.433,17648,17649,17649,1,1
2021-11-25 15:51:03.142,17648,17649,17648,1,-1
2021-11-25 15:51:05.341,17648,17649,17649,1,1
2021-11-25 15:51:20.917,17648,17649,17648,2,-2
2021-11-25 15:52:06.796,17648,17649,17649,1,1
2021-11-25 15:52:08.053,17648,17649,17649,1,1
2021-11-25 15:52:27.500,17648,17649,17649,2,2
2021-11-25 15:52:31.425,17648,17649,17649,2,2
2021-11-25 15:52:39.463,17647,17649,17647,1,-1
2021-11-25 15:53:02.253,17648,17649,17648,1,-1
2021-11-25 15:53:03.868,17647,17649,17647,1,-1
2021-11-25 15:53:20.269,17647,17648,17647,3,-3
2021-11-25 15:54:04.559,17646,17647,17646,2,-2
2021-11-25 15:54:05.047,17646,17647,17646,2,-2
2021-11-25 15:54:10.388,17645,17646,17645,2,-2
2021-11-25 15:54:10.429,17645,17646,17645,1,-1
2021-11-25 15:54:12.142,17645,17646,17645,6,-6
2021-11-25 15:54:12.142,17645,17646,17644,14,-14
2021-11-25 15:54:12.142,17645,17646,17643,3,-3
2021-11-25 15:54:12.249,17643,17645,17643,1,-1
2021-11-25 15:54:14.632,17643,17644,17643,1,-1
2021-11-25 15:54:15.788,17643,17644,17643,1,-1
2021-11-25 15:54:22.115,17643,17644,17643,2,-2
2021-11-25 15:54:29.207,17643,17644,17643,1,-1
2021-11-25 15:54:51.601,17643,17644,17644,1,1
2021-11-25 15:54:53.914,17644,17645,17645,1,1
2021-11-25 15:54:57.565,17644,17645,17645,1,1
2021-11-25 15:55:01.868,17644,17646,17644,1,-1
2021-11-25 15:55:02.046,17644,17645,17644,1,-1
2021-11-25 15:55:02.321,17644,17645,17645,1,1
2021-11-25 15:55:02.323,17644,17645,17646,1,1
2021-11-25 15:55:02.333,17644,17645,17646,1,1
2021-11-25 15:55:02.350,17644,17645,17644,1,-1
2021-11-25 15:55:02.739,17644,17646,17644,1,-1
2021-11-25 15:55:02.767,17644,17646,17644,1,-1
2021-11-25 15:55:03.808,17644,17646,17644,1,-1
2021-11-25 15:55:03.827,17644,17646,17644,1,-1
2021-11-25 15:55:06.006,17644,17646,17644,1,-1
2021-11-25 15:55:07.449,17644,17646,17645,1,1
2021-11-25 15:55:20.519,17645,17646,17645,1,-1
2021-11-25 15:55:29.871,17644,17645,17645,1,1
2021-11-25 15:55:29.872,17644,17645,17645,1,1
2021-11-25 15:55:30.046,17644,17646,17644,1,-1
2021-11-25 15:55:41.305,17643,17645,17645,1,1
2021-11-25 15:55:49.389,17643,17645,17643,1,-1
2021-11-25 15:55:52.720,17643,17645,17643,1,-1
2021-11-25 15:55:54.534,17643,17645,17643,1,-1
2021-11-25 15:56:03.039,17643,17645,17645,2,2
2021-11-25 15:56:11.595,17643,17645,17644,1,1
2021-11-25 15:56:25.099,17643,17644,17644,1,1
2021-11-25 15:56:27.073,17643,17645,17643,1,-1
2021-11-25 15:56:28.531,17643,17645,17644,1,1
2021-11-25 15:56:47.747,17643,17644,17644,1,1
2021-11-25 15:56:51.001,17643,17645,17643,1,-1
2021-11-25 15:57:05.061,17643,17644,17644,1,1
2021-11-25 15:57:13.969,17643,17644,17643,4,-4
2021-11-25 15:57:20.239,17643,17644,17644,1,1
2021-11-25 15:57:20.321,17643,17644,17643,2,-2
2021-11-25 15:57:25.804,17642,17644,17643,1,1
2021-11-25 15:57:28.345,17643,17644,17643,4,-4
2021-11-25 15:57:35.253,17643,17644,17643,1,-1
2021-11-25 15:57:38.432,17643,17644,17643,1,-1
2021-11-25 15:57:46.461,17642,17644,17642,2,-2
2021-11-25 15:57:57.150,17642,17643,17642,1,-1
2021-11-25 15:58:04.340,17642,17643,17642,1,-1
2021-11-25 15:58:08.652,17642,17643,17642,1,-1
2021-11-25 15:58:15.045,17642,17643,17642,3,-3
2021-11-25 15:58:15.107,17642,17643,17642,8,-8
2021-11-25 15:58:16.687,17641,17643,17643,5,5
2021-11-25 15:58:22.358,17641,17643,17641,1,-1
2021-11-25 15:58:29.371,17641,17643,17641,1,-1
2021-11-25 15:58:34.343,17641,17643,17641,1,-1
2021-11-25 15:58:41.334,17641,17642,17642,1,1
2021-11-25 15:58:54.189,17641,17642,17642,1,1
2021-11-25 15:59:00.516,17641,17642,17641,1,-1
2021-11-25 15:59:01.875,17641,17642,17641,6,-6
2021-11-25 15:59:04.073,17640,17642,17640,1,-1
2021-11-25 15:59:04.219,17640,17642,17640,5,-5
2021-11-25 15:59:04.220,17640,17642,17640,1,-1
2021-11-25 15:59:04.221,17640,17642,17640,1,-1
2021-11-25 15:59:04.287,17640,17641,17640,1,-1
2021-11-25 15:59:04.288,17640,17641,17640,11,-11
2021-11-25 15:59:07.563,17639,17640,17640,1,1
2021-11-25 15:59:12.726,17640,17641,17640,1,-1
2021-11-25 15:59:15.228,17640,17641,17640,1,-1
2021-11-25 15:59:15.480,17639,17640,17639,1,-1
2021-11-25 15:59:15.591,17639,17640,17639,1,-1
2021-11-25 15:59:17.693,17639,17640,17640,2,2
2021-11-25 15:59:25.212,17640,17641,17640,1,-1
2021-11-25 15:59:32.097,17639,17640,17639,1,-1
2021-11-25 15:59:40.514,17639,17640,17639,2,-2
2021-11-25 15:59:42.320,17639,17640,17639,1,-1
2021-11-25 15:59:43.174,17639,17640,17639,1,-1
2021-11-25 15:59:43.365,17639,17640,17639,1,-1
2021-11-25 15:59:54.807,17638,17639,17639,1,1
2021-11-25 16:00:00.130,17638,17639,17639,3,3
2021-11-25 16:00:00.130,17638,17639,17639,1,1
2021-11-25 16:00:00.164,17639,17640,17640,1,1
2021-11-25 16:00:00.164,17639,17640,17640,3,3
2021-11-25 16:00:00.164,17639,17640,17640,4,4
2021-11-25 16:00:00.164,17639,17640,17640,1,1
2021-11-25 16:00:00.164,17639,17640,17640,4,4
2021-11-25 16:00:00.516,17639,17641,17639,1,-1
2021-11-25 16:00:00.598,17639,17641,17639,1,-1
2021-11-25 16:00:00.646,17639,17641,17639,1,-1
2021-11-25 16:00:00.666,17639,17641,17639,1,-1
2021-11-25 16:00:00.686,17639,17641,17639,1,-1
2021-11-25 16:00:00.701,17639,17641,17639,1,-1
2021-11-25 16:00:00.746,17639,17641,17639,1,-1
2021-11-25 16:00:00.903,17639,17640,17639,1,-1
2021-11-25 16:00:00.903,17639,17640,17638,3,-3
2021-11-25 16:00:00.955,17638,17640,17638,4,-4
2021-11-25 16:00:01.185,17638,17640,17638,1,-1
2021-11-25 16:00:01.301,17638,17640,17638,3,-3
2021-11-25 16:00:01.490,17638,17640,17639,2,2
2021-11-25 16:00:01.490,17638,17640,17638,6,-6
2021-11-25 16:00:01.496,17638,17640,17638,1,-1
2021-11-25 16:00:01.577,17638,17640,17638,8,-8
2021-11-25 16:00:01.579,17638,17640,17638,1,-1
2021-11-25 16:00:01.599,17638,17640,17637,7,-7
2021-11-25 16:00:01.599,17638,17640,17636,1,-1
2021-11-25 16:00:01.601,17638,17640,17636,1,-1
2021-11-25 16:00:01.610,17638,17640,17636,1,-1
2021-11-25 16:00:01.630,17638,17640,17636,1,-1
2021-11-25 16:00:01.636,17638,17640,17636,2,-2
2021-11-25 16:00:01.710,17636,17638,17636,2,-2
2021-11-25 16:00:01.726,17636,17638,17636,1,-1
2021-11-25 16:00:01.738,17636,17638,17636,1,-1
2021-11-25 16:00:01.820,17636,17637,17636,1,-1
2021-11-25 16:00:01.864,17636,17637,17636,1,-1
2021-11-25 16:00:02.050,17636,17638,17636,2,-2
2021-11-25 16:00:02.065,17636,17638,17636,1,-1
2021-11-25 16:00:05.229,17636,17638,17636,1,-1
2021-11-25 16:00:09.706,17637,17639,17639,2,2
2021-11-25 16:00:09.748,17637,17639,17639,1,1
2021-11-25 16:00:11.139,17639,17640,17639,1,-1
2021-11-25 16:00:11.158,17638,17640,17638,1,-1
2021-11-25 16:00:20.001,17637,17640,17638,1,-1
2021-11-25 16:00:28.187,17639,17640,17640,4,4
2021-11-25 16:00:28.188,17639,17640,17640,1,1
2021-11-25 16:00:28.283,17640,17641,17640,1,-1
2021-11-25 16:00:28.283,17640,17641,17639,1,-1
2021-11-25 16:00:28.283,17640,17641,17639,1,-1
2021-11-25 16:00:28.780,17639,17641,17639,4,-4
2021-11-25 16:00:37.766,17638,17639,17638,3,-3
2021-11-25 16:00:37.767,17638,17639,17638,4,-4
2021-11-25 16:00:37.783,17636,17638,17636,1,-1
2021-11-25 16:00:37.783,17636,17638,17636,1,-1
2021-11-25 16:00:37.783,17636,17638,17635,1,-1
2021-11-25 16:00:38.555,17636,17637,17636,1,-1
2021-11-25 16:00:40.946,17635,17636,17636,2,2
2021-11-25 16:00:41.468,17635,17636,17636,1,1
2021-11-25 16:00:42.915,17635,17636,17635,2,-2
2021-11-25 16:00:43.482,17635,17636,17635,13,-13
2021-11-25 16:00:46.853,17634,17636,17634,2,-2
2021-11-25 16:00:47.338,17634,17636,17634,2,-2
2021-11-25 16:00:47.727,17634,17636,17634,1,-1
2021-11-25 16:00:53.859,17635,17636,17636,1,1
2021-11-25 16:00:57.570,17636,17637,17636,2,-2
2021-11-25 16:00:58.220,17636,17637,17636,1,-1
2021-11-25 16:01:00.065,17636,17637,17637,1,1
2021-11-25 16:01:06.924,17636,17637,17636,2,-2
2021-11-25 16:01:07.079,17636,17637,17637,1,1
2021-11-25 16:01:12.779,17637,17638,17638,1,1
2021-11-25 16:01:13.815,17637,17638,17638,1,1
2021-11-25 16:01:17.274,17638,17639,17638,1,-1
2021-11-25 16:01:20.639,17637,17639,17637,1,-1
2021-11-25 16:01:20.657,17637,17639,17639,1,1
2021-11-25 16:01:21.182,17638,17639,17639,1,1
2021-11-25 16:01:25.871,17638,17639,17638,1,-1
2021-11-25 16:01:25.872,17638,17639,17638,2,-2
2021-11-25 16:01:27.333,17637,17638,17638,1,1
2021-11-25 16:01:31.316,17637,17638,17638,2,2
2021-11-25 16:01:31.407,17637,17638,17638,1,1
2021-11-25 16:01:31.407,17637,17638,17638,1,1
2021-11-25 16:01:31.408,17637,17638,17638,1,1
2021-11-25 16:01:33.135,17637,17639,17639,1,1
2021-11-25 16:01:39.134,17638,17639,17638,1,-1
2021-11-25 16:01:43.101,17637,17638,17638,1,1
2021-11-25 16:01:46.911,17637,17638,17637,1,-1
2021-11-25 16:01:48.487,17637,17638,17638,1,1
2021-11-25 16:01:53.140,17637,17638,17638,1,1
2021-11-25 16:01:53.398,17637,17638,17638,1,1
2021-11-25 16:01:53.485,17637,17638,17638,1,1
2021-11-25 16:01:53.663,17638,17639,17639,6,6
2021-11-25 16:01:59.480,17640,17642,17640,1,-1
2021-11-25 16:02:10.022,17640,17641,17641,1,1
2021-11-25 16:02:10.943,17640,17642,17642,1,1
2021-11-25 16:02:17.297,17640,17641,17641,2,2
2021-11-25 16:02:17.817,17640,17641,17641,2,2
2021-11-25 16:02:18.905,17640,17642,17642,1,1
2021-11-25 16:02:20.519,17640,17641,17640,1,-1
2021-11-25 16:02:29.918,17640,17641,17640,1,-1
2021-11-25 16:02:36.395,17640,17641,17641,1,1
2021-11-25 16:02:40.811,17640,17642,17641,1,1
2021-11-25 16:02:41.555,17641,17642,17641,2,-2
2021-11-25 16:02:49.358,17641,17642,17642,1,1
2021-11-25 16:02:56.136,17641,17642,17641,1,-1
2021-11-25 16:02:56.813,17641,17642,17641,1,-1
2021-11-25 16:02:58.120,17640,17642,17641,1,1
2021-11-25 16:03:04.264,17641,17642,17642,1,1
2021-11-25 16:03:06.169,17641,17642,17641,1,-1
2021-11-25 16:03:27.152,17641,17642,17642,1,1
2021-11-25 16:03:32.052,17641,17642,17642,1,1
2021-11-25 16:03:42.906,17641,17642,17642,4,4
2021-11-25 16:03:44.696,17642,17643,17642,3,-3
2021-11-25 16:03:49.859,17642,17643,17642,1,-1
2021-11-25 16:03:49.859,17642,17643,17641,5,-5
2021-11-25 16:04:01.187,17642,17643,17642,1,-1
2021-11-25 16:04:02.914,17642,17643,17642,1,-1
2021-11-25 16:04:04.297,17642,17643,17642,1,-1
2021-11-25 16:04:06.484,17642,17643,17642,3,-3
2021-11-25 16:04:06.484,17642,17643,17642,1,-1
2021-11-25 16:04:06.484,17642,17643,17642,1,-1
2021-11-25 16:04:06.808,17641,17642,17642,1,1
2021-11-25 16:04:13.007,17641,17642,17642,1,1
2021-11-25 16:04:17.256,17642,17643,17642,1,-1
2021-11-25 16:04:24.857,17642,17643,17642,1,-1
2021-11-25 16:04:25.575,17642,17643,17642,2,-2
2021-11-25 16:04:25.620,17642,17643,17642,1,-1
2021-11-25 16:04:25.620,17642,17643,17641,1,-1
2021-11-25 16:04:36.409,17641,17643,17642,1,1
2021-11-25 16:04:43.527,17642,17643,17643,1,1
2021-11-25 16:04:43.527,17642,17643,17643,5,5
2021-11-25 16:04:43.527,17642,17643,17643,2,2
2021-11-25 16:04:43.647,17643,17644,17644,4,4
2021-11-25 16:04:47.263,17643,17645,17645,4,4
2021-11-25 16:04:52.972,17643,17645,17645,1,1
2021-11-25 16:04:58.229,17643,17645,17645,1,1
2021-11-25 16:04:58.774,17643,17645,17645,1,1
2021-11-25 16:05:01.959,17643,17644,17643,1,-1
2021-11-25 16:05:01.959,17643,17644,17643,4,-4
2021-11-25 16:05:02.333,17641,17643,17641,4,-4
2021-11-25 16:05:05.515,17641,17643,17643,1,1
2021-11-25 16:05:19.146,17642,17644,17643,1,1
2021-11-25 16:05:29.223,17643,17644,17644,1,1
2021-11-25 16:05:29.230,17643,17644,17644,1,1
2021-11-25 16:05:38.478,17643,17644,17644,2,2
2021-11-25 16:05:50.691,17643,17644,17643,1,-1
2021-11-25 16:05:53.174,17643,17644,17643,3,-3
2021-11-25 16:05:54.023,17642,17643,17643,1,1
2021-11-25 16:06:02.724,17643,17644,17643,1,-1
2021-11-25 16:06:05.905,17642,17643,17642,5,-5
2021-11-25 16:06:12.209,17641,17642,17642,2,2
2021-11-25 16:06:25.999,17641,17642,17641,5,-5
2021-11-25 16:06:26.000,17641,17642,17641,5,-5
2021-11-25 16:06:32.342,17641,17642,17642,1,1
2021-11-25 16:06:34.889,17641,17643,17641,1,-1
2021-11-25 16:06:39.656,17640,17642,17642,1,1
2021-11-25 16:06:46.828,17641,17642,17642,2,2
2021-11-25 16:06:56.086,17641,17643,17641,4,-4
2021-11-25 16:06:56.086,17641,17643,17641,6,-6
2021-11-25 16:07:09.169,17641,17643,17643,2,2
2021-11-25 16:07:49.057,17642,17643,17643,1,1
2021-11-25 16:07:58.394,17643,17644,17643,4,-4
2021-11-25 16:08:03.381,17642,17643,17643,1,1
2021-11-25 16:08:03.650,17642,17643,17643,1,1
2021-11-25 16:08:04.212,17642,17643,17643,1,1
2021-11-25 16:08:07.322,17642,17643,17643,1,1
2021-11-25 16:08:10.606,17642,17643,17643,1,1
2021-11-25 16:08:10.606,17642,17643,17643,1,1
2021-11-25 16:08:20.541,17643,17644,17644,1,1
2021-11-25 16:08:23.437,17643,17644,17644,1,1
2021-11-25 16:08:32.060,17644,17645,17644,1,-1
2021-11-25 16:08:32.508,17643,17645,17645,1,1
2021-11-25 16:08:39.841,17643,17645,17645,10,10
2021-11-25 16:08:40.636,17644,17646,17646,8,8
2021-11-25 16:08:40.638,17644,17646,17646,2,2
2021-11-25 16:08:40.688,17644,17646,17646,1,1
2021-11-25 16:08:40.762,17644,17646,17646,1,1
2021-11-25 16:08:40.769,17644,17646,17646,1,1
2021-11-25 16:08:40.886,17644,17646,17646,2,2
2021-11-25 16:08:40.886,17644,17646,17647,1,1
2021-11-25 16:08:41.060,17645,17647,17647,1,1
2021-11-25 16:08:42.720,17644,17646,17646,4,4
2021-11-25 16:08:51.089,17645,17647,17647,1,1
2021-11-25 16:08:54.417,17646,17647,17647,1,1
2021-11-25 16:08:55.011,17646,17647,17647,1,1
2021-11-25 16:08:55.598,17646,17647,17647,2,2
2021-11-25 16:09:00.506,17646,17647,17647,1,1
2021-11-25 16:09:26.585,17646,17647,17646,4,-4
2021-11-25 16:09:35.543,17645,17646,17645,1,-1
2021-11-25 16:09:35.850,17645,17646,17646,3,3
2021-11-25 16:09:44.003,17646,17647,17646,1,-1
2021-11-25 16:09:47.879,17646,17647,17647,1,1
2021-11-25 16:09:49.613,17646,17648,17648,1,1
2021-11-25 16:09:59.324,17646,17648,17648,1,1
2021-11-25 16:10:01.424,17646,17648,17648,3,3
2021-11-25 16:10:14.834,17647,17648,17648,1,1
2021-11-25 16:10:16.665,17647,17648,17648,1,1
2021-11-25 16:10:16.783,17647,17648,17648,1,1
2021-11-25 16:10:16.783,17647,17648,17648,1,1
2021-11-25 16:10:19.088,17647,17648,17648,1,1
2021-11-25 16:10:27.847,17647,17649,17648,3,3
2021-11-25 16:10:33.181,17647,17649,17648,2,2
2021-11-25 16:10:33.284,17647,17649,17649,1,1
2021-11-25 16:10:37.273,17647,17649,17649,2,2
2021-11-25 16:10:40.495,17648,17649,17649,1,1
2021-11-25 16:10:40.850,17648,17649,17649,1,1
2021-11-25 16:10:40.914,17648,17649,17648,1,-1
2021-11-25 16:10:42.562,17648,17649,17649,1,1
2021-11-25 16:10:45.527,17648,17649,17649,2,2
2021-11-25 16:11:01.211,17648,17649,17649,2,2
2021-11-25 16:11:02.582,17648,17649,17649,1,1
2021-11-25 16:11:03.712,17648,17649,17649,1,1
2021-11-25 16:11:03.807,17648,17649,17649,2,2
2021-11-25 16:11:17.152,17649,17650,17649,6,-6
2021-11-25 16:11:17.347,17648,17650,17649,1,1
2021-11-25 16:11:18.007,17648,17649,17648,1,-1
2021-11-25 16:11:22.298,17647,17649,17647,1,-1
2021-11-25 16:11:33.822,17647,17648,17647,2,-2
2021-11-25 16:11:36.166,17647,17648,17647,1,-1
2021-11-25 16:11:40.753,17647,17648,17648,1,1
2021-11-25 16:11:48.532,17647,17649,17649,1,1
2021-11-25 16:11:54.940,17647,17649,17649,1,1
2021-11-25 16:12:14.406,17647,17648,17648,1,1
2021-11-25 16:12:19.173,17647,17648,17648,1,1
2021-11-25 16:12:44.297,17647,17648,17648,2,2
2021-11-25 16:12:44.798,17648,17649,17648,1,-1
2021-11-25 16:13:05.394,17648,17649,17648,1,-1
2021-11-25 16:13:06.768,17648,17649,17648,1,-1
2021-11-25 16:13:36.758,17648,17649,17648,2,-2
2021-11-25 16:13:36.758,17648,17649,17648,1,-1
2021-11-25 16:13:37.206,17648,17649,17648,1,-1
2021-11-25 16:13:39.247,17648,17649,17648,1,-1
2021-11-25 16:13:47.408,17648,17649,17648,1,-1
2021-11-25 16:14:10.599,17647,17648,17648,1,1
2021-11-25 16:14:16.938,17647,17648,17647,1,-1
2021-11-25 16:14:17.125,17646,17647,17647,1,1
2021-11-25 16:14:26.066,17646,17647,17646,2,-2
2021-11-25 16:14:26.067,17646,17647,17646,4,-4
2021-11-25 16:14:37.362,17646,17647,17647,1,1
2021-11-25 16:14:37.362,17646,17647,17648,3,3
2021-11-25 16:14:49.196,17647,17648,17647,1,-1
2021-11-25 16:14:58.526,17647,17648,17647,1,-1
2021-11-25 16:15:01.403,17646,17647,17647,1,1
2021-11-25 16:15:01.710,17647,17648,17648,1,1
2021-11-25 16:15:01.720,17647,17648,17648,1,1
2021-11-25 16:15:02.092,17647,17648,17648,4,4
2021-11-25 16:15:15.018,17648,17649,17648,1,-1
2021-11-25 16:15:32.897,17647,17648,17648,1,1
2021-11-25 16:16:02.132,17647,17649,17648,1,1
2021-11-25 16:16:43.415,17647,17648,17647,9,-9
2021-11-25 16:16:44.995,17646,17647,17646,2,-2
2021-11-25 16:16:45.033,17645,17647,17647,1,1
2021-11-25 16:16:45.034,17645,17647,17647,1,1
2021-11-25 16:17:01.785,17646,17647,17647,1,1
2021-11-25 16:17:05.260,17646,17647,17646,1,-1
2021-11-25 16:17:05.687,17646,17647,17647,1,1
2021-11-25 16:17:06.083,17647,17648,17648,1,1
2021-11-25 16:17:09.718,17647,17649,17649,1,1
2021-11-25 16:17:26.265,17648,17649,17649,4,4
2021-11-25 16:17:28.147,17648,17649,17649,1,1
2021-11-25 16:17:36.998,17648,17649,17649,1,1
2021-11-25 16:18:00.006,17648,17649,17648,1,-1
2021-11-25 16:18:00.035,17648,17649,17649,1,1
2021-11-25 16:18:01.482,17648,17649,17649,4,4
2021-11-25 16:18:01.488,17648,17649,17649,1,1
2021-11-25 16:18:01.488,17648,17649,17649,2,2
2021-11-25 16:18:09.519,17649,17650,17650,3,3
2021-11-25 16:18:09.552,17649,17650,17650,1,1
2021-11-25 16:18:18.711,17649,17650,17650,2,2
2021-11-25 16:18:18.711,17649,17650,17650,1,1
2021-11-25 16:18:18.711,17649,17650,17650,4,4
2021-11-25 16:18:18.711,17649,17650,17650,2,2
2021-11-25 16:18:18.712,17649,17650,17650,1,1
2021-11-25 16:18:25.573,17650,17651,17651,1,1
2021-11-25 16:18:30.510,17650,17651,17651,4,4
2021-11-25 16:18:32.042,17650,17651,17651,1,1
2021-11-25 16:18:32.665,17651,17652,17651,1,-1
2021-11-25 16:18:40.309,17650,17651,17651,2,2
2021-11-25 16:18:40.312,17650,17651,17651,1,1
2021-11-25 16:18:45.713,17651,17652,17652,1,1
2021-11-25 16:18:45.802,17651,17652,17652,2,2
2021-11-25 16:18:45.804,17651,17652,17652,2,2
2021-11-25 16:18:45.845,17651,17652,17652,2,2
2021-11-25 16:18:49.835,17651,17652,17652,1,1
2021-11-25 16:18:50.171,17651,17652,17652,1,1
2021-11-25 16:18:53.209,17651,17652,17652,2,2
2021-11-25 16:18:55.222,17651,17652,17652,1,1
2021-11-25 16:18:55.625,17651,17652,17652,1,1
2021-11-25 16:18:55.626,17651,17652,17652,6,6
2021-11-25 16:18:55.821,17651,17653,17653,1,1
2021-11-25 16:18:56.611,17651,17652,17652,1,1
2021-11-25 16:18:56.611,17651,17652,17653,1,1
2021-11-25 16:18:56.622,17651,17652,17653,2,2
2021-11-25 16:18:56.639,17651,17652,17653,2,2
2021-11-25 16:18:58.764,17652,17653,17653,1,1
2021-11-25 16:19:00.825,17652,17653,17653,1,1
2021-11-25 16:19:01.443,17652,17653,17653,1,1
2021-11-25 16:19:10.292,17652,17653,17652,1,-1
2021-11-25 16:19:10.292,17652,17653,17652,1,-1
2021-11-25 16:19:11.631,17651,17653,17653,1,1
2021-11-25 16:19:19.483,17651,17653,17651,5,-5
2021-11-25 16:19:23.484,17650,17652,17650,3,-3
2021-11-25 16:19:23.485,17650,17652,17650,1,-1
2021-11-25 16:19:23.485,17650,17652,17650,3,-3
2021-11-25 16:19:25.243,17649,17650,17650,1,1
2021-11-25 16:19:32.927,17649,17650,17649,4,-4
2021-11-25 16:20:01.017,17649,17650,17649,1,-1
2021-11-25 16:20:01.096,17649,17650,17649,1,-1
2021-11-25 16:20:05.377,17649,17650,17650,1,1
2021-11-25 16:20:25.445,17649,17650,17650,2,2
2021-11-25 16:20:52.530,17649,17650,17650,1,1
2021-11-25 16:20:52.530,17649,17650,17650,4,4
2021-11-25 16:20:52.530,17649,17650,17650,12,12
2021-11-25 16:21:03.328,17650,17651,17650,2,-2
2021-11-25 16:21:07.769,17648,17651,17651,1,1
2021-11-25 16:21:18.775,17649,17650,17650,1,1
2021-11-25 16:21:40.486,17649,17650,17650,1,1
2021-11-25 16:21:58.703,17649,17650,17650,1,1
2021-11-25 16:22:08.747,17649,17650,17650,2,2
2021-11-25 16:22:17.116,17650,17651,17650,1,-1
2021-11-25 16:22:26.779,17650,17651,17650,1,-1
2021-11-25 16:22:39.078,17649,17650,17650,3,3
2021-11-25 16:22:55.409,17650,17651,17650,1,-1
2021-11-25 16:23:00.513,17650,17651,17651,1,1
2021-11-25 16:23:02.592,17650,17651,17651,3,3
2021-11-25 16:23:09.652,17651,17652,17652,1,1
2021-11-25 16:23:19.970,17652,17653,17652,1,-1
2021-11-25 16:23:32.447,17652,17653,17652,1,-1
2021-11-25 16:23:46.529,17651,17652,17652,1,1
2021-11-25 16:23:56.985,17652,17653,17653,3,3
2021-11-25 16:24:00.360,17652,17653,17653,1,1
2021-11-25 16:24:00.501,17652,17653,17653,1,1
2021-11-25 16:24:02.507,17652,17653,17653,1,1
2021-11-25 16:24:02.519,17652,17653,17653,1,1
2021-11-25 16:24:02.604,17652,17653,17653,2,2
2021-11-25 16:24:02.604,17652,17653,17654,1,1
2021-11-25 16:24:02.666,17652,17654,17654,1,1
2021-11-25 16:24:03.116,17652,17654,17654,1,1
2021-11-25 16:24:03.381,17652,17654,17654,1,1
2021-11-25 16:24:03.562,17652,17654,17654,3,3
2021-11-25 16:24:12.477,17653,17654,17654,1,1
2021-11-25 16:24:19.632,17653,17654,17654,2,2
2021-11-25 16:24:19.755,17653,17654,17654,1,1
2021-11-25 16:24:20.398,17653,17654,17653,1,-1
2021-11-25 16:24:21.276,17653,17654,17654,1,1
2021-11-25 16:24:26.261,17653,17654,17653,1,-1
2021-11-25 16:24:31.230,17652,17654,17654,3,3
2021-11-25 16:24:36.091,17652,17654,17654,1,1
2021-11-25 16:24:41.944,17653,17654,17654,1,1
2021-11-25 16:24:45.664,17653,17654,17654,1,1
2021-11-25 16:24:51.450,17653,17654,17654,3,3
2021-11-25 16:24:53.197,17653,17654,17654,1,1
2021-11-25 16:24:55.675,17653,17654,17654,1,1
2021-11-25 16:25:12.133,17653,17654,17654,1,1
2021-11-25 16:25:14.296,17653,17654,17653,6,-6
2021-11-25 16:25:16.217,17650,17652,17651,1,1
2021-11-25 16:25:22.336,17650,17651,17651,1,1
2021-11-25 16:25:33.197,17650,17652,17650,1,-1
2021-11-25 16:25:34.180,17650,17652,17650,4,-4
2021-11-25 16:25:36.539,17650,17652,17650,2,-2
2021-11-25 16:25:43.592,17649,17651,17651,1,1
2021-11-25 16:25:49.275,17649,17651,17649,1,-1
2021-11-25 16:26:03.089,17649,17650,17649,2,-2
2021-11-25 16:26:03.089,17649,17650,17649,2,-2
2021-11-25 16:26:03.089,17649,17650,17649,6,-6
2021-11-25 16:26:03.089,17649,17650,17649,3,-3
2021-11-25 16:26:05.910,17648,17649,17649,2,2
2021-11-25 16:26:13.761,17648,17649,17648,5,-5
2021-11-25 16:26:20.868,17647,17648,17647,1,-1
2021-11-25 16:26:23.124,17647,17648,17647,1,-1
2021-11-25 16:26:23.198,17647,17648,17647,1,-1
2021-11-25 16:26:28.259,17647,17648,17648,3,3
2021-11-25 16:26:28.985,17647,17648,17648,1,1
2021-11-25 16:26:35.433,17647,17648,17647,3,-3
2021-11-25 16:26:35.486,17647,17648,17646,1,-1
2021-11-25 16:26:36.539,17647,17649,17647,1,-1
2021-11-25 16:26:41.800,17647,17648,17647,1,-1
2021-11-25 16:26:45.852,17646,17648,17646,1,-1
2021-11-25 16:26:47.324,17646,17647,17646,1,-1
2021-11-25 16:26:47.480,17646,17647,17646,1,-1
2021-11-25 16:26:49.898,17646,17647,17646,1,-1
2021-11-25 16:26:59.018,17646,17648,17646,8,-8
2021-11-25 16:26:59.019,17646,17648,17646,2,-2
2021-11-25 16:27:01.819,17645,17647,17647,1,1
2021-11-25 16:27:09.381,17645,17646,17646,1,1
2021-11-25 16:27:11.842,17645,17646,17646,1,1
2021-11-25 16:27:17.223,17645,17646,17646,1,1
2021-11-25 16:27:37.587,17645,17646,17645,1,-1
2021-11-25 16:27:37.849,17645,17646,17645,2,-2
2021-11-25 16:27:43.270,17644,17645,17645,2,2
2021-11-25 16:27:45.494,17645,17646,17645,1,-1
2021-11-25 16:27:47.137,17645,17646,17645,1,-1
2021-11-25 16:27:47.383,17645,17646,17645,1,-1
2021-11-25 16:27:53.111,17644,17645,17644,1,-1
2021-11-25 16:27:53.950,17644,17645,17644,1,-1
2021-11-25 16:28:14.577,17644,17645,17645,3,3
2021-11-25 16:28:20.915,17645,17646,17646,1,1
2021-11-25 16:28:39.261,17645,17646,17645,1,-1
2021-11-25 16:28:39.434,17644,17645,17645,1,1
2021-11-25 16:28:55.546,17644,17645,17645,2,2
2021-11-25 16:28:55.682,17644,17645,17645,1,1
2021-11-25 16:29:19.241,17645,17646,17645,2,-2
2021-11-25 16:29:33.611,17644,17645,17645,1,1
2021-11-25 16:29:38.527,17644,17645,17644,1,-1
2021-11-25 16:29:38.561,17644,17645,17644,1,-1
2021-11-25 16:29:39.403,17644,17645,17645,1,1
2021-11-25 16:29:39.754,17644,17645,17644,1,-1
2021-11-25 16:29:41.303,17644,17645,17644,1,-1
2021-11-25 16:29:58.038,17644,17645,17644,5,-5
2021-11-25 16:30:00.501,17644,17645,17644,1,-1
2021-11-25 16:30:00.740,17643,17644,17643,1,-1
2021-11-25 16:30:00.960,17643,17644,17643,1,-1
2021-11-25 16:30:05.738,17643,17644,17643,1,-1
2021-11-25 16:30:05.739,17643,17644,17643,1,-1
2021-11-25 16:30:08.100,17642,17643,17642,1,-1
2021-11-25 16:30:09.530,17642,17643,17642,4,-4
2021-11-25 16:30:09.530,17642,17643,17642,2,-2
2021-11-25 16:30:13.086,17641,17642,17641,4,-4
2021-11-25 16:30:13.170,17641,17642,17641,1,-1
2021-11-25 16:30:16.771,17641,17642,17642,1,1
2021-11-25 16:30:18.167,17641,17643,17641,1,-1
2021-11-25 16:30:25.586,17641,17643,17641,2,-2
2021-11-25 16:30:38.306,17642,17644,17643,1,1
2021-11-25 16:30:48.814,17643,17644,17644,2,2
2021-11-25 16:30:55.188,17644,17645,17645,1,1
2021-11-25 16:31:05.953,17644,17645,17645,1,1
2021-11-25 16:31:06.629,17644,17646,17646,1,1
2021-11-25 16:31:12.108,17645,17646,17646,1,1
2021-11-25 16:31:18.025,17645,17646,17646,1,1
2021-11-25 16:31:18.318,17645,17646,17646,1,1
2021-11-25 16:31:18.645,17645,17646,17646,1,1
2021-11-25 16:31:19.513,17645,17646,17646,1,1
2021-11-25 16:31:19.533,17645,17646,17646,1,1
2021-11-25 16:31:19.533,17645,17646,17646,1,1
2021-11-25 16:31:19.555,17645,17646,17646,3,3
2021-11-25 16:31:29.870,17646,17647,17647,2,2
2021-11-25 16:31:32.301,17647,17648,17648,1,1
2021-11-25 16:31:32.473,17647,17648,17648,1,1
2021-11-25 16:31:32.646,17647,17648,17648,1,1
2021-11-25 16:31:51.091,17647,17648,17647,3,-3
2021-11-25 16:31:51.091,17647,17648,17647,1,-1
2021-11-25 16:32:49.791,17647,17648,17647,2,-2
2021-11-25 16:32:49.791,17647,17648,17646,2,-2
2021-11-25 16:33:18.068,17647,17648,17647,1,-1
2021-11-25 16:33:18.068,17647,17648,17646,1,-1
2021-11-25 16:33:28.499,17646,17647,17646,1,-1
2021-11-25 16:33:30.458,17646,17647,17646,10,-10
2021-11-25 16:33:33.463,17644,17646,17644,1,-1
2021-11-25 16:33:33.793,17644,17646,17646,1,1
2021-11-25 16:33:58.339,17645,17646,17645,1,-1
2021-11-25 16:34:02.714,17645,17646,17646,2,2
2021-11-25 16:34:08.393,17646,17647,17646,3,-3
2021-11-25 16:34:13.782,17646,17647,17647,2,2
2021-11-25 16:34:20.500,17647,17648,17648,1,1
2021-11-25 16:34:23.256,17647,17648,17648,2,2
2021-11-25 16:34:26.792,17648,17649,17649,1,1
2021-11-25 16:34:28.260,17648,17649,17649,1,1
2021-11-25 16:34:29.268,17648,17649,17649,1,1
2021-11-25 16:34:29.276,17648,17649,17649,1,1
2021-11-25 16:34:30.453,17648,17649,17649,1,1
2021-11-25 16:35:00.887,17648,17649,17648,2,-2
2021-11-25 16:35:01.121,17648,17649,17648,8,-8
2021-11-25 16:35:02.671,17647,17648,17648,1,1
2021-11-25 16:35:20.137,17647,17648,17648,1,1
2021-11-25 16:35:20.513,17647,17648,17648,1,1
2021-11-25 16:35:29.472,17648,17649,17649,2,2
2021-11-25 16:35:39.887,17648,17650,17650,1,1
2021-11-25 16:35:39.928,17648,17650,17650,2,2
2021-11-25 16:35:48.711,17648,17649,17649,1,1
2021-11-25 16:35:53.107,17648,17649,17648,2,-2
2021-11-25 16:36:04.071,17647,17648,17647,1,-1
2021-11-25 16:36:16.514,17647,17648,17647,1,-1
2021-11-25 16:36:22.371,17647,17648,17647,1,-1
2021-11-25 16:36:39.866,17646,17647,17646,2,-2
2021-11-25 16:36:43.659,17644,17646,17644,1,-1
2021-11-25 16:36:46.799,17644,17645,17644,1,-1
2021-11-25 16:36:47.261,17644,17645,17645,1,1
2021-11-25 16:36:47.285,17644,17646,17644,2,-2
2021-11-25 16:37:08.569,17645,17647,17645,1,-1
2021-11-25 16:37:13.094,17645,17647,17645,1,-1
2021-11-25 16:37:47.286,17645,17646,17645,1,-1
2021-11-25 16:38:11.143,17645,17646,17645,1,-1
2021-11-25 16:38:16.636,17645,17646,17645,1,-1
2021-11-25 16:38:22.148,17645,17646,17646,1,1
2021-11-25 16:38:35.884,17645,17646,17645,4,-4
2021-11-25 16:38:35.885,17645,17646,17645,1,-1
2021-11-25 16:38:40.446,17644,17645,17645,10,10
2021-11-25 16:38:40.447,17644,17645,17645,1,1
2021-11-25 16:38:40.447,17644,17645,17645,1,1
2021-11-25 16:38:40.447,17644,17645,17645,3,3
2021-11-25 16:38:41.115,17645,17646,17646,2,2
2021-11-25 16:38:45.444,17646,17647,17647,1,1
2021-11-25 16:39:04.284,17647,17648,17648,4,4
2021-11-25 16:39:13.820,17648,17649,17648,1,-1
2021-11-25 16:40:12.763,17647,17648,17647,3,-3
2021-11-25 16:40:47.644,17646,17647,17647,1,1
2021-11-25 16:40:53.017,17646,17647,17646,8,-8
2021-11-25 16:41:10.327,17644,17645,17644,2,-2
2021-11-25 16:41:10.327,17644,17645,17643,2,-2
2021-11-25 16:41:24.645,17643,17644,17643,1,-1
2021-11-25 16:41:24.965,17643,17644,17643,2,-2
2021-11-25 16:41:24.965,17643,17644,17643,1,-1
2021-11-25 16:41:27.688,17643,17644,17643,3,-3
2021-11-25 16:41:27.688,17643,17644,17642,2,-2
2021-11-25 16:41:27.898,17642,17644,17642,1,-1
2021-11-25 16:41:27.963,17642,17644,17642,2,-2
2021-11-25 16:41:34.734,17642,17643,17642,1,-1
2021-11-25 16:41:44.159,17642,17643,17643,4,4
2021-11-25 16:41:48.955,17643,17645,17645,1,1
2021-11-25 16:42:50.128,17643,17645,17645,1,1
2021-11-25 16:43:14.147,17643,17644,17643,1,-1
2021-11-25 16:43:14.147,17643,17644,17643,1,-1
2021-11-25 16:43:54.791,17642,17644,17642,1,-1
2021-11-25 16:44:17.088,17642,17643,17642,1,-1
2021-11-25 16:44:27.132,17642,17643,17643,2,2
2021-11-25 16:44:27.163,17643,17644,17643,1,-1
2021-11-25 16:44:30.211,17643,17645,17643,1,-1
2021-11-25 16:44:41.799,17643,17644,17643,1,-1
2021-11-25 16:44:53.350,17643,17644,17643,1,-1
2021-11-25 16:45:22.358,17643,17645,17643,1,-1
2021-11-25 16:45:22.847,17643,17645,17645,5,5
2021-11-25 16:45:22.847,17643,17645,17646,5,5
2021-11-25 16:46:09.377,17644,17646,17646,1,1
2021-11-25 16:46:23.321,17644,17646,17646,1,1
2021-11-25 16:47:08.945,17645,17646,17645,1,-1
2021-11-25 16:47:08.950,17645,17646,17644,1,-1
2021-11-25 16:47:09.140,17643,17645,17645,1,1
2021-11-25 16:47:24.569,17643,17645,17644,1,1
2021-11-25 16:47:59.867,17643,17645,17645,1,1
2021-11-25 16:48:47.921,17643,17645,17645,7,7
2021-11-25 16:48:47.922,17643,17645,17645,3,3
2021-11-25 16:49:34.129,17644,17645,17645,1,1
2021-11-25 16:50:04.678,17645,17646,17645,1,-1
2021-11-25 16:50:41.456,17644,17645,17644,1,-1
2021-11-25 16:50:58.822,17644,17645,17645,1,1
2021-11-25 16:51:17.224,17645,17646,17646,1,1
2021-11-25 16:51:17.911,17645,17646,17646,1,1
2021-11-25 16:51:18.633,17645,17647,17647,2,2
2021-11-25 16:51:32.537,17645,17646,17646,1,1
2021-11-25 16:51:47.092,17645,17646,17646,1,1
2021-11-25 16:51:59.332,17646,17647,17646,1,-1
2021-11-25 16:52:00.237,17646,17647,17647,1,1
2021-11-25 16:52:00.349,17646,17647,17647,2,2
2021-11-25 16:52:00.432,17647,17648,17648,2,2
2021-11-25 16:52:05.320,17647,17648,17648,5,5
2021-11-25 16:52:20.187,17648,17649,17649,5,5
2021-11-25 16:52:27.195,17648,17649,17649,1,1
2021-11-25 16:52:30.172,17648,17649,17649,1,1
2021-11-25 16:52:38.783,17648,17649,17649,2,2
2021-11-25 16:52:50.587,17648,17649,17648,5,-5
2021-11-25 16:53:09.825,17646,17648,17648,1,1
2021-11-25 16:53:12.585,17646,17648,17648,2,2
2021-11-25 16:53:14.938,17646,17648,17648,1,1
2021-11-25 16:53:14.961,17646,17648,17648,2,2
2021-11-25 16:53:14.967,17646,17648,17648,1,1
2021-11-25 16:53:16.675,17647,17648,17648,1,1
2021-11-25 16:53:24.770,17647,17648,17648,2,2
2021-11-25 16:53:37.945,17647,17648,17648,1,1
2021-11-25 16:53:38.355,17647,17648,17648,1,1
2021-11-25 16:53:40.593,17647,17648,17648,1,1
2021-11-25 16:53:43.620,17647,17649,17648,1,1
2021-11-25 16:53:51.282,17647,17649,17648,1,1
2021-11-25 16:53:56.699,17647,17648,17648,1,1
2021-11-25 16:54:20.840,17649,17650,17649,1,-1
2021-11-25 16:54:34.623,17648,17649,17649,1,1
2021-11-25 16:54:44.411,17648,17649,17648,7,-7
2021-11-25 16:54:44.411,17648,17649,17648,3,-3
2021-11-25 16:54:44.412,17648,17649,17648,1,-1
2021-11-25 16:54:44.412,17648,17649,17648,2,-2
2021-11-25 16:55:05.390,17648,17649,17649,1,1
2021-11-25 16:55:15.658,17648,17649,17649,1,1
2021-11-25 16:55:23.069,17649,17650,17650,4,4
2021-11-25 16:55:23.070,17649,17650,17650,5,5
2021-11-25 16:55:23.070,17649,17650,17650,1,1
2021-11-25 16:55:23.070,17649,17650,17650,2,2
2021-11-25 16:55:23.070,17649,17650,17650,1,1
2021-11-25 16:55:23.070,17649,17650,17650,6,6
2021-11-25 16:55:33.189,17650,17651,17651,1,1
2021-11-25 16:55:33.190,17650,17651,17651,5,5
2021-11-25 16:55:37.015,17650,17651,17650,2,-2
2021-11-25 16:55:47.714,17650,17651,17650,1,-1
2021-11-25 16:55:48.043,17650,17651,17650,1,-1
2021-11-25 16:56:24.428,17649,17650,17650,2,2
2021-11-25 16:56:44.305,17650,17651,17651,1,1
2021-11-25 16:56:44.305,17650,17651,17651,2,2
2021-11-25 16:57:12.083,17651,17652,17651,1,-1
2021-11-25 16:57:12.083,17651,17652,17652,1,1
2021-11-25 16:57:19.050,17651,17652,17651,1,-1
2021-11-25 16:57:19.051,17651,17652,17651,2,-2
2021-11-25 16:57:36.762,17651,17652,17651,1,-1
2021-11-25 16:57:41.329,17651,17652,17651,1,-1
2021-11-25 16:57:44.006,17650,17652,17651,1,1
2021-11-25 16:57:48.945,17650,17651,17651,1,1
2021-11-25 16:58:03.143,17650,17651,17650,1,-1
2021-11-25 16:58:23.198,17649,17650,17650,1,1
2021-11-25 16:58:27.466,17649,17650,17650,1,1
2021-11-25 16:59:16.954,17649,17650,17649,1,-1
2021-11-25 16:59:27.265,17650,17651,17650,1,-1
2021-11-25 17:00:02.707,17649,17650,17650,1,1
2021-11-25 17:00:03.226,17649,17651,17651,1,1
2021-11-25 17:00:03.274,17649,17651,17651,2,2
2021-11-25 17:00:03.578,17650,17651,17651,1,1
2021-11-25 17:00:03.588,17650,17651,17652,1,1
2021-11-25 17:00:03.629,17650,17651,17652,2,2
2021-11-25 17:00:03.681,17650,17652,17652,1,1
2021-11-25 17:00:03.695,17650,17652,17652,1,1
2021-11-25 17:00:03.793,17650,17652,17652,1,1
2021-11-25 17:00:04.230,17650,17652,17652,1,1
2021-11-25 17:00:39.931,17650,17651,17650,3,-3
2021-11-25 17:00:45.172,17649,17650,17649,1,-1
2021-11-25 17:00:45.449,17649,17650,17649,1,-1
2021-11-25 17:00:45.681,17649,17650,17649,1,-1
2021-11-25 17:00:45.971,17649,17650,17649,1,-1
2021-11-25 17:00:55.083,17648,17649,17648,2,-2
2021-11-25 17:00:55.083,17648,17649,17648,1,-1
2021-11-25 17:00:55.084,17648,17649,17648,1,-1
2021-11-25 17:01:06.134,17647,17648,17647,1,-1
2021-11-25 17:01:06.159,17647,17648,17647,1,-1
2021-11-25 17:01:06.160,17647,17648,17647,1,-1
2021-11-25 17:01:06.160,17647,17648,17647,1,-1
2021-11-25 17:01:06.161,17647,17648,17647,3,-3
2021-11-25 17:01:12.076,17646,17648,17646,1,-1
2021-11-25 17:01:12.158,17646,17648,17646,1,-1
2021-11-25 17:01:12.158,17646,17648,17645,1,-1
2021-11-25 17:01:12.158,17646,17648,17645,1,-1
2021-11-25 17:01:12.158,17646,17648,17645,1,-1
2021-11-25 17:01:12.158,17646,17648,17645,1,-1
2021-11-25 17:01:12.158,17646,17648,17645,2,-2
2021-11-25 17:01:12.158,17646,17648,17645,1,-1
2021-11-25 17:01:12.158,17646,17648,17645,1,-1
2021-11-25 17:01:12.159,17646,17648,17646,1,-1
2021-11-25 17:01:12.159,17646,17648,17645,1,-1
2021-11-25 17:01:12.159,17646,17648,17645,1,-1
2021-11-25 17:01:12.159,17646,17648,17644,1,-1
2021-11-25 17:01:12.159,17646,17648,17645,1,-1
2021-11-25 17:01:20.583,17645,17647,17645,1,-1
2021-11-25 17:01:25.589,17645,17646,17646,2,2
2021-11-25 17:01:25.657,17645,17646,17645,1,-1
2021-11-25 17:01:25.658,17645,17646,17645,1,-1
2021-11-25 17:01:25.658,17645,17646,17644,1,-1
2021-11-25 17:01:25.658,17645,17646,17644,1,-1
2021-11-25 17:01:25.658,17645,17646,17644,1,-1
2021-11-25 17:01:25.658,17645,17646,17644,2,-2
2021-11-25 17:01:25.658,17645,17646,17644,1,-1
2021-11-25 17:01:25.658,17645,17646,17644,1,-1
2021-11-25 17:01:25.659,17645,17646,17644,1,-1
2021-11-25 17:01:25.659,17645,17646,17644,1,-1
2021-11-25 17:01:25.659,17645,17646,17644,1,-1
2021-11-25 17:01:25.659,17645,17646,17644,1,-1
2021-11-25 17:01:25.659,17645,17646,17643,1,-1
2021-11-25 17:01:25.659,17645,17646,17643,1,-1
2021-11-25 17:01:25.659,17645,17646,17643,1,-1
2021-11-25 17:01:25.659,17645,17646,17643,1,-1
2021-11-25 17:01:25.660,17645,17646,17644,1,-1
2021-11-25 17:01:25.660,17645,17646,17643,1,-1
2021-11-25 17:01:25.660,17645,17646,17643,1,-1
2021-11-25 17:01:30.712,17645,17646,17645,2,-2
2021-11-25 17:01:44.159,17644,17645,17645,2,2
2021-11-25 17:01:44.282,17645,17646,17645,1,-1
2021-11-25 17:01:44.283,17645,17646,17644,1,-1
2021-11-25 17:01:44.283,17645,17646,17644,1,-1
2021-11-25 17:01:44.283,17645,17646,17644,1,-1
2021-11-25 17:01:44.283,17645,17646,17644,1,-1
2021-11-25 17:01:44.283,17645,17646,17644,1,-1
2021-11-25 17:01:44.283,17645,17646,17643,1,-1
