2019-09-26,15:00:00.022000,10842,10843,10842,57
2019-09-26,15:00:00.177000,10841,10842,10842,1
2019-09-26,15:00:00.239000,10841,10842,10842,1
2019-09-26,15:00:00.311000,10841,10842,10841,2
2019-09-26,15:00:00.323000,10841,10842,10842,1
2019-09-26,15:00:00.573000,10841,10842,10841,2
2019-09-26,15:00:00.796000,10840,10842,10842,5
2019-09-26,15:00:00.849000,10840,10842,10842,1
2019-09-26,15:00:00.849000,10840,10842,10843,4
2019-09-26,15:00:01.134000,10841,10842,10842,2
2019-09-26,15:00:01.206000,10841,10842,10841,1
2019-09-26,15:00:01.260000,10841,10842,10841,1
2019-09-26,15:00:01.260000,10841,10842,10840,1
2019-09-26,15:00:01.554000,10840,10842,10840,1
2019-09-26,15:00:02.764000,10840,10841,10840,1
2019-09-26,15:00:04.096000,10840,10841,10841,1
2019-09-26,15:00:05.464000,10841,10842,10841,1
2019-09-26,15:00:07.163000,10840,10841,10841,1
2019-09-26,15:00:07.534000,10840,10841,10841,1
2019-09-26,15:00:12.394000,10841,10842,10842,3
2019-09-26,15:00:13.224000,10841,10842,10841,2
2019-09-26,15:00:15.020000,10841,10842,10841,2
2019-09-26,15:00:16.297000,10841,10842,10842,1
2019-09-26,15:00:16.323000,10841,10842,10841,1
2019-09-26,15:00:16.987000,10841,10842,10841,1
2019-09-26,15:00:22.935000,10841,10842,10842,5
2019-09-26,15:00:23.084000,10841,10842,10842,2
2019-09-26,15:00:25.304000,10841,10842,10842,1
2019-09-26,15:00:25.593000,10841,10842,10842,3
2019-09-26,15:00:31.152000,10841,10842,10842,3
2019-09-26,15:00:31.648000,10841,10842,10841,1
2019-09-26,15:00:32.354000,10841,10842,10842,4
2019-09-26,15:00:33.234000,10841,10842,10842,3
2019-09-26,15:00:38.995000,10841,10842,10842,3
2019-09-26,15:00:38.995000,10841,10842,10843,2
2019-09-26,15:00:40.340000,10842,10843,10842,1
2019-09-26,15:00:42.584000,10841,10842,10842,1
2019-09-26,15:00:44.973000,10841,10842,10842,1
2019-09-26,15:00:47.414000,10841,10842,10841,23
2019-09-26,15:00:48.429000,10840,10841,10841,4
2019-09-26,15:00:51.952000,10840,10841,10840,1
2019-09-26,15:00:52.078000,10840,10841,10840,1
2019-09-26,15:00:52.364000,10840,10841,10841,1
2019-09-26,15:00:52.364000,10840,10841,10842,3
2019-09-26,15:00:52.585000,10840,10841,10841,2
2019-09-26,15:00:57.721000,10840,10841,10841,1
2019-09-26,15:00:59.471000,10840,10842,10841,1
2019-09-26,15:01:00.996000,10841,10842,10841,1
2019-09-26,15:01:08.625000,10841,10842,10842,11
2019-09-26,15:01:08.704000,10842,10843,10842,1
2019-09-26,15:01:09.501000,10842,10843,10843,3
2019-09-26,15:01:10.934000,10842,10843,10842,1
2019-09-26,15:01:11.938000,10842,10843,10842,2
2019-09-26,15:01:11.948000,10842,10843,10842,2
2019-09-26,15:01:12.841000,10841,10842,10842,2
2019-09-26,15:01:15.214000,10842,10843,10842,1
2019-09-26,15:01:16.449000,10841,10843,10841,1
2019-09-26,15:01:18.851000,10841,10842,10841,1
2019-09-26,15:01:19.692000,10841,10842,10842,1
2019-09-26,15:01:25.248000,10841,10842,10842,1
2019-09-26,15:01:26.215000,10842,10843,10842,1
2019-09-26,15:01:29.323000,10841,10842,10841,1
2019-09-26,15:01:32.894000,10841,10842,10841,1
2019-09-26,15:01:33.657000,10841,10842,10842,1
2019-09-26,15:01:33.906000,10841,10842,10842,1
2019-09-26,15:01:34.209000,10841,10842,10842,1
2019-09-26,15:01:37.197000,10841,10842,10842,1
2019-09-26,15:01:48.897000,10841,10842,10842,6
2019-09-26,15:01:49.224000,10841,10842,10841,1
2019-09-26,15:01:50.918000,10841,10842,10841,1
2019-09-26,15:02:03.051000,10841,10842,10841,1
2019-09-26,15:02:07.009000,10841,10842,10842,9
2019-09-26,15:02:07.254000,10842,10843,10843,1
2019-09-26,15:02:12.348000,10842,10843,10842,1
2019-09-26,15:02:15.139000,10842,10843,10842,1
2019-09-26,15:02:20.379000,10841,10842,10842,2
2019-09-26,15:02:22.885000,10842,10843,10842,18
2019-09-26,15:02:30.586000,10842,10843,10842,1
2019-09-26,15:02:33.812000,10841,10842,10842,2
2019-09-26,15:02:39.798000,10841,10842,10842,1
2019-09-26,15:02:43.381000,10841,10842,10842,2
2019-09-26,15:02:53.293000,10841,10842,10842,1
2019-09-26,15:03:05.026000,10841,10842,10842,2
2019-09-26,15:03:11.387000,10841,10842,10842,8
2019-09-26,15:03:29.300000,10842,10843,10842,1
2019-09-26,15:03:31.130000,10842,10843,10843,3
2019-09-26,15:03:36.798000,10842,10843,10843,9
2019-09-26,15:03:36.799000,10842,10843,10843,2
2019-09-26,15:03:36.800000,10842,10843,10843,11
2019-09-26,15:03:36.831000,10843,10844,10844,1
2019-09-26,15:03:36.832000,10843,10844,10844,1
2019-09-26,15:03:36.834000,10843,10844,10844,1
2019-09-26,15:03:36.866000,10843,10844,10844,5
2019-09-26,15:03:40.199000,10843,10844,10844,1
2019-09-26,15:03:45.613000,10844,10845,10845,1
2019-09-26,15:03:48.824000,10844,10845,10845,8
2019-09-26,15:03:51.438000,10845,10846,10845,1
2019-09-26,15:03:53.969000,10845,10846,10846,1
2019-09-26,15:03:54.278000,10845,10846,10846,2
2019-09-26,15:03:54.307000,10845,10846,10846,1
2019-09-26,15:03:56.921000,10845,10846,10846,1
2019-09-26,15:03:57.019000,10845,10846,10845,1
2019-09-26,15:03:58.125000,10845,10846,10846,1
2019-09-26,15:03:58.493000,10845,10846,10846,1
2019-09-26,15:03:58.711000,10845,10846,10846,9
2019-09-26,15:03:58.711000,10845,10846,10846,1
2019-09-26,15:03:59.649000,10845,10847,10847,1
2019-09-26,15:04:00.968000,10845,10846,10845,2
2019-09-26,15:04:01.156000,10845,10846,10846,1
2019-09-26,15:04:01.908000,10845,10846,10846,2
2019-09-26,15:04:05.820000,10845,10846,10846,5
2019-09-26,15:04:06.284000,10845,10846,10846,1
2019-09-26,15:04:07.485000,10845,10846,10846,2
2019-09-26,15:04:07.528000,10845,10846,10846,1
2019-09-26,15:04:07.851000,10845,10846,10846,1
2019-09-26,15:04:13.288000,10845,10846,10846,3
2019-09-26,15:04:14.650000,10846,10847,10846,1
2019-09-26,15:04:15.981000,10846,10847,10847,1
2019-09-26,15:04:16.538000,10846,10847,10846,1
2019-09-26,15:04:16.670000,10846,10847,10846,3
2019-09-26,15:04:19.027000,10846,10847,10846,1
2019-09-26,15:04:23.309000,10846,10847,10847,1
2019-09-26,15:04:24.073000,10846,10847,10847,5
2019-09-26,15:04:25.245000,10846,10847,10846,3
2019-09-26,15:04:26.118000,10846,10847,10846,4
2019-09-26,15:04:26.198000,10846,10847,10846,11
2019-09-26,15:04:28.241000,10845,10846,10846,2
2019-09-26,15:04:31.072000,10845,10846,10845,1
2019-09-26,15:04:33.473000,10845,10846,10846,2
2019-09-26,15:04:39.458000,10845,10846,10845,1
2019-09-26,15:04:44.747000,10845,10846,10846,1
2019-09-26,15:04:50.046000,10845,10846,10845,1
2019-09-26,15:04:50.046000,10845,10846,10845,4
2019-09-26,15:04:50.046000,10845,10846,10845,6
2019-09-26,15:04:50.047000,10845,10846,10845,2
2019-09-26,15:04:50.047000,10845,10846,10845,4
2019-09-26,15:05:05.433000,10844,10845,10845,1
2019-09-26,15:05:05.743000,10844,10845,10845,1
2019-09-26,15:05:05.824000,10844,10845,10845,7
2019-09-26,15:05:12.711000,10845,10846,10845,2
2019-09-26,15:05:13.093000,10845,10846,10845,4
2019-09-26,15:05:14.249000,10844,10845,10845,1
2019-09-26,15:05:15.049000,10845,10846,10845,3
2019-09-26,15:05:16.854000,10844,10845,10845,1
2019-09-26,15:05:19.328000,10845,10846,10845,2
2019-09-26,15:05:19.480000,10845,10846,10845,1
2019-09-26,15:05:26.310000,10845,10846,10845,3
2019-09-26,15:05:27.329000,10845,10846,10845,2
2019-09-26,15:05:29.724000,10845,10846,10845,1
2019-09-26,15:05:33.074000,10845,10846,10846,19
2019-09-26,15:05:35.402000,10846,10847,10846,1
2019-09-26,15:05:39.213000,10846,10847,10846,1
2019-09-26,15:05:40.050000,10846,10847,10846,1
2019-09-26,15:05:44.285000,10846,10847,10846,3
2019-09-26,15:05:44.370000,10846,10847,10847,1
2019-09-26,15:05:48.413000,10846,10847,10847,1
2019-09-26,15:05:49.923000,10846,10847,10847,1
2019-09-26,15:05:57.687000,10846,10847,10846,1
2019-09-26,15:06:03.492000,10846,10847,10846,1
2019-09-26,15:06:03.493000,10846,10847,10846,1
2019-09-26,15:06:03.536000,10846,10847,10846,1
2019-09-26,15:06:04.260000,10846,10847,10846,1
2019-09-26,15:06:04.618000,10846,10847,10846,2
2019-09-26,15:06:04.620000,10846,10847,10846,2
2019-09-26,15:06:04.620000,10846,10847,10846,2
2019-09-26,15:06:04.621000,10846,10847,10846,1
2019-09-26,15:06:04.698000,10846,10847,10846,8
2019-09-26,15:06:05.768000,10845,10846,10846,1
2019-09-26,15:06:10.224000,10845,10846,10845,1
2019-09-26,15:06:10.766000,10845,10846,10846,1
2019-09-26,15:06:17.406000,10845,10846,10845,1
2019-09-26,15:06:23.857000,10845,10846,10846,1
2019-09-26,15:06:46.834000,10845,10846,10846,1
2019-09-26,15:06:54.305000,10845,10846,10845,1
2019-09-26,15:06:55.995000,10845,10846,10845,2
2019-09-26,15:06:55.996000,10845,10846,10845,8
2019-09-26,15:07:17.573000,10844,10845,10844,9
2019-09-26,15:07:17.680000,10844,10845,10844,1
2019-09-26,15:07:17.698000,10844,10845,10844,8
2019-09-26,15:07:17.698000,10844,10845,10844,4
2019-09-26,15:07:17.698000,10844,10845,10844,2
2019-09-26,15:07:19.326000,10843,10844,10843,16
2019-09-26,15:07:19.493000,10843,10844,10843,7
2019-09-26,15:07:19.493000,10843,10844,10842,8
2019-09-26,15:07:19.573000,10843,10844,10843,5
2019-09-26,15:07:19.657000,10843,10844,10842,2
2019-09-26,15:07:26.726000,10842,10843,10843,5
2019-09-26,15:07:27.422000,10843,10844,10843,2
2019-09-26,15:07:37.968000,10843,10844,10843,1
2019-09-26,15:07:50.772000,10843,10844,10843,1
2019-09-26,15:07:55.880000,10843,10844,10843,1
2019-09-26,15:07:59.438000,10843,10844,10844,2
2019-09-26,15:08:09.435000,10843,10844,10844,1
2019-09-26,15:08:16.723000,10843,10844,10844,1
2019-09-26,15:08:22.915000,10844,10845,10844,1
2019-09-26,15:08:27.397000,10844,10845,10845,10
2019-09-26,15:08:36.772000,10844,10845,10845,1
2019-09-26,15:08:41.782000,10844,10845,10845,1
2019-09-26,15:08:53.915000,10844,10845,10845,1
2019-09-26,15:08:54.455000,10844,10845,10845,1
2019-09-26,15:09:11.865000,10845,10846,10845,2
2019-09-26,15:09:11.867000,10845,10846,10845,9
2019-09-26,15:09:23.697000,10844,10845,10845,1
2019-09-26,15:09:26.573000,10844,10845,10845,1
2019-09-26,15:09:27.744000,10845,10846,10845,1
2019-09-26,15:09:33.846000,10844,10845,10845,2
2019-09-26,15:09:45.616000,10844,10845,10845,1
2019-09-26,15:09:50.322000,10844,10845,10845,1
2019-09-26,15:10:01.979000,10844,10845,10845,1
2019-09-26,15:10:09.085000,10844,10845,10845,1
2019-09-26,15:10:28.563000,10845,10846,10845,1
2019-09-26,15:10:31.416000,10845,10846,10846,18
2019-09-26,15:10:31.448000,10845,10846,10846,8
2019-09-26,15:10:31.812000,10846,10847,10846,1
2019-09-26,15:10:31.872000,10846,10847,10846,1
2019-09-26,15:10:35.705000,10846,10847,10847,1
2019-09-26,15:10:35.733000,10846,10847,10846,1
2019-09-26,15:10:36.012000,10846,10847,10846,1
2019-09-26,15:10:36.656000,10846,10847,10846,1
2019-09-26,15:10:47.363000,10846,10847,10847,30
2019-09-26,15:10:50.419000,10847,10848,10847,1
2019-09-26,15:10:59.392000,10847,10848,10847,1
2019-09-26,15:11:00.385000,10847,10848,10847,1
2019-09-26,15:11:05.765000,10847,10848,10847,1
2019-09-26,15:11:09.698000,10847,10848,10847,3
2019-09-26,15:11:09.698000,10847,10848,10847,4
2019-09-26,15:11:09.823000,10847,10848,10847,1
2019-09-26,15:11:14.578000,10847,10848,10847,1
2019-09-26,15:11:17.684000,10846,10847,10847,1
2019-09-26,15:11:17.817000,10846,10847,10847,1
2019-09-26,15:11:19.778000,10846,10847,10847,1
2019-09-26,15:11:29.772000,10846,10847,10847,1
2019-09-26,15:11:30.034000,10846,10847,10846,1
2019-09-26,15:11:34.667000,10846,10847,10847,4
2019-09-26,15:11:35.505000,10847,10848,10847,1
2019-09-26,15:11:45.469000,10847,10848,10847,1
2019-09-26,15:11:45.812000,10847,10848,10847,1
2019-09-26,15:11:48.034000,10847,10848,10847,1
2019-09-26,15:11:56.123000,10847,10848,10847,1
2019-09-26,15:12:01.467000,10846,10847,10847,1
2019-09-26,15:12:04.414000,10846,10847,10847,1
2019-09-26,15:12:15.369000,10846,10847,10847,1
2019-09-26,15:12:15.635000,10846,10847,10846,1
2019-09-26,15:12:16.561000,10846,10847,10847,1
2019-09-26,15:12:21.710000,10846,10847,10846,1
2019-09-26,15:12:22.595000,10846,10847,10847,10
2019-09-26,15:12:32.330000,10846,10847,10847,4
2019-09-26,15:12:45.160000,10846,10847,10847,3
2019-09-26,15:12:50.864000,10846,10847,10847,10
2019-09-26,15:12:58.318000,10846,10847,10847,1
2019-09-26,15:13:01.832000,10846,10847,10847,5
2019-09-26,15:13:07.473000,10846,10847,10847,10
2019-09-26,15:13:09.957000,10846,10847,10847,2
2019-09-26,15:13:10.190000,10846,10847,10847,2
2019-09-26,15:13:10.425000,10846,10847,10847,2
2019-09-26,15:13:13.238000,10847,10848,10847,1
2019-09-26,15:13:23.238000,10846,10847,10847,5
2019-09-26,15:13:23.274000,10846,10847,10847,2
2019-09-26,15:13:23.323000,10847,10848,10847,1
2019-09-26,15:13:24.892000,10847,10848,10847,7
2019-09-26,15:14:14.974000,10846,10847,10846,18
2019-09-26,15:14:27.252000,10846,10847,10846,1
2019-09-26,15:14:30.514000,10846,10847,10846,1
2019-09-26,15:14:41.371000,10846,10847,10847,4
2019-09-26,15:14:41.842000,10847,10848,10847,1
2019-09-26,15:14:45.548000,10847,10848,10847,1
2019-09-26,15:15:01.127000,10846,10847,10847,1
2019-09-26,15:15:18.935000,10847,10848,10847,1
2019-09-26,15:15:19.260000,10847,10848,10847,1
2019-09-26,15:15:19.345000,10847,10848,10847,1
2019-09-26,15:15:29.728000,10847,10848,10848,2
2019-09-26,15:15:33.931000,10847,10848,10848,49
2019-09-26,15:15:34.408000,10848,10849,10848,1
2019-09-26,15:15:41.428000,10848,10849,10849,1
2019-09-26,15:15:41.537000,10848,10849,10849,1
2019-09-26,15:15:41.549000,10848,10849,10849,1
2019-09-26,15:15:41.620000,10848,10849,10849,1
2019-09-26,15:15:41.896000,10848,10849,10849,1
2019-09-26,15:15:41.897000,10848,10849,10849,1
2019-09-26,15:15:41.918000,10848,10849,10849,1
2019-09-26,15:15:42.020000,10848,10849,10849,1
2019-09-26,15:15:42.047000,10848,10849,10849,1
2019-09-26,15:15:47.553000,10848,10849,10849,5
2019-09-26,15:16:00.300000,10848,10849,10849,6
2019-09-26,15:16:03.938000,10848,10849,10849,1
2019-09-26,15:16:04.719000,10848,10849,10849,1
2019-09-26,15:16:05.032000,10848,10849,10849,2
2019-09-26,15:16:09.013000,10848,10849,10848,4
2019-09-26,15:16:10.833000,10848,10849,10849,6
2019-09-26,15:16:12.226000,10848,10849,10849,1
2019-09-26,15:16:13.628000,10848,10849,10849,2
2019-09-26,15:16:14.479000,10848,10849,10849,16
2019-09-26,15:16:14.573000,10848,10849,10849,3
2019-09-26,15:16:14.648000,10848,10849,10849,2
2019-09-26,15:16:15.102000,10849,10850,10850,1
2019-09-26,15:16:15.472000,10849,10850,10850,1
2019-09-26,15:16:15.692000,10849,10850,10850,1
2019-09-26,15:16:16.023000,10849,10850,10849,2
2019-09-26,15:16:19.403000,10849,10850,10850,1
2019-09-26,15:16:20.201000,10849,10850,10850,1
2019-09-26,15:16:20.448000,10849,10850,10850,8
2019-09-26,15:16:20.448000,10849,10850,10850,5
2019-09-26,15:16:20.573000,10849,10850,10850,1
2019-09-26,15:16:20.573000,10849,10850,10850,7
2019-09-26,15:16:20.573000,10849,10850,10850,2
2019-09-26,15:16:20.573000,10849,10850,10850,1
2019-09-26,15:16:20.573000,10849,10850,10850,2
2019-09-26,15:16:20.573000,10849,10850,10850,2
2019-09-26,15:16:20.573000,10849,10850,10850,2
2019-09-26,15:16:20.615000,10849,10850,10850,2
2019-09-26,15:16:20.652000,10849,10850,10850,2
2019-09-26,15:16:20.698000,10849,10850,10850,5
2019-09-26,15:16:20.699000,10849,10850,10850,2
2019-09-26,15:16:20.699000,10849,10850,10850,1
2019-09-26,15:16:21.808000,10850,10851,10850,1
2019-09-26,15:16:28.680000,10850,10851,10851,5
2019-09-26,15:16:28.734000,10850,10851,10851,1
2019-09-26,15:16:28.837000,10850,10851,10851,1
2019-09-26,15:16:28.880000,10850,10851,10851,2
2019-09-26,15:16:28.880000,10850,10851,10852,2
2019-09-26,15:16:29.074000,10851,10852,10852,1
2019-09-26,15:16:29.160000,10851,10852,10852,1
2019-09-26,15:16:29.260000,10851,10852,10852,2
2019-09-26,15:16:29.501000,10851,10852,10852,1
2019-09-26,15:16:30.228000,10851,10852,10852,3
2019-09-26,15:16:30.741000,10851,10852,10852,1
2019-09-26,15:16:33.238000,10851,10852,10852,1
2019-09-26,15:16:33.875000,10851,10852,10852,1
2019-09-26,15:16:35.278000,10851,10852,10852,2
2019-09-26,15:16:35.655000,10851,10852,10851,1
2019-09-26,15:16:36.771000,10851,10852,10852,1
2019-09-26,15:16:36.847000,10851,10852,10851,1
2019-09-26,15:16:37.097000,10851,10852,10852,1
2019-09-26,15:16:37.649000,10851,10852,10852,2
2019-09-26,15:16:40.468000,10851,10852,10852,1
2019-09-26,15:16:40.587000,10851,10852,10852,16
2019-09-26,15:16:40.862000,10852,10853,10852,1
2019-09-26,15:16:40.973000,10852,10853,10852,2
2019-09-26,15:16:44.992000,10852,10853,10853,1
2019-09-26,15:16:45.202000,10852,10853,10853,1
2019-09-26,15:16:45.251000,10852,10853,10853,1
2019-09-26,15:16:45.360000,10852,10853,10853,1
2019-09-26,15:16:47.011000,10852,10853,10853,2
2019-09-26,15:16:47.545000,10852,10853,10852,2
2019-09-26,15:16:49.667000,10852,10853,10853,5
2019-09-26,15:16:51.482000,10852,10853,10853,2
2019-09-26,15:16:52.171000,10852,10853,10852,1
2019-09-26,15:16:53.322000,10852,10853,10853,10
2019-09-26,15:16:56.958000,10852,10853,10852,5
2019-09-26,15:16:57.826000,10852,10853,10853,1
2019-09-26,15:16:58.957000,10852,10853,10853,1
2019-09-26,15:17:00.661000,10852,10853,10853,1
2019-09-26,15:17:01.357000,10852,10853,10853,1
2019-09-26,15:17:01.842000,10852,10853,10853,1
2019-09-26,15:17:02.306000,10852,10853,10853,4
2019-09-26,15:17:02.377000,10852,10853,10853,3
2019-09-26,15:17:02.892000,10853,10854,10853,1
2019-09-26,15:17:04.777000,10853,10854,10853,1
2019-09-26,15:17:08.100000,10853,10854,10854,1
2019-09-26,15:17:08.201000,10853,10854,10853,1
2019-09-26,15:17:08.290000,10853,10854,10854,4
2019-09-26,15:17:08.353000,10853,10854,10853,1
2019-09-26,15:17:08.467000,10853,10854,10854,2
2019-09-26,15:17:08.789000,10853,10854,10853,5
2019-09-26,15:17:09.528000,10852,10853,10853,1
2019-09-26,15:17:15.448000,10852,10853,10853,1
2019-09-26,15:17:15.478000,10852,10853,10853,1
2019-09-26,15:17:18.419000,10852,10853,10852,24
2019-09-26,15:17:18.448000,10852,10853,10852,3
2019-09-26,15:17:19.689000,10851,10852,10852,1
2019-09-26,15:17:23.027000,10851,10852,10852,1
2019-09-26,15:17:26.162000,10851,10852,10852,1
2019-09-26,15:17:30.768000,10851,10852,10852,1
2019-09-26,15:17:33.475000,10851,10852,10852,2
2019-09-26,15:17:34.252000,10851,10852,10852,2
2019-09-26,15:17:36.170000,10851,10852,10852,6
2019-09-26,15:17:38.667000,10852,10853,10852,1
2019-09-26,15:17:39.031000,10852,10853,10852,4
2019-09-26,15:17:39.031000,10852,10853,10852,1
2019-09-26,15:17:39.702000,10851,10852,10852,1
2019-09-26,15:17:44.396000,10851,10852,10852,1
2019-09-26,15:17:47.203000,10851,10852,10852,1
2019-09-26,15:17:49.013000,10851,10852,10852,1
2019-09-26,15:17:49.960000,10851,10852,10852,2
2019-09-26,15:17:54.861000,10851,10852,10852,2
2019-09-26,15:18:01.382000,10851,10852,10852,1
2019-09-26,15:18:02.088000,10851,10852,10852,1
2019-09-26,15:18:02.088000,10851,10852,10852,4
2019-09-26,15:18:02.088000,10851,10852,10852,3
2019-09-26,15:18:08.023000,10851,10852,10852,5
2019-09-26,15:18:13.502000,10851,10852,10852,1
2019-09-26,15:18:15.577000,10852,10853,10853,2
2019-09-26,15:18:15.578000,10852,10853,10853,3
2019-09-26,15:18:15.578000,10852,10853,10853,1
2019-09-26,15:18:15.579000,10852,10853,10853,19
2019-09-26,15:18:15.579000,10852,10853,10853,1
2019-09-26,15:18:15.579000,10852,10853,10853,14
2019-09-26,15:18:15.580000,10852,10853,10853,1
2019-09-26,15:18:16.963000,10853,10854,10853,1
2019-09-26,15:18:18.155000,10852,10854,10852,1
2019-09-26,15:18:18.323000,10853,10854,10853,1
2019-09-26,15:18:18.749000,10852,10854,10852,1
2019-09-26,15:18:19.745000,10853,10854,10854,1
2019-09-26,15:18:22.454000,10853,10854,10853,2
2019-09-26,15:18:22.552000,10853,10854,10854,3
2019-09-26,15:18:23.706000,10853,10854,10854,1
2019-09-26,15:18:24.339000,10853,10854,10853,1
2019-09-26,15:18:25.448000,10853,10854,10853,1
2019-09-26,15:18:25.698000,10853,10854,10853,1
2019-09-26,15:18:26.823000,10853,10854,10853,1
2019-09-26,15:18:26.893000,10853,10854,10853,1
2019-09-26,15:18:26.920000,10853,10854,10853,1
2019-09-26,15:18:26.948000,10853,10854,10853,1
2019-09-26,15:18:28.445000,10853,10854,10854,1
2019-09-26,15:18:35.893000,10853,10854,10854,1
2019-09-26,15:18:37.478000,10853,10854,10853,3
2019-09-26,15:18:40.905000,10853,10854,10853,1
2019-09-26,15:18:40.907000,10853,10854,10854,3
2019-09-26,15:18:41.002000,10853,10854,10853,1
2019-09-26,15:18:42.887000,10853,10854,10853,1
2019-09-26,15:18:43.623000,10853,10854,10853,1
2019-09-26,15:18:46.675000,10853,10854,10853,3
2019-09-26,15:18:46.708000,10852,10853,10853,2
2019-09-26,15:18:47.769000,10853,10854,10853,1
2019-09-26,15:18:51.668000,10853,10854,10853,2
2019-09-26,15:18:51.668000,10853,10854,10852,3
2019-09-26,15:18:58.626000,10852,10853,10852,1
2019-09-26,15:18:58.635000,10852,10853,10852,4
2019-09-26,15:18:58.698000,10852,10853,10852,18
2019-09-26,15:18:58.823000,10852,10853,10852,5
2019-09-26,15:19:00.977000,10851,10852,10852,1
2019-09-26,15:19:03.765000,10851,10852,10852,5
2019-09-26,15:19:05.347000,10851,10852,10851,1
2019-09-26,15:19:05.898000,10851,10852,10852,10
2019-09-26,15:19:07.466000,10851,10852,10851,3
2019-09-26,15:19:09.667000,10851,10852,10852,1
2019-09-26,15:19:13.373000,10851,10852,10852,1
2019-09-26,15:19:17.573000,10852,10853,10852,1
2019-09-26,15:19:33.700000,10851,10852,10851,1
2019-09-26,15:19:35.326000,10851,10852,10852,1
2019-09-26,15:19:43.954000,10851,10852,10852,1
2019-09-26,15:19:47.423000,10851,10852,10852,1
2019-09-26,15:20:07.351000,10851,10852,10852,4
2019-09-26,15:20:07.441000,10851,10852,10852,2
2019-09-26,15:20:07.442000,10851,10852,10852,1
2019-09-26,15:20:07.442000,10851,10852,10852,1
2019-09-26,15:20:20.207000,10852,10853,10852,5
2019-09-26,15:20:24.330000,10852,10853,10852,1
2019-09-26,15:20:29.664000,10852,10853,10852,1
2019-09-26,15:20:30.780000,10852,10853,10853,1
2019-09-26,15:20:35.675000,10852,10853,10853,1
2019-09-26,15:20:41.718000,10852,10853,10853,18
2019-09-26,15:20:47.759000,10853,10854,10854,6
2019-09-26,15:20:47.930000,10853,10854,10854,1
2019-09-26,15:20:51.849000,10853,10854,10854,18
2019-09-26,15:20:51.948000,10853,10854,10854,16
2019-09-26,15:20:54.435000,10854,10855,10854,1
2019-09-26,15:20:54.452000,10854,10855,10854,1
2019-09-26,15:20:55.148000,10854,10855,10854,1
2019-09-26,15:20:57.778000,10854,10855,10854,1
2019-09-26,15:20:58.539000,10854,10855,10854,1
2019-09-26,15:20:58.938000,10854,10855,10855,4
2019-09-26,15:20:58.971000,10854,10855,10855,3
2019-09-26,15:20:58.977000,10854,10855,10855,1
2019-09-26,15:20:58.997000,10854,10855,10854,1
2019-09-26,15:20:59.155000,10854,10855,10855,1
2019-09-26,15:21:02.147000,10854,10855,10855,1
2019-09-26,15:21:05.937000,10854,10855,10854,1
2019-09-26,15:21:07.666000,10854,10855,10854,1
2019-09-26,15:21:25.560000,10854,10855,10854,1
2019-09-26,15:21:26.124000,10854,10855,10855,1
2019-09-26,15:21:33.537000,10854,10855,10855,4
2019-09-26,15:21:36.076000,10854,10855,10854,14
2019-09-26,15:21:36.696000,10853,10854,10854,17
2019-09-26,15:21:37.371000,10853,10855,10855,1
2019-09-26,15:21:37.814000,10854,10855,10854,1
2019-09-26,15:21:38.400000,10853,10855,10855,1
2019-09-26,15:21:41.006000,10853,10854,10854,1
2019-09-26,15:21:41.650000,10853,10855,10855,1
2019-09-26,15:21:43.995000,10853,10854,10854,1
2019-09-26,15:21:44.646000,10853,10854,10854,1
2019-09-26,15:21:44.985000,10853,10854,10854,1
2019-09-26,15:21:48.152000,10853,10854,10854,1
2019-09-26,15:21:49.487000,10853,10854,10854,1
2019-09-26,15:21:53.526000,10854,10855,10854,1
2019-09-26,15:21:53.573000,10854,10855,10854,1
2019-09-26,15:21:55.356000,10853,10854,10854,1
2019-09-26,15:21:59.578000,10853,10854,10854,1
2019-09-26,15:21:59.600000,10853,10854,10854,1
2019-09-26,15:22:06.638000,10853,10854,10853,1
2019-09-26,15:22:09.973000,10853,10854,10854,1
2019-09-26,15:22:12.092000,10853,10854,10853,1
2019-09-26,15:22:22.121000,10853,10854,10853,1
2019-09-26,15:22:39.792000,10853,10854,10853,2
2019-09-26,15:22:40.098000,10853,10854,10853,2
2019-09-26,15:22:40.921000,10853,10854,10853,1
2019-09-26,15:22:46.688000,10853,10854,10854,1
2019-09-26,15:22:48.229000,10853,10854,10853,2
2019-09-26,15:22:55.129000,10853,10854,10853,1
2019-09-26,15:23:14.404000,10853,10854,10853,1
2019-09-26,15:23:23.756000,10853,10854,10853,1
2019-09-26,15:23:29.889000,10853,10854,10853,1
2019-09-26,15:23:30.104000,10853,10854,10853,1
2019-09-26,15:23:37.634000,10853,10854,10853,9
2019-09-26,15:23:37.698000,10853,10854,10853,2
2019-09-26,15:23:38.307000,10853,10854,10853,1
2019-09-26,15:23:38.416000,10853,10854,10853,1
2019-09-26,15:23:38.417000,10853,10854,10853,1
2019-09-26,15:23:38.453000,10853,10854,10853,1
2019-09-26,15:23:39.045000,10853,10854,10853,2
2019-09-26,15:23:43.240000,10853,10854,10853,1
2019-09-26,15:23:43.739000,10853,10854,10853,1
2019-09-26,15:23:47.885000,10852,10854,10852,1
2019-09-26,15:23:56.385000,10852,10853,10852,1
2019-09-26,15:24:04.855000,10852,10853,10853,9
2019-09-26,15:24:10.154000,10852,10853,10853,2
2019-09-26,15:24:13.944000,10852,10853,10853,1
2019-09-26,15:24:30.130000,10852,10853,10853,1
2019-09-26,15:24:32.020000,10852,10853,10853,2
2019-09-26,15:24:35.416000,10852,10853,10853,1
2019-09-26,15:24:39.022000,10852,10853,10853,1
2019-09-26,15:24:43.361000,10852,10853,10853,1
2019-09-26,15:24:47.418000,10853,10854,10853,3
2019-09-26,15:24:48.123000,10853,10854,10853,1
2019-09-26,15:24:48.123000,10853,10854,10853,1
2019-09-26,15:24:53.484000,10853,10854,10853,1
2019-09-26,15:25:00.672000,10852,10853,10853,2
2019-09-26,15:25:00.856000,10852,10853,10853,1
2019-09-26,15:25:00.857000,10852,10853,10853,1
2019-09-26,15:25:03.824000,10853,10854,10853,1
2019-09-26,15:25:12.645000,10853,10854,10853,1
2019-09-26,15:25:13.434000,10852,10853,10853,1
2019-09-26,15:25:25.829000,10852,10853,10853,2
2019-09-26,15:25:29.553000,10852,10853,10852,1
2019-09-26,15:25:31.301000,10852,10853,10852,1
2019-09-26,15:25:32.474000,10852,10853,10852,1
2019-09-26,15:25:51.362000,10852,10853,10852,2
2019-09-26,15:25:53.264000,10852,10853,10852,1
2019-09-26,15:25:53.997000,10852,10853,10852,1
2019-09-26,15:25:55.584000,10852,10853,10852,1
2019-09-26,15:25:55.616000,10852,10853,10852,2
2019-09-26,15:25:55.742000,10852,10853,10852,2
2019-09-26,15:26:03.352000,10852,10853,10852,1
2019-09-26,15:26:08.542000,10852,10853,10852,1
2019-09-26,15:26:10.638000,10852,10853,10852,2
2019-09-26,15:26:16.358000,10852,10853,10853,7
2019-09-26,15:26:16.448000,10852,10853,10853,4
2019-09-26,15:26:21.946000,10853,10854,10853,1
2019-09-26,15:26:21.946000,10853,10854,10852,2
2019-09-26,15:26:31.779000,10852,10853,10853,2
2019-09-26,15:26:32.255000,10852,10854,10852,4
2019-09-26,15:26:36.709000,10853,10854,10853,1
2019-09-26,15:26:39.410000,10853,10854,10853,1
2019-09-26,15:26:43.344000,10853,10854,10853,1
2019-09-26,15:26:45.352000,10853,10854,10853,1
2019-09-26,15:26:47.111000,10853,10854,10854,45
2019-09-26,15:26:47.111000,10853,10854,10855,35
2019-09-26,15:26:47.234000,10854,10855,10855,42
2019-09-26,15:26:47.959000,10855,10856,10855,1
2019-09-26,15:26:48,10855,10856,10855,1
2019-09-26,15:26:48.050000,10855,10856,10855,1
2019-09-26,15:26:48.090000,10855,10856,10855,1
2019-09-26,15:26:50.606000,10855,10856,10855,4
2019-09-26,15:26:50.823000,10855,10856,10855,11
2019-09-26,15:26:50.823000,10855,10856,10855,4
2019-09-26,15:26:50.948000,10855,10856,10855,1
2019-09-26,15:26:50.948000,10855,10856,10855,14
2019-09-26,15:26:52.630000,10854,10855,10855,1
2019-09-26,15:26:53.527000,10854,10855,10855,1
2019-09-26,15:26:55.192000,10854,10855,10855,1
2019-09-26,15:26:58.040000,10854,10855,10855,1
2019-09-26,15:26:58.372000,10854,10855,10854,3
2019-09-26,15:27:00.968000,10853,10854,10854,1
2019-09-26,15:27:20.660000,10854,10855,10855,1
2019-09-26,15:27:21.072000,10854,10855,10855,2
2019-09-26,15:27:21.159000,10854,10855,10855,2
2019-09-26,15:27:21.323000,10854,10855,10855,8
2019-09-26,15:27:26.785000,10855,10856,10856,1
2019-09-26,15:27:26.850000,10855,10856,10856,13
2019-09-26,15:27:26.857000,10855,10856,10856,1
2019-09-26,15:27:26.907000,10855,10856,10856,5
2019-09-26,15:27:30.678000,10855,10856,10855,1
2019-09-26,15:27:37.140000,10855,10856,10856,2
2019-09-26,15:27:51.648000,10855,10856,10855,1
2019-09-26,15:27:53.305000,10855,10856,10855,1
2019-09-26,15:27:57.520000,10855,10856,10855,5
2019-09-26,15:28:01.009000,10855,10856,10856,1
2019-09-26,15:28:01.437000,10855,10856,10855,2
2019-09-26,15:28:02.047000,10855,10856,10855,3
2019-09-26,15:28:02.551000,10855,10856,10855,1
2019-09-26,15:28:08.318000,10855,10856,10855,1
2019-09-26,15:28:09.819000,10855,10856,10855,2
2019-09-26,15:28:14.134000,10855,10856,10855,1
2019-09-26,15:28:15.542000,10855,10856,10856,1
2019-09-26,15:28:15.573000,10855,10856,10856,9
2019-09-26,15:28:15.698000,10855,10856,10856,9
2019-09-26,15:28:17.028000,10856,10857,10856,1
2019-09-26,15:28:21.610000,10856,10857,10856,1
2019-09-26,15:28:27.025000,10856,10857,10856,1
2019-09-26,15:28:27.517000,10855,10856,10856,1
2019-09-26,15:28:31.050000,10855,10856,10855,13
2019-09-26,15:28:32.495000,10855,10856,10856,1
2019-09-26,15:28:32.553000,10855,10856,10856,1
2019-09-26,15:28:43.378000,10855,10856,10856,1
2019-09-26,15:28:43.826000,10855,10856,10855,2
2019-09-26,15:28:48.908000,10855,10856,10855,3
2019-09-26,15:28:49.843000,10855,10856,10856,1
2019-09-26,15:28:54.071000,10855,10856,10856,1
2019-09-26,15:28:56.257000,10855,10856,10856,1
2019-09-26,15:29:06.431000,10855,10856,10855,1
2019-09-26,15:29:19.633000,10855,10856,10855,3
2019-09-26,15:29:19.698000,10855,10856,10855,25
2019-09-26,15:29:19.698000,10855,10856,10855,2
2019-09-26,15:29:20.186000,10854,10855,10855,5
2019-09-26,15:29:23.069000,10854,10855,10855,1
2019-09-26,15:29:31.874000,10854,10855,10854,1
2019-09-26,15:29:35.390000,10854,10855,10855,1
2019-09-26,15:29:45.301000,10854,10855,10855,3
2019-09-26,15:29:48.611000,10854,10855,10855,1
2019-09-26,15:29:50.183000,10854,10855,10855,1
2019-09-26,15:29:51.407000,10854,10855,10855,1
2019-09-26,15:29:54.463000,10854,10855,10855,1
2019-09-26,15:30:01.070000,10854,10855,10855,2
2019-09-26,15:30:01.071000,10854,10855,10855,1
2019-09-26,15:30:01.072000,10854,10855,10855,6
2019-09-26,15:30:01.635000,10854,10855,10855,1
2019-09-26,15:30:01.636000,10854,10855,10855,3
2019-09-26,15:30:01.636000,10854,10855,10855,1
2019-09-26,15:30:01.638000,10854,10855,10855,8
2019-09-26,15:30:01.638000,10854,10855,10855,4
2019-09-26,15:30:01.899000,10855,10856,10855,1
2019-09-26,15:30:02.105000,10855,10856,10855,3
2019-09-26,15:30:02.242000,10855,10856,10855,1
2019-09-26,15:30:12.126000,10855,10856,10856,2
2019-09-26,15:30:12.786000,10855,10856,10856,1
2019-09-26,15:30:13.865000,10855,10856,10855,1
2019-09-26,15:30:14.429000,10855,10856,10856,1
2019-09-26,15:30:16.242000,10855,10856,10856,1
2019-09-26,15:30:21.083000,10855,10856,10855,1
2019-09-26,15:30:28.296000,10855,10856,10856,1
2019-09-26,15:30:42.003000,10855,10856,10856,3
2019-09-26,15:31:02.035000,10855,10856,10856,1
2019-09-26,15:31:02.140000,10855,10856,10855,1
2019-09-26,15:31:08.564000,10855,10856,10856,1
2019-09-26,15:31:16.965000,10855,10856,10856,1
2019-09-26,15:31:18.434000,10855,10856,10855,1
2019-09-26,15:31:19.671000,10855,10856,10856,4
2019-09-26,15:31:23.749000,10855,10856,10856,1
2019-09-26,15:31:29.140000,10855,10856,10856,29
2019-09-26,15:31:29.198000,10855,10856,10856,3
2019-09-26,15:31:29.198000,10855,10856,10856,2
2019-09-26,15:31:42.571000,10856,10857,10856,8
2019-09-26,15:31:45.858000,10856,10857,10856,3
2019-09-26,15:31:47.234000,10855,10856,10856,1
2019-09-26,15:31:57.390000,10856,10857,10856,1
2019-09-26,15:32:02.217000,10856,10857,10857,16
2019-09-26,15:32:02.278000,10856,10857,10857,1
2019-09-26,15:32:02.279000,10856,10857,10857,3
2019-09-26,15:32:02.279000,10856,10857,10857,3
2019-09-26,15:32:02.322000,10856,10857,10857,1
2019-09-26,15:32:02.323000,10856,10857,10857,15
2019-09-26,15:32:02.323000,10856,10857,10857,4
2019-09-26,15:32:02.323000,10856,10857,10857,2
2019-09-26,15:32:02.323000,10856,10857,10857,13
2019-09-26,15:32:02.324000,10856,10857,10857,1
2019-09-26,15:32:02.324000,10856,10857,10857,9
2019-09-26,15:32:02.324000,10856,10857,10857,2
2019-09-26,15:32:02.372000,10856,10857,10858,2
2019-09-26,15:32:02.373000,10856,10857,10858,8
2019-09-26,15:32:02.391000,10856,10857,10858,24
2019-09-26,15:32:02.449000,10857,10858,10858,1
2019-09-26,15:32:02.449000,10857,10858,10858,1
2019-09-26,15:32:02.449000,10857,10858,10858,2
2019-09-26,15:32:02.449000,10857,10858,10858,2
2019-09-26,15:32:02.461000,10857,10858,10858,1
2019-09-26,15:32:02.516000,10857,10858,10859,1
2019-09-26,15:32:02.809000,10858,10859,10859,4
2019-09-26,15:32:03.365000,10858,10859,10859,2
2019-09-26,15:32:04,10858,10859,10859,1
2019-09-26,15:32:04.135000,10858,10859,10858,2
2019-09-26,15:32:04.362000,10858,10859,10859,1
2019-09-26,15:32:07.088000,10858,10859,10859,2
2019-09-26,15:32:07.536000,10858,10859,10859,1
2019-09-26,15:32:07.966000,10858,10859,10858,1
2019-09-26,15:32:08.571000,10858,10859,10859,1
2019-09-26,15:32:10.209000,10858,10859,10859,4
2019-09-26,15:32:11.047000,10858,10859,10859,2
2019-09-26,15:32:11.392000,10858,10859,10859,8
2019-09-26,15:32:15.014000,10858,10859,10859,2
2019-09-26,15:32:15.414000,10858,10859,10859,4
2019-09-26,15:32:15.631000,10858,10859,10859,1
2019-09-26,15:32:16.024000,10858,10859,10859,2
2019-09-26,15:32:16.428000,10858,10859,10859,1
2019-09-26,15:32:16.634000,10858,10859,10859,1
2019-09-26,15:32:17.566000,10858,10859,10859,4
2019-09-26,15:32:19.194000,10858,10859,10859,1
2019-09-26,15:32:19.503000,10858,10859,10859,1
2019-09-26,15:32:19.783000,10858,10859,10859,2
2019-09-26,15:32:19.783000,10858,10859,10860,2
2019-09-26,15:32:19.874000,10858,10860,10859,1
2019-09-26,15:32:19.884000,10858,10860,10860,9
2019-09-26,15:32:19.891000,10858,10860,10860,1
2019-09-26,15:32:19.898000,10858,10860,10860,1
2019-09-26,15:32:19.903000,10858,10860,10860,1
2019-09-26,15:32:20.101000,10859,10860,10859,1
2019-09-26,15:32:20.198000,10859,10860,10859,1
2019-09-26,15:32:20.755000,10858,10859,10859,1
2019-09-26,15:32:21.941000,10858,10859,10858,1
2019-09-26,15:32:22.132000,10858,10859,10859,1
2019-09-26,15:32:22.358000,10858,10859,10859,2
2019-09-26,15:32:22.588000,10858,10859,10859,1
2019-09-26,15:32:23.628000,10858,10859,10859,3
2019-09-26,15:32:24.074000,10858,10859,10859,1
2019-09-26,15:32:25.804000,10858,10859,10859,1
2019-09-26,15:32:26.928000,10858,10859,10859,1
2019-09-26,15:32:27.029000,10858,10859,10859,1
2019-09-26,15:32:27.292000,10858,10859,10859,5
2019-09-26,15:32:28.433000,10859,10860,10859,7
2019-09-26,15:32:28.433000,10859,10860,10858,3
2019-09-26,15:32:31.171000,10858,10859,10858,1
2019-09-26,15:32:31.488000,10858,10859,10859,1
2019-09-26,15:32:43.250000,10858,10859,10859,6
2019-09-26,15:32:51.732000,10858,10859,10859,1
2019-09-26,15:32:52.825000,10858,10859,10859,1
2019-09-26,15:32:54.963000,10858,10859,10859,1
2019-09-26,15:32:56.888000,10858,10859,10859,3
2019-09-26,15:33:00.035000,10858,10859,10859,4
2019-09-26,15:33:00.367000,10858,10859,10859,3
2019-09-26,15:33:00.486000,10858,10859,10859,2
2019-09-26,15:33:00.544000,10858,10859,10859,2
2019-09-26,15:33:00.544000,10858,10859,10859,1
2019-09-26,15:33:00.573000,10858,10859,10859,2
2019-09-26,15:33:00.573000,10858,10859,10859,2
2019-09-26,15:33:06.315000,10859,10860,10859,1
2019-09-26,15:33:06.510000,10859,10860,10859,1
2019-09-26,15:33:07.189000,10859,10860,10860,1
2019-09-26,15:33:07.619000,10859,10860,10860,1
2019-09-26,15:33:11.646000,10859,10860,10860,4
2019-09-26,15:33:12.476000,10859,10860,10860,1
2019-09-26,15:33:12.940000,10859,10860,10859,1
2019-09-26,15:33:13.934000,10859,10860,10860,1
2019-09-26,15:33:15.875000,10859,10860,10860,1
2019-09-26,15:33:16.336000,10859,10860,10860,1
2019-09-26,15:33:16.465000,10859,10860,10860,1
2019-09-26,15:33:16.616000,10859,10860,10859,5
2019-09-26,15:33:20.293000,10859,10860,10859,1
2019-09-26,15:33:20.310000,10859,10860,10859,2
2019-09-26,15:33:24.680000,10858,10859,10859,1
2019-09-26,15:33:29.656000,10858,10859,10858,1
2019-09-26,15:33:31.978000,10858,10859,10859,1
2019-09-26,15:33:34.806000,10858,10859,10859,1
2019-09-26,15:33:35.104000,10858,10859,10859,7
2019-09-26,15:33:35.198000,10859,10860,10859,1
2019-09-26,15:33:36.597000,10859,10860,10859,1
2019-09-26,15:33:37.587000,10859,10860,10859,2
2019-09-26,15:33:43.971000,10859,10860,10859,5
2019-09-26,15:33:44.128000,10859,10860,10859,4
2019-09-26,15:33:45.502000,10858,10859,10859,1
2019-09-26,15:33:49.128000,10859,10860,10859,1
2019-09-26,15:33:51.113000,10859,10860,10859,1
2019-09-26,15:33:54.674000,10858,10860,10859,2
2019-09-26,15:33:59.124000,10858,10859,10858,5
2019-09-26,15:34:00.291000,10858,10859,10858,5
2019-09-26,15:34:01.074000,10858,10859,10858,4
2019-09-26,15:34:01.951000,10858,10859,10858,3
2019-09-26,15:34:04.062000,10858,10859,10859,3
2019-09-26,15:34:06.720000,10858,10859,10859,1
2019-09-26,15:34:07.448000,10858,10859,10858,1
2019-09-26,15:34:08.486000,10858,10859,10858,1
2019-09-26,15:34:09.848000,10858,10859,10859,3
2019-09-26,15:34:15.440000,10858,10859,10859,1
2019-09-26,15:34:22.901000,10858,10859,10858,1
2019-09-26,15:34:28.130000,10858,10859,10858,1
2019-09-26,15:34:28.152000,10858,10859,10858,5
2019-09-26,15:34:28.751000,10858,10859,10858,1
2019-09-26,15:34:30.374000,10858,10859,10858,1
2019-09-26,15:34:31.643000,10858,10859,10858,1
2019-09-26,15:34:43.681000,10858,10859,10858,1
2019-09-26,15:34:44.760000,10858,10859,10858,12
2019-09-26,15:34:50.846000,10857,10858,10857,1
2019-09-26,15:34:55.493000,10857,10858,10857,1
2019-09-26,15:34:56.795000,10857,10858,10857,1
2019-09-26,15:34:57.218000,10857,10858,10857,2
2019-09-26,15:34:57.219000,10857,10858,10857,2
2019-09-26,15:34:57.219000,10857,10858,10857,4
2019-09-26,15:35:03.440000,10856,10857,10856,1
2019-09-26,15:35:03.476000,10856,10857,10856,2
2019-09-26,15:35:03.551000,10856,10857,10856,1
2019-09-26,15:35:03.782000,10856,10857,10857,1
2019-09-26,15:35:06.891000,10856,10857,10856,1
2019-09-26,15:35:09.166000,10856,10857,10856,1
2019-09-26,15:35:10.415000,10856,10857,10857,1
2019-09-26,15:35:14.735000,10857,10858,10857,2
2019-09-26,15:35:29.497000,10857,10858,10858,1
2019-09-26,15:35:31.825000,10857,10858,10857,1
2019-09-26,15:35:32.373000,10857,10858,10857,1
2019-09-26,15:35:34.209000,10857,10858,10857,1
2019-09-26,15:35:34.436000,10857,10858,10858,1
2019-09-26,15:35:34.926000,10857,10858,10857,1
2019-09-26,15:35:39.223000,10857,10858,10857,5
2019-09-26,15:35:40.220000,10856,10858,10858,2
2019-09-26,15:35:47.901000,10856,10858,10858,1
2019-09-26,15:35:51.326000,10857,10858,10858,1
2019-09-26,15:35:52.675000,10857,10858,10857,1
2019-09-26,15:35:52.698000,10857,10858,10857,1
2019-09-26,15:35:53.410000,10856,10857,10856,1
2019-09-26,15:35:53.502000,10856,10857,10857,1
2019-09-26,15:35:54.570000,10856,10857,10857,1
2019-09-26,15:35:57.009000,10856,10857,10857,1
2019-09-26,15:35:57.172000,10856,10858,10858,1
2019-09-26,15:36:05.952000,10857,10858,10858,1
2019-09-26,15:36:09.484000,10857,10858,10858,1
2019-09-26,15:36:09.484000,10857,10858,10858,1
2019-09-26,15:36:24.842000,10858,10859,10859,1
2019-09-26,15:36:36.024000,10858,10859,10859,1
2019-09-26,15:36:37.049000,10858,10859,10858,1
2019-09-26,15:36:58.981000,10858,10859,10858,2
2019-09-26,15:37:00.620000,10858,10859,10858,3
2019-09-26,15:37:03.328000,10858,10859,10858,1
2019-09-26,15:37:13.592000,10858,10859,10859,1
2019-09-26,15:37:20.889000,10858,10859,10859,1
2019-09-26,15:37:37.625000,10858,10859,10859,1
2019-09-26,15:37:40.136000,10858,10859,10858,1
2019-09-26,15:37:49.631000,10858,10859,10859,1
2019-09-26,15:38:09.198000,10858,10859,10859,1
2019-09-26,15:38:16.629000,10858,10859,10859,1
2019-09-26,15:38:17.414000,10858,10859,10859,1
2019-09-26,15:38:20.964000,10858,10859,10858,1
2019-09-26,15:38:22.622000,10858,10859,10859,1
2019-09-26,15:38:35.127000,10858,10859,10858,1
2019-09-26,15:38:36.862000,10858,10859,10859,1
2019-09-26,15:38:45.588000,10858,10859,10859,1
2019-09-26,15:38:47.103000,10858,10859,10859,2
2019-09-26,15:38:48.414000,10858,10859,10859,1
2019-09-26,15:38:49.635000,10858,10859,10859,2
2019-09-26,15:38:53.847000,10858,10859,10859,5
2019-09-26,15:38:57.918000,10858,10859,10859,1
2019-09-26,15:38:57.918000,10858,10859,10859,1
2019-09-26,15:38:57.918000,10858,10859,10859,1
2019-09-26,15:38:57.919000,10858,10859,10859,1
2019-09-26,15:38:57.919000,10858,10859,10859,1
2019-09-26,15:38:57.920000,10858,10859,10859,1
2019-09-26,15:38:57.924000,10858,10859,10859,1
2019-09-26,15:38:57.948000,10858,10859,10859,1
2019-09-26,15:38:57.948000,10858,10859,10859,1
2019-09-26,15:38:57.948000,10858,10859,10859,3
2019-09-26,15:38:57.948000,10858,10859,10859,2
2019-09-26,15:38:57.948000,10858,10859,10859,3
2019-09-26,15:39:03.310000,10859,10860,10860,1
2019-09-26,15:39:06.273000,10859,10860,10860,1
2019-09-26,15:39:08.568000,10859,10860,10860,2
2019-09-26,15:39:09.302000,10859,10860,10859,3
2019-09-26,15:39:09.423000,10859,10860,10859,1
2019-09-26,15:39:09.424000,10859,10860,10859,9
2019-09-26,15:39:10.135000,10858,10859,10859,4
2019-09-26,15:39:19.329000,10858,10859,10859,2
2019-09-26,15:39:22.120000,10858,10859,10859,1
2019-09-26,15:39:23.227000,10858,10859,10859,1
2019-09-26,15:39:31.765000,10858,10859,10859,1
2019-09-26,15:39:38.587000,10858,10859,10859,3
2019-09-26,15:39:40.270000,10858,10859,10859,5
2019-09-26,15:39:53.557000,10858,10859,10858,1
2019-09-26,15:39:55.340000,10858,10859,10859,1
2019-09-26,15:39:57.356000,10858,10859,10859,1
2019-09-26,15:39:59.123000,10858,10859,10859,1
2019-09-26,15:40:01.356000,10858,10859,10859,3
2019-09-26,15:40:10.076000,10858,10859,10859,1
2019-09-26,15:40:10.331000,10858,10859,10858,1
2019-09-26,15:40:14.158000,10858,10859,10859,1
2019-09-26,15:40:17.737000,10858,10859,10859,1
2019-09-26,15:40:18.697000,10858,10859,10859,1
2019-09-26,15:40:25.179000,10858,10859,10859,1
2019-09-26,15:40:31.020000,10858,10859,10859,1
2019-09-26,15:40:32.693000,10858,10859,10859,1
2019-09-26,15:40:34.650000,10858,10859,10858,1
2019-09-26,15:40:42.006000,10858,10859,10858,1
2019-09-26,15:40:58.230000,10858,10859,10858,1
2019-09-26,15:41:05.073000,10858,10859,10858,1
2019-09-26,15:41:05.745000,10858,10859,10858,21
2019-09-26,15:41:12.141000,10857,10858,10857,2
2019-09-26,15:41:13.130000,10857,10858,10858,1
2019-09-26,15:41:15.531000,10857,10858,10858,7
2019-09-26,15:41:15.779000,10858,10859,10858,1
2019-09-26,15:41:17.765000,10858,10859,10858,1
2019-09-26,15:41:18.445000,10858,10859,10858,1
2019-09-26,15:41:19.533000,10857,10858,10858,1
2019-09-26,15:41:22.978000,10857,10858,10858,1
2019-09-26,15:41:26.117000,10858,10859,10859,2
2019-09-26,15:41:27.003000,10857,10859,10859,3
2019-09-26,15:41:32.591000,10858,10859,10858,1
2019-09-26,15:41:33.470000,10858,10859,10858,1
2019-09-26,15:41:40.510000,10858,10859,10858,1
2019-09-26,15:41:41.379000,10858,10859,10858,1
2019-09-26,15:41:47.647000,10857,10859,10857,1
2019-09-26,15:41:48.328000,10857,10859,10857,1
2019-09-26,15:41:53.295000,10857,10858,10857,1
2019-09-26,15:41:53.653000,10857,10858,10857,1
2019-09-26,15:42:13.367000,10857,10858,10857,1
2019-09-26,15:42:15.232000,10857,10858,10858,4
2019-09-26,15:42:16.123000,10858,10859,10858,1
2019-09-26,15:42:22.056000,10858,10859,10858,2
2019-09-26,15:42:22.479000,10858,10859,10858,3
2019-09-26,15:42:22.489000,10858,10859,10858,2
2019-09-26,15:42:22.490000,10858,10859,10858,1
2019-09-26,15:42:25.957000,10857,10858,10857,1
2019-09-26,15:43:00.254000,10857,10858,10858,5
2019-09-26,15:43:01.961000,10857,10858,10858,2
2019-09-26,15:43:08.706000,10857,10858,10857,1
2019-09-26,15:43:11.963000,10857,10858,10857,3
2019-09-26,15:43:24.624000,10857,10858,10857,1
2019-09-26,15:43:26.351000,10857,10858,10857,2
2019-09-26,15:43:32.519000,10857,10858,10858,1
2019-09-26,15:43:46.004000,10857,10858,10858,1
2019-09-26,15:43:46.422000,10857,10858,10857,1
2019-09-26,15:43:46.868000,10857,10858,10858,1
2019-09-26,15:43:54.997000,10857,10858,10858,4
2019-09-26,15:44:02.045000,10857,10858,10857,1
2019-09-26,15:44:09.374000,10857,10858,10857,1
2019-09-26,15:44:09.565000,10857,10858,10857,1
2019-09-26,15:44:16.652000,10857,10858,10858,1
2019-09-26,15:44:19.069000,10857,10858,10858,2
2019-09-26,15:44:50.647000,10857,10858,10857,1
2019-09-26,15:44:52.346000,10857,10858,10858,2
2019-09-26,15:45:07.046000,10857,10858,10858,2
2019-09-26,15:45:07.522000,10857,10858,10857,2
2019-09-26,15:45:07.576000,10857,10858,10857,1
2019-09-26,15:45:07.583000,10857,10858,10857,1
2019-09-26,15:45:07.747000,10857,10858,10857,1
2019-09-26,15:45:07.756000,10857,10858,10857,1
2019-09-26,15:45:08.509000,10857,10858,10857,6
2019-09-26,15:45:08.573000,10857,10858,10857,18
2019-09-26,15:45:13.116000,10856,10857,10857,1
2019-09-26,15:45:15.726000,10856,10857,10857,5
2019-09-26,15:45:19.998000,10856,10857,10857,1
2019-09-26,15:45:21.751000,10857,10858,10857,1
2019-09-26,15:45:22.190000,10857,10858,10857,1
2019-09-26,15:45:23.547000,10857,10858,10857,4
2019-09-26,15:45:27.867000,10856,10857,10857,5
2019-09-26,15:45:27.982000,10856,10857,10857,1
2019-09-26,15:45:31.520000,10856,10857,10857,5
2019-09-26,15:45:31.801000,10856,10857,10857,4
2019-09-26,15:45:37.490000,10857,10858,10857,1
2019-09-26,15:45:37.573000,10857,10858,10857,2
2019-09-26,15:45:37.698000,10857,10858,10857,1
2019-09-26,15:45:37.721000,10857,10858,10857,1
2019-09-26,15:45:37.823000,10857,10858,10857,1
2019-09-26,15:45:37.823000,10857,10858,10857,2
2019-09-26,15:45:41.812000,10856,10858,10856,1
2019-09-26,15:45:49.181000,10856,10857,10856,1
2019-09-26,15:45:50.750000,10856,10858,10856,1
2019-09-26,15:45:53.435000,10856,10857,10857,1
2019-09-26,15:45:59.191000,10857,10858,10857,2
2019-09-26,15:45:59.973000,10857,10858,10857,2
2019-09-26,15:46:01.549000,10857,10858,10857,1
2019-09-26,15:46:10.306000,10856,10857,10857,1
2019-09-26,15:46:12.368000,10856,10857,10857,1
2019-09-26,15:46:17.227000,10856,10857,10857,1
2019-09-26,15:46:18.539000,10856,10857,10857,4
2019-09-26,15:46:19.060000,10857,10858,10857,2
2019-09-26,15:46:19.163000,10857,10858,10858,1
2019-09-26,15:46:22.374000,10857,10858,10858,1
2019-09-26,15:46:23.501000,10857,10858,10857,1
2019-09-26,15:46:23.501000,10857,10858,10856,2
2019-09-26,15:46:26.275000,10857,10858,10857,2
2019-09-26,15:46:31.029000,10856,10857,10857,1
2019-09-26,15:46:42.529000,10856,10857,10857,1
2019-09-26,15:47:25.506000,10856,10857,10857,1
2019-09-26,15:47:32.041000,10856,10857,10856,5
2019-09-26,15:47:32.745000,10856,10857,10857,1
2019-09-26,15:47:57.929000,10856,10857,10857,1
2019-09-26,15:47:59.032000,10856,10857,10857,1
2019-09-26,15:48:00.012000,10856,10857,10856,1
2019-09-26,15:48:02.373000,10856,10857,10856,1
2019-09-26,15:48:14.608000,10856,10857,10857,1
2019-09-26,15:48:27.226000,10856,10857,10857,1
2019-09-26,15:48:33.072000,10856,10857,10856,2
2019-09-26,15:48:59.619000,10856,10857,10857,1
2019-09-26,15:49:03.013000,10856,10857,10857,11
2019-09-26,15:49:03.073000,10856,10857,10857,3
2019-09-26,15:49:03.198000,10856,10857,10857,5
2019-09-26,15:49:03.323000,10856,10857,10857,6
2019-09-26,15:49:21.349000,10857,10858,10857,1
2019-09-26,15:49:35.652000,10857,10858,10858,1
2019-09-26,15:49:35.971000,10857,10858,10858,1
2019-09-26,15:49:44.777000,10857,10858,10858,1
2019-09-26,15:49:55.140000,10857,10858,10858,1
2019-09-26,15:49:57.194000,10857,10858,10858,5
2019-09-26,15:49:59.768000,10857,10858,10858,1
2019-09-26,15:50:01.667000,10857,10858,10858,1
2019-09-26,15:50:02.097000,10857,10858,10857,2
2019-09-26,15:50:05.143000,10857,10858,10858,5
2019-09-26,15:50:08.647000,10857,10858,10858,1
2019-09-26,15:50:11.092000,10857,10858,10858,1
2019-09-26,15:50:11.093000,10857,10858,10858,4
2019-09-26,15:50:11.093000,10857,10858,10858,1
2019-09-26,15:50:11.094000,10857,10858,10858,1
2019-09-26,15:50:11.169000,10857,10858,10858,7
2019-09-26,15:50:15.235000,10858,10859,10858,1
2019-09-26,15:50:26.092000,10858,10859,10858,6
2019-09-26,15:50:28.963000,10858,10859,10858,3
2019-09-26,15:50:44.387000,10858,10859,10859,2
2019-09-26,15:50:44.387000,10858,10859,10859,5
2019-09-26,15:50:44.388000,10858,10859,10859,2
2019-09-26,15:50:44.388000,10858,10859,10859,1
2019-09-26,15:50:44.388000,10858,10859,10859,5
2019-09-26,15:50:44.401000,10858,10859,10859,5
2019-09-26,15:50:44.448000,10858,10859,10859,4
2019-09-26,15:50:44.490000,10858,10859,10859,2
2019-09-26,15:50:44.491000,10858,10859,10859,4
2019-09-26,15:50:44.491000,10858,10859,10859,1
2019-09-26,15:50:44.491000,10858,10859,10859,2
2019-09-26,15:50:44.573000,10858,10859,10859,19
2019-09-26,15:50:44.573000,10858,10859,10859,3
2019-09-26,15:50:44.573000,10858,10859,10859,1
2019-09-26,15:50:44.698000,10858,10859,10859,1
2019-09-26,15:50:57.689000,10859,10860,10860,1
2019-09-26,15:50:57.736000,10859,10860,10860,2
2019-09-26,15:51:00.988000,10859,10860,10860,1
2019-09-26,15:51:04.031000,10859,10860,10860,1
2019-09-26,15:51:06.599000,10859,10860,10860,1
2019-09-26,15:51:10.351000,10859,10860,10860,1
2019-09-26,15:51:13.627000,10859,10860,10860,1
2019-09-26,15:51:15.390000,10859,10860,10859,1
2019-09-26,15:51:15.779000,10859,10860,10860,1
2019-09-26,15:51:27.439000,10859,10860,10860,1
2019-09-26,15:51:30.893000,10859,10860,10860,1
2019-09-26,15:51:49.461000,10859,10860,10860,10
2019-09-26,15:51:50.128000,10859,10860,10860,10
2019-09-26,15:51:51.054000,10859,10860,10860,6
2019-09-26,15:51:51.745000,10859,10860,10860,6
2019-09-26,15:51:53.113000,10859,10860,10860,1
2019-09-26,15:51:53.762000,10859,10860,10860,4
2019-09-26,15:51:54.291000,10859,10860,10860,1
2019-09-26,15:51:55.319000,10859,10860,10860,5
2019-09-26,15:51:57.222000,10859,10860,10860,1
2019-09-26,15:51:58.065000,10859,10860,10860,1
2019-09-26,15:51:58.067000,10859,10860,10860,1
2019-09-26,15:51:58.413000,10859,10860,10860,2
2019-09-26,15:51:58.834000,10859,10860,10860,6
2019-09-26,15:51:59.350000,10859,10860,10860,21
2019-09-26,15:52:01.779000,10860,10861,10860,1
2019-09-26,15:52:06.728000,10860,10861,10861,6
2019-09-26,15:52:06.921000,10860,10861,10861,4
2019-09-26,15:52:07.793000,10860,10861,10861,1
2019-09-26,15:52:17.082000,10860,10861,10861,3
2019-09-26,15:52:17.785000,10860,10861,10861,3
2019-09-26,15:52:18.264000,10860,10861,10861,1
2019-09-26,15:52:19.333000,10860,10861,10861,1
2019-09-26,15:52:22.380000,10860,10861,10861,1
2019-09-26,15:52:27.768000,10860,10861,10860,1
2019-09-26,15:52:32.677000,10860,10861,10861,1
2019-09-26,15:52:37.962000,10860,10861,10861,2
2019-09-26,15:52:40.485000,10860,10861,10861,1
2019-09-26,15:52:40.858000,10860,10861,10861,2
2019-09-26,15:52:42.535000,10860,10861,10861,1
2019-09-26,15:52:43.409000,10860,10861,10861,1
2019-09-26,15:52:53.025000,10860,10861,10861,1
2019-09-26,15:52:55.239000,10860,10861,10861,2
2019-09-26,15:53:10.099000,10860,10861,10861,3
2019-09-26,15:53:12.943000,10860,10861,10861,1
2019-09-26,15:53:13.053000,10860,10861,10861,1
2019-09-26,15:53:16.580000,10860,10861,10861,3
2019-09-26,15:53:16.698000,10861,10862,10861,1
2019-09-26,15:53:16.744000,10861,10862,10861,1
2019-09-26,15:53:54.526000,10860,10861,10861,1
2019-09-26,15:54:01.302000,10860,10861,10860,1
2019-09-26,15:54:01.327000,10860,10861,10860,2
2019-09-26,15:54:01.327000,10860,10861,10860,1
2019-09-26,15:54:01.327000,10860,10861,10860,1
2019-09-26,15:54:01.327000,10860,10861,10860,13
2019-09-26,15:54:01.327000,10860,10861,10860,3
2019-09-26,15:54:01.327000,10860,10861,10860,6
2019-09-26,15:54:01.327000,10860,10861,10860,1
2019-09-26,15:54:01.327000,10860,10861,10860,2
2019-09-26,15:54:01.328000,10860,10861,10860,2
2019-09-26,15:54:01.339000,10860,10861,10860,1
2019-09-26,15:54:02.424000,10859,10860,10860,8
2019-09-26,15:54:02.424000,10859,10860,10861,2
2019-09-26,15:54:03.790000,10860,10861,10861,1
2019-09-26,15:54:06.092000,10860,10861,10860,1
2019-09-26,15:54:09.321000,10860,10861,10861,1
2019-09-26,15:54:16.307000,10860,10861,10860,1
2019-09-26,15:54:19.016000,10860,10861,10860,2
2019-09-26,15:54:30.258000,10860,10861,10861,1
2019-09-26,15:54:30.259000,10860,10861,10861,5
2019-09-26,15:54:37.723000,10860,10861,10860,1
2019-09-26,15:54:39.114000,10860,10861,10861,1
2019-09-26,15:54:43.116000,10860,10861,10860,6
2019-09-26,15:54:43.787000,10859,10860,10860,1
2019-09-26,15:54:45.547000,10859,10860,10860,1
2019-09-26,15:54:49.926000,10859,10860,10860,3
2019-09-26,15:54:50.926000,10859,10860,10860,9
2019-09-26,15:55:01.715000,10859,10860,10859,1
2019-09-26,15:55:07.323000,10859,10860,10859,1
2019-09-26,15:55:14.344000,10859,10860,10859,4
2019-09-26,15:55:17.180000,10859,10860,10859,1
2019-09-26,15:55:19.367000,10859,10860,10859,5
2019-09-26,15:55:20.650000,10859,10860,10859,1
2019-09-26,15:55:25.400000,10859,10860,10859,1
2019-09-26,15:55:26.301000,10859,10860,10859,1
2019-09-26,15:55:28.991000,10859,10860,10859,1
2019-09-26,15:55:33.815000,10859,10860,10859,5
2019-09-26,15:55:53.442000,10859,10860,10859,2
2019-09-26,15:55:56.147000,10859,10860,10859,1
2019-09-26,15:55:56.348000,10859,10860,10859,1
2019-09-26,15:55:57.988000,10859,10860,10859,1
2019-09-26,15:55:57.988000,10859,10860,10858,2
2019-09-26,15:56:03.030000,10858,10860,10858,2
2019-09-26,15:56:04.079000,10858,10860,10858,2
2019-09-26,15:56:04.596000,10858,10859,10858,3
2019-09-26,15:56:11.506000,10858,10859,10859,3
2019-09-26,15:56:12.802000,10859,10860,10860,5
2019-09-26,15:56:18.852000,10859,10860,10860,1
2019-09-26,15:56:18.930000,10859,10860,10859,1
2019-09-26,15:56:18.948000,10859,10860,10859,2
2019-09-26,15:56:23.425000,10859,10860,10859,1
2019-09-26,15:56:28.574000,10859,10860,10859,1
2019-09-26,15:56:28.574000,10859,10860,10858,1
2019-09-26,15:56:50.277000,10858,10859,10858,1
2019-09-26,15:56:58.931000,10858,10859,10858,1
2019-09-26,15:57:00.354000,10858,10859,10858,3
2019-09-26,15:57:02.936000,10858,10859,10858,1
2019-09-26,15:57:03.411000,10858,10859,10859,2
2019-09-26,15:57:18.698000,10858,10859,10859,1
2019-09-26,15:57:18.698000,10858,10859,10859,4
2019-09-26,15:57:24.650000,10859,10860,10860,2
2019-09-26,15:57:41.114000,10859,10860,10859,1
2019-09-26,15:58:03.510000,10859,10860,10859,1
2019-09-26,15:58:03.938000,10859,10860,10859,3
2019-09-26,15:58:14.903000,10859,10860,10859,2
2019-09-26,15:58:14.903000,10859,10860,10858,1
2019-09-26,15:58:52.653000,10858,10859,10858,1
2019-09-26,15:59:06.125000,10858,10859,10858,1
2019-09-26,16:00:00.813000,10858,10859,10858,2
2019-09-26,16:00:01.189000,10858,10859,10859,4
2019-09-26,16:00:01.227000,10858,10859,10859,1
2019-09-26,16:00:01.291000,10858,10859,10859,1
2019-09-26,16:00:01.307000,10858,10859,10859,2
2019-09-26,16:00:01.307000,10858,10859,10860,15
2019-09-26,16:00:01.865000,10859,10860,10860,1
2019-09-26,16:00:12.431000,10858,10859,10859,3
2019-09-26,16:00:12.448000,10859,10860,10859,1
2019-09-26,16:00:21.532000,10858,10859,10859,1
2019-09-26,16:00:33.662000,10859,10860,10859,1
2019-09-26,16:00:54.842000,10858,10859,10859,3
2019-09-26,16:00:58.870000,10859,10860,10859,2
2019-09-26,16:01:15.404000,10859,10860,10859,3
2019-09-26,16:01:15.404000,10859,10860,10859,1
2019-09-26,16:01:26.979000,10858,10859,10859,1
2019-09-26,16:01:29.303000,10858,10859,10858,1
2019-09-26,16:01:37.685000,10858,10859,10858,4
2019-09-26,16:01:37.816000,10858,10859,10858,1
2019-09-26,16:01:38.263000,10858,10859,10859,2
2019-09-26,16:01:43.216000,10858,10859,10858,1
2019-09-26,16:01:50.065000,10858,10859,10858,1
2019-09-26,16:01:54.778000,10858,10859,10858,3
2019-09-26,16:02:00.115000,10858,10859,10858,2
2019-09-26,16:02:00.115000,10858,10859,10858,2
2019-09-26,16:02:00.199000,10858,10859,10858,18
2019-09-26,16:02:00.323000,10858,10859,10858,3
2019-09-26,16:02:17.046000,10857,10858,10858,1
2019-09-26,16:02:34.774000,10857,10858,10857,3
2019-09-26,16:02:34.967000,10857,10858,10857,1
2019-09-26,16:02:37.981000,10857,10858,10858,1
2019-09-26,16:02:40.038000,10857,10858,10858,1
2019-09-26,16:02:43.033000,10857,10858,10858,1
2019-09-26,16:02:44.663000,10857,10858,10858,1
2019-09-26,16:02:51.698000,10857,10858,10857,2
2019-09-26,16:02:53.642000,10857,10858,10857,1
2019-09-26,16:02:53.643000,10857,10858,10857,7
2019-09-26,16:02:53.643000,10857,10858,10857,2
2019-09-26,16:03:11.440000,10857,10858,10857,1
2019-09-26,16:03:12.061000,10857,10858,10857,2
2019-09-26,16:03:13.454000,10857,10858,10857,7
2019-09-26,16:03:18.052000,10856,10857,10857,1
2019-09-26,16:03:21.060000,10856,10857,10857,1
2019-09-26,16:03:21.814000,10856,10857,10857,1
2019-09-26,16:03:24.825000,10856,10857,10856,1
2019-09-26,16:03:32.264000,10856,10857,10857,2
2019-09-26,16:03:35.491000,10856,10857,10856,1
2019-09-26,16:03:39.669000,10856,10857,10856,1
2019-09-26,16:03:43.707000,10856,10857,10857,6
2019-09-26,16:03:51.659000,10857,10858,10857,1
2019-09-26,16:03:57.380000,10857,10858,10857,1
2019-09-26,16:04:04.072000,10857,10858,10857,1
2019-09-26,16:04:06.129000,10857,10858,10858,2
2019-09-26,16:04:06.682000,10857,10858,10858,1
2019-09-26,16:04:08.518000,10857,10858,10857,1
2019-09-26,16:04:33.951000,10857,10858,10858,3
2019-09-26,16:04:34.485000,10857,10858,10857,1
2019-09-26,16:04:35.639000,10857,10858,10858,3
2019-09-26,16:04:36.520000,10857,10858,10857,1
2019-09-26,16:04:41.136000,10857,10858,10858,3
2019-09-26,16:04:43.488000,10857,10858,10858,2
2019-09-26,16:04:56.313000,10857,10858,10857,2
2019-09-26,16:05:00.694000,10857,10858,10857,2
2019-09-26,16:05:00.694000,10857,10858,10857,2
2019-09-26,16:05:37.957000,10856,10857,10857,1
2019-09-26,16:05:38.654000,10856,10857,10857,1
2019-09-26,16:05:38.698000,10856,10857,10857,3
2019-09-26,16:05:38.698000,10856,10857,10857,1
2019-09-26,16:05:39.482000,10857,10858,10857,1
2019-09-26,16:05:44.883000,10857,10858,10858,1
2019-09-26,16:05:57.197000,10857,10858,10858,2
2019-09-26,16:06:00.110000,10857,10858,10858,1
2019-09-26,16:06:04.551000,10857,10858,10858,1
2019-09-26,16:06:08.319000,10857,10858,10857,1
2019-09-26,16:06:13.506000,10857,10858,10858,1
2019-09-26,16:06:15.753000,10857,10858,10858,1
2019-09-26,16:06:33.633000,10857,10858,10857,1
2019-09-26,16:06:42.655000,10856,10857,10856,3
2019-09-26,16:06:56.605000,10856,10858,10856,1
2019-09-26,16:06:57.626000,10856,10858,10858,1
2019-09-26,16:07:02.496000,10856,10858,10856,1
2019-09-26,16:07:23.504000,10856,10857,10857,1
2019-09-26,16:07:24.116000,10856,10857,10857,1
2019-09-26,16:07:24.984000,10856,10857,10856,2
2019-09-26,16:07:26.810000,10856,10857,10856,2
2019-09-26,16:07:28.173000,10856,10857,10857,1
2019-09-26,16:07:30.926000,10856,10857,10856,2
2019-09-26,16:08:11.215000,10856,10857,10857,1
2019-09-26,16:08:11.863000,10856,10857,10857,1
2019-09-26,16:08:31.230000,10856,10857,10856,3
2019-09-26,16:08:31.323000,10856,10857,10856,12
2019-09-26,16:08:36.563000,10855,10856,10856,3
2019-09-26,16:08:39.945000,10855,10856,10856,4
2019-09-26,16:08:40.373000,10856,10857,10856,2
2019-09-26,16:08:43.035000,10855,10857,10855,1
2019-09-26,16:08:43.471000,10855,10856,10855,2
2019-09-26,16:08:43.562000,10855,10856,10855,1
2019-09-26,16:08:43.578000,10855,10856,10855,2
2019-09-26,16:08:43.738000,10855,10856,10855,2
2019-09-26,16:08:44.290000,10855,10856,10855,3
2019-09-26,16:08:44.753000,10855,10856,10855,6
2019-09-26,16:08:47.231000,10855,10856,10855,1
2019-09-26,16:08:48.118000,10855,10856,10855,1
2019-09-26,16:08:48.890000,10855,10856,10855,4
2019-09-26,16:08:48.890000,10855,10856,10854,1
2019-09-26,16:08:49.027000,10854,10856,10854,2
2019-09-26,16:08:49.041000,10854,10856,10854,1
2019-09-26,16:08:49.061000,10854,10856,10854,1
2019-09-26,16:08:51.431000,10854,10856,10854,2
2019-09-26,16:09:10.125000,10854,10855,10854,1
2019-09-26,16:09:16.084000,10854,10855,10855,1
2019-09-26,16:09:17.401000,10854,10855,10854,1
2019-09-26,16:09:30.991000,10854,10855,10855,2
2019-09-26,16:09:31.151000,10854,10855,10855,1
2019-09-26,16:09:34.416000,10854,10855,10855,1
2019-09-26,16:09:36.100000,10854,10855,10855,1
2019-09-26,16:09:39.123000,10854,10855,10854,1
2019-09-26,16:09:40.388000,10854,10855,10855,1
2019-09-26,16:09:58.916000,10854,10855,10855,2
2019-09-26,16:09:58.948000,10854,10855,10855,8
2019-09-26,16:09:59.625000,10855,10856,10855,4
2019-09-26,16:10:02.473000,10855,10856,10855,3
2019-09-26,16:10:02.632000,10855,10856,10855,3
2019-09-26,16:10:02.944000,10855,10856,10855,2
2019-09-26,16:10:05.126000,10855,10856,10855,4
2019-09-26,16:10:07.916000,10855,10856,10856,1
2019-09-26,16:10:08.579000,10855,10856,10855,2
2019-09-26,16:10:11.802000,10855,10856,10856,1
2019-09-26,16:10:13.373000,10855,10856,10855,1
2019-09-26,16:10:37.236000,10855,10856,10855,1
2019-09-26,16:10:41.177000,10855,10856,10855,1
2019-09-26,16:10:43.626000,10855,10856,10855,15
2019-09-26,16:10:45.986000,10854,10855,10855,1
2019-09-26,16:10:57.209000,10854,10855,10854,1
2019-09-26,16:11:02.717000,10854,10855,10854,4
2019-09-26,16:11:02.717000,10854,10855,10854,4
2019-09-26,16:11:02.717000,10854,10855,10854,4
2019-09-26,16:11:28.022000,10854,10855,10854,1
2019-09-26,16:11:38.965000,10854,10855,10854,1
2019-09-26,16:11:42.311000,10854,10855,10854,1
2019-09-26,16:11:48.590000,10854,10855,10855,1
2019-09-26,16:11:58.666000,10854,10855,10855,1
2019-09-26,16:12:06.079000,10854,10855,10855,1
2019-09-26,16:12:44.776000,10854,10855,10855,1
2019-09-26,16:12:57.651000,10854,10855,10854,1
2019-09-26,16:12:59.737000,10854,10855,10855,5
2019-09-26,16:13:12.713000,10854,10855,10855,1
2019-09-26,16:13:12.972000,10854,10855,10855,1
2019-09-26,16:13:16.527000,10854,10855,10854,1
2019-09-26,16:13:17.406000,10854,10855,10855,3
2019-09-26,16:13:18.661000,10854,10855,10855,1
2019-09-26,16:13:21.847000,10854,10855,10855,1
2019-09-26,16:13:23.428000,10854,10855,10855,1
2019-09-26,16:13:23.428000,10854,10855,10855,1
2019-09-26,16:13:23.429000,10854,10855,10855,1
2019-09-26,16:13:23.448000,10854,10855,10855,3
2019-09-26,16:13:23.448000,10854,10855,10855,1
2019-09-26,16:13:26.916000,10855,10856,10856,4
2019-09-26,16:13:27.718000,10855,10856,10856,4
2019-09-26,16:13:30.332000,10855,10856,10856,3
2019-09-26,16:13:31.538000,10855,10856,10856,1
2019-09-26,16:13:33.516000,10855,10856,10856,3
2019-09-26,16:13:38.348000,10855,10856,10856,1
2019-09-26,16:13:45.583000,10855,10856,10856,5
2019-09-26,16:13:46.719000,10855,10856,10856,1
2019-09-26,16:13:54.837000,10855,10856,10856,1
2019-09-26,16:13:57.892000,10855,10856,10856,4
2019-09-26,16:13:57.892000,10855,10856,10857,2
2019-09-26,16:13:58.691000,10855,10857,10857,6
2019-09-26,16:14:02.060000,10855,10857,10857,5
2019-09-26,16:14:04.525000,10856,10857,10857,4
2019-09-26,16:14:04.702000,10856,10857,10856,4
2019-09-26,16:14:09.520000,10855,10856,10856,1
2019-09-26,16:14:14.077000,10856,10857,10857,2
2019-09-26,16:14:14.698000,10856,10857,10857,2
2019-09-26,16:14:18.309000,10856,10857,10857,1
2019-09-26,16:14:20.319000,10856,10857,10857,1
2019-09-26,16:14:33.266000,10856,10857,10856,1
2019-09-26,16:14:34.268000,10855,10857,10857,1
2019-09-26,16:14:35.038000,10855,10857,10857,1
2019-09-26,16:14:37.001000,10855,10857,10857,1
2019-09-26,16:14:57.812000,10855,10856,10855,1
2019-09-26,16:15:11.635000,10855,10856,10856,3
2019-09-26,16:16:14.023000,10855,10856,10856,1
2019-09-26,16:16:15.203000,10855,10856,10856,3
2019-09-26,16:16:38.068000,10855,10856,10856,3
2019-09-26,16:16:48.840000,10855,10856,10856,1
2019-09-26,16:16:49.879000,10855,10856,10856,1
2019-09-26,16:16:53.603000,10855,10856,10856,1
2019-09-26,16:16:57.894000,10855,10856,10856,1
2019-09-26,16:17:10.410000,10855,10856,10856,4
2019-09-26,16:17:55.366000,10856,10857,10857,1
2019-09-26,16:18:14.930000,10856,10857,10857,1
2019-09-26,16:18:20.538000,10856,10857,10857,3
2019-09-26,16:18:20.539000,10856,10857,10857,10
2019-09-26,16:18:20.539000,10856,10857,10857,2
2019-09-26,16:18:20.539000,10856,10857,10857,1
2019-09-26,16:18:44.136000,10857,10858,10858,1
2019-09-26,16:18:45.154000,10857,10858,10857,3
2019-09-26,16:19:00.700000,10857,10858,10858,1
2019-09-26,16:19:06.993000,10857,10858,10857,1
2019-09-26,16:19:08.476000,10857,10858,10858,1
2019-09-26,16:19:36.648000,10857,10858,10858,1
2019-09-26,16:19:57.735000,10857,10858,10858,1
2019-09-26,16:20:09.559000,10857,10858,10858,1
2019-09-26,16:20:10.182000,10857,10858,10858,1
2019-09-26,16:20:31.665000,10857,10858,10858,1
2019-09-26,16:20:32.706000,10857,10858,10858,1
2019-09-26,16:20:39.423000,10857,10858,10858,1
2019-09-26,16:22:27.209000,10857,10858,10858,4
2019-09-26,16:22:50.990000,10857,10858,10857,2
2019-09-26,16:22:56.939000,10857,10858,10857,1
2019-09-26,16:22:58.397000,10857,10858,10857,2
2019-09-26,16:23:01.558000,10857,10858,10858,2
2019-09-26,16:23:06.271000,10857,10858,10858,2
2019-09-26,16:23:38.955000,10857,10858,10858,1
2019-09-26,16:24:12.922000,10857,10858,10858,1
2019-09-26,16:24:13.239000,10857,10858,10858,2
2019-09-26,16:24:13.418000,10857,10858,10858,4
2019-09-26,16:24:13.597000,10857,10858,10858,9
2019-09-26,16:24:13.597000,10857,10858,10859,3
2019-09-26,16:24:13.816000,10858,10859,10859,2
2019-09-26,16:24:13.894000,10858,10859,10859,2
2019-09-26,16:24:14.849000,10858,10859,10858,3
2019-09-26,16:25:07.860000,10858,10859,10859,1
2019-09-26,16:25:07.860000,10858,10859,10859,5
2019-09-26,16:25:08.512000,10858,10859,10859,1
2019-09-26,16:25:13.774000,10858,10859,10859,1
2019-09-26,16:25:19.981000,10858,10859,10859,2
2019-09-26,16:25:23.003000,10858,10859,10859,1
2019-09-26,16:25:39.762000,10858,10859,10859,1
2019-09-26,16:26:02.142000,10858,10859,10859,1
2019-09-26,16:26:02.142000,10858,10859,10858,1
2019-09-26,16:26:02.410000,10858,10859,10859,1
2019-09-26,16:26:24.839000,10858,10859,10859,1
2019-09-26,16:27:02.513000,10858,10859,10858,7
2019-09-26,16:27:32.083000,10858,10859,10858,1
2019-09-26,16:27:37.869000,10858,10859,10858,2
2019-09-26,16:27:37.869000,10858,10859,10858,5
2019-09-26,16:27:38.668000,10857,10858,10858,1
2019-09-26,16:27:51.519000,10857,10858,10857,1
2019-09-26,16:27:54.546000,10857,10858,10857,8
2019-09-26,16:27:55.003000,10856,10857,10857,1
2019-09-26,16:28:25.020000,10856,10857,10856,2
2019-09-26,16:28:37.374000,10856,10857,10856,1
2019-09-26,16:28:37.374000,10856,10857,10856,1
2019-09-26,16:28:37.374000,10856,10857,10856,1
2019-09-26,16:28:37.374000,10856,10857,10856,1
2019-09-26,16:28:37.496000,10855,10856,10855,1
2019-09-26,16:28:48.560000,10856,10857,10856,2
2019-09-26,16:28:55.534000,10856,10857,10856,1
2019-09-26,16:29:02.063000,10855,10856,10855,1
2019-09-26,16:29:02.280000,10855,10856,10855,1
2019-09-26,16:29:16.123000,10855,10856,10855,1
2019-09-26,16:29:26.663000,10855,10856,10855,2
2019-09-26,16:30:01.804000,10855,10856,10855,1
2019-09-26,16:30:08.893000,10855,10856,10855,1
2019-09-26,16:30:11.907000,10855,10856,10855,1
2019-09-26,16:30:14.266000,10855,10856,10855,5
2019-09-26,16:30:15.862000,10855,10856,10855,1
2019-09-26,16:30:18.930000,10855,10856,10855,1
2019-09-26,16:30:28.815000,10855,10856,10855,2
2019-09-26,16:30:32.948000,10855,10856,10855,2
2019-09-26,16:30:35.561000,10855,10856,10855,5
2019-09-26,16:30:35.573000,10855,10856,10855,2
2019-09-26,16:30:46.841000,10854,10855,10855,1
2019-09-26,16:30:50.963000,10854,10855,10855,3
2019-09-26,16:30:55.194000,10855,10856,10855,1
2019-09-26,16:30:57.140000,10855,10856,10855,1
2019-09-26,16:31:03.098000,10855,10856,10855,1
2019-09-26,16:31:17.002000,10855,10856,10856,10
2019-09-26,16:32:08.139000,10855,10856,10855,2
2019-09-26,16:32:15.525000,10856,10857,10856,1
2019-09-26,16:32:28.587000,10856,10857,10857,3
2019-09-26,16:32:39.544000,10856,10857,10857,1
2019-09-26,16:33:01.414000,10856,10857,10857,3
2019-09-26,16:33:17.788000,10856,10857,10856,1
2019-09-26,16:33:25.069000,10856,10857,10857,1
2019-09-26,16:33:28.074000,10856,10857,10857,1
2019-09-26,16:33:41.108000,10856,10857,10857,1
2019-09-26,16:33:52.739000,10856,10857,10857,1
2019-09-26,16:34:02.532000,10856,10857,10857,1
2019-09-26,16:34:27.510000,10856,10857,10857,1
2019-09-26,16:34:27.776000,10856,10857,10857,2
2019-09-26,16:35:10.564000,10856,10857,10856,3
2019-09-26,16:35:11.807000,10856,10857,10857,1
2019-09-26,16:35:13.802000,10856,10857,10856,1
2019-09-26,16:35:20.590000,10855,10856,10856,1
2019-09-26,16:35:24.598000,10855,10856,10856,4
2019-09-26,16:36:18.453000,10855,10856,10856,1
2019-09-26,16:36:49.971000,10855,10856,10856,1
2019-09-26,16:36:59.803000,10855,10856,10856,1
2019-09-26,16:37:10.400000,10855,10856,10856,2
2019-09-26,16:37:10.448000,10855,10856,10856,2
2019-09-26,16:37:36.160000,10856,10857,10856,8
2019-09-26,16:37:48.087000,10855,10856,10856,1
2019-09-26,16:38:00.914000,10856,10857,10856,7
2019-09-26,16:38:43.541000,10855,10856,10856,1
2019-09-26,16:39:57.757000,10855,10856,10856,1
2019-09-26,16:40:01.930000,10855,10856,10855,2
2019-09-26,16:40:02.862000,10855,10856,10856,1
2019-09-26,16:40:09.833000,10855,10856,10855,4
2019-09-26,16:40:21.558000,10855,10856,10855,9
2019-09-26,16:40:31.804000,10854,10855,10855,1
2019-09-26,16:40:32.279000,10854,10855,10855,1
2019-09-26,16:40:33.009000,10854,10855,10855,1
2019-09-26,16:40:38.298000,10854,10855,10855,3
2019-09-26,16:40:45.648000,10855,10856,10855,2
2019-09-26,16:40:46.482000,10855,10856,10855,1
2019-09-26,16:40:50.567000,10855,10856,10855,1
2019-09-26,16:40:50.950000,10855,10856,10856,1
2019-09-26,16:40:56.127000,10855,10856,10855,1
2019-09-26,16:41:11.687000,10855,10856,10856,1
2019-09-26,16:41:24.160000,10855,10856,10855,1
2019-09-26,16:41:24.343000,10855,10856,10856,8
2019-09-26,16:41:34.538000,10856,10857,10857,1
2019-09-26,16:41:49.630000,10856,10857,10856,2
2019-09-26,16:41:52.097000,10856,10857,10857,1
2019-09-26,16:42:28.545000,10856,10857,10857,1
2019-09-26,16:42:36.732000,10856,10857,10857,11
2019-09-26,16:42:40.341000,10857,10858,10858,1
2019-09-26,16:42:40.478000,10857,10858,10858,4
2019-09-26,16:42:40.687000,10857,10858,10858,12
2019-09-26,16:42:40.704000,10857,10858,10858,1
2019-09-26,16:42:40.704000,10857,10858,10859,1
2019-09-26,16:42:40.876000,10857,10859,10859,2
2019-09-26,16:42:43.083000,10857,10859,10857,3
2019-09-26,16:42:58.449000,10857,10858,10858,1
2019-09-26,16:44:02.963000,10858,10859,10858,1
2019-09-26,16:44:16.502000,10858,10859,10859,9
2019-09-26,16:44:16.502000,10858,10859,10859,7
2019-09-26,16:44:16.502000,10858,10859,10859,6
2019-09-26,16:44:16.502000,10858,10859,10860,1
2019-09-26,16:44:16.502000,10858,10859,10860,8
2019-09-26,16:44:16.502000,10858,10859,10860,8
2019-09-26,16:44:16.503000,10858,10859,10860,3
2019-09-26,16:44:16.503000,10858,10859,10860,2
2019-09-26,16:44:16.510000,10858,10859,10860,1
2019-09-26,16:44:16.510000,10858,10859,10860,2
2019-09-26,16:44:16.542000,10858,10859,10860,5
2019-09-26,16:44:16.573000,10859,10860,10860,13
2019-09-26,16:44:16.574000,10859,10860,10860,3
2019-09-26,16:44:16.574000,10859,10860,10860,1
2019-09-26,16:44:16.574000,10859,10860,10860,1
2019-09-26,16:44:16.700000,10860,10861,10861,30
2019-09-26,16:44:16.796000,10860,10861,10862,1
2019-09-26,16:44:16.871000,10861,10862,10862,8
2019-09-26,16:44:16.872000,10861,10862,10862,1
2019-09-26,16:44:16.968000,10861,10862,10862,2
2019-09-26,16:44:17.016000,10861,10862,10862,1
2019-09-26,16:44:17.020000,10861,10862,10862,1
2019-09-26,16:44:17.061000,10861,10862,10862,1
2019-09-26,16:44:17.149000,10861,10862,10862,5
2019-09-26,16:44:17.198000,10861,10862,10862,2
2019-09-26,16:44:17.346000,10861,10862,10862,1
2019-09-26,16:44:17.347000,10861,10862,10862,1
2019-09-26,16:44:17.349000,10861,10862,10862,2
2019-09-26,16:44:17.353000,10861,10862,10862,2
2019-09-26,16:44:17.385000,10861,10862,10862,2
2019-09-26,16:44:17.488000,10861,10862,10862,1
2019-09-26,16:44:17.506000,10861,10862,10862,1
2019-09-26,16:44:17.512000,10861,10862,10862,2
2019-09-26,16:44:17.573000,10861,10862,10862,8
2019-09-26,16:44:17.635000,10861,10862,10863,4
2019-09-26,16:44:17.661000,10861,10862,10863,1
2019-09-26,16:44:17.701000,10861,10863,10863,1
2019-09-26,16:44:17.723000,10861,10863,10863,3
2019-09-26,16:44:18.049000,10861,10863,10863,3
2019-09-26,16:44:18.576000,10861,10863,10863,1
2019-09-26,16:44:18.579000,10861,10863,10863,1
2019-09-26,16:44:18.623000,10861,10863,10861,1
2019-09-26,16:44:18.825000,10861,10862,10862,2
2019-09-26,16:44:19.127000,10861,10862,10862,2
2019-09-26,16:44:19.192000,10861,10862,10862,1
2019-09-26,16:44:19.540000,10862,10863,10863,2
2019-09-26,16:44:19.591000,10862,10863,10863,2
2019-09-26,16:44:19.792000,10862,10863,10863,2
2019-09-26,16:44:19.880000,10862,10863,10863,2
2019-09-26,16:44:20.166000,10862,10863,10863,2
2019-09-26,16:44:20.436000,10862,10863,10862,10
2019-09-26,16:44:20.450000,10861,10863,10862,6
2019-09-26,16:44:20.450000,10861,10863,10862,2
2019-09-26,16:44:20.463000,10861,10863,10863,2
2019-09-26,16:44:21.704000,10861,10862,10862,2
2019-09-26,16:44:21.838000,10861,10863,10861,4
2019-09-26,16:44:22.985000,10861,10862,10861,4
2019-09-26,16:44:22.987000,10861,10862,10861,1
2019-09-26,16:44:22.987000,10861,10862,10861,1
2019-09-26,16:44:24.837000,10860,10862,10861,1
2019-09-26,16:44:26.208000,10860,10861,10861,1
2019-09-26,16:44:26.681000,10860,10861,10861,2
2019-09-26,16:44:26.705000,10860,10861,10861,2
2019-09-26,16:44:28.017000,10861,10862,10861,1
2019-09-26,16:44:35.208000,10861,10862,10862,1
2019-09-26,16:44:35.449000,10861,10862,10862,1
2019-09-26,16:44:35.899000,10861,10862,10862,1
2019-09-26,16:44:36.661000,10861,10862,10862,1
2019-09-26,16:44:39.200000,10862,10863,10863,2
2019-09-26,16:44:43.140000,10862,10863,10863,1
2019-09-26,16:44:43.156000,10862,10863,10863,3
2019-09-26,16:44:43.323000,10862,10863,10863,2
2019-09-26,16:44:43.496000,10862,10863,10863,1
2019-09-26,16:44:43.882000,10862,10863,10863,1
2019-09-26,16:44:43.912000,10862,10863,10863,1
2019-09-26,16:44:43.912000,10862,10863,10864,2
2019-09-26,16:44:43.951000,10862,10864,10864,35
2019-09-26,16:44:43.957000,10862,10864,10864,4
2019-09-26,16:44:44.038000,10862,10864,10864,1
2019-09-26,16:44:44.038000,10862,10864,10864,2
2019-09-26,16:44:44.052000,10862,10864,10864,1
2019-09-26,16:44:44.201000,10863,10864,10864,1
2019-09-26,16:44:45.828000,10863,10864,10864,1
2019-09-26,16:44:46.182000,10863,10864,10864,1
2019-09-26,16:44:46.805000,10863,10864,10863,1
2019-09-26,16:44:51.076000,10863,10864,10864,1
2019-09-26,16:44:51.727000,10863,10864,10863,2
2019-09-26,16:44:51.823000,10863,10864,10863,1
2019-09-26,16:44:53.934000,10863,10864,10863,1
2019-09-26,16:44:54.857000,10863,10864,10864,1
2019-09-26,16:44:56.237000,10863,10864,10863,1
2019-09-26,16:44:56.326000,10863,10864,10864,3
2019-09-26,16:44:56.358000,10863,10864,10864,4
2019-09-26,16:44:58.748000,10863,10864,10864,1
2019-09-26,16:45:01.649000,10864,10865,10864,4
2019-09-26,16:45:02.057000,10863,10864,10864,1
2019-09-26,16:45:02.107000,10863,10864,10864,1
2019-09-26,16:45:02.290000,10863,10864,10864,1
2019-09-26,16:45:02.372000,10863,10864,10864,2
2019-09-26,16:45:02.445000,10863,10864,10864,2
2019-09-26,16:45:02.719000,10863,10865,10865,2
2019-09-26,16:45:02.792000,10863,10865,10865,3
2019-09-26,16:45:02.851000,10863,10865,10865,1
2019-09-26,16:45:02.855000,10863,10865,10865,3
2019-09-26,16:45:02.859000,10863,10865,10865,1
2019-09-26,16:45:03.088000,10863,10865,10865,1
2019-09-26,16:45:03.426000,10863,10865,10865,40
2019-09-26,16:45:03.528000,10863,10865,10865,2
2019-09-26,16:45:03.847000,10864,10865,10865,1
2019-09-26,16:45:04.151000,10864,10865,10865,1
2019-09-26,16:45:04.308000,10864,10865,10865,14
2019-09-26,16:45:04.460000,10864,10865,10865,1
2019-09-26,16:45:04.564000,10864,10865,10865,20
2019-09-26,16:45:04.762000,10864,10865,10865,1
2019-09-26,16:45:04.864000,10864,10865,10865,1
2019-09-26,16:45:05.073000,10864,10865,10865,1
2019-09-26,16:45:05.191000,10864,10865,10865,1
2019-09-26,16:45:05.405000,10864,10865,10865,1
2019-09-26,16:45:05.458000,10864,10865,10865,3
2019-09-26,16:45:05.573000,10865,10866,10865,1
2019-09-26,16:45:06.152000,10864,10865,10865,1
2019-09-26,16:45:06.336000,10864,10865,10865,2
2019-09-26,16:45:06.342000,10864,10865,10866,5
2019-09-26,16:45:06.685000,10864,10865,10864,1
2019-09-26,16:45:06.787000,10864,10865,10865,1
2019-09-26,16:45:06.965000,10864,10865,10865,1
2019-09-26,16:45:07.573000,10865,10866,10865,1
2019-09-26,16:45:08.413000,10864,10866,10866,5
2019-09-26,16:45:08.674000,10864,10866,10864,1
2019-09-26,16:45:08.716000,10864,10866,10864,1
2019-09-26,16:45:08.769000,10864,10866,10864,1
2019-09-26,16:45:08.874000,10864,10865,10864,1
2019-09-26,16:45:09.221000,10864,10865,10865,2
2019-09-26,16:45:11.056000,10865,10866,10865,2
2019-09-26,16:45:11.525000,10864,10865,10865,1
2019-09-26,16:45:12.007000,10864,10865,10864,1
2019-09-26,16:45:12.149000,10864,10865,10865,5
2019-09-26,16:45:12.387000,10864,10865,10865,5
2019-09-26,16:45:12.636000,10864,10865,10865,5
2019-09-26,16:45:12.871000,10864,10865,10865,5
2019-09-26,16:45:13.126000,10864,10865,10865,4
2019-09-26,16:45:13.198000,10865,10866,10865,1
2019-09-26,16:45:13.467000,10865,10866,10865,1
2019-09-26,16:45:13.841000,10865,10866,10865,1
2019-09-26,16:45:13.856000,10865,10866,10865,1
2019-09-26,16:45:13.948000,10865,10866,10865,2
2019-09-26,16:45:14.526000,10865,10866,10865,1
2019-09-26,16:45:16.955000,10865,10866,10865,10
2019-09-26,16:45:18.264000,10865,10866,10865,1
2019-09-26,16:45:18.312000,10865,10866,10865,1
2019-09-26,16:45:18.385000,10865,10866,10865,10
2019-09-26,16:45:18.448000,10865,10866,10865,1
2019-09-26,16:45:23.948000,10864,10865,10865,1
2019-09-26,16:45:24.201000,10864,10865,10865,5
2019-09-26,16:45:25.219000,10864,10865,10865,3
2019-09-26,16:45:26.571000,10864,10865,10864,1
2019-09-26,16:45:34.551000,10864,10865,10865,2
2019-09-26,16:45:35.331000,10864,10865,10865,20
2019-09-26,16:45:35.449000,10864,10865,10865,2
2019-09-26,16:45:36.495000,10865,10866,10865,1
2019-09-26,16:45:36.927000,10864,10865,10865,1
2019-09-26,16:45:37.573000,10865,10866,10865,2
2019-09-26,16:45:37.612000,10865,10866,10865,1
2019-09-26,16:45:41.461000,10865,10866,10865,1
2019-09-26,16:45:41.719000,10865,10866,10865,1
2019-09-26,16:45:43.060000,10865,10866,10865,10
2019-09-26,16:45:43.413000,10864,10865,10864,1
2019-09-26,16:45:43.823000,10864,10865,10865,1
2019-09-26,16:45:46.561000,10864,10865,10865,1
2019-09-26,16:45:47.190000,10864,10865,10865,1
2019-09-26,16:45:48.087000,10865,10866,10865,1
2019-09-26,16:45:48.229000,10865,10866,10865,1
2019-09-26,16:45:49.044000,10865,10866,10865,2
2019-09-26,16:45:49.978000,10865,10866,10865,1
2019-09-26,16:45:51.581000,10865,10866,10865,1
2019-09-26,16:45:52.630000,10865,10866,10865,10
2019-09-26,16:45:52.759000,10865,10866,10866,1
2019-09-26,16:45:52.843000,10865,10866,10865,9
2019-09-26,16:45:52.843000,10865,10866,10865,1
2019-09-26,16:45:55.860000,10865,10866,10866,20
2019-09-26,16:46:00.504000,10865,10866,10866,5
2019-09-26,16:46:00.949000,10865,10866,10866,1
2019-09-26,16:46:03.189000,10865,10866,10865,1
2019-09-26,16:46:03.825000,10865,10866,10865,8
2019-09-26,16:46:04.473000,10864,10865,10865,1
2019-09-26,16:46:04.523000,10864,10865,10865,1
2019-09-26,16:46:08.940000,10865,10866,10866,1
2019-09-26,16:46:09.571000,10865,10866,10866,1
2019-09-26,16:46:11.505000,10865,10866,10866,1
2019-09-26,16:46:12.369000,10865,10866,10865,3
2019-09-26,16:46:12.369000,10865,10866,10864,1
2019-09-26,16:46:13.854000,10864,10866,10865,1
2019-09-26,16:46:14.515000,10864,10865,10866,1
2019-09-26,16:46:14.877000,10864,10866,10866,2
2019-09-26,16:46:17.669000,10864,10866,10865,1
2019-09-26,16:46:19.328000,10864,10865,10864,2
2019-09-26,16:46:19.797000,10864,10865,10865,5
2019-09-26,16:46:21.686000,10864,10865,10864,1
2019-09-26,16:46:28.987000,10864,10865,10864,2
2019-09-26,16:46:29.235000,10864,10865,10864,2
2019-09-26,16:46:29.463000,10864,10865,10865,9
2019-09-26,16:46:33.213000,10864,10865,10864,3
2019-09-26,16:46:39.270000,10864,10865,10865,1
2019-09-26,16:46:41.263000,10864,10865,10865,20
2019-09-26,16:46:41.282000,10864,10865,10864,1
2019-09-26,16:46:43.027000,10864,10865,10865,5
2019-09-26,16:46:47.676000,10865,10866,10865,1
2019-09-26,16:46:48.114000,10865,10866,10865,1
2019-09-26,16:46:50.288000,10865,10866,10866,1
2019-09-26,16:46:54.820000,10865,10866,10866,1
2019-09-26,16:46:57.474000,10865,10866,10866,1
2019-09-26,16:46:59.886000,10865,10866,10866,5
2019-09-26,16:47:00.100000,10865,10866,10866,13
2019-09-26,16:47:01.864000,10866,10867,10867,1
2019-09-26,16:47:01.976000,10866,10867,10867,3
2019-09-26,16:47:03.505000,10866,10867,10867,14
2019-09-26,16:47:03.729000,10866,10867,10867,1
2019-09-26,16:47:09.928000,10866,10867,10867,1
2019-09-26,16:47:10.718000,10866,10867,10867,5
2019-09-26,16:47:10.918000,10866,10867,10867,4
2019-09-26,16:47:10.950000,10866,10867,10867,2
2019-09-26,16:47:17.734000,10866,10867,10867,5
2019-09-26,16:47:17.949000,10866,10867,10867,6
2019-09-26,16:47:17.950000,10866,10867,10867,2
2019-09-26,16:47:17.954000,10866,10867,10867,1
2019-09-26,16:47:17.967000,10866,10867,10867,1
2019-09-26,16:47:18.073000,10866,10867,10867,7
2019-09-26,16:47:21.187000,10867,10868,10867,1
2019-09-26,16:47:23.042000,10867,10868,10867,1
2019-09-26,16:47:27.476000,10867,10868,10867,2
2019-09-26,16:47:28.426000,10867,10868,10867,2
2019-09-26,16:47:31.990000,10867,10868,10868,25
2019-09-26,16:47:32.169000,10867,10868,10868,25
2019-09-26,16:47:32.360000,10867,10868,10868,2
2019-09-26,16:47:33.556000,10867,10868,10868,25
2019-09-26,16:47:33.720000,10867,10868,10868,12
2019-09-26,16:47:35.205000,10868,10869,10869,1
2019-09-26,16:47:35.552000,10868,10869,10869,2
2019-09-26,16:47:35.761000,10868,10869,10869,2
2019-09-26,16:47:36.274000,10868,10869,10869,1
2019-09-26,16:47:41.141000,10868,10869,10869,1
2019-09-26,16:47:41.162000,10868,10869,10869,2
2019-09-26,16:47:42.097000,10868,10869,10869,1
2019-09-26,16:47:43.662000,10868,10869,10869,4
2019-09-26,16:47:44.406000,10868,10869,10869,4
2019-09-26,16:47:44.444000,10868,10869,10869,8
2019-09-26,16:47:46.901000,10868,10869,10869,1
2019-09-26,16:47:47.071000,10868,10869,10869,1
2019-09-26,16:47:47.105000,10868,10869,10869,1
2019-09-26,16:47:47.242000,10868,10869,10869,1
2019-09-26,16:47:50.380000,10868,10869,10868,1
2019-09-26,16:47:50.452000,10868,10869,10868,10
2019-09-26,16:47:50.687000,10868,10869,10868,3
2019-09-26,16:47:50.698000,10868,10869,10868,5
2019-09-26,16:47:50.698000,10868,10869,10868,2
2019-09-26,16:47:50.699000,10868,10869,10868,1
2019-09-26,16:47:51.198000,10867,10868,10868,3
2019-09-26,16:47:51.558000,10867,10868,10868,1
2019-09-26,16:47:53.673000,10867,10868,10867,1
2019-09-26,16:47:54.442000,10867,10868,10868,1
2019-09-26,16:47:59.385000,10867,10868,10868,1
2019-09-26,16:48:03.154000,10867,10868,10867,1
2019-09-26,16:48:05.203000,10867,10868,10867,1
2019-09-26,16:48:05.883000,10867,10868,10867,2
2019-09-26,16:48:06.359000,10867,10868,10867,12
2019-09-26,16:48:06.448000,10867,10868,10867,4
2019-09-26,16:48:06.448000,10867,10868,10867,1
2019-09-26,16:48:06.499000,10867,10868,10867,5
2019-09-26,16:48:06.521000,10867,10868,10867,1
2019-09-26,16:48:06.549000,10867,10868,10867,5
2019-09-26,16:48:08.261000,10866,10867,10867,2
2019-09-26,16:48:08.735000,10866,10868,10866,1
2019-09-26,16:48:11.766000,10866,10867,10867,2
2019-09-26,16:48:12.587000,10866,10867,10867,1
2019-09-26,16:48:12.790000,10866,10867,10868,3
2019-09-26,16:48:13.301000,10867,10868,10867,1
2019-09-26,16:48:14.484000,10866,10868,10866,2
2019-09-26,16:48:23.518000,10866,10867,10866,5
2019-09-26,16:48:25.147000,10866,10867,10867,1
2019-09-26,16:48:29.848000,10866,10867,10867,1
2019-09-26,16:48:30.465000,10866,10867,10867,1
2019-09-26,16:48:32.970000,10866,10867,10867,1
2019-09-26,16:48:35.701000,10866,10867,10867,1
2019-09-26,16:48:37.548000,10866,10867,10867,1
2019-09-26,16:48:39.330000,10866,10867,10867,1
2019-09-26,16:48:43.190000,10866,10867,10866,1
2019-09-26,16:48:43.758000,10866,10867,10867,1
2019-09-26,16:48:44.246000,10866,10867,10867,3
2019-09-26,16:48:47.144000,10866,10867,10867,1
2019-09-26,16:48:48.951000,10866,10867,10867,1
2019-09-26,16:48:48.987000,10866,10867,10867,2
2019-09-26,16:48:51.758000,10866,10867,10867,1
2019-09-26,16:48:52.295000,10866,10867,10867,1
2019-09-26,16:48:52.416000,10866,10867,10867,1
2019-09-26,16:48:55.804000,10866,10867,10867,2
2019-09-26,16:48:56.201000,10866,10867,10867,1
2019-09-26,16:48:57.617000,10866,10867,10867,1
2019-09-26,16:48:57.841000,10866,10867,10867,1
2019-09-26,16:48:58.210000,10866,10867,10867,2
2019-09-26,16:48:58.926000,10866,10867,10867,4
2019-09-26,16:49:00.891000,10866,10867,10867,1
2019-09-26,16:49:01.201000,10866,10867,10867,1
2019-09-26,16:49:01.378000,10866,10867,10867,1
2019-09-26,16:49:01.512000,10866,10867,10867,1
2019-09-26,16:49:01.819000,10866,10867,10867,1
2019-09-26,16:49:02.129000,10866,10867,10867,1
2019-09-26,16:49:02.435000,10866,10867,10867,1
2019-09-26,16:49:02.449000,10866,10867,10867,1
2019-09-26,16:49:02.656000,10866,10867,10867,1
2019-09-26,16:49:02.972000,10866,10867,10867,1
2019-09-26,16:49:07.139000,10866,10867,10867,1
2019-09-26,16:49:07.301000,10866,10867,10867,1
2019-09-26,16:49:07.617000,10866,10867,10867,1
2019-09-26,16:49:07.934000,10866,10867,10867,1
2019-09-26,16:49:10.709000,10866,10867,10867,2
2019-09-26,16:49:20.887000,10866,10867,10867,20
2019-09-26,16:49:21.861000,10866,10867,10867,17
2019-09-26,16:49:21.861000,10866,10867,10867,1
2019-09-26,16:49:21.861000,10866,10867,10867,1
2019-09-26,16:49:21.948000,10867,10868,10867,1
2019-09-26,16:49:23.206000,10866,10867,10867,1
2019-09-26,16:49:26.851000,10867,10868,10867,1
2019-09-26,16:49:30.307000,10867,10868,10867,1
2019-09-26,16:49:31.045000,10867,10868,10867,1
2019-09-26,16:49:33.090000,10867,10868,10867,5
2019-09-26,16:49:34.772000,10867,10868,10867,2
2019-09-26,16:49:35.875000,10867,10868,10867,2
2019-09-26,16:49:36.451000,10867,10868,10867,5
2019-09-26,16:49:36.465000,10867,10868,10867,1
2019-09-26,16:49:38.492000,10867,10868,10867,1
2019-09-26,16:49:47.039000,10867,10868,10867,2
2019-09-26,16:49:49.804000,10867,10868,10867,1
2019-09-26,16:49:50.214000,10867,10868,10867,6
2019-09-26,16:49:51.154000,10866,10867,10867,1
2019-09-26,16:49:52.183000,10866,10867,10867,1
2019-09-26,16:49:57.236000,10866,10867,10866,10
2019-09-26,16:49:57.707000,10866,10867,10867,1
2019-09-26,16:49:58.599000,10866,10867,10866,1
2019-09-26,16:49:59.028000,10866,10867,10867,3
2019-09-26,16:50:06.476000,10866,10867,10867,3
2019-09-26,16:50:09.165000,10866,10867,10866,1
2019-09-26,16:50:10.454000,10866,10867,10867,1
2019-09-26,16:50:13.757000,10866,10867,10866,3
2019-09-26,16:50:17.899000,10866,10867,10866,1
2019-09-26,16:50:24.764000,10866,10867,10866,2
2019-09-26,16:50:26.462000,10866,10867,10866,1
2019-09-26,16:50:47.275000,10866,10867,10866,1
2019-09-26,16:50:50.078000,10866,10867,10866,1
2019-09-26,16:51:03.835000,10866,10867,10866,1
2019-09-26,16:51:08.888000,10866,10867,10866,4
2019-09-26,16:51:08.890000,10866,10867,10866,1
2019-09-26,16:51:08.891000,10866,10867,10866,2
2019-09-26,16:51:08.941000,10866,10867,10866,2
2019-09-26,16:51:08.948000,10866,10867,10866,17
2019-09-26,16:51:08.948000,10866,10867,10866,1
2019-09-26,16:51:08.948000,10866,10867,10866,1
2019-09-26,16:51:08.998000,10866,10867,10866,2
2019-09-26,16:51:09.073000,10866,10867,10866,2
2019-09-26,16:51:09.073000,10866,10867,10866,1
2019-09-26,16:51:14.126000,10865,10866,10866,1
2019-09-26,16:51:14.227000,10865,10866,10866,1
2019-09-26,16:51:25.719000,10865,10866,10866,1
2019-09-26,16:51:25.776000,10865,10866,10866,1
2019-09-26,16:51:44.721000,10865,10866,10866,1
2019-09-26,16:51:45.250000,10865,10866,10866,1
2019-09-26,16:52:05.738000,10865,10866,10866,1
2019-09-26,16:52:17.455000,10865,10866,10866,1
2019-09-26,16:53:01.916000,10865,10866,10865,2
2019-09-26,16:53:02.014000,10865,10866,10865,1
2019-09-26,16:53:02.124000,10865,10866,10865,2
2019-09-26,16:53:02.628000,10865,10866,10865,2
2019-09-26,16:53:02.810000,10865,10866,10865,2
2019-09-26,16:53:03.554000,10865,10866,10865,2
2019-09-26,16:53:03.584000,10865,10866,10865,2
2019-09-26,16:53:06.860000,10865,10866,10866,1
2019-09-26,16:53:23.752000,10865,10866,10865,1
2019-09-26,16:53:26.919000,10865,10866,10865,1
2019-09-26,16:53:50.834000,10865,10866,10865,1
2019-09-26,16:53:53.256000,10865,10866,10866,1
2019-09-26,16:53:54.943000,10865,10866,10865,3
2019-09-26,16:54:03.180000,10865,10866,10865,1
2019-09-26,16:54:07.905000,10865,10866,10865,2
2019-09-26,16:54:11.534000,10865,10866,10865,1
2019-09-26,16:54:15.100000,10865,10866,10865,1
2019-09-26,16:54:17.351000,10865,10866,10865,1
2019-09-26,16:54:25.370000,10865,10866,10865,1
2019-09-26,16:54:28.798000,10865,10866,10865,1
2019-09-26,16:54:32.204000,10865,10866,10866,1
2019-09-26,16:54:34.222000,10865,10866,10865,1
2019-09-26,16:54:36.644000,10865,10866,10866,1
2019-09-26,16:54:37.368000,10865,10866,10866,1
2019-09-26,16:54:38.789000,10865,10866,10866,1
2019-09-26,16:54:43.983000,10865,10866,10866,8
2019-09-26,16:54:43.983000,10865,10866,10866,6
2019-09-26,16:54:43.986000,10865,10866,10866,17
2019-09-26,16:54:46.541000,10866,10867,10867,19
2019-09-26,16:54:52.757000,10866,10867,10866,3
2019-09-26,16:55:00.072000,10866,10867,10867,3
2019-09-26,16:55:00.934000,10866,10867,10867,1
2019-09-26,16:55:03.890000,10866,10867,10867,1
2019-09-26,16:55:05.661000,10866,10867,10867,1
2019-09-26,16:55:15.097000,10866,10867,10867,2
2019-09-26,16:55:17.786000,10866,10867,10866,1
2019-09-26,16:55:20.742000,10866,10867,10866,1
2019-09-26,16:55:42.690000,10866,10867,10866,1
2019-09-26,16:55:46.904000,10866,10867,10866,1
2019-09-26,16:55:47.023000,10866,10867,10866,1
2019-09-26,16:55:50.019000,10866,10867,10866,1
2019-09-26,16:55:54.389000,10866,10867,10866,1
2019-09-26,16:55:56.735000,10866,10867,10866,1
2019-09-26,16:56:01.646000,10866,10867,10866,3
2019-09-26,16:56:05.959000,10866,10867,10866,1
2019-09-26,16:56:23.136000,10866,10867,10866,2
2019-09-26,16:56:24.265000,10866,10867,10866,1
2019-09-26,16:56:26.573000,10865,10866,10866,1
2019-09-26,16:56:33.626000,10865,10866,10866,1
2019-09-26,16:56:38.191000,10865,10866,10866,1
2019-09-26,16:56:45.141000,10865,10866,10865,1
2019-09-26,16:56:55.824000,10865,10866,10865,12
2019-09-26,16:57:06.136000,10865,10866,10866,2
2019-09-26,16:57:06.226000,10865,10866,10865,1
2019-09-26,16:57:11.669000,10865,10866,10866,6
2019-09-26,16:57:12.076000,10865,10866,10866,1
2019-09-26,16:57:13.566000,10865,10866,10866,5
2019-09-26,16:57:13.573000,10865,10866,10866,4
2019-09-26,16:57:18.104000,10866,10867,10867,1
2019-09-26,16:57:18.906000,10866,10867,10867,1
2019-09-26,16:57:22.552000,10866,10867,10866,1
2019-09-26,16:57:24.118000,10866,10867,10867,1
2019-09-26,16:57:27.011000,10866,10867,10867,1
2019-09-26,16:57:31.777000,10866,10867,10866,2
2019-09-26,16:57:39.038000,10866,10867,10866,1
2019-09-26,16:57:39.073000,10865,10866,10866,1
2019-09-26,16:57:50.962000,10865,10866,10866,1
2019-09-26,16:57:57.617000,10865,10866,10865,1
2019-09-26,16:58:01.699000,10865,10866,10866,3
2019-09-26,16:58:03.966000,10866,10867,10866,1
2019-09-26,16:58:20.850000,10866,10867,10866,4
2019-09-26,16:58:25.055000,10866,10867,10866,1
2019-09-26,16:58:28.974000,10866,10867,10867,2
2019-09-26,16:58:33.482000,10866,10867,10867,1
2019-09-26,16:58:40.148000,10866,10867,10867,2
2019-09-26,16:58:52.112000,10866,10867,10867,1
2019-09-26,16:58:55.603000,10866,10867,10866,1
2019-09-26,16:58:58.112000,10866,10867,10867,2
2019-09-26,16:59:05.482000,10866,10867,10867,1
2019-09-26,16:59:09.690000,10866,10867,10866,1
2019-09-26,16:59:21.224000,10866,10867,10866,1
2019-09-26,16:59:24.411000,10866,10867,10866,2
2019-09-26,16:59:43.193000,10866,10867,10866,2
2019-09-26,16:59:43.306000,10866,10867,10867,2
2019-09-26,16:59:44.814000,10866,10867,10866,8
2019-09-26,16:59:44.814000,10866,10867,10866,6
2019-09-26,16:59:44.823000,10866,10867,10866,6
2019-09-26,16:59:44.823000,10866,10867,10866,2
2019-09-26,16:59:44.823000,10866,10867,10866,1
2019-09-26,16:59:44.823000,10866,10867,10866,1
2019-09-26,16:59:44.823000,10866,10867,10866,7
2019-09-26,16:59:44.823000,10866,10867,10866,5
2019-09-26,16:59:44.824000,10866,10867,10866,1
2019-09-26,16:59:48.121000,10865,10866,10865,1
2019-09-26,16:59:51.087000,10865,10866,10866,2
2019-09-26,17:00:09.534000,10865,10866,10866,1
2019-09-26,17:00:21.590000,10866,10867,10867,1
2019-09-26,17:00:21.995000,10866,10867,10867,1
2019-09-26,17:00:41.945000,10866,10867,10867,18
2019-09-26,17:00:45.146000,10867,10868,10867,6
2019-09-26,17:00:49.291000,10866,10867,10867,1
2019-09-26,17:00:49.484000,10866,10867,10867,1
2019-09-26,17:00:49.644000,10866,10867,10867,1
2019-09-26,17:00:49.835000,10866,10867,10867,1
2019-09-26,17:00:50.042000,10866,10867,10867,1
2019-09-26,17:00:57.984000,10866,10867,10867,2
2019-09-26,17:01:09.295000,10866,10867,10866,1
2019-09-26,17:01:09.449000,10866,10867,10866,4
2019-09-26,17:01:23.996000,10865,10866,10866,1
2019-09-26,17:01:27.181000,10865,10866,10866,1
2019-09-26,17:01:44.968000,10865,10866,10866,1
2019-09-26,17:01:49.511000,10865,10866,10866,9
2019-09-26,17:01:49.575000,10866,10867,10866,1
2019-09-26,17:01:52.115000,10866,10867,10866,1
2019-09-26,17:01:57.414000,10866,10867,10866,2
2019-09-26,17:02:08.368000,10865,10866,10866,2
2019-09-26,17:02:51.673000,10865,10866,10866,1
2019-09-26,17:02:58.138000,10865,10866,10866,7
2019-09-26,17:02:58.631000,10865,10866,10866,4
2019-09-26,17:02:58.698000,10865,10866,10866,1
2019-09-26,17:02:58.698000,10865,10866,10866,1
2019-09-26,17:02:58.948000,10866,10867,10866,1
2019-09-26,17:03:01.530000,10865,10866,10865,1
2019-09-26,17:03:02.451000,10865,10866,10866,3
2019-09-26,17:03:02.453000,10865,10866,10866,1
2019-09-26,17:03:02.529000,10865,10866,10866,1
2019-09-26,17:03:02.574000,10866,10867,10866,10
2019-09-26,17:03:02.908000,10865,10867,10865,1
2019-09-26,17:03:02.965000,10865,10867,10865,1
2019-09-26,17:03:06.335000,10865,10866,10866,5
2019-09-26,17:03:29.664000,10866,10867,10866,1
2019-09-26,17:03:30.168000,10866,10867,10866,1
2019-09-26,17:03:34.996000,10866,10867,10866,1
2019-09-26,17:03:36.798000,10866,10867,10867,2
2019-09-26,17:03:44.913000,10866,10867,10867,1
2019-09-26,17:03:46.285000,10866,10867,10866,1
2019-09-26,17:04:07.669000,10866,10867,10866,5
2019-09-26,17:04:07.857000,10866,10867,10866,1
2019-09-26,17:04:15.452000,10866,10867,10867,2
2019-09-26,17:04:28.581000,10866,10867,10867,1
2019-09-26,17:04:52.574000,10866,10867,10866,10
2019-09-26,17:04:55.345000,10866,10867,10866,1
2019-09-26,17:04:55.542000,10865,10866,10866,1
2019-09-26,17:05:10.699000,10866,10867,10866,1
2019-09-26,17:06:02.125000,10866,10867,10866,1
2019-09-26,17:06:02.322000,10866,10867,10866,1
2019-09-26,17:06:02.675000,10866,10867,10867,5
2019-09-26,17:06:02.681000,10866,10867,10867,5
2019-09-26,17:06:02.694000,10866,10867,10867,2
2019-09-26,17:06:04.917000,10866,10867,10866,3
2019-09-26,17:06:05.288000,10866,10867,10867,3
2019-09-26,17:06:15.971000,10866,10867,10867,2
2019-09-26,17:06:21.069000,10866,10867,10867,1
2019-09-26,17:06:24.175000,10866,10867,10867,6
2019-09-26,17:06:24.196000,10866,10867,10867,2
2019-09-26,17:06:26.645000,10866,10868,10868,1
2019-09-26,17:06:27.487000,10866,10868,10868,2
2019-09-26,17:06:27.487000,10866,10868,10868,1
2019-09-26,17:06:45.798000,10867,10868,10868,1
2019-09-26,17:06:46.613000,10867,10868,10867,4
2019-09-26,17:06:52,10867,10868,10867,2
2019-09-26,17:06:53.013000,10867,10868,10867,1
2019-09-26,17:07:08.243000,10867,10868,10867,1
2019-09-26,17:07:12.923000,10867,10868,10867,1
2019-09-26,17:07:15.130000,10866,10868,10868,1
2019-09-26,17:07:17.720000,10867,10868,10867,2
2019-09-26,17:07:25.951000,10866,10867,10867,1
2019-09-26,17:08:01.826000,10866,10867,10867,1
2019-09-26,17:08:04.497000,10866,10867,10867,1
2019-09-26,17:08:05.634000,10866,10867,10867,1
2019-09-26,17:08:05.798000,10866,10867,10868,2
2019-09-26,17:08:08.797000,10866,10867,10867,1
2019-09-26,17:08:10.901000,10866,10868,10868,1
2019-09-26,17:08:14.074000,10867,10868,10867,1
2019-09-26,17:08:21.320000,10866,10868,10868,1
2019-09-26,17:08:30.172000,10866,10867,10867,1
2019-09-26,17:08:36.289000,10867,10868,10867,3
2019-09-26,17:08:42.449000,10867,10868,10867,2
2019-09-26,17:08:49.573000,10867,10868,10867,1
2019-09-26,17:08:54.294000,10867,10868,10868,1
2019-09-26,17:08:56.376000,10867,10868,10868,1
2019-09-26,17:09:02.112000,10867,10868,10868,1
2019-09-26,17:09:02.312000,10867,10868,10868,1
2019-09-26,17:09:07.056000,10867,10868,10868,1
2019-09-26,17:09:10.351000,10867,10868,10867,1
2019-09-26,17:09:10.748000,10867,10868,10868,1
2019-09-26,17:09:12.950000,10867,10868,10867,1
2019-09-26,17:09:15.351000,10867,10868,10868,1
2019-09-26,17:09:20.101000,10867,10868,10867,1
2019-09-26,17:09:21.341000,10867,10868,10868,1
2019-09-26,17:09:25.941000,10867,10868,10868,1
2019-09-26,17:09:34.153000,10867,10868,10868,1
2019-09-26,17:09:34.658000,10867,10868,10868,1
2019-09-26,17:09:37.179000,10867,10868,10868,1
2019-09-26,17:09:42.784000,10867,10868,10868,1
2019-09-26,17:09:53.221000,10867,10868,10868,1
2019-09-26,17:09:54.703000,10867,10868,10867,6
2019-09-26,17:10:02.116000,10866,10867,10866,1
2019-09-26,17:10:02.423000,10866,10867,10866,1
2019-09-26,17:10:07.638000,10866,10867,10867,1
2019-09-26,17:10:19.650000,10866,10867,10867,1
2019-09-26,17:10:36.924000,10866,10867,10867,2
2019-09-26,17:10:41.992000,10866,10867,10867,2
2019-09-26,17:10:53.355000,10866,10867,10867,1
2019-09-26,17:11:03.334000,10866,10867,10867,1
2019-09-26,17:11:05.626000,10866,10867,10867,2
2019-09-26,17:11:37.448000,10866,10867,10867,1
2019-09-26,17:11:46.949000,10866,10867,10867,1
2019-09-26,17:11:55.528000,10866,10867,10866,1
2019-09-26,17:12:29.300000,10866,10867,10866,1
2019-09-26,17:12:32.699000,10866,10867,10866,1
2019-09-26,17:12:42.735000,10866,10867,10866,1
2019-09-26,17:12:49.386000,10866,10867,10866,2
2019-09-26,17:13:00.349000,10866,10867,10867,1
2019-09-26,17:13:02.924000,10866,10867,10867,1
2019-09-26,17:13:09.011000,10866,10867,10866,1
2019-09-26,17:13:10.822000,10866,10867,10867,1
2019-09-26,17:13:14.271000,10866,10867,10867,1
2019-09-26,17:13:15.646000,10866,10867,10867,1
2019-09-26,17:13:17.284000,10866,10867,10867,1
2019-09-26,17:13:39.392000,10866,10867,10866,1
2019-09-26,17:14:03.462000,10866,10867,10867,1
2019-09-26,17:14:04.019000,10866,10867,10867,1
2019-09-26,17:14:16.309000,10866,10867,10866,1
2019-09-26,17:14:30.147000,10866,10867,10867,1
2019-09-26,17:14:44.161000,10866,10867,10867,1
2019-09-26,17:14:44.650000,10866,10867,10867,1
2019-09-26,17:15:00.237000,10866,10867,10867,2
2019-09-26,17:15:00.247000,10866,10867,10867,2
2019-09-26,17:15:00.261000,10866,10867,10867,2
2019-09-26,17:15:00.276000,10866,10867,10867,2
2019-09-26,17:15:00.614000,10866,10867,10867,1
2019-09-26,17:15:02.524000,10867,10868,10867,2
2019-09-26,17:15:03.944000,10866,10868,10866,2
2019-09-26,17:15:10.124000,10866,10868,10868,1
2019-09-26,17:15:18.923000,10866,10868,10868,1
2019-09-26,17:15:29.090000,10866,10868,10868,1
2019-09-26,17:15:47.315000,10866,10867,10867,1
2019-09-26,17:15:59.781000,10866,10868,10866,1
2019-09-26,17:16:26.672000,10866,10867,10867,1
2019-09-26,17:16:27.564000,10866,10867,10866,1
2019-09-26,17:16:42.803000,10866,10867,10866,1
2019-09-26,17:16:50.267000,10866,10867,10866,1
2019-09-26,17:16:52.124000,10866,10867,10866,19
2019-09-26,17:17:00.782000,10866,10867,10866,2
2019-09-26,17:17:12.527000,10866,10867,10866,1
2019-09-26,17:17:47.246000,10866,10867,10866,1
2019-09-26,17:17:50.163000,10866,10867,10866,1
2019-09-26,17:18:04.783000,10866,10867,10866,5
2019-09-26,17:18:12.718000,10866,10867,10866,1
2019-09-26,17:18:17.908000,10866,10867,10866,3
2019-09-26,17:18:21.450000,10866,10867,10866,1
2019-09-26,17:18:28.196000,10866,10867,10866,4
2019-09-26,17:18:30.477000,10866,10867,10866,1
2019-09-26,17:19:22.796000,10865,10866,10865,1
2019-09-26,17:19:22.905000,10865,10866,10866,6
2019-09-26,17:19:29.080000,10865,10866,10866,1
2019-09-26,17:19:54.759000,10865,10866,10866,1
2019-09-26,17:20:01.076000,10865,10866,10866,1
2019-09-26,17:20:09.356000,10865,10866,10865,1
2019-09-26,17:20:19.378000,10865,10866,10865,1
2019-09-26,17:20:22.888000,10865,10866,10865,1
2019-09-26,17:20:24.584000,10865,10866,10865,1
2019-09-26,17:20:53.895000,10865,10866,10865,1
2019-09-26,17:20:54.802000,10865,10866,10866,1
2019-09-26,17:20:56.663000,10865,10866,10865,2
2019-09-26,17:21:12.353000,10865,10866,10865,1
2019-09-26,17:21:12.428000,10865,10866,10866,1
2019-09-26,17:21:12.993000,10865,10866,10866,7
2019-09-26,17:21:12.994000,10865,10866,10866,1
2019-09-26,17:21:19.125000,10865,10866,10866,1
2019-09-26,17:21:43.202000,10865,10866,10865,2
2019-09-26,17:21:43.202000,10865,10866,10865,2
2019-09-26,17:21:43.207000,10865,10866,10865,2
2019-09-26,17:21:43.233000,10865,10866,10865,2
2019-09-26,17:21:43.235000,10865,10866,10865,1
2019-09-26,17:21:43.323000,10865,10866,10865,5
2019-09-26,17:21:43.323000,10865,10866,10865,1
2019-09-26,17:21:43.323000,10865,10866,10865,2
2019-09-26,17:21:43.323000,10865,10866,10865,7
2019-09-26,17:21:43.323000,10865,10866,10865,2
2019-09-26,17:21:43.323000,10865,10866,10865,3
2019-09-26,17:21:43.323000,10865,10866,10865,1
2019-09-26,17:21:43.324000,10865,10866,10865,6
2019-09-26,17:21:43.324000,10865,10866,10865,7
2019-09-26,17:21:53.918000,10864,10865,10864,20
2019-09-26,17:21:54.057000,10863,10865,10863,1
2019-09-26,17:21:54.179000,10863,10864,10863,3
2019-09-26,17:21:54.376000,10863,10864,10863,1
2019-09-26,17:22:08.161000,10863,10864,10863,1
2019-09-26,17:22:09.703000,10863,10864,10864,1
2019-09-26,17:22:17.032000,10863,10864,10864,1
2019-09-26,17:22:17.067000,10863,10864,10864,1
2019-09-26,17:22:19.056000,10863,10864,10864,1
2019-09-26,17:22:34.473000,10863,10864,10864,1
2019-09-26,17:22:34.653000,10863,10864,10864,1
2019-09-26,17:22:46.744000,10863,10864,10863,1
