2019-10-22 15:00:00.058,11241,11242,11242,19
2019-10-22 15:00:00.066,11241,11242,11242,3
2019-10-22 15:00:00.067,11241,11242,11242,3
2019-10-22 15:00:00.067,11241,11242,11242,2
2019-10-22 15:00:00.073,11241,11242,11242,1
2019-10-22 15:00:00.076,11241,11242,11242,1
2019-10-22 15:00:00.084,11241,11242,11243,3
2019-10-22 15:00:00.085,11241,11242,11243,3
2019-10-22 15:00:00.260,11241,11242,11242,1
2019-10-22 15:00:00.496,11241,11243,11243,1
2019-10-22 15:00:00.578,11241,11243,11243,1
2019-10-22 15:00:00.591,11241,11243,11243,1
2019-10-22 15:00:00.602,11241,11243,11243,1
2019-10-22 15:00:00.623,11241,11243,11243,1
2019-10-22 15:00:00.632,11241,11243,11243,1
2019-10-22 15:00:00.656,11241,11243,11243,1
2019-10-22 15:00:00.683,11241,11243,11243,1
2019-10-22 15:00:00.862,11241,11243,11243,2
2019-10-22 15:00:00.880,11241,11243,11243,2
2019-10-22 15:00:00.886,11241,11243,11243,2
2019-10-22 15:00:00.976,11241,11243,11241,1
2019-10-22 15:00:00.988,11241,11243,11241,22
2019-10-22 15:00:01.060,11240,11241,11241,3
2019-10-22 15:00:01.528,11241,11242,11242,2
2019-10-22 15:00:01.643,11241,11242,11241,2
2019-10-22 15:00:02.394,11241,11242,11241,1
2019-10-22 15:00:02.643,11241,11242,11241,3
2019-10-22 15:00:03.636,11240,11241,11240,1
2019-10-22 15:00:06.260,11240,11241,11240,1
2019-10-22 15:00:06.907,11240,11241,11240,1
2019-10-22 15:00:07.974,11240,11241,11240,8
2019-10-22 15:00:08.103,11240,11241,11241,1
2019-10-22 15:00:08.137,11239,11241,11239,1
2019-10-22 15:00:09.007,11239,11241,11241,2
2019-10-22 15:00:10.488,11240,11241,11240,4
2019-10-22 15:00:11.268,11240,11241,11241,5
2019-10-22 15:00:11.283,11240,11241,11241,1
2019-10-22 15:00:11.768,11240,11241,11240,2
2019-10-22 15:00:15.176,11240,11241,11240,2
2019-10-22 15:00:15.815,11240,11241,11240,1
2019-10-22 15:00:15.815,11240,11241,11239,1
2019-10-22 15:00:15.824,11240,11241,11239,1
2019-10-22 15:00:15.828,11240,11241,11239,2
2019-10-22 15:00:15.831,11240,11241,11239,2
2019-10-22 15:00:15.839,11240,11241,11239,1
2019-10-22 15:00:15.850,11240,11241,11239,2
2019-10-22 15:00:19.023,11239,11240,11239,1
2019-10-22 15:00:20.879,11239,11240,11239,1
2019-10-22 15:00:24.385,11239,11240,11239,1
2019-10-22 15:00:26.636,11239,11240,11239,6
2019-10-22 15:00:28.393,11238,11239,11239,1
2019-10-22 15:00:33.685,11238,11239,11238,1
2019-10-22 15:00:35.165,11238,11239,11238,1
2019-10-22 15:00:36.262,11238,11239,11238,1
2019-10-22 15:00:38.161,11238,11239,11238,1
2019-10-22 15:00:40.373,11238,11239,11238,4
2019-10-22 15:00:41.816,11238,11239,11239,1
2019-10-22 15:00:43.030,11238,11239,11238,1
2019-10-22 15:00:45.909,11238,11239,11238,1
2019-10-22 15:00:51.219,11238,11239,11238,1
2019-10-22 15:00:51.349,11238,11239,11239,5
2019-10-22 15:00:51.362,11238,11239,11239,1
2019-10-22 15:00:56.127,11238,11239,11239,1
2019-10-22 15:00:58.181,11238,11239,11238,1
2019-10-22 15:01:00.040,11238,11239,11239,1
2019-10-22 15:01:00.143,11238,11239,11238,1
2019-10-22 15:01:00.143,11238,11239,11238,1
2019-10-22 15:01:00.143,11238,11239,11238,1
2019-10-22 15:01:00.268,11238,11239,11238,2
2019-10-22 15:01:00.270,11238,11239,11238,2
2019-10-22 15:01:03.111,11238,11239,11239,1
2019-10-22 15:01:04.476,11238,11239,11239,6
2019-10-22 15:01:04.761,11239,11240,11240,9
2019-10-22 15:01:04.761,11239,11240,11240,6
2019-10-22 15:01:04.764,11239,11240,11240,3
2019-10-22 15:01:04.970,11240,11241,11241,1
2019-10-22 15:01:05.011,11240,11241,11241,11
2019-10-22 15:01:05.011,11240,11241,11241,1
2019-10-22 15:01:05.143,11241,11242,11241,4
2019-10-22 15:01:05.635,11241,11242,11242,1
2019-10-22 15:01:18.542,11241,11242,11241,1
2019-10-22 15:01:19.435,11241,11242,11241,1
2019-10-22 15:01:20.175,11241,11242,11241,3
2019-10-22 15:01:20.227,11241,11242,11240,3
2019-10-22 15:01:22.901,11240,11241,11241,1
2019-10-22 15:01:24.322,11240,11241,11241,1
2019-10-22 15:01:35.398,11240,11241,11241,1
2019-10-22 15:01:38.324,11240,11241,11241,1
2019-10-22 15:01:39.012,11240,11241,11241,1
2019-10-22 15:01:56.218,11240,11241,11240,1
2019-10-22 15:02:01.183,11240,11241,11241,2
2019-10-22 15:02:03.743,11240,11241,11240,11
2019-10-22 15:02:07.429,11239,11240,11240,1
2019-10-22 15:02:16.985,11239,11240,11240,1
2019-10-22 15:02:21.100,11239,11240,11240,1
2019-10-22 15:02:27.166,11239,11240,11240,1
2019-10-22 15:02:27.405,11239,11240,11239,1
2019-10-22 15:02:27.450,11239,11240,11240,1
2019-10-22 15:02:29.973,11239,11240,11240,1
2019-10-22 15:02:31.310,11239,11240,11240,1
2019-10-22 15:02:35.471,11239,11240,11239,2
2019-10-22 15:02:52.024,11239,11240,11239,1
2019-10-22 15:03:00.757,11239,11240,11239,5
2019-10-22 15:03:04.528,11239,11240,11239,1
2019-10-22 15:03:06.925,11239,11240,11239,2
2019-10-22 15:03:07.258,11239,11240,11240,1
2019-10-22 15:03:09.202,11239,11240,11239,1
2019-10-22 15:03:21.191,11239,11240,11239,14
2019-10-22 15:03:21.191,11239,11240,11238,9
2019-10-22 15:03:28.834,11239,11240,11239,1
2019-10-22 15:03:31.646,11239,11240,11239,1
2019-10-22 15:03:32.064,11239,11240,11239,3
2019-10-22 15:03:32.135,11238,11239,11239,3
2019-10-22 15:03:36.113,11239,11240,11239,3
2019-10-22 15:03:36.135,11238,11240,11239,1
2019-10-22 15:03:36.143,11238,11240,11239,1
2019-10-22 15:03:36.146,11238,11240,11239,1
2019-10-22 15:03:36.260,11238,11239,11239,2
2019-10-22 15:03:36.261,11238,11239,11239,1
2019-10-22 15:03:46.505,11238,11239,11238,5
2019-10-22 15:03:46.510,11238,11239,11238,3
2019-10-22 15:03:46.636,11237,11238,11238,1
2019-10-22 15:03:46.637,11237,11238,11238,1
2019-10-22 15:03:50.312,11237,11238,11238,1
2019-10-22 15:03:56.695,11237,11239,11237,2
2019-10-22 15:03:58.430,11237,11238,11238,1
2019-10-22 15:03:59.035,11237,11238,11237,20
2019-10-22 15:03:59.035,11237,11238,11236,10
2019-10-22 15:03:59.170,11236,11237,11237,3
2019-10-22 15:03:59.261,11236,11237,11237,3
2019-10-22 15:03:59.385,11236,11237,11237,3
2019-10-22 15:03:59.510,11236,11237,11237,3
2019-10-22 15:04:04.502,11237,11238,11237,2
2019-10-22 15:04:05.378,11237,11238,11237,1
2019-10-22 15:04:07.007,11237,11238,11237,1
2019-10-22 15:04:08.122,11237,11238,11237,1
2019-10-22 15:04:10.953,11237,11238,11237,1
2019-10-22 15:04:11.348,11237,11238,11237,1
2019-10-22 15:04:14.333,11236,11238,11236,3
2019-10-22 15:04:19.042,11236,11237,11237,3
2019-10-22 15:04:20.904,11236,11237,11236,1
2019-10-22 15:04:27.581,11236,11237,11237,5
2019-10-22 15:04:28.266,11237,11238,11237,1
2019-10-22 15:04:28.943,11237,11238,11237,1
2019-10-22 15:04:34.299,11237,11238,11237,1
2019-10-22 15:04:36.012,11237,11238,11238,1
2019-10-22 15:04:37.808,11237,11238,11237,1
2019-10-22 15:04:57.194,11237,11238,11237,1
2019-10-22 15:04:59.073,11237,11238,11238,8
2019-10-22 15:04:59.073,11237,11238,11238,1
2019-10-22 15:04:59.073,11237,11238,11238,2
2019-10-22 15:04:59.135,11237,11238,11238,5
2019-10-22 15:05:29.747,11238,11239,11239,2
2019-10-22 15:05:29.760,11238,11239,11239,9
2019-10-22 15:05:29.761,11238,11239,11239,1
2019-10-22 15:05:30.403,11239,11240,11240,1
2019-10-22 15:05:30.765,11239,11240,11239,2
2019-10-22 15:05:31.123,11239,11240,11240,5
2019-10-22 15:05:36.730,11239,11240,11240,1
2019-10-22 15:05:37.027,11239,11240,11240,2
2019-10-22 15:05:37.599,11239,11240,11239,1
2019-10-22 15:05:47.177,11239,11240,11240,1
2019-10-22 15:05:48.606,11239,11240,11240,5
2019-10-22 15:05:57.434,11240,11241,11240,1
2019-10-22 15:06:02.377,11240,11241,11241,1
2019-10-22 15:06:02.785,11240,11241,11241,1
2019-10-22 15:06:03.503,11240,11241,11241,1
2019-10-22 15:06:08.038,11240,11241,11241,1
2019-10-22 15:06:08.038,11240,11241,11241,1
2019-10-22 15:06:16.786,11240,11241,11240,1
2019-10-22 15:06:16.802,11240,11241,11241,1
2019-10-22 15:06:17.194,11240,11241,11241,1
2019-10-22 15:06:26.896,11240,11241,11240,1
2019-10-22 15:06:38.486,11240,11241,11240,1
2019-10-22 15:06:51.154,11240,11241,11240,1
2019-10-22 15:06:52.562,11240,11241,11240,1
2019-10-22 15:06:59.092,11240,11241,11240,6
2019-10-22 15:06:59.821,11239,11240,11239,1
2019-10-22 15:06:59.822,11239,11240,11239,1
2019-10-22 15:06:59.885,11239,11240,11239,1
2019-10-22 15:06:59.888,11239,11240,11239,2
2019-10-22 15:06:59.952,11239,11240,11239,1
2019-10-22 15:07:05.011,11239,11240,11239,2
2019-10-22 15:07:06.049,11238,11240,11240,1
2019-10-22 15:07:07.763,11239,11240,11239,1
2019-10-22 15:07:24.022,11238,11239,11239,1
2019-10-22 15:07:38.273,11238,11239,11238,2
2019-10-22 15:07:46.876,11238,11239,11238,2
2019-10-22 15:07:52.241,11238,11239,11238,1
2019-10-22 15:07:56.922,11238,11239,11238,2
2019-10-22 15:07:57.512,11238,11239,11238,2
2019-10-22 15:08:02.163,11238,11239,11239,1
2019-10-22 15:08:04.492,11238,11239,11238,1
2019-10-22 15:08:33.730,11238,11239,11238,1
2019-10-22 15:08:39.908,11238,11239,11238,1
2019-10-22 15:08:46.883,11238,11239,11239,1
2019-10-22 15:08:48.889,11238,11239,11239,1
2019-10-22 15:09:00.477,11238,11239,11239,1
2019-10-22 15:09:02.320,11238,11239,11239,1
2019-10-22 15:09:04.663,11238,11239,11239,19
2019-10-22 15:09:04.663,11238,11239,11239,1
2019-10-22 15:09:10.208,11238,11239,11239,2
2019-10-22 15:09:10.923,11238,11239,11239,1
2019-10-22 15:09:14.076,11238,11239,11239,1
2019-10-22 15:09:14.542,11238,11239,11239,2
2019-10-22 15:09:26.924,11239,11240,11239,1
2019-10-22 15:09:31.376,11239,11240,11239,1
2019-10-22 15:10:00.966,11239,11240,11239,1
2019-10-22 15:10:02.902,11238,11239,11239,1
2019-10-22 15:10:12.502,11238,11239,11239,1
2019-10-22 15:10:25.341,11239,11240,11240,8
2019-10-22 15:10:25.533,11239,11240,11240,1
2019-10-22 15:10:56.605,11239,11240,11239,25
2019-10-22 15:10:58.404,11239,11240,11240,1
2019-10-22 15:11:05.567,11239,11240,11239,1
2019-10-22 15:11:06.555,11238,11239,11239,1
2019-10-22 15:11:09.103,11238,11239,11239,1
2019-10-22 15:11:15.948,11238,11239,11239,1
2019-10-22 15:11:21.954,11238,11239,11239,1
2019-10-22 15:11:23.301,11238,11239,11238,25
2019-10-22 15:11:49.242,11238,11239,11239,6
2019-10-22 15:11:49.683,11239,11240,11239,4
2019-10-22 15:11:49.683,11239,11240,11238,6
2019-10-22 15:11:49.850,11238,11239,11239,1
2019-10-22 15:11:49.862,11238,11239,11239,1
2019-10-22 15:12:02.258,11239,11240,11240,1
2019-10-22 15:12:39.027,11239,11240,11240,1
2019-10-22 15:12:43.014,11239,11240,11240,6
2019-10-22 15:12:58.203,11239,11240,11240,2
2019-10-22 15:13:16.482,11239,11240,11240,1
2019-10-22 15:13:20.648,11239,11240,11240,2
2019-10-22 15:13:57.775,11239,11240,11240,1
2019-10-22 15:14:16.102,11239,11240,11240,1
2019-10-22 15:14:18.896,11239,11240,11240,2
2019-10-22 15:14:21.767,11239,11240,11240,3
2019-10-22 15:14:23.585,11239,11240,11240,2
2019-10-22 15:15:42.017,11239,11240,11239,10
2019-10-22 15:15:58.705,11238,11239,11239,1
2019-10-22 15:16:17.671,11238,11239,11239,1
2019-10-22 15:16:28.989,11239,11240,11239,1
2019-10-22 15:16:29.565,11239,11240,11239,1
2019-10-22 15:17:01.720,11238,11239,11238,15
2019-10-22 15:17:10.413,11237,11238,11237,1
2019-10-22 15:17:11.163,11237,11238,11237,7
2019-10-22 15:17:14.329,11237,11238,11237,1
2019-10-22 15:17:14.767,11237,11238,11237,5
2019-10-22 15:17:32.625,11237,11238,11237,7
2019-10-22 15:17:32.625,11237,11238,11237,4
2019-10-22 15:17:36.557,11236,11237,11236,1
2019-10-22 15:17:36.852,11236,11237,11236,2
2019-10-22 15:17:37.278,11236,11237,11236,14
2019-10-22 15:17:38.526,11235,11236,11235,5
2019-10-22 15:17:38.664,11235,11236,11235,5
2019-10-22 15:17:38.676,11235,11236,11235,1
2019-10-22 15:17:38.711,11235,11236,11236,1
2019-10-22 15:17:38.814,11235,11236,11235,5
2019-10-22 15:17:38.963,11235,11236,11235,5
2019-10-22 15:17:39.010,11235,11236,11235,12
2019-10-22 15:17:39.039,11235,11236,11235,8
2019-10-22 15:17:39.281,11234,11235,11235,1
2019-10-22 15:17:45.132,11234,11235,11234,1
2019-10-22 15:17:46.503,11234,11235,11235,1
2019-10-22 15:17:47.953,11234,11235,11234,1
2019-10-22 15:17:48.753,11234,11235,11234,2
2019-10-22 15:17:49.105,11234,11235,11234,5
2019-10-22 15:17:49.809,11234,11235,11234,1
2019-10-22 15:17:53.861,11234,11235,11234,17
2019-10-22 15:17:53.861,11234,11235,11233,8
2019-10-22 15:17:54.029,11233,11234,11233,1
2019-10-22 15:17:54.975,11233,11234,11233,2
2019-10-22 15:17:55.141,11232,11233,11233,1
2019-10-22 15:17:56.899,11233,11234,11233,2
2019-10-22 15:17:57.192,11233,11234,11233,1
2019-10-22 15:17:59.127,11233,11234,11233,5
2019-10-22 15:17:59.285,11232,11234,11233,1
2019-10-22 15:18:00.292,11233,11234,11233,1
2019-10-22 15:18:00.292,11233,11234,11232,2
2019-10-22 15:18:00.459,11232,11234,11233,1
2019-10-22 15:18:00.460,11232,11234,11233,2
2019-10-22 15:18:00.510,11232,11233,11233,2
2019-10-22 15:18:00.636,11233,11234,11233,1
2019-10-22 15:18:01.245,11233,11234,11234,1
2019-10-22 15:18:09.464,11233,11234,11233,1
2019-10-22 15:18:10.181,11233,11234,11233,1
2019-10-22 15:18:11.656,11233,11234,11233,2
2019-10-22 15:18:12.469,11233,11234,11234,5
2019-10-22 15:18:13.537,11233,11234,11233,2
2019-10-22 15:18:16.484,11233,11234,11234,1
2019-10-22 15:18:19.166,11233,11234,11233,6
2019-10-22 15:18:19.292,11233,11234,11233,1
2019-10-22 15:18:19.368,11233,11234,11233,3
2019-10-22 15:18:19.385,11232,11233,11233,1
2019-10-22 15:18:19.438,11232,11233,11233,1
2019-10-22 15:18:20.464,11232,11233,11233,1
2019-10-22 15:18:21.633,11232,11233,11233,1
2019-10-22 15:18:23.969,11232,11233,11232,1
2019-10-22 15:18:24.836,11232,11233,11233,1
2019-10-22 15:18:25.060,11232,11233,11233,1
2019-10-22 15:18:27.337,11232,11233,11232,1
2019-10-22 15:18:28.225,11232,11233,11232,1
2019-10-22 15:18:29.439,11232,11233,11232,1
2019-10-22 15:18:29.775,11232,11233,11233,1
2019-10-22 15:18:30.389,11232,11233,11233,1
2019-10-22 15:18:32.145,11232,11233,11233,10
2019-10-22 15:18:36.389,11232,11233,11233,1
2019-10-22 15:18:39.817,11232,11233,11233,2
2019-10-22 15:18:40.085,11232,11233,11233,1
2019-10-22 15:18:41.737,11233,11234,11233,5
2019-10-22 15:18:41.886,11233,11234,11233,1
2019-10-22 15:18:43.011,11233,11234,11233,1
2019-10-22 15:18:44.489,11233,11234,11234,7
2019-10-22 15:18:47.024,11233,11234,11233,1
2019-10-22 15:19:04.168,11233,11234,11233,1
2019-10-22 15:19:04.469,11233,11234,11233,2
2019-10-22 15:19:13.165,11233,11234,11234,1
2019-10-22 15:19:38.966,11233,11234,11234,1
2019-10-22 15:19:40.781,11233,11234,11234,1
2019-10-22 15:19:41.777,11233,11234,11234,15
2019-10-22 15:19:44.640,11234,11235,11234,2
2019-10-22 15:19:46.984,11234,11235,11234,1
2019-10-22 15:19:48.560,11234,11235,11235,1
2019-10-22 15:19:52.102,11234,11235,11234,1
2019-10-22 15:19:54.914,11234,11235,11235,1
2019-10-22 15:19:56.807,11234,11235,11235,1
2019-10-22 15:19:56.885,11234,11235,11235,5
2019-10-22 15:19:57.216,11234,11236,11236,1
2019-10-22 15:20:03.002,11235,11236,11235,1
2019-10-22 15:20:12.223,11234,11235,11235,1
2019-10-22 15:20:14.422,11234,11235,11235,1
2019-10-22 15:20:14.519,11234,11235,11235,1
2019-10-22 15:20:35.476,11235,11236,11235,6
2019-10-22 15:20:46.010,11234,11235,11234,2
2019-10-22 15:20:47.696,11234,11235,11235,1
2019-10-22 15:20:49.735,11234,11235,11234,1
2019-10-22 15:21:01.570,11234,11235,11234,1
2019-10-22 15:21:07.412,11234,11235,11235,1
2019-10-22 15:21:23.312,11234,11235,11234,1
2019-10-22 15:21:25.920,11234,11235,11235,1
2019-10-22 15:21:29.427,11234,11235,11234,1
2019-10-22 15:21:29.558,11234,11235,11234,1
2019-10-22 15:21:31.447,11234,11235,11235,4
2019-10-22 15:21:32.740,11234,11235,11234,4
2019-10-22 15:21:34.263,11234,11235,11235,1
2019-10-22 15:21:35.782,11234,11235,11234,1
2019-10-22 15:21:44.580,11234,11235,11234,1
2019-10-22 15:21:44.612,11234,11235,11234,1
2019-10-22 15:21:44.641,11234,11235,11234,1
2019-10-22 15:21:44.715,11234,11235,11234,1
2019-10-22 15:21:44.813,11234,11235,11234,1
2019-10-22 15:21:44.831,11234,11235,11234,1
2019-10-22 15:21:44.864,11234,11235,11234,1
2019-10-22 15:21:44.885,11234,11235,11234,2
2019-10-22 15:21:55.715,11234,11235,11234,1
2019-10-22 15:21:57.022,11234,11235,11234,1
2019-10-22 15:22:05.676,11234,11235,11234,1
2019-10-22 15:22:06.123,11233,11235,11233,5
2019-10-22 15:22:06.455,11233,11235,11233,2
2019-10-22 15:22:06.659,11233,11234,11233,2
2019-10-22 15:22:07.347,11233,11234,11233,3
2019-10-22 15:22:07.602,11233,11234,11233,1
2019-10-22 15:22:08.847,11233,11234,11233,1
2019-10-22 15:22:11.189,11233,11234,11234,5
2019-10-22 15:22:13.927,11234,11235,11235,1
2019-10-22 15:22:14.391,11234,11235,11234,1
2019-10-22 15:22:23.793,11233,11234,11234,1
2019-10-22 15:22:29.539,11233,11234,11233,1
2019-10-22 15:22:29.788,11233,11234,11233,1
2019-10-22 15:22:31.886,11233,11234,11233,3
2019-10-22 15:22:40.071,11233,11234,11234,1
2019-10-22 15:22:51.277,11233,11234,11234,1
2019-10-22 15:23:06.687,11233,11234,11234,5
2019-10-22 15:23:15.867,11233,11234,11234,1
2019-10-22 15:23:19.280,11234,11235,11234,1
2019-10-22 15:23:37.624,11234,11235,11234,1
2019-10-22 15:23:49.737,11234,11235,11234,2
2019-10-22 15:23:49.737,11234,11235,11234,2
2019-10-22 15:23:49.760,11234,11235,11234,1
2019-10-22 15:24:03.155,11233,11234,11234,1
2019-10-22 15:24:11.490,11233,11234,11234,1
2019-10-22 15:24:12.410,11233,11234,11233,25
2019-10-22 15:24:12.410,11233,11234,11232,75
2019-10-22 15:24:12.510,11232,11233,11232,5
2019-10-22 15:24:13.013,11231,11232,11231,5
2019-10-22 15:24:13.164,11231,11232,11231,4
2019-10-22 15:24:17.896,11231,11232,11231,1
2019-10-22 15:24:22.886,11232,11233,11233,1
2019-10-22 15:24:26.969,11231,11232,11231,31
2019-10-22 15:24:26.969,11231,11232,11230,69
2019-10-22 15:24:26.970,11231,11232,11231,1
2019-10-22 15:24:27.011,11230,11231,11230,3
2019-10-22 15:24:27.112,11230,11231,11230,2
2019-10-22 15:24:27.136,11230,11231,11230,3
2019-10-22 15:24:27.260,11230,11231,11230,1
2019-10-22 15:24:33.251,11230,11231,11231,1
2019-10-22 15:24:34.412,11230,11231,11230,1
2019-10-22 15:24:34.749,11230,11231,11231,1
2019-10-22 15:24:34.922,11230,11231,11230,1
2019-10-22 15:24:35.579,11230,11231,11230,8
2019-10-22 15:24:36.049,11230,11231,11231,1
2019-10-22 15:24:37.464,11230,11231,11231,1
2019-10-22 15:24:37.581,11230,11231,11231,3
2019-10-22 15:24:39.432,11230,11231,11230,5
2019-10-22 15:24:40.314,11230,11231,11230,2
2019-10-22 15:24:41.310,11230,11231,11231,1
2019-10-22 15:24:45.774,11230,11231,11231,1
2019-10-22 15:24:46.213,11230,11231,11230,1
2019-10-22 15:24:46.896,11230,11231,11231,1
2019-10-22 15:24:50.284,11230,11231,11230,1
2019-10-22 15:24:51.321,11230,11231,11231,1
2019-10-22 15:24:51.902,11230,11231,11231,1
2019-10-22 15:24:52.322,11230,11231,11231,1
2019-10-22 15:24:52.889,11230,11231,11231,1
2019-10-22 15:24:54.007,11230,11231,11231,3
2019-10-22 15:24:54.339,11230,11231,11231,2
2019-10-22 15:24:54.343,11230,11231,11231,1
2019-10-22 15:24:54.343,11230,11231,11231,2
2019-10-22 15:24:54.385,11230,11231,11231,1
2019-10-22 15:24:58.608,11231,11232,11231,18
2019-10-22 15:24:58.608,11231,11232,11230,47
2019-10-22 15:24:58.608,11231,11232,11229,29
2019-10-22 15:24:58.610,11231,11232,11230,2
2019-10-22 15:24:58.636,11229,11231,11229,3
2019-10-22 15:24:58.664,11229,11231,11229,3
2019-10-22 15:24:58.664,11229,11231,11228,2
2019-10-22 15:24:58.672,11229,11231,11230,1
2019-10-22 15:24:58.678,11229,11231,11228,1
2019-10-22 15:24:58.678,11229,11231,11230,2
2019-10-22 15:24:58.682,11229,11231,11230,1
2019-10-22 15:24:58.683,11229,11231,11230,1
2019-10-22 15:24:58.761,11228,11230,11229,1
2019-10-22 15:24:58.881,11228,11230,11229,1
2019-10-22 15:24:58.886,11228,11229,11229,1
2019-10-22 15:24:59.404,11228,11229,11229,1
2019-10-22 15:24:59.457,11228,11229,11228,1
2019-10-22 15:24:59.700,11228,11229,11229,1
2019-10-22 15:25:00.197,11228,11229,11228,1
2019-10-22 15:25:00.203,11228,11229,11228,1
2019-10-22 15:25:01.945,11228,11229,11229,1
2019-10-22 15:25:03.368,11228,11229,11228,1
2019-10-22 15:25:04.046,11228,11229,11228,6
2019-10-22 15:25:04.146,11228,11229,11228,2
2019-10-22 15:25:06.646,11228,11229,11228,1
2019-10-22 15:25:06.813,11228,11229,11228,1
2019-10-22 15:25:06.824,11228,11229,11228,1
2019-10-22 15:25:07.380,11228,11229,11228,1
2019-10-22 15:25:09.590,11228,11229,11228,1
2019-10-22 15:25:10.803,11228,11229,11228,2
2019-10-22 15:25:10.843,11228,11229,11229,1
2019-10-22 15:25:11.435,11228,11229,11228,6
2019-10-22 15:25:14.532,11228,11229,11228,1
2019-10-22 15:25:17.834,11228,11229,11228,1
2019-10-22 15:25:17.982,11228,11229,11228,4
2019-10-22 15:25:17.982,11228,11229,11227,1
2019-10-22 15:25:18.035,11228,11229,11228,1
2019-10-22 15:25:18.060,11228,11229,11228,3
2019-10-22 15:25:18.060,11228,11229,11227,7
2019-10-22 15:25:18.110,11228,11229,11228,1
2019-10-22 15:25:18.135,11228,11229,11228,1
2019-10-22 15:25:18.136,11228,11229,11228,2
2019-10-22 15:25:18.136,11228,11229,11227,3
2019-10-22 15:25:18.140,11228,11229,11227,2
2019-10-22 15:25:18.140,11228,11229,11226,3
2019-10-22 15:25:18.140,11228,11229,11226,5
2019-10-22 15:25:18.156,11228,11229,11228,1
2019-10-22 15:25:18.291,11227,11228,11228,1
2019-10-22 15:25:18.331,11227,11228,11227,2
2019-10-22 15:25:18.386,11227,11228,11227,1
2019-10-22 15:25:18.739,11226,11228,11226,1
2019-10-22 15:25:18.914,11226,11228,11228,1
2019-10-22 15:25:20.614,11227,11228,11228,9
2019-10-22 15:25:20.683,11227,11229,11228,1
2019-10-22 15:25:20.683,11227,11229,11229,1
2019-10-22 15:25:21.712,11228,11229,11228,1
2019-10-22 15:25:23.516,11228,11229,11229,1
2019-10-22 15:25:24.690,11228,11229,11228,1
2019-10-22 15:25:28.662,11228,11229,11228,1
2019-10-22 15:25:29.189,11228,11229,11228,1
2019-10-22 15:25:30.617,11228,11229,11228,1
2019-10-22 15:25:30.792,11228,11229,11228,1
2019-10-22 15:25:33.339,11228,11229,11228,1
2019-10-22 15:25:35.081,11228,11229,11228,1
2019-10-22 15:25:37.460,11228,11229,11229,19
2019-10-22 15:25:42.413,11229,11230,11229,14
2019-10-22 15:25:42.413,11229,11230,11228,36
2019-10-22 15:25:42.414,11229,11230,11228,1
2019-10-22 15:25:42.511,11227,11228,11228,2
2019-10-22 15:25:42.511,11227,11228,11228,5
2019-10-22 15:25:42.512,11227,11228,11228,7
2019-10-22 15:25:42.758,11227,11229,11229,1
2019-10-22 15:25:43.004,11228,11229,11228,1
2019-10-22 15:25:46.067,11227,11229,11227,1
2019-10-22 15:25:48.054,11227,11228,11227,1
2019-10-22 15:25:51.351,11227,11228,11228,1
2019-10-22 15:25:52.913,11227,11228,11228,6
2019-10-22 15:25:55.232,11228,11229,11229,1
2019-10-22 15:25:58.796,11228,11229,11228,1
2019-10-22 15:25:59.701,11228,11229,11228,18
2019-10-22 15:26:00.663,11227,11228,11228,6
2019-10-22 15:26:05.942,11227,11228,11228,1
2019-10-22 15:26:05.969,11227,11228,11228,1
2019-10-22 15:26:06.170,11227,11228,11228,1
2019-10-22 15:26:07.284,11227,11228,11228,1
2019-10-22 15:26:11.665,11227,11228,11228,1
2019-10-22 15:26:13.504,11227,11228,11228,2
2019-10-22 15:26:14.764,11227,11228,11228,2
2019-10-22 15:26:14.886,11227,11228,11228,3
2019-10-22 15:26:17.062,11228,11229,11228,1
2019-10-22 15:26:17.230,11227,11228,11228,1
2019-10-22 15:26:23.022,11227,11228,11228,1
2019-10-22 15:26:23.366,11227,11228,11228,1
2019-10-22 15:26:26.682,11227,11228,11228,1
2019-10-22 15:26:26.998,11227,11228,11228,1
2019-10-22 15:26:27.011,11227,11228,11228,4
2019-10-22 15:26:36.639,11228,11229,11229,1
2019-10-22 15:26:38.423,11228,11229,11228,1
2019-10-22 15:26:41.901,11228,11229,11229,2
2019-10-22 15:26:50.058,11228,11229,11229,2
2019-10-22 15:26:50.101,11228,11229,11229,2
2019-10-22 15:26:50.136,11228,11229,11229,12
2019-10-22 15:26:51.503,11229,11230,11229,1
2019-10-22 15:26:52.629,11228,11230,11230,2
2019-10-22 15:26:52.991,11228,11230,11230,1
2019-10-22 15:27:05.695,11229,11230,11229,1
2019-10-22 15:27:07.346,11229,11230,11229,1
2019-10-22 15:27:07.388,11229,11230,11229,1
2019-10-22 15:27:07.393,11229,11230,11229,1
2019-10-22 15:27:07.394,11229,11230,11228,1
2019-10-22 15:27:07.413,11229,11230,11228,1
2019-10-22 15:27:21.481,11228,11229,11229,1
2019-10-22 15:27:32.179,11228,11229,11229,10
2019-10-22 15:27:33.489,11228,11229,11228,1
2019-10-22 15:27:35.763,11228,11229,11229,2
2019-10-22 15:27:38.658,11228,11229,11228,1
2019-10-22 15:27:42.326,11228,11229,11229,1
2019-10-22 15:27:42.363,11228,11229,11229,1
2019-10-22 15:27:45.416,11228,11229,11228,1
2019-10-22 15:27:47.307,11228,11229,11228,2
2019-10-22 15:27:48.771,11228,11229,11228,20
2019-10-22 15:27:55.062,11228,11229,11228,1
2019-10-22 15:27:56.953,11228,11229,11228,1
2019-10-22 15:27:57.205,11228,11229,11228,5
2019-10-22 15:28:00.276,11227,11228,11228,2
2019-10-22 15:28:00.958,11227,11228,11227,1
2019-10-22 15:28:02.418,11227,11228,11228,1
2019-10-22 15:28:05.819,11227,11228,11227,1
2019-10-22 15:28:08.954,11227,11228,11228,3
2019-10-22 15:28:10.132,11227,11228,11228,1
2019-10-22 15:28:14.389,11227,11228,11228,1
2019-10-22 15:28:14.511,11227,11228,11228,1
2019-10-22 15:28:15.924,11228,11229,11228,1
2019-10-22 15:28:17.723,11228,11229,11228,1
2019-10-22 15:28:17.723,11228,11229,11227,4
2019-10-22 15:28:20.983,11227,11228,11227,10
2019-10-22 15:28:21.941,11227,11228,11228,1
2019-10-22 15:28:22.236,11227,11228,11228,3
2019-10-22 15:28:23.813,11227,11228,11227,13
2019-10-22 15:28:24.825,11227,11228,11227,1
2019-10-22 15:28:29.482,11227,11228,11227,1
2019-10-22 15:28:31.193,11227,11228,11227,2
2019-10-22 15:28:36.650,11227,11228,11227,5
2019-10-22 15:28:39.175,11227,11228,11227,2
2019-10-22 15:28:40.494,11227,11228,11227,6
2019-10-22 15:28:40.732,11226,11227,11227,1
2019-10-22 15:28:42.112,11226,11227,11227,1
2019-10-22 15:28:42.176,11226,11227,11226,5
2019-10-22 15:28:42.427,11226,11227,11227,1
2019-10-22 15:28:43.762,11226,11227,11227,1
2019-10-22 15:28:48.765,11227,11228,11228,1
2019-10-22 15:28:53.886,11227,11228,11228,6
2019-10-22 15:29:00.406,11228,11229,11228,1
2019-10-22 15:29:01.731,11228,11229,11229,1
2019-10-22 15:29:06.400,11228,11229,11228,7
2019-10-22 15:29:10.491,11228,11229,11228,1
2019-10-22 15:29:12.702,11228,11229,11228,4
2019-10-22 15:29:16.815,11228,11229,11228,1
2019-10-22 15:29:48.799,11228,11229,11228,4
2019-10-22 15:29:53.748,11228,11229,11228,1
2019-10-22 15:29:56.474,11228,11229,11228,1
2019-10-22 15:30:13.049,11228,11229,11229,1
2019-10-22 15:30:13.755,11228,11229,11228,1
2019-10-22 15:30:13.810,11228,11229,11228,1
2019-10-22 15:30:13.821,11228,11229,11228,5
2019-10-22 15:30:13.821,11228,11229,11228,4
2019-10-22 15:30:13.821,11228,11229,11227,1
2019-10-22 15:30:14.608,11227,11229,11229,2
2019-10-22 15:30:14.647,11227,11229,11229,5
2019-10-22 15:30:24.710,11228,11229,11228,2
2019-10-22 15:30:25.551,11227,11228,11228,1
2019-10-22 15:30:29.866,11227,11228,11228,1
2019-10-22 15:30:34.109,11227,11228,11228,5
2019-10-22 15:30:36.137,11227,11228,11228,1
2019-10-22 15:30:37.898,11227,11228,11228,2
2019-10-22 15:30:39.609,11227,11228,11227,1
2019-10-22 15:30:42.724,11227,11228,11228,1
2019-10-22 15:30:54.445,11227,11228,11228,1
2019-10-22 15:30:55.941,11227,11228,11228,1
2019-10-22 15:30:56.130,11227,11228,11228,1
2019-10-22 15:30:56.376,11227,11228,11228,1
2019-10-22 15:30:56.862,11227,11228,11228,1
2019-10-22 15:30:56.862,11227,11228,11228,2
2019-10-22 15:30:56.862,11227,11228,11228,1
2019-10-22 15:31:15.842,11228,11229,11228,2
2019-10-22 15:31:21.741,11228,11229,11228,2
2019-10-22 15:31:24.783,11228,11229,11228,1
2019-10-22 15:31:27.172,11228,11229,11229,1
2019-10-22 15:31:27.368,11228,11229,11229,1
2019-10-22 15:31:27.438,11228,11229,11228,1
2019-10-22 15:31:27.839,11228,11229,11228,1
2019-10-22 15:31:31.330,11228,11229,11228,1
2019-10-22 15:31:32.734,11228,11229,11228,4
2019-10-22 15:31:40.148,11228,11229,11229,1
2019-10-22 15:31:42.544,11228,11229,11228,1
2019-10-22 15:31:43.081,11228,11229,11228,10
2019-10-22 15:31:44.385,11227,11228,11228,1
2019-10-22 15:31:52.194,11227,11228,11228,5
2019-10-22 15:31:54.362,11227,11228,11228,1
2019-10-22 15:31:54.684,11227,11228,11228,1
2019-10-22 15:31:54.853,11227,11228,11228,1
2019-10-22 15:31:59.207,11227,11228,11228,1
2019-10-22 15:31:59.724,11227,11228,11228,1
2019-10-22 15:32:02.122,11227,11228,11227,7
2019-10-22 15:32:07.470,11227,11228,11227,1
2019-10-22 15:32:07.470,11227,11228,11227,5
2019-10-22 15:32:07.495,11227,11228,11227,1
2019-10-22 15:32:07.499,11227,11228,11227,1
2019-10-22 15:32:07.500,11227,11228,11227,15
2019-10-22 15:32:07.500,11227,11228,11227,1
2019-10-22 15:32:09.017,11226,11227,11227,1
2019-10-22 15:32:10.168,11227,11228,11227,1
2019-10-22 15:32:16.920,11226,11227,11227,1
2019-10-22 15:32:18.107,11226,11227,11227,1
2019-10-22 15:32:18.993,11226,11227,11226,2
2019-10-22 15:32:19.660,11226,11227,11226,10
2019-10-22 15:32:21.260,11226,11227,11226,5
2019-10-22 15:32:24.354,11226,11227,11226,1
2019-10-22 15:32:25.151,11226,11227,11226,1
2019-10-22 15:32:26.380,11226,11227,11226,9
2019-10-22 15:32:27.028,11226,11227,11227,1
2019-10-22 15:32:34.350,11226,11227,11226,29
2019-10-22 15:32:34.350,11226,11227,11226,1
2019-10-22 15:32:34.515,11225,11226,11226,2
2019-10-22 15:32:35.876,11225,11226,11226,1
2019-10-22 15:32:38.922,11225,11226,11225,1
2019-10-22 15:32:39.029,11225,11226,11225,1
2019-10-22 15:32:39.147,11225,11226,11225,6
2019-10-22 15:32:43.766,11225,11226,11226,1
2019-10-22 15:32:45.190,11225,11226,11226,1
2019-10-22 15:32:46.519,11225,11226,11226,1
2019-10-22 15:33:01.456,11225,11226,11226,1
2019-10-22 15:33:03.216,11225,11226,11226,3
2019-10-22 15:33:09.358,11225,11226,11226,1
2019-10-22 15:33:09.717,11225,11226,11225,3
2019-10-22 15:33:16.328,11225,11226,11226,1
2019-10-22 15:33:22.445,11225,11226,11226,3
2019-10-22 15:33:24.059,11225,11226,11226,1
2019-10-22 15:33:25.845,11225,11226,11226,2
2019-10-22 15:33:29.611,11225,11226,11226,1
2019-10-22 15:33:33.754,11225,11226,11226,1
2019-10-22 15:33:35.758,11225,11226,11226,1
2019-10-22 15:33:36.983,11225,11226,11226,1
2019-10-22 15:33:39.145,11225,11226,11226,2
2019-10-22 15:33:41.366,11225,11226,11226,10
2019-10-22 15:33:41.385,11225,11226,11226,2
2019-10-22 15:33:41.385,11225,11226,11226,2
2019-10-22 15:33:41.385,11225,11226,11226,1
2019-10-22 15:33:41.510,11225,11227,11226,1
2019-10-22 15:33:47.498,11226,11227,11226,1
2019-10-22 15:34:02.351,11226,11227,11227,5
2019-10-22 15:34:02.950,11226,11227,11227,1
2019-10-22 15:34:03.113,11226,11227,11227,1
2019-10-22 15:34:04.025,11226,11227,11227,1
2019-10-22 15:34:04.192,11226,11227,11227,1
2019-10-22 15:34:07.297,11226,11227,11227,1
2019-10-22 15:34:15.896,11227,11228,11228,1
2019-10-22 15:34:16.662,11227,11228,11227,2
2019-10-22 15:34:23.867,11227,11228,11227,2
2019-10-22 15:34:24.083,11227,11228,11228,2
2019-10-22 15:34:34.440,11227,11228,11228,1
2019-10-22 15:34:36.969,11227,11228,11228,1
2019-10-22 15:34:44.969,11227,11228,11228,1
2019-10-22 15:34:45.031,11227,11228,11228,1
2019-10-22 15:34:51.673,11227,11228,11228,1
2019-10-22 15:34:52.453,11227,11228,11228,1
2019-10-22 15:34:53.404,11227,11228,11227,4
2019-10-22 15:35:05.882,11227,11228,11227,3
2019-10-22 15:35:09.047,11227,11228,11227,2
2019-10-22 15:35:09.135,11227,11228,11227,1
2019-10-22 15:35:11.361,11227,11228,11227,1
2019-10-22 15:35:12.315,11227,11228,11227,1
2019-10-22 15:35:12.315,11227,11228,11226,12
2019-10-22 15:35:13.760,11226,11227,11226,2
2019-10-22 15:35:13.885,11226,11227,11226,2
2019-10-22 15:35:14.010,11226,11227,11226,2
2019-10-22 15:35:15.859,11226,11227,11227,10
2019-10-22 15:35:21.787,11227,11228,11227,2
2019-10-22 15:35:25.273,11226,11228,11228,1
2019-10-22 15:35:31.750,11226,11227,11227,1
2019-10-22 15:35:39.951,11226,11227,11227,1
2019-10-22 15:35:58.658,11227,11228,11228,5
2019-10-22 15:36:01.215,11227,11228,11227,2
2019-10-22 15:36:08.338,11227,11228,11228,1
2019-10-22 15:36:09.315,11227,11228,11228,1
2019-10-22 15:36:17.261,11227,11228,11228,1
2019-10-22 15:36:25.945,11227,11228,11227,6
2019-10-22 15:36:35.653,11227,11228,11228,1
2019-10-22 15:36:38.272,11227,11228,11227,1
2019-10-22 15:36:43.575,11227,11228,11228,1
2019-10-22 15:36:43.766,11227,11228,11228,1
2019-10-22 15:36:48.985,11227,11228,11228,1
2019-10-22 15:36:54.631,11227,11228,11228,1
2019-10-22 15:37:11.200,11227,11228,11228,2
2019-10-22 15:37:13.886,11227,11228,11227,1
2019-10-22 15:37:13.930,11227,11228,11228,1
2019-10-22 15:37:14.436,11227,11228,11228,5
2019-10-22 15:37:15.172,11227,11228,11228,1
2019-10-22 15:37:16.564,11227,11228,11228,2
2019-10-22 15:37:17.800,11227,11228,11227,3
2019-10-22 15:37:17.800,11227,11228,11227,3
2019-10-22 15:37:17.800,11227,11228,11227,1
2019-10-22 15:37:17.878,11227,11228,11227,4
2019-10-22 15:37:17.885,11227,11228,11227,7
2019-10-22 15:37:17.885,11227,11228,11227,1
2019-10-22 15:37:17.885,11227,11228,11227,1
2019-10-22 15:37:17.886,11227,11228,11227,1
2019-10-22 15:37:17.886,11227,11228,11227,2
2019-10-22 15:37:17.886,11227,11228,11227,3
2019-10-22 15:37:30.379,11226,11227,11227,1
2019-10-22 15:37:31.379,11226,11227,11227,1
2019-10-22 15:37:33.090,11226,11228,11226,5
2019-10-22 15:37:37.091,11226,11227,11227,1
2019-10-22 15:37:42.714,11226,11227,11226,1
2019-10-22 15:37:44.010,11226,11227,11226,7
2019-10-22 15:37:49.827,11225,11226,11226,1
2019-10-22 15:37:50.383,11225,11226,11225,2
2019-10-22 15:37:55.075,11225,11226,11225,4
2019-10-22 15:37:58.230,11225,11226,11225,1
2019-10-22 15:38:00.341,11225,11226,11225,1
2019-10-22 15:38:00.534,11225,11226,11225,5
2019-10-22 15:38:01.056,11225,11226,11225,1
2019-10-22 15:38:01.929,11225,11226,11225,2
2019-10-22 15:38:02.195,11225,11226,11225,1
2019-10-22 15:38:02.572,11225,11226,11225,1
2019-10-22 15:38:03.779,11225,11226,11225,1
2019-10-22 15:38:04.688,11225,11226,11225,1
2019-10-22 15:38:05.592,11225,11226,11225,1
2019-10-22 15:38:08.290,11225,11226,11225,1
2019-10-22 15:38:11.469,11225,11226,11225,1
2019-10-22 15:38:12.487,11225,11226,11225,1
2019-10-22 15:38:13.790,11225,11226,11225,1
2019-10-22 15:38:15.860,11225,11226,11225,1
2019-10-22 15:38:18.377,11225,11226,11226,2
2019-10-22 15:38:18.617,11225,11226,11225,3
2019-10-22 15:38:21.215,11225,11226,11226,2
2019-10-22 15:38:21.994,11225,11226,11225,1
2019-10-22 15:38:23.039,11225,11226,11225,1
2019-10-22 15:38:33.755,11225,11226,11226,1
2019-10-22 15:38:34.851,11225,11226,11226,1
2019-10-22 15:38:37.890,11225,11226,11226,1
2019-10-22 15:38:42.390,11225,11226,11226,1
2019-10-22 15:38:46.310,11225,11226,11226,5
2019-10-22 15:38:48.129,11225,11226,11225,2
2019-10-22 15:38:48.748,11225,11226,11226,1
2019-10-22 15:38:50.464,11225,11226,11226,1
2019-10-22 15:38:54.485,11225,11226,11226,5
2019-10-22 15:38:56.262,11226,11227,11226,2
2019-10-22 15:38:56.887,11226,11227,11226,2
2019-10-22 15:39:01.408,11226,11227,11226,2
2019-10-22 15:39:06.798,11225,11226,11225,1
2019-10-22 15:39:07.483,11225,11226,11226,2
2019-10-22 15:39:08.354,11225,11226,11226,1
2019-10-22 15:39:09.592,11225,11226,11226,4
2019-10-22 15:39:09.644,11226,11227,11226,5
2019-10-22 15:39:09.653,11226,11227,11226,4
2019-10-22 15:39:10.246,11226,11227,11226,3
2019-10-22 15:39:17.196,11226,11227,11227,1
2019-10-22 15:39:17.284,11226,11227,11227,2
2019-10-22 15:39:17.386,11226,11227,11227,1
2019-10-22 15:39:19.155,11226,11228,11226,1
2019-10-22 15:39:26.357,11227,11228,11227,1
2019-10-22 15:39:36.361,11226,11227,11227,4
2019-10-22 15:39:37.641,11227,11228,11227,5
2019-10-22 15:39:38.768,11227,11228,11227,1
2019-10-22 15:39:54.885,11226,11227,11226,2
2019-10-22 15:39:55.010,11226,11227,11226,2
2019-10-22 15:39:55.135,11226,11227,11226,2
2019-10-22 15:40:02.249,11226,11227,11226,4
2019-10-22 15:40:02.547,11226,11227,11226,1
2019-10-22 15:40:04.273,11226,11227,11227,2
2019-10-22 15:40:11.893,11226,11227,11227,1
2019-10-22 15:40:14.560,11226,11227,11227,1
2019-10-22 15:40:21.627,11226,11227,11227,1
2019-10-22 15:40:28.059,11226,11227,11226,1
2019-10-22 15:40:30.556,11226,11227,11227,1
2019-10-22 15:40:33.064,11226,11227,11227,1
2019-10-22 15:40:44.147,11226,11227,11227,1
2019-10-22 15:40:44.833,11226,11227,11227,1
2019-10-22 15:40:52.740,11226,11227,11227,9
2019-10-22 15:40:56.528,11227,11228,11227,1
2019-10-22 15:40:57.885,11227,11228,11227,2
2019-10-22 15:40:58.010,11227,11228,11227,2
2019-10-22 15:41:03.458,11226,11227,11227,1
2019-10-22 15:41:04.503,11226,11227,11227,1
2019-10-22 15:41:09.063,11227,11228,11227,1
2019-10-22 15:41:09.688,11226,11227,11227,1
2019-10-22 15:41:10.724,11226,11227,11227,1
2019-10-22 15:41:16.672,11226,11227,11227,1
2019-10-22 15:41:22.283,11226,11227,11227,1
2019-10-22 15:41:23.015,11226,11227,11227,1
2019-10-22 15:41:23.472,11226,11227,11227,1
2019-10-22 15:41:23.644,11226,11227,11226,39
2019-10-22 15:41:23.644,11226,11227,11225,1
2019-10-22 15:41:23.760,11226,11227,11226,1
2019-10-22 15:41:23.761,11226,11227,11226,2
2019-10-22 15:41:23.761,11226,11227,11226,3
2019-10-22 15:41:23.761,11226,11227,11226,1
2019-10-22 15:41:23.761,11226,11227,11226,1
2019-10-22 15:41:23.762,11226,11227,11225,1
2019-10-22 15:41:23.763,11226,11227,11225,2
2019-10-22 15:41:23.765,11226,11227,11226,1
2019-10-22 15:41:33.832,11226,11227,11227,2
2019-10-22 15:41:33.971,11226,11227,11226,8
2019-10-22 15:41:35.901,11226,11227,11227,1
2019-10-22 15:41:42.991,11226,11227,11226,3
2019-10-22 15:41:43.984,11226,11227,11227,1
2019-10-22 15:41:45.242,11226,11227,11227,1
2019-10-22 15:41:51.412,11226,11227,11227,1
2019-10-22 15:41:54.084,11226,11227,11227,1
2019-10-22 15:41:54.693,11226,11227,11227,1
2019-10-22 15:41:58.468,11226,11227,11227,1
2019-10-22 15:42:02.300,11226,11227,11226,5
2019-10-22 15:42:03.431,11226,11227,11227,1
2019-10-22 15:42:06.168,11226,11227,11226,1
2019-10-22 15:42:12.264,11226,11227,11227,2
2019-10-22 15:42:32.443,11227,11228,11227,1
2019-10-22 15:43:02.199,11227,11228,11227,3
2019-10-22 15:43:12.597,11227,11228,11228,2
2019-10-22 15:43:15.256,11227,11228,11228,1
2019-10-22 15:43:15.554,11227,11228,11228,1
2019-10-22 15:43:25.444,11227,11228,11228,1
2019-10-22 15:43:29.992,11227,11228,11228,5
2019-10-22 15:43:30.010,11227,11228,11228,2
2019-10-22 15:43:30.135,11227,11228,11228,4
2019-10-22 15:43:35.635,11228,11229,11228,1
2019-10-22 15:43:36.853,11227,11228,11227,1
2019-10-22 15:43:36.947,11227,11228,11227,1
2019-10-22 15:43:37.635,11227,11228,11228,1
2019-10-22 15:43:41.155,11227,11228,11228,1
2019-10-22 15:43:42.151,11227,11228,11227,3
2019-10-22 15:43:45.030,11227,11228,11228,1
2019-10-22 15:43:47.054,11227,11228,11228,1
2019-10-22 15:43:50.920,11227,11228,11228,1
2019-10-22 15:44:02.347,11227,11228,11227,2
2019-10-22 15:44:19.265,11227,11228,11227,1
2019-10-22 15:44:24.952,11227,11228,11227,1
2019-10-22 15:44:25.185,11227,11228,11227,1
2019-10-22 15:44:40.313,11227,11228,11228,2
2019-10-22 15:44:54.254,11227,11228,11227,2
2019-10-22 15:45:02.250,11227,11228,11227,2
2019-10-22 15:45:15.560,11227,11228,11227,1
2019-10-22 15:45:20.494,11227,11228,11228,2
2019-10-22 15:45:29.511,11227,11228,11228,1
2019-10-22 15:45:37.161,11227,11228,11227,20
2019-10-22 15:45:44.937,11226,11227,11226,1
2019-10-22 15:45:45.610,11226,11227,11227,2
2019-10-22 15:45:50.428,11226,11227,11227,2
2019-10-22 15:45:52.153,11226,11227,11227,1
2019-10-22 15:45:54.749,11226,11227,11227,1
2019-10-22 15:45:56.446,11226,11227,11227,1
2019-10-22 15:45:58.431,11226,11227,11226,1
2019-10-22 15:46:07.094,11226,11227,11227,1
2019-10-22 15:46:10.762,11226,11227,11227,1
2019-10-22 15:46:14.011,11226,11227,11226,3
2019-10-22 15:46:14.760,11226,11227,11226,2
2019-10-22 15:46:40.907,11226,11227,11227,2
2019-10-22 15:46:42.596,11226,11227,11227,1
2019-10-22 15:46:48.926,11226,11227,11227,1
2019-10-22 15:46:52.840,11226,11227,11227,1
2019-10-22 15:46:58.812,11226,11227,11227,1
2019-10-22 15:47:02.836,11226,11227,11227,1
2019-10-22 15:47:02.999,11226,11227,11226,5
2019-10-22 15:47:03.014,11226,11227,11226,5
2019-10-22 15:47:10.359,11226,11227,11226,5
2019-10-22 15:47:32.861,11226,11227,11227,1
2019-10-22 15:47:33.101,11226,11227,11226,1
2019-10-22 15:47:39.343,11226,11227,11227,1
2019-10-22 15:47:46.760,11226,11227,11227,15
2019-10-22 15:47:46.885,11226,11227,11227,3
2019-10-22 15:48:20.049,11226,11227,11227,1
2019-10-22 15:48:24.023,11226,11227,11227,2
2019-10-22 15:48:26.361,11226,11227,11227,1
2019-10-22 15:48:34.336,11226,11227,11227,3
2019-10-22 15:48:45.077,11226,11227,11226,3
2019-10-22 15:48:47.947,11226,11227,11227,1
2019-10-22 15:48:58.300,11226,11227,11227,3
2019-10-22 15:48:59.110,11226,11227,11227,1
2019-10-22 15:48:59.110,11226,11227,11227,1
2019-10-22 15:49:03.811,11227,11228,11227,1
2019-10-22 15:49:08.748,11226,11227,11227,1
2019-10-22 15:49:10.432,11226,11227,11227,2
2019-10-22 15:49:36.026,11227,11228,11227,2
2019-10-22 15:49:36.341,11227,11228,11228,2
2019-10-22 15:49:50.500,11227,11228,11228,1
2019-10-22 15:49:55.952,11227,11228,11228,1
2019-10-22 15:50:01.550,11227,11228,11228,1
2019-10-22 15:50:02.101,11227,11228,11228,1
2019-10-22 15:50:03.104,11227,11228,11228,1
2019-10-22 15:50:03.147,11227,11228,11227,1
2019-10-22 15:50:06.527,11227,11228,11228,13
2019-10-22 15:50:06.678,11227,11228,11228,3
2019-10-22 15:50:08.742,11228,11229,11228,4
2019-10-22 15:50:08.888,11227,11229,11227,2
2019-10-22 15:50:08.899,11227,11229,11227,1
2019-10-22 15:50:19.449,11228,11229,11229,1
2019-10-22 15:50:22.553,11228,11229,11228,1
2019-10-22 15:50:26.508,11228,11229,11229,1
2019-10-22 15:50:31.899,11228,11229,11228,2
2019-10-22 15:50:32.269,11228,11229,11229,2
2019-10-22 15:50:44.477,11228,11229,11229,1
2019-10-22 15:50:47.705,11228,11229,11229,1
2019-10-22 15:50:48.399,11228,11229,11229,1
2019-10-22 15:50:50.058,11228,11229,11229,1
2019-10-22 15:50:52.312,11228,11229,11229,1
2019-10-22 15:50:53.766,11228,11229,11229,1
2019-10-22 15:50:55.481,11229,11230,11229,1
2019-10-22 15:51:11.298,11229,11230,11230,1
2019-10-22 15:51:11.405,11229,11230,11230,1
2019-10-22 15:51:11.411,11229,11230,11230,1
2019-10-22 15:51:11.637,11229,11230,11230,4
2019-10-22 15:51:12.470,11229,11230,11230,1
2019-10-22 15:51:14.011,11229,11230,11230,1
2019-10-22 15:51:15.577,11229,11230,11230,1
2019-10-22 15:51:16.958,11229,11230,11230,5
2019-10-22 15:51:20.296,11229,11230,11230,2
2019-10-22 15:51:21.677,11229,11230,11230,1
2019-10-22 15:51:23.498,11230,11231,11230,1
2019-10-22 15:51:33.140,11230,11231,11231,14
2019-10-22 15:51:33.256,11230,11231,11231,1
2019-10-22 15:51:33.289,11231,11232,11232,1
2019-10-22 15:51:33.303,11231,11232,11232,1
2019-10-22 15:51:37.033,11231,11232,11231,6
2019-10-22 15:51:37.689,11230,11231,11230,1
2019-10-22 15:51:40.370,11230,11231,11231,1
2019-10-22 15:51:43.623,11230,11231,11231,1
2019-10-22 15:51:44.079,11230,11231,11231,1
2019-10-22 15:51:44.822,11230,11231,11231,1
2019-10-22 15:51:46.116,11230,11231,11231,1
2019-10-22 15:51:51.353,11230,11231,11231,1
2019-10-22 15:51:53.130,11230,11231,11231,1
2019-10-22 15:51:55.268,11230,11231,11231,2
2019-10-22 15:51:55.268,11230,11231,11231,2
2019-10-22 15:51:55.515,11231,11232,11231,1
2019-10-22 15:51:56.454,11231,11232,11231,1
2019-10-22 15:52:02.554,11231,11232,11231,1
2019-10-22 15:52:04.223,11231,11232,11231,1
2019-10-22 15:52:07.086,11231,11232,11231,2
2019-10-22 15:52:13.897,11231,11232,11231,1
2019-10-22 15:52:14.437,11231,11232,11231,1
2019-10-22 15:52:32.920,11231,11232,11232,1
2019-10-22 15:52:50.865,11231,11232,11232,1
2019-10-22 15:52:52.776,11231,11232,11232,1
2019-10-22 15:52:56.946,11231,11232,11232,1
2019-10-22 15:52:58.174,11231,11232,11231,1
2019-10-22 15:53:09.402,11231,11232,11231,1
2019-10-22 15:53:15.395,11231,11232,11231,1
2019-10-22 15:53:16.321,11231,11232,11232,2
2019-10-22 15:53:24.874,11231,11232,11232,8
2019-10-22 15:53:28.475,11231,11232,11232,1
2019-10-22 15:53:29.304,11231,11232,11232,1
2019-10-22 15:53:29.436,11231,11232,11232,2
2019-10-22 15:53:31.676,11231,11232,11232,1
2019-10-22 15:53:32.075,11231,11232,11232,1
2019-10-22 15:53:33.008,11231,11232,11232,1
2019-10-22 15:53:33.421,11231,11232,11232,3
2019-10-22 15:53:33.730,11231,11232,11232,1
2019-10-22 15:53:34.628,11231,11232,11232,1
2019-10-22 15:53:34.889,11231,11232,11232,1
2019-10-22 15:53:34.925,11231,11232,11232,1
2019-10-22 15:53:35.173,11231,11232,11232,1
2019-10-22 15:53:35.889,11231,11232,11232,3
2019-10-22 15:53:35.925,11231,11232,11232,1
2019-10-22 15:53:37.350,11231,11232,11232,2
2019-10-22 15:53:37.350,11231,11232,11232,6
2019-10-22 15:53:47.414,11232,11233,11232,1
2019-10-22 15:53:52.612,11232,11233,11232,1
2019-10-22 15:53:55.491,11232,11233,11232,2
2019-10-22 15:53:56.169,11232,11233,11232,4
2019-10-22 15:53:58.457,11232,11233,11232,1
2019-10-22 15:54:00.928,11232,11233,11232,1
2019-10-22 15:54:03.023,11231,11232,11232,1
2019-10-22 15:54:03.573,11231,11232,11232,1
2019-10-22 15:54:07.830,11231,11233,11231,1
2019-10-22 15:54:26.994,11232,11233,11232,1
2019-10-22 15:54:29.609,11232,11233,11232,1
2019-10-22 15:54:30.029,11231,11232,11232,2
2019-10-22 15:54:30.135,11231,11232,11232,2
2019-10-22 15:54:32.828,11232,11233,11233,1
2019-10-22 15:54:34.076,11232,11233,11233,3
2019-10-22 15:54:41.635,11232,11233,11232,1
2019-10-22 15:54:44.518,11232,11233,11232,1
2019-10-22 15:54:47.891,11232,11233,11232,1
2019-10-22 15:54:51.717,11232,11233,11232,1
2019-10-22 15:54:51.965,11232,11233,11232,1
2019-10-22 15:54:57.152,11232,11233,11232,1
2019-10-22 15:55:05.887,11232,11233,11232,1
2019-10-22 15:55:09.228,11232,11233,11232,10
2019-10-22 15:55:15.257,11232,11233,11232,7
2019-10-22 15:55:15.260,11231,11232,11232,3
2019-10-22 15:55:15.385,11231,11232,11232,3
2019-10-22 15:55:15.510,11231,11233,11232,1
2019-10-22 15:55:19.326,11232,11233,11232,1
2019-10-22 15:55:20.229,11232,11233,11232,1
2019-10-22 15:55:22.774,11232,11233,11232,1
2019-10-22 15:55:32.686,11232,11233,11233,1
2019-10-22 15:55:36.885,11232,11233,11233,1
2019-10-22 15:55:40.780,11232,11233,11232,2
2019-10-22 15:55:45.280,11232,11233,11232,2
2019-10-22 15:55:48.602,11232,11233,11232,5
2019-10-22 15:55:48.866,11232,11233,11232,3
2019-10-22 15:55:48.885,11231,11232,11232,2
2019-10-22 15:55:53.071,11232,11233,11232,2
2019-10-22 15:55:58.938,11232,11233,11232,1
2019-10-22 15:56:02.563,11232,11233,11232,1
2019-10-22 15:56:14.806,11232,11233,11232,1
2019-10-22 15:56:20.140,11232,11233,11232,2
2019-10-22 15:56:36.340,11232,11233,11232,1
2019-10-22 15:56:39.391,11232,11233,11232,1
2019-10-22 15:56:44.212,11232,11233,11232,2
2019-10-22 15:56:53.003,11232,11233,11232,1
2019-10-22 15:57:00.469,11231,11232,11232,1
2019-10-22 15:57:00.478,11231,11232,11232,2
2019-10-22 15:57:21.663,11232,11233,11232,1
2019-10-22 15:57:26.164,11232,11233,11232,1
2019-10-22 15:57:42.998,11232,11233,11232,1
2019-10-22 15:57:43.043,11232,11233,11232,1
2019-10-22 15:57:52.877,11231,11232,11231,37
2019-10-22 15:58:47.625,11230,11231,11231,1
2019-10-22 15:59:07.749,11230,11231,11230,1
2019-10-22 15:59:08.218,11230,11231,11230,1
2019-10-22 15:59:08.293,11230,11231,11230,2
2019-10-22 15:59:08.391,11230,11231,11230,1
2019-10-22 15:59:08.392,11230,11231,11230,1
2019-10-22 15:59:08.395,11230,11231,11230,1
2019-10-22 15:59:16.706,11230,11231,11230,1
2019-10-22 15:59:20.669,11230,11231,11230,2
2019-10-22 15:59:27.656,11230,11231,11230,2
2019-10-22 15:59:28.061,11230,11231,11230,1
2019-10-22 15:59:31.105,11230,11231,11230,10
2019-10-22 15:59:33.134,11230,11231,11230,1
2019-10-22 15:59:34.072,11230,11231,11230,5
2019-10-22 15:59:35.867,11230,11231,11230,1
2019-10-22 15:59:35.885,11230,11231,11230,2
2019-10-22 15:59:38.120,11230,11231,11230,1
2019-10-22 15:59:38.798,11230,11231,11230,1
2019-10-22 15:59:41.663,11230,11231,11230,3
2019-10-22 15:59:45.774,11230,11231,11230,5
2019-10-22 15:59:45.947,11230,11231,11230,2
2019-10-22 15:59:46.010,11230,11231,11230,9
2019-10-22 15:59:46.135,11230,11231,11230,1
2019-10-22 15:59:46.135,11230,11231,11230,2
2019-10-22 15:59:46.135,11230,11231,11230,2
2019-10-22 15:59:51.379,11229,11230,11230,1
2019-10-22 15:59:55.181,11229,11230,11229,1
2019-10-22 16:00:05.110,11229,11230,11229,1
2019-10-22 16:00:05.248,11229,11230,11230,1
2019-10-22 16:00:05.269,11229,11230,11229,1
2019-10-22 16:00:05.494,11229,11230,11229,2
2019-10-22 16:00:05.533,11229,11230,11229,2
2019-10-22 16:00:05.735,11229,11230,11230,1
2019-10-22 16:00:06.171,11229,11230,11229,1
2019-10-22 16:00:06.243,11229,11230,11229,1
2019-10-22 16:00:06.320,11229,11230,11229,4
2019-10-22 16:00:06.324,11229,11230,11229,1
2019-10-22 16:00:07.276,11229,11230,11229,1
2019-10-22 16:00:08.841,11229,11230,11230,1
2019-10-22 16:00:09.457,11229,11230,11229,2
2019-10-22 16:00:14.661,11229,11230,11229,5
2019-10-22 16:00:17.275,11229,11230,11229,1
2019-10-22 16:00:26.670,11229,11230,11229,1
2019-10-22 16:00:44.602,11229,11230,11229,6
2019-10-22 16:00:47.634,11229,11230,11229,3
2019-10-22 16:00:47.634,11229,11230,11228,2
2019-10-22 16:00:47.673,11228,11230,11230,7
2019-10-22 16:01:06.381,11229,11230,11229,1
2019-10-22 16:01:07.598,11229,11230,11229,1
2019-10-22 16:01:12.096,11228,11229,11228,3
2019-10-22 16:01:12.562,11228,11229,11228,3
2019-10-22 16:01:19.935,11228,11229,11228,1
2019-10-22 16:01:32.062,11228,11229,11228,1
2019-10-22 16:01:35.529,11228,11229,11228,2
2019-10-22 16:01:45.954,11228,11229,11229,9
2019-10-22 16:01:53.247,11229,11230,11230,5
2019-10-22 16:01:55.992,11229,11230,11230,2
2019-10-22 16:01:59.523,11230,11231,11231,1
2019-10-22 16:02:20.287,11230,11231,11231,13
2019-10-22 16:02:20.385,11230,11231,11231,5
2019-10-22 16:02:25.552,11231,11232,11231,12
2019-10-22 16:02:29.580,11231,11232,11232,4
2019-10-22 16:02:41.757,11231,11232,11231,1
2019-10-22 16:03:00.341,11231,11232,11232,1
2019-10-22 16:03:13.544,11231,11232,11231,3
2019-10-22 16:03:14.102,11230,11232,11230,1
2019-10-22 16:03:41.827,11230,11231,11230,6
2019-10-22 16:03:48.231,11230,11231,11230,1
2019-10-22 16:04:07.185,11229,11230,11230,1
2019-10-22 16:04:21.798,11229,11230,11229,3
2019-10-22 16:04:25.716,11228,11230,11228,1
2019-10-22 16:04:46.410,11229,11230,11229,1
2019-10-22 16:04:55.080,11229,11230,11229,1
2019-10-22 16:04:58.661,11229,11230,11229,1
2019-10-22 16:05:02.331,11229,11230,11229,1
2019-10-22 16:05:03.330,11228,11230,11228,2
2019-10-22 16:05:05.992,11229,11230,11229,1
2019-10-22 16:05:06.502,11228,11229,11228,5
2019-10-22 16:05:16.396,11228,11229,11228,3
2019-10-22 16:05:19.049,11228,11229,11229,1
2019-10-22 16:05:24.598,11229,11230,11229,1
2019-10-22 16:05:57.412,11229,11230,11229,2
2019-10-22 16:06:30.704,11229,11230,11229,3
2019-10-22 16:06:31.246,11229,11230,11229,2
2019-10-22 16:06:32.555,11229,11230,11229,1
2019-10-22 16:06:48.447,11229,11230,11230,1
2019-10-22 16:07:05.634,11229,11230,11230,1
2019-10-22 16:07:22.284,11229,11230,11230,5
2019-10-22 16:07:23.010,11229,11230,11230,1
2019-10-22 16:07:26.719,11229,11230,11230,1
2019-10-22 16:07:47.774,11229,11230,11229,3
2019-10-22 16:07:47.885,11229,11230,11229,7
2019-10-22 16:07:48.135,11228,11229,11229,1
2019-10-22 16:07:48.145,11228,11229,11229,1
2019-10-22 16:07:50.929,11229,11230,11229,1
2019-10-22 16:07:51.011,11229,11230,11229,1
2019-10-22 16:08:34.760,11228,11229,11229,1
2019-10-22 16:08:48.122,11229,11230,11229,1
2019-10-22 16:09:00.117,11229,11230,11229,1
2019-10-22 16:09:05.224,11228,11229,11229,2
2019-10-22 16:09:22.434,11228,11229,11228,1
2019-10-22 16:09:22.460,11228,11229,11228,1
2019-10-22 16:09:22.510,11228,11229,11228,5
2019-10-22 16:09:22.510,11228,11229,11228,3
2019-10-22 16:09:30.469,11228,11229,11228,1
2019-10-22 16:09:39.574,11228,11229,11228,1
2019-10-22 16:09:40.528,11228,11229,11228,1
2019-10-22 16:10:04.088,11228,11229,11228,2
2019-10-22 16:10:24.156,11228,11229,11228,4
2019-10-22 16:10:32.032,11228,11229,11228,7
2019-10-22 16:10:39.511,11227,11228,11228,3
2019-10-22 16:10:39.774,11227,11228,11228,3
2019-10-22 16:10:48.291,11227,11228,11227,33
2019-10-22 16:10:48.292,11227,11228,11227,3
2019-10-22 16:10:48.292,11227,11228,11227,3
2019-10-22 16:10:48.567,11226,11227,11227,7
2019-10-22 16:10:51.600,11226,11227,11227,1
2019-10-22 16:10:53.133,11226,11227,11226,1
2019-10-22 16:10:53.866,11226,11227,11227,1
2019-10-22 16:11:00.235,11227,11228,11227,1
2019-10-22 16:11:01.060,11227,11228,11228,1
2019-10-22 16:11:24.246,11227,11228,11227,5
2019-10-22 16:11:25.748,11227,11228,11227,2
2019-10-22 16:11:25.748,11227,11228,11227,2
2019-10-22 16:11:28.534,11226,11227,11227,1
2019-10-22 16:11:34.219,11226,11227,11227,1
2019-10-22 16:11:40.565,11227,11228,11227,1
2019-10-22 16:11:47.055,11227,11228,11228,1
2019-10-22 16:11:48.852,11227,11228,11227,1
2019-10-22 16:11:49.833,11227,11228,11227,1
2019-10-22 16:11:51.038,11227,11228,11227,2
2019-10-22 16:11:58.933,11227,11228,11227,1
2019-10-22 16:11:59.338,11227,11228,11227,5
2019-10-22 16:12:04.550,11227,11228,11227,1
2019-10-22 16:12:33.075,11227,11228,11227,1
2019-10-22 16:12:34.233,11227,11228,11227,1
2019-10-22 16:12:45.491,11227,11228,11227,4
2019-10-22 16:12:55.665,11227,11228,11228,1
2019-10-22 16:12:56.686,11227,11228,11228,1
2019-10-22 16:12:59.414,11227,11228,11227,1
2019-10-22 16:13:02.188,11227,11228,11228,7
2019-10-22 16:13:02.249,11227,11228,11227,4
2019-10-22 16:13:02.260,11227,11228,11228,2
2019-10-22 16:13:02.385,11227,11228,11228,1
2019-10-22 16:13:05.356,11227,11228,11228,3
2019-10-22 16:13:14.135,11228,11229,11228,1
2019-10-22 16:13:18.182,11227,11228,11227,43
2019-10-22 16:13:34.171,11227,11228,11227,1
2019-10-22 16:13:38.905,11227,11228,11227,1
2019-10-22 16:13:49.872,11227,11228,11227,2
2019-10-22 16:14:07.982,11227,11228,11227,1
2019-10-22 16:14:26.873,11228,11229,11228,4
2019-10-22 16:14:37.180,11227,11228,11228,1
2019-10-22 16:14:37.198,11227,11228,11227,1
2019-10-22 16:14:48.746,11227,11228,11228,1
2019-10-22 16:15:06.071,11228,11229,11228,4
2019-10-22 16:15:20.493,11228,11229,11228,1
2019-10-22 16:15:27.641,11228,11229,11228,1
2019-10-22 16:15:33.223,11228,11229,11228,2
2019-10-22 16:15:55.967,11228,11229,11228,1
2019-10-22 16:16:12.878,11228,11229,11229,1
2019-10-22 16:16:12.980,11228,11229,11229,1
2019-10-22 16:16:29.796,11228,11229,11229,3
2019-10-22 16:16:31.267,11228,11229,11229,3
2019-10-22 16:16:32.642,11228,11229,11229,3
2019-10-22 16:16:38.770,11228,11229,11229,1
2019-10-22 16:16:38.862,11228,11229,11229,3
2019-10-22 16:16:54.161,11228,11229,11228,1
2019-10-22 16:17:02.279,11228,11229,11229,1
2019-10-22 16:17:10.751,11228,11229,11229,1
2019-10-22 16:17:25.951,11229,11230,11230,5
2019-10-22 16:17:32.824,11228,11230,11230,5
2019-10-22 16:17:35.416,11228,11230,11230,5
2019-10-22 16:17:36.324,11229,11230,11229,1
2019-10-22 16:17:36.324,11229,11230,11228,1
2019-10-22 16:17:37.618,11229,11230,11230,5
2019-10-22 16:17:37.637,11229,11230,11230,1
2019-10-22 16:17:37.637,11229,11230,11230,2
2019-10-22 16:17:41.520,11229,11230,11230,1
2019-10-22 16:17:46.275,11229,11230,11230,5
2019-10-22 16:17:48.631,11229,11231,11230,1
2019-10-22 16:17:48.631,11229,11231,11231,4
2019-10-22 16:17:58.694,11229,11231,11231,5
2019-10-22 16:17:59.332,11230,11231,11230,3
2019-10-22 16:17:59.332,11230,11231,11229,1
2019-10-22 16:18:00.537,11229,11231,11230,2
2019-10-22 16:18:00.537,11229,11231,11231,3
2019-10-22 16:18:02.986,11230,11231,11230,1
2019-10-22 16:18:09.613,11230,11231,11231,5
2019-10-22 16:18:11.435,11230,11231,11230,1
2019-10-22 16:18:11.789,11230,11231,11231,5
2019-10-22 16:18:13.673,11230,11231,11231,5
2019-10-22 16:18:15.400,11230,11231,11231,5
2019-10-22 16:18:17.024,11230,11231,11231,1
2019-10-22 16:18:17.024,11230,11231,11232,4
2019-10-22 16:18:18.830,11230,11232,11232,5
2019-10-22 16:18:19.495,11231,11232,11231,1
2019-10-22 16:18:20.458,11230,11232,11232,5
2019-10-22 16:18:24.568,11230,11232,11232,5
2019-10-22 16:18:27.369,11230,11232,11232,1
2019-10-22 16:18:51.366,11231,11232,11231,5
2019-10-22 16:19:05.759,11231,11232,11232,6
2019-10-22 16:19:18.794,11231,11232,11231,2
2019-10-22 16:19:27.762,11231,11232,11231,1
2019-10-22 16:19:30.479,11231,11232,11231,1
2019-10-22 16:19:47.076,11231,11232,11231,1
2019-10-22 16:19:47.966,11230,11232,11231,1
2019-10-22 16:20:05.167,11230,11231,11231,1
2019-10-22 16:20:12.340,11230,11231,11231,2
2019-10-22 16:20:15.647,11230,11232,11232,1
2019-10-22 16:20:35.315,11230,11231,11231,1
2019-10-22 16:20:50.715,11230,11231,11231,2
2019-10-22 16:21:10.204,11230,11231,11231,1
2019-10-22 16:21:31.966,11230,11231,11230,5
2019-10-22 16:21:32.010,11230,11231,11230,1
2019-10-22 16:21:32.033,11230,11231,11230,13
2019-10-22 16:21:39.161,11229,11230,11229,3
2019-10-22 16:22:08.776,11228,11229,11229,1
2019-10-22 16:22:10.842,11228,11229,11229,1
2019-10-22 16:22:35.148,11228,11229,11229,1
2019-10-22 16:22:55.261,11228,11229,11229,4
2019-10-22 16:23:22.260,11228,11229,11229,11
2019-10-22 16:23:22.642,11229,11230,11229,2
2019-10-22 16:23:31.466,11228,11230,11230,2
2019-10-22 16:23:52.825,11228,11229,11229,1
2019-10-22 16:23:58.491,11228,11229,11229,1
2019-10-22 16:24:02.172,11228,11229,11228,2
2019-10-22 16:24:13.693,11228,11229,11228,1
2019-10-22 16:25:01.910,11228,11229,11229,2
2019-10-22 16:26:02.227,11228,11229,11228,3
2019-10-22 16:26:34.715,11228,11229,11228,2
2019-10-22 16:26:40.005,11228,11229,11229,1
2019-10-22 16:26:46.385,11228,11229,11228,1
2019-10-22 16:27:02.405,11228,11229,11228,4
2019-10-22 16:27:07.125,11228,11229,11229,1
2019-10-22 16:27:10.065,11228,11229,11229,1
2019-10-22 16:27:12.589,11228,11229,11229,1
2019-10-22 16:27:13.326,11228,11229,11229,1
2019-10-22 16:27:23.770,11228,11229,11229,5
2019-10-22 16:27:27.273,11229,11230,11229,8
2019-10-22 16:27:27.273,11229,11230,11229,7
2019-10-22 16:27:27.273,11229,11230,11229,8
2019-10-22 16:27:27.273,11229,11230,11229,7
2019-10-22 16:27:27.273,11229,11230,11229,2
2019-10-22 16:27:27.273,11229,11230,11229,2
2019-10-22 16:27:27.403,11228,11229,11228,6
2019-10-22 16:27:30.078,11228,11229,11228,1
2019-10-22 16:27:56.852,11228,11229,11228,1
2019-10-22 16:28:12.142,11228,11229,11229,1
2019-10-22 16:28:12.819,11228,11230,11230,1
2019-10-22 16:28:12.824,11228,11230,11230,1
2019-10-22 16:28:32.993,11229,11230,11230,1
2019-10-22 16:28:40.397,11229,11230,11229,1
2019-10-22 16:28:55.923,11228,11229,11229,1
2019-10-22 16:29:15.704,11228,11229,11229,1
2019-10-22 16:30:01.034,11228,11229,11228,1
2019-10-22 16:30:06.918,11228,11229,11229,2
2019-10-22 16:30:56.588,11228,11229,11229,1
2019-10-22 16:31:14.744,11228,11229,11229,1
2019-10-22 16:31:38.508,11228,11229,11229,3
2019-10-22 16:31:42.028,11228,11229,11229,1
2019-10-22 16:32:17.553,11228,11229,11229,1
2019-10-22 16:32:22.541,11228,11229,11228,1
2019-10-22 16:32:22.644,11228,11229,11228,1
2019-10-22 16:32:25.609,11228,11229,11228,1
2019-10-22 16:32:25.731,11228,11229,11228,1
2019-10-22 16:32:26.827,11228,11229,11228,1
2019-10-22 16:32:26.942,11228,11229,11228,1
2019-10-22 16:33:14.860,11228,11229,11229,3
2019-10-22 16:33:29.773,11228,11229,11229,1
2019-10-22 16:33:29.933,11228,11229,11228,1
2019-10-22 16:34:05.924,11228,11229,11228,2
2019-10-22 16:34:21.543,11228,11229,11228,5
2019-10-22 16:34:23.115,11228,11229,11228,3
2019-10-22 16:34:28.134,11228,11229,11228,5
2019-10-22 16:34:29.051,11228,11229,11228,5
2019-10-22 16:34:29.135,11228,11229,11228,2
2019-10-22 16:34:29.226,11228,11229,11228,4
2019-10-22 16:34:29.260,11227,11228,11228,1
2019-10-22 16:34:33.230,11227,11228,11228,1
2019-10-22 16:34:33.960,11227,11228,11228,1
2019-10-22 16:34:43.148,11228,11229,11229,1
2019-10-22 16:34:46.076,11228,11229,11228,1
2019-10-22 16:34:53.648,11228,11229,11228,1
2019-10-22 16:35:16.714,11227,11228,11228,4
2019-10-22 16:35:19.975,11227,11228,11227,5
2019-10-22 16:35:23.822,11227,11228,11228,1
2019-10-22 16:35:24.022,11227,11228,11228,1
2019-10-22 16:35:36.714,11227,11228,11228,1
2019-10-22 16:35:38.292,11227,11228,11228,1
2019-10-22 16:35:38.385,11227,11229,11228,1
2019-10-22 16:35:38.940,11227,11229,11229,4
2019-10-22 16:35:50.364,11228,11229,11229,2
2019-10-22 16:36:02.227,11228,11229,11228,3
2019-10-22 16:36:02.514,11227,11229,11227,1
2019-10-22 16:36:02.951,11227,11229,11227,1
2019-10-22 16:36:25.723,11228,11229,11228,1
2019-10-22 16:36:28.332,11228,11229,11228,1
2019-10-22 16:36:30.001,11228,11229,11228,1
2019-10-22 16:36:54.388,11228,11229,11229,2
2019-10-22 16:37:02.063,11228,11229,11228,4
2019-10-22 16:37:22.968,11228,11229,11229,1
2019-10-22 16:37:31.380,11228,11229,11229,1
2019-10-22 16:37:36.881,11228,11229,11229,1
2019-10-22 16:37:43.845,11228,11229,11229,1
2019-10-22 16:37:45.116,11228,11229,11228,1
2019-10-22 16:37:48.787,11228,11229,11228,1
2019-10-22 16:38:23.162,11228,11229,11228,2
2019-10-22 16:38:40.324,11228,11229,11228,1
2019-10-22 16:38:45.317,11228,11229,11228,1
2019-10-22 16:39:03.337,11228,11229,11228,3
2019-10-22 16:39:17.135,11228,11229,11229,10
2019-10-22 16:39:17.260,11228,11229,11229,3
2019-10-22 16:39:23.627,11229,11230,11229,1
2019-10-22 16:39:27.431,11229,11230,11229,1
2019-10-22 16:40:04.735,11229,11230,11229,5
2019-10-22 16:40:04.737,11229,11230,11228,1
2019-10-22 16:40:04.795,11228,11230,11228,5
2019-10-22 16:40:04.796,11228,11230,11228,1
2019-10-22 16:40:22.022,11229,11230,11229,3
2019-10-22 16:40:24.609,11229,11230,11229,1
2019-10-22 16:40:32.781,11229,11230,11229,1
2019-10-22 16:40:44.463,11229,11230,11230,8
2019-10-22 16:40:44.510,11229,11230,11230,5
2019-10-22 16:40:44.510,11229,11230,11230,1
2019-10-22 16:40:44.636,11229,11230,11230,8
2019-10-22 16:40:53.085,11230,11231,11230,1
2019-10-22 16:40:54.624,11230,11231,11231,1
2019-10-22 16:40:55.201,11230,11231,11231,1
2019-10-22 16:41:11.928,11230,11231,11231,10
2019-10-22 16:41:13.669,11230,11231,11231,1
2019-10-22 16:41:25.109,11231,11232,11232,2
2019-10-22 16:41:28.121,11231,11232,11232,10
2019-10-22 16:41:33.818,11231,11232,11232,1
2019-10-22 16:41:59.292,11231,11232,11232,1
2019-10-22 16:42:08.576,11231,11232,11231,2
2019-10-22 16:42:26.551,11231,11232,11231,1
2019-10-22 16:42:41.426,11231,11232,11232,1
2019-10-22 16:42:44.437,11231,11232,11231,1
2019-10-22 16:43:06.687,11231,11232,11232,1
2019-10-22 16:43:16.965,11231,11232,11232,10
2019-10-22 16:43:22.606,11231,11232,11232,1
2019-10-22 16:43:30.244,11231,11232,11232,1
2019-10-22 16:43:34.638,11231,11232,11231,5
2019-10-22 16:43:54.753,11231,11232,11232,20
2019-10-22 16:44:02.934,11231,11232,11232,5
2019-10-22 16:44:02.978,11231,11232,11232,1
2019-10-22 16:44:03.903,11232,11233,11232,1
2019-10-22 16:44:11.535,11232,11233,11232,1
2019-10-22 16:44:14.459,11232,11233,11233,1
2019-10-22 16:44:23.428,11232,11233,11233,1
2019-10-22 16:44:27.550,11232,11233,11233,10
2019-10-22 16:44:43.745,11232,11233,11233,4
2019-10-22 16:44:43.992,11232,11233,11233,1
2019-10-22 16:44:45.888,11232,11233,11233,5
2019-10-22 16:44:49.302,11232,11233,11233,1
2019-10-22 16:44:53.383,11232,11233,11232,2
2019-10-22 16:44:59.408,11232,11233,11232,1
2019-10-22 16:45:02.333,11232,11233,11233,8
2019-10-22 16:45:02.333,11232,11233,11233,6
2019-10-22 16:45:08.648,11233,11234,11233,1
2019-10-22 16:45:26.447,11233,11234,11234,3
2019-10-22 16:45:43.442,11233,11234,11234,5
2019-10-22 16:45:43.900,11233,11234,11234,5
2019-10-22 16:45:43.940,11233,11234,11234,20
2019-10-22 16:45:44.010,11233,11234,11234,1
2019-10-22 16:45:45.052,11234,11235,11235,5
2019-10-22 16:45:45.154,11234,11235,11235,1
2019-10-22 16:45:45.159,11234,11235,11235,1
2019-10-22 16:45:45.253,11234,11235,11235,1
2019-10-22 16:45:45.272,11234,11235,11235,1
2019-10-22 16:45:59.062,11234,11235,11235,2
2019-10-22 16:46:06.488,11234,11235,11235,1
2019-10-22 16:46:09.164,11234,11235,11234,1
2019-10-22 16:46:17.317,11234,11235,11234,1
2019-10-22 16:46:19.300,11234,11235,11234,1
2019-10-22 16:46:21.754,11234,11235,11235,1
2019-10-22 16:46:31.304,11234,11235,11235,5
2019-10-22 16:46:33.988,11234,11235,11235,4
2019-10-22 16:46:39.925,11234,11235,11235,1
2019-10-22 16:46:40.394,11234,11235,11235,1
2019-10-22 16:46:42.533,11234,11235,11234,4
2019-10-22 16:46:46.116,11234,11235,11234,13
2019-10-22 16:46:46.385,11233,11234,11234,5
2019-10-22 16:46:46.393,11233,11234,11234,4
2019-10-22 16:46:59.955,11233,11234,11234,2
2019-10-22 16:47:03.970,11233,11234,11234,1
2019-10-22 16:47:14.661,11233,11234,11234,1
2019-10-22 16:47:34.170,11233,11234,11234,2
2019-10-22 16:47:38.587,11233,11234,11234,1
2019-10-22 16:47:41.399,11233,11234,11234,1
2019-10-22 16:48:08.592,11233,11234,11234,1
2019-10-22 16:48:19.172,11233,11234,11234,2
2019-10-22 16:48:39.989,11233,11234,11234,1
2019-10-22 16:49:09.562,11233,11234,11234,5
2019-10-22 16:49:10.215,11233,11234,11233,1
2019-10-22 16:49:25.662,11233,11234,11234,8
2019-10-22 16:49:25.663,11233,11234,11234,9
2019-10-22 16:49:25.663,11233,11234,11234,4
2019-10-22 16:49:25.663,11233,11234,11234,4
2019-10-22 16:50:05.382,11234,11235,11234,4
2019-10-22 16:50:07.897,11234,11235,11234,1
2019-10-22 16:50:09.681,11234,11235,11234,1
2019-10-22 16:50:57.236,11234,11235,11235,2
2019-10-22 16:50:58.072,11234,11235,11234,1
2019-10-22 16:51:04.210,11234,11235,11234,1
2019-10-22 16:51:12.793,11234,11235,11235,1
2019-10-22 16:51:24.862,11234,11235,11235,1
2019-10-22 16:51:38.681,11234,11235,11234,2
2019-10-22 16:51:45.125,11234,11235,11234,2
2019-10-22 16:51:53.394,11234,11235,11234,1
2019-10-22 16:51:58.490,11234,11235,11234,1
2019-10-22 16:52:00.718,11234,11235,11234,1
2019-10-22 16:52:02.076,11234,11235,11234,1
2019-10-22 16:53:09.498,11234,11235,11234,2
2019-10-22 16:53:09.652,11234,11235,11234,1
2019-10-22 16:53:30.352,11234,11235,11235,2
2019-10-22 16:53:37.020,11234,11235,11234,1
2019-10-22 16:53:47.242,11234,11235,11234,2
2019-10-22 16:53:47.817,11234,11235,11234,6
2019-10-22 16:53:47.886,11233,11234,11234,2
2019-10-22 16:54:03.181,11233,11234,11234,2
2019-10-22 16:54:08.272,11233,11234,11234,5
2019-10-22 16:54:10.447,11233,11234,11234,2
2019-10-22 16:54:22.092,11233,11234,11234,1
2019-10-22 16:54:23.779,11233,11234,11234,1
2019-10-22 16:54:23.780,11233,11234,11234,1
2019-10-22 16:54:23.780,11233,11234,11234,1
2019-10-22 16:54:23.780,11233,11234,11234,9
2019-10-22 16:54:31.005,11233,11234,11234,1
2019-10-22 16:54:34.132,11233,11235,11234,1
2019-10-22 16:54:40.281,11233,11234,11233,1
2019-10-22 16:54:41.083,11233,11234,11233,1
2019-10-22 16:54:42.529,11233,11234,11233,1
2019-10-22 16:54:43.927,11233,11234,11233,1
2019-10-22 16:54:57.688,11233,11234,11234,1
2019-10-22 16:55:28.697,11233,11234,11234,5
2019-10-22 16:55:34.146,11234,11235,11234,1
2019-10-22 16:55:39.928,11234,11235,11234,7
2019-10-22 16:55:50.500,11234,11235,11234,3
2019-10-22 16:56:49.251,11234,11235,11234,1
2019-10-22 16:57:02.745,11234,11235,11234,1
2019-10-22 16:57:11.515,11234,11235,11234,5
2019-10-22 16:57:19.726,11234,11235,11235,7
2019-10-22 16:57:33.621,11234,11235,11235,5
2019-10-22 16:57:34.676,11234,11235,11235,1
2019-10-22 16:57:34.792,11234,11235,11235,19
2019-10-22 16:57:36.897,11235,11236,11235,3
2019-10-22 16:57:48.104,11235,11236,11235,3
2019-10-22 16:57:50.832,11235,11236,11235,1
2019-10-22 16:57:51.689,11235,11236,11235,1
2019-10-22 16:57:56.551,11235,11236,11235,1
2019-10-22 16:58:01.241,11235,11236,11235,1
2019-10-22 16:58:05.589,11235,11236,11236,20
2019-10-22 16:58:05.604,11235,11236,11236,10
2019-10-22 16:58:05.722,11235,11236,11237,1
2019-10-22 16:58:05.746,11235,11236,11237,1
2019-10-22 16:58:10.148,11235,11236,11236,1
2019-10-22 16:58:14.764,11235,11236,11236,1
2019-10-22 16:58:14.764,11235,11236,11237,29
2019-10-22 16:58:19.363,11236,11237,11237,1
2019-10-22 16:58:20.203,11236,11237,11236,2
2019-10-22 16:58:26.830,11236,11237,11236,1
2019-10-22 16:58:28.845,11236,11237,11236,5
2019-10-22 16:58:38.710,11235,11236,11236,1
2019-10-22 16:58:41.918,11235,11236,11235,20
2019-10-22 16:58:42.608,11235,11236,11236,1
2019-10-22 16:58:43.534,11235,11236,11236,2
2019-10-22 16:58:58.371,11235,11236,11236,1
2019-10-22 16:58:59.919,11235,11236,11236,2
2019-10-22 16:59:08.197,11235,11236,11236,1
2019-10-22 16:59:28.440,11235,11236,11235,1
2019-10-22 16:59:32.614,11235,11236,11235,1
2019-10-22 16:59:56.241,11235,11236,11236,1
2019-10-22 17:00:07.106,11235,11236,11235,1
2019-10-22 17:00:13.470,11235,11236,11236,2
2019-10-22 17:00:21.112,11235,11236,11236,2
2019-10-22 17:00:23.319,11235,11236,11236,1
2019-10-22 17:00:34.454,11235,11236,11236,2
2019-10-22 17:00:35.571,11235,11236,11236,6
2019-10-22 17:00:38.533,11235,11236,11236,1
2019-10-22 17:00:40.554,11235,11236,11236,1
2019-10-22 17:00:45.466,11235,11236,11236,2
2019-10-22 17:00:54.149,11235,11236,11235,1
2019-10-22 17:00:55.127,11235,11236,11236,1
2019-10-22 17:01:01.291,11235,11236,11236,1
2019-10-22 17:01:19.357,11235,11236,11236,1
2019-10-22 17:01:19.560,11236,11237,11237,2
2019-10-22 17:01:19.579,11236,11237,11237,3
2019-10-22 17:01:20.672,11236,11237,11237,1
2019-10-22 17:01:41.709,11236,11237,11236,1
2019-10-22 17:01:56.475,11236,11237,11237,1
2019-10-22 17:02:02.566,11236,11237,11237,3
2019-10-22 17:02:15.253,11236,11237,11236,14
2019-10-22 17:02:15.320,11235,11237,11236,1
2019-10-22 17:02:37.929,11235,11236,11236,2
2019-10-22 17:02:38.427,11235,11236,11236,1
2019-10-22 17:02:59.861,11236,11237,11236,1
2019-10-22 17:03:17.421,11236,11237,11236,2
2019-10-22 17:03:21.166,11236,11237,11236,1
2019-10-22 17:03:23.044,11236,11237,11236,2
2019-10-22 17:03:27.074,11235,11236,11235,1
2019-10-22 17:03:50.281,11235,11236,11235,1
2019-10-22 17:04:21.974,11235,11236,11236,2
2019-10-22 17:04:21.974,11235,11236,11236,1
2019-10-22 17:04:21.974,11235,11236,11236,1
2019-10-22 17:04:21.976,11235,11236,11236,1
2019-10-22 17:04:22.356,11236,11237,11237,4
2019-10-22 17:04:22.357,11236,11237,11237,3
2019-10-22 17:04:24.675,11236,11237,11237,5
2019-10-22 17:04:31.108,11237,11238,11237,1
2019-10-22 17:04:31.420,11237,11238,11237,1
2019-10-22 17:04:31.604,11236,11237,11237,1
2019-10-22 17:04:34.111,11237,11238,11238,1
2019-10-22 17:04:34.209,11237,11238,11238,1
2019-10-22 17:05:02.438,11237,11238,11238,43
2019-10-22 17:05:04.468,11237,11238,11237,1
2019-10-22 17:05:04.772,11237,11238,11238,1
2019-10-22 17:05:15.049,11237,11238,11237,1
2019-10-22 17:05:16.053,11237,11238,11238,2
2019-10-22 17:05:24.305,11237,11238,11238,1
2019-10-22 17:05:36.178,11237,11238,11237,1
2019-10-22 17:05:40.606,11237,11238,11237,1
2019-10-22 17:05:44.690,11237,11238,11237,1
2019-10-22 17:05:44.788,11237,11238,11238,2
2019-10-22 17:05:46.604,11237,11238,11238,1
2019-10-22 17:05:51.923,11237,11238,11238,30
2019-10-22 17:05:51.923,11237,11238,11238,1
2019-10-22 17:05:51.923,11237,11238,11238,1
2019-10-22 17:05:51.923,11237,11238,11238,2
2019-10-22 17:05:51.924,11237,11238,11238,1
2019-10-22 17:05:51.924,11237,11238,11238,2
2019-10-22 17:05:51.924,11237,11238,11238,1
2019-10-22 17:05:53.218,11238,11239,11238,4
2019-10-22 17:05:54.017,11237,11238,11238,1
2019-10-22 17:06:03.316,11237,11238,11238,1
2019-10-22 17:06:03.689,11237,11238,11238,2
2019-10-22 17:06:14.340,11237,11238,11238,1
2019-10-22 17:06:17.214,11237,11238,11238,1
2019-10-22 17:06:18.034,11237,11238,11238,1
2019-10-22 17:06:22.803,11237,11238,11238,2
2019-10-22 17:06:24.591,11237,11238,11238,4
2019-10-22 17:06:24.762,11238,11239,11238,1
2019-10-22 17:06:29.604,11237,11238,11238,8
2019-10-22 17:06:29.629,11237,11238,11238,2
2019-10-22 17:06:35.662,11238,11239,11238,1
2019-10-22 17:06:37.089,11238,11239,11239,1
2019-10-22 17:06:37.151,11238,11239,11238,1
2019-10-22 17:06:37.155,11238,11239,11238,2
2019-10-22 17:06:37.188,11238,11239,11238,2
2019-10-22 17:06:37.309,11237,11238,11237,1
2019-10-22 17:06:37.597,11237,11238,11238,2
2019-10-22 17:06:44.107,11238,11239,11239,2
2019-10-22 17:06:45.772,11238,11239,11239,1
2019-10-22 17:06:45.840,11238,11239,11239,1
2019-10-22 17:06:45.841,11238,11239,11239,20
2019-10-22 17:06:47.441,11238,11239,11239,3
2019-10-22 17:06:53.963,11238,11239,11238,1
2019-10-22 17:07:15.709,11238,11239,11238,10
2019-10-22 17:07:25.520,11238,11239,11239,36
2019-10-22 17:07:25.911,11239,11240,11239,10
2019-10-22 17:07:31.496,11239,11240,11240,1
2019-10-22 17:07:31.568,11239,11240,11240,1
2019-10-22 17:07:31.602,11239,11240,11240,1
2019-10-22 17:07:31.784,11239,11240,11240,2
2019-10-22 17:07:33.201,11239,11240,11239,1
2019-10-22 17:07:33.949,11239,11240,11239,1
2019-10-22 17:07:38.439,11239,11240,11239,1
2019-10-22 17:07:46.474,11239,11240,11239,1
2019-10-22 17:07:49.134,11239,11240,11240,1
2019-10-22 17:07:49.705,11239,11240,11239,1
2019-10-22 17:07:56.289,11239,11240,11240,1
2019-10-22 17:07:59.176,11239,11240,11240,1
2019-10-22 17:08:08.206,11239,11240,11239,1
2019-10-22 17:08:17.116,11239,11240,11239,15
2019-10-22 17:08:17.135,11239,11240,11239,2
2019-10-22 17:08:18.938,11239,11240,11239,2
2019-10-22 17:08:20.809,11239,11240,11239,3
2019-10-22 17:08:21.664,11238,11239,11239,1
2019-10-22 17:08:34.473,11238,11239,11238,5
2019-10-22 17:08:34.634,11238,11239,11239,1
2019-10-22 17:08:41.406,11238,11239,11239,2
2019-10-22 17:08:57.223,11238,11239,11239,1
2019-10-22 17:09:18.716,11238,11239,11238,1
2019-10-22 17:09:19.069,11238,11239,11239,2
2019-10-22 17:09:19.260,11238,11239,11239,2
2019-10-22 17:09:20.727,11238,11239,11238,15
2019-10-22 17:09:25.313,11238,11239,11238,5
2019-10-22 17:09:27.062,11238,11239,11238,5
2019-10-22 17:09:27.425,11238,11239,11238,1
2019-10-22 17:09:34.261,11238,11239,11238,25
2019-10-22 17:09:34.263,11238,11239,11238,18
2019-10-22 17:09:44.156,11237,11238,11238,1
2019-10-22 17:09:55.202,11237,11238,11238,1
2019-10-22 17:10:04.155,11237,11238,11238,1
2019-10-22 17:10:04.320,11237,11238,11237,1
2019-10-22 17:10:04.696,11237,11238,11237,1
2019-10-22 17:10:09.366,11237,11238,11237,2
2019-10-22 17:10:09.467,11237,11238,11237,2
2019-10-22 17:10:29.275,11237,11238,11237,1
2019-10-22 17:11:18.639,11237,11238,11238,1
2019-10-22 17:11:34.332,11237,11238,11238,1
2019-10-22 17:11:37.646,11237,11238,11238,3
2019-10-22 17:11:52.340,11237,11238,11238,1
2019-10-22 17:11:53.914,11237,11238,11238,1
2019-10-22 17:12:02.689,11237,11238,11237,1
2019-10-22 17:12:04.035,11237,11238,11238,1
2019-10-22 17:13:26.387,11237,11238,11238,5
2019-10-22 17:13:37.670,11237,11238,11237,1
2019-10-22 17:13:39.910,11237,11238,11238,1
2019-10-22 17:13:53.233,11237,11238,11237,2
2019-10-22 17:13:53.261,11237,11238,11237,12
2019-10-22 17:13:59.554,11236,11237,11236,2
2019-10-22 17:14:00.315,11236,11237,11237,1
2019-10-22 17:14:03.733,11236,11237,11236,2
2019-10-22 17:14:11.439,11235,11237,11235,2
2019-10-22 17:14:12.118,11235,11237,11235,2
2019-10-22 17:14:20.571,11235,11236,11235,2
2019-10-22 17:14:22.349,11235,11236,11235,2
2019-10-22 17:14:34.012,11235,11236,11235,2
2019-10-22 17:14:36.174,11235,11236,11235,2
2019-10-22 17:14:51.691,11235,11236,11235,2
2019-10-22 17:14:55.191,11235,11236,11235,4
2019-10-22 17:14:56.508,11235,11236,11235,1
2019-10-22 17:15:01.763,11235,11236,11235,10
2019-10-22 17:15:07.365,11235,11236,11235,1
2019-10-22 17:15:08.771,11235,11236,11235,1
2019-10-22 17:15:16.203,11235,11236,11235,2
2019-10-22 17:15:24.786,11235,11236,11235,2
2019-10-22 17:15:33.651,11235,11236,11235,2
2019-10-22 17:15:40.441,11235,11236,11235,1
2019-10-22 17:15:43.958,11235,11236,11235,1
2019-10-22 17:15:44.982,11235,11236,11235,2
2019-10-22 17:16:00.007,11235,11236,11235,1
2019-10-22 17:16:16.928,11235,11236,11235,2
2019-10-22 17:16:17.775,11235,11236,11235,1
2019-10-22 17:16:28.764,11235,11236,11235,1
2019-10-22 17:16:29.871,11235,11236,11235,1
2019-10-22 17:16:56.016,11235,11236,11235,1
2019-10-22 17:17:01.848,11235,11236,11235,1
2019-10-22 17:17:04.775,11235,11236,11235,1
2019-10-22 17:17:13.491,11235,11236,11235,1
2019-10-22 17:17:47.001,11235,11236,11236,1
2019-10-22 17:17:48.414,11235,11236,11236,1
2019-10-22 17:17:53.255,11235,11236,11236,1
2019-10-22 17:18:45.301,11235,11236,11236,1
2019-10-22 17:19:37.605,11235,11236,11236,6
2019-10-22 17:20:15.994,11235,11236,11236,5
2019-10-22 17:20:17.263,11235,11236,11236,2
2019-10-22 17:20:19.738,11235,11236,11236,2
2019-10-22 17:20:20.209,11235,11236,11236,1
2019-10-22 17:20:26.377,11235,11236,11236,1
2019-10-22 17:21:02.882,11235,11236,11236,1
2019-10-22 17:21:44.355,11235,11236,11236,4
2019-10-22 17:21:44.672,11235,11236,11236,1
2019-10-22 17:21:46.565,11235,11236,11236,2
2019-10-22 17:21:46.635,11235,11236,11236,2
2019-10-22 17:22:20.964,11235,11236,11236,1
2019-10-22 17:22:33.068,11236,11237,11237,1
2019-10-22 17:22:42.796,11236,11237,11237,5
2019-10-22 17:22:45.370,11236,11238,11238,5
2019-10-22 17:22:46.707,11237,11238,11237,1
2019-10-22 17:22:46.921,11237,11238,11238,1
2019-10-22 17:22:52.505,11237,11238,11238,2
2019-10-22 17:22:57.704,11237,11238,11237,1
2019-10-22 17:23:02.343,11237,11238,11237,1
2019-10-22 17:23:15.083,11237,11238,11237,1
2019-10-22 17:23:16.523,11237,11238,11238,1
2019-10-22 17:23:18.018,11237,11238,11238,1
2019-10-22 17:23:22.196,11237,11238,11238,1
2019-10-22 17:23:33.370,11237,11238,11237,2
2019-10-22 17:23:46.980,11237,11238,11237,1
2019-10-22 17:23:55.463,11237,11238,11237,1
2019-10-22 17:24:02.856,11237,11238,11238,1
2019-10-22 17:24:04.456,11237,11238,11237,1
2019-10-22 17:24:10.152,11237,11238,11238,1
2019-10-22 17:24:39.279,11237,11238,11237,3
2019-10-22 17:24:44.319,11237,11238,11238,1
2019-10-22 17:24:55.354,11237,11238,11238,4
2019-10-22 17:24:55.539,11237,11238,11238,3
2019-10-22 17:24:55.635,11237,11238,11238,7
2019-10-22 17:25:22.514,11238,11239,11238,5
2019-10-22 17:25:32.644,11238,11239,11238,1
2019-10-22 17:25:41.260,11238,11239,11239,2
2019-10-22 17:25:41.449,11238,11239,11239,4
2019-10-22 17:25:42.041,11238,11239,11238,1
2019-10-22 17:25:42.905,11238,11239,11238,1
2019-10-22 17:25:55.529,11238,11239,11239,1
2019-10-22 17:27:05.220,11238,11239,11239,1
2019-10-22 17:27:05.295,11238,11239,11239,1
2019-10-22 17:27:05.682,11238,11239,11239,2
2019-10-22 17:27:14.631,11238,11239,11239,1
2019-10-22 17:27:27.422,11238,11239,11238,2
2019-10-22 17:27:53.995,11238,11239,11239,2
2019-10-22 17:28:00.386,11238,11239,11239,1
2019-10-22 17:28:08.710,11238,11239,11239,5
2019-10-22 17:28:10.434,11238,11239,11238,1
2019-10-22 17:28:14.606,11238,11239,11238,1
2019-10-22 17:28:30.349,11238,11239,11239,2
2019-10-22 17:28:44.516,11238,11239,11239,10
2019-10-22 17:28:44.635,11238,11239,11239,1
2019-10-22 17:29:10.205,11238,11239,11239,1
2019-10-22 17:29:10.487,11238,11239,11239,5
2019-10-22 17:29:14.554,11238,11239,11239,2
2019-10-22 17:29:14.635,11238,11239,11239,10
2019-10-22 17:29:14.636,11238,11239,11239,4
2019-10-22 17:29:15.059,11239,11240,11239,1
2019-10-22 17:29:22.149,11239,11240,11239,2
2019-10-22 17:29:33.971,11239,11240,11239,1
2019-10-22 17:29:38.225,11239,11240,11239,1
2019-10-22 17:29:40.043,11239,11240,11239,2
2019-10-22 17:29:41.959,11239,11240,11240,5
2019-10-22 17:29:42.927,11239,11240,11240,1
2019-10-22 17:29:43.187,11239,11240,11240,1
2019-10-22 17:29:51.703,11239,11240,11240,1
2019-10-22 17:29:51.783,11239,11240,11240,5
2019-10-22 17:30:05.026,11239,11240,11240,1
2019-10-22 17:30:05.448,11239,11240,11239,4
2019-10-22 17:30:05.458,11239,11240,11239,2
2019-10-22 17:30:07.256,11238,11240,11240,1
2019-10-22 17:30:07.268,11238,11240,11238,1
2019-10-22 17:30:07.268,11238,11240,11238,1
2019-10-22 17:30:07.394,11238,11240,11238,1
2019-10-22 17:30:07.394,11238,11240,11238,1
2019-10-22 17:30:18.212,11239,11240,11240,1
2019-10-22 17:30:32.436,11239,11240,11240,2
2019-10-22 17:30:37.454,11239,11240,11240,1
2019-10-22 17:30:40.425,11239,11240,11240,1
2019-10-22 17:30:52.734,11239,11240,11240,1
2019-10-22 17:31:01.546,11239,11240,11240,1
2019-10-22 17:31:05.084,11239,11240,11240,5
2019-10-22 17:31:12.510,11239,11240,11240,1
2019-10-22 17:31:12.635,11239,11240,11240,6
2019-10-22 17:31:12.636,11239,11240,11240,33
2019-10-22 17:31:12.978,11240,11241,11240,1
2019-10-22 17:31:18.325,11240,11241,11240,2
2019-10-22 17:31:19.185,11240,11241,11241,1
2019-10-22 17:31:19.284,11240,11241,11241,3
2019-10-22 17:31:19.339,11240,11241,11241,1
2019-10-22 17:31:19.352,11240,11241,11241,1
2019-10-22 17:31:19.454,11240,11241,11241,1
2019-10-22 17:31:29.825,11240,11241,11241,1
2019-10-22 17:31:30.737,11240,11241,11240,2
2019-10-22 17:31:31.394,11240,11241,11240,2
2019-10-22 17:31:33.474,11240,11241,11240,1
2019-10-22 17:31:33.886,11240,11241,11241,1
2019-10-22 17:31:43.765,11240,11241,11240,15
2019-10-22 17:31:46.260,11240,11241,11241,1
2019-10-22 17:31:46.261,11240,11241,11241,2
2019-10-22 17:31:46.261,11240,11241,11241,9
2019-10-22 17:31:46.261,11240,11241,11241,2
2019-10-22 17:31:46.282,11240,11241,11241,4
2019-10-22 17:31:46.302,11240,11241,11241,2
2019-10-22 17:31:46.385,11240,11241,11241,2
2019-10-22 17:31:46.387,11240,11241,11241,10
2019-10-22 17:31:51.116,11240,11241,11241,1
2019-10-22 17:32:01.738,11241,11242,11242,1
2019-10-22 17:32:02.069,11241,11242,11242,2
2019-10-22 17:32:02.367,11241,11242,11242,1
2019-10-22 17:32:02.426,11241,11242,11242,3
2019-10-22 17:32:02.443,11241,11242,11242,6
2019-10-22 17:32:09.499,11241,11242,11242,1
2019-10-22 17:32:12.248,11241,11242,11242,1
2019-10-22 17:32:22.041,11241,11242,11241,2
2019-10-22 17:32:22.104,11241,11242,11241,7
2019-10-22 17:32:38.260,11240,11241,11240,9
2019-10-22 17:32:39.841,11240,11241,11240,1
2019-10-22 17:32:40.173,11239,11240,11240,5
2019-10-22 17:32:42.657,11239,11240,11239,1
2019-10-22 17:32:48.580,11239,11240,11239,1
2019-10-22 17:33:02.311,11239,11240,11240,1
2019-10-22 17:33:03.011,11239,11240,11240,4
2019-10-22 17:33:26.987,11239,11240,11239,1
2019-10-22 17:33:41.000,11239,11240,11240,2
2019-10-22 17:33:42.024,11239,11240,11240,2
2019-10-22 17:33:58.245,11239,11240,11240,1
2019-10-22 17:34:02.209,11239,11240,11240,3
2019-10-22 17:34:10.034,11239,11240,11240,2
2019-10-22 17:34:19.135,11239,11240,11240,1
2019-10-22 17:34:56.214,11239,11240,11239,2
2019-10-22 17:35:02.397,11239,11240,11240,1
2019-10-22 17:35:07.937,11239,11240,11240,1
2019-10-22 17:35:11.404,11239,11240,11240,1
2019-10-22 17:35:12.434,11239,11240,11240,1
2019-10-22 17:35:18.883,11239,11240,11240,13
2019-10-22 17:35:33.028,11240,11241,11240,1
2019-10-22 17:35:40.793,11239,11240,11240,1
2019-10-22 17:35:40.905,11239,11240,11240,1
2019-10-22 17:35:49.496,11239,11240,11239,1
2019-10-22 17:35:55.351,11239,11240,11240,1
2019-10-22 17:36:07.260,11239,11240,11240,1
2019-10-22 17:36:07.385,11239,11240,11240,6
2019-10-22 17:36:07.510,11239,11240,11240,1
2019-10-22 17:36:07.680,11240,11241,11240,2
2019-10-22 17:36:21.135,11240,11241,11240,2
2019-10-22 17:36:28.167,11240,11241,11240,1
2019-10-22 17:36:34.949,11239,11240,11240,1
2019-10-22 17:36:36.850,11239,11240,11240,2
2019-10-22 17:37:02.156,11239,11240,11240,1
2019-10-22 17:37:36.484,11240,11241,11240,2
2019-10-22 17:37:56.479,11240,11241,11240,1
2019-10-22 17:37:57.798,11240,11241,11240,1
2019-10-22 17:38:00.968,11240,11241,11241,10
2019-10-22 17:38:15.122,11240,11241,11240,1
2019-10-22 17:38:34.366,11240,11241,11240,1
2019-10-22 17:38:48.075,11240,11241,11240,5
2019-10-22 17:38:51.026,11240,11241,11240,5
2019-10-22 17:38:52.140,11240,11241,11240,1
2019-10-22 17:39:19.798,11239,11240,11240,4
2019-10-22 17:39:19.877,11239,11240,11240,1
2019-10-22 17:39:32.091,11239,11240,11240,3
2019-10-22 17:40:02.395,11239,11240,11240,1
2019-10-22 17:40:11.291,11239,11240,11240,1
2019-10-22 17:40:11.903,11239,11240,11239,5
2019-10-22 17:41:38.103,11239,11240,11239,2
2019-10-22 17:42:10.260,11239,11240,11239,2
2019-10-22 17:42:15.122,11239,11240,11239,1
2019-10-22 17:42:23.285,11239,11240,11239,17
2019-10-22 17:44:00.786,11238,11239,11239,1
2019-10-22 17:44:15.858,11238,11239,11238,1
2019-10-22 17:44:16.198,11238,11239,11238,1
2019-10-22 17:44:17.484,11238,11239,11239,1
2019-10-22 17:44:52.827,11238,11239,11239,1
2019-10-22 17:44:58.185,11238,11239,11239,1
2019-10-22 17:45:13.871,11238,11239,11239,1
2019-10-22 17:45:27.685,11238,11239,11238,1
2019-10-22 17:45:30.511,11238,11239,11238,7
2019-10-22 17:45:45.110,11237,11238,11238,15
2019-10-22 17:45:47.114,11237,11238,11238,8
2019-10-22 17:45:47.135,11238,11239,11238,1
2019-10-22 17:45:53.390,11237,11238,11238,1
2019-10-22 17:45:57.446,11237,11238,11238,1
2019-10-22 17:46:05.362,11237,11238,11238,1
2019-10-22 17:46:21.668,11237,11238,11237,2
2019-10-22 17:46:22.141,11237,11238,11237,1
2019-10-22 17:46:32.586,11237,11238,11237,2
2019-10-22 17:46:41.456,11237,11238,11237,1
2019-10-22 17:46:43.830,11237,11238,11238,5
2019-10-22 17:46:55.713,11238,11239,11239,7
2019-10-22 17:47:01.630,11238,11239,11238,1
2019-10-22 17:47:30.191,11238,11239,11238,2
2019-10-22 17:47:42.420,11238,11239,11238,6
2019-10-22 17:47:42.503,11238,11239,11238,1
2019-10-22 17:47:42.511,11237,11238,11238,1
2019-10-22 17:47:45.216,11237,11238,11238,3
2019-10-22 17:47:54.038,11238,11239,11238,1
2019-10-22 17:49:02.245,11238,11239,11239,3
2019-10-22 17:49:17.322,11238,11239,11239,8
2019-10-22 17:49:22.582,11238,11239,11239,2
2019-10-22 17:50:22.880,11239,11240,11239,1
2019-10-22 17:50:32.616,11239,11240,11239,1
2019-10-22 17:50:59.032,11239,11240,11239,23
2019-10-22 17:50:59.033,11239,11240,11239,1
2019-10-22 17:50:59.033,11239,11240,11239,1
2019-10-22 17:51:08.802,11239,11240,11239,1
2019-10-22 17:51:20.121,11239,11240,11239,1
2019-10-22 17:51:32.429,11238,11239,11239,2
2019-10-22 17:51:33.899,11239,11240,11240,1
2019-10-22 17:51:48.884,11239,11240,11240,1
2019-10-22 17:51:49.412,11239,11240,11239,1
2019-10-22 17:52:07.015,11239,11240,11239,1
2019-10-22 17:52:14.649,11238,11240,11238,5
2019-10-22 17:52:17.610,11238,11240,11238,1
2019-10-22 17:52:28.412,11239,11240,11239,1
2019-10-22 17:53:02.344,11238,11239,11239,2
2019-10-22 17:53:22.359,11239,11240,11239,1
2019-10-22 17:53:32.757,11239,11240,11240,2
2019-10-22 17:54:02.442,11239,11240,11240,8
2019-10-22 17:54:08.216,11239,11240,11240,2
2019-10-22 17:54:12.924,11239,11240,11240,1
2019-10-22 17:54:14.333,11239,11240,11240,1
2019-10-22 17:54:17.985,11239,11240,11240,2
2019-10-22 17:54:19.347,11239,11240,11240,2
2019-10-22 17:54:20.665,11239,11240,11240,2
2019-10-22 17:54:35.388,11240,11241,11240,1
2019-10-22 17:54:59.590,11240,11241,11240,1
2019-10-22 17:54:59.733,11240,11241,11240,1
2019-10-22 17:55:02.149,11240,11241,11241,2
2019-10-22 17:55:04.721,11240,11241,11240,1
2019-10-22 17:55:06.437,11240,11241,11240,1
2019-10-22 17:55:56.711,11240,11241,11240,1
2019-10-22 17:55:58.091,11240,11241,11240,1
2019-10-22 17:56:02.296,11240,11241,11241,3
2019-10-22 17:56:07.828,11240,11241,11240,1
2019-10-22 17:56:18.751,11240,11241,11240,1
2019-10-22 17:56:20.445,11240,11241,11240,5
2019-10-22 17:56:45.501,11240,11241,11240,1
2019-10-22 17:56:51.764,11240,11241,11241,1
2019-10-22 17:56:54.331,11240,11241,11240,1
2019-10-22 17:58:19.730,11240,11241,11240,8
2019-10-22 17:58:39.689,11240,11241,11240,1
2019-10-22 17:58:45.880,11240,11241,11240,1
2019-10-22 17:58:47.033,11240,11241,11240,1
2019-10-22 17:58:50.108,11240,11241,11241,1
2019-10-22 17:59:10.001,11240,11241,11240,2
2019-10-22 17:59:29.214,11240,11241,11241,2
2019-10-22 17:59:37.393,11240,11241,11241,1
2019-10-22 17:59:54.118,11240,11241,11241,1
2019-10-22 18:00:00.790,11240,11241,11241,1
2019-10-22 18:00:01.120,11240,11241,11240,1
2019-10-22 18:00:01.128,11240,11241,11240,3
2019-10-22 18:00:01.604,11240,11241,11240,1
2019-10-22 18:00:06.461,11240,11241,11240,1
2019-10-22 18:00:23.227,11240,11241,11240,1
2019-10-22 18:01:40.649,11240,11241,11240,2
2019-10-22 18:01:40.941,11240,11241,11240,1
2019-10-22 18:01:44.708,11240,11241,11241,1
2019-10-22 18:01:46.233,11240,11241,11241,1
2019-10-22 18:01:47.886,11240,11241,11241,1
2019-10-22 18:01:49.795,11240,11241,11241,1
2019-10-22 18:01:50.675,11240,11241,11241,1
2019-10-22 18:02:42.577,11240,11241,11240,1
2019-10-22 18:02:58.577,11240,11241,11240,1
2019-10-22 18:03:00.720,11240,11241,11241,1
2019-10-22 18:03:02.326,11240,11241,11241,1
2019-10-22 18:03:04.026,11240,11241,11241,1
2019-10-22 18:03:05.908,11240,11241,11241,1
2019-10-22 18:03:06.765,11240,11241,11240,5
2019-10-22 18:03:06.885,11240,11241,11240,1
2019-10-22 18:03:07.010,11240,11241,11240,1
2019-10-22 18:03:07.818,11240,11241,11241,1
2019-10-22 18:03:09.854,11240,11241,11241,1
2019-10-22 18:03:24.694,11240,11241,11241,1
2019-10-22 18:03:26.116,11240,11241,11241,1
2019-10-22 18:03:31.271,11240,11241,11241,1
2019-10-22 18:03:32.907,11240,11241,11241,3
2019-10-22 18:03:41.263,11240,11241,11241,1
2019-10-22 18:03:43.006,11240,11241,11241,1
2019-10-22 18:03:44.757,11240,11241,11241,1
2019-10-22 18:03:49.048,11240,11241,11241,5
2019-10-22 18:03:49.061,11240,11241,11241,1
2019-10-22 18:04:07.598,11240,11241,11240,2
2019-10-22 18:04:10.993,11240,11241,11241,2
2019-10-22 18:04:25.831,11240,11241,11241,2
2019-10-22 18:04:43.817,11240,11241,11241,1
2019-10-22 18:04:48.629,11240,11241,11241,1
2019-10-22 18:04:49.517,11240,11241,11241,1
2019-10-22 18:04:56.969,11240,11241,11241,1
2019-10-22 18:05:16.249,11240,11241,11241,2
2019-10-22 18:05:18.579,11240,11241,11241,9
2019-10-22 18:05:41.668,11241,11242,11242,1
2019-10-22 18:06:03.050,11241,11242,11242,1
2019-10-22 18:06:12.924,11241,11242,11242,2
2019-10-22 18:06:23.783,11241,11242,11241,1
2019-10-22 18:06:34.650,11241,11242,11241,1
2019-10-22 18:06:44.267,11241,11242,11241,1
2019-10-22 18:06:46.424,11241,11242,11241,1
2019-10-22 18:06:51.760,11241,11242,11241,6
2019-10-22 18:06:53.922,11240,11242,11240,1
2019-10-22 18:07:09.293,11240,11241,11240,1
2019-10-22 18:07:35.487,11240,11241,11241,1
2019-10-22 18:07:35.510,11240,11241,11241,7
2019-10-22 18:07:41.916,11240,11241,11241,1
2019-10-22 18:07:44.531,11240,11241,11241,3
2019-10-22 18:08:12.293,11241,11242,11241,1
2019-10-22 18:08:14.508,11241,11242,11241,1
2019-10-22 18:08:18.187,11241,11242,11241,1
2019-10-22 18:08:25.319,11241,11242,11241,1
2019-10-22 18:08:51.694,11240,11241,11241,1
2019-10-22 18:09:01.445,11241,11242,11241,1
2019-10-22 18:10:06.386,11240,11241,11240,8
2019-10-22 18:10:10.093,11240,11241,11241,1
2019-10-22 18:10:13.847,11240,11241,11241,2
2019-10-22 18:10:26.070,11240,11241,11240,1
2019-10-22 18:11:09.160,11240,11241,11240,8
2019-10-22 18:11:09.160,11240,11241,11240,8
2019-10-22 18:11:16.282,11239,11240,11239,1
2019-10-22 18:11:16.282,11239,11240,11239,7
2019-10-22 18:11:16.283,11239,11240,11239,1
2019-10-22 18:11:16.283,11239,11240,11239,6
2019-10-22 18:11:16.283,11239,11240,11239,6
2019-10-22 18:11:44.846,11238,11239,11239,1
2019-10-22 18:12:33.470,11238,11239,11239,1
2019-10-22 18:12:35.024,11238,11239,11239,1
2019-10-22 18:12:37.239,11238,11239,11239,1
2019-10-22 18:12:57.183,11238,11239,11239,1
2019-10-22 18:12:58.851,11238,11239,11239,1
2019-10-22 18:13:14.627,11239,11240,11239,1
2019-10-22 18:13:30.443,11239,11240,11240,1
2019-10-22 18:14:13.255,11238,11239,11239,1
2019-10-22 18:14:38.459,11238,11239,11238,2
2019-10-22 18:14:38.463,11238,11239,11238,10
2019-10-22 18:14:38.848,11237,11238,11238,1
2019-10-22 18:14:39.289,11237,11238,11238,2
2019-10-22 18:14:43.892,11237,11238,11238,2
2019-10-22 18:14:56.836,11237,11238,11238,1
2019-10-22 18:15:05.260,11237,11238,11237,1
2019-10-22 18:15:06.465,11237,11238,11237,3
2019-10-22 18:15:06.583,11237,11238,11237,1
2019-10-22 18:15:16.634,11237,11238,11237,2
2019-10-22 18:15:28.559,11237,11238,11237,1
2019-10-22 18:15:32.956,11237,11238,11237,1
2019-10-22 18:15:49.494,11237,11238,11237,2
2019-10-22 18:15:52.552,11237,11238,11237,1
2019-10-22 18:15:58.832,11237,11238,11237,1
2019-10-22 18:16:03.293,11237,11238,11237,3
2019-10-22 18:16:05.568,11237,11238,11237,1
2019-10-22 18:16:05.636,11237,11238,11237,1
2019-10-22 18:16:05.887,11237,11238,11238,1
2019-10-22 18:16:19.612,11237,11238,11237,1
2019-10-22 18:16:35.310,11236,11237,11236,3
2019-10-22 18:16:35.655,11236,11237,11236,1
2019-10-22 18:16:39.014,11236,11237,11237,1
2019-10-22 18:17:01.620,11236,11237,11237,1
2019-10-22 18:17:03.906,11236,11237,11237,1
2019-10-22 18:17:05.060,11236,11237,11237,1
2019-10-22 18:17:25.695,11236,11237,11236,1
2019-10-22 18:17:28.828,11236,11237,11237,2
2019-10-22 18:17:50.810,11236,11237,11237,1
2019-10-22 18:18:23.861,11236,11237,11237,1
2019-10-22 18:18:25.427,11236,11237,11237,1
2019-10-22 18:18:27.601,11236,11237,11237,1
2019-10-22 18:18:29.719,11236,11237,11237,1
2019-10-22 18:18:36.705,11236,11237,11236,2
2019-10-22 18:18:50.338,11236,11237,11237,1
2019-10-22 18:18:53.352,11236,11237,11237,3
2019-10-22 18:18:57.064,11236,11237,11237,1
2019-10-22 18:18:57.064,11236,11237,11238,1
2019-10-22 18:19:36.114,11237,11238,11237,1
2019-10-22 18:20:04.226,11237,11238,11237,10
2019-10-22 18:20:16.821,11236,11237,11237,2
2019-10-22 18:20:24.143,11236,11237,11237,1
2019-10-22 18:21:06.819,11236,11237,11237,3
2019-10-22 18:21:33.129,11236,11237,11237,1
2019-10-22 18:21:39.485,11236,11237,11237,1
2019-10-22 18:21:48.187,11236,11237,11237,1
2019-10-22 18:22:02.568,11236,11237,11237,5
2019-10-22 18:22:05.284,11236,11237,11237,1
2019-10-22 18:22:47.761,11236,11238,11236,1
2019-10-22 18:23:52.960,11236,11237,11237,6
2019-10-22 18:24:11.294,11236,11237,11237,2
2019-10-22 18:24:17.170,11237,11238,11238,1
2019-10-22 18:24:54.574,11237,11238,11238,1
2019-10-22 18:25:44.810,11237,11238,11238,1
2019-10-22 18:25:58.543,11237,11238,11237,1
2019-10-22 18:26:18.022,11237,11238,11237,10
2019-10-22 18:26:21.310,11237,11238,11237,1
2019-10-22 18:26:26.906,11237,11238,11237,1
2019-10-22 18:26:47.560,11237,11238,11237,1
2019-10-22 18:26:51.572,11237,11238,11238,1
2019-10-22 18:26:58.103,11237,11238,11237,1
2019-10-22 18:27:11.898,11236,11237,11237,1
2019-10-22 18:27:12.966,11236,11237,11237,1
2019-10-22 18:27:32.005,11236,11237,11237,2
2019-10-22 18:27:43.018,11236,11237,11237,1
2019-10-22 18:28:16.399,11236,11237,11237,1
2019-10-22 18:28:36.125,11236,11237,11236,2
2019-10-22 18:29:26.018,11236,11237,11236,4
2019-10-22 18:29:59.892,11236,11237,11237,2
2019-10-22 18:30:37.362,11236,11237,11236,1
2019-10-22 18:30:37.680,11236,11237,11236,2
2019-10-22 18:30:37.703,11236,11237,11236,2
2019-10-22 18:30:37.710,11236,11237,11236,2
2019-10-22 18:30:41.716,11236,11237,11237,1
2019-10-22 18:31:21.606,11236,11237,11236,1
2019-10-22 18:31:36.862,11236,11237,11236,1
2019-10-22 18:31:42.680,11236,11237,11237,1
2019-10-22 18:31:56.108,11236,11237,11236,1
2019-10-22 18:32:09.927,11236,11237,11236,1
2019-10-22 18:32:39.220,11236,11237,11237,1
2019-10-22 18:33:08.315,11236,11237,11237,4
2019-10-22 18:33:08.315,11236,11237,11237,18
2019-10-22 18:33:14.832,11237,11238,11237,12
2019-10-22 18:33:14.833,11237,11238,11237,3
2019-10-22 18:33:19.314,11236,11237,11237,2
2019-10-22 18:33:28.018,11236,11237,11237,1
2019-10-22 18:33:48.950,11236,11237,11237,1
2019-10-22 18:33:57.759,11236,11237,11237,1
2019-10-22 18:34:24.180,11236,11237,11237,1
2019-10-22 18:34:37.820,11236,11237,11236,11
2019-10-22 18:34:37.885,11236,11237,11236,7
2019-10-22 18:34:38.010,11236,11237,11236,9
2019-10-22 18:35:15.839,11235,11236,11236,1
2019-10-22 18:35:21.633,11235,11236,11236,1
2019-10-22 18:35:28.368,11235,11236,11236,1
2019-10-22 18:35:32.023,11235,11236,11236,1
2019-10-22 18:35:41.888,11236,11237,11236,7
2019-10-22 18:35:55.054,11236,11237,11237,2
2019-10-22 18:36:02.349,11236,11237,11237,10
2019-10-22 18:36:02.537,11236,11237,11237,2
2019-10-22 18:36:56.934,11236,11237,11237,1
2019-10-22 18:36:59.575,11236,11237,11237,1
2019-10-22 18:37:02.248,11236,11237,11237,4
2019-10-22 18:37:02.522,11236,11237,11237,1
2019-10-22 18:37:04.211,11236,11237,11237,14
2019-10-22 18:37:11.398,11236,11237,11236,2
2019-10-22 18:37:35.101,11236,11237,11237,3
2019-10-22 18:38:02.150,11236,11237,11237,3
2019-10-22 18:38:10.724,11236,11237,11237,1
2019-10-22 18:38:37.307,11236,11237,11237,2
2019-10-22 18:38:44.605,11236,11237,11237,1
2019-10-22 18:38:47.799,11236,11237,11236,2
2019-10-22 18:39:02.351,11236,11237,11237,1
2019-10-22 18:39:39.859,11236,11237,11236,2
2019-10-22 18:39:46.610,11236,11237,11236,2
2019-10-22 18:39:52.010,11236,11237,11236,2
2019-10-22 18:41:17.932,11236,11237,11237,2
2019-10-22 18:41:34.586,11236,11237,11237,2
2019-10-22 18:41:54.570,11236,11237,11237,2
2019-10-22 18:41:57.900,11236,11237,11237,3
2019-10-22 18:42:33.769,11237,11238,11237,2
2019-10-22 18:42:45.429,11237,11238,11238,1
2019-10-22 18:43:16.630,11237,11238,11238,1
2019-10-22 18:43:33.960,11237,11238,11238,4
2019-10-22 18:43:56.833,11237,11238,11237,1
2019-10-22 18:44:02.573,11237,11238,11238,1
2019-10-22 18:44:23.825,11237,11238,11238,1
2019-10-22 18:44:23.826,11237,11238,11238,7
2019-10-22 18:44:23.847,11237,11238,11238,1
2019-10-22 18:44:23.886,11237,11238,11238,7
2019-10-22 18:44:24.010,11237,11238,11238,2
2019-10-22 18:44:24.011,11237,11238,11238,2
2019-10-22 18:44:52.455,11238,11239,11238,1
2019-10-22 18:45:09.699,11238,11239,11238,2
2019-10-22 18:45:16.148,11237,11239,11237,2
2019-10-22 18:45:37.054,11237,11239,11237,2
2019-10-22 18:46:55.650,11237,11238,11237,1
2019-10-22 18:48:07.896,11237,11238,11238,2
2019-10-22 18:48:37.186,11237,11238,11237,1
2019-10-22 18:50:28.382,11237,11238,11237,1
2019-10-22 18:50:38.365,11237,11238,11237,5
2019-10-22 18:50:38.385,11237,11238,11237,2
2019-10-22 18:50:40.641,11237,11238,11237,2
2019-10-22 18:51:05.483,11236,11237,11237,1
2019-10-22 18:51:07.106,11236,11237,11236,4
2019-10-22 18:51:28.274,11236,11237,11236,1
2019-10-22 18:52:15.873,11236,11237,11236,2
2019-10-22 18:53:41.337,11236,11237,11236,4
2019-10-22 18:53:41.774,11236,11237,11236,2
2019-10-22 18:53:41.788,11236,11237,11236,1
2019-10-22 18:53:41.803,11236,11237,11236,1
2019-10-22 18:54:30.544,11236,11237,11236,1
2019-10-22 18:54:30.897,11236,11237,11236,1
2019-10-22 18:54:30.908,11236,11237,11236,1
2019-10-22 18:54:45.951,11236,11237,11236,3
2019-10-22 18:54:53.723,11236,11237,11236,1
2019-10-22 18:54:53.761,11236,11237,11236,6
2019-10-22 18:54:53.885,11236,11237,11236,3
2019-10-22 18:54:53.886,11236,11237,11236,2
2019-10-22 18:55:03.913,11235,11236,11236,1
2019-10-22 18:55:13.358,11235,11236,11236,1
2019-10-22 18:55:23.781,11235,11236,11236,3
2019-10-22 18:55:37.058,11235,11236,11236,1
2019-10-22 18:56:31.120,11236,11237,11237,6
2019-10-22 18:56:31.120,11236,11237,11237,1
2019-10-22 18:56:31.135,11236,11237,11237,1
2019-10-22 18:56:34.043,11237,11238,11238,5
2019-10-22 18:56:43.542,11237,11238,11238,1
2019-10-22 18:56:43.851,11237,11238,11237,3
2019-10-22 18:57:02.323,11238,11239,11239,10
2019-10-22 18:57:02.512,11238,11239,11239,5
2019-10-22 18:57:16.051,11238,11239,11239,1
2019-10-22 18:57:28.477,11238,11239,11238,1
2019-10-22 18:58:22.503,11238,11239,11239,1
2019-10-22 18:58:33.034,11238,11239,11239,1
2019-10-22 18:58:53.444,11238,11239,11239,1
2019-10-22 18:58:57.113,11238,11239,11239,2
2019-10-22 18:59:22.309,11238,11239,11239,1
2019-10-22 18:59:38.342,11238,11239,11239,1
2019-10-22 18:59:42.748,11238,11239,11238,1
2019-10-22 19:00:18.004,11238,11239,11239,2
2019-10-22 19:00:18.924,11238,11239,11239,1
2019-10-22 19:00:24.404,11238,11239,11239,5
2019-10-22 19:00:30.799,11238,11239,11239,1
2019-10-22 19:00:37.089,11238,11239,11239,1
2019-10-22 19:00:37.325,11238,11239,11239,1
2019-10-22 19:00:42.132,11238,11239,11238,4
2019-10-22 19:00:51.094,11238,11239,11239,1
2019-10-22 19:00:58.894,11238,11239,11239,2
2019-10-22 19:00:59.112,11238,11239,11239,6
2019-10-22 19:00:59.135,11238,11239,11239,8
2019-10-22 19:00:59.135,11238,11239,11239,2
2019-10-22 19:00:59.136,11238,11239,11239,1
2019-10-22 19:00:59.477,11239,11240,11239,2
2019-10-22 19:01:07.154,11239,11240,11239,2
2019-10-22 19:01:11.100,11239,11240,11239,1
2019-10-22 19:01:14.829,11239,11240,11239,2
2019-10-22 19:01:44.102,11239,11240,11240,3
2019-10-22 19:01:44.130,11239,11240,11240,1
2019-10-22 19:01:44.135,11239,11240,11240,19
2019-10-22 19:01:44.474,11240,11241,11240,3
2019-10-22 19:01:44.669,11240,11241,11241,1
2019-10-22 19:01:58.467,11240,11241,11241,1
2019-10-22 19:02:08.456,11240,11241,11240,2
2019-10-22 19:02:10.199,11239,11240,11240,1
2019-10-22 19:02:17.774,11239,11240,11240,5
2019-10-22 19:02:24.958,11239,11240,11240,1
2019-10-22 19:02:45.809,11239,11240,11239,13
2019-10-22 19:02:45.933,11238,11240,11239,1
2019-10-22 19:02:54.500,11238,11239,11238,18
2019-10-22 19:02:57.683,11237,11238,11237,1
2019-10-22 19:02:57.980,11237,11238,11237,26
2019-10-22 19:02:59.984,11237,11238,11237,1
2019-10-22 19:03:10.085,11237,11238,11238,1
2019-10-22 19:03:44.669,11238,11239,11238,2
2019-10-22 19:04:05.166,11238,11239,11238,2
2019-10-22 19:04:09.439,11238,11239,11238,7
2019-10-22 19:04:09.510,11238,11239,11238,5
2019-10-22 19:04:22.703,11237,11238,11238,2
2019-10-22 19:04:27.137,11237,11238,11238,1
2019-10-22 19:04:41.858,11237,11238,11237,2
2019-10-22 19:04:41.885,11237,11238,11237,6
2019-10-22 19:04:56.229,11237,11238,11238,1
2019-10-22 19:05:05.988,11237,11238,11237,1
2019-10-22 19:05:10.755,11236,11237,11237,1
2019-10-22 19:05:12.601,11236,11237,11237,2
2019-10-22 19:05:30.445,11236,11237,11237,1
2019-10-22 19:06:22.298,11236,11237,11237,1
2019-10-22 19:06:45.598,11236,11237,11237,1
2019-10-22 19:07:00.168,11237,11238,11237,1
2019-10-22 19:08:23.762,11237,11238,11238,1
2019-10-22 19:08:41.433,11237,11238,11238,1
2019-10-22 19:08:59.815,11237,11238,11238,2
2019-10-22 19:09:05.797,11237,11238,11238,1
2019-10-22 19:09:19.398,11238,11239,11238,3
2019-10-22 19:09:20.405,11237,11238,11238,1
2019-10-22 19:10:03.242,11237,11238,11238,1
2019-10-22 19:10:23.303,11237,11238,11238,1
2019-10-22 19:11:02.784,11237,11238,11238,1
2019-10-22 19:11:31.510,11237,11238,11238,2
2019-10-22 19:11:47.208,11237,11239,11237,1
2019-10-22 19:12:02.635,11237,11238,11238,1
2019-10-22 19:12:08.815,11237,11238,11237,1
2019-10-22 19:12:11.838,11237,11238,11238,2
2019-10-22 19:12:41.951,11238,11239,11238,2
2019-10-22 19:12:48.349,11238,11239,11239,1
2019-10-22 19:13:04.125,11238,11239,11238,1
2019-10-22 19:13:31.579,11238,11239,11238,1
2019-10-22 19:13:34.041,11238,11239,11239,1
2019-10-22 19:13:39.158,11238,11239,11239,1
2019-10-22 19:13:41.078,11238,11239,11239,1
2019-10-22 19:13:42.012,11238,11239,11239,1
2019-10-22 19:13:42.840,11238,11239,11239,1
2019-10-22 19:13:45.512,11238,11239,11239,1
2019-10-22 19:13:48.149,11238,11239,11239,1
