2020-08-14 15:00:00.025,12789,12790,12789,42,-42
2020-08-14 15:00:00.026,12789,12790,12790,2,2
2020-08-14 15:00:00.026,12789,12790,12790,23,23
2020-08-14 15:00:00.247,12790,12791,12790,1,-1
2020-08-14 15:00:00.278,12790,12791,12790,1,-1
2020-08-14 15:00:00.305,12790,12791,12790,1,-1
2020-08-14 15:00:00.319,12790,12791,12790,1,-1
2020-08-14 15:00:00.402,12790,12791,12790,1,-1
2020-08-14 15:00:00.407,12790,12791,12790,1,-1
2020-08-14 15:00:00.427,12790,12791,12790,1,-1
2020-08-14 15:00:00.457,12790,12791,12790,1,-1
2020-08-14 15:00:00.464,12790,12791,12790,1,-1
2020-08-14 15:00:00.496,12790,12791,12790,1,-1
2020-08-14 15:00:00.499,12790,12791,12790,1,-1
2020-08-14 15:00:00.501,12790,12791,12790,2,-2
2020-08-14 15:00:00.503,12790,12791,12789,1,-1
2020-08-14 15:00:00.518,12789,12791,12789,1,-1
2020-08-14 15:00:00.534,12789,12791,12789,1,-1
2020-08-14 15:00:00.639,12789,12790,12790,1,1
2020-08-14 15:00:00.641,12789,12790,12791,1,1
2020-08-14 15:00:00.643,12789,12790,12789,1,-1
2020-08-14 15:00:00.663,12789,12790,12791,1,1
2020-08-14 15:00:00.679,12789,12790,12791,1,1
2020-08-14 15:00:00.705,12789,12790,12789,1,-1
2020-08-14 15:00:00.720,12789,12790,12791,1,1
2020-08-14 15:00:00.774,12789,12791,12791,1,1
2020-08-14 15:00:00.791,12789,12791,12791,1,1
2020-08-14 15:00:00.814,12789,12791,12791,5,5
2020-08-14 15:00:00.814,12789,12791,12791,5,5
2020-08-14 15:00:00.831,12789,12791,12791,3,3
2020-08-14 15:00:00.835,12789,12791,12791,5,5
2020-08-14 15:00:00.835,12789,12791,12791,7,7
2020-08-14 15:00:00.836,12789,12791,12790,1,-1
2020-08-14 15:00:00.844,12789,12791,12792,5,5
2020-08-14 15:00:00.845,12789,12791,12793,5,5
2020-08-14 15:00:00.867,12789,12791,12793,5,5
2020-08-14 15:00:00.869,12789,12791,12793,5,5
2020-08-14 15:00:00.874,12789,12791,12793,7,7
2020-08-14 15:00:00.875,12789,12791,12793,1,1
2020-08-14 15:00:00.879,12789,12791,12794,3,3
2020-08-14 15:00:00.884,12789,12791,12795,5,5
2020-08-14 15:00:00.890,12794,12796,12796,5,5
2020-08-14 15:00:00.926,12794,12796,12796,1,1
2020-08-14 15:00:01.052,12794,12796,12796,1,1
2020-08-14 15:00:01.069,12794,12796,12794,1,-1
2020-08-14 15:00:01.087,12794,12796,12796,2,2
2020-08-14 15:00:01.093,12794,12796,12796,1,1
2020-08-14 15:00:01.093,12794,12796,12797,4,4
2020-08-14 15:00:01.118,12794,12796,12797,1,1
2020-08-14 15:00:01.192,12796,12797,12797,2,2
2020-08-14 15:00:01.227,12796,12797,12797,1,1
2020-08-14 15:00:01.228,12796,12797,12797,2,2
2020-08-14 15:00:01.231,12796,12797,12798,1,1
2020-08-14 15:00:01.245,12796,12797,12798,1,1
2020-08-14 15:00:01.252,12796,12797,12796,1,-1
2020-08-14 15:00:01.266,12796,12798,12798,1,1
2020-08-14 15:00:01.270,12796,12798,12798,1,1
2020-08-14 15:00:01.291,12796,12798,12798,1,1
2020-08-14 15:00:01.310,12796,12798,12798,1,1
2020-08-14 15:00:01.339,12796,12798,12796,1,-1
2020-08-14 15:00:01.457,12796,12798,12798,1,1
2020-08-14 15:00:01.503,12796,12798,12798,2,2
2020-08-14 15:00:01.504,12796,12798,12798,1,1
2020-08-14 15:00:01.504,12796,12798,12798,2,2
2020-08-14 15:00:01.510,12796,12798,12799,1,1
2020-08-14 15:00:01.513,12797,12799,12799,1,1
2020-08-14 15:00:01.594,12797,12799,12799,1,1
2020-08-14 15:00:01.594,12797,12799,12799,1,1
2020-08-14 15:00:01.651,12799,12800,12799,1,-1
2020-08-14 15:00:01.770,12799,12800,12799,3,-3
2020-08-14 15:00:01.844,12799,12800,12798,1,-1
2020-08-14 15:00:01.851,12799,12800,12797,5,-5
2020-08-14 15:00:01.855,12799,12800,12796,1,-1
2020-08-14 15:00:01.873,12799,12800,12795,6,-6
2020-08-14 15:00:01.881,12799,12800,12794,1,-1
2020-08-14 15:00:01.949,12792,12794,12793,1,-1
2020-08-14 15:00:02.014,12792,12793,12793,1,1
2020-08-14 15:00:02.060,12792,12793,12793,1,1
2020-08-14 15:00:02.092,12792,12793,12793,4,4
2020-08-14 15:00:02.092,12792,12793,12794,2,2
2020-08-14 15:00:02.137,12793,12794,12794,1,1
2020-08-14 15:00:02.232,12793,12794,12793,1,-1
2020-08-14 15:00:02.525,12793,12794,12794,1,1
2020-08-14 15:00:02.712,12793,12795,12793,1,-1
2020-08-14 15:00:02.886,12793,12794,12794,1,1
2020-08-14 15:00:02.887,12793,12794,12794,1,1
2020-08-14 15:00:03.639,12793,12794,12794,1,1
2020-08-14 15:00:03.639,12793,12794,12795,1,1
2020-08-14 15:00:03.761,12795,12796,12796,1,1
2020-08-14 15:00:03.765,12795,12796,12796,4,4
2020-08-14 15:00:04.343,12795,12797,12795,1,-1
2020-08-14 15:00:04.728,12795,12796,12795,35,-35
2020-08-14 15:00:05.059,12794,12795,12794,1,-1
2020-08-14 15:00:05.352,12793,12795,12793,5,-5
2020-08-14 15:00:05.375,12793,12795,12792,1,-1
2020-08-14 15:00:05.974,12792,12793,12792,1,-1
2020-08-14 15:00:06.916,12792,12794,12794,1,1
2020-08-14 15:00:07.069,12792,12794,12794,1,1
2020-08-14 15:00:07.074,12792,12794,12792,1,-1
2020-08-14 15:00:07.080,12792,12794,12792,6,-6
2020-08-14 15:00:07.434,12791,12792,12791,7,-7
2020-08-14 15:00:07.972,12790,12792,12792,1,1
2020-08-14 15:00:08.001,12790,12792,12790,2,-2
2020-08-14 15:00:08.109,12790,12791,12790,1,-1
2020-08-14 15:00:08.496,12790,12792,12792,1,1
2020-08-14 15:00:09.921,12791,12792,12791,6,-6
2020-08-14 15:00:09.921,12791,12792,12791,1,-1
2020-08-14 15:00:09.922,12791,12792,12791,3,-3
2020-08-14 15:00:12.095,12790,12791,12791,4,4
2020-08-14 15:00:12.937,12790,12791,12791,2,2
2020-08-14 15:00:12.937,12790,12791,12791,1,1
2020-08-14 15:00:13.685,12790,12792,12792,1,1
2020-08-14 15:00:13.820,12791,12792,12791,1,-1
2020-08-14 15:00:15.965,12790,12791,12790,2,-2
2020-08-14 15:00:16.082,12790,12791,12791,1,1
2020-08-14 15:00:16.133,12790,12791,12790,2,-2
2020-08-14 15:00:16.207,12790,12791,12790,2,-2
2020-08-14 15:00:16.208,12790,12791,12790,9,-9
2020-08-14 15:00:16.255,12790,12791,12790,4,-4
2020-08-14 15:00:16.255,12790,12791,12791,1,1
2020-08-14 15:00:16.361,12790,12791,12791,1,1
2020-08-14 15:00:16.363,12790,12791,12791,1,1
2020-08-14 15:00:16.418,12790,12791,12790,2,-2
2020-08-14 15:00:16.422,12790,12791,12790,2,-2
2020-08-14 15:00:16.518,12790,12791,12790,1,-1
2020-08-14 15:00:16.518,12790,12791,12789,1,-1
2020-08-14 15:00:16.674,12789,12791,12789,1,-1
2020-08-14 15:00:16.953,12789,12791,12790,1,1
2020-08-14 15:00:17.393,12789,12790,12790,1,1
2020-08-14 15:00:17.873,12789,12790,12790,1,1
2020-08-14 15:00:18.118,12789,12791,12789,1,-1
2020-08-14 15:00:19.893,12789,12790,12790,1,1
2020-08-14 15:00:20.059,12789,12790,12790,1,1
2020-08-14 15:00:21.677,12789,12790,12789,7,-7
2020-08-14 15:00:21.678,12789,12790,12789,7,-7
2020-08-14 15:00:21.822,12788,12789,12788,3,-3
2020-08-14 15:00:21.823,12788,12789,12788,15,-15
2020-08-14 15:00:21.902,12787,12789,12789,1,1
2020-08-14 15:00:21.918,12787,12789,12789,1,1
2020-08-14 15:00:22.696,12787,12789,12789,1,1
2020-08-14 15:00:23.379,12787,12789,12787,1,-1
2020-08-14 15:00:23.533,12787,12788,12788,1,1
2020-08-14 15:00:23.644,12788,12789,12788,1,-1
2020-08-14 15:00:23.924,12787,12788,12787,1,-1
2020-08-14 15:00:25.936,12787,12788,12787,1,-1
2020-08-14 15:00:26.515,12787,12788,12787,1,-1
2020-08-14 15:00:26.610,12787,12788,12787,1,-1
2020-08-14 15:00:26.652,12787,12788,12788,1,1
2020-08-14 15:00:27.512,12787,12789,12787,1,-1
2020-08-14 15:00:29.485,12788,12789,12788,1,1
2020-08-14 15:00:29.992,12788,12789,12788,1,-1
2020-08-14 15:00:30.272,12788,12789,12788,1,-1
2020-08-14 15:00:30.458,12788,12789,12789,1,1
2020-08-14 15:00:30.813,12789,12790,12789,1,-1
2020-08-14 15:00:32.368,12789,12790,12790,7,7
2020-08-14 15:00:34.210,12790,12791,12791,1,1
2020-08-14 15:00:37.157,12790,12791,12790,1,-1
2020-08-14 15:00:37.379,12789,12790,12790,1,1
2020-08-14 15:00:39.552,12789,12790,12790,9,9
2020-08-14 15:00:39.552,12789,12790,12791,8,8
2020-08-14 15:00:39.553,12789,12790,12791,3,3
2020-08-14 15:00:40.865,12789,12790,12789,1,-1
2020-08-14 15:00:41.369,12788,12790,12790,1,1
2020-08-14 15:00:41.531,12788,12790,12790,1,1
2020-08-14 15:00:46.416,12789,12790,12790,1,1
2020-08-14 15:00:48.672,12789,12791,12791,1,1
2020-08-14 15:00:52.408,12789,12790,12790,1,1
2020-08-14 15:00:56.270,12789,12790,12789,6,-6
2020-08-14 15:00:57.386,12788,12789,12788,7,-7
2020-08-14 15:00:58.381,12787,12788,12787,3,-3
2020-08-14 15:00:58.386,12787,12788,12787,7,-7
2020-08-14 15:00:58.595,12786,12788,12786,1,-1
2020-08-14 15:00:58.596,12786,12788,12787,1,1
2020-08-14 15:00:58.636,12786,12787,12786,6,-6
2020-08-14 15:00:59.402,12786,12788,12788,1,1
2020-08-14 15:00:59.445,12786,12788,12788,1,1
2020-08-14 15:00:59.465,12786,12788,12789,1,1
2020-08-14 15:00:59.479,12786,12788,12789,1,1
2020-08-14 15:00:59.481,12786,12788,12789,1,1
2020-08-14 15:00:59.487,12786,12788,12789,1,1
2020-08-14 15:00:59.531,12787,12789,12789,1,1
2020-08-14 15:00:59.983,12787,12789,12789,2,2
2020-08-14 15:00:59.987,12787,12789,12789,1,1
2020-08-14 15:01:00.011,12787,12789,12789,3,3
2020-08-14 15:01:00.011,12787,12789,12790,4,4
2020-08-14 15:01:00.030,12787,12789,12790,3,3
2020-08-14 15:01:00.143,12789,12790,12790,7,7
2020-08-14 15:01:00.148,12789,12790,12790,1,1
2020-08-14 15:01:00.208,12789,12790,12790,1,1
2020-08-14 15:01:00.220,12789,12790,12790,1,1
2020-08-14 15:01:00.220,12789,12790,12791,6,6
2020-08-14 15:01:00.298,12789,12791,12789,2,-2
2020-08-14 15:01:00.581,12789,12790,12790,1,1
2020-08-14 15:01:01.136,12789,12790,12789,1,-1
2020-08-14 15:01:01.938,12787,12789,12789,2,2
2020-08-14 15:01:02.761,12787,12788,12787,1,-1
2020-08-14 15:01:02.886,12787,12788,12787,1,-1
2020-08-14 15:01:03.930,12786,12788,12788,1,1
2020-08-14 15:01:05.386,12786,12787,12786,5,-5
2020-08-14 15:01:05.511,12785,12787,12785,11,-11
2020-08-14 15:01:05.660,12784,12786,12784,2,-2
2020-08-14 15:01:05.767,12784,12786,12786,1,1
2020-08-14 15:01:06.385,12784,12786,12784,1,-1
2020-08-14 15:01:07.011,12784,12785,12784,1,-1
2020-08-14 15:01:07.237,12783,12785,12783,1,-1
2020-08-14 15:01:07.353,12783,12785,12783,2,-2
2020-08-14 15:01:07.444,12783,12785,12785,2,2
2020-08-14 15:01:08.921,12783,12785,12783,1,-1
2020-08-14 15:01:09.764,12783,12785,12785,5,5
2020-08-14 15:01:09.764,12783,12785,12785,1,1
2020-08-14 15:01:10.242,12784,12785,12784,1,-1
2020-08-14 15:01:10.301,12784,12785,12785,1,1
2020-08-14 15:01:11.119,12784,12786,12786,4,4
2020-08-14 15:01:12.854,12785,12787,12785,1,-1
2020-08-14 15:01:15.840,12786,12787,12786,1,1
2020-08-14 15:01:16.095,12785,12787,12787,4,4
2020-08-14 15:01:16.254,12786,12788,12786,1,-1
2020-08-14 15:01:17.060,12785,12786,12786,1,1
2020-08-14 15:01:17.774,12785,12786,12785,1,-1
2020-08-14 15:01:18.666,12785,12786,12786,1,1
2020-08-14 15:01:22.070,12785,12786,12785,1,-1
2020-08-14 15:01:22.778,12785,12786,12786,1,1
2020-08-14 15:01:23.000,12785,12786,12786,2,2
2020-08-14 15:01:23.621,12785,12786,12785,5,-5
2020-08-14 15:01:24.364,12785,12786,12786,1,1
2020-08-14 15:01:25.237,12785,12786,12786,1,1
2020-08-14 15:01:25.237,12785,12786,12786,1,1
2020-08-14 15:01:28.799,12786,12787,12786,1,-1
2020-08-14 15:01:30.168,12785,12787,12786,1,-1
2020-08-14 15:01:31.082,12786,12787,12786,1,-1
2020-08-14 15:01:31.864,12785,12787,12786,1,-1
2020-08-14 15:01:36.360,12785,12786,12785,1,-1
2020-08-14 15:01:36.784,12785,12786,12785,1,-1
2020-08-14 15:01:40.205,12785,12786,12785,4,-4
2020-08-14 15:01:41.223,12784,12785,12785,2,2
2020-08-14 15:01:41.734,12784,12785,12785,1,1
2020-08-14 15:01:41.810,12784,12785,12785,4,4
2020-08-14 15:01:41.810,12784,12785,12785,1,1
2020-08-14 15:01:42.242,12784,12786,12785,1,-1
2020-08-14 15:01:43.412,12784,12786,12784,3,-3
2020-08-14 15:01:44.579,12784,12785,12784,7,-7
2020-08-14 15:01:44.581,12784,12785,12784,5,-5
2020-08-14 15:01:44.643,12783,12785,12785,1,1
2020-08-14 15:01:45.722,12783,12785,12785,1,1
2020-08-14 15:01:46.002,12784,12785,12785,2,2
2020-08-14 15:01:46.429,12784,12785,12785,1,1
2020-08-14 15:01:53.290,12784,12785,12784,2,-2
2020-08-14 15:01:54.791,12783,12784,12784,1,1
2020-08-14 15:01:55.289,12783,12785,12783,5,-5
2020-08-14 15:01:56.567,12782,12784,12782,10,-10
2020-08-14 15:01:56.970,12782,12784,12784,2,2
2020-08-14 15:01:58.632,12783,12785,12785,3,3
2020-08-14 15:01:59.886,12784,12785,12785,2,2
2020-08-14 15:02:02.702,12784,12785,12784,1,-1
2020-08-14 15:02:02.702,12784,12785,12784,2,-2
2020-08-14 15:02:02.702,12784,12785,12784,1,-1
2020-08-14 15:02:03.188,12783,12784,12783,1,-1
2020-08-14 15:02:03.362,12783,12784,12782,1,-1
2020-08-14 15:02:04.994,12783,12785,12783,1,1
2020-08-14 15:02:06.857,12782,12784,12782,1,-1
2020-08-14 15:02:10.386,12783,12784,12784,1,1
2020-08-14 15:02:15.079,12783,12784,12784,1,1
2020-08-14 15:02:21.647,12783,12785,12783,1,-1
2020-08-14 15:02:24.324,12783,12784,12783,1,-1
2020-08-14 15:02:25.593,12782,12783,12782,2,-2
2020-08-14 15:02:25.643,12782,12783,12782,2,-2
2020-08-14 15:02:25.745,12782,12783,12782,1,-1
2020-08-14 15:02:26.557,12781,12783,12783,5,5
2020-08-14 15:02:27.126,12782,12784,12784,5,5
2020-08-14 15:02:27.440,12782,12784,12785,5,5
2020-08-14 15:02:28.027,12783,12785,12785,3,3
2020-08-14 15:02:28.376,12783,12785,12783,1,-1
2020-08-14 15:02:32.298,12783,12784,12784,1,1
2020-08-14 15:02:37.331,12783,12784,12783,1,-1
2020-08-14 15:02:45.825,12783,12784,12783,1,-1
2020-08-14 15:02:46.245,12783,12784,12783,3,-3
2020-08-14 15:02:46.551,12782,12784,12784,1,1
2020-08-14 15:02:52.022,12783,12784,12784,1,1
2020-08-14 15:02:59.592,12783,12784,12784,3,3
2020-08-14 15:03:00.087,12783,12785,12785,1,1
2020-08-14 15:03:03.153,12783,12784,12784,9,9
2020-08-14 15:03:04.727,12784,12785,12784,1,-1
2020-08-14 15:03:04.970,12784,12785,12784,3,-3
2020-08-14 15:03:04.988,12784,12785,12783,3,-3
2020-08-14 15:03:06.358,12783,12785,12783,1,-1
2020-08-14 15:03:06.653,12784,12785,12784,1,1
2020-08-14 15:03:08.755,12784,12785,12784,4,-4
2020-08-14 15:03:08.755,12784,12785,12783,6,-6
2020-08-14 15:03:12.038,12784,12785,12784,1,1
2020-08-14 15:03:12.539,12784,12785,12785,1,1
2020-08-14 15:03:19.635,12783,12785,12783,5,-5
2020-08-14 15:03:23.887,12784,12785,12784,2,2
2020-08-14 15:03:26.358,12784,12785,12785,6,6
2020-08-14 15:03:26.359,12784,12785,12785,12,12
2020-08-14 15:03:28.906,12784,12785,12784,2,-2
2020-08-14 15:03:32.143,12784,12785,12784,1,-1
2020-08-14 15:03:32.843,12784,12785,12784,2,-2
2020-08-14 15:03:32.843,12784,12785,12783,3,-3
2020-08-14 15:03:34.663,12783,12784,12783,3,-3
2020-08-14 15:03:35.492,12783,12784,12784,1,1
2020-08-14 15:03:35.504,12783,12784,12783,1,-1
2020-08-14 15:03:36.871,12783,12784,12784,5,5
2020-08-14 15:03:38.421,12783,12784,12783,1,-1
2020-08-14 15:03:38.865,12782,12783,12783,5,5
2020-08-14 15:03:40.474,12783,12784,12783,1,-1
2020-08-14 15:03:42.469,12782,12784,12784,1,1
2020-08-14 15:03:46.319,12782,12783,12782,1,-1
2020-08-14 15:03:46.444,12782,12783,12783,1,1
2020-08-14 15:03:56.749,12782,12783,12783,3,3
2020-08-14 15:03:59.036,12782,12783,12782,1,-1
2020-08-14 15:03:59.119,12782,12783,12783,1,1
2020-08-14 15:04:03.984,12782,12784,12782,1,-1
2020-08-14 15:04:06.282,12782,12784,12784,1,1
2020-08-14 15:04:06.640,12782,12784,12782,14,-14
2020-08-14 15:04:08.769,12782,12783,12782,1,-1
2020-08-14 15:04:11.781,12782,12783,12782,1,-1
2020-08-14 15:04:11.781,12782,12783,12782,2,-2
2020-08-14 15:04:11.781,12782,12783,12782,2,-2
2020-08-14 15:04:11.781,12782,12783,12782,7,-7
2020-08-14 15:04:15.196,12781,12783,12783,2,2
2020-08-14 15:04:16.102,12782,12783,12782,1,-1
2020-08-14 15:04:17.515,12781,12782,12781,1,-1
2020-08-14 15:04:19.404,12781,12782,12782,1,1
2020-08-14 15:04:19.748,12781,12782,12781,1,-1
2020-08-14 15:04:20.838,12781,12782,12782,1,1
2020-08-14 15:04:24.328,12781,12782,12781,5,-5
2020-08-14 15:04:24.328,12781,12782,12781,26,-26
2020-08-14 15:04:24.329,12781,12782,12781,1,-1
2020-08-14 15:04:24.329,12781,12782,12781,1,-1
2020-08-14 15:04:24.329,12781,12782,12781,2,-2
2020-08-14 15:04:24.329,12781,12782,12781,1,-1
2020-08-14 15:04:24.329,12781,12782,12781,2,-2
2020-08-14 15:04:24.439,12780,12781,12781,10,10
2020-08-14 15:04:26.937,12780,12782,12780,12,-12
2020-08-14 15:04:27.319,12780,12781,12780,2,-2
2020-08-14 15:04:32.712,12779,12780,12780,1,1
2020-08-14 15:04:33.097,12779,12780,12779,2,-2
2020-08-14 15:04:33.724,12779,12780,12780,1,1
2020-08-14 15:04:37.399,12779,12780,12780,1,1
2020-08-14 15:04:42.574,12779,12780,12779,1,-1
2020-08-14 15:04:42.828,12779,12780,12779,6,-6
2020-08-14 15:04:45.651,12779,12780,12779,1,-1
2020-08-14 15:04:47.428,12779,12780,12779,1,-1
2020-08-14 15:04:49.078,12779,12780,12779,1,-1
2020-08-14 15:04:51.790,12779,12780,12780,1,1
2020-08-14 15:04:51.882,12779,12780,12779,1,-1
2020-08-14 15:04:51.885,12779,12780,12779,4,-4
2020-08-14 15:04:54.583,12778,12779,12778,1,-1
2020-08-14 15:04:55.137,12778,12779,12779,1,1
2020-08-14 15:04:55.410,12778,12779,12779,1,1
2020-08-14 15:04:57.593,12778,12779,12779,1,1
2020-08-14 15:04:57.664,12778,12780,12778,1,-1
2020-08-14 15:04:58.643,12778,12779,12779,1,1
2020-08-14 15:04:59.694,12778,12779,12779,1,1
2020-08-14 15:05:01.307,12778,12779,12778,4,-4
2020-08-14 15:05:01.469,12778,12779,12778,4,-4
2020-08-14 15:05:01.517,12777,12778,12777,1,-1
2020-08-14 15:05:01.548,12777,12778,12777,1,-1
2020-08-14 15:05:01.548,12777,12778,12777,1,-1
2020-08-14 15:05:01.548,12777,12778,12777,2,-2
2020-08-14 15:05:01.552,12777,12778,12777,1,-1
2020-08-14 15:05:01.552,12777,12778,12776,1,-1
2020-08-14 15:05:01.673,12776,12778,12776,1,-1
2020-08-14 15:05:02.438,12776,12777,12776,2,-2
2020-08-14 15:05:02.441,12776,12777,12777,1,1
2020-08-14 15:05:03.565,12776,12777,12777,3,3
2020-08-14 15:05:04.170,12776,12778,12778,1,1
2020-08-14 15:05:04.575,12776,12778,12776,1,-1
2020-08-14 15:05:05.274,12776,12777,12777,5,5
2020-08-14 15:05:05.274,12776,12777,12778,5,5
2020-08-14 15:05:07.300,12777,12778,12777,1,-1
2020-08-14 15:05:07.599,12777,12778,12778,1,1
2020-08-14 15:05:07.855,12777,12778,12777,1,-1
2020-08-14 15:05:07.872,12777,12778,12777,1,-1
2020-08-14 15:05:08.398,12777,12778,12777,1,-1
2020-08-14 15:05:08.868,12777,12778,12777,3,-3
2020-08-14 15:05:08.902,12776,12777,12776,1,-1
2020-08-14 15:05:09.309,12776,12777,12776,4,-4
2020-08-14 15:05:09.516,12776,12777,12776,1,-1
2020-08-14 15:05:10.149,12776,12777,12776,1,-1
2020-08-14 15:05:11.108,12776,12777,12776,2,-2
2020-08-14 15:05:11.108,12776,12777,12775,2,-2
2020-08-14 15:05:11.184,12775,12777,12775,2,-2
2020-08-14 15:05:12.858,12775,12776,12775,4,-4
2020-08-14 15:05:13.021,12775,12776,12775,2,-2
2020-08-14 15:05:14.158,12774,12776,12776,1,1
2020-08-14 15:05:15.748,12774,12775,12775,1,1
2020-08-14 15:05:15.786,12774,12775,12774,5,-5
2020-08-14 15:05:16.152,12773,12775,12775,2,2
2020-08-14 15:05:17.377,12775,12776,12775,4,-4
2020-08-14 15:05:17.562,12774,12776,12776,5,5
2020-08-14 15:05:19.761,12775,12776,12776,1,1
2020-08-14 15:05:19.886,12775,12776,12776,4,4
2020-08-14 15:05:20.784,12776,12777,12776,1,-1
2020-08-14 15:05:21.716,12776,12777,12776,1,-1
2020-08-14 15:05:21.942,12776,12777,12777,2,2
2020-08-14 15:05:22.647,12776,12778,12777,1,-1
2020-08-14 15:05:26.518,12776,12778,12777,1,-1
2020-08-14 15:05:27.280,12776,12777,12777,1,1
2020-08-14 15:05:27.495,12776,12777,12777,3,3
2020-08-14 15:05:30.795,12776,12777,12777,4,4
2020-08-14 15:05:32.616,12777,12778,12778,13,13
2020-08-14 15:05:34.596,12778,12779,12778,4,-4
2020-08-14 15:05:36.436,12778,12779,12779,6,6
2020-08-14 15:05:37.617,12778,12779,12779,8,8
2020-08-14 15:05:37.643,12779,12780,12779,1,-1
2020-08-14 15:05:39.646,12779,12780,12779,1,-1
2020-08-14 15:05:40.576,12779,12780,12780,2,2
2020-08-14 15:05:40.577,12779,12780,12780,4,4
2020-08-14 15:05:44.787,12780,12781,12780,2,-2
2020-08-14 15:05:46.133,12779,12780,12780,2,2
2020-08-14 15:05:47.745,12779,12780,12780,1,1
2020-08-14 15:05:47.757,12779,12780,12779,1,-1
2020-08-14 15:05:50.366,12779,12780,12779,1,-1
2020-08-14 15:05:51.052,12779,12780,12779,1,-1
2020-08-14 15:05:54.293,12779,12780,12779,1,-1
2020-08-14 15:05:55.023,12778,12780,12778,1,-1
2020-08-14 15:05:55.539,12778,12780,12778,5,-5
2020-08-14 15:05:58.147,12778,12779,12779,1,1
2020-08-14 15:05:59.980,12778,12779,12778,1,-1
2020-08-14 15:06:02.367,12778,12779,12778,1,-1
2020-08-14 15:06:05.238,12777,12778,12777,1,-1
2020-08-14 15:06:05.901,12776,12778,12778,1,1
2020-08-14 15:06:07.560,12776,12777,12777,1,1
2020-08-14 15:06:13.005,12776,12777,12777,1,1
2020-08-14 15:06:14.388,12777,12778,12777,1,-1
2020-08-14 15:06:15.347,12777,12778,12777,1,-1
2020-08-14 15:06:15.347,12777,12778,12776,1,-1
2020-08-14 15:06:16.699,12776,12778,12776,14,-14
2020-08-14 15:06:16.699,12776,12778,12775,1,-1
2020-08-14 15:06:18.916,12775,12776,12776,1,1
2020-08-14 15:06:19.800,12775,12777,12775,10,-10
2020-08-14 15:06:20.371,12775,12777,12775,1,-1
2020-08-14 15:06:20.493,12775,12777,12775,6,-6
2020-08-14 15:06:23.022,12775,12776,12776,1,1
2020-08-14 15:06:26.111,12776,12777,12775,1,-1
2020-08-14 15:06:27.236,12775,12776,12775,1,-1
2020-08-14 15:06:29.593,12775,12776,12775,2,-2
2020-08-14 15:06:32.062,12775,12776,12775,1,-1
2020-08-14 15:06:33.463,12775,12776,12775,1,-1
2020-08-14 15:06:35.454,12775,12776,12775,1,-1
2020-08-14 15:06:36.345,12775,12776,12776,12,12
2020-08-14 15:06:39.391,12776,12777,12776,1,-1
2020-08-14 15:06:41.821,12775,12776,12776,1,1
2020-08-14 15:06:43.453,12775,12776,12775,1,-1
2020-08-14 15:06:46.588,12775,12776,12776,6,6
2020-08-14 15:06:48.268,12775,12776,12776,1,1
2020-08-14 15:06:49.874,12775,12777,12777,1,1
2020-08-14 15:06:50.511,12775,12777,12775,2,-2
2020-08-14 15:06:50.516,12775,12776,12775,5,-5
2020-08-14 15:06:53.609,12775,12776,12776,1,1
2020-08-14 15:06:53.804,12775,12776,12776,1,1
2020-08-14 15:06:55.323,12775,12777,12775,7,-7
2020-08-14 15:06:58.243,12776,12777,12776,1,1
2020-08-14 15:07:02.589,12775,12776,12775,1,-1
2020-08-14 15:07:03.730,12775,12776,12776,1,1
2020-08-14 15:07:03.785,12775,12776,12775,1,-1
2020-08-14 15:07:03.787,12775,12776,12775,1,-1
2020-08-14 15:07:03.798,12775,12776,12775,1,-1
2020-08-14 15:07:04.755,12775,12776,12775,1,-1
2020-08-14 15:07:04.862,12774,12776,12776,1,1
2020-08-14 15:07:06.490,12775,12776,12776,1,1
2020-08-14 15:07:06.617,12775,12776,12776,1,1
2020-08-14 15:07:09.902,12775,12777,12775,10,-10
2020-08-14 15:07:11.164,12775,12777,12775,1,-1
2020-08-14 15:07:11.590,12775,12777,12775,3,-3
2020-08-14 15:07:13.535,12776,12777,12776,1,1
2020-08-14 15:07:14.210,12775,12776,12776,2,2
2020-08-14 15:07:14.239,12775,12776,12776,1,1
2020-08-14 15:07:14.329,12775,12777,12775,1,-1
2020-08-14 15:07:14.512,12775,12777,12775,2,-2
2020-08-14 15:07:15.198,12775,12777,12775,1,-1
2020-08-14 15:07:18.168,12775,12776,12776,1,1
2020-08-14 15:07:18.355,12775,12776,12775,1,-1
2020-08-14 15:07:21.047,12775,12776,12776,4,4
2020-08-14 15:07:21.856,12776,12777,12776,1,-1
2020-08-14 15:07:23.843,12776,12777,12776,1,-1
2020-08-14 15:07:24.318,12776,12777,12776,10,-10
2020-08-14 15:07:24.318,12776,12777,12775,4,-4
2020-08-14 15:07:25.623,12775,12776,12776,1,1
2020-08-14 15:07:27.327,12776,12777,12777,9,9
2020-08-14 15:07:29.689,12777,12778,12778,2,2
2020-08-14 15:07:29.689,12777,12778,12778,2,2
2020-08-14 15:07:33.653,12777,12779,12779,1,1
2020-08-14 15:07:34.861,12777,12779,12779,1,1
2020-08-14 15:07:37.505,12778,12779,12778,1,-1
2020-08-14 15:07:37.505,12778,12779,12777,1,-1
2020-08-14 15:07:40.172,12778,12779,12778,1,1
2020-08-14 15:07:46.666,12777,12778,12778,1,1
2020-08-14 15:07:46.685,12777,12778,12778,1,1
2020-08-14 15:07:48.104,12778,12779,12778,1,-1
2020-08-14 15:07:50.784,12778,12779,12779,3,3
2020-08-14 15:07:50.784,12778,12779,12779,1,1
2020-08-14 15:07:59.299,12779,12780,12779,1,-1
2020-08-14 15:08:02.175,12779,12780,12779,4,-4
2020-08-14 15:08:03.134,12779,12780,12779,1,-1
2020-08-14 15:08:03.532,12779,12780,12779,2,-2
2020-08-14 15:08:06.236,12778,12779,12778,4,-4
2020-08-14 15:08:06.495,12777,12778,12777,1,-1
2020-08-14 15:08:11.971,12776,12777,12777,1,1
2020-08-14 15:08:12.971,12776,12777,12776,3,-3
2020-08-14 15:08:12.971,12776,12777,12776,1,-1
2020-08-14 15:08:12.971,12776,12777,12776,3,-3
2020-08-14 15:08:17.845,12775,12776,12776,1,1
2020-08-14 15:08:20.005,12775,12776,12776,1,1
2020-08-14 15:08:29.754,12775,12776,12776,1,1
2020-08-14 15:08:30.805,12775,12776,12775,1,-1
2020-08-14 15:08:30.941,12775,12776,12776,1,1
2020-08-14 15:08:32.115,12775,12776,12775,1,-1
2020-08-14 15:08:33.438,12775,12776,12775,1,-1
2020-08-14 15:08:33.697,12775,12776,12776,1,1
2020-08-14 15:08:34.004,12775,12776,12776,1,1
2020-08-14 15:08:35.128,12775,12776,12776,7,7
2020-08-14 15:08:38.533,12776,12777,12777,6,6
2020-08-14 15:08:38.673,12777,12778,12777,1,-1
2020-08-14 15:08:40.174,12777,12778,12777,2,-2
2020-08-14 15:08:40.766,12777,12778,12778,1,1
2020-08-14 15:08:41.375,12777,12778,12778,1,1
2020-08-14 15:08:46.682,12776,12778,12778,1,1
2020-08-14 15:08:52.173,12776,12777,12776,1,-1
2020-08-14 15:08:52.175,12776,12777,12776,4,-4
2020-08-14 15:08:55.359,12776,12777,12777,1,1
2020-08-14 15:09:00.357,12776,12777,12776,1,-1
2020-08-14 15:09:03.541,12776,12777,12776,1,-1
2020-08-14 15:09:06.284,12776,12777,12776,5,-5
2020-08-14 15:09:07.034,12775,12776,12776,1,1
2020-08-14 15:09:08.021,12775,12776,12776,1,1
2020-08-14 15:09:13.379,12775,12776,12776,1,1
2020-08-14 15:09:16.228,12775,12776,12776,1,1
2020-08-14 15:09:19.115,12775,12776,12776,1,1
2020-08-14 15:09:19.836,12775,12776,12775,5,-5
2020-08-14 15:09:21.047,12775,12776,12776,1,1
2020-08-14 15:09:22.471,12775,12776,12776,1,1
2020-08-14 15:09:24.697,12775,12776,12776,1,1
2020-08-14 15:09:26.043,12775,12776,12776,1,1
2020-08-14 15:09:26.412,12775,12776,12775,1,-1
2020-08-14 15:09:33.360,12775,12776,12776,1,1
2020-08-14 15:09:34.519,12775,12776,12775,1,-1
2020-08-14 15:09:34.860,12775,12776,12775,5,-5
2020-08-14 15:09:46.802,12775,12776,12775,1,-1
2020-08-14 15:09:47.085,12775,12776,12776,1,1
2020-08-14 15:09:50.095,12775,12776,12775,1,-1
2020-08-14 15:09:55.125,12775,12776,12775,14,-14
2020-08-14 15:09:55.126,12775,12776,12775,9,-9
2020-08-14 15:09:56.411,12775,12776,12775,1,-1
2020-08-14 15:09:58.511,12775,12776,12776,1,1
2020-08-14 15:10:00.083,12775,12776,12776,9,9
2020-08-14 15:10:00.378,12776,12777,12775,10,-10
2020-08-14 15:10:03.571,12775,12776,12776,7,7
2020-08-14 15:10:04.816,12775,12777,12777,1,1
2020-08-14 15:10:08.573,12776,12777,12777,4,4
2020-08-14 15:10:09.133,12777,12778,12777,1,-1
2020-08-14 15:10:09.417,12777,12778,12777,1,-1
2020-08-14 15:10:09.734,12777,12778,12777,1,-1
2020-08-14 15:10:17.980,12777,12778,12777,1,-1
2020-08-14 15:10:20.959,12777,12778,12778,3,3
2020-08-14 15:10:23.094,12778,12779,12779,1,1
2020-08-14 15:10:23.476,12778,12779,12778,1,-1
2020-08-14 15:10:31.342,12778,12779,12779,1,1
2020-08-14 15:10:35.695,12779,12780,12780,1,1
2020-08-14 15:10:37.962,12779,12780,12780,1,1
2020-08-14 15:10:37.962,12779,12780,12780,2,2
2020-08-14 15:10:39.295,12780,12781,12780,1,-1
2020-08-14 15:10:43.279,12780,12781,12781,2,2
2020-08-14 15:10:43.410,12780,12781,12781,1,1
2020-08-14 15:10:43.464,12780,12781,12781,12,12
2020-08-14 15:10:44.619,12781,12782,12781,4,-4
2020-08-14 15:10:45.795,12780,12782,12781,1,-1
2020-08-14 15:10:47.610,12780,12781,12781,1,1
2020-08-14 15:10:47.632,12780,12781,12780,16,-16
2020-08-14 15:10:48.958,12779,12780,12780,1,1
2020-08-14 15:10:49.905,12779,12780,12780,1,1
2020-08-14 15:10:50.923,12779,12780,12780,3,3
2020-08-14 15:10:51.544,12779,12780,12779,1,-1
2020-08-14 15:10:51.943,12779,12780,12779,4,-4
2020-08-14 15:10:53.100,12778,12779,12778,1,-1
2020-08-14 15:10:54.847,12778,12779,12778,1,-1
2020-08-14 15:10:59.457,12778,12779,12778,1,-1
2020-08-14 15:11:05.675,12778,12779,12779,8,8
2020-08-14 15:11:20.239,12779,12780,12780,1,1
2020-08-14 15:11:22.398,12779,12780,12780,11,11
2020-08-14 15:11:22.398,12779,12780,12780,12,12
2020-08-14 15:11:35.943,12780,12781,12781,1,1
2020-08-14 15:11:37.620,12780,12781,12781,2,2
2020-08-14 15:11:37.711,12780,12782,12780,5,-5
2020-08-14 15:11:41.738,12780,12782,12782,1,1
2020-08-14 15:11:42.540,12780,12781,12781,1,1
2020-08-14 15:11:44.040,12780,12781,12781,1,1
2020-08-14 15:11:50.825,12780,12781,12781,1,1
2020-08-14 15:11:54.703,12780,12781,12781,2,2
2020-08-14 15:11:58.004,12780,12781,12780,1,-1
2020-08-14 15:11:58.696,12780,12781,12780,1,-1
2020-08-14 15:12:02.299,12780,12781,12781,1,1
2020-08-14 15:12:02.313,12780,12781,12780,2,-2
2020-08-14 15:12:02.543,12780,12781,12780,2,-2
2020-08-14 15:12:10.076,12778,12779,12779,1,1
2020-08-14 15:12:11.070,12778,12779,12778,2,-2
2020-08-14 15:12:11.567,12777,12778,12778,1,1
2020-08-14 15:12:11.849,12777,12778,12777,1,-1
2020-08-14 15:12:12.282,12777,12778,12777,2,-2
2020-08-14 15:12:12.282,12777,12778,12777,3,-3
2020-08-14 15:12:15.058,12776,12777,12777,1,1
2020-08-14 15:12:16.856,12776,12777,12777,1,1
2020-08-14 15:12:18.667,12776,12777,12777,1,1
2020-08-14 15:12:18.762,12776,12777,12777,1,1
2020-08-14 15:12:18.768,12776,12777,12777,2,2
2020-08-14 15:12:18.786,12776,12777,12777,1,1
2020-08-14 15:12:21.294,12776,12777,12777,4,4
2020-08-14 15:12:21.294,12776,12777,12778,1,1
2020-08-14 15:12:22.682,12776,12777,12776,2,-2
2020-08-14 15:12:25.370,12776,12777,12777,1,1
2020-08-14 15:12:25.643,12776,12777,12777,3,3
2020-08-14 15:12:28.014,12776,12777,12777,1,1
2020-08-14 15:12:28.169,12777,12778,12777,1,-1
2020-08-14 15:12:33.663,12777,12778,12778,1,1
2020-08-14 15:12:34.083,12777,12778,12777,4,-4
2020-08-14 15:12:37.242,12777,12778,12777,1,-1
2020-08-14 15:12:37.551,12777,12778,12778,4,4
2020-08-14 15:12:39.875,12777,12778,12778,1,1
2020-08-14 15:12:45.129,12777,12778,12777,1,-1
2020-08-14 15:12:45.224,12777,12778,12777,1,-1
2020-08-14 15:12:45.278,12777,12778,12777,3,-3
2020-08-14 15:12:46.585,12776,12778,12777,3,-3
2020-08-14 15:12:49.397,12776,12777,12776,1,-1
2020-08-14 15:12:50.368,12776,12777,12777,4,4
2020-08-14 15:12:50.380,12776,12777,12777,6,6
2020-08-14 15:12:59.226,12778,12779,12778,2,2
2020-08-14 15:13:04.497,12777,12778,12778,1,1
2020-08-14 15:13:05.293,12777,12778,12778,1,1
2020-08-14 15:13:05.600,12777,12778,12778,1,1
2020-08-14 15:13:08.323,12778,12779,12779,8,8
2020-08-14 15:13:08.495,12778,12780,12778,1,-1
2020-08-14 15:13:12.957,12778,12779,12778,1,-1
2020-08-14 15:13:13.444,12777,12778,12778,1,1
2020-08-14 15:13:14.918,12777,12779,12777,3,-3
2020-08-14 15:13:22.167,12777,12778,12778,1,1
2020-08-14 15:13:22.339,12777,12778,12777,2,-2
2020-08-14 15:13:22.390,12777,12778,12777,2,-2
2020-08-14 15:13:22.390,12777,12778,12777,1,-1
2020-08-14 15:13:22.592,12776,12777,12777,1,1
2020-08-14 15:13:22.909,12776,12777,12777,1,1
2020-08-14 15:13:23.546,12776,12777,12777,1,1
2020-08-14 15:13:23.888,12776,12777,12777,4,4
2020-08-14 15:13:23.888,12776,12777,12777,2,2
2020-08-14 15:13:25.526,12776,12777,12776,9,-9
2020-08-14 15:13:32.241,12776,12777,12776,5,-5
2020-08-14 15:13:32.241,12776,12777,12775,2,-2
2020-08-14 15:13:34.310,12775,12776,12776,2,2
2020-08-14 15:13:34.310,12775,12776,12777,2,2
2020-08-14 15:13:40.855,12776,12777,12777,1,1
2020-08-14 15:13:41.945,12776,12777,12777,1,1
2020-08-14 15:13:42.314,12777,12778,12777,2,-2
2020-08-14 15:13:50.794,12777,12778,12778,9,9
2020-08-14 15:14:04.176,12778,12779,12779,1,1
2020-08-14 15:14:09.866,12778,12780,12780,2,2
2020-08-14 15:14:13.712,12779,12780,12780,1,1
2020-08-14 15:14:21.256,12778,12779,12779,1,1
2020-08-14 15:14:22.997,12778,12780,12780,1,1
2020-08-14 15:14:24.654,12778,12779,12779,1,1
2020-08-14 15:14:24.995,12779,12780,12779,1,-1
2020-08-14 15:14:26.822,12778,12780,12778,1,-1
2020-08-14 15:14:30.435,12779,12780,12779,1,1
2020-08-14 15:14:43.792,12779,12780,12779,2,-2
2020-08-14 15:14:43.932,12779,12780,12779,1,-1
2020-08-14 15:14:51.402,12779,12780,12779,1,-1
2020-08-14 15:14:56.646,12779,12780,12779,1,-1
2020-08-14 15:15:01.574,12779,12780,12779,3,-3
2020-08-14 15:15:06.410,12778,12779,12778,4,-4
2020-08-14 15:15:06.411,12778,12779,12778,2,-2
2020-08-14 15:15:06.831,12777,12778,12777,1,-1
2020-08-14 15:15:10.499,12777,12779,12777,1,-1
2020-08-14 15:15:16.267,12777,12778,12778,1,1
2020-08-14 15:15:22.172,12778,12779,12778,3,-3
2020-08-14 15:15:22.173,12778,12779,12778,3,-3
2020-08-14 15:15:22.174,12778,12779,12778,1,-1
2020-08-14 15:15:23.238,12777,12778,12777,1,-1
2020-08-14 15:15:23.238,12777,12778,12776,2,-2
2020-08-14 15:15:23.662,12776,12778,12778,1,1
2020-08-14 15:15:30.025,12777,12778,12777,1,-1
2020-08-14 15:15:32.467,12776,12777,12776,3,-3
2020-08-14 15:15:32.467,12776,12777,12776,1,-1
2020-08-14 15:15:40.198,12776,12778,12776,2,-2
2020-08-14 15:15:45.387,12775,12776,12776,1,1
2020-08-14 15:15:47.126,12775,12776,12776,1,1
2020-08-14 15:15:49.376,12776,12777,12776,1,-1
2020-08-14 15:15:50.486,12775,12777,12775,2,-2
2020-08-14 15:15:53.385,12775,12777,12775,1,-1
2020-08-14 15:16:01.136,12776,12777,12776,1,1
2020-08-14 15:16:10.129,12775,12776,12776,1,1
2020-08-14 15:16:11.228,12775,12776,12775,1,-1
2020-08-14 15:16:11.604,12775,12776,12775,15,-15
2020-08-14 15:16:11.605,12775,12776,12775,1,-1
2020-08-14 15:16:19.459,12774,12775,12775,4,4
2020-08-14 15:16:20.856,12774,12775,12775,4,4
2020-08-14 15:16:20.857,12774,12775,12775,1,1
2020-08-14 15:16:22.095,12775,12776,12776,1,1
2020-08-14 15:16:24.971,12775,12776,12775,2,-2
2020-08-14 15:16:27.834,12775,12776,12775,1,-1
2020-08-14 15:16:27.834,12775,12776,12774,4,-4
2020-08-14 15:16:31.390,12774,12775,12774,1,-1
2020-08-14 15:16:32.285,12774,12775,12775,6,6
2020-08-14 15:16:35.428,12775,12776,12775,1,-1
2020-08-14 15:16:38.537,12775,12776,12776,1,1
2020-08-14 15:16:40.276,12775,12776,12776,4,4
2020-08-14 15:16:49.478,12776,12777,12776,1,-1
2020-08-14 15:16:49.618,12776,12777,12776,1,-1
2020-08-14 15:16:49.636,12776,12777,12776,1,-1
2020-08-14 15:16:50.522,12775,12776,12776,1,1
2020-08-14 15:16:50.522,12775,12776,12775,1,-1
2020-08-14 15:16:55.014,12776,12777,12777,5,5
2020-08-14 15:16:55.986,12777,12778,12778,1,1
2020-08-14 15:16:57.345,12777,12778,12778,1,1
2020-08-14 15:17:01.152,12777,12778,12778,1,1
2020-08-14 15:17:15.911,12777,12778,12777,1,-1
2020-08-14 15:17:17.049,12777,12778,12777,3,-3
2020-08-14 15:17:20.877,12777,12778,12777,1,-1
2020-08-14 15:17:26.427,12777,12778,12777,4,-4
2020-08-14 15:17:26.427,12777,12778,12776,1,-1
2020-08-14 15:17:26.765,12777,12778,12777,1,1
2020-08-14 15:17:27.113,12777,12778,12777,2,-2
2020-08-14 15:17:28.571,12777,12778,12777,3,-3
2020-08-14 15:17:30.331,12776,12778,12776,1,-1
2020-08-14 15:17:41.347,12777,12778,12778,3,3
2020-08-14 15:17:41.347,12777,12778,12778,8,8
2020-08-14 15:17:41.348,12777,12778,12778,1,1
2020-08-14 15:17:42.277,12778,12779,12779,1,1
2020-08-14 15:17:43.758,12778,12779,12779,3,3
2020-08-14 15:17:43.758,12778,12779,12779,1,1
2020-08-14 15:17:47.884,12778,12779,12779,1,1
2020-08-14 15:17:54.041,12778,12779,12779,1,1
2020-08-14 15:18:14.725,12778,12779,12779,1,1
2020-08-14 15:18:14.797,12778,12779,12779,1,1
2020-08-14 15:18:14.857,12778,12779,12779,1,1
2020-08-14 15:18:14.971,12778,12779,12779,1,1
2020-08-14 15:18:15.163,12778,12779,12779,1,1
2020-08-14 15:18:15.176,12778,12779,12779,4,4
2020-08-14 15:18:15.259,12778,12779,12780,1,1
2020-08-14 15:18:15.435,12778,12780,12780,1,1
2020-08-14 15:18:15.569,12778,12780,12780,1,1
2020-08-14 15:18:15.710,12778,12780,12780,1,1
2020-08-14 15:18:15.838,12778,12780,12780,1,1
2020-08-14 15:18:15.998,12778,12780,12780,1,1
2020-08-14 15:18:16.143,12778,12780,12780,1,1
2020-08-14 15:18:16.282,12778,12780,12780,1,1
2020-08-14 15:18:16.428,12778,12780,12780,1,1
2020-08-14 15:18:16.572,12778,12780,12780,1,1
2020-08-14 15:18:16.724,12778,12780,12780,1,1
2020-08-14 15:18:16.863,12778,12780,12780,1,1
2020-08-14 15:18:17.000,12778,12780,12780,1,1
2020-08-14 15:18:17.159,12778,12780,12780,1,1
2020-08-14 15:18:17.461,12779,12780,12780,1,1
2020-08-14 15:18:18.030,12779,12780,12780,1,1
2020-08-14 15:18:18.462,12779,12781,12781,1,1
2020-08-14 15:18:27.331,12778,12780,12780,1,1
2020-08-14 15:18:27.479,12778,12780,12780,1,1
2020-08-14 15:18:27.655,12778,12780,12780,1,1
2020-08-14 15:18:27.824,12778,12780,12780,1,1
2020-08-14 15:18:27.952,12778,12780,12780,1,1
2020-08-14 15:18:28.105,12778,12780,12780,1,1
2020-08-14 15:18:28.277,12778,12780,12780,1,1
2020-08-14 15:18:28.410,12778,12780,12780,1,1
2020-08-14 15:18:28.540,12778,12780,12780,1,1
2020-08-14 15:18:28.688,12778,12780,12780,1,1
2020-08-14 15:18:28.834,12778,12780,12780,1,1
2020-08-14 15:18:28.988,12778,12780,12780,1,1
2020-08-14 15:18:29.154,12778,12780,12780,1,1
2020-08-14 15:18:29.284,12778,12780,12780,1,1
2020-08-14 15:18:29.855,12778,12780,12780,1,1
2020-08-14 15:18:46.412,12780,12781,12780,3,-3
2020-08-14 15:18:47.779,12780,12781,12781,1,1
2020-08-14 15:18:53.858,12780,12781,12781,6,6
2020-08-14 15:18:53.858,12780,12781,12781,2,2
2020-08-14 15:18:54.379,12781,12782,12781,3,-3
2020-08-14 15:18:54.655,12780,12782,12782,1,1
2020-08-14 15:18:55.356,12780,12781,12781,1,1
2020-08-14 15:18:55.466,12780,12782,12782,1,1
2020-08-14 15:18:56.130,12780,12782,12782,1,1
2020-08-14 15:18:56.757,12780,12782,12782,1,1
2020-08-14 15:18:57.329,12781,12782,12782,1,1
2020-08-14 15:18:57.609,12781,12782,12781,1,-1
2020-08-14 15:18:58.650,12780,12781,12780,1,-1
2020-08-14 15:18:58.790,12780,12781,12781,1,1
2020-08-14 15:18:59.858,12780,12781,12781,1,1
2020-08-14 15:19:05.180,12781,12782,12782,1,1
2020-08-14 15:19:10.041,12781,12782,12782,1,1
2020-08-14 15:19:10.995,12781,12782,12782,1,1
2020-08-14 15:19:11.605,12781,12782,12782,1,1
2020-08-14 15:19:15.464,12781,12782,12782,1,1
2020-08-14 15:19:18.494,12780,12782,12780,1,-1
2020-08-14 15:19:23.914,12780,12781,12781,1,1
2020-08-14 15:19:24.010,12780,12781,12781,1,1
2020-08-14 15:19:43.541,12780,12781,12781,3,3
2020-08-14 15:19:43.831,12780,12781,12781,1,1
2020-08-14 15:19:44.304,12780,12781,12781,1,1
2020-08-14 15:19:45.585,12780,12781,12781,2,2
2020-08-14 15:19:47.244,12780,12781,12781,1,1
2020-08-14 15:19:48.182,12780,12781,12781,1,1
2020-08-14 15:19:50.530,12780,12781,12781,1,1
2020-08-14 15:19:51.888,12780,12781,12781,1,1
2020-08-14 15:19:53.446,12780,12781,12780,5,-5
2020-08-14 15:20:02.345,12780,12781,12781,5,5
2020-08-14 15:20:08.720,12780,12781,12781,1,1
2020-08-14 15:20:13.435,12780,12781,12780,5,-5
2020-08-14 15:20:13.435,12780,12781,12780,2,-2
2020-08-14 15:20:13.435,12780,12781,12780,8,-8
2020-08-14 15:20:13.614,12779,12780,12779,2,-2
2020-08-14 15:20:14.014,12779,12780,12780,1,1
2020-08-14 15:20:14.015,12779,12780,12780,1,1
2020-08-14 15:20:14.232,12779,12781,12780,1,-1
2020-08-14 15:20:14.363,12779,12781,12779,1,-1
2020-08-14 15:20:23.364,12779,12780,12779,1,-1
2020-08-14 15:20:31.585,12778,12779,12779,1,1
2020-08-14 15:20:47.466,12778,12779,12779,1,1
2020-08-14 15:20:51.089,12778,12779,12779,2,2
2020-08-14 15:20:51.090,12778,12779,12779,1,1
2020-08-14 15:20:51.090,12778,12779,12779,2,2
2020-08-14 15:20:51.091,12778,12779,12779,1,1
2020-08-14 15:20:51.091,12778,12779,12779,2,2
2020-08-14 15:20:51.091,12778,12779,12779,1,1
2020-08-14 15:20:57.257,12778,12779,12779,1,1
2020-08-14 15:20:57.387,12778,12779,12779,2,2
2020-08-14 15:20:57.664,12778,12779,12779,1,1
2020-08-14 15:21:02.152,12778,12779,12779,8,8
2020-08-14 15:21:04.927,12778,12779,12779,6,6
2020-08-14 15:21:05.519,12778,12779,12779,1,1
2020-08-14 15:21:08.559,12778,12779,12779,2,2
2020-08-14 15:21:15.053,12778,12779,12779,1,1
2020-08-14 15:21:21.090,12779,12780,12779,1,-1
2020-08-14 15:21:36.272,12778,12779,12779,3,3
2020-08-14 15:21:44.623,12778,12780,12778,1,-1
2020-08-14 15:22:02.394,12778,12779,12778,1,-1
2020-08-14 15:22:41.071,12778,12779,12779,1,1
2020-08-14 15:22:41.071,12778,12779,12779,1,1
2020-08-14 15:22:41.071,12778,12779,12779,2,2
2020-08-14 15:22:41.072,12778,12779,12779,6,6
2020-08-14 15:22:45.880,12779,12780,12780,1,1
2020-08-14 15:22:45.880,12779,12780,12780,2,2
2020-08-14 15:22:45.880,12779,12780,12780,2,2
2020-08-14 15:22:45.880,12779,12780,12780,1,1
2020-08-14 15:22:51.279,12779,12780,12780,1,1
2020-08-14 15:22:56.493,12779,12780,12780,2,2
2020-08-14 15:23:00.370,12779,12780,12780,1,1
2020-08-14 15:23:01.125,12779,12780,12779,1,-1
2020-08-14 15:23:16.174,12778,12779,12778,1,-1
2020-08-14 15:23:31.030,12778,12779,12779,2,2
2020-08-14 15:23:33.066,12778,12779,12779,6,6
2020-08-14 15:23:37.309,12778,12779,12779,1,1
2020-08-14 15:23:40.104,12779,12780,12780,1,1
2020-08-14 15:23:41.480,12779,12780,12779,1,-1
2020-08-14 15:23:53.645,12779,12780,12780,5,5
2020-08-14 15:24:02.349,12780,12781,12780,4,-4
2020-08-14 15:24:04.874,12780,12781,12780,2,-2
2020-08-14 15:24:09.799,12780,12781,12780,1,-1
2020-08-14 15:24:10.013,12779,12780,12780,1,1
2020-08-14 15:24:12.334,12779,12780,12780,1,1
2020-08-14 15:24:21.473,12779,12780,12780,2,2
2020-08-14 15:24:24.495,12780,12781,12780,1,-1
2020-08-14 15:24:33.723,12780,12781,12781,6,6
2020-08-14 15:24:33.723,12780,12781,12781,3,3
2020-08-14 15:24:36.035,12781,12782,12781,4,-4
2020-08-14 15:24:36.035,12781,12782,12781,2,-2
2020-08-14 15:24:38.111,12780,12781,12781,1,1
2020-08-14 15:24:44.292,12780,12781,12781,1,1
2020-08-14 15:24:46.599,12780,12781,12780,1,-1
2020-08-14 15:24:56.690,12780,12781,12780,5,-5
2020-08-14 15:25:02.253,12779,12780,12779,2,-2
2020-08-14 15:25:04.482,12779,12780,12780,1,1
2020-08-14 15:25:13.899,12779,12780,12779,2,-2
2020-08-14 15:25:15.514,12778,12779,12779,1,1
2020-08-14 15:26:02.162,12779,12780,12779,2,-2
2020-08-14 15:26:02.809,12779,12780,12779,3,-3
2020-08-14 15:26:02.809,12779,12780,12779,11,-11
2020-08-14 15:26:43.802,12779,12780,12779,1,-1
2020-08-14 15:26:44.271,12778,12779,12779,1,1
2020-08-14 15:26:46.711,12778,12779,12779,1,1
2020-08-14 15:26:47.416,12778,12779,12779,1,1
2020-08-14 15:26:55.226,12778,12779,12778,1,-1
2020-08-14 15:26:59.900,12778,12779,12778,1,-1
2020-08-14 15:27:02.453,12778,12779,12778,2,-2
2020-08-14 15:27:03.989,12778,12779,12778,2,-2
2020-08-14 15:27:08.020,12778,12779,12778,1,-1
2020-08-14 15:27:34.687,12778,12779,12779,7,7
2020-08-14 15:28:04.819,12779,12780,12780,1,1
2020-08-14 15:28:19.039,12779,12780,12780,10,10
2020-08-14 15:28:21.194,12780,12781,12781,1,1
2020-08-14 15:28:26.277,12780,12781,12781,3,3
2020-08-14 15:28:26.277,12780,12781,12781,12,12
2020-08-14 15:28:26.277,12780,12781,12781,1,1
2020-08-14 15:28:27.365,12780,12781,12781,1,1
2020-08-14 15:28:36.492,12781,12782,12781,1,-1
2020-08-14 15:28:40.366,12781,12782,12782,1,1
2020-08-14 15:28:41.617,12781,12782,12782,2,2
2020-08-14 15:28:42.252,12781,12782,12781,4,-4
2020-08-14 15:28:45.962,12781,12782,12782,1,1
2020-08-14 15:28:47.348,12781,12782,12782,1,1
2020-08-14 15:28:51.760,12781,12782,12782,1,1
2020-08-14 15:28:52.014,12781,12782,12782,1,1
2020-08-14 15:28:52.538,12781,12782,12782,5,5
2020-08-14 15:29:03.211,12782,12783,12783,6,6
2020-08-14 15:29:04.554,12782,12783,12783,1,1
2020-08-14 15:29:07.784,12782,12783,12783,1,1
2020-08-14 15:29:08.044,12782,12783,12783,7,7
2020-08-14 15:29:12.108,12783,12784,12784,1,1
2020-08-14 15:29:14.157,12783,12784,12784,2,2
2020-08-14 15:29:15.491,12783,12784,12784,1,1
2020-08-14 15:29:22.091,12783,12784,12783,3,-3
2020-08-14 15:29:22.091,12783,12784,12783,3,-3
2020-08-14 15:29:22.092,12783,12784,12783,1,-1
2020-08-14 15:29:24.567,12782,12783,12783,6,6
2020-08-14 15:29:24.567,12782,12783,12784,2,2
2020-08-14 15:29:25.236,12783,12784,12783,1,-1
2020-08-14 15:29:26.820,12782,12783,12783,2,2
2020-08-14 15:29:27.724,12782,12783,12783,1,1
2020-08-14 15:29:28.451,12782,12783,12783,2,2
2020-08-14 15:29:30.302,12782,12783,12783,1,1
2020-08-14 15:29:32.009,12782,12783,12783,2,2
2020-08-14 15:29:32.849,12782,12783,12783,1,1
2020-08-14 15:29:35.513,12782,12783,12783,1,1
2020-08-14 15:29:37.606,12783,12784,12783,1,-1
2020-08-14 15:29:39.898,12783,12784,12783,1,-1
2020-08-14 15:29:42.801,12782,12783,12783,1,1
2020-08-14 15:29:46.434,12782,12783,12782,1,-1
2020-08-14 15:29:50.508,12782,12783,12782,2,-2
2020-08-14 15:29:57.709,12782,12783,12782,5,-5
2020-08-14 15:30:00.615,12781,12782,12781,1,-1
2020-08-14 15:30:00.816,12781,12782,12782,1,1
2020-08-14 15:30:00.841,12781,12782,12782,1,1
2020-08-14 15:30:00.861,12781,12782,12782,1,1
2020-08-14 15:30:00.881,12781,12782,12782,1,1
2020-08-14 15:30:00.901,12781,12782,12782,1,1
2020-08-14 15:30:01.033,12781,12782,12782,2,2
2020-08-14 15:30:01.033,12781,12782,12783,1,1
2020-08-14 15:30:01.110,12781,12782,12783,3,3
2020-08-14 15:30:01.376,12781,12782,12781,1,-1
2020-08-14 15:30:01.395,12781,12782,12781,1,-1
2020-08-14 15:30:01.398,12781,12782,12781,1,-1
2020-08-14 15:30:01.432,12781,12782,12782,1,1
2020-08-14 15:30:01.496,12781,12782,12782,1,1
2020-08-14 15:30:01.729,12781,12782,12782,1,1
2020-08-14 15:30:01.900,12781,12782,12782,1,1
2020-08-14 15:30:02.152,12781,12782,12782,1,1
2020-08-14 15:30:02.395,12782,12783,12783,1,1
2020-08-14 15:30:10.988,12782,12783,12782,3,-3
2020-08-14 15:30:21.988,12781,12783,12781,2,-2
2020-08-14 15:30:22.045,12780,12782,12782,2,2
2020-08-14 15:30:26.772,12780,12782,12782,2,2
2020-08-14 15:30:28.434,12780,12781,12780,5,-5
2020-08-14 15:30:31.027,12780,12781,12780,1,-1
2020-08-14 15:30:37.779,12779,12780,12779,12,-12
2020-08-14 15:30:37.822,12779,12780,12778,1,-1
2020-08-14 15:30:37.913,12778,12779,12778,5,-5
2020-08-14 15:30:37.913,12778,12779,12778,5,-5
2020-08-14 15:30:40.697,12777,12779,12778,1,-1
2020-08-14 15:30:41.357,12778,12779,12778,2,-2
2020-08-14 15:30:41.386,12778,12779,12778,3,-3
2020-08-14 15:30:42.261,12777,12778,12777,4,-4
2020-08-14 15:30:47.041,12777,12778,12777,3,-3
2020-08-14 15:30:47.044,12777,12778,12777,1,-1
2020-08-14 15:30:47.288,12776,12777,12776,3,-3
2020-08-14 15:30:48.020,12776,12777,12777,9,9
2020-08-14 15:30:48.021,12776,12777,12777,2,2
2020-08-14 15:30:52.766,12777,12778,12777,1,-1
2020-08-14 15:30:55.057,12776,12777,12777,1,1
2020-08-14 15:30:55.058,12776,12777,12777,1,1
2020-08-14 15:31:04.924,12777,12778,12778,2,2
2020-08-14 15:31:12.345,12777,12778,12777,1,-1
2020-08-14 15:31:15.866,12776,12777,12777,1,1
2020-08-14 15:31:17.358,12776,12777,12776,26,-26
2020-08-14 15:31:17.530,12775,12776,12775,1,-1
2020-08-14 15:31:17.531,12775,12776,12775,15,-15
2020-08-14 15:31:18.199,12774,12775,12774,2,-2
2020-08-14 15:31:19.322,12774,12776,12774,1,-1
2020-08-14 15:31:21.429,12774,12776,12776,5,5
2020-08-14 15:31:23.570,12775,12776,12776,4,4
2020-08-14 15:31:23.570,12775,12776,12777,1,1
2020-08-14 15:31:23.984,12775,12777,12775,1,-1
2020-08-14 15:31:28.467,12776,12778,12776,3,3
2020-08-14 15:31:33.136,12776,12778,12777,1,1
2020-08-14 15:31:33.178,12776,12778,12776,9,-9
2020-08-14 15:31:37.874,12776,12777,12776,1,-1
2020-08-14 15:31:39.633,12775,12776,12775,5,-5
2020-08-14 15:31:41.620,12775,12776,12776,2,2
2020-08-14 15:31:42.695,12775,12776,12776,1,1
2020-08-14 15:31:43.098,12775,12776,12776,1,1
2020-08-14 15:31:46.997,12776,12777,12776,5,-5
2020-08-14 15:31:53.352,12775,12777,12775,2,-2
2020-08-14 15:31:57.110,12776,12777,12777,2,2
2020-08-14 15:31:57.110,12776,12777,12777,1,1
2020-08-14 15:31:59.417,12777,12778,12778,2,2
2020-08-14 15:32:14.741,12777,12778,12778,1,1
2020-08-14 15:32:20.575,12778,12779,12779,1,1
2020-08-14 15:32:22.323,12778,12780,12778,1,-1
2020-08-14 15:32:32.407,12779,12780,12780,2,2
2020-08-14 15:32:33.184,12779,12780,12780,1,1
2020-08-14 15:32:44.199,12779,12781,12780,1,-1
2020-08-14 15:32:47.423,12778,12780,12779,1,-1
2020-08-14 15:32:48.371,12778,12780,12778,8,-8
2020-08-14 15:32:48.373,12778,12780,12778,1,-1
2020-08-14 15:32:48.738,12777,12778,12778,3,3
2020-08-14 15:32:50.446,12777,12779,12779,1,1
2020-08-14 15:32:53.833,12777,12779,12779,3,3
2020-08-14 15:32:54.154,12777,12779,12778,1,-1
2020-08-14 15:33:04.902,12777,12778,12777,1,-1
2020-08-14 15:33:22.014,12777,12778,12778,1,1
2020-08-14 15:33:23.318,12777,12778,12777,2,-2
2020-08-14 15:33:26.795,12777,12778,12777,1,-1
2020-08-14 15:33:29.308,12777,12778,12777,1,-1
2020-08-14 15:33:30.307,12777,12778,12778,1,1
2020-08-14 15:33:41.494,12776,12777,12777,1,1
2020-08-14 15:34:03.484,12777,12778,12777,2,-2
2020-08-14 15:34:11.587,12777,12778,12777,1,-1
2020-08-14 15:34:17.552,12777,12778,12777,1,-1
2020-08-14 15:34:17.552,12777,12778,12777,1,-1
2020-08-14 15:34:17.552,12777,12778,12777,1,-1
2020-08-14 15:34:32.830,12776,12777,12777,1,1
2020-08-14 15:34:37.164,12776,12777,12776,1,-1
2020-08-14 15:34:47.271,12776,12777,12777,1,1
2020-08-14 15:34:52.006,12776,12777,12777,2,2
2020-08-14 15:34:53.255,12777,12778,12777,2,-2
2020-08-14 15:34:58.841,12777,12778,12777,1,-1
2020-08-14 15:35:02.439,12777,12778,12777,1,-1
2020-08-14 15:35:02.600,12777,12778,12778,1,1
2020-08-14 15:35:03.632,12777,12778,12778,1,1
2020-08-14 15:35:03.632,12777,12778,12779,4,4
2020-08-14 15:35:16.511,12777,12778,12777,3,-3
2020-08-14 15:35:23.503,12776,12777,12777,1,1
2020-08-14 15:35:32.559,12776,12777,12776,1,-1
2020-08-14 15:35:37.184,12776,12777,12776,2,-2
2020-08-14 15:35:40.584,12776,12777,12776,1,-1
2020-08-14 15:35:47.826,12776,12777,12777,1,1
2020-08-14 15:35:47.826,12776,12777,12777,1,1
2020-08-14 15:35:53.178,12777,12778,12778,2,2
2020-08-14 15:35:53.178,12777,12778,12778,2,2
2020-08-14 15:35:58.763,12777,12779,12777,4,-4
2020-08-14 15:36:36.991,12778,12779,12778,1,1
2020-08-14 15:36:42.497,12777,12778,12778,1,1
2020-08-14 15:37:00.526,12778,12779,12778,1,-1
2020-08-14 15:37:00.803,12778,12779,12779,2,2
2020-08-14 15:37:00.821,12778,12779,12779,2,2
2020-08-14 15:37:04.657,12778,12779,12778,3,-3
2020-08-14 15:37:04.657,12778,12779,12778,1,-1
2020-08-14 15:37:16.749,12778,12779,12779,2,2
2020-08-14 15:37:17.115,12778,12779,12779,1,1
2020-08-14 15:37:17.115,12778,12779,12779,3,3
2020-08-14 15:37:28.660,12778,12779,12779,1,1
2020-08-14 15:37:38.893,12778,12779,12778,1,-1
2020-08-14 15:37:50.607,12777,12778,12778,1,1
2020-08-14 15:37:53.148,12777,12778,12777,1,-1
2020-08-14 15:38:02.300,12777,12778,12778,1,1
2020-08-14 15:38:03.440,12777,12778,12778,1,1
2020-08-14 15:38:48.698,12777,12778,12777,8,-8
2020-08-14 15:38:48.698,12777,12778,12777,5,-5
2020-08-14 15:38:56.774,12777,12778,12777,1,-1
2020-08-14 15:39:15.766,12776,12777,12777,1,1
2020-08-14 15:39:18.494,12776,12777,12776,2,-2
2020-08-14 15:39:18.579,12776,12777,12776,2,-2
2020-08-14 15:39:18.590,12776,12777,12776,1,-1
2020-08-14 15:39:44.330,12776,12777,12776,17,-17
2020-08-14 15:39:48.600,12775,12776,12776,1,1
2020-08-14 15:39:48.620,12775,12776,12775,5,-5
2020-08-14 15:39:50.945,12775,12776,12776,1,1
2020-08-14 15:39:59.459,12775,12776,12776,3,3
2020-08-14 15:40:00.086,12775,12777,12775,1,-1
2020-08-14 15:40:07.176,12775,12776,12775,1,-1
2020-08-14 15:40:07.834,12775,12776,12775,2,-2
2020-08-14 15:40:08.146,12775,12776,12775,2,-2
2020-08-14 15:40:08.146,12775,12776,12775,1,-1
2020-08-14 15:40:08.420,12775,12776,12775,1,-1
2020-08-14 15:40:08.421,12775,12776,12775,2,-2
2020-08-14 15:40:08.421,12775,12776,12775,6,-6
2020-08-14 15:40:10.614,12774,12775,12775,1,1
2020-08-14 15:40:36.686,12774,12775,12775,7,7
2020-08-14 15:40:46.101,12774,12776,12774,6,-6
2020-08-14 15:40:52.292,12774,12775,12774,5,-5
2020-08-14 15:41:00.669,12774,12775,12774,2,-2
2020-08-14 15:41:02.286,12774,12775,12774,5,-5
2020-08-14 15:41:06.905,12773,12774,12773,1,-1
2020-08-14 15:41:07.134,12773,12774,12773,2,-2
2020-08-14 15:41:07.615,12773,12774,12773,1,-1
2020-08-14 15:41:10.173,12773,12774,12773,1,-1
2020-08-14 15:41:12.495,12773,12774,12773,2,-2
2020-08-14 15:41:13.278,12773,12774,12773,1,-1
2020-08-14 15:41:19.520,12773,12774,12774,1,1
2020-08-14 15:41:22.011,12773,12774,12774,6,6
2020-08-14 15:41:22.247,12773,12775,12774,1,-1
2020-08-14 15:41:23.271,12774,12775,12774,1,-1
2020-08-14 15:41:25.362,12773,12774,12774,1,1
2020-08-14 15:41:30.173,12773,12774,12774,1,1
2020-08-14 15:41:38.001,12773,12774,12774,3,3
2020-08-14 15:41:38.011,12773,12774,12774,4,4
2020-08-14 15:41:46.267,12774,12775,12775,3,3
2020-08-14 15:41:52.635,12774,12775,12775,1,1
2020-08-14 15:41:53.623,12774,12776,12774,1,-1
2020-08-14 15:41:56.127,12775,12776,12775,1,1
2020-08-14 15:41:56.127,12775,12776,12775,1,-1
2020-08-14 15:41:56.127,12775,12776,12775,1,-1
2020-08-14 15:41:56.127,12775,12776,12775,1,-1
2020-08-14 15:41:58.309,12775,12776,12775,1,-1
2020-08-14 15:42:07.272,12775,12776,12776,2,2
2020-08-14 15:42:11.450,12775,12777,12777,1,1
2020-08-14 15:42:11.516,12775,12777,12775,1,-1
2020-08-14 15:42:12.272,12775,12777,12776,1,1
2020-08-14 15:42:16.261,12775,12776,12776,1,1
2020-08-14 15:42:16.523,12775,12777,12775,1,-1
2020-08-14 15:42:24.740,12775,12776,12775,1,-1
2020-08-14 15:42:24.764,12774,12776,12774,1,-1
2020-08-14 15:42:27.952,12774,12775,12775,1,1
2020-08-14 15:42:27.952,12774,12775,12775,1,1
2020-08-14 15:42:30.350,12774,12776,12776,1,1
2020-08-14 15:42:36.343,12774,12775,12775,1,1
2020-08-14 15:43:02.367,12774,12775,12774,3,-3
2020-08-14 15:43:07.667,12774,12775,12774,2,-2
2020-08-14 15:43:10.778,12774,12775,12774,1,-1
2020-08-14 15:43:12.622,12774,12775,12774,1,-1
2020-08-14 15:43:18.670,12774,12775,12774,1,-1
2020-08-14 15:43:19.302,12774,12775,12774,1,-1
2020-08-14 15:43:20.185,12774,12775,12775,5,5
2020-08-14 15:43:28.823,12774,12775,12775,1,1
2020-08-14 15:43:30.865,12774,12775,12775,1,1
2020-08-14 15:43:32.841,12774,12775,12774,1,-1
2020-08-14 15:43:39.833,12773,12774,12773,14,-14
2020-08-14 15:43:40.361,12772,12773,12772,3,-3
2020-08-14 15:43:40.418,12772,12773,12772,1,-1
2020-08-14 15:43:40.424,12772,12773,12772,1,-1
2020-08-14 15:43:40.760,12772,12773,12772,1,-1
2020-08-14 15:43:44.178,12773,12774,12773,1,1
2020-08-14 15:43:44.828,12772,12774,12772,1,-1
2020-08-14 15:43:49.451,12772,12773,12773,1,1
2020-08-14 15:43:54.644,12772,12773,12773,1,1
2020-08-14 15:43:57.574,12772,12773,12773,2,2
2020-08-14 15:44:00.340,12773,12774,12773,1,-1
2020-08-14 15:44:01.281,12773,12774,12773,2,-2
2020-08-14 15:44:01.281,12773,12774,12773,1,-1
2020-08-14 15:44:05.241,12772,12773,12773,1,1
2020-08-14 15:44:05.241,12772,12773,12773,2,2
2020-08-14 15:44:05.242,12772,12773,12773,1,1
2020-08-14 15:44:05.964,12772,12773,12772,1,-1
2020-08-14 15:44:06.687,12772,12773,12773,1,1
2020-08-14 15:44:07.701,12772,12773,12773,1,1
2020-08-14 15:44:09.710,12772,12773,12773,2,2
2020-08-14 15:44:09.710,12772,12773,12773,1,1
2020-08-14 15:44:16.979,12773,12774,12773,1,-1
2020-08-14 15:44:20.446,12772,12773,12773,1,1
2020-08-14 15:44:23.602,12773,12774,12774,1,1
2020-08-14 15:44:23.602,12773,12774,12775,1,1
2020-08-14 15:44:27.606,12773,12774,12774,1,1
2020-08-14 15:44:34.666,12773,12774,12773,2,-2
2020-08-14 15:44:39.482,12772,12774,12772,1,-1
2020-08-14 15:44:43.641,12772,12773,12772,6,-6
2020-08-14 15:44:43.641,12772,12773,12772,2,-2
2020-08-14 15:44:43.641,12772,12773,12772,4,-4
2020-08-14 15:44:46.394,12771,12772,12771,3,-3
2020-08-14 15:44:46.540,12771,12772,12771,1,-1
2020-08-14 15:44:46.609,12771,12772,12771,3,-3
2020-08-14 15:44:46.811,12771,12772,12771,5,-5
2020-08-14 15:44:48.657,12771,12772,12772,1,1
2020-08-14 15:44:48.776,12771,12772,12771,1,-1
2020-08-14 15:44:50.939,12771,12772,12772,1,1
2020-08-14 15:44:53.416,12771,12772,12771,1,-1
2020-08-14 15:44:53.432,12771,12772,12771,1,-1
2020-08-14 15:44:53.433,12771,12772,12771,1,-1
2020-08-14 15:44:53.433,12771,12772,12771,7,-7
2020-08-14 15:44:53.555,12770,12771,12770,2,-2
2020-08-14 15:44:53.565,12770,12771,12770,1,-1
2020-08-14 15:44:53.650,12770,12771,12770,1,-1
2020-08-14 15:44:53.661,12770,12771,12770,5,-5
2020-08-14 15:44:53.678,12770,12771,12770,5,-5
2020-08-14 15:44:53.696,12770,12771,12770,5,-5
2020-08-14 15:44:53.704,12770,12771,12770,1,-1
2020-08-14 15:44:53.712,12770,12771,12770,5,-5
2020-08-14 15:44:53.733,12770,12771,12770,5,-5
2020-08-14 15:44:53.733,12770,12771,12770,8,-8
2020-08-14 15:44:53.733,12770,12771,12770,14,-14
2020-08-14 15:44:53.733,12770,12771,12770,1,-1
2020-08-14 15:44:53.734,12770,12771,12770,2,-2
2020-08-14 15:44:53.734,12770,12771,12770,2,-2
2020-08-14 15:44:53.734,12770,12771,12770,2,-2
2020-08-14 15:44:53.734,12770,12771,12770,1,-1
2020-08-14 15:44:53.756,12770,12771,12769,5,-5
2020-08-14 15:44:53.815,12769,12770,12769,1,-1
2020-08-14 15:44:53.829,12769,12770,12769,7,-7
2020-08-14 15:44:53.829,12769,12770,12768,8,-8
2020-08-14 15:44:53.859,12769,12770,12769,6,6
2020-08-14 15:44:53.896,12768,12770,12768,1,-1
2020-08-14 15:44:53.933,12768,12770,12768,1,-1
2020-08-14 15:44:53.962,12768,12770,12768,1,-1
2020-08-14 15:44:54.094,12768,12770,12768,1,-1
2020-08-14 15:44:54.113,12768,12770,12768,1,-1
2020-08-14 15:44:54.160,12768,12770,12768,1,-1
2020-08-14 15:44:54.175,12768,12770,12768,11,-11
2020-08-14 15:44:54.175,12768,12770,12767,1,-1
2020-08-14 15:44:54.180,12768,12770,12768,1,1
2020-08-14 15:44:54.360,12767,12769,12767,1,-1
2020-08-14 15:44:54.382,12767,12769,12767,2,-2
2020-08-14 15:44:54.442,12767,12769,12767,8,-8
2020-08-14 15:44:54.484,12767,12769,12767,1,-1
2020-08-14 15:44:54.484,12767,12769,12766,4,-4
2020-08-14 15:44:54.543,12766,12768,12768,1,1
2020-08-14 15:44:54.561,12766,12768,12766,1,-1
2020-08-14 15:44:54.569,12766,12768,12768,1,1
2020-08-14 15:44:54.842,12766,12768,12767,3,-3
2020-08-14 15:44:54.860,12766,12768,12766,1,-1
2020-08-14 15:44:54.868,12766,12768,12766,1,-1
2020-08-14 15:44:54.881,12766,12768,12766,2,-2
2020-08-14 15:44:54.986,12766,12768,12766,1,-1
2020-08-14 15:44:55.338,12767,12769,12767,2,2
2020-08-14 15:44:55.436,12767,12769,12767,1,-1
2020-08-14 15:44:55.523,12767,12769,12767,1,-1
2020-08-14 15:44:57.261,12769,12770,12770,6,6
2020-08-14 15:44:57.441,12769,12771,12770,2,-2
2020-08-14 15:44:58.807,12770,12772,12770,1,-1
2020-08-14 15:44:58.888,12770,12772,12770,1,-1
2020-08-14 15:44:58.889,12770,12772,12770,1,-1
2020-08-14 15:44:59.345,12770,12772,12770,1,-1
2020-08-14 15:45:00.207,12769,12770,12769,4,-4
2020-08-14 15:45:00.207,12769,12770,12768,19,-19
2020-08-14 15:45:00.207,12769,12770,12767,21,-21
2020-08-14 15:45:00.207,12769,12770,12766,18,-18
2020-08-14 15:45:00.588,12767,12769,12767,3,3
2020-08-14 15:45:00.647,12766,12768,12766,1,-1
2020-08-14 15:45:01.129,12766,12768,12767,1,1
2020-08-14 15:45:02.950,12767,12768,12768,1,1
2020-08-14 15:45:03.125,12767,12768,12768,2,2
2020-08-14 15:45:05.848,12767,12769,12769,1,1
2020-08-14 15:45:06.677,12768,12769,12768,1,-1
2020-08-14 15:45:07.130,12768,12769,12768,1,-1
2020-08-14 15:45:07.179,12767,12769,12767,1,-1
2020-08-14 15:45:07.267,12767,12769,12767,2,-2
2020-08-14 15:45:08.736,12768,12769,12768,1,1
2020-08-14 15:45:08.813,12768,12769,12768,1,-1
2020-08-14 15:45:09.698,12767,12768,12768,1,1
2020-08-14 15:45:10.580,12767,12769,12767,1,-1
2020-08-14 15:45:10.843,12767,12768,12767,1,-1
2020-08-14 15:45:11.102,12767,12768,12768,1,1
2020-08-14 15:45:11.136,12767,12768,12768,2,2
2020-08-14 15:45:11.643,12768,12769,12768,1,-1
2020-08-14 15:45:15.125,12767,12768,12767,1,-1
2020-08-14 15:45:15.247,12767,12768,12767,2,-2
2020-08-14 15:45:16.568,12767,12768,12769,2,2
2020-08-14 15:45:20.036,12768,12769,12768,1,-1
2020-08-14 15:45:22.003,12767,12769,12767,1,-1
2020-08-14 15:45:24.094,12767,12768,12768,1,1
2020-08-14 15:45:26.423,12767,12768,12767,1,-1
2020-08-14 15:45:26.809,12767,12768,12767,1,-1
2020-08-14 15:45:27.229,12767,12768,12767,2,-2
2020-08-14 15:45:30.212,12766,12768,12766,2,-2
2020-08-14 15:45:32.880,12766,12767,12767,1,1
2020-08-14 15:45:33.093,12766,12768,12768,1,1
2020-08-14 15:45:33.322,12766,12768,12768,1,1
2020-08-14 15:45:34.205,12766,12768,12766,5,-5
2020-08-14 15:45:35.668,12766,12767,12767,1,1
2020-08-14 15:45:38.347,12766,12768,12768,3,3
2020-08-14 15:45:39.495,12767,12768,12767,1,-1
2020-08-14 15:45:40.986,12767,12768,12767,1,-1
2020-08-14 15:45:41.216,12767,12768,12767,1,-1
2020-08-14 15:45:45.361,12767,12768,12768,1,1
2020-08-14 15:45:47.284,12767,12768,12767,1,-1
2020-08-14 15:45:47.459,12767,12768,12768,3,3
2020-08-14 15:45:50.511,12767,12768,12768,4,4
2020-08-14 15:45:52.111,12767,12769,12768,1,-1
2020-08-14 15:45:52.503,12768,12769,12768,1,-1
2020-08-14 15:45:55.310,12768,12769,12769,1,1
2020-08-14 15:45:55.952,12768,12769,12768,1,-1
2020-08-14 15:45:56.654,12768,12769,12768,1,-1
2020-08-14 15:45:57.712,12768,12769,12768,1,-1
2020-08-14 15:45:59.759,12768,12769,12769,1,1
2020-08-14 15:46:01.616,12768,12769,12768,1,-1
2020-08-14 15:46:02.269,12768,12769,12768,6,-6
2020-08-14 15:46:02.270,12768,12769,12768,1,-1
2020-08-14 15:46:07.995,12768,12769,12768,1,-1
2020-08-14 15:46:08.036,12768,12769,12768,1,-1
2020-08-14 15:46:09.389,12768,12769,12769,9,9
2020-08-14 15:46:09.389,12768,12769,12770,1,1
2020-08-14 15:46:14.337,12768,12769,12769,1,1
2020-08-14 15:46:14.703,12768,12769,12769,2,2
2020-08-14 15:46:14.703,12768,12769,12769,1,1
2020-08-14 15:46:14.755,12768,12769,12769,1,1
2020-08-14 15:46:15.092,12768,12769,12769,1,1
2020-08-14 15:46:15.265,12768,12769,12768,1,-1
2020-08-14 15:46:15.503,12768,12769,12769,2,2
2020-08-14 15:46:19.221,12769,12770,12769,1,-1
2020-08-14 15:46:19.874,12769,12770,12770,2,2
2020-08-14 15:46:22.937,12769,12770,12770,1,1
2020-08-14 15:46:25.594,12768,12770,12770,1,1
2020-08-14 15:46:26.030,12768,12769,12769,1,1
2020-08-14 15:46:26.696,12769,12770,12769,1,-1
2020-08-14 15:46:28.559,12769,12770,12769,2,-2
2020-08-14 15:46:32.584,12768,12769,12769,1,1
2020-08-14 15:46:36.525,12768,12769,12769,1,1
2020-08-14 15:46:38.692,12768,12769,12769,1,1
2020-08-14 15:46:40.518,12768,12769,12768,2,-2
2020-08-14 15:46:41.141,12768,12769,12768,2,-2
2020-08-14 15:46:41.412,12767,12768,12768,5,5
2020-08-14 15:46:42.944,12767,12768,12768,1,1
2020-08-14 15:46:58.949,12767,12768,12767,1,-1
2020-08-14 15:47:02.164,12767,12768,12767,2,-2
2020-08-14 15:47:05.353,12767,12768,12767,3,-3
2020-08-14 15:47:05.816,12767,12768,12767,12,-12
2020-08-14 15:47:05.862,12767,12768,12767,11,-11
2020-08-14 15:47:07.254,12766,12768,12766,1,-1
2020-08-14 15:47:08.695,12766,12767,12766,3,-3
2020-08-14 15:47:09.703,12766,12767,12767,1,1
2020-08-14 15:47:11.460,12766,12767,12766,4,-4
2020-08-14 15:47:11.827,12766,12767,12766,1,-1
2020-08-14 15:47:15.147,12766,12767,12766,2,-2
2020-08-14 15:47:16.570,12766,12767,12766,2,-2
2020-08-14 15:47:17.390,12766,12767,12766,7,-7
2020-08-14 15:47:18.846,12765,12766,12765,3,-3
2020-08-14 15:47:19.056,12765,12766,12765,3,-3
2020-08-14 15:47:19.068,12765,12766,12765,1,-1
2020-08-14 15:47:19.093,12765,12766,12765,2,-2
2020-08-14 15:47:19.341,12765,12766,12765,1,-1
2020-08-14 15:47:19.350,12765,12766,12765,1,-1
2020-08-14 15:47:19.360,12765,12766,12765,1,-1
2020-08-14 15:47:19.368,12765,12766,12765,1,-1
2020-08-14 15:47:19.376,12765,12766,12765,1,-1
2020-08-14 15:47:19.396,12765,12766,12766,2,2
2020-08-14 15:47:20.632,12765,12766,12765,9,-9
2020-08-14 15:47:20.633,12765,12766,12765,2,-2
2020-08-14 15:47:21.374,12765,12766,12766,17,17
2020-08-14 15:47:21.929,12766,12767,12766,1,-1
2020-08-14 15:47:22.299,12766,12767,12767,5,5
2020-08-14 15:47:25.742,12767,12768,12767,1,-1
2020-08-14 15:47:30.924,12766,12767,12767,1,1
2020-08-14 15:47:31.532,12766,12767,12766,4,-4
2020-08-14 15:47:31.532,12766,12767,12765,1,-1
2020-08-14 15:47:31.737,12765,12767,12765,5,-5
2020-08-14 15:47:31.921,12765,12766,12765,2,-2
2020-08-14 15:47:31.921,12765,12766,12764,3,-3
2020-08-14 15:47:32.105,12764,12766,12764,5,-5
2020-08-14 15:47:32.119,12764,12766,12764,1,-1
2020-08-14 15:47:32.200,12764,12766,12764,1,-1
2020-08-14 15:47:32.266,12764,12766,12764,5,-5
2020-08-14 15:47:32.276,12764,12766,12764,1,-1
2020-08-14 15:47:32.519,12763,12765,12763,5,-5
2020-08-14 15:47:32.673,12763,12764,12763,1,-1
2020-08-14 15:47:32.729,12763,12764,12763,1,-1
2020-08-14 15:47:32.913,12763,12764,12763,2,-2
2020-08-14 15:47:33.189,12763,12764,12763,2,-2
2020-08-14 15:47:33.254,12763,12764,12763,1,-1
2020-08-14 15:47:34.619,12763,12764,12764,1,1
2020-08-14 15:47:34.620,12763,12764,12764,4,4
2020-08-14 15:47:36.740,12764,12766,12764,3,-3
2020-08-14 15:47:37.165,12764,12766,12764,1,-1
2020-08-14 15:47:38.373,12764,12766,12764,1,-1
2020-08-14 15:47:39.187,12764,12766,12764,5,-5
2020-08-14 15:47:39.366,12764,12765,12764,5,-5
2020-08-14 15:47:39.719,12764,12765,12765,5,5
2020-08-14 15:47:41.890,12764,12766,12766,3,3
2020-08-14 15:47:46.123,12765,12766,12765,5,-5
2020-08-14 15:47:46.154,12765,12766,12765,2,-2
2020-08-14 15:47:46.809,12765,12766,12765,1,-1
2020-08-14 15:47:48.352,12764,12766,12765,1,-1
2020-08-14 15:47:48.718,12764,12765,12764,1,-1
2020-08-14 15:47:53.711,12764,12765,12765,12,12
2020-08-14 15:47:56.885,12765,12766,12766,2,2
2020-08-14 15:47:56.885,12765,12766,12766,1,1
2020-08-14 15:47:56.885,12765,12766,12766,5,5
2020-08-14 15:47:56.885,12765,12766,12766,2,2
2020-08-14 15:47:56.885,12765,12766,12766,1,1
2020-08-14 15:47:57.162,12765,12767,12766,1,-1
2020-08-14 15:48:02.530,12766,12767,12767,3,3
2020-08-14 15:48:02.891,12766,12767,12766,1,-1
2020-08-14 15:48:04.019,12765,12766,12766,1,1
2020-08-14 15:48:04.728,12765,12766,12766,1,1
2020-08-14 15:48:05.215,12765,12766,12766,3,3
2020-08-14 15:48:05.343,12766,12767,12766,1,-1
2020-08-14 15:48:05.440,12766,12767,12767,1,1
2020-08-14 15:48:05.475,12766,12767,12766,1,-1
2020-08-14 15:48:07.730,12765,12766,12765,1,-1
2020-08-14 15:48:08.446,12765,12766,12765,1,-1
2020-08-14 15:48:08.446,12765,12766,12765,2,-2
2020-08-14 15:48:08.446,12765,12766,12765,4,-4
2020-08-14 15:48:08.446,12765,12766,12765,9,-9
2020-08-14 15:48:08.479,12765,12766,12764,2,-2
2020-08-14 15:48:08.521,12764,12765,12764,1,-1
2020-08-14 15:48:08.542,12764,12765,12764,1,-1
2020-08-14 15:48:10.172,12764,12766,12766,1,1
2020-08-14 15:48:11.885,12764,12765,12764,1,-1
2020-08-14 15:48:12.269,12764,12765,12764,4,-4
2020-08-14 15:48:12.269,12764,12765,12763,1,-1
2020-08-14 15:48:12.274,12764,12765,12765,1,1
2020-08-14 15:48:12.481,12764,12766,12764,5,-5
2020-08-14 15:48:12.659,12764,12766,12764,5,-5
2020-08-14 15:48:12.847,12764,12765,12764,5,-5
2020-08-14 15:48:12.968,12764,12765,12764,3,-3
2020-08-14 15:48:12.968,12764,12765,12763,2,-2
2020-08-14 15:48:13.140,12763,12765,12763,5,-5
2020-08-14 15:48:13.354,12763,12765,12763,5,-5
2020-08-14 15:48:15.177,12764,12765,12764,4,4
2020-08-14 15:48:16.078,12763,12765,12763,5,-5
2020-08-14 15:48:20.562,12764,12765,12765,1,1
2020-08-14 15:48:22.167,12764,12765,12765,2,2
2020-08-14 15:48:23.108,12764,12765,12765,1,1
2020-08-14 15:48:23.690,12764,12766,12764,1,-1
2020-08-14 15:48:25.259,12764,12765,12765,2,2
2020-08-14 15:48:25.999,12764,12766,12765,1,-1
2020-08-14 15:48:27.054,12764,12766,12764,1,-1
2020-08-14 15:48:27.819,12764,12766,12764,9,-9
2020-08-14 15:48:27.819,12764,12766,12763,6,-6
2020-08-14 15:48:28.213,12764,12765,12764,1,1
2020-08-14 15:48:28.277,12764,12765,12764,2,-2
2020-08-14 15:48:28.277,12764,12765,12763,1,-1
2020-08-14 15:48:28.955,12764,12765,12765,1,1
2020-08-14 15:48:29.692,12764,12765,12764,1,-1
2020-08-14 15:48:29.692,12764,12765,12764,2,-2
2020-08-14 15:48:33.882,12763,12764,12763,1,-1
2020-08-14 15:48:34.005,12763,12764,12763,1,-1
2020-08-14 15:48:34.066,12763,12764,12763,3,-3
2020-08-14 15:48:34.066,12763,12764,12762,1,-1
2020-08-14 15:48:34.165,12762,12764,12762,1,-1
2020-08-14 15:48:34.297,12762,12764,12764,1,1
2020-08-14 15:48:34.484,12763,12764,12763,1,-1
2020-08-14 15:48:35.241,12763,12764,12764,1,1
2020-08-14 15:48:35.575,12763,12765,12763,1,-1
2020-08-14 15:48:35.985,12763,12765,12763,1,-1
2020-08-14 15:48:37.660,12764,12765,12764,3,3
2020-08-14 15:48:37.661,12764,12765,12764,7,-7
2020-08-14 15:48:41.992,12763,12764,12763,1,-1
2020-08-14 15:48:43.958,12763,12764,12764,7,7
2020-08-14 15:48:43.958,12763,12764,12765,2,2
2020-08-14 15:48:44.201,12763,12765,12763,2,-2
2020-08-14 15:48:44.505,12763,12765,12765,5,5
2020-08-14 15:48:45.500,12763,12765,12763,1,-1
2020-08-14 15:48:46.258,12763,12764,12764,2,2
2020-08-14 15:48:46.944,12764,12765,12764,2,-2
2020-08-14 15:48:47.320,12764,12765,12764,1,-1
2020-08-14 15:48:47.582,12764,12765,12765,1,1
2020-08-14 15:48:49.070,12764,12765,12764,4,-4
2020-08-14 15:48:51.558,12763,12764,12764,1,1
2020-08-14 15:48:52.899,12764,12765,12764,3,-3
2020-08-14 15:48:52.899,12764,12765,12763,2,-2
2020-08-14 15:48:58.134,12763,12764,12764,1,1
2020-08-14 15:48:59.291,12764,12765,12764,2,-2
2020-08-14 15:48:59.291,12764,12765,12763,1,-1
2020-08-14 15:49:03.974,12764,12765,12765,16,16
2020-08-14 15:49:03.974,12764,12765,12765,7,7
2020-08-14 15:49:05.599,12765,12766,12765,3,-3
2020-08-14 15:49:05.641,12764,12766,12764,1,-1
2020-08-14 15:49:05.641,12764,12766,12764,1,-1
2020-08-14 15:49:06.156,12764,12766,12765,1,1
2020-08-14 15:49:07.061,12765,12766,12765,1,-1
2020-08-14 15:49:07.079,12765,12766,12765,4,-4
2020-08-14 15:49:08.503,12763,12765,12765,1,1
2020-08-14 15:49:11.524,12765,12766,12765,1,-1
2020-08-14 15:49:12.771,12764,12765,12765,2,2
2020-08-14 15:49:13.172,12765,12766,12765,1,-1
2020-08-14 15:49:13.185,12765,12766,12765,1,-1
2020-08-14 15:49:15.280,12765,12766,12765,1,-1
2020-08-14 15:49:15.494,12764,12765,12765,2,2
2020-08-14 15:49:15.585,12764,12765,12765,1,1
2020-08-14 15:49:16.001,12764,12765,12765,1,1
2020-08-14 15:49:16.011,12765,12766,12766,5,5
2020-08-14 15:49:21.920,12765,12766,12765,1,-1
2020-08-14 15:49:22.810,12765,12766,12765,1,-1
2020-08-14 15:49:23.246,12765,12766,12766,1,1
2020-08-14 15:49:24.024,12765,12766,12765,2,-2
2020-08-14 15:49:29.708,12765,12766,12765,1,-1
2020-08-14 15:49:30.920,12765,12766,12766,1,1
2020-08-14 15:49:31.071,12765,12766,12766,1,1
2020-08-14 15:49:31.343,12765,12766,12766,10,10
2020-08-14 15:49:31.343,12765,12766,12766,3,3
2020-08-14 15:49:32.296,12765,12766,12766,1,1
2020-08-14 15:49:33.491,12765,12767,12767,1,1
2020-08-14 15:49:34.543,12765,12767,12767,1,1
2020-08-14 15:49:37.806,12765,12766,12765,2,-2
2020-08-14 15:49:37.806,12765,12766,12765,3,-3
2020-08-14 15:49:37.806,12765,12766,12765,3,-3
2020-08-14 15:49:37.806,12765,12766,12765,20,-20
2020-08-14 15:49:37.806,12765,12766,12765,2,-2
2020-08-14 15:49:37.806,12765,12766,12765,12,-12
2020-08-14 15:49:38.186,12764,12765,12764,1,-1
2020-08-14 15:49:38.232,12764,12765,12765,1,1
2020-08-14 15:49:39.642,12763,12765,12765,1,1
2020-08-14 15:49:40.935,12763,12765,12763,6,-6
2020-08-14 15:49:42.476,12763,12765,12763,1,-1
2020-08-14 15:49:46.264,12764,12765,12765,1,1
2020-08-14 15:49:46.677,12764,12766,12766,2,2
2020-08-14 15:49:47.508,12764,12766,12766,1,1
2020-08-14 15:49:52.952,12764,12765,12765,1,1
2020-08-14 15:49:57.692,12764,12766,12764,5,-5
2020-08-14 15:50:00.531,12763,12765,12763,2,-2
2020-08-14 15:50:01.704,12763,12765,12765,1,1
2020-08-14 15:50:07.176,12764,12765,12765,1,1
2020-08-14 15:50:14.357,12764,12765,12764,1,-1
2020-08-14 15:50:14.511,12763,12764,12763,2,-2
2020-08-14 15:50:14.512,12763,12764,12763,1,-1
2020-08-14 15:50:14.515,12763,12764,12763,1,-1
2020-08-14 15:50:14.779,12762,12763,12763,4,4
2020-08-14 15:50:15.042,12763,12764,12763,1,-1
2020-08-14 15:50:15.955,12762,12763,12762,2,-2
2020-08-14 15:50:16.463,12762,12763,12763,1,1
2020-08-14 15:50:16.505,12762,12763,12763,5,5
2020-08-14 15:50:16.839,12762,12763,12763,2,2
2020-08-14 15:50:16.840,12762,12763,12763,2,2
2020-08-14 15:50:16.840,12762,12763,12763,1,1
2020-08-14 15:50:16.840,12762,12763,12763,3,3
2020-08-14 15:50:22.374,12763,12764,12763,1,-1
2020-08-14 15:50:23.417,12763,12764,12764,1,1
2020-08-14 15:50:27.865,12763,12764,12763,3,-3
2020-08-14 15:50:27.865,12763,12764,12763,2,-2
2020-08-14 15:50:33.547,12763,12764,12763,2,-2
2020-08-14 15:50:33.629,12763,12764,12763,5,-5
2020-08-14 15:50:36.452,12763,12764,12763,2,-2
2020-08-14 15:50:37.955,12763,12764,12764,3,3
2020-08-14 15:50:37.956,12763,12764,12764,2,2
2020-08-14 15:50:38.681,12764,12765,12765,1,1
2020-08-14 15:50:39.552,12764,12765,12765,12,12
2020-08-14 15:50:41.286,12764,12766,12764,1,-1
2020-08-14 15:50:42.153,12764,12765,12764,10,-10
2020-08-14 15:50:49.295,12764,12765,12765,1,1
2020-08-14 15:50:49.514,12764,12765,12764,2,-2
2020-08-14 15:50:50.914,12764,12765,12765,4,4
2020-08-14 15:50:50.915,12764,12765,12765,2,2
2020-08-14 15:50:53.710,12764,12765,12765,1,1
2020-08-14 15:50:53.710,12764,12765,12765,1,1
2020-08-14 15:50:54.170,12765,12766,12766,2,2
2020-08-14 15:50:54.177,12765,12766,12765,2,-2
2020-08-14 15:50:54.227,12765,12766,12765,2,-2
2020-08-14 15:50:54.707,12764,12765,12765,1,1
2020-08-14 15:50:55.343,12764,12765,12765,1,1
2020-08-14 15:50:56.160,12764,12765,12765,1,1
2020-08-14 15:50:58.362,12764,12765,12765,1,1
2020-08-14 15:50:58.991,12764,12765,12765,2,2
2020-08-14 15:50:59.375,12764,12765,12765,2,2
2020-08-14 15:50:59.376,12764,12765,12765,2,2
2020-08-14 15:50:59.387,12765,12766,12765,2,-2
2020-08-14 15:51:00.785,12765,12766,12765,1,-1
2020-08-14 15:51:00.785,12765,12766,12764,3,-3
2020-08-14 15:51:01.010,12764,12766,12764,1,-1
2020-08-14 15:51:02.452,12764,12766,12766,5,5
2020-08-14 15:51:06.276,12764,12766,12765,1,-1
2020-08-14 15:51:08.116,12764,12765,12764,2,-2
2020-08-14 15:51:16.385,12765,12766,12765,1,1
2020-08-14 15:51:21.899,12765,12766,12765,1,-1
2020-08-14 15:51:27.852,12765,12766,12765,3,-3
2020-08-14 15:51:29.106,12764,12766,12764,2,-2
2020-08-14 15:51:29.113,12764,12766,12764,5,-5
2020-08-14 15:51:29.113,12764,12766,12764,4,-4
2020-08-14 15:51:29.174,12763,12764,12763,3,-3
2020-08-14 15:51:29.520,12763,12764,12763,1,-1
2020-08-14 15:51:29.558,12763,12764,12763,1,-1
2020-08-14 15:51:29.770,12763,12764,12763,4,-4
2020-08-14 15:51:29.869,12763,12764,12763,1,-1
2020-08-14 15:51:29.869,12763,12764,12763,2,-2
2020-08-14 15:51:29.870,12763,12764,12763,3,-3
2020-08-14 15:51:30.989,12762,12764,12762,2,-2
2020-08-14 15:51:31.803,12762,12763,12762,1,-1
2020-08-14 15:51:32.688,12762,12763,12762,2,-2
2020-08-14 15:51:32.689,12762,12763,12762,12,-12
2020-08-14 15:51:32.888,12761,12762,12761,2,-2
2020-08-14 15:51:33.290,12761,12762,12761,1,-1
2020-08-14 15:51:33.425,12761,12762,12761,1,-1
2020-08-14 15:51:33.755,12761,12762,12762,2,2
2020-08-14 15:51:34.011,12761,12763,12761,1,-1
2020-08-14 15:51:35.085,12761,12762,12762,2,2
2020-08-14 15:51:35.086,12761,12762,12762,1,1
2020-08-14 15:51:36.694,12761,12762,12761,1,-1
2020-08-14 15:51:37.107,12761,12762,12761,10,-10
2020-08-14 15:51:37.108,12761,12762,12761,12,-12
2020-08-14 15:51:38.993,12760,12762,12760,5,-5
2020-08-14 15:51:39.008,12760,12762,12762,1,1
2020-08-14 15:51:39.041,12760,12762,12760,1,-1
2020-08-14 15:51:39.051,12760,12762,12760,1,-1
2020-08-14 15:51:39.055,12760,12762,12762,1,1
2020-08-14 15:51:39.059,12760,12762,12760,3,-3
2020-08-14 15:51:39.071,12760,12762,12760,5,-5
2020-08-14 15:51:39.078,12760,12762,12760,5,-5
2020-08-14 15:51:39.152,12760,12761,12760,15,-15
2020-08-14 15:51:39.226,12760,12761,12760,1,-1
2020-08-14 15:51:39.319,12760,12761,12761,1,1
2020-08-14 15:51:39.500,12760,12761,12760,1,-1
2020-08-14 15:51:39.503,12760,12761,12760,2,-2
2020-08-14 15:51:39.510,12760,12761,12760,1,-1
2020-08-14 15:51:40.114,12760,12761,12760,1,-1
2020-08-14 15:51:40.236,12760,12761,12761,1,1
2020-08-14 15:51:40.241,12760,12761,12760,1,-1
2020-08-14 15:51:40.241,12760,12761,12760,1,-1
2020-08-14 15:51:40.257,12760,12761,12760,1,-1
2020-08-14 15:51:41.282,12760,12762,12760,3,-3
2020-08-14 15:51:42.235,12760,12762,12760,2,-2
2020-08-14 15:51:43.526,12761,12762,12761,1,1
2020-08-14 15:51:45.227,12761,12763,12761,2,-2
2020-08-14 15:51:46.089,12761,12763,12761,1,-1
2020-08-14 15:51:47.625,12761,12763,12761,1,-1
2020-08-14 15:51:48.112,12761,12763,12761,1,-1
2020-08-14 15:51:48.437,12761,12763,12761,8,-8
2020-08-14 15:51:48.445,12761,12763,12761,1,-1
2020-08-14 15:51:49.866,12761,12762,12761,1,-1
2020-08-14 15:51:49.866,12761,12762,12760,7,-7
2020-08-14 15:51:50.880,12760,12762,12761,1,1
2020-08-14 15:51:54.587,12761,12762,12762,2,2
2020-08-14 15:51:54.587,12761,12762,12762,2,2
2020-08-14 15:51:54.675,12762,12763,12762,1,-1
2020-08-14 15:51:55.213,12762,12763,12762,1,-1
2020-08-14 15:51:57.040,12762,12763,12762,1,-1
2020-08-14 15:51:58.970,12762,12763,12763,1,1
2020-08-14 15:51:58.970,12762,12763,12763,9,9
2020-08-14 15:51:59.956,12762,12764,12762,1,-1
2020-08-14 15:52:02.178,12763,12764,12763,2,2
2020-08-14 15:52:03.138,12763,12764,12763,6,-6
2020-08-14 15:52:03.139,12763,12764,12763,4,-4
2020-08-14 15:52:03.465,12762,12764,12763,3,-3
2020-08-14 15:52:03.465,12762,12764,12763,1,-1
2020-08-14 15:52:03.556,12763,12764,12763,4,-4
2020-08-14 15:52:03.884,12762,12764,12762,1,-1
2020-08-14 15:52:04.112,12762,12764,12764,2,2
2020-08-14 15:52:07.408,12763,12764,12763,1,-1
2020-08-14 15:52:14.667,12763,12764,12764,1,1
2020-08-14 15:52:14.667,12763,12764,12764,4,4
2020-08-14 15:52:19.340,12763,12765,12763,1,-1
2020-08-14 15:52:22.094,12764,12765,12764,1,1
2020-08-14 15:52:23.812,12763,12764,12764,1,1
2020-08-14 15:52:27.329,12764,12765,12764,1,-1
2020-08-14 15:52:33.956,12763,12764,12764,3,3
2020-08-14 15:52:34.875,12763,12764,12764,2,2
2020-08-14 15:52:35.612,12763,12764,12764,2,2
2020-08-14 15:52:35.612,12763,12764,12765,5,5
2020-08-14 15:52:35.613,12763,12764,12764,1,1
2020-08-14 15:52:35.613,12763,12764,12764,1,1
2020-08-14 15:52:35.637,12764,12765,12764,2,-2
2020-08-14 15:52:38.546,12764,12765,12765,4,4
2020-08-14 15:52:38.864,12765,12766,12765,1,-1
2020-08-14 15:52:40.182,12765,12766,12765,2,-2
2020-08-14 15:52:46.840,12765,12766,12766,1,1
2020-08-14 15:52:46.840,12765,12766,12766,5,5
2020-08-14 15:52:51.479,12766,12767,12767,1,1
2020-08-14 15:52:51.480,12766,12767,12767,12,12
2020-08-14 15:52:51.480,12766,12767,12767,1,1
2020-08-14 15:52:51.480,12766,12767,12767,2,2
2020-08-14 15:52:51.480,12766,12767,12767,1,1
2020-08-14 15:52:51.574,12766,12768,12768,5,5
2020-08-14 15:52:56.532,12766,12768,12768,1,1
2020-08-14 15:52:56.892,12766,12767,12767,1,1
2020-08-14 15:52:56.922,12766,12767,12767,1,1
2020-08-14 15:52:57.133,12766,12767,12767,1,1
2020-08-14 15:53:00.341,12766,12767,12767,1,1
2020-08-14 15:53:02.195,12767,12768,12767,2,-2
2020-08-14 15:53:03.116,12766,12767,12767,1,1
2020-08-14 15:53:03.203,12766,12767,12766,2,-2
2020-08-14 15:53:10.297,12766,12767,12766,1,-1
2020-08-14 15:53:13.297,12766,12767,12766,1,-1
2020-08-14 15:53:13.411,12766,12767,12766,2,-2
2020-08-14 15:53:16.621,12766,12767,12766,1,-1
2020-08-14 15:53:17.234,12766,12767,12766,1,-1
2020-08-14 15:53:17.555,12766,12767,12766,2,-2
2020-08-14 15:53:24.930,12765,12766,12766,1,1
2020-08-14 15:53:35.613,12766,12767,12766,1,-1
2020-08-14 15:53:37.078,12765,12766,12766,1,1
2020-08-14 15:53:42.119,12766,12767,12767,1,1
2020-08-14 15:53:45.152,12766,12767,12767,6,6
2020-08-14 15:53:45.197,12766,12767,12768,2,2
2020-08-14 15:53:47.309,12767,12768,12767,1,-1
2020-08-14 15:53:48.217,12766,12768,12766,1,-1
2020-08-14 15:53:50.557,12766,12767,12766,1,-1
2020-08-14 15:53:50.768,12766,12767,12767,1,1
2020-08-14 15:53:52.658,12766,12767,12767,2,2
2020-08-14 15:53:53.459,12767,12768,12767,3,-3
2020-08-14 15:54:05.387,12766,12767,12767,1,1
2020-08-14 15:54:05.387,12766,12767,12768,1,1
2020-08-14 15:54:11.269,12766,12767,12766,2,-2
2020-08-14 15:54:11.269,12766,12767,12766,6,-6
2020-08-14 15:54:11.539,12765,12767,12767,1,1
2020-08-14 15:54:12.352,12765,12766,12766,1,1
2020-08-14 15:54:14.939,12765,12766,12765,1,-1
2020-08-14 15:54:15.360,12765,12766,12766,2,2
2020-08-14 15:54:16.438,12765,12766,12765,1,-1
2020-08-14 15:54:19.594,12765,12766,12765,1,-1
2020-08-14 15:54:20.213,12765,12766,12766,1,1
2020-08-14 15:54:22.022,12765,12767,12765,1,-1
2020-08-14 15:54:27.124,12766,12767,12766,1,1
2020-08-14 15:54:32.454,12765,12766,12766,1,1
2020-08-14 15:54:32.524,12765,12766,12766,1,1
2020-08-14 15:54:33.663,12765,12766,12766,1,1
2020-08-14 15:54:38.141,12765,12766,12766,1,1
2020-08-14 15:54:40.564,12765,12766,12765,3,-3
2020-08-14 15:54:48.838,12765,12766,12765,3,-3
2020-08-14 15:54:50.730,12764,12766,12764,1,-1
2020-08-14 15:54:56.069,12764,12765,12765,1,1
2020-08-14 15:54:56.934,12765,12766,12765,2,-2
2020-08-14 15:54:58.612,12765,12766,12765,2,-2
2020-08-14 15:55:00.271,12764,12765,12765,2,2
2020-08-14 15:55:02.426,12765,12766,12765,1,-1
2020-08-14 15:55:03.524,12764,12765,12765,1,1
2020-08-14 15:55:03.824,12764,12765,12765,1,1
2020-08-14 15:55:05.529,12764,12765,12764,1,-1
2020-08-14 15:55:06.136,12764,12765,12764,1,-1
2020-08-14 15:55:06.136,12764,12765,12764,3,-3
2020-08-14 15:55:07.645,12763,12764,12763,12,-12
2020-08-14 15:55:08.258,12762,12763,12762,1,-1
2020-08-14 15:55:10.757,12762,12763,12762,2,-2
2020-08-14 15:55:10.757,12762,12763,12762,1,-1
2020-08-14 15:55:10.757,12762,12763,12762,3,-3
2020-08-14 15:55:10.757,12762,12763,12762,1,-1
2020-08-14 15:55:10.757,12762,12763,12762,4,-4
2020-08-14 15:55:11.528,12761,12763,12761,2,-2
2020-08-14 15:55:12.309,12761,12763,12761,1,-1
2020-08-14 15:55:17.471,12761,12762,12761,1,-1
2020-08-14 15:55:17.523,12761,12762,12762,1,1
2020-08-14 15:55:18.665,12761,12762,12762,1,1
2020-08-14 15:55:19.187,12761,12762,12761,1,-1
2020-08-14 15:55:21.123,12761,12762,12762,1,1
2020-08-14 15:55:21.445,12762,12764,12762,1,-1
2020-08-14 15:55:23.376,12761,12763,12761,1,-1
2020-08-14 15:55:26.286,12762,12764,12762,1,1
2020-08-14 15:55:32.226,12762,12763,12762,1,-1
2020-08-14 15:55:37.503,12762,12763,12763,2,2
2020-08-14 15:55:43.164,12762,12763,12763,1,1
2020-08-14 15:55:48.146,12762,12763,12763,1,1
2020-08-14 15:55:49.008,12762,12763,12763,1,1
2020-08-14 15:55:53.097,12763,12765,12763,1,-1
2020-08-14 15:55:53.357,12763,12765,12765,1,1
2020-08-14 15:55:57.257,12763,12764,12764,1,1
2020-08-14 15:56:03.543,12763,12765,12763,1,-1
2020-08-14 15:56:04.344,12763,12765,12763,4,-4
2020-08-14 15:56:06.964,12763,12765,12765,1,1
2020-08-14 15:56:18.192,12764,12765,12764,1,-1
2020-08-14 15:56:24.984,12763,12764,12764,1,1
2020-08-14 15:56:30.090,12764,12765,12764,1,-1
2020-08-14 15:56:33.491,12764,12765,12764,1,-1
2020-08-14 15:56:35.144,12764,12765,12764,1,-1
2020-08-14 15:56:35.643,12764,12765,12765,12,12
2020-08-14 15:56:51.116,12764,12765,12765,2,2
2020-08-14 15:57:02.180,12765,12766,12766,4,4
2020-08-14 15:57:20.326,12765,12766,12766,1,1
2020-08-14 15:57:20.403,12765,12766,12766,3,3
2020-08-14 15:57:29.582,12765,12766,12766,1,1
2020-08-14 15:57:31.211,12765,12766,12766,1,1
2020-08-14 15:57:41.916,12765,12767,12767,1,1
2020-08-14 15:57:44.500,12766,12767,12767,2,2
2020-08-14 15:57:44.500,12766,12767,12767,3,3
2020-08-14 15:57:55.132,12767,12768,12768,2,2
2020-08-14 15:57:55.132,12767,12768,12768,8,8
2020-08-14 15:57:55.464,12768,12769,12768,1,-1
2020-08-14 15:57:58.882,12767,12769,12769,1,1
2020-08-14 15:57:58.911,12767,12769,12769,1,1
2020-08-14 15:58:01.418,12768,12769,12768,1,-1
2020-08-14 15:58:02.501,12767,12768,12768,2,2
2020-08-14 15:58:04.090,12767,12769,12767,2,-2
2020-08-14 15:58:07.090,12767,12768,12768,1,1
2020-08-14 15:58:07.862,12767,12768,12767,1,-1
2020-08-14 15:58:09.439,12767,12768,12768,2,2
2020-08-14 15:58:10.408,12767,12768,12767,4,-4
2020-08-14 15:58:14.002,12767,12768,12768,1,1
2020-08-14 15:58:31.913,12767,12768,12767,4,-4
2020-08-14 15:58:33.303,12766,12768,12768,1,1
2020-08-14 15:58:44.364,12766,12768,12768,1,1
2020-08-14 15:58:46.369,12767,12768,12768,1,1
2020-08-14 15:58:47.449,12767,12768,12767,1,-1
2020-08-14 15:58:49.378,12766,12768,12768,14,14
2020-08-14 15:58:49.378,12766,12768,12769,8,8
2020-08-14 15:59:00.017,12767,12768,12767,1,-1
2020-08-14 15:59:02.728,12766,12768,12766,1,-1
2020-08-14 15:59:04.598,12767,12768,12767,5,5
2020-08-14 15:59:15.345,12767,12768,12767,2,-2
2020-08-14 15:59:16.788,12766,12767,12767,2,2
2020-08-14 15:59:21.754,12767,12768,12767,1,-1
2020-08-14 15:59:30.268,12766,12767,12767,1,1
2020-08-14 15:59:34.245,12766,12768,12767,1,-1
2020-08-14 15:59:39.830,12767,12768,12768,6,6
2020-08-14 15:59:39.830,12767,12768,12768,2,2
2020-08-14 16:00:00.587,12768,12769,12768,1,-1
2020-08-14 16:00:01.630,12767,12768,12767,4,-4
2020-08-14 16:00:06.884,12766,12767,12767,8,8
2020-08-14 16:00:08.967,12767,12768,12767,1,-1
2020-08-14 16:00:08.979,12767,12768,12767,2,-2
2020-08-14 16:00:09.164,12766,12768,12766,1,-1
2020-08-14 16:00:09.918,12766,12767,12766,1,-1
2020-08-14 16:00:09.919,12766,12767,12766,1,-1
2020-08-14 16:00:09.992,12766,12767,12766,3,-3
2020-08-14 16:00:10.930,12765,12766,12765,13,-13
2020-08-14 16:00:11.051,12764,12765,12764,1,-1
2020-08-14 16:00:11.291,12764,12765,12764,1,-1
2020-08-14 16:00:11.293,12764,12765,12764,1,-1
2020-08-14 16:00:11.299,12764,12765,12764,1,-1
2020-08-14 16:00:12.158,12763,12765,12765,1,1
2020-08-14 16:00:15.456,12764,12766,12765,11,-11
2020-08-14 16:00:15.456,12764,12766,12765,1,-1
2020-08-14 16:00:18.197,12764,12766,12764,1,-1
2020-08-14 16:00:19.109,12764,12765,12765,1,1
2020-08-14 16:00:28.050,12765,12767,12767,1,1
2020-08-14 16:00:30.075,12765,12766,12765,2,-2
2020-08-14 16:00:30.487,12765,12766,12765,1,-1
2020-08-14 16:00:40.681,12764,12765,12764,4,-4
2020-08-14 16:00:43.166,12763,12764,12764,1,1
2020-08-14 16:00:43.960,12763,12764,12763,3,-3
2020-08-14 16:00:43.962,12763,12764,12763,3,-3
2020-08-14 16:00:55.951,12763,12764,12763,3,-3
2020-08-14 16:00:55.952,12763,12764,12763,2,-2
2020-08-14 16:00:55.996,12763,12764,12763,1,-1
2020-08-14 16:00:58.274,12762,12763,12763,2,2
2020-08-14 16:00:58.795,12762,12763,12763,1,1
2020-08-14 16:01:00.103,12763,12764,12763,1,-1
2020-08-14 16:01:01.110,12762,12763,12763,1,1
2020-08-14 16:01:05.579,12763,12764,12763,1,-1
2020-08-14 16:01:10.089,12762,12763,12763,1,1
2020-08-14 16:01:13.506,12762,12763,12763,1,1
2020-08-14 16:01:14.032,12763,12764,12764,1,1
2020-08-14 16:01:25.021,12762,12764,12764,1,1
2020-08-14 16:01:25.498,12762,12764,12762,1,-1
2020-08-14 16:01:28.717,12763,12764,12764,1,1
2020-08-14 16:01:34.984,12763,12764,12763,1,-1
2020-08-14 16:01:41.614,12763,12764,12763,1,-1
2020-08-14 16:02:07.501,12763,12765,12763,2,-2
2020-08-14 16:02:10.217,12763,12765,12765,2,2
2020-08-14 16:02:12.399,12764,12766,12764,1,-1
2020-08-14 16:02:26.531,12765,12766,12766,2,2
2020-08-14 16:02:35.279,12766,12767,12767,1,1
2020-08-14 16:02:35.378,12766,12767,12766,1,-1
2020-08-14 16:02:35.784,12766,12767,12767,5,5
2020-08-14 16:02:36.254,12767,12768,12767,1,-1
2020-08-14 16:02:36.406,12767,12768,12767,3,-3
2020-08-14 16:02:39.112,12767,12768,12768,1,1
2020-08-14 16:02:39.159,12767,12768,12768,1,1
2020-08-14 16:02:39.598,12767,12768,12767,4,-4
2020-08-14 16:02:39.794,12766,12768,12767,1,-1
2020-08-14 16:02:44.449,12767,12768,12768,1,1
2020-08-14 16:02:45.065,12767,12768,12767,1,-1
2020-08-14 16:02:45.418,12767,12768,12768,1,1
2020-08-14 16:02:45.768,12767,12768,12768,12,12
2020-08-14 16:02:47.948,12767,12768,12767,1,-1
2020-08-14 16:02:51.287,12766,12767,12766,1,-1
2020-08-14 16:02:53.353,12766,12767,12767,1,1
2020-08-14 16:02:53.353,12766,12767,12767,1,1
2020-08-14 16:03:06.535,12767,12769,12767,1,-1
2020-08-14 16:03:11.567,12767,12768,12767,1,-1
2020-08-14 16:03:16.247,12767,12768,12767,1,-1
2020-08-14 16:03:17.178,12767,12768,12767,1,-1
2020-08-14 16:03:18.450,12766,12768,12766,1,-1
2020-08-14 16:03:21.121,12767,12768,12767,1,1
2020-08-14 16:03:21.753,12766,12767,12766,1,-1
2020-08-14 16:03:24.311,12766,12767,12766,10,-10
2020-08-14 16:03:24.597,12765,12767,12765,10,-10
2020-08-14 16:03:24.907,12765,12767,12765,1,-1
2020-08-14 16:03:32.132,12764,12765,12764,4,-4
2020-08-14 16:03:33.648,12763,12765,12765,1,1
2020-08-14 16:03:35.315,12763,12765,12763,1,-1
2020-08-14 16:03:37.583,12764,12765,12764,1,1
2020-08-14 16:03:37.628,12764,12765,12764,10,-10
2020-08-14 16:03:37.749,12763,12765,12763,1,-1
2020-08-14 16:03:41.940,12763,12764,12764,1,1
2020-08-14 16:03:42.201,12764,12765,12764,1,-1
2020-08-14 16:03:45.785,12763,12765,12763,1,-1
2020-08-14 16:03:48.696,12763,12765,12763,1,-1
2020-08-14 16:03:51.297,12763,12764,12763,10,-10
2020-08-14 16:03:58.562,12763,12765,12763,1,-1
2020-08-14 16:04:03.897,12763,12764,12763,15,-15
2020-08-14 16:04:13.963,12762,12763,12763,1,1
2020-08-14 16:04:17.103,12762,12763,12762,5,-5
2020-08-14 16:04:18.553,12762,12763,12762,6,-6
2020-08-14 16:04:24.736,12761,12763,12761,1,-1
2020-08-14 16:04:29.006,12761,12763,12762,1,1
2020-08-14 16:04:30.010,12761,12762,12761,1,-1
2020-08-14 16:04:32.510,12761,12762,12761,1,-1
2020-08-14 16:04:33.851,12761,12762,12761,1,-1
2020-08-14 16:04:34.169,12761,12762,12762,1,1
2020-08-14 16:04:34.871,12761,12762,12761,1,-1
2020-08-14 16:04:35.320,12761,12762,12761,1,-1
2020-08-14 16:04:35.593,12761,12762,12761,5,-5
2020-08-14 16:04:35.593,12761,12762,12761,13,-13
2020-08-14 16:04:35.593,12761,12762,12761,1,-1
2020-08-14 16:04:41.728,12760,12761,12760,10,-10
2020-08-14 16:04:41.728,12760,12761,12760,3,-3
2020-08-14 16:04:41.877,12759,12761,12759,9,-9
2020-08-14 16:04:41.899,12759,12761,12759,1,-1
2020-08-14 16:04:41.905,12759,12761,12760,2,2
2020-08-14 16:04:41.922,12759,12761,12759,1,-1
2020-08-14 16:04:41.965,12759,12761,12760,1,1
2020-08-14 16:04:42.006,12759,12761,12760,1,-1
2020-08-14 16:04:42.006,12759,12761,12759,6,-6
2020-08-14 16:04:42.009,12759,12761,12759,1,-1
2020-08-14 16:04:42.012,12759,12760,12760,2,2
2020-08-14 16:04:42.021,12759,12760,12759,1,-1
2020-08-14 16:04:42.032,12759,12760,12759,1,-1
2020-08-14 16:04:42.113,12759,12760,12759,1,-1
2020-08-14 16:04:42.225,12759,12761,12759,1,-1
2020-08-14 16:04:42.243,12759,12761,12759,1,-1
2020-08-14 16:04:42.256,12759,12761,12759,1,-1
2020-08-14 16:04:42.311,12759,12761,12759,1,-1
2020-08-14 16:04:42.380,12759,12761,12759,1,-1
2020-08-14 16:04:42.484,12759,12760,12759,1,-1
2020-08-14 16:04:42.560,12759,12760,12759,4,-4
2020-08-14 16:04:42.591,12759,12760,12758,1,-1
2020-08-14 16:04:42.602,12759,12760,12758,1,-1
2020-08-14 16:04:42.607,12759,12760,12758,1,-1
2020-08-14 16:04:42.666,12758,12760,12758,1,-1
2020-08-14 16:04:42.712,12758,12760,12758,1,-1
2020-08-14 16:04:42.748,12758,12760,12758,4,-4
2020-08-14 16:04:42.838,12758,12760,12758,2,-2
2020-08-14 16:04:42.971,12758,12760,12758,15,-15
2020-08-14 16:04:42.971,12758,12760,12758,3,-3
2020-08-14 16:04:42.971,12758,12760,12758,2,-2
2020-08-14 16:04:43.014,12757,12759,12757,1,-1
2020-08-14 16:04:43.025,12757,12759,12757,4,-4
2020-08-14 16:04:43.041,12757,12759,12757,2,-2
2020-08-14 16:04:43.064,12757,12759,12757,2,-2
2020-08-14 16:04:43.100,12757,12759,12756,1,-1
2020-08-14 16:04:43.161,12756,12758,12756,1,-1
2020-08-14 16:04:43.189,12756,12758,12756,1,-1
2020-08-14 16:04:43.270,12756,12758,12756,1,-1
2020-08-14 16:04:43.276,12756,12758,12756,1,-1
2020-08-14 16:04:43.332,12756,12758,12756,2,-2
2020-08-14 16:04:43.468,12756,12758,12756,4,-4
2020-08-14 16:04:43.545,12756,12758,12756,1,-1
2020-08-14 16:04:43.760,12756,12758,12756,1,-1
2020-08-14 16:04:44.057,12756,12758,12758,1,1
2020-08-14 16:04:45.336,12757,12759,12757,4,-4
2020-08-14 16:04:45.541,12757,12758,12757,1,-1
2020-08-14 16:04:45.715,12757,12759,12757,1,-1
2020-08-14 16:04:45.789,12757,12759,12757,1,-1
2020-08-14 16:04:46.182,12757,12759,12757,1,-1
2020-08-14 16:04:46.524,12757,12759,12759,1,1
2020-08-14 16:04:47.058,12757,12759,12758,1,-1
2020-08-14 16:04:47.241,12757,12759,12757,1,-1
2020-08-14 16:04:47.727,12757,12759,12759,2,2
2020-08-14 16:04:47.760,12757,12759,12760,4,4
2020-08-14 16:04:47.760,12757,12759,12760,3,3
2020-08-14 16:04:47.761,12757,12759,12760,3,3
2020-08-14 16:04:47.800,12759,12761,12761,2,2
2020-08-14 16:04:47.844,12759,12761,12761,6,6
2020-08-14 16:04:49.335,12760,12762,12760,1,-1
2020-08-14 16:04:50.194,12760,12762,12762,1,1
2020-08-14 16:04:53.492,12760,12761,12761,1,1
2020-08-14 16:04:54.128,12761,12762,12761,1,-1
2020-08-14 16:04:54.176,12760,12762,12760,1,-1
2020-08-14 16:04:56.238,12760,12761,12761,7,7
2020-08-14 16:05:00.225,12761,12762,12761,1,-1
2020-08-14 16:05:00.225,12761,12762,12760,1,-1
2020-08-14 16:05:01.652,12761,12762,12761,1,1
2020-08-14 16:05:01.874,12761,12762,12761,1,-1
2020-08-14 16:05:02.054,12761,12762,12761,1,-1
2020-08-14 16:05:02.422,12761,12762,12761,1,-1
2020-08-14 16:05:03.709,12760,12761,12761,1,1
2020-08-14 16:05:04.472,12760,12761,12761,5,5
2020-08-14 16:05:06.580,12761,12762,12762,4,4
2020-08-14 16:05:06.580,12761,12762,12762,4,4
2020-08-14 16:05:11.672,12761,12762,12761,3,-3
2020-08-14 16:05:13.888,12760,12761,12761,2,2
2020-08-14 16:05:14.114,12760,12762,12761,1,-1
2020-08-14 16:05:24.634,12762,12763,12763,1,1
2020-08-14 16:05:26.854,12762,12763,12763,1,1
2020-08-14 16:05:38.120,12762,12763,12763,2,2
2020-08-14 16:05:43.735,12762,12763,12762,1,-1
2020-08-14 16:05:50.368,12762,12763,12762,2,-2
2020-08-14 16:05:50.598,12762,12763,12762,1,-1
2020-08-14 16:05:50.598,12762,12763,12762,1,-1
2020-08-14 16:05:56.584,12762,12763,12762,1,-1
2020-08-14 16:05:56.584,12762,12763,12761,14,-14
2020-08-14 16:05:56.584,12762,12763,12760,31,-31
2020-08-14 16:05:56.585,12762,12763,12760,1,-1
2020-08-14 16:05:56.585,12762,12763,12760,9,-9
2020-08-14 16:05:56.586,12762,12763,12761,2,2
2020-08-14 16:05:56.893,12759,12761,12759,5,-5
2020-08-14 16:05:57.231,12758,12760,12758,1,-1
2020-08-14 16:05:57.309,12758,12760,12759,1,1
2020-08-14 16:05:57.960,12758,12759,12759,1,1
2020-08-14 16:06:00.423,12758,12760,12759,1,-1
2020-08-14 16:06:03.586,12758,12759,12759,2,2
2020-08-14 16:06:04.759,12758,12759,12759,1,1
2020-08-14 16:06:08.492,12758,12759,12758,1,-1
2020-08-14 16:06:12.159,12758,12759,12758,1,-1
2020-08-14 16:06:14.886,12758,12759,12759,1,1
2020-08-14 16:06:15.335,12758,12759,12758,3,-3
2020-08-14 16:06:16.652,12758,12759,12758,1,-1
2020-08-14 16:06:17.205,12757,12758,12757,3,-3
2020-08-14 16:06:17.205,12757,12758,12756,36,-36
2020-08-14 16:06:17.207,12757,12758,12756,1,-1
2020-08-14 16:06:17.207,12757,12758,12756,3,-3
2020-08-14 16:06:17.208,12757,12758,12756,1,-1
2020-08-14 16:06:17.209,12757,12758,12756,1,-1
2020-08-14 16:06:20.600,12756,12758,12756,1,-1
2020-08-14 16:06:23.836,12756,12757,12756,3,-3
2020-08-14 16:06:23.838,12756,12757,12756,8,-8
2020-08-14 16:06:28.112,12756,12757,12757,1,1
2020-08-14 16:06:29.926,12756,12757,12757,2,2
2020-08-14 16:06:30.494,12756,12758,12756,2,-2
2020-08-14 16:06:32.970,12757,12758,12757,1,1
2020-08-14 16:06:33.417,12756,12758,12756,1,-1
2020-08-14 16:06:41.467,12756,12758,12758,1,1
2020-08-14 16:06:49.189,12757,12758,12757,1,-1
2020-08-14 16:06:49.425,12756,12758,12756,1,-1
2020-08-14 16:06:52.004,12757,12758,12757,1,1
2020-08-14 16:06:52.316,12757,12758,12757,1,-1
2020-08-14 16:06:56.032,12756,12757,12756,1,-1
2020-08-14 16:06:57.998,12756,12757,12756,3,-3
2020-08-14 16:06:59.579,12756,12757,12757,2,2
2020-08-14 16:07:00.146,12756,12758,12756,2,-2
2020-08-14 16:07:00.723,12756,12757,12756,1,-1
2020-08-14 16:07:03.658,12756,12757,12757,1,1
2020-08-14 16:07:04.125,12756,12757,12757,1,1
2020-08-14 16:07:07.559,12756,12757,12757,2,2
2020-08-14 16:07:14.070,12757,12758,12757,4,-4
2020-08-14 16:07:16.299,12756,12757,12756,3,-3
2020-08-14 16:07:16.299,12756,12757,12756,2,-2
2020-08-14 16:07:16.300,12756,12757,12756,3,-3
2020-08-14 16:07:19.000,12756,12757,12756,2,-2
2020-08-14 16:07:19.000,12756,12757,12755,3,-3
2020-08-14 16:07:19.028,12755,12757,12757,5,5
2020-08-14 16:07:19.037,12755,12757,12756,1,-1
2020-08-14 16:07:19.040,12755,12757,12756,4,-4
2020-08-14 16:07:19.052,12755,12757,12757,1,1
2020-08-14 16:07:19.419,12756,12757,12756,1,-1
2020-08-14 16:07:20.101,12756,12757,12756,1,-1
2020-08-14 16:07:20.425,12755,12757,12755,1,-1
2020-08-14 16:07:21.286,12756,12757,12756,1,1
2020-08-14 16:07:21.632,12755,12756,12756,1,1
2020-08-14 16:07:24.046,12756,12758,12758,1,1
2020-08-14 16:07:27.185,12756,12758,12758,16,16
2020-08-14 16:07:27.185,12756,12758,12759,23,23
2020-08-14 16:07:27.185,12756,12758,12760,1,1
2020-08-14 16:07:27.203,12756,12758,12759,2,2
2020-08-14 16:07:29.126,12758,12759,12759,3,3
2020-08-14 16:07:40.450,12759,12760,12760,3,3
2020-08-14 16:07:42.110,12760,12762,12760,1,-1
2020-08-14 16:07:42.208,12760,12762,12760,1,-1
2020-08-14 16:07:43.758,12760,12761,12761,1,1
2020-08-14 16:07:45.997,12761,12762,12761,2,-2
2020-08-14 16:07:48.497,12761,12762,12762,1,1
2020-08-14 16:07:50.092,12761,12762,12762,1,1
2020-08-14 16:07:52.117,12761,12762,12761,1,-1
2020-08-14 16:07:52.181,12761,12762,12761,1,-1
2020-08-14 16:07:53.940,12760,12762,12762,1,1
2020-08-14 16:07:56.785,12760,12762,12762,5,5
2020-08-14 16:07:57.485,12760,12762,12760,1,-1
2020-08-14 16:08:00.004,12760,12761,12760,1,-1
2020-08-14 16:08:00.407,12760,12761,12761,1,1
2020-08-14 16:08:05.488,12760,12761,12760,1,-1
2020-08-14 16:08:10.805,12759,12761,12760,1,-1
2020-08-14 16:08:19.980,12759,12760,12759,1,-1
2020-08-14 16:08:20.315,12759,12760,12760,3,3
2020-08-14 16:08:20.490,12759,12760,12760,1,1
2020-08-14 16:08:20.620,12759,12760,12759,1,-1
2020-08-14 16:08:20.765,12758,12759,12758,1,-1
2020-08-14 16:08:20.882,12758,12759,12758,3,-3
2020-08-14 16:08:20.883,12758,12759,12758,2,-2
2020-08-14 16:08:20.883,12758,12759,12758,1,-1
2020-08-14 16:08:21.009,12758,12759,12758,1,-1
2020-08-14 16:08:21.218,12757,12759,12757,4,-4
2020-08-14 16:08:21.936,12757,12758,12757,3,-3
2020-08-14 16:08:21.936,12757,12758,12757,2,-2
2020-08-14 16:08:22.079,12757,12758,12757,2,-2
2020-08-14 16:08:22.617,12756,12757,12756,2,-2
2020-08-14 16:08:22.619,12756,12757,12756,3,-3
2020-08-14 16:08:23.086,12756,12757,12757,1,1
2020-08-14 16:08:30.176,12757,12758,12757,1,-1
2020-08-14 16:08:35.883,12757,12758,12758,1,1
2020-08-14 16:08:35.928,12757,12759,12757,1,-1
2020-08-14 16:08:37.744,12757,12758,12758,1,1
2020-08-14 16:08:37.997,12757,12758,12758,1,1
2020-08-14 16:08:39.091,12757,12759,12757,1,-1
2020-08-14 16:08:44.124,12757,12758,12757,1,-1
2020-08-14 16:08:48.436,12757,12758,12758,2,2
2020-08-14 16:08:53.618,12757,12759,12759,1,1
2020-08-14 16:08:55.263,12757,12759,12758,1,-1
2020-08-14 16:08:59.513,12757,12759,12758,1,-1
2020-08-14 16:09:03.167,12757,12759,12758,1,-1
2020-08-14 16:09:03.905,12757,12758,12757,1,-1
2020-08-14 16:09:04.353,12756,12758,12756,2,-2
2020-08-14 16:09:04.852,12756,12758,12756,4,-4
2020-08-14 16:09:05.299,12756,12758,12756,2,-2
2020-08-14 16:09:08.007,12756,12758,12756,1,-1
2020-08-14 16:09:08.764,12756,12758,12756,1,-1
2020-08-14 16:09:10.539,12756,12757,12756,2,-2
2020-08-14 16:09:10.539,12756,12757,12756,1,-1
2020-08-14 16:09:12.561,12755,12756,12756,1,1
2020-08-14 16:09:12.561,12755,12756,12756,1,1
2020-08-14 16:09:12.562,12755,12756,12756,2,2
2020-08-14 16:09:12.562,12755,12756,12756,1,1
2020-08-14 16:09:12.915,12756,12757,12757,1,1
2020-08-14 16:09:13.110,12756,12757,12756,1,-1
2020-08-14 16:09:16.144,12756,12757,12756,1,-1
2020-08-14 16:09:19.727,12756,12757,12756,1,-1
2020-08-14 16:09:20.724,12756,12757,12757,2,2
2020-08-14 16:09:35.011,12757,12758,12757,2,-2
2020-08-14 16:09:46.049,12757,12758,12757,1,-1
2020-08-14 16:09:46.847,12757,12758,12758,12,12
2020-08-14 16:09:48.969,12757,12759,12758,1,-1
2020-08-14 16:09:49.048,12757,12758,12757,4,-4
2020-08-14 16:09:49.196,12756,12757,12756,1,-1
2020-08-14 16:09:50.183,12756,12757,12756,2,-2
2020-08-14 16:09:50.183,12756,12757,12756,4,-4
2020-08-14 16:09:53.077,12755,12757,12757,1,1
2020-08-14 16:09:59.878,12756,12757,12757,2,2
2020-08-14 16:10:01.260,12756,12757,12756,10,-10
2020-08-14 16:10:01.354,12755,12756,12756,1,1
2020-08-14 16:10:01.691,12755,12756,12756,3,3
2020-08-14 16:10:04.767,12756,12757,12756,1,-1
2020-08-14 16:10:07.074,12755,12756,12756,1,1
2020-08-14 16:10:07.871,12755,12756,12755,1,-1
2020-08-14 16:10:07.872,12755,12756,12755,7,-7
2020-08-14 16:10:07.872,12755,12756,12755,1,-1
2020-08-14 16:10:07.872,12755,12756,12755,2,-2
2020-08-14 16:10:07.872,12755,12756,12755,9,-9
2020-08-14 16:10:07.872,12755,12756,12755,21,-21
2020-08-14 16:10:07.872,12755,12756,12755,3,-3
2020-08-14 16:10:07.872,12755,12756,12755,3,-3
2020-08-14 16:10:07.872,12755,12756,12755,1,-1
2020-08-14 16:10:07.951,12754,12756,12754,2,-2
2020-08-14 16:10:07.952,12754,12756,12754,2,-2
2020-08-14 16:10:08.011,12754,12756,12756,2,2
2020-08-14 16:10:08.011,12754,12756,12756,2,2
2020-08-14 16:10:08.020,12754,12756,12754,1,-1
2020-08-14 16:10:08.079,12754,12756,12756,1,1
2020-08-14 16:10:08.214,12754,12756,12754,6,-6
2020-08-14 16:10:08.226,12754,12756,12754,2,-2
2020-08-14 16:10:08.246,12754,12756,12754,4,-4
2020-08-14 16:10:08.348,12754,12756,12754,1,-1
2020-08-14 16:10:08.478,12754,12756,12754,1,-1
2020-08-14 16:10:08.590,12754,12756,12754,1,-1
2020-08-14 16:10:08.683,12754,12756,12756,2,2
2020-08-14 16:10:08.769,12754,12756,12754,1,-1
2020-08-14 16:10:09.132,12754,12756,12754,1,-1
2020-08-14 16:10:09.222,12754,12756,12754,1,-1
2020-08-14 16:10:11.393,12754,12755,12755,1,1
2020-08-14 16:10:14.814,12755,12756,12755,1,-1
2020-08-14 16:10:15.275,12755,12756,12755,1,-1
2020-08-14 16:10:15.275,12755,12756,12754,1,-1
2020-08-14 16:10:18.095,12754,12755,12755,1,1
2020-08-14 16:10:18.809,12754,12755,12754,2,-2
2020-08-14 16:10:19.897,12753,12755,12754,2,-2
2020-08-14 16:10:19.920,12753,12755,12753,3,-3
2020-08-14 16:10:20.135,12753,12754,12753,2,-2
2020-08-14 16:10:21.091,12753,12754,12754,1,1
2020-08-14 16:10:21.405,12753,12754,12754,2,2
2020-08-14 16:10:21.946,12753,12755,12753,2,-2
2020-08-14 16:10:22.101,12753,12755,12753,2,-2
2020-08-14 16:10:22.274,12753,12755,12753,6,-6
2020-08-14 16:10:23.215,12753,12754,12753,2,-2
2020-08-14 16:10:23.997,12753,12754,12753,1,-1
2020-08-14 16:10:25.004,12753,12754,12754,1,1
2020-08-14 16:10:25.383,12753,12754,12753,1,-1
2020-08-14 16:10:28.468,12753,12754,12754,1,1
2020-08-14 16:10:29.981,12753,12754,12753,1,-1
2020-08-14 16:10:30.474,12753,12754,12753,2,-2
2020-08-14 16:10:31.088,12753,12754,12753,1,-1
2020-08-14 16:10:33.317,12753,12754,12753,1,-1
2020-08-14 16:10:33.985,12753,12754,12753,1,-1
2020-08-14 16:10:34.328,12753,12754,12754,1,1
2020-08-14 16:10:34.959,12753,12754,12754,5,5
2020-08-14 16:10:35.978,12754,12755,12754,2,-2
2020-08-14 16:10:36.301,12754,12755,12754,3,-3
2020-08-14 16:10:37.863,12753,12754,12754,1,1
2020-08-14 16:10:37.959,12753,12754,12753,10,-10
2020-08-14 16:10:43.723,12753,12754,12754,4,4
2020-08-14 16:10:44.029,12753,12754,12753,1,-1
