2019-06-25 15:00:00.026,10545,10546,10545,40
2019-06-25 15:00:00.045,10545,10546,10545,1
2019-06-25 15:00:00.206,10545,10546,10545,7
2019-06-25 15:00:00.229,10545,10546,10545,7
2019-06-25 15:00:00.244,10545,10546,10544,2
2019-06-25 15:00:00.244,10545,10546,10543,2
2019-06-25 15:00:00.244,10545,10546,10542,3
2019-06-25 15:00:00.269,10545,10546,10542,6
2019-06-25 15:00:00.269,10545,10546,10541,1
2019-06-25 15:00:00.317,10545,10546,10545,1
2019-06-25 15:00:00.353,10545,10546,10545,2
2019-06-25 15:00:00.390,10545,10546,10545,1
2019-06-25 15:00:00.398,10545,10546,10545,5
2019-06-25 15:00:00.447,10545,10546,10546,1
2019-06-25 15:00:00.535,10545,10546,10546,2
2019-06-25 15:00:00.668,10545,10546,10546,2
2019-06-25 15:00:01.192,10545,10546,10545,1
2019-06-25 15:00:01.396,10543,10546,10546,2
2019-06-25 15:00:01.611,10544,10546,10546,1
2019-06-25 15:00:02.500,10545,10546,10545,1
2019-06-25 15:00:03.230,10545,10546,10545,1
2019-06-25 15:00:03.230,10545,10546,10544,1
2019-06-25 15:00:03.749,10544,10546,10544,12
2019-06-25 15:00:06.843,10543,10544,10543,10
2019-06-25 15:00:06.866,10543,10544,10544,1
2019-06-25 15:00:06.869,10543,10544,10543,1
2019-06-25 15:00:06.878,10543,10544,10544,1
2019-06-25 15:00:07.661,10543,10544,10544,1
2019-06-25 15:00:08.647,10543,10544,10544,1
2019-06-25 15:00:08.681,10543,10544,10543,1
2019-06-25 15:00:10.474,10544,10545,10545,1
2019-06-25 15:00:10.582,10544,10546,10544,1
2019-06-25 15:00:11.205,10544,10546,10546,4
2019-06-25 15:00:11.507,10544,10546,10544,1
2019-06-25 15:00:17.960,10545,10546,10545,1
2019-06-25 15:00:23.344,10545,10546,10546,9
2019-06-25 15:00:23.401,10545,10546,10545,1
2019-06-25 15:00:24.483,10546,10547,10546,1
2019-06-25 15:00:25.621,10545,10547,10545,1
2019-06-25 15:00:28.422,10545,10547,10545,1
2019-06-25 15:00:29.410,10545,10546,10545,1
2019-06-25 15:00:30.740,10545,10546,10546,1
2019-06-25 15:00:33.191,10546,10547,10546,2
2019-06-25 15:00:34.388,10545,10546,10546,1
2019-06-25 15:00:35.108,10545,10546,10545,2
2019-06-25 15:00:35.438,10545,10546,10546,4
2019-06-25 15:00:38.866,10545,10546,10546,2
2019-06-25 15:00:39.037,10545,10546,10545,1
2019-06-25 15:00:44.926,10545,10546,10545,1
2019-06-25 15:00:46.709,10545,10546,10545,1
2019-06-25 15:00:48.617,10545,10546,10546,2
2019-06-25 15:00:48.783,10545,10546,10545,1
2019-06-25 15:00:48.874,10545,10546,10545,1
2019-06-25 15:00:49.292,10545,10546,10545,1
2019-06-25 15:00:53.474,10545,10546,10546,1
2019-06-25 15:00:57.564,10545,10546,10545,1
2019-06-25 15:01:00.226,10545,10546,10545,1
2019-06-25 15:01:00.981,10545,10546,10545,1
2019-06-25 15:01:02.975,10545,10546,10546,10
2019-06-25 15:01:03.168,10545,10546,10546,4
2019-06-25 15:01:06.653,10545,10546,10545,2
2019-06-25 15:01:07.265,10545,10546,10546,2
2019-06-25 15:01:09.910,10545,10546,10545,1
2019-06-25 15:01:16.256,10545,10546,10546,1
2019-06-25 15:01:28.191,10545,10546,10545,15
2019-06-25 15:01:29.828,10544,10545,10545,1
2019-06-25 15:01:32.394,10544,10545,10545,1
2019-06-25 15:01:33.798,10544,10545,10545,2
2019-06-25 15:01:35.454,10544,10545,10545,1
2019-06-25 15:01:41.481,10544,10545,10544,1
2019-06-25 15:01:45.903,10544,10545,10545,1
2019-06-25 15:01:51.688,10544,10545,10545,5
2019-06-25 15:01:54.386,10544,10545,10545,1
2019-06-25 15:01:56.087,10544,10545,10545,2
2019-06-25 15:01:59.041,10544,10545,10544,6
2019-06-25 15:02:00.042,10544,10545,10544,1
2019-06-25 15:02:03.056,10544,10545,10545,5
2019-06-25 15:02:20.500,10544,10545,10545,15
2019-06-25 15:02:20.950,10545,10546,10545,1
2019-06-25 15:02:25.877,10545,10546,10545,3
2019-06-25 15:02:30.073,10545,10546,10545,1
2019-06-25 15:02:30.083,10545,10546,10546,1
2019-06-25 15:02:31.311,10545,10546,10545,1
2019-06-25 15:02:40.218,10545,10546,10546,1
2019-06-25 15:02:40.530,10545,10546,10546,4
2019-06-25 15:02:44.609,10545,10546,10545,11
2019-06-25 15:02:44.816,10545,10546,10546,2
2019-06-25 15:02:46.287,10545,10546,10546,3
2019-06-25 15:02:46.287,10545,10546,10546,15
2019-06-25 15:02:46.316,10545,10546,10546,10
2019-06-25 15:03:02.061,10546,10547,10546,1
2019-06-25 15:03:02.160,10546,10547,10547,5
2019-06-25 15:03:02.222,10546,10547,10547,4
2019-06-25 15:03:02.357,10546,10547,10547,4
2019-06-25 15:03:02.375,10546,10547,10547,4
2019-06-25 15:03:02.409,10546,10547,10547,4
2019-06-25 15:03:02.441,10546,10547,10547,2
2019-06-25 15:03:02.459,10546,10547,10547,4
2019-06-25 15:03:02.466,10546,10547,10547,4
2019-06-25 15:03:02.476,10546,10547,10547,2
2019-06-25 15:03:02.476,10546,10547,10548,6
2019-06-25 15:03:02.487,10546,10547,10548,8
2019-06-25 15:03:02.517,10546,10547,10548,5
2019-06-25 15:03:02.520,10546,10547,10548,6
2019-06-25 15:03:02.521,10546,10547,10548,4
2019-06-25 15:03:02.523,10546,10547,10548,6
2019-06-25 15:03:02.548,10546,10547,10548,4
2019-06-25 15:03:02.567,10547,10548,10548,2
2019-06-25 15:03:02.567,10547,10548,10548,1
2019-06-25 15:03:02.596,10547,10548,10549,5
2019-06-25 15:03:02.637,10547,10548,10549,5
2019-06-25 15:03:02.645,10547,10548,10549,1
2019-06-25 15:03:02.660,10547,10548,10549,1
2019-06-25 15:03:02.812,10548,10549,10549,1
2019-06-25 15:03:02.885,10548,10549,10549,7
2019-06-25 15:03:02.899,10548,10549,10549,8
2019-06-25 15:03:02.912,10548,10549,10549,5
2019-06-25 15:03:02.915,10548,10549,10549,5
2019-06-25 15:03:02.928,10548,10549,10549,6
2019-06-25 15:03:02.941,10548,10549,10549,4
2019-06-25 15:03:02.941,10548,10549,10549,4
2019-06-25 15:03:02.942,10548,10549,10549,6
2019-06-25 15:03:02.967,10548,10549,10550,1
2019-06-25 15:03:02.970,10548,10549,10550,1
2019-06-25 15:03:03.068,10549,10550,10549,2
2019-06-25 15:03:03.133,10549,10550,10550,1
2019-06-25 15:03:03.259,10549,10550,10550,8
2019-06-25 15:03:03.286,10549,10550,10550,1
2019-06-25 15:03:03.442,10549,10550,10550,3
2019-06-25 15:03:03.442,10549,10550,10550,1
2019-06-25 15:03:03.442,10549,10550,10550,1
2019-06-25 15:03:03.443,10549,10550,10550,1
2019-06-25 15:03:03.443,10549,10550,10550,2
2019-06-25 15:03:03.443,10549,10550,10550,1
2019-06-25 15:03:03.460,10549,10550,10550,1
2019-06-25 15:03:03.486,10549,10550,10550,1
2019-06-25 15:03:03.715,10549,10550,10550,1
2019-06-25 15:03:03.816,10549,10550,10550,2
2019-06-25 15:03:03.861,10549,10550,10549,1
2019-06-25 15:03:03.892,10549,10550,10550,2
2019-06-25 15:03:03.977,10549,10550,10550,1
2019-06-25 15:03:04.031,10549,10550,10550,1
2019-06-25 15:03:04.066,10549,10550,10550,3
2019-06-25 15:03:04.066,10549,10550,10550,5
2019-06-25 15:03:04.112,10549,10550,10549,1
2019-06-25 15:03:04.289,10549,10550,10550,1
2019-06-25 15:03:04.303,10549,10550,10550,1
2019-06-25 15:03:04.316,10549,10550,10550,2
2019-06-25 15:03:04.392,10549,10550,10551,3
2019-06-25 15:03:04.487,10550,10551,10551,1
2019-06-25 15:03:04.551,10550,10551,10551,1
2019-06-25 15:03:04.684,10549,10551,10551,2
2019-06-25 15:03:04.686,10549,10551,10551,5
2019-06-25 15:03:04.692,10550,10551,10551,1
2019-06-25 15:03:04.779,10550,10551,10551,1
2019-06-25 15:03:04.893,10550,10551,10550,1
2019-06-25 15:03:06.720,10550,10551,10550,1
2019-06-25 15:03:07.031,10550,10551,10550,1
2019-06-25 15:03:08.486,10550,10551,10550,3
2019-06-25 15:03:08.842,10549,10550,10550,1
2019-06-25 15:03:09.261,10549,10550,10549,1
2019-06-25 15:03:10.360,10549,10550,10549,1
2019-06-25 15:03:12.587,10549,10550,10550,13
2019-06-25 15:03:13.073,10550,10551,10550,1
2019-06-25 15:03:14.712,10550,10551,10550,2
2019-06-25 15:03:16.210,10550,10551,10550,3
2019-06-25 15:03:16.871,10550,10551,10551,2
2019-06-25 15:03:24.622,10550,10551,10551,2
2019-06-25 15:03:28.954,10550,10551,10550,12
2019-06-25 15:03:29.061,10550,10551,10551,5
2019-06-25 15:03:29.073,10549,10551,10550,1
2019-06-25 15:03:30.985,10549,10550,10550,1
2019-06-25 15:03:32.809,10549,10550,10550,1
2019-06-25 15:03:35.420,10549,10550,10550,2
2019-06-25 15:03:35.420,10549,10550,10551,2
2019-06-25 15:03:37.066,10549,10550,10550,2
2019-06-25 15:03:39.889,10549,10550,10549,1
2019-06-25 15:03:41.793,10549,10550,10550,1
2019-06-25 15:03:45.942,10549,10550,10550,2
2019-06-25 15:03:46.783,10549,10550,10549,1
2019-06-25 15:03:46.816,10549,10550,10549,7
2019-06-25 15:03:47.090,10548,10549,10548,2
2019-06-25 15:03:48.959,10548,10549,10549,2
2019-06-25 15:03:49.375,10548,10550,10550,28
2019-06-25 15:03:51.093,10549,10550,10550,5
2019-06-25 15:03:51.312,10550,10551,10551,10
2019-06-25 15:03:52.178,10550,10551,10551,10
2019-06-25 15:03:56.066,10550,10551,10550,6
2019-06-25 15:04:01.340,10549,10550,10550,1
2019-06-25 15:04:01.684,10549,10550,10549,1
2019-06-25 15:04:02.413,10549,10550,10550,4
2019-06-25 15:04:03.464,10549,10550,10550,1
2019-06-25 15:04:04.104,10549,10550,10550,1
2019-06-25 15:04:06.822,10549,10550,10549,2
2019-06-25 15:04:07.327,10549,10550,10549,1
2019-06-25 15:04:07.329,10549,10550,10549,1
2019-06-25 15:04:07.450,10548,10550,10549,1
2019-06-25 15:04:11.494,10549,10550,10549,1
2019-06-25 15:04:16.726,10549,10550,10549,2
2019-06-25 15:04:18.725,10549,10550,10549,1
2019-06-25 15:04:18.816,10549,10550,10549,2
2019-06-25 15:04:20.716,10549,10550,10550,1
2019-06-25 15:04:21.859,10549,10550,10549,6
2019-06-25 15:04:24.215,10549,10550,10550,5
2019-06-25 15:04:24.987,10549,10550,10549,2
2019-06-25 15:04:29.524,10549,10550,10549,1
2019-06-25 15:04:29.659,10549,10550,10549,2
2019-06-25 15:04:33.144,10549,10550,10550,5
2019-06-25 15:04:33.219,10549,10550,10550,3
2019-06-25 15:04:33.219,10549,10550,10551,1
2019-06-25 15:04:33.636,10550,10551,10550,1
2019-06-25 15:04:35.753,10550,10551,10550,1
2019-06-25 15:04:38.052,10550,10551,10550,1
2019-06-25 15:04:38.105,10550,10551,10550,4
2019-06-25 15:04:38.691,10550,10551,10551,1
2019-06-25 15:04:40.082,10550,10551,10551,1
2019-06-25 15:04:40.095,10550,10551,10551,1
2019-06-25 15:04:42.670,10550,10551,10551,1
2019-06-25 15:04:43.414,10550,10551,10550,5
2019-06-25 15:04:48.373,10550,10551,10550,1
2019-06-25 15:04:52.527,10550,10551,10550,2
2019-06-25 15:04:56.283,10550,10551,10550,1
2019-06-25 15:04:57.092,10550,10551,10551,10
2019-06-25 15:04:57.163,10550,10551,10550,6
2019-06-25 15:04:57.191,10550,10551,10551,2
2019-06-25 15:04:57.191,10550,10551,10551,1
2019-06-25 15:04:58.501,10550,10551,10551,1
2019-06-25 15:04:58.795,10550,10551,10551,1
2019-06-25 15:05:00.787,10551,10552,10551,5
2019-06-25 15:05:00.820,10550,10551,10551,2
2019-06-25 15:05:01.244,10550,10551,10551,12
2019-06-25 15:05:02.418,10550,10552,10550,1
2019-06-25 15:05:02.418,10550,10552,10550,2
2019-06-25 15:05:02.499,10550,10552,10551,1
2019-06-25 15:05:02.810,10550,10551,10550,1
2019-06-25 15:05:02.857,10550,10551,10550,1
2019-06-25 15:05:10.820,10551,10552,10551,1
2019-06-25 15:05:13.375,10551,10552,10551,1
2019-06-25 15:05:21.576,10551,10552,10552,1
2019-06-25 15:05:21.933,10551,10552,10552,12
2019-06-25 15:05:24.886,10551,10552,10552,2
2019-06-25 15:05:29.326,10551,10552,10551,1
2019-06-25 15:05:33.666,10551,10552,10552,5
2019-06-25 15:05:34.691,10551,10552,10552,2
2019-06-25 15:05:34.816,10551,10552,10552,12
2019-06-25 15:05:38.196,10552,10553,10553,2
2019-06-25 15:05:38.387,10552,10553,10553,1
2019-06-25 15:05:38.392,10552,10553,10553,1
2019-06-25 15:05:38.405,10552,10553,10553,1
2019-06-25 15:05:38.414,10552,10553,10553,1
2019-06-25 15:05:38.914,10552,10553,10553,1
2019-06-25 15:05:38.994,10552,10553,10552,1
2019-06-25 15:05:39.275,10552,10553,10553,4
2019-06-25 15:05:39.419,10552,10553,10553,3
2019-06-25 15:05:41.539,10552,10553,10552,8
2019-06-25 15:05:41.677,10552,10553,10552,1
2019-06-25 15:05:42.221,10552,10553,10552,1
2019-06-25 15:05:42.835,10552,10553,10553,1
2019-06-25 15:05:43.658,10552,10553,10552,1
2019-06-25 15:05:44.773,10552,10553,10553,3
2019-06-25 15:05:46.280,10552,10553,10552,1
2019-06-25 15:05:46.421,10552,10553,10553,15
2019-06-25 15:05:47.501,10552,10553,10553,6
2019-06-25 15:05:47.566,10552,10553,10553,2
2019-06-25 15:05:48.085,10552,10553,10553,2
2019-06-25 15:05:49.623,10553,10554,10553,1
2019-06-25 15:05:53.628,10553,10554,10554,1
2019-06-25 15:05:53.741,10553,10554,10554,1
2019-06-25 15:05:54.094,10553,10554,10554,1
2019-06-25 15:05:54.488,10553,10554,10553,1
2019-06-25 15:05:54.742,10553,10554,10554,5
2019-06-25 15:05:54.749,10553,10554,10554,1
2019-06-25 15:05:55.015,10553,10554,10554,1
2019-06-25 15:05:55.048,10553,10554,10554,1
2019-06-25 15:05:55.420,10553,10554,10553,3
2019-06-25 15:05:56.383,10553,10554,10554,2
2019-06-25 15:05:56.756,10553,10554,10553,1
2019-06-25 15:05:59.121,10553,10554,10553,1
2019-06-25 15:06:03.787,10553,10554,10554,1
2019-06-25 15:06:05.069,10553,10554,10553,1
2019-06-25 15:06:05.070,10553,10554,10553,3
2019-06-25 15:06:05.463,10553,10554,10554,1
2019-06-25 15:06:05.471,10553,10554,10554,1
2019-06-25 15:06:05.558,10553,10554,10554,1
2019-06-25 15:06:06.189,10553,10554,10554,1
2019-06-25 15:06:06.511,10553,10554,10554,3
2019-06-25 15:06:06.516,10553,10554,10554,1
2019-06-25 15:06:06.878,10553,10554,10554,1
2019-06-25 15:06:10.453,10553,10554,10554,1
2019-06-25 15:06:10.986,10553,10554,10554,2
2019-06-25 15:06:11.081,10553,10554,10554,1
2019-06-25 15:06:11.365,10553,10554,10554,1
2019-06-25 15:06:11.483,10553,10554,10554,4
2019-06-25 15:06:11.812,10553,10554,10554,1
2019-06-25 15:06:12.492,10553,10554,10554,7
2019-06-25 15:06:13.059,10553,10554,10554,2
2019-06-25 15:06:14.352,10553,10554,10554,1
2019-06-25 15:06:14.564,10553,10554,10554,1
2019-06-25 15:06:14.575,10553,10554,10554,1
2019-06-25 15:06:15.241,10553,10554,10554,2
2019-06-25 15:06:17.061,10553,10554,10554,1
2019-06-25 15:06:17.143,10553,10554,10554,1
2019-06-25 15:06:17.383,10553,10554,10554,1
2019-06-25 15:06:18.730,10553,10554,10553,12
2019-06-25 15:06:18.786,10553,10554,10554,1
2019-06-25 15:06:18.934,10552,10554,10554,1
2019-06-25 15:06:20.501,10552,10553,10553,6
2019-06-25 15:06:23.808,10552,10553,10553,1
2019-06-25 15:06:24.852,10552,10553,10553,1
2019-06-25 15:06:25.440,10552,10553,10553,1
2019-06-25 15:06:26.144,10552,10553,10553,1
2019-06-25 15:06:26.615,10552,10553,10553,1
2019-06-25 15:06:27.574,10552,10553,10553,1
2019-06-25 15:06:28.334,10552,10553,10553,1
2019-06-25 15:06:29.130,10553,10554,10553,1
2019-06-25 15:06:29.366,10553,10554,10554,1
2019-06-25 15:06:29.700,10553,10554,10554,1
2019-06-25 15:06:30.776,10553,10554,10554,1
2019-06-25 15:06:37.265,10553,10554,10553,6
2019-06-25 15:06:39.024,10552,10553,10553,1
2019-06-25 15:06:39.250,10552,10553,10553,1
2019-06-25 15:06:42.429,10552,10553,10552,1
2019-06-25 15:06:49.330,10552,10553,10552,5
2019-06-25 15:06:49.441,10552,10553,10552,13
2019-06-25 15:06:52.388,10551,10553,10553,1
2019-06-25 15:07:00.032,10551,10552,10552,2
2019-06-25 15:07:06.226,10551,10552,10552,3
2019-06-25 15:07:06.568,10551,10552,10552,8
2019-06-25 15:07:07.429,10551,10553,10553,1
2019-06-25 15:07:15.369,10551,10552,10552,1
2019-06-25 15:07:15.854,10551,10552,10552,1
2019-06-25 15:07:20.284,10551,10552,10551,1
2019-06-25 15:07:20.286,10551,10552,10551,2
2019-06-25 15:07:20.314,10551,10552,10551,1
2019-06-25 15:07:20.316,10551,10552,10551,7
2019-06-25 15:07:26.510,10550,10551,10550,1
2019-06-25 15:07:41.763,10550,10551,10550,3
2019-06-25 15:07:42.231,10550,10551,10550,2
2019-06-25 15:07:48.518,10550,10551,10550,1
2019-06-25 15:07:49.871,10550,10551,10550,2
2019-06-25 15:07:52.748,10550,10551,10550,1
2019-06-25 15:07:52.786,10550,10551,10551,1
2019-06-25 15:07:59.700,10550,10551,10551,1
2019-06-25 15:08:27.295,10550,10551,10551,1
2019-06-25 15:08:45.654,10550,10551,10550,1
2019-06-25 15:08:52.586,10550,10551,10550,1
2019-06-25 15:08:56.551,10550,10551,10550,1
2019-06-25 15:09:02.303,10550,10551,10550,1
2019-06-25 15:09:05.773,10550,10551,10550,1
2019-06-25 15:09:14.007,10550,10551,10550,1
2019-06-25 15:09:20.048,10550,10551,10550,5
2019-06-25 15:09:20.330,10550,10551,10550,1
2019-06-25 15:09:24.462,10550,10551,10550,1
2019-06-25 15:09:26.404,10550,10551,10550,1
2019-06-25 15:09:27.944,10550,10551,10550,3
2019-06-25 15:09:30.134,10550,10551,10550,1
2019-06-25 15:09:30.222,10550,10551,10550,1
2019-06-25 15:09:34.459,10550,10551,10550,1
2019-06-25 15:09:35.161,10550,10551,10550,1
2019-06-25 15:09:35.853,10550,10551,10551,1
2019-06-25 15:09:36.473,10550,10551,10550,1
2019-06-25 15:09:43.084,10550,10551,10550,1
2019-06-25 15:09:43.355,10550,10551,10550,1
2019-06-25 15:09:44.487,10550,10551,10550,3
2019-06-25 15:09:46.431,10550,10551,10551,1
2019-06-25 15:09:47.934,10550,10551,10550,1
2019-06-25 15:10:03.830,10550,10551,10550,1
2019-06-25 15:10:05.572,10550,10551,10551,1
2019-06-25 15:10:05.663,10550,10551,10551,1
2019-06-25 15:10:05.691,10550,10551,10551,1
2019-06-25 15:10:05.691,10550,10551,10551,12
2019-06-25 15:10:05.691,10550,10551,10551,2
2019-06-25 15:10:05.691,10550,10551,10551,2
2019-06-25 15:10:05.731,10550,10551,10551,1
2019-06-25 15:10:05.733,10550,10551,10551,1
2019-06-25 15:10:05.744,10550,10551,10551,1
2019-06-25 15:10:05.744,10550,10551,10551,1
2019-06-25 15:10:05.744,10550,10551,10551,3
2019-06-25 15:10:05.744,10550,10551,10551,1
2019-06-25 15:10:05.744,10550,10551,10551,3
2019-06-25 15:10:05.745,10550,10551,10551,1
2019-06-25 15:10:05.745,10550,10551,10551,3
2019-06-25 15:10:05.745,10550,10551,10551,1
2019-06-25 15:10:05.745,10550,10551,10551,1
2019-06-25 15:10:05.746,10550,10551,10551,2
2019-06-25 15:10:10.424,10551,10552,10551,2
2019-06-25 15:10:12.938,10551,10552,10551,1
2019-06-25 15:10:27.661,10551,10552,10552,2
2019-06-25 15:10:27.663,10551,10552,10552,2
2019-06-25 15:10:27.669,10551,10552,10552,3
2019-06-25 15:10:27.691,10551,10552,10552,6
2019-06-25 15:10:27.691,10551,10552,10552,4
2019-06-25 15:10:36.316,10552,10553,10553,3
2019-06-25 15:10:36.316,10552,10553,10553,2
2019-06-25 15:10:37.767,10552,10553,10552,1
2019-06-25 15:10:53.528,10552,10553,10552,5
2019-06-25 15:10:56.981,10552,10553,10552,5
2019-06-25 15:10:58.173,10552,10553,10553,1
2019-06-25 15:10:59.575,10552,10553,10552,1
2019-06-25 15:11:01.252,10552,10553,10552,5
2019-06-25 15:11:05.976,10552,10553,10552,1
2019-06-25 15:11:12.174,10552,10553,10552,1
2019-06-25 15:11:12.830,10552,10553,10552,1
2019-06-25 15:11:15.372,10552,10553,10552,3
2019-06-25 15:11:16.554,10551,10552,10552,1
2019-06-25 15:11:29.714,10551,10552,10552,1
2019-06-25 15:11:36.920,10551,10552,10552,1
2019-06-25 15:11:55.293,10551,10552,10552,1
2019-06-25 15:11:56.479,10551,10552,10552,2
2019-06-25 15:11:57.657,10551,10552,10552,2
2019-06-25 15:11:57.657,10551,10552,10552,1
2019-06-25 15:11:57.657,10551,10552,10552,1
2019-06-25 15:11:57.896,10552,10553,10552,2
2019-06-25 15:12:05.168,10551,10552,10552,2
2019-06-25 15:12:10.122,10551,10552,10552,1
2019-06-25 15:12:13.407,10552,10553,10552,1
2019-06-25 15:12:41.849,10552,10553,10553,3
2019-06-25 15:12:42.062,10552,10553,10552,1
2019-06-25 15:12:46.294,10552,10553,10552,2
2019-06-25 15:12:47.131,10552,10553,10553,1
2019-06-25 15:12:50.750,10552,10553,10553,1
2019-06-25 15:13:02.320,10552,10553,10553,10
2019-06-25 15:13:02.513,10552,10553,10553,8
2019-06-25 15:13:03.045,10552,10553,10553,4
2019-06-25 15:13:04.496,10552,10553,10553,1
2019-06-25 15:13:11.290,10553,10554,10553,1
2019-06-25 15:13:12.952,10553,10554,10553,4
2019-06-25 15:13:12.967,10553,10554,10553,1
2019-06-25 15:13:14.164,10552,10553,10553,1
2019-06-25 15:13:22.791,10552,10553,10553,7
2019-06-25 15:13:22.821,10552,10553,10553,2
2019-06-25 15:13:23.976,10552,10553,10553,1
2019-06-25 15:13:25.163,10552,10554,10552,2
2019-06-25 15:13:27.540,10553,10554,10553,1
2019-06-25 15:13:28.567,10553,10554,10553,1
2019-06-25 15:13:35.198,10553,10554,10553,2
2019-06-25 15:13:38.463,10553,10554,10554,1
2019-06-25 15:13:38.784,10553,10554,10554,1
2019-06-25 15:13:39.163,10553,10554,10554,1
2019-06-25 15:13:39.207,10553,10554,10554,1
2019-06-25 15:13:41.267,10553,10554,10553,1
2019-06-25 15:13:41.406,10553,10554,10553,2
2019-06-25 15:13:42.225,10553,10554,10553,2
2019-06-25 15:13:48.928,10553,10554,10553,1
2019-06-25 15:13:57.058,10553,10554,10553,1
2019-06-25 15:13:59.068,10553,10554,10553,1
2019-06-25 15:14:04.351,10553,10554,10553,1
2019-06-25 15:14:08.251,10553,10554,10553,2
2019-06-25 15:14:18.861,10553,10554,10554,25
2019-06-25 15:14:18.941,10553,10554,10554,1
2019-06-25 15:14:18.941,10553,10554,10554,6
2019-06-25 15:14:25.362,10554,10555,10554,2
2019-06-25 15:14:25.421,10554,10555,10554,1
2019-06-25 15:14:33.109,10554,10555,10554,3
2019-06-25 15:14:33.346,10553,10554,10554,1
2019-06-25 15:14:33.547,10553,10554,10554,1
2019-06-25 15:14:38.143,10554,10555,10554,1
2019-06-25 15:14:43.949,10554,10555,10554,3
2019-06-25 15:14:44.109,10554,10555,10554,1
2019-06-25 15:14:49.128,10554,10555,10554,1
2019-06-25 15:14:49.435,10554,10555,10554,1
2019-06-25 15:14:50.652,10553,10555,10555,2
2019-06-25 15:14:50.681,10553,10555,10555,3
2019-06-25 15:14:50.715,10553,10555,10555,1
2019-06-25 15:14:50.746,10553,10555,10555,1
2019-06-25 15:14:50.752,10553,10555,10555,1
2019-06-25 15:14:50.807,10553,10555,10555,1
2019-06-25 15:14:50.841,10554,10555,10555,2
2019-06-25 15:14:50.900,10554,10555,10555,3
2019-06-25 15:14:51.045,10554,10555,10555,6
2019-06-25 15:14:51.381,10554,10555,10555,1
2019-06-25 15:14:51.939,10554,10555,10555,1
2019-06-25 15:14:58.377,10554,10555,10554,1
2019-06-25 15:14:59.932,10554,10555,10554,1
2019-06-25 15:15:00.116,10554,10555,10554,1
2019-06-25 15:15:00.685,10554,10555,10555,4
2019-06-25 15:15:01.736,10554,10555,10555,1
2019-06-25 15:15:02.470,10554,10555,10555,25
2019-06-25 15:15:02.699,10554,10556,10555,1
2019-06-25 15:15:02.736,10554,10556,10556,4
2019-06-25 15:15:02.759,10554,10556,10555,1
2019-06-25 15:15:03.139,10555,10556,10556,6
2019-06-25 15:15:07.008,10555,10556,10555,1
2019-06-25 15:15:07.238,10555,10556,10556,2
2019-06-25 15:15:09.939,10555,10556,10555,1
2019-06-25 15:15:15.281,10555,10556,10555,15
2019-06-25 15:15:29.206,10555,10556,10555,1
2019-06-25 15:15:30.309,10555,10556,10555,1
2019-06-25 15:15:33.513,10555,10556,10556,25
2019-06-25 15:15:34.046,10555,10556,10556,10
2019-06-25 15:15:35.355,10555,10556,10556,1
2019-06-25 15:15:35.370,10555,10556,10556,2
2019-06-25 15:15:40.050,10556,10557,10556,3
2019-06-25 15:15:41.284,10555,10556,10556,4
2019-06-25 15:15:45.721,10555,10556,10556,1
2019-06-25 15:15:47.185,10555,10556,10556,1
2019-06-25 15:15:48.747,10555,10556,10556,1
2019-06-25 15:15:51.464,10555,10556,10556,1
2019-06-25 15:15:53.341,10555,10556,10556,1
2019-06-25 15:15:55.778,10555,10556,10556,1
2019-06-25 15:16:04.631,10555,10556,10556,1
2019-06-25 15:16:04.916,10555,10556,10556,4
2019-06-25 15:16:04.963,10555,10556,10556,1
2019-06-25 15:16:04.971,10555,10556,10556,1
2019-06-25 15:16:04.971,10555,10556,10556,1
2019-06-25 15:16:04.971,10555,10556,10556,1
2019-06-25 15:16:05.163,10555,10556,10556,1
2019-06-25 15:16:05.484,10555,10556,10556,1
2019-06-25 15:16:06.281,10555,10556,10556,1
2019-06-25 15:16:06.878,10555,10556,10556,1
2019-06-25 15:16:06.986,10555,10556,10556,1
2019-06-25 15:16:13.561,10555,10556,10555,1
2019-06-25 15:16:13.843,10555,10556,10556,1
2019-06-25 15:16:14.019,10555,10556,10556,1
2019-06-25 15:16:15.194,10555,10556,10556,1
2019-06-25 15:16:15.450,10555,10556,10556,3
2019-06-25 15:16:22.891,10556,10557,10556,2
2019-06-25 15:16:23.823,10556,10557,10556,1
2019-06-25 15:16:26.786,10556,10557,10556,1
2019-06-25 15:16:26.816,10556,10557,10556,10
2019-06-25 15:16:27.605,10555,10556,10556,1
2019-06-25 15:16:28.111,10555,10556,10556,2
2019-06-25 15:16:28.518,10555,10556,10556,1
2019-06-25 15:16:30.281,10555,10556,10556,5
2019-06-25 15:16:32.478,10555,10556,10555,21
2019-06-25 15:16:33.212,10554,10555,10554,1
2019-06-25 15:16:35.246,10554,10555,10555,1
2019-06-25 15:16:39.319,10554,10555,10554,1
2019-06-25 15:16:41.252,10554,10555,10554,1
2019-06-25 15:16:41.941,10554,10555,10554,8
2019-06-25 15:16:43.070,10553,10554,10554,3
2019-06-25 15:16:43.541,10553,10554,10554,1
2019-06-25 15:16:45.169,10553,10554,10554,1
2019-06-25 15:16:54.177,10553,10554,10553,2
2019-06-25 15:16:54.876,10553,10554,10554,1
2019-06-25 15:17:18.235,10553,10554,10554,1
2019-06-25 15:17:18.316,10553,10554,10554,7
2019-06-25 15:17:24.301,10554,10555,10555,2
2019-06-25 15:17:24.640,10554,10555,10554,1
2019-06-25 15:17:31.941,10554,10555,10554,6
2019-06-25 15:17:43.518,10553,10554,10554,1
2019-06-25 15:17:54.882,10553,10554,10553,1
2019-06-25 15:17:59.264,10553,10554,10553,2
2019-06-25 15:17:59.441,10553,10554,10553,12
2019-06-25 15:17:59.566,10553,10554,10553,4
2019-06-25 15:18:09.424,10553,10554,10553,1
2019-06-25 15:18:12.407,10553,10554,10553,1
2019-06-25 15:18:13.091,10553,10554,10553,1
2019-06-25 15:18:13.574,10552,10553,10553,1
2019-06-25 15:18:17.554,10552,10553,10553,2
2019-06-25 15:18:18.240,10552,10553,10553,1
2019-06-25 15:18:53.306,10552,10553,10552,2
2019-06-25 15:18:54.457,10552,10553,10552,2
2019-06-25 15:18:56.055,10552,10553,10552,1
2019-06-25 15:18:59.041,10552,10553,10552,1
2019-06-25 15:19:06.417,10552,10553,10553,2
2019-06-25 15:19:07.129,10552,10553,10552,1
2019-06-25 15:19:15.388,10552,10553,10552,1
2019-06-25 15:19:16.995,10552,10553,10552,2
2019-06-25 15:19:24.609,10552,10553,10553,1
2019-06-25 15:19:28.552,10552,10553,10552,1
2019-06-25 15:19:37.218,10552,10553,10552,1
2019-06-25 15:19:47.105,10552,10553,10552,1
2019-06-25 15:19:47.589,10552,10553,10553,1
2019-06-25 15:19:53.217,10552,10553,10552,1
2019-06-25 15:20:00.293,10552,10553,10552,1
2019-06-25 15:20:00.294,10552,10553,10552,1
2019-06-25 15:20:00.317,10552,10553,10552,1
2019-06-25 15:20:00.317,10552,10553,10552,2
2019-06-25 15:20:00.424,10552,10553,10552,1
2019-06-25 15:20:00.424,10552,10553,10552,2
2019-06-25 15:20:05.329,10551,10552,10551,2
2019-06-25 15:20:17.947,10551,10553,10551,3
2019-06-25 15:20:18.545,10551,10552,10552,1
2019-06-25 15:20:19.749,10551,10552,10552,6
2019-06-25 15:20:27.361,10551,10552,10552,1
2019-06-25 15:20:30.012,10551,10552,10552,1
2019-06-25 15:20:30.066,10551,10552,10552,7
2019-06-25 15:20:31.367,10552,10553,10552,2
2019-06-25 15:20:34.857,10552,10553,10552,1
2019-06-25 15:20:35.617,10552,10553,10552,1
2019-06-25 15:20:36.202,10552,10553,10552,1
2019-06-25 15:20:44.877,10552,10553,10552,1
2019-06-25 15:20:46.800,10552,10553,10552,1
2019-06-25 15:20:47.316,10552,10553,10552,1
2019-06-25 15:20:47.339,10552,10553,10552,1
2019-06-25 15:20:47.340,10552,10553,10552,1
2019-06-25 15:20:54.127,10551,10552,10552,2
2019-06-25 15:21:00.423,10551,10552,10552,3
2019-06-25 15:21:08.759,10552,10553,10552,2
2019-06-25 15:21:11.403,10552,10553,10552,2
2019-06-25 15:21:14.174,10551,10553,10553,1
2019-06-25 15:21:14.988,10552,10553,10552,1
2019-06-25 15:21:21.830,10552,10553,10552,2
2019-06-25 15:21:21.926,10552,10553,10553,1
2019-06-25 15:21:39.367,10552,10553,10553,2
2019-06-25 15:21:43.889,10552,10553,10553,1
2019-06-25 15:22:22.485,10552,10553,10553,1
2019-06-25 15:22:34.115,10552,10553,10552,2
2019-06-25 15:22:53.898,10552,10553,10552,2
2019-06-25 15:22:54.949,10552,10553,10552,1
2019-06-25 15:22:55.682,10552,10553,10552,1
2019-06-25 15:22:57.470,10552,10553,10552,1
2019-06-25 15:22:58.514,10552,10553,10552,1
2019-06-25 15:23:07.416,10552,10553,10552,1
2019-06-25 15:23:21.174,10552,10553,10552,1
2019-06-25 15:23:24.328,10552,10553,10552,1
2019-06-25 15:23:43.355,10552,10553,10552,6
2019-06-25 15:23:49.571,10551,10552,10551,2
2019-06-25 15:23:50.028,10551,10552,10551,8
2019-06-25 15:23:51.163,10550,10551,10551,3
2019-06-25 15:23:59.369,10550,10551,10551,1
2019-06-25 15:24:18.823,10550,10551,10551,1
2019-06-25 15:24:18.823,10550,10551,10551,1
2019-06-25 15:24:18.824,10550,10551,10551,1
2019-06-25 15:24:18.824,10550,10551,10551,1
2019-06-25 15:24:18.941,10550,10551,10551,12
2019-06-25 15:24:18.971,10550,10551,10551,1
2019-06-25 15:24:18.971,10550,10551,10551,1
2019-06-25 15:24:19.017,10550,10551,10551,1
2019-06-25 15:24:19.020,10550,10551,10551,1
2019-06-25 15:24:19.734,10551,10552,10551,1
2019-06-25 15:24:20.082,10551,10552,10551,1
2019-06-25 15:24:38.156,10551,10552,10551,1
2019-06-25 15:24:45.183,10551,10552,10551,1
2019-06-25 15:24:48.706,10551,10552,10551,1
2019-06-25 15:24:51.392,10551,10552,10551,1
2019-06-25 15:25:02.421,10551,10552,10551,8
2019-06-25 15:25:08.362,10551,10552,10551,1
2019-06-25 15:25:22.383,10551,10552,10551,2
2019-06-25 15:25:33.228,10551,10552,10551,1
2019-06-25 15:25:39.191,10551,10552,10552,11
2019-06-25 15:26:01.566,10552,10553,10553,5
2019-06-25 15:26:01.963,10552,10553,10553,13
2019-06-25 15:26:01.975,10552,10553,10552,1
2019-06-25 15:26:01.981,10552,10553,10552,1
2019-06-25 15:26:02.678,10553,10554,10553,1
2019-06-25 15:26:44.581,10553,10554,10554,1
2019-06-25 15:26:44.581,10553,10554,10554,1
2019-06-25 15:26:44.650,10553,10554,10554,10
2019-06-25 15:26:50.212,10554,10555,10554,2
2019-06-25 15:26:56.508,10554,10555,10554,1
2019-06-25 15:26:58.820,10554,10555,10554,1
2019-06-25 15:27:08.704,10554,10555,10554,2
2019-06-25 15:27:13.354,10554,10555,10554,1
2019-06-25 15:27:32.966,10554,10555,10554,1
2019-06-25 15:27:34.030,10554,10555,10554,1
2019-06-25 15:27:34.031,10554,10555,10554,5
2019-06-25 15:27:36.705,10553,10554,10553,4
2019-06-25 15:27:36.706,10553,10554,10553,2
2019-06-25 15:28:03.016,10552,10553,10552,1
2019-06-25 15:28:03.066,10552,10553,10552,1
2019-06-25 15:28:25.462,10552,10553,10553,5
2019-06-25 15:28:26.676,10552,10553,10553,1
2019-06-25 15:28:27.473,10552,10553,10553,1
2019-06-25 15:28:34.934,10553,10554,10554,1
2019-06-25 15:28:45.004,10553,10554,10553,3
2019-06-25 15:28:56.461,10553,10554,10553,1
2019-06-25 15:29:01.855,10552,10554,10552,1
2019-06-25 15:29:05.749,10553,10554,10553,1
2019-06-25 15:29:13.983,10552,10553,10552,9
2019-06-25 15:29:18.340,10551,10552,10552,2
2019-06-25 15:29:30.990,10551,10552,10551,2
2019-06-25 15:29:41.512,10551,10552,10551,1
2019-06-25 15:29:49.910,10551,10552,10551,1
2019-06-25 15:29:51.751,10551,10552,10551,1
2019-06-25 15:29:51.816,10551,10552,10551,4
2019-06-25 15:29:55.673,10550,10551,10550,2
2019-06-25 15:29:55.762,10550,10551,10550,1
2019-06-25 15:29:56.051,10550,10551,10551,1
2019-06-25 15:30:12.627,10551,10552,10551,1
2019-06-25 15:30:13.816,10551,10552,10552,1
2019-06-25 15:30:20.973,10552,10553,10552,1
2019-06-25 15:30:26.678,10552,10553,10552,1
2019-06-25 15:30:32.965,10552,10553,10552,1
2019-06-25 15:30:34.171,10551,10552,10552,1
2019-06-25 15:30:34.171,10551,10552,10553,4
2019-06-25 15:30:43.474,10551,10552,10552,1
2019-06-25 15:30:45.901,10551,10552,10552,1
2019-06-25 15:31:04.184,10551,10552,10552,1
2019-06-25 15:31:07.754,10551,10552,10552,1
2019-06-25 15:31:09.494,10551,10552,10551,1
2019-06-25 15:31:49.577,10551,10552,10552,2
2019-06-25 15:31:50.375,10551,10552,10552,4
2019-06-25 15:31:54.210,10552,10553,10553,1
2019-06-25 15:32:00.882,10552,10553,10552,2
2019-06-25 15:32:29.643,10552,10553,10553,1
2019-06-25 15:32:29.691,10552,10553,10553,2
2019-06-25 15:32:29.692,10552,10553,10553,7
2019-06-25 15:32:38.978,10553,10554,10553,1
2019-06-25 15:33:01.299,10552,10553,10553,1
2019-06-25 15:33:01.300,10552,10553,10553,1
2019-06-25 15:33:01.316,10552,10553,10553,2
2019-06-25 15:33:11.736,10552,10553,10553,2
2019-06-25 15:33:11.816,10553,10554,10553,1
2019-06-25 15:33:11.941,10553,10554,10553,1
2019-06-25 15:33:18.841,10552,10553,10553,1
2019-06-25 15:33:27.063,10552,10553,10553,1
2019-06-25 15:33:27.064,10552,10553,10553,1
2019-06-25 15:33:34.502,10552,10554,10552,1
2019-06-25 15:34:03.733,10552,10554,10552,6
2019-06-25 15:34:17.502,10552,10553,10553,6
2019-06-25 15:34:22.345,10553,10554,10553,1
2019-06-25 15:34:30.442,10553,10554,10553,3
2019-06-25 15:35:05.939,10552,10553,10552,1
2019-06-25 15:35:12.878,10552,10553,10552,1
2019-06-25 15:35:16.860,10552,10553,10552,5
2019-06-25 15:35:16.941,10552,10553,10552,3
2019-06-25 15:35:29.936,10551,10552,10551,1
2019-06-25 15:35:30.157,10551,10552,10551,1
2019-06-25 15:35:30.345,10551,10552,10551,1
2019-06-25 15:36:07.314,10552,10553,10552,1
2019-06-25 15:36:21.055,10552,10553,10553,3
2019-06-25 15:36:29.787,10552,10553,10552,1
2019-06-25 15:36:37.947,10552,10553,10552,1
2019-06-25 15:36:50.711,10552,10553,10552,1
2019-06-25 15:36:52.715,10552,10553,10552,1
2019-06-25 15:37:12.709,10552,10553,10552,1
2019-06-25 15:37:14.035,10552,10553,10552,2
2019-06-25 15:37:14.966,10552,10553,10552,8
2019-06-25 15:37:20.660,10552,10553,10552,1
2019-06-25 15:37:23.007,10552,10553,10552,1
2019-06-25 15:37:32.959,10552,10553,10552,2
2019-06-25 15:37:33.066,10552,10553,10552,2
2019-06-25 15:38:05.209,10551,10552,10551,1
2019-06-25 15:38:07.585,10551,10552,10551,1
2019-06-25 15:38:08.400,10551,10552,10551,2
2019-06-25 15:38:17.855,10551,10552,10551,2
2019-06-25 15:38:20.415,10551,10552,10551,2
2019-06-25 15:38:26.561,10551,10552,10551,2
2019-06-25 15:38:30.282,10551,10552,10551,3
2019-06-25 15:38:30.872,10550,10552,10550,1
2019-06-25 15:38:44.960,10550,10551,10551,1
2019-06-25 15:38:49.691,10550,10552,10550,1
2019-06-25 15:39:07.484,10550,10551,10550,4
2019-06-25 15:39:17.899,10550,10551,10550,2
2019-06-25 15:39:37.609,10550,10551,10550,1
2019-06-25 15:39:48.483,10550,10551,10551,2
2019-06-25 15:39:56.216,10550,10551,10551,2
2019-06-25 15:39:59.072,10550,10551,10551,2
2019-06-25 15:40:14.599,10550,10551,10550,1
2019-06-25 15:40:26.091,10550,10551,10551,2
2019-06-25 15:40:33.799,10550,10551,10551,2
2019-06-25 15:40:49.824,10550,10551,10551,1
2019-06-25 15:41:01.224,10550,10551,10551,2
2019-06-25 15:41:07.747,10550,10551,10551,1
2019-06-25 15:41:22.160,10551,10552,10551,1
2019-06-25 15:41:26.294,10551,10552,10551,1
2019-06-25 15:41:38.061,10551,10552,10551,1
2019-06-25 15:41:44.414,10551,10552,10551,1
2019-06-25 15:41:53.816,10551,10552,10551,4
2019-06-25 15:42:01.809,10550,10551,10551,1
2019-06-25 15:42:03.529,10550,10551,10551,1
2019-06-25 15:42:58.089,10550,10551,10551,1
2019-06-25 15:43:24.133,10550,10551,10551,1
2019-06-25 15:43:24.171,10550,10551,10551,1
2019-06-25 15:43:40.752,10550,10551,10551,1
2019-06-25 15:43:41.453,10550,10551,10551,1
2019-06-25 15:43:42.194,10550,10551,10551,3
2019-06-25 15:43:42.316,10550,10551,10551,1
2019-06-25 15:44:05.658,10550,10551,10551,1
2019-06-25 15:44:05.919,10550,10551,10551,1
2019-06-25 15:44:20.981,10550,10551,10551,1
2019-06-25 15:44:26.446,10550,10551,10551,4
2019-06-25 15:44:26.630,10550,10551,10551,3
2019-06-25 15:44:34.899,10551,10552,10551,3
2019-06-25 15:44:40.914,10550,10551,10551,1
2019-06-25 15:45:02.736,10550,10551,10551,1
2019-06-25 15:45:08.370,10550,10551,10550,1
2019-06-25 15:45:08.404,10550,10551,10550,1
2019-06-25 15:45:08.411,10550,10551,10550,1
2019-06-25 15:45:08.441,10550,10551,10550,19
2019-06-25 15:45:08.566,10550,10551,10550,5
2019-06-25 15:45:12.996,10549,10550,10550,1
2019-06-25 15:46:35.318,10549,10550,10550,4
2019-06-25 15:46:35.876,10549,10550,10550,1
2019-06-25 15:47:02.101,10549,10550,10550,1
2019-06-25 15:47:05.387,10549,10550,10550,1
2019-06-25 15:47:06.735,10549,10550,10550,2
2019-06-25 15:47:18.104,10549,10550,10550,10
2019-06-25 15:47:18.794,10549,10550,10550,1
2019-06-25 15:47:18.968,10549,10550,10550,2
2019-06-25 15:47:24.392,10549,10550,10550,1
2019-06-25 15:47:27.013,10549,10550,10550,1
2019-06-25 15:47:29.711,10549,10550,10550,1
2019-06-25 15:47:34.448,10549,10550,10550,1
2019-06-25 15:47:37.711,10549,10550,10550,1
2019-06-25 15:47:38.619,10549,10550,10550,2
2019-06-25 15:47:39.409,10550,10551,10550,1
2019-06-25 15:47:43.398,10549,10551,10550,1
2019-06-25 15:47:43.400,10549,10551,10550,1
2019-06-25 15:47:43.400,10549,10551,10550,1
2019-06-25 15:47:56.991,10549,10550,10550,1
2019-06-25 15:48:05.449,10549,10550,10550,1
2019-06-25 15:48:06.276,10549,10550,10550,1
2019-06-25 15:48:19.438,10549,10550,10550,3
2019-06-25 15:48:38.637,10549,10550,10550,1
2019-06-25 15:49:05.752,10549,10550,10550,1
2019-06-25 15:49:06.278,10549,10550,10550,1
2019-06-25 15:49:12.206,10549,10550,10550,1
2019-06-25 15:49:17.304,10549,10550,10549,1
2019-06-25 15:49:17.348,10549,10550,10549,1
2019-06-25 15:49:17.439,10549,10550,10549,2
2019-06-25 15:49:17.639,10549,10550,10550,2
2019-06-25 15:49:18.196,10549,10550,10549,1
2019-06-25 15:49:27.051,10549,10550,10549,2
2019-06-25 15:49:27.620,10549,10550,10550,1
2019-06-25 15:49:29.837,10549,10550,10550,1
2019-06-25 15:49:33.527,10549,10550,10549,1
2019-06-25 15:49:40.456,10549,10550,10550,1
2019-06-25 15:50:10.490,10549,10550,10550,3
2019-06-25 15:50:22.378,10549,10550,10549,4
2019-06-25 15:50:23.195,10549,10550,10549,5
2019-06-25 15:50:28.916,10549,10550,10549,5
2019-06-25 15:50:34.194,10549,10550,10549,1
2019-06-25 15:50:38.163,10549,10550,10549,1
2019-06-25 15:50:41.801,10549,10550,10549,2
2019-06-25 15:50:44.175,10549,10550,10549,1
2019-06-25 15:50:52.092,10549,10550,10549,1
2019-06-25 15:50:52.655,10549,10550,10549,1
2019-06-25 15:50:52.661,10549,10550,10549,5
2019-06-25 15:50:53.619,10548,10549,10548,1
2019-06-25 15:50:53.731,10548,10549,10548,1
2019-06-25 15:51:01.250,10548,10550,10548,1
2019-06-25 15:51:04.102,10548,10549,10549,1
2019-06-25 15:51:19.007,10548,10549,10549,3
2019-06-25 15:51:20.807,10548,10549,10549,2
2019-06-25 15:51:52.584,10549,10550,10549,1
2019-06-25 15:51:59.655,10548,10549,10548,1
2019-06-25 15:52:00.348,10548,10549,10548,1
2019-06-25 15:52:01.370,10548,10549,10549,2
2019-06-25 15:52:02.019,10548,10549,10548,1
2019-06-25 15:52:05.167,10548,10549,10548,2
2019-06-25 15:52:10.687,10548,10549,10548,1
2019-06-25 15:52:14.774,10548,10549,10548,1
2019-06-25 15:52:17.079,10548,10549,10548,1
2019-06-25 15:52:22.875,10548,10549,10548,1
2019-06-25 15:52:23.302,10548,10549,10548,1
2019-06-25 15:52:23.710,10548,10549,10549,1
2019-06-25 15:52:24.750,10548,10549,10548,2
2019-06-25 15:52:34.086,10548,10549,10548,1
2019-06-25 15:52:34.191,10548,10549,10548,2
2019-06-25 15:52:34.192,10548,10549,10548,2
2019-06-25 15:52:34.192,10548,10549,10548,7
2019-06-25 15:52:36.234,10547,10548,10548,1
2019-06-25 15:52:56.252,10547,10548,10548,2
2019-06-25 15:52:57.344,10547,10548,10548,2
2019-06-25 15:52:57.344,10547,10548,10548,1
2019-06-25 15:52:57.344,10547,10548,10548,1
2019-06-25 15:53:03.762,10547,10548,10548,1
2019-06-25 15:53:06.412,10547,10548,10548,1
2019-06-25 15:53:35.033,10547,10548,10548,3
2019-06-25 15:53:40.611,10547,10548,10548,1
2019-06-25 15:53:57.826,10547,10548,10548,7
2019-06-25 15:53:57.826,10547,10548,10548,8
2019-06-25 15:53:57.864,10547,10548,10548,4
2019-06-25 15:53:57.941,10547,10548,10548,2
2019-06-25 15:53:57.941,10547,10548,10548,12
2019-06-25 15:54:11.157,10548,10549,10548,1
2019-06-25 15:54:20.885,10548,10549,10548,6
2019-06-25 15:54:23.327,10548,10549,10548,1
2019-06-25 15:54:23.633,10548,10549,10548,1
2019-06-25 15:54:24.055,10547,10548,10548,1
2019-06-25 15:54:24.363,10547,10548,10547,2
2019-06-25 15:54:24.485,10547,10548,10547,1
2019-06-25 15:54:42.508,10547,10548,10547,1
2019-06-25 15:54:53.529,10547,10548,10548,1
2019-06-25 15:55:04.011,10547,10548,10547,1
2019-06-25 15:55:05.239,10547,10548,10548,1
2019-06-25 15:55:10.774,10547,10548,10548,2
2019-06-25 15:55:11.328,10547,10548,10547,1
2019-06-25 15:55:18.316,10547,10548,10547,1
2019-06-25 15:55:18.598,10547,10548,10548,5
2019-06-25 15:55:20.316,10547,10548,10548,2
2019-06-25 15:55:28.144,10547,10548,10548,1
2019-06-25 15:55:37.835,10547,10548,10548,1
2019-06-25 15:55:38.076,10547,10548,10547,2
2019-06-25 15:55:52.691,10547,10548,10548,2
2019-06-25 15:55:53.478,10548,10549,10548,2
2019-06-25 15:55:53.591,10548,10549,10548,1
2019-06-25 15:55:53.809,10548,10549,10548,1
2019-06-25 15:55:57.413,10548,10549,10548,1
2019-06-25 15:56:09.850,10548,10549,10548,1
2019-06-25 15:56:16.135,10548,10549,10548,1
2019-06-25 15:56:21.301,10547,10548,10548,1
2019-06-25 15:56:48.676,10548,10549,10548,1
2019-06-25 15:56:48.676,10548,10549,10548,1
2019-06-25 15:56:48.677,10548,10549,10548,1
2019-06-25 15:56:48.678,10548,10549,10548,1
2019-06-25 15:57:03.101,10547,10548,10548,3
2019-06-25 15:57:06.002,10548,10549,10548,1
2019-06-25 15:57:28.813,10548,10549,10548,3
2019-06-25 15:57:39.515,10548,10549,10548,1
2019-06-25 15:58:02.183,10548,10549,10549,3
2019-06-25 15:58:11.437,10548,10549,10549,2
2019-06-25 15:58:24.462,10548,10549,10549,1
2019-06-25 15:58:35.441,10548,10549,10549,7
2019-06-25 15:58:47.455,10549,10550,10550,1
2019-06-25 15:59:05.672,10549,10550,10549,1
2019-06-25 15:59:18.941,10549,10550,10549,3
2019-06-25 15:59:18.984,10549,10550,10549,1
2019-06-25 15:59:19.066,10549,10550,10549,1
2019-06-25 15:59:49.572,10548,10549,10548,3
2019-06-25 16:00:01.107,10548,10549,10549,6
2019-06-25 16:00:01.559,10549,10550,10550,2
2019-06-25 16:00:01.632,10549,10550,10549,4
2019-06-25 16:00:01.655,10549,10550,10550,1
2019-06-25 16:00:01.839,10549,10550,10550,1
2019-06-25 16:00:01.841,10549,10550,10550,3
2019-06-25 16:00:01.912,10549,10550,10550,1
2019-06-25 16:00:02.127,10549,10550,10550,1
2019-06-25 16:00:02.151,10549,10550,10550,1
2019-06-25 16:00:02.430,10549,10550,10550,3
2019-06-25 16:00:03.430,10549,10550,10550,1
2019-06-25 16:00:09.802,10549,10550,10549,1
2019-06-25 16:00:25.555,10549,10550,10549,1
2019-06-25 16:00:25.900,10549,10550,10549,1
2019-06-25 16:00:26.207,10549,10550,10549,1
2019-06-25 16:00:26.441,10549,10550,10549,2
2019-06-25 16:00:27.145,10549,10550,10549,1
2019-06-25 16:00:27.146,10549,10550,10549,1
2019-06-25 16:00:37.581,10548,10549,10549,1
2019-06-25 16:00:51.914,10549,10550,10549,1
2019-06-25 16:00:55.042,10549,10550,10549,1
2019-06-25 16:01:07.740,10549,10550,10549,1
2019-06-25 16:01:35.867,10549,10550,10549,2
2019-06-25 16:01:45.035,10549,10550,10549,6
2019-06-25 16:02:16.522,10548,10550,10548,1
2019-06-25 16:02:23.954,10549,10550,10549,1
2019-06-25 16:02:28.692,10549,10550,10549,1
2019-06-25 16:03:02.832,10549,10550,10550,1
2019-06-25 16:03:25.795,10549,10550,10550,1
2019-06-25 16:04:03.703,10549,10550,10550,2
2019-06-25 16:04:29.395,10549,10550,10550,1
2019-06-25 16:04:41.437,10549,10550,10550,2
2019-06-25 16:04:56.022,10549,10550,10549,1
2019-06-25 16:05:23.845,10549,10550,10549,2
2019-06-25 16:05:33.250,10549,10550,10550,1
2019-06-25 16:05:40.229,10549,10550,10550,1
2019-06-25 16:05:55.218,10549,10550,10550,1
2019-06-25 16:06:03.111,10549,10550,10550,2
2019-06-25 16:06:06.319,10549,10550,10549,1
2019-06-25 16:06:40.986,10549,10550,10550,4
2019-06-25 16:06:40.987,10549,10550,10550,9
2019-06-25 16:06:40.987,10549,10550,10550,2
2019-06-25 16:06:40.987,10549,10550,10550,4
2019-06-25 16:06:41.066,10549,10550,10550,3
2019-06-25 16:07:02.216,10550,10551,10551,8
2019-06-25 16:07:10.041,10550,10551,10550,1
2019-06-25 16:07:38.276,10550,10551,10551,1
2019-06-25 16:07:41.264,10550,10551,10550,1
2019-06-25 16:08:02.356,10550,10551,10551,1
2019-06-25 16:08:11.182,10550,10551,10551,2
2019-06-25 16:08:31.520,10550,10551,10551,1
2019-06-25 16:08:37.674,10550,10551,10551,1
2019-06-25 16:08:43.192,10550,10551,10550,8
2019-06-25 16:08:43.193,10550,10551,10550,2
2019-06-25 16:08:43.193,10550,10551,10550,2
2019-06-25 16:08:53.135,10549,10550,10550,1
2019-06-25 16:08:53.135,10549,10550,10551,3
2019-06-25 16:08:55.919,10549,10551,10551,2
2019-06-25 16:09:02.430,10550,10551,10551,1
2019-06-25 16:09:20.147,10550,10551,10550,1
2019-06-25 16:10:09.356,10550,10551,10551,3
2019-06-25 16:10:09.398,10550,10551,10550,1
2019-06-25 16:10:09.441,10550,10551,10551,8
2019-06-25 16:10:09.441,10550,10551,10551,1
2019-06-25 16:10:09.566,10550,10551,10551,5
2019-06-25 16:10:11.900,10551,10552,10551,1
2019-06-25 16:10:14.257,10550,10552,10550,2
2019-06-25 16:10:14.322,10550,10552,10550,1
2019-06-25 16:10:22.552,10550,10551,10550,2
2019-06-25 16:10:23.320,10550,10551,10550,2
2019-06-25 16:10:23.607,10550,10551,10550,1
2019-06-25 16:10:27.370,10550,10551,10550,5
2019-06-25 16:10:28.447,10550,10551,10550,3
2019-06-25 16:10:28.618,10550,10551,10550,1
2019-06-25 16:10:28.646,10550,10551,10550,1
2019-06-25 16:10:29.229,10550,10551,10550,1
2019-06-25 16:10:30.273,10549,10551,10549,1
2019-06-25 16:10:30.598,10549,10551,10549,2
2019-06-25 16:10:30.853,10549,10551,10549,2
2019-06-25 16:10:30.862,10549,10551,10549,2
2019-06-25 16:10:31.555,10549,10551,10549,3
2019-06-25 16:10:31.808,10549,10550,10549,3
2019-06-25 16:10:32.303,10549,10550,10549,1
2019-06-25 16:10:32.481,10549,10550,10549,1
2019-06-25 16:10:33.066,10549,10550,10549,1
2019-06-25 16:10:33.316,10549,10550,10549,2
2019-06-25 16:10:36.817,10549,10550,10550,1
2019-06-25 16:10:52.835,10549,10550,10549,3
2019-06-25 16:10:52.835,10549,10550,10549,2
2019-06-25 16:10:55.727,10548,10550,10548,1
2019-06-25 16:11:08.896,10549,10550,10549,1
2019-06-25 16:11:27.165,10549,10550,10550,1
2019-06-25 16:11:35.148,10549,10550,10549,4
2019-06-25 16:12:02.754,10548,10549,10549,3
2019-06-25 16:12:20.520,10548,10549,10548,10
2019-06-25 16:12:20.566,10548,10549,10548,31
2019-06-25 16:12:20.691,10548,10549,10548,1
2019-06-25 16:12:33.141,10547,10548,10548,1
2019-06-25 16:12:36.364,10547,10548,10547,1
2019-06-25 16:12:43.326,10547,10548,10547,16
2019-06-25 16:12:43.886,10547,10548,10548,1
2019-06-25 16:12:49.962,10547,10548,10547,1
2019-06-25 16:12:52.297,10547,10548,10547,6
2019-06-25 16:12:52.810,10546,10547,10547,1
2019-06-25 16:12:55.364,10546,10547,10547,1
2019-06-25 16:12:58.141,10546,10547,10547,1
2019-06-25 16:13:00.392,10546,10547,10547,1
2019-06-25 16:13:02.908,10546,10547,10547,1
2019-06-25 16:13:05.993,10546,10547,10547,2
2019-06-25 16:13:11.838,10546,10547,10547,1
2019-06-25 16:13:14.862,10546,10547,10547,1
2019-06-25 16:13:50.015,10547,10548,10547,1
2019-06-25 16:13:52.852,10547,10548,10547,1
2019-06-25 16:13:56.354,10547,10548,10547,3
2019-06-25 16:14:04.891,10546,10547,10546,2
2019-06-25 16:14:05.005,10546,10547,10546,2
2019-06-25 16:14:05.165,10546,10547,10547,2
2019-06-25 16:14:19.676,10546,10547,10546,1
2019-06-25 16:14:33.051,10546,10547,10547,1
2019-06-25 16:14:38.941,10546,10547,10547,2
2019-06-25 16:14:51.021,10546,10548,10546,1
2019-06-25 16:14:57.965,10546,10547,10547,1
2019-06-25 16:15:04.999,10546,10547,10547,1
2019-06-25 16:15:09.239,10546,10547,10547,1
2019-06-25 16:15:09.316,10546,10547,10547,1
2019-06-25 16:15:13.107,10547,10548,10547,2
2019-06-25 16:15:20.663,10546,10547,10547,4
2019-06-25 16:15:41.678,10547,10548,10547,1
2019-06-25 16:15:51.808,10547,10548,10547,1
2019-06-25 16:15:54.097,10547,10548,10547,1
2019-06-25 16:16:14.342,10547,10548,10547,2
2019-06-25 16:16:15.445,10547,10548,10547,1
2019-06-25 16:16:17.205,10547,10548,10547,1
2019-06-25 16:16:20.775,10547,10548,10547,5
2019-06-25 16:16:28.556,10546,10547,10546,1
2019-06-25 16:16:50.951,10546,10547,10546,1
2019-06-25 16:16:54.138,10546,10547,10546,2
2019-06-25 16:16:57.153,10546,10547,10546,1
2019-06-25 16:17:01.616,10546,10547,10546,1
2019-06-25 16:17:05.029,10546,10547,10546,1
2019-06-25 16:17:05.029,10546,10547,10546,1
2019-06-25 16:17:05.029,10546,10547,10546,2
2019-06-25 16:17:05.030,10546,10547,10546,1
2019-06-25 16:17:05.030,10546,10547,10546,2
2019-06-25 16:17:05.030,10546,10547,10546,1
2019-06-25 16:17:05.030,10546,10547,10546,1
2019-06-25 16:17:05.030,10546,10547,10546,1
2019-06-25 16:17:05.030,10546,10547,10546,1
2019-06-25 16:17:05.030,10546,10547,10546,1
2019-06-25 16:17:05.030,10546,10547,10546,1
2019-06-25 16:17:05.030,10546,10547,10546,2
2019-06-25 16:17:05.030,10546,10547,10546,1
2019-06-25 16:17:37.338,10545,10546,10546,2
2019-06-25 16:17:45.949,10545,10546,10546,2
2019-06-25 16:17:48.191,10545,10546,10545,1
2019-06-25 16:17:48.201,10545,10546,10545,2
2019-06-25 16:17:48.201,10545,10546,10545,1
2019-06-25 16:17:48.201,10545,10546,10545,16
2019-06-25 16:17:48.201,10545,10546,10545,1
2019-06-25 16:17:48.201,10545,10546,10545,1
2019-06-25 16:17:48.201,10545,10546,10545,1
2019-06-25 16:17:48.201,10545,10546,10545,2
2019-06-25 16:17:48.201,10545,10546,10545,1
2019-06-25 16:17:48.201,10545,10546,10545,1
2019-06-25 16:17:48.202,10545,10546,10545,1
2019-06-25 16:17:48.202,10545,10546,10545,1
2019-06-25 16:17:48.331,10544,10545,10544,1
2019-06-25 16:17:48.340,10544,10545,10544,1
2019-06-25 16:17:48.499,10544,10545,10544,1
2019-06-25 16:17:48.634,10544,10545,10544,1
2019-06-25 16:17:48.772,10544,10545,10544,3
2019-06-25 16:17:49.002,10544,10545,10544,2
2019-06-25 16:17:50.663,10544,10545,10544,2
2019-06-25 16:18:02.631,10544,10545,10544,2
2019-06-25 16:18:05.806,10544,10545,10544,5
2019-06-25 16:18:06.185,10544,10545,10544,5
2019-06-25 16:18:06.646,10543,10544,10543,4
2019-06-25 16:18:06.809,10543,10544,10543,3
2019-06-25 16:18:06.884,10543,10544,10544,2
2019-06-25 16:18:09.890,10543,10544,10544,2
2019-06-25 16:18:12.531,10544,10545,10544,2
2019-06-25 16:18:12.962,10544,10545,10544,1
2019-06-25 16:18:17.147,10544,10545,10544,1
2019-06-25 16:18:18.262,10544,10545,10544,10
2019-06-25 16:18:19.485,10544,10545,10544,5
2019-06-25 16:18:22.649,10544,10545,10544,2
2019-06-25 16:18:26.743,10544,10545,10544,1
2019-06-25 16:18:27.674,10544,10545,10544,1
2019-06-25 16:18:33.720,10544,10545,10544,1
2019-06-25 16:18:38.223,10544,10545,10544,4
2019-06-25 16:18:43.693,10544,10545,10544,1
2019-06-25 16:18:45.287,10544,10545,10545,1
2019-06-25 16:18:46.086,10544,10545,10544,1
2019-06-25 16:18:48.910,10544,10545,10544,1
2019-06-25 16:18:54.066,10544,10545,10545,5
2019-06-25 16:18:58.694,10545,10546,10545,1
2019-06-25 16:19:02.649,10545,10546,10546,1
2019-06-25 16:19:07.101,10545,10546,10546,1
2019-06-25 16:19:07.233,10545,10546,10546,1
2019-06-25 16:19:07.233,10545,10546,10546,1
2019-06-25 16:19:07.233,10545,10546,10546,1
2019-06-25 16:19:07.316,10545,10546,10546,2
2019-06-25 16:19:36.498,10546,10547,10546,2
2019-06-25 16:19:47.183,10546,10547,10546,1
2019-06-25 16:20:06.884,10545,10546,10546,2
2019-06-25 16:20:15.495,10545,10546,10545,1
2019-06-25 16:20:15.566,10545,10546,10545,1
2019-06-25 16:20:15.637,10545,10546,10545,1
2019-06-25 16:20:28.701,10544,10545,10545,1
2019-06-25 16:20:34.179,10544,10545,10544,2
2019-06-25 16:20:35.980,10544,10545,10544,1
2019-06-25 16:20:36.190,10544,10545,10544,1
2019-06-25 16:20:38.805,10544,10545,10545,5
2019-06-25 16:20:38.854,10544,10545,10544,1
2019-06-25 16:20:45.297,10544,10545,10544,1
2019-06-25 16:20:47.548,10544,10545,10544,1
2019-06-25 16:20:51.415,10544,10545,10544,1
2019-06-25 16:21:00.790,10544,10545,10544,1
2019-06-25 16:21:01.138,10544,10545,10545,1
2019-06-25 16:21:01.608,10544,10545,10545,3
2019-06-25 16:21:03.138,10545,10546,10545,1
2019-06-25 16:21:10.638,10545,10546,10545,1
2019-06-25 16:21:25.170,10545,10546,10546,1
2019-06-25 16:21:25.172,10545,10546,10546,6
2019-06-25 16:21:25.948,10546,10547,10546,1
2019-06-25 16:21:33.242,10546,10547,10546,1
2019-06-25 16:21:34.502,10546,10547,10546,2
2019-06-25 16:21:36.725,10546,10547,10547,2
2019-06-25 16:21:36.725,10546,10547,10547,5
2019-06-25 16:21:43.321,10547,10548,10548,3
2019-06-25 16:21:43.322,10547,10548,10548,7
2019-06-25 16:21:48.065,10548,10549,10548,1
2019-06-25 16:21:53.702,10547,10548,10548,1
2019-06-25 16:22:00.237,10547,10548,10548,2
2019-06-25 16:22:14.679,10547,10548,10548,2
2019-06-25 16:22:32.838,10547,10548,10548,1
2019-06-25 16:22:39.976,10547,10548,10548,1
2019-06-25 16:22:52.151,10547,10548,10548,1
2019-06-25 16:22:56.567,10547,10548,10547,1
2019-06-25 16:23:19.103,10547,10548,10547,1
2019-06-25 16:23:32.752,10547,10548,10548,1
2019-06-25 16:24:22.841,10547,10548,10547,1
2019-06-25 16:25:24.439,10547,10548,10548,1
2019-06-25 16:25:35.736,10547,10548,10547,1
2019-06-25 16:25:46.944,10547,10548,10548,2
2019-06-25 16:25:46.945,10547,10548,10548,2
2019-06-25 16:25:46.945,10547,10548,10548,3
2019-06-25 16:25:46.945,10547,10548,10548,1
2019-06-25 16:25:46.946,10547,10548,10548,6
2019-06-25 16:25:46.992,10547,10548,10547,1
2019-06-25 16:25:47.066,10547,10548,10548,1
2019-06-25 16:25:50.138,10548,10549,10548,5
2019-06-25 16:27:37.644,10548,10549,10548,1
2019-06-25 16:28:43.529,10548,10549,10549,1
2019-06-25 16:29:00.886,10548,10549,10548,1
2019-06-25 16:29:01.145,10548,10549,10549,3
2019-06-25 16:29:09.840,10548,10549,10548,4
2019-06-25 16:29:18.037,10548,10549,10549,1
2019-06-25 16:29:24.786,10548,10549,10548,3
2019-06-25 16:29:38.202,10548,10549,10548,1
2019-06-25 16:30:00.034,10548,10549,10548,2
2019-06-25 16:30:28.586,10548,10549,10549,1
2019-06-25 16:30:28.697,10548,10549,10549,1
2019-06-25 16:30:42.526,10548,10549,10549,1
2019-06-25 16:30:42.552,10548,10549,10549,1
2019-06-25 16:30:42.566,10548,10549,10549,6
2019-06-25 16:30:58.168,10549,10550,10550,2
2019-06-25 16:31:14.797,10549,10550,10550,1
2019-06-25 16:31:26.347,10549,10550,10550,1
2019-06-25 16:31:35.210,10549,10550,10550,9
2019-06-25 16:31:36.362,10549,10550,10550,1
2019-06-25 16:31:40.613,10549,10550,10550,2
2019-06-25 16:31:43.021,10549,10550,10550,1
2019-06-25 16:31:46.525,10549,10550,10550,1
2019-06-25 16:31:47.247,10549,10550,10550,2
2019-06-25 16:31:49.823,10549,10550,10550,2
2019-06-25 16:32:05.839,10550,10551,10551,2
2019-06-25 16:32:05.985,10550,10551,10551,1
2019-06-25 16:32:06.119,10550,10551,10551,1
2019-06-25 16:32:19.615,10550,10551,10550,5
2019-06-25 16:32:57.739,10550,10551,10551,1
2019-06-25 16:33:06.773,10550,10551,10550,1
2019-06-25 16:33:11.195,10550,10551,10551,1
2019-06-25 16:33:21.666,10550,10551,10550,2
2019-06-25 16:33:38.013,10550,10551,10550,2
2019-06-25 16:33:39.455,10550,10551,10551,1
2019-06-25 16:33:54.463,10550,10551,10550,1
2019-06-25 16:34:08.719,10550,10551,10551,1
2019-06-25 16:34:19.976,10550,10551,10551,1
2019-06-25 16:34:23.446,10550,10551,10551,10
2019-06-25 16:34:25.276,10550,10551,10551,16
2019-06-25 16:34:39.137,10550,10551,10551,2
2019-06-25 16:34:40.894,10550,10551,10551,2
2019-06-25 16:34:45.762,10550,10551,10551,1
2019-06-25 16:34:47.943,10550,10551,10551,2
2019-06-25 16:34:55.984,10551,10552,10551,1
2019-06-25 16:35:29.271,10551,10552,10552,2
2019-06-25 16:35:29.316,10551,10552,10552,1
2019-06-25 16:35:29.318,10551,10552,10552,2
2019-06-25 16:35:29.441,10551,10552,10552,9
2019-06-25 16:35:29.443,10551,10552,10552,24
2019-06-25 16:35:32.768,10552,10553,10553,2
2019-06-25 16:35:38.869,10552,10553,10553,2
2019-06-25 16:35:40.006,10552,10553,10553,1
2019-06-25 16:35:40.235,10552,10553,10553,13
2019-06-25 16:35:43.137,10553,10554,10553,1
2019-06-25 16:35:43.794,10553,10554,10553,1
2019-06-25 16:35:44.065,10552,10554,10554,2
2019-06-25 16:35:44.280,10552,10554,10554,1
2019-06-25 16:35:45.898,10552,10554,10554,1
2019-06-25 16:35:51.192,10553,10554,10554,1
2019-06-25 16:35:55.790,10553,10554,10554,2
2019-06-25 16:36:02.427,10553,10554,10554,10
2019-06-25 16:36:02.622,10553,10554,10554,10
2019-06-25 16:36:05.011,10553,10554,10553,2
2019-06-25 16:36:08.787,10553,10554,10553,21
2019-06-25 16:36:08.816,10553,10554,10553,1
2019-06-25 16:36:09.297,10552,10554,10554,3
2019-06-25 16:36:12.290,10553,10554,10554,1
2019-06-25 16:36:15.867,10553,10554,10554,2
2019-06-25 16:36:16.978,10553,10554,10553,1
2019-06-25 16:36:26.549,10552,10553,10553,1
2019-06-25 16:36:34.660,10552,10553,10552,10
2019-06-25 16:36:34.691,10552,10553,10552,2
2019-06-25 16:36:45.529,10551,10553,10552,1
2019-06-25 16:37:03.431,10551,10552,10552,1
2019-06-25 16:37:11.318,10551,10552,10552,1
2019-06-25 16:37:11.318,10551,10552,10552,1
2019-06-25 16:37:11.444,10551,10552,10552,16
2019-06-25 16:37:23.762,10552,10553,10552,1
2019-06-25 16:37:36.399,10552,10553,10552,4
2019-06-25 16:37:48.764,10552,10553,10552,1
2019-06-25 16:37:56.057,10552,10553,10553,3
2019-06-25 16:37:57.936,10552,10553,10552,1
2019-06-25 16:38:05.627,10552,10553,10553,1
2019-06-25 16:38:19.058,10552,10553,10553,1
2019-06-25 16:38:21.673,10552,10553,10553,2
2019-06-25 16:38:48.085,10552,10553,10552,1
2019-06-25 16:38:50.572,10552,10553,10553,2
2019-06-25 16:39:14.877,10552,10553,10552,1
2019-06-25 16:39:45.271,10552,10553,10553,10
2019-06-25 16:39:47.876,10552,10553,10553,6
2019-06-25 16:39:48.716,10552,10553,10553,5
2019-06-25 16:39:53.464,10553,10554,10553,1
2019-06-25 16:39:58.934,10553,10554,10553,1
2019-06-25 16:40:03.565,10553,10554,10553,1
2019-06-25 16:40:04.033,10553,10554,10554,12
2019-06-25 16:40:04.371,10553,10554,10554,5
2019-06-25 16:40:04.371,10553,10554,10555,7
2019-06-25 16:40:04.554,10553,10554,10554,1
2019-06-25 16:40:15.612,10553,10554,10553,1
2019-06-25 16:40:32.107,10553,10554,10553,1
2019-06-25 16:40:34.654,10553,10554,10553,1
2019-06-25 16:40:43.078,10553,10554,10553,1
2019-06-25 16:40:48.539,10553,10554,10553,1
2019-06-25 16:40:51.797,10553,10554,10553,1
2019-06-25 16:40:54.244,10553,10554,10553,1
2019-06-25 16:40:54.245,10553,10554,10553,1
2019-06-25 16:40:55.938,10553,10554,10553,2
2019-06-25 16:40:56.576,10553,10554,10553,1
2019-06-25 16:41:00.582,10553,10554,10553,1
2019-06-25 16:41:03.612,10553,10554,10553,2
2019-06-25 16:41:05.780,10553,10554,10553,1
2019-06-25 16:41:24.443,10553,10554,10553,2
2019-06-25 16:41:24.443,10553,10554,10553,13
2019-06-25 16:41:44.711,10552,10553,10553,1
2019-06-25 16:41:54.029,10552,10553,10553,2
2019-06-25 16:42:02.486,10553,10554,10553,1
2019-06-25 16:42:07.113,10553,10554,10553,5
2019-06-25 16:42:07.191,10553,10554,10553,1
2019-06-25 16:42:13.940,10552,10553,10553,2
2019-06-25 16:42:53.326,10552,10553,10553,1
2019-06-25 16:42:56.202,10552,10553,10552,1
2019-06-25 16:43:06.263,10552,10553,10553,1
2019-06-25 16:43:26.567,10552,10553,10552,1
2019-06-25 16:43:36.401,10552,10553,10552,1
2019-06-25 16:44:42.325,10552,10553,10552,1
2019-06-25 16:44:45.749,10552,10553,10552,2
2019-06-25 16:44:48.383,10552,10553,10552,8
2019-06-25 16:45:13.724,10552,10553,10552,2
2019-06-25 16:45:31.440,10552,10553,10552,2
2019-06-25 16:45:40.880,10552,10553,10553,2
2019-06-25 16:45:41.615,10552,10553,10552,1
2019-06-25 16:45:42.032,10552,10553,10553,2
2019-06-25 16:45:43.698,10552,10553,10552,1
2019-06-25 16:46:29.374,10552,10553,10552,3
2019-06-25 16:46:29.441,10552,10553,10552,4
2019-06-25 16:46:29.441,10552,10553,10552,2
2019-06-25 16:46:29.441,10552,10553,10552,1
2019-06-25 16:46:29.450,10552,10553,10552,1
2019-06-25 16:46:29.566,10552,10553,10552,3
2019-06-25 16:47:13.109,10551,10552,10551,1
2019-06-25 16:47:23.467,10551,10552,10551,1
2019-06-25 16:47:23.609,10551,10552,10552,3
2019-06-25 16:47:23.812,10551,10552,10551,1
2019-06-25 16:47:33.097,10551,10552,10551,1
2019-06-25 16:49:56.601,10551,10552,10551,12
2019-06-25 16:49:56.691,10551,10552,10551,8
2019-06-25 16:50:02.027,10550,10551,10550,1
2019-06-25 16:50:04.065,10550,10551,10550,1
2019-06-25 16:50:10.311,10550,10551,10550,4
2019-06-25 16:50:12.120,10550,10551,10550,1
2019-06-25 16:50:32.119,10550,10551,10551,1
2019-06-25 16:51:28.665,10550,10551,10550,10
2019-06-25 16:51:31.532,10550,10551,10550,2
2019-06-25 16:51:31.568,10550,10551,10550,5
2019-06-25 16:51:38.927,10549,10550,10550,1
2019-06-25 16:51:58.364,10549,10550,10549,1
2019-06-25 16:51:58.499,10549,10550,10549,1
2019-06-25 16:52:00.922,10549,10550,10549,1
2019-06-25 16:52:03.849,10548,10549,10549,1
2019-06-25 16:52:22.350,10549,10550,10549,4
2019-06-25 16:52:46.867,10549,10550,10549,1
2019-06-25 16:52:58.173,10549,10550,10549,1
2019-06-25 16:53:00.355,10549,10550,10549,1
2019-06-25 16:53:00.362,10549,10550,10549,6
2019-06-25 16:53:02.515,10549,10550,10549,1
2019-06-25 16:53:02.515,10549,10550,10548,1
2019-06-25 16:53:05.568,10548,10550,10548,6
2019-06-25 16:53:15.678,10548,10549,10549,1
2019-06-25 16:53:32.251,10548,10549,10549,1
2019-06-25 16:53:32.256,10548,10549,10549,1
2019-06-25 16:54:19.188,10548,10549,10549,1
2019-06-25 16:54:19.601,10548,10549,10549,3
2019-06-25 16:54:29.151,10548,10549,10549,2
2019-06-25 16:54:39.695,10548,10549,10548,1
2019-06-25 16:54:47.714,10548,10549,10548,1
2019-06-25 16:55:17.277,10548,10549,10548,1
2019-06-25 16:55:18.799,10548,10549,10548,4
2019-06-25 16:55:18.838,10548,10549,10548,3
2019-06-25 16:55:23.598,10548,10549,10548,2
2019-06-25 16:55:28.827,10548,10549,10548,1
2019-06-25 16:55:29.424,10548,10549,10548,1
2019-06-25 16:55:40.762,10548,10549,10548,3
2019-06-25 16:55:41.194,10547,10548,10548,2
2019-06-25 16:56:22.027,10547,10548,10548,1
2019-06-25 16:56:48.702,10547,10548,10547,1
2019-06-25 16:56:49.257,10547,10548,10548,2
2019-06-25 16:57:06.191,10547,10548,10548,1
2019-06-25 16:57:06.217,10547,10548,10548,1
2019-06-25 16:57:06.316,10547,10548,10548,1
2019-06-25 16:57:06.606,10547,10548,10548,3
2019-06-25 16:57:06.686,10547,10548,10548,3
2019-06-25 16:57:06.691,10547,10548,10548,4
2019-06-25 16:57:06.699,10547,10548,10549,1
2019-06-25 16:57:06.801,10547,10548,10549,1
2019-06-25 16:57:06.842,10548,10549,10549,3
2019-06-25 16:57:06.875,10548,10549,10549,1
2019-06-25 16:57:06.912,10548,10549,10549,3
2019-06-25 16:57:06.948,10548,10549,10549,3
2019-06-25 16:57:06.966,10548,10549,10549,2
2019-06-25 16:57:06.993,10548,10549,10549,3
2019-06-25 16:57:07.018,10548,10549,10549,1
2019-06-25 16:57:07.043,10548,10549,10549,1
2019-06-25 16:57:07.114,10548,10549,10549,2
2019-06-25 16:57:07.194,10548,10549,10549,2
2019-06-25 16:57:07.216,10548,10549,10549,3
2019-06-25 16:57:07.240,10548,10549,10549,1
2019-06-25 16:57:07.290,10548,10549,10550,1
2019-06-25 16:57:07.333,10548,10550,10550,2
2019-06-25 16:57:07.352,10548,10550,10550,2
2019-06-25 16:57:07.374,10548,10550,10550,3
2019-06-25 16:57:11.503,10549,10550,10549,1
2019-06-25 16:57:19.612,10548,10549,10548,20
2019-06-25 16:57:21.303,10548,10549,10548,7
2019-06-25 16:57:21.316,10547,10548,10548,1
2019-06-25 16:57:22.632,10547,10548,10548,1
2019-06-25 16:57:25.345,10547,10548,10548,5
2019-06-25 16:57:26.020,10547,10548,10548,2
2019-06-25 16:57:27.464,10547,10548,10548,1
2019-06-25 16:57:28.326,10547,10548,10547,1
2019-06-25 16:58:01.867,10547,10548,10548,1
2019-06-25 16:58:22.728,10547,10548,10548,1
2019-06-25 16:58:24.917,10547,10548,10548,1
2019-06-25 16:58:26.566,10547,10548,10548,1
2019-06-25 16:58:30.472,10547,10548,10548,3
2019-06-25 16:58:38.711,10548,10549,10548,1
2019-06-25 16:59:11.503,10548,10549,10549,1
2019-06-25 16:59:29.068,10548,10549,10549,1
2019-06-25 17:00:25.636,10548,10549,10548,1
2019-06-25 17:00:26.248,10548,10549,10549,1
2019-06-25 17:00:26.283,10548,10549,10549,1
2019-06-25 17:00:37.621,10548,10549,10549,1
2019-06-25 17:01:08.316,10548,10549,10549,7
2019-06-25 17:01:24.150,10548,10549,10549,4
2019-06-25 17:01:31.002,10549,10550,10550,1
2019-06-25 17:01:37.980,10549,10550,10550,1
2019-06-25 17:01:39.569,10549,10550,10550,1
2019-06-25 17:01:39.569,10549,10550,10550,1
2019-06-25 17:01:39.691,10549,10550,10550,1
2019-06-25 17:01:39.816,10549,10550,10550,1
2019-06-25 17:01:39.941,10549,10550,10550,1
2019-06-25 17:01:39.941,10549,10550,10550,2
2019-06-25 17:01:40.299,10550,10551,10550,1
2019-06-25 17:01:46.980,10550,10551,10551,1
2019-06-25 17:01:57.103,10550,10551,10550,1
2019-06-25 17:02:56.260,10550,10551,10550,2
2019-06-25 17:03:04.793,10550,10551,10550,1
2019-06-25 17:03:06.270,10550,10551,10550,1
2019-06-25 17:03:25.236,10549,10550,10550,1
2019-06-25 17:03:54.443,10549,10550,10550,1
2019-06-25 17:04:10.693,10549,10550,10550,1
2019-06-25 17:04:37.562,10549,10550,10549,3
2019-06-25 17:05:03.406,10549,10550,10549,1
2019-06-25 17:05:03.406,10549,10550,10549,1
2019-06-25 17:05:03.406,10549,10550,10549,2
2019-06-25 17:05:03.406,10549,10550,10549,2
2019-06-25 17:05:03.406,10549,10550,10549,1
2019-06-25 17:05:03.406,10549,10550,10549,1
2019-06-25 17:05:03.406,10549,10550,10549,1
2019-06-25 17:05:03.406,10549,10550,10549,3
2019-06-25 17:05:03.407,10549,10550,10549,5
2019-06-25 17:05:03.407,10549,10550,10549,1
2019-06-25 17:05:03.407,10549,10550,10549,1
2019-06-25 17:05:03.407,10549,10550,10549,1
2019-06-25 17:06:20.097,10548,10549,10549,1
2019-06-25 17:06:20.113,10548,10549,10549,2
2019-06-25 17:07:00.029,10549,10550,10549,1
2019-06-25 17:07:14.623,10548,10550,10548,2
2019-06-25 17:07:34.279,10549,10550,10549,1
2019-06-25 17:07:40.810,10549,10550,10550,1
2019-06-25 17:08:13.169,10549,10550,10550,5
2019-06-25 17:08:16.240,10550,10551,10550,1
2019-06-25 17:08:27.960,10550,10551,10551,1
2019-06-25 17:08:32.943,10550,10551,10551,1
2019-06-25 17:08:40.826,10550,10551,10551,1
2019-06-25 17:08:50.194,10550,10551,10551,1
2019-06-25 17:09:18.661,10550,10551,10551,1
2019-06-25 17:09:34.389,10550,10551,10551,1
2019-06-25 17:09:37.438,10550,10552,10550,3
2019-06-25 17:09:38.941,10551,10552,10551,1
2019-06-25 17:10:04.005,10550,10551,10551,1
2019-06-25 17:10:10.571,10550,10551,10550,1
2019-06-25 17:10:13.987,10550,10551,10550,2
2019-06-25 17:10:13.987,10550,10551,10550,2
2019-06-25 17:10:13.988,10550,10551,10550,6
2019-06-25 17:10:14.066,10550,10551,10550,4
2019-06-25 17:10:14.571,10549,10550,10549,1
2019-06-25 17:10:16.245,10549,10550,10550,1
2019-06-25 17:10:16.501,10550,10551,10550,1
2019-06-25 17:10:25.451,10549,10550,10550,1
2019-06-25 17:10:54.693,10549,10550,10550,1
2019-06-25 17:11:14.569,10549,10550,10550,1
2019-06-25 17:11:53.765,10549,10550,10549,1
2019-06-25 17:12:02.443,10549,10550,10549,4
2019-06-25 17:12:05.838,10548,10549,10549,1
2019-06-25 17:12:26.536,10548,10549,10549,1
2019-06-25 17:13:14.191,10548,10549,10549,1
2019-06-25 17:13:14.191,10548,10549,10549,1
2019-06-25 17:13:14.316,10548,10549,10549,1
2019-06-25 17:15:01.616,10548,10549,10548,2
2019-06-25 17:15:01.617,10548,10549,10548,2
2019-06-25 17:15:01.618,10548,10549,10548,1
2019-06-25 17:15:01.618,10548,10549,10548,2
2019-06-25 17:15:01.620,10548,10549,10548,1
2019-06-25 17:15:01.631,10548,10549,10548,15
2019-06-25 17:15:07.192,10547,10548,10547,1
2019-06-25 17:15:08.714,10547,10548,10547,1
2019-06-25 17:15:12.319,10547,10548,10547,1
2019-06-25 17:15:12.537,10547,10548,10547,1
2019-06-25 17:15:12.569,10547,10548,10547,2
2019-06-25 17:15:12.570,10547,10548,10547,2
2019-06-25 17:15:13.194,10547,10548,10547,1
2019-06-25 17:15:25.249,10547,10548,10547,1
2019-06-25 17:15:33.352,10547,10548,10547,1
2019-06-25 17:15:42.068,10547,10548,10548,1
2019-06-25 17:15:43.005,10547,10548,10548,2
2019-06-25 17:15:44.639,10548,10549,10548,2
2019-06-25 17:15:49.014,10548,10549,10548,1
2019-06-25 17:15:49.971,10548,10549,10548,4
2019-06-25 17:16:00.512,10547,10548,10548,5
2019-06-25 17:16:10.570,10547,10548,10547,3
2019-06-25 17:16:19.717,10547,10548,10547,1
2019-06-25 17:16:26.362,10547,10548,10547,1
2019-06-25 17:16:32.868,10547,10548,10548,1
2019-06-25 17:16:34.412,10547,10548,10548,14
2019-06-25 17:16:55.737,10548,10549,10549,1
2019-06-25 17:16:55.737,10548,10549,10549,1
2019-06-25 17:16:55.737,10548,10549,10549,4
2019-06-25 17:16:59.423,10548,10550,10550,3
2019-06-25 17:17:36.941,10549,10550,10550,8
2019-06-25 17:17:49.194,10549,10550,10550,1
2019-06-25 17:18:19.819,10549,10550,10550,1
2019-06-25 17:18:24.884,10549,10550,10550,2
2019-06-25 17:18:27.685,10549,10550,10550,1
2019-06-25 17:18:38.066,10550,10551,10550,2
2019-06-25 17:18:51.587,10549,10550,10550,5
2019-06-25 17:19:09.267,10549,10550,10550,2
2019-06-25 17:19:18.008,10549,10550,10550,2
2019-06-25 17:19:56.392,10549,10550,10550,1
2019-06-25 17:19:56.441,10549,10550,10550,1
2019-06-25 17:20:04.944,10550,10551,10551,1
2019-06-25 17:20:05.325,10550,10551,10551,2
2019-06-25 17:20:08.993,10550,10551,10551,2
2019-06-25 17:20:08.993,10550,10551,10551,2
2019-06-25 17:20:09.002,10550,10551,10551,1
2019-06-25 17:20:12.674,10550,10552,10552,3
2019-06-25 17:20:13.488,10550,10552,10552,1
2019-06-25 17:20:35.533,10551,10552,10551,1
2019-06-25 17:20:47.176,10551,10552,10551,1
2019-06-25 17:20:53.944,10551,10552,10552,1
2019-06-25 17:21:15.049,10551,10552,10552,1
2019-06-25 17:21:18.339,10551,10552,10551,2
2019-06-25 17:21:18.370,10551,10552,10551,2
2019-06-25 17:21:30.212,10550,10551,10551,1
2019-06-25 17:21:30.684,10550,10551,10551,11
2019-06-25 17:21:44.055,10551,10552,10552,6
2019-06-25 17:21:49.709,10551,10552,10552,1
2019-06-25 17:22:07.018,10551,10552,10552,1
2019-06-25 17:22:15.192,10551,10552,10552,1
2019-06-25 17:22:39.066,10551,10552,10551,1
2019-06-25 17:22:39.069,10551,10552,10552,1
2019-06-25 17:22:39.198,10551,10552,10551,1
2019-06-25 17:22:39.316,10551,10552,10551,1
2019-06-25 17:23:16.145,10551,10552,10552,1
2019-06-25 17:23:37.374,10551,10552,10551,1
2019-06-25 17:23:54.007,10551,10552,10551,2
2019-06-25 17:23:54.010,10551,10552,10551,15
2019-06-25 17:23:54.010,10551,10552,10551,3
2019-06-25 17:23:54.019,10551,10552,10551,3
2019-06-25 17:23:54.066,10551,10552,10551,4
2019-06-25 17:23:54.066,10551,10552,10551,3
2019-06-25 17:23:54.066,10551,10552,10551,4
2019-06-25 17:23:54.819,10550,10551,10550,2
2019-06-25 17:24:07.512,10549,10551,10549,1
2019-06-25 17:24:08.854,10549,10551,10551,1
2019-06-25 17:24:55.037,10550,10551,10551,17
2019-06-25 17:24:59.373,10551,10552,10551,1
2019-06-25 17:24:59.373,10551,10552,10551,4
2019-06-25 17:24:59.383,10551,10552,10551,3
2019-06-25 17:24:59.441,10551,10552,10551,4
2019-06-25 17:25:00.596,10551,10552,10551,1
2019-06-25 17:25:00.638,10551,10552,10551,1
2019-06-25 17:25:00.665,10551,10552,10551,1
2019-06-25 17:25:00.691,10551,10552,10551,6
2019-06-25 17:25:00.691,10551,10552,10551,1
2019-06-25 17:25:00.691,10551,10552,10551,1
2019-06-25 17:25:00.691,10551,10552,10551,2
2019-06-25 17:25:00.691,10551,10552,10551,5
2019-06-25 17:25:39.943,10550,10551,10551,1
2019-06-25 17:26:16.051,10550,10551,10550,2
2019-06-25 17:26:18.792,10550,10551,10551,3
2019-06-25 17:26:30.941,10550,10551,10551,1
2019-06-25 17:26:31.191,10550,10551,10551,1
2019-06-25 17:26:31.316,10550,10551,10551,1
2019-06-25 17:26:55.035,10551,10552,10551,1
2019-06-25 17:26:59.834,10551,10552,10551,1
2019-06-25 17:27:24.230,10550,10551,10550,3
2019-06-25 17:27:32.366,10550,10551,10550,1
2019-06-25 17:27:49.569,10549,10551,10551,1
2019-06-25 17:28:00.216,10550,10551,10550,1
2019-06-25 17:28:40.746,10550,10551,10550,1
2019-06-25 17:29:04.693,10549,10550,10550,1
2019-06-25 17:29:15.354,10549,10550,10550,1
2019-06-25 17:30:05.434,10549,10550,10550,2
2019-06-25 17:30:05.441,10549,10550,10550,4
2019-06-25 17:30:06.051,10550,10551,10550,1
2019-06-25 17:30:06.164,10550,10551,10550,1
2019-06-25 17:30:06.489,10550,10551,10550,1
2019-06-25 17:30:06.790,10550,10551,10550,1
2019-06-25 17:30:07.093,10550,10551,10550,1
2019-06-25 17:30:10.120,10550,10551,10550,1
2019-06-25 17:30:10.426,10550,10551,10550,1
2019-06-25 17:30:41.850,10550,10551,10550,1
2019-06-25 17:30:47.231,10550,10551,10550,1
2019-06-25 17:31:50.566,10550,10551,10550,1
2019-06-25 17:31:50.567,10550,10551,10550,1
2019-06-25 17:31:50.567,10550,10551,10550,1
2019-06-25 17:31:50.567,10550,10551,10550,1
2019-06-25 17:31:50.694,10550,10551,10551,1
2019-06-25 17:32:21.944,10550,10551,10551,1
2019-06-25 17:32:58.860,10550,10551,10550,1
2019-06-25 17:33:51.285,10550,10551,10550,1
2019-06-25 17:34:10.064,10550,10551,10551,4
2019-06-25 17:34:10.064,10550,10551,10551,1
2019-06-25 17:34:10.065,10550,10551,10551,1
2019-06-25 17:34:10.065,10550,10551,10551,4
2019-06-25 17:34:10.065,10550,10551,10551,2
2019-06-25 17:34:10.065,10550,10551,10551,3
2019-06-25 17:34:10.065,10550,10551,10551,1
2019-06-25 17:34:10.065,10550,10551,10551,1
2019-06-25 17:34:11.370,10550,10551,10551,1
2019-06-25 17:34:24.640,10550,10551,10551,1
2019-06-25 17:34:49.305,10550,10551,10550,4
2019-06-25 17:34:59.284,10550,10551,10551,2
2019-06-25 17:35:06.569,10550,10551,10551,1
2019-06-25 17:36:15.069,10551,10552,10552,1
2019-06-25 17:36:22.703,10551,10552,10552,3
2019-06-25 17:36:56.499,10551,10552,10551,4
2019-06-25 17:36:56.500,10551,10552,10551,2
2019-06-25 17:36:56.566,10551,10552,10551,3
2019-06-25 17:36:56.961,10550,10551,10551,1
2019-06-25 17:36:57.034,10550,10551,10551,1
2019-06-25 17:36:57.066,10550,10551,10551,1
2019-06-25 17:37:03.124,10550,10551,10551,1
2019-06-25 17:37:06.336,10550,10551,10551,2
2019-06-25 17:37:20.778,10550,10551,10550,5
2019-06-25 17:37:21.819,10550,10551,10551,1
2019-06-25 17:38:43.882,10550,10551,10551,4
2019-06-25 17:39:07.565,10550,10551,10550,2
2019-06-25 17:39:09.696,10550,10551,10551,2
2019-06-25 17:39:09.696,10550,10551,10551,2
2019-06-25 17:39:09.697,10550,10551,10551,2
2019-06-25 17:39:09.697,10550,10551,10551,4
2019-06-25 17:39:09.992,10550,10551,10551,1
2019-06-25 17:39:10.224,10550,10551,10551,1
2019-06-25 17:39:10.261,10550,10551,10551,1
2019-06-25 17:39:15.982,10550,10551,10551,1
2019-06-25 17:39:32.769,10550,10551,10551,4
2019-06-25 17:39:32.788,10550,10551,10551,1
2019-06-25 17:39:32.790,10550,10551,10551,1
2019-06-25 17:39:42.902,10551,10552,10551,1
2019-06-25 17:39:42.944,10551,10552,10552,1
2019-06-25 17:40:01.082,10551,10552,10552,1
2019-06-25 17:40:12.613,10551,10552,10552,28
2019-06-25 17:40:22.738,10551,10552,10551,2
2019-06-25 17:40:29.088,10551,10552,10552,1
2019-06-25 17:40:45.142,10551,10552,10552,1
2019-06-25 17:40:58.392,10551,10552,10552,2
2019-06-25 17:41:01.568,10551,10552,10552,1
2019-06-25 17:41:04.113,10551,10552,10552,1
2019-06-25 17:41:28.840,10551,10552,10552,4
2019-06-25 17:41:42.100,10551,10552,10552,1
2019-06-25 17:42:05.818,10551,10552,10552,1
2019-06-25 17:42:10.887,10551,10552,10552,1
2019-06-25 17:43:03.331,10551,10552,10551,7
2019-06-25 17:43:03.331,10551,10552,10551,1
2019-06-25 17:43:03.342,10551,10552,10550,1
2019-06-25 17:43:08.132,10550,10551,10550,3
2019-06-25 17:43:21.754,10550,10551,10550,1
2019-06-25 17:43:32.883,10550,10551,10550,3
2019-06-25 17:43:57.720,10550,10551,10550,3
2019-06-25 17:45:32.691,10550,10551,10551,6
2019-06-25 17:45:35.277,10551,10552,10552,13
2019-06-25 17:45:35.549,10552,10553,10552,1
2019-06-25 17:45:47.990,10552,10553,10553,1
2019-06-25 17:45:48.286,10552,10553,10552,1
2019-06-25 17:45:55.730,10551,10552,10552,1
2019-06-25 17:46:52.694,10551,10552,10552,1
2019-06-25 17:46:54.472,10551,10552,10552,1
2019-06-25 17:47:15.113,10551,10552,10552,2
2019-06-25 17:48:02.194,10551,10552,10552,1
2019-06-25 17:48:04.794,10551,10552,10552,1
2019-06-25 17:49:15.694,10551,10552,10552,1
2019-06-25 17:49:41.702,10551,10552,10551,1
2019-06-25 17:49:46.941,10551,10552,10551,1
2019-06-25 17:49:55.439,10551,10552,10551,1
2019-06-25 17:50:09.256,10551,10552,10551,1
2019-06-25 17:50:16.319,10551,10552,10552,1
2019-06-25 17:50:34.566,10551,10552,10551,6
2019-06-25 17:50:37.085,10550,10551,10551,1
2019-06-25 17:50:38.240,10550,10551,10551,1
2019-06-25 17:51:35.471,10550,10551,10550,2
2019-06-25 17:51:56.662,10550,10551,10550,1
2019-06-25 17:52:02.870,10550,10551,10550,2
2019-06-25 17:52:04.205,10550,10551,10551,1
2019-06-25 17:52:10.191,10550,10551,10550,3
2019-06-25 17:52:10.316,10550,10551,10550,1
2019-06-25 17:52:10.316,10550,10551,10550,1
2019-06-25 17:52:22.613,10549,10550,10550,1
2019-06-25 17:52:45.492,10549,10550,10550,1
2019-06-25 17:52:51.764,10550,10551,10551,1
2019-06-25 17:52:53.408,10550,10551,10550,1
2019-06-25 17:53:17.208,10550,10551,10550,1
2019-06-25 17:53:19.281,10550,10551,10550,4
2019-06-25 17:53:28.833,10550,10551,10550,1
2019-06-25 17:53:38.225,10550,10551,10550,1
2019-06-25 17:54:26.569,10550,10551,10551,1
2019-06-25 17:54:27.207,10550,10551,10550,1
2019-06-25 17:54:27.329,10550,10551,10551,1
2019-06-25 17:54:27.467,10550,10551,10551,1
2019-06-25 17:54:27.468,10550,10551,10551,1
2019-06-25 17:54:27.471,10550,10551,10551,1
2019-06-25 17:55:04.694,10550,10551,10551,1
2019-06-25 17:56:07.953,10550,10551,10551,1
2019-06-25 17:56:10.566,10550,10551,10551,1
2019-06-25 17:56:17.930,10550,10551,10551,1
2019-06-25 17:56:17.931,10550,10551,10551,1
2019-06-25 17:56:20.691,10550,10551,10551,1
2019-06-25 17:56:27.068,10551,10552,10552,1
2019-06-25 17:56:49.541,10551,10552,10551,2
2019-06-25 17:56:49.542,10551,10552,10551,2
2019-06-25 17:56:49.566,10551,10552,10551,1
2019-06-25 17:57:07.693,10550,10551,10551,1
2019-06-25 17:57:45.728,10550,10551,10550,1
2019-06-25 17:57:45.816,10550,10551,10550,1
2019-06-25 17:57:49.218,10550,10551,10550,2
2019-06-25 17:58:15.241,10549,10550,10550,1
2019-06-25 17:58:27.842,10549,10550,10549,2
2019-06-25 17:58:27.879,10549,10550,10549,2
2019-06-25 17:58:27.897,10549,10550,10549,1
2019-06-25 17:58:32.437,10549,10550,10549,1
2019-06-25 17:58:48.463,10549,10550,10549,1
2019-06-25 17:58:48.545,10549,10550,10549,14
2019-06-25 17:58:48.545,10549,10550,10548,42
2019-06-25 17:58:48.546,10549,10550,10548,14
2019-06-25 17:58:48.584,10548,10549,10548,2
2019-06-25 17:58:48.610,10548,10549,10548,2
2019-06-25 17:59:07.979,10547,10548,10548,1
2019-06-25 17:59:08.011,10547,10548,10548,1
2019-06-25 17:59:08.066,10547,10548,10548,2
2019-06-25 17:59:08.191,10547,10548,10548,2
2019-06-25 17:59:25.969,10548,10549,10548,1
2019-06-25 17:59:26.473,10548,10549,10548,1
2019-06-25 17:59:33.409,10548,10549,10549,1
2019-06-25 17:59:33.571,10548,10549,10549,1
2019-06-25 18:00:14.058,10548,10549,10549,1
2019-06-25 18:00:14.226,10548,10549,10549,1
2019-06-25 18:00:14.301,10548,10549,10549,1
2019-06-25 18:00:14.316,10548,10549,10549,5
2019-06-25 18:00:14.322,10548,10549,10550,2
2019-06-25 18:00:14.352,10548,10549,10550,12
2019-06-25 18:00:14.781,10549,10550,10550,8
2019-06-25 18:00:14.786,10549,10550,10550,1
2019-06-25 18:00:14.973,10549,10550,10550,4
2019-06-25 18:00:29.579,10549,10550,10550,1
2019-06-25 18:00:29.757,10549,10550,10550,1
2019-06-25 18:01:06.669,10549,10550,10550,1
2019-06-25 18:01:06.944,10549,10550,10550,1
2019-06-25 18:01:07.319,10550,10551,10551,1
2019-06-25 18:01:29.477,10550,10551,10550,3
2019-06-25 18:01:45.444,10549,10551,10551,1
2019-06-25 18:02:08.490,10550,10551,10550,1
2019-06-25 18:02:12.793,10549,10550,10550,1
2019-06-25 18:02:47.563,10549,10550,10549,5
2019-06-25 18:02:47.563,10549,10550,10549,2
2019-06-25 18:02:47.564,10549,10550,10549,2
2019-06-25 18:02:47.565,10549,10550,10549,1
2019-06-25 18:03:31.566,10548,10549,10549,1
2019-06-25 18:03:59.753,10548,10550,10549,1
2019-06-25 18:04:30.125,10548,10549,10548,2
2019-06-25 18:04:38.249,10548,10549,10548,1
2019-06-25 18:04:49.976,10548,10549,10549,1
2019-06-25 18:05:02.242,10548,10550,10550,1
2019-06-25 18:05:43.198,10549,10550,10550,2
2019-06-25 18:05:48.700,10549,10550,10550,2
2019-06-25 18:05:51.499,10549,10550,10550,1
2019-06-25 18:06:04.479,10549,10550,10550,1
2019-06-25 18:06:12.318,10549,10550,10550,1
2019-06-25 18:06:27.818,10549,10550,10550,1
2019-06-25 18:07:04.265,10549,10550,10550,5
2019-06-25 18:07:06.311,10549,10550,10549,5
2019-06-25 18:07:55.440,10549,10550,10549,1
2019-06-25 18:08:04.969,10549,10550,10549,1
2019-06-25 18:08:25.072,10549,10550,10549,2
2019-06-25 18:09:15.776,10549,10550,10550,1
2019-06-25 18:09:15.816,10549,10550,10550,1
2019-06-25 18:09:17.279,10549,10550,10550,1
2019-06-25 18:09:17.316,10549,10550,10550,1
2019-06-25 18:09:17.566,10549,10550,10550,1
2019-06-25 18:09:17.577,10549,10550,10550,2
2019-06-25 18:09:17.646,10549,10550,10550,1
2019-06-25 18:09:17.691,10549,10550,10550,1
2019-06-25 18:09:17.691,10549,10550,10550,1
2019-06-25 18:09:17.691,10549,10550,10550,2
2019-06-25 18:09:38.191,10549,10550,10550,1
2019-06-25 18:10:48.176,10549,10550,10550,1
2019-06-25 18:10:54.638,10549,10551,10549,1
2019-06-25 18:10:54.818,10549,10550,10550,1
2019-06-25 18:10:54.943,10550,10551,10551,1
2019-06-25 18:11:07.746,10550,10551,10550,1
2019-06-25 18:13:03.313,10549,10550,10549,1
2019-06-25 18:13:03.315,10549,10550,10549,1
2019-06-25 18:13:03.319,10548,10550,10549,1
2019-06-25 18:13:46.956,10548,10549,10549,1
2019-06-25 18:13:47.066,10548,10549,10549,2
2019-06-25 18:13:47.193,10549,10550,10550,2
2019-06-25 18:13:49.328,10549,10550,10549,10
2019-06-25 18:14:07.894,10548,10549,10548,1
2019-06-25 18:15:20.368,10548,10549,10548,1
2019-06-25 18:15:25.819,10548,10549,10549,1
2019-06-25 18:15:30.525,10548,10549,10548,3
2019-06-25 18:15:35.136,10548,10549,10548,1
2019-06-25 18:15:41.694,10548,10549,10548,13
2019-06-25 18:15:43.998,10547,10548,10548,1
2019-06-25 18:15:52.497,10547,10548,10548,1
2019-06-25 18:16:10.334,10547,10548,10548,1
2019-06-25 18:16:51.346,10547,10548,10548,1
2019-06-25 18:16:53.435,10547,10548,10547,2
2019-06-25 18:17:01.765,10547,10548,10547,5
2019-06-25 18:17:03.456,10547,10548,10547,1
2019-06-25 18:17:08.313,10547,10548,10547,1
2019-06-25 18:17:16.425,10547,10548,10547,1
2019-06-25 18:17:22.137,10547,10548,10548,1
2019-06-25 18:17:56.319,10547,10548,10548,1
2019-06-25 18:18:34.555,10547,10548,10548,1
2019-06-25 18:18:38.236,10547,10548,10548,1
2019-06-25 18:18:42.839,10547,10548,10548,1
2019-06-25 18:18:54.715,10547,10548,10548,1
2019-06-25 18:19:30.754,10547,10548,10547,2
2019-06-25 18:19:50.772,10547,10548,10548,1
2019-06-25 18:19:51.353,10547,10548,10548,1
2019-06-25 18:19:51.441,10547,10548,10548,1
2019-06-25 18:19:51.769,10548,10549,10549,1
2019-06-25 18:20:15.242,10548,10549,10548,5
2019-06-25 18:20:24.069,10548,10549,10549,1
2019-06-25 18:20:26.329,10548,10549,10549,3
2019-06-25 18:20:59.306,10548,10549,10549,9
2019-06-25 18:20:59.316,10548,10549,10549,17
2019-06-25 18:21:16.036,10549,10550,10549,6
2019-06-25 18:22:18.697,10549,10550,10549,3
2019-06-25 18:22:36.436,10549,10550,10550,9
2019-06-25 18:22:36.436,10549,10550,10551,57
2019-06-25 18:22:36.440,10549,10550,10551,14
2019-06-25 18:22:36.479,10550,10552,10551,4
2019-06-25 18:22:36.482,10550,10552,10551,4
2019-06-25 18:22:36.485,10550,10552,10551,4
2019-06-25 18:22:36.488,10550,10552,10551,2
2019-06-25 18:22:36.567,10550,10551,10551,3
2019-06-25 18:22:36.567,10550,10551,10552,6
2019-06-25 18:22:36.636,10550,10551,10552,59
2019-06-25 18:22:36.691,10552,10553,10552,3
2019-06-25 18:22:36.692,10552,10553,10552,7
2019-06-25 18:22:36.692,10552,10553,10553,2
2019-06-25 18:22:36.692,10552,10553,10552,1
2019-06-25 18:22:36.692,10552,10553,10552,2
2019-06-25 18:22:36.692,10552,10553,10552,1
2019-06-25 18:22:36.764,10552,10553,10551,1
2019-06-25 18:22:36.916,10551,10552,10552,2
2019-06-25 18:22:37.055,10551,10552,10552,5
2019-06-25 18:22:37.226,10551,10552,10552,5
2019-06-25 18:22:37.318,10551,10552,10552,3
2019-06-25 18:22:37.560,10551,10552,10552,3
2019-06-25 18:22:37.822,10551,10552,10552,1
2019-06-25 18:22:37.932,10551,10552,10552,3
2019-06-25 18:22:38.334,10551,10552,10552,3
2019-06-25 18:22:40.705,10551,10552,10551,1
2019-06-25 18:22:55.845,10550,10551,10550,1
2019-06-25 18:23:20.535,10550,10551,10551,1
2019-06-25 18:23:20.900,10550,10551,10551,1
2019-06-25 18:23:20.990,10550,10551,10551,1
2019-06-25 18:23:25.750,10550,10551,10551,1
2019-06-25 18:23:28.988,10550,10551,10551,1
2019-06-25 18:23:47.194,10550,10551,10551,1
2019-06-25 18:24:00.275,10550,10551,10551,1
2019-06-25 18:24:01.183,10550,10551,10551,1
2019-06-25 18:24:23.434,10550,10551,10551,1
2019-06-25 18:24:23.434,10550,10551,10552,1
2019-06-25 18:24:35.068,10550,10552,10552,1
2019-06-25 18:24:57.818,10551,10552,10552,1
2019-06-25 18:24:57.818,10551,10552,10552,1
2019-06-25 18:25:02.333,10551,10552,10552,10
2019-06-25 18:25:02.527,10551,10552,10552,1
2019-06-25 18:25:13.183,10551,10552,10552,1
2019-06-25 18:25:54.380,10551,10552,10551,1
2019-06-25 18:25:54.911,10551,10552,10551,1
2019-06-25 18:26:02.443,10550,10551,10551,4
2019-06-25 18:26:16.005,10550,10551,10551,1
2019-06-25 18:27:01.566,10550,10551,10550,1
2019-06-25 18:27:01.693,10549,10551,10550,1
2019-06-25 18:27:03.900,10549,10550,10550,1
2019-06-25 18:27:48.624,10550,10551,10551,2
2019-06-25 18:27:48.682,10550,10551,10551,2
2019-06-25 18:28:02.661,10551,10552,10552,9
2019-06-25 18:28:06.676,10551,10552,10551,1
2019-06-25 18:28:07.247,10551,10552,10551,4
2019-06-25 18:28:27.588,10550,10551,10551,1
2019-06-25 18:29:12.137,10550,10551,10550,2
2019-06-25 18:29:31.444,10550,10551,10551,1
2019-06-25 18:29:49.068,10550,10551,10551,1
2019-06-25 18:31:28.288,10550,10551,10551,1
2019-06-25 18:31:28.316,10550,10551,10551,1
2019-06-25 18:31:28.316,10550,10551,10551,1
2019-06-25 18:31:28.444,10550,10552,10551,1
2019-06-25 18:31:28.483,10550,10552,10551,1
2019-06-25 18:31:28.523,10550,10552,10551,1
2019-06-25 18:31:29.039,10550,10551,10551,1
2019-06-25 18:31:29.321,10550,10552,10552,1
2019-06-25 18:31:30.283,10550,10551,10551,1
2019-06-25 18:31:47.194,10550,10551,10551,1
2019-06-25 18:31:47.204,10550,10551,10551,1
2019-06-25 18:32:08.819,10550,10551,10551,1
2019-06-25 18:32:08.820,10550,10551,10551,1
2019-06-25 18:32:26.066,10550,10551,10550,3
2019-06-25 18:32:42.744,10549,10550,10550,1
2019-06-25 18:32:48.711,10549,10550,10550,1
2019-06-25 18:34:01.996,10550,10551,10551,3
2019-06-25 18:34:02.066,10550,10551,10551,1
2019-06-25 18:34:14.771,10550,10551,10550,1
2019-06-25 18:34:33.040,10550,10551,10550,1
2019-06-25 18:35:03.000,10550,10551,10550,14
2019-06-25 18:35:03.000,10550,10551,10550,2
2019-06-25 18:35:03.000,10550,10551,10550,1
2019-06-25 18:35:03.000,10550,10551,10550,1
2019-06-25 18:35:22.502,10549,10550,10549,1
2019-06-25 18:35:22.566,10549,10550,10549,4
2019-06-25 18:35:22.566,10549,10550,10549,2
2019-06-25 18:35:47.307,10548,10549,10548,1
2019-06-25 18:36:01.637,10548,10549,10548,4
2019-06-25 18:36:20.087,10548,10549,10549,2
2019-06-25 18:36:20.087,10548,10549,10549,3
2019-06-25 18:36:29.944,10549,10550,10550,1
2019-06-25 18:36:46.560,10549,10550,10549,7
2019-06-25 18:37:02.693,10549,10550,10550,1
2019-06-25 18:37:28.794,10549,10550,10549,1
2019-06-25 18:38:03.848,10549,10550,10549,1
2019-06-25 18:39:00.319,10549,10550,10550,5
2019-06-25 18:39:16.694,10549,10550,10550,1
2019-06-25 18:39:20.925,10549,10550,10550,2
2019-06-25 18:39:20.926,10549,10550,10550,1
2019-06-25 18:39:26.739,10549,10550,10550,5
2019-06-25 18:39:26.788,10549,10550,10550,1
2019-06-25 18:39:35.380,10549,10551,10551,1
2019-06-25 18:39:59.859,10549,10550,10550,1
2019-06-25 18:40:08.053,10549,10550,10550,1
2019-06-25 18:40:34.442,10550,10551,10551,1
2019-06-25 18:41:11.569,10549,10550,10550,1
2019-06-25 18:41:46.944,10549,10550,10550,1
2019-06-25 18:42:48.516,10549,10550,10549,1
2019-06-25 18:43:06.070,10549,10550,10550,1
2019-06-25 18:43:25.944,10549,10550,10550,1
2019-06-25 18:43:59.944,10549,10550,10550,1
2019-06-25 18:44:47.307,10549,10550,10550,1
2019-06-25 18:45:23.345,10549,10550,10550,1
2019-06-25 18:45:23.349,10549,10550,10550,1
2019-06-25 18:45:23.441,10549,10550,10550,1
2019-06-25 18:45:23.831,10549,10550,10550,2
2019-06-25 18:45:23.831,10549,10550,10551,1
2019-06-25 18:45:23.943,10549,10551,10551,1
2019-06-25 18:45:30.137,10549,10551,10549,5
2019-06-25 18:46:34.944,10549,10550,10550,1
2019-06-25 18:46:45.757,10549,10550,10550,1
2019-06-25 18:47:46.443,10549,10550,10550,1
2019-06-25 18:48:40.604,10549,10550,10549,1
2019-06-25 18:48:41.208,10549,10550,10550,2
2019-06-25 18:48:57.944,10549,10550,10550,1
2019-06-25 18:49:20.204,10549,10550,10550,1
2019-06-25 18:50:08.568,10549,10550,10550,1
2019-06-25 18:50:09.515,10549,10550,10549,1
2019-06-25 18:50:51.101,10549,10550,10550,1
2019-06-25 18:51:06.031,10549,10550,10550,1
2019-06-25 18:51:26.816,10549,10550,10550,1
2019-06-25 18:51:26.819,10549,10550,10550,1
2019-06-25 18:52:22.244,10549,10550,10549,5
2019-06-25 18:52:22.316,10549,10550,10549,11
2019-06-25 18:52:22.358,10549,10550,10549,1
2019-06-25 18:53:01.765,10548,10549,10549,2
2019-06-25 18:53:38.404,10548,10549,10549,2
2019-06-25 18:53:38.404,10548,10549,10549,1
2019-06-25 18:53:38.645,10549,10550,10549,2
2019-06-25 18:54:52.323,10549,10550,10549,1
2019-06-25 18:55:00.316,10549,10550,10550,14
2019-06-25 18:55:00.443,10550,10551,10551,1
2019-06-25 18:55:11.514,10550,10551,10550,1
2019-06-25 18:55:11.566,10550,10551,10550,1
2019-06-25 18:55:11.972,10550,10551,10551,1
2019-06-25 18:55:11.987,10550,10551,10551,1
2019-06-25 18:55:12.541,10550,10551,10551,2
2019-06-25 18:55:15.691,10550,10551,10550,1
2019-06-25 18:55:15.816,10550,10551,10550,1
2019-06-25 18:55:15.941,10550,10551,10550,1
2019-06-25 18:55:24.025,10549,10550,10550,2
2019-06-25 18:55:52.272,10550,10551,10550,1
2019-06-25 18:55:58.569,10550,10551,10550,3
2019-06-25 18:55:58.856,10549,10551,10551,1
2019-06-25 18:56:15.431,10549,10550,10550,1
2019-06-25 18:56:30.802,10549,10550,10549,2
2019-06-25 18:56:30.802,10549,10550,10549,2
2019-06-25 18:56:30.802,10549,10550,10549,1
2019-06-25 18:57:22.944,10549,10550,10550,1
2019-06-25 18:58:02.088,10549,10550,10550,2
2019-06-25 18:58:04.027,10549,10550,10550,1
2019-06-25 18:58:04.066,10550,10551,10550,1
2019-06-25 18:58:04.067,10550,10551,10550,1
2019-06-25 18:58:04.067,10550,10551,10550,1
2019-06-25 18:58:36.669,10550,10551,10550,2
2019-06-25 18:58:36.670,10550,10551,10550,1
2019-06-25 18:58:36.673,10550,10551,10550,2
2019-06-25 18:59:29.319,10549,10550,10550,1
2019-06-25 19:00:18.264,10550,10551,10550,1
2019-06-25 19:00:21.705,10550,10551,10551,3
2019-06-25 19:00:40.194,10550,10551,10551,1
2019-06-25 19:01:02.285,10550,10551,10551,6
2019-06-25 19:01:18.513,10550,10551,10551,4
2019-06-25 19:01:18.719,10550,10551,10551,3
2019-06-25 19:01:31.557,10550,10551,10551,4
2019-06-25 19:01:38.076,10550,10551,10551,4
2019-06-25 19:01:43.390,10550,10551,10551,7
2019-06-25 19:01:51.319,10551,10552,10552,1
2019-06-25 19:02:14.132,10551,10552,10552,1
2019-06-25 19:02:25.430,10551,10552,10551,1
2019-06-25 19:02:29.327,10551,10552,10551,2
2019-06-25 19:02:29.441,10551,10552,10551,2
2019-06-25 19:02:32.231,10550,10551,10551,1
2019-06-25 19:02:37.641,10550,10551,10550,1
2019-06-25 19:02:57.163,10550,10551,10551,1
2019-06-25 19:03:00.193,10550,10551,10551,1
2019-06-25 19:03:10.927,10550,10551,10550,2
2019-06-25 19:03:42.122,10550,10551,10551,1
2019-06-25 19:03:54.832,10550,10551,10551,1
2019-06-25 19:04:00.828,10550,10551,10551,1
2019-06-25 19:04:13.788,10550,10551,10551,1
2019-06-25 19:04:45.731,10551,10552,10551,4
2019-06-25 19:05:09.817,10550,10551,10551,2
2019-06-25 19:05:10.324,10550,10551,10551,1
2019-06-25 19:05:30.444,10550,10551,10551,1
2019-06-25 19:05:39.659,10550,10551,10551,2
2019-06-25 19:05:46.351,10550,10551,10551,1
2019-06-25 19:06:32.444,10550,10551,10551,1
2019-06-25 19:06:38.763,10550,10551,10550,5
2019-06-25 19:07:03.252,10549,10550,10550,1
2019-06-25 19:07:46.773,10550,10551,10551,4
2019-06-25 19:07:54.681,10551,10552,10551,1
2019-06-25 19:07:59.958,10551,10552,10552,2
2019-06-25 19:08:01.973,10551,10552,10551,1
2019-06-25 19:08:01.973,10551,10552,10551,1
2019-06-25 19:09:32.821,10551,10552,10552,1
2019-06-25 19:09:43.307,10551,10552,10551,1
2019-06-25 19:09:46.353,10551,10552,10551,1
2019-06-25 19:09:46.416,10551,10552,10551,1
2019-06-25 19:09:46.416,10551,10552,10551,1
2019-06-25 19:09:55.039,10550,10551,10551,2
2019-06-25 19:10:21.193,10550,10551,10551,1
2019-06-25 19:10:30.306,10550,10551,10551,1
2019-06-25 19:11:09.819,10550,10551,10551,1
2019-06-25 19:12:48.819,10550,10551,10551,1
2019-06-25 19:12:55.252,10550,10551,10551,1
2019-06-25 19:13:35.818,10550,10551,10551,1
2019-06-25 19:13:36.505,10550,10551,10551,2
2019-06-25 19:13:36.505,10550,10551,10551,3
2019-06-25 19:13:36.505,10550,10551,10551,2
2019-06-25 19:13:36.505,10550,10551,10551,1
2019-06-25 19:15:01.397,10551,10552,10552,1
2019-06-25 19:15:01.443,10551,10552,10552,1
2019-06-25 19:15:08.376,10551,10552,10552,4
2019-06-25 19:15:29.819,10551,10552,10552,1
2019-06-25 19:16:36.889,10551,10552,10551,1
2019-06-25 19:16:50.631,10551,10552,10552,2
2019-06-25 19:16:50.631,10551,10552,10552,1
2019-06-25 19:16:50.691,10551,10552,10552,2
2019-06-25 19:16:58.673,10551,10552,10552,1
2019-06-25 19:18:04.818,10551,10552,10552,1
2019-06-25 19:18:04.818,10551,10552,10552,1
2019-06-25 19:18:04.818,10551,10552,10552,1
2019-06-25 19:18:10.966,10551,10552,10551,1
2019-06-25 19:18:12.617,10551,10552,10552,1
2019-06-25 19:18:12.617,10551,10552,10552,1
2019-06-25 19:19:39.193,10551,10552,10551,3
2019-06-25 19:19:39.193,10551,10552,10550,2
2019-06-25 19:19:46.860,10550,10551,10551,1
2019-06-25 19:20:01.308,10551,10552,10552,1
2019-06-25 19:20:01.618,10551,10552,10552,3
2019-06-25 19:20:32.021,10551,10552,10552,1
2019-06-25 19:20:32.762,10551,10552,10552,2
2019-06-25 19:21:11.616,10551,10552,10552,1
2019-06-25 19:21:41.266,10551,10552,10552,4
2019-06-25 19:21:50.068,10551,10552,10552,1
2019-06-25 19:22:04.026,10551,10552,10552,2
2019-06-25 19:22:22.943,10551,10552,10552,1
2019-06-25 19:23:14.695,10551,10552,10551,1
2019-06-25 19:23:14.695,10551,10552,10551,1
2019-06-25 19:23:14.816,10551,10552,10551,1
2019-06-25 19:23:14.816,10551,10552,10551,1
2019-06-25 19:23:34.712,10551,10552,10552,1
2019-06-25 19:23:40.036,10551,10552,10552,2
2019-06-25 19:23:40.099,10551,10552,10552,2
2019-06-25 19:24:05.868,10551,10552,10552,13
2019-06-25 19:24:05.868,10551,10552,10552,1
2019-06-25 19:24:05.941,10552,10553,10552,1
2019-06-25 19:24:05.942,10552,10553,10552,1
2019-06-25 19:24:05.942,10552,10553,10552,2
2019-06-25 19:24:05.942,10552,10553,10552,1
2019-06-25 19:24:05.942,10552,10553,10552,2
2019-06-25 19:24:05.942,10552,10553,10552,2
2019-06-25 19:24:05.942,10552,10553,10552,2
2019-06-25 19:24:23.541,10551,10552,10552,1
2019-06-25 19:24:31.318,10551,10552,10552,1
2019-06-25 19:24:51.477,10551,10552,10552,1
2019-06-25 19:25:02.944,10551,10552,10552,1
2019-06-25 19:25:03.852,10551,10552,10552,1
2019-06-25 19:25:10.807,10551,10552,10552,1
2019-06-25 19:25:12.641,10551,10552,10552,1
2019-06-25 19:26:16.433,10551,10552,10552,1
2019-06-25 19:26:25.460,10551,10552,10552,1
2019-06-25 19:26:38.319,10551,10552,10552,1
2019-06-25 19:26:41.716,10551,10552,10552,1
2019-06-25 19:27:07.396,10551,10552,10552,1
2019-06-25 19:27:29.195,10551,10552,10552,1
2019-06-25 19:27:29.195,10551,10552,10552,1
2019-06-25 19:27:33.614,10551,10552,10552,1
2019-06-25 19:28:04.634,10551,10552,10552,1
2019-06-25 19:29:02.385,10551,10552,10552,4
2019-06-25 19:29:09.069,10551,10552,10552,1
2019-06-25 19:29:13.265,10551,10552,10552,1
2019-06-25 19:30:11.539,10551,10552,10552,1
2019-06-25 19:30:11.775,10551,10552,10552,2
2019-06-25 19:30:21.323,10551,10552,10552,1
2019-06-25 19:30:23.896,10551,10552,10552,1
2019-06-25 19:30:29.266,10551,10552,10552,1
2019-06-25 19:30:29.988,10551,10552,10552,2
2019-06-25 19:30:50.706,10552,10553,10552,1
2019-06-25 19:30:50.816,10552,10553,10552,1
2019-06-25 19:30:51.059,10552,10553,10552,1
2019-06-25 19:30:55.066,10551,10552,10552,1
2019-06-25 19:30:58.310,10552,10553,10553,1
2019-06-25 19:31:05.153,10552,10553,10552,1
2019-06-25 19:31:22.889,10552,10553,10552,1
2019-06-25 19:31:23.117,10552,10553,10552,2
2019-06-25 19:31:23.191,10552,10553,10552,1
2019-06-25 19:31:23.316,10552,10553,10552,1
2019-06-25 19:31:23.569,10551,10552,10552,1
2019-06-25 19:31:24.361,10551,10552,10552,1
2019-06-25 19:31:31.149,10551,10552,10552,1
2019-06-25 19:31:38.432,10552,10553,10552,1
2019-06-25 19:31:38.694,10551,10552,10552,1
2019-06-25 19:32:57.868,10552,10553,10552,3
2019-06-25 19:33:21.055,10551,10552,10552,1
2019-06-25 19:33:21.485,10551,10552,10552,1
2019-06-25 19:33:21.485,10551,10552,10553,1
2019-06-25 19:33:22.776,10551,10553,10553,1
2019-06-25 19:33:31.091,10551,10553,10553,50
2019-06-25 19:33:58.444,10552,10553,10553,1
2019-06-25 19:33:58.444,10552,10553,10553,1
2019-06-25 19:33:58.445,10552,10553,10553,1
2019-06-25 19:34:33.031,10552,10553,10553,1
2019-06-25 19:34:41.815,10552,10553,10552,5
2019-06-25 19:35:08.227,10551,10552,10552,1
2019-06-25 19:35:36.435,10552,10553,10552,1
2019-06-25 19:35:36.576,10552,10553,10552,2
2019-06-25 19:35:58.441,10552,10553,10553,7
2019-06-25 19:35:58.441,10552,10553,10553,3
2019-06-25 19:35:58.566,10552,10553,10553,1
2019-06-25 19:36:08.865,10552,10553,10553,1
2019-06-25 19:36:09.255,10552,10554,10554,2
2019-06-25 19:36:09.535,10552,10554,10554,1
2019-06-25 19:36:09.550,10552,10554,10554,1
2019-06-25 19:36:09.550,10552,10554,10554,2
2019-06-25 19:36:32.337,10553,10554,10553,1
2019-06-25 19:37:02.226,10552,10553,10553,6
2019-06-25 19:37:06.442,10552,10553,10553,1
2019-06-25 19:37:52.316,10552,10553,10552,4
2019-06-25 19:37:52.316,10552,10553,10552,12
2019-06-25 19:37:52.441,10552,10553,10552,2
2019-06-25 19:38:19.729,10551,10552,10552,6
2019-06-25 19:38:19.816,10551,10552,10552,3
2019-06-25 19:38:41.225,10552,10553,10552,2
2019-06-25 19:39:10.678,10551,10552,10552,1
2019-06-25 19:39:10.837,10551,10552,10552,6
2019-06-25 19:39:18.563,10552,10553,10553,8
2019-06-25 19:39:24.658,10552,10553,10552,1
2019-06-25 19:39:26.127,10552,10553,10552,2
2019-06-25 19:39:31.724,10551,10552,10552,1
2019-06-25 19:39:44.823,10552,10553,10552,3
2019-06-25 19:40:58.206,10552,10553,10552,1
2019-06-25 19:41:14.069,10552,10553,10553,1
2019-06-25 19:41:14.069,10552,10553,10553,1
2019-06-25 19:41:43.599,10552,10553,10552,3
2019-06-25 19:41:56.595,10551,10552,10551,1
2019-06-25 19:42:34.822,10551,10552,10551,1
2019-06-25 19:43:05.350,10551,10552,10552,4
2019-06-25 19:43:05.350,10551,10552,10552,1
2019-06-25 19:43:17.575,10552,10553,10552,1
2019-06-25 19:43:36.564,10551,10552,10552,1
2019-06-25 19:43:38.202,10552,10553,10552,1
2019-06-25 19:43:46.525,10551,10552,10552,2
2019-06-25 19:43:58.901,10552,10553,10553,2
2019-06-25 19:44:30.051,10552,10553,10553,1
2019-06-25 19:44:32.277,10552,10553,10552,1
2019-06-25 19:44:37.104,10551,10552,10552,1
2019-06-25 19:44:47.316,10551,10552,10552,1
2019-06-25 19:44:47.316,10551,10552,10553,2
2019-06-25 19:45:22.116,10551,10552,10552,1
2019-06-25 19:45:22.788,10551,10552,10552,1
2019-06-25 19:46:04.943,10551,10552,10552,1
2019-06-25 19:46:04.944,10551,10552,10552,1
2019-06-25 19:46:45.528,10551,10552,10552,1
2019-06-25 19:46:45.529,10551,10552,10552,1
2019-06-25 19:46:45.529,10551,10552,10552,2
2019-06-25 19:46:45.529,10551,10552,10552,2
2019-06-25 19:47:55.316,10551,10552,10552,1
2019-06-25 19:48:01.070,10552,10553,10552,1
2019-06-25 19:48:13.252,10552,10553,10552,1
2019-06-25 19:48:57.767,10551,10552,10552,12
2019-06-25 19:49:29.069,10552,10553,10552,1
2019-06-25 19:50:30.568,10552,10553,10553,1
2019-06-25 19:50:33.113,10552,10553,10553,2
2019-06-25 19:50:38.346,10552,10553,10553,1
2019-06-25 19:50:38.528,10552,10553,10553,1
2019-06-25 19:50:40.135,10552,10553,10553,1
2019-06-25 19:50:44.839,10552,10553,10552,2
2019-06-25 19:50:49.195,10552,10553,10553,1
2019-06-25 19:51:45.524,10552,10553,10553,1
2019-06-25 19:51:45.747,10552,10553,10553,1
2019-06-25 19:51:46.340,10552,10553,10553,1
2019-06-25 19:52:00.721,10552,10553,10553,5
2019-06-25 19:52:00.816,10552,10553,10553,18
2019-06-25 19:52:05.222,10553,10554,10554,1
2019-06-25 19:52:05.498,10553,10554,10554,1
2019-06-25 19:52:05.531,10553,10554,10554,1
2019-06-25 19:52:05.864,10553,10554,10554,1
2019-06-25 19:52:07.140,10553,10554,10554,1
2019-06-25 19:52:22.964,10552,10554,10554,1
2019-06-25 19:52:44.444,10552,10553,10553,1
2019-06-25 19:53:03.620,10552,10553,10553,1
2019-06-25 19:53:06.581,10552,10553,10553,1
2019-06-25 19:53:07.057,10552,10553,10553,1
2019-06-25 19:53:25.629,10553,10554,10554,1
2019-06-25 19:53:27.095,10553,10554,10553,3
2019-06-25 19:53:28.556,10553,10554,10554,1
2019-06-25 19:53:28.825,10553,10554,10554,1
2019-06-25 19:53:32.497,10553,10554,10554,1
2019-06-25 19:53:32.620,10553,10554,10554,1
2019-06-25 19:53:39.864,10553,10554,10553,1
2019-06-25 19:53:41.580,10553,10554,10554,1
2019-06-25 19:53:42.915,10553,10554,10554,1
2019-06-25 19:53:43.710,10553,10554,10554,1
2019-06-25 19:53:44.541,10553,10554,10554,1
2019-06-25 19:53:45.209,10553,10554,10554,1
2019-06-25 19:53:45.858,10553,10554,10554,1
2019-06-25 19:53:55.108,10553,10554,10553,5
2019-06-25 19:54:50.712,10553,10554,10553,1
2019-06-25 19:54:56.193,10553,10554,10554,1
2019-06-25 19:54:57.877,10553,10554,10553,1
2019-06-25 19:55:14.333,10553,10554,10553,2
2019-06-25 19:55:27.440,10553,10554,10553,1
2019-06-25 19:55:28.819,10553,10554,10554,1
2019-06-25 19:55:49.529,10553,10554,10554,1
2019-06-25 19:55:53.235,10553,10554,10554,1
2019-06-25 19:56:02.177,10553,10554,10554,1
2019-06-25 19:56:02.668,10553,10554,10554,1
2019-06-25 19:56:05.139,10553,10554,10554,1
2019-06-25 19:56:08.868,10553,10554,10554,1
2019-06-25 19:56:10.196,10553,10554,10554,1
2019-06-25 19:56:12.512,10553,10554,10554,1
2019-06-25 19:56:12.566,10553,10554,10554,1
2019-06-25 19:56:14.547,10553,10554,10554,1
2019-06-25 19:56:16.605,10553,10554,10554,1
2019-06-25 19:56:29.241,10553,10554,10553,9
2019-06-25 19:56:32.195,10553,10554,10553,1
2019-06-25 19:56:32.630,10553,10554,10553,1
2019-06-25 19:56:41.835,10553,10554,10553,2
2019-06-25 19:56:43.523,10553,10554,10554,1
2019-06-25 19:56:52.604,10553,10554,10553,1
2019-06-25 19:56:57.352,10553,10554,10553,1
2019-06-25 19:57:51.900,10553,10554,10553,1
2019-06-25 19:58:15.376,10553,10554,10553,1
2019-06-25 19:58:19.023,10553,10554,10553,1
2019-06-25 19:58:39.758,10552,10553,10553,1
2019-06-25 19:58:51.973,10552,10553,10552,1
2019-06-25 19:59:01.514,10552,10553,10552,1
2019-06-25 19:59:23.063,10552,10553,10552,1
2019-06-25 19:59:35.694,10552,10553,10553,1
2019-06-25 20:00:15.819,10552,10553,10553,1
2019-06-25 20:00:16.193,10552,10553,10553,1
2019-06-25 20:00:16.566,10552,10553,10553,5
2019-06-25 20:00:26.877,10552,10553,10553,1
2019-06-25 20:00:27.740,10552,10553,10553,1
2019-06-25 20:01:14.773,10553,10554,10553,1
2019-06-25 20:01:59.576,10553,10554,10553,1
2019-06-25 20:02:00.944,10553,10554,10554,1
2019-06-25 20:02:01.103,10553,10554,10553,5
2019-06-25 20:02:01.394,10553,10554,10554,2
2019-06-25 20:02:01.400,10553,10554,10554,2
2019-06-25 20:02:01.407,10553,10554,10554,1
2019-06-25 20:02:01.413,10553,10554,10554,2
2019-06-25 20:02:01.662,10553,10554,10554,2
2019-06-25 20:02:01.841,10553,10554,10554,1
2019-06-25 20:02:01.843,10553,10554,10554,1
2019-06-25 20:02:01.845,10553,10554,10554,1
2019-06-25 20:02:02.080,10553,10554,10554,2
2019-06-25 20:02:02.315,10553,10554,10554,1
2019-06-25 20:02:09.756,10553,10554,10554,5
2019-06-25 20:02:09.816,10553,10554,10554,2
2019-06-25 20:02:09.921,10553,10554,10554,1
2019-06-25 20:02:09.921,10553,10554,10554,1
2019-06-25 20:02:09.921,10553,10554,10554,1
2019-06-25 20:02:09.925,10553,10554,10554,22
