2024-03-13 15:00:00.018,19929,19934,19932,40,40
2024-03-13 15:00:00.221,19931,19933,19931,1,-1
2024-03-13 15:00:00.221,19931,19933,19930,4,-4
2024-03-13 15:00:00.274,19929,19931,19931,1,1
2024-03-13 15:00:00.277,19929,19931,19930,1,1
2024-03-13 15:00:00.442,19929,19932,19929,2,-2
2024-03-13 15:00:00.473,19929,19932,19932,3,3
2024-03-13 15:00:00.587,19930,19932,19930,1,-1
2024-03-13 15:00:00.589,19930,19932,19932,2,2
2024-03-13 15:00:00.589,19930,19932,19933,1,1
2024-03-13 15:00:00.639,19930,19932,19932,3,3
2024-03-13 15:00:00.721,19930,19932,19932,1,1
2024-03-13 15:00:00.765,19931,19933,19933,2,2
2024-03-13 15:00:00.784,19931,19933,19933,3,3
2024-03-13 15:00:00.833,19931,19933,19933,1,1
2024-03-13 15:00:00.973,19932,19933,19933,1,1
2024-03-13 15:00:01.061,19932,19933,19932,1,-1
2024-03-13 15:00:01.134,19932,19933,19931,1,-1
2024-03-13 15:00:01.169,19931,19933,19932,1,-1
2024-03-13 15:00:01.183,19931,19933,19933,1,1
2024-03-13 15:00:01.212,19931,19933,19932,1,1
2024-03-13 15:00:01.217,19931,19933,19932,1,1
2024-03-13 15:00:01.277,19932,19933,19933,2,2
2024-03-13 15:00:01.277,19932,19933,19934,1,1
2024-03-13 15:00:02.089,19933,19934,19933,1,-1
2024-03-13 15:00:03.632,19933,19934,19934,1,1
2024-03-13 15:00:04.225,19933,19934,19933,3,-3
2024-03-13 15:00:04.226,19933,19934,19932,8,-8
2024-03-13 15:00:04.590,19931,19933,19932,1,-1
2024-03-13 15:00:04.784,19932,19933,19932,1,-1
2024-03-13 15:00:05.433,19932,19933,19932,1,-1
2024-03-13 15:00:06.082,19931,19933,19933,5,5
2024-03-13 15:00:06.082,19931,19933,19933,1,1
2024-03-13 15:00:06.082,19931,19933,19933,1,1
2024-03-13 15:00:06.082,19931,19933,19933,5,5
2024-03-13 15:00:08.367,19932,19933,19932,1,-1
2024-03-13 15:00:08.860,19932,19933,19932,2,-2
2024-03-13 15:00:09.237,19931,19932,19931,1,-1
2024-03-13 15:00:09.304,19931,19932,19932,1,1
2024-03-13 15:00:09.862,19931,19932,19931,1,-1
2024-03-13 15:00:09.863,19931,19932,19931,3,-3
2024-03-13 15:00:09.906,19930,19931,19932,2,2
2024-03-13 15:00:09.906,19930,19931,19931,2,2
2024-03-13 15:00:10.070,19931,19932,19931,2,-2
2024-03-13 15:00:11.266,19930,19931,19930,1,-1
2024-03-13 15:00:11.567,19929,19930,19929,1,-1
2024-03-13 15:00:11.567,19929,19930,19929,4,-4
2024-03-13 15:00:12.005,19928,19929,19929,2,2
2024-03-13 15:00:12.295,19928,19929,19928,1,-1
2024-03-13 15:00:15.259,19928,19929,19928,1,-1
2024-03-13 15:00:15.769,19928,19929,19929,1,1
2024-03-13 15:00:17.978,19928,19929,19929,1,1
2024-03-13 15:00:18.673,19928,19929,19929,1,1
2024-03-13 15:00:20.055,19929,19930,19929,2,-2
2024-03-13 15:00:20.704,19929,19930,19929,1,-1
2024-03-13 15:00:22.135,19929,19930,19929,1,-1
2024-03-13 15:00:24.860,19929,19930,19930,1,1
2024-03-13 15:00:24.861,19929,19930,19930,2,2
2024-03-13 15:00:24.861,19929,19930,19930,1,1
2024-03-13 15:00:24.861,19929,19930,19930,1,1
2024-03-13 15:00:24.861,19929,19930,19930,1,1
2024-03-13 15:00:24.861,19929,19930,19930,1,1
2024-03-13 15:00:24.862,19929,19930,19930,10,10
2024-03-13 15:00:24.863,19929,19930,19931,1,1
2024-03-13 15:00:24.884,19929,19930,19930,2,2
2024-03-13 15:00:24.913,19930,19931,19930,2,-2
2024-03-13 15:00:27.120,19929,19930,19930,1,1
2024-03-13 15:00:27.595,19929,19930,19929,1,-1
2024-03-13 15:00:33.612,19929,19930,19929,4,-4
2024-03-13 15:00:33.612,19929,19930,19929,2,-2
2024-03-13 15:00:33.612,19929,19930,19929,1,-1
2024-03-13 15:00:33.612,19929,19930,19929,1,-1
2024-03-13 15:00:33.613,19929,19930,19928,1,-1
2024-03-13 15:00:33.613,19929,19930,19928,1,-1
2024-03-13 15:00:33.613,19929,19930,19928,3,-3
2024-03-13 15:00:33.613,19929,19930,19928,7,-7
2024-03-13 15:00:35.378,19927,19928,19927,1,-1
2024-03-13 15:00:35.380,19927,19928,19927,1,-1
2024-03-13 15:00:36.748,19927,19928,19928,1,1
2024-03-13 15:00:37.872,19927,19928,19927,5,-5
2024-03-13 15:00:40.051,19927,19928,19927,1,-1
2024-03-13 15:00:40.113,19927,19928,19927,2,-2
2024-03-13 15:00:40.113,19927,19928,19926,3,-3
2024-03-13 15:00:40.794,19926,19927,19927,2,2
2024-03-13 15:00:42.005,19927,19928,19928,1,1
2024-03-13 15:00:42.005,19927,19928,19928,3,3
2024-03-13 15:00:42.027,19928,19929,19928,2,-2
2024-03-13 15:00:44.147,19928,19929,19929,1,1
2024-03-13 15:00:44.148,19928,19929,19929,4,4
2024-03-13 15:00:45.561,19929,19930,19929,1,-1
2024-03-13 15:00:48.701,19929,19930,19930,3,3
2024-03-13 15:00:48.701,19929,19930,19930,2,2
2024-03-13 15:00:48.702,19929,19930,19930,1,1
2024-03-13 15:00:49.535,19929,19931,19929,1,-1
2024-03-13 15:00:49.981,19929,19930,19930,1,1
2024-03-13 15:00:49.981,19929,19930,19931,2,2
2024-03-13 15:00:50.553,19930,19931,19930,1,-1
2024-03-13 15:00:50.553,19930,19931,19930,1,-1
2024-03-13 15:00:50.566,19930,19931,19930,2,-2
2024-03-13 15:00:50.568,19930,19931,19929,1,-1
2024-03-13 15:00:50.574,19930,19931,19928,3,-3
2024-03-13 15:00:50.575,19930,19931,19928,1,-1
2024-03-13 15:00:50.575,19930,19931,19927,1,-1
2024-03-13 15:00:50.576,19930,19931,19927,3,-3
2024-03-13 15:00:50.577,19930,19931,19926,2,-2
2024-03-13 15:00:50.577,19930,19931,19926,2,-2
2024-03-13 15:00:50.577,19930,19931,19926,2,-2
2024-03-13 15:00:50.577,19930,19931,19926,3,-3
2024-03-13 15:00:50.578,19930,19931,19925,2,-2
2024-03-13 15:00:50.578,19930,19931,19925,2,-2
2024-03-13 15:00:50.790,19925,19926,19926,10,10
2024-03-13 15:00:50.842,19925,19926,19927,1,1
2024-03-13 15:00:50.894,19926,19927,19927,1,1
2024-03-13 15:00:51.109,19926,19927,19927,2,2
2024-03-13 15:00:51.249,19927,19928,19928,1,1
2024-03-13 15:00:52.111,19928,19929,19929,1,1
2024-03-13 15:00:52.111,19928,19929,19930,2,2
2024-03-13 15:00:54.365,19926,19928,19928,3,3
2024-03-13 15:00:56.233,19927,19928,19928,1,1
2024-03-13 15:00:58.824,19928,19929,19928,1,-1
2024-03-13 15:01:00.039,19928,19929,19928,3,-3
2024-03-13 15:01:00.073,19928,19929,19927,1,-1
2024-03-13 15:01:00.265,19927,19928,19928,2,2
2024-03-13 15:01:01.324,19927,19928,19928,1,1
2024-03-13 15:01:01.860,19927,19928,19928,1,1
2024-03-13 15:01:04.410,19928,19929,19929,3,3
2024-03-13 15:01:04.411,19928,19929,19929,5,5
2024-03-13 15:01:04.412,19928,19929,19930,2,2
2024-03-13 15:01:04.413,19928,19929,19930,1,1
2024-03-13 15:01:05.588,19930,19931,19931,1,1
2024-03-13 15:01:05.989,19931,19932,19931,1,-1
2024-03-13 15:01:06.197,19931,19932,19931,9,-9
2024-03-13 15:01:06.197,19931,19932,19930,1,-1
2024-03-13 15:01:08.367,19928,19929,19929,1,1
2024-03-13 15:01:16.401,19929,19930,19930,1,1
2024-03-13 15:01:19.345,19929,19930,19930,2,2
2024-03-13 15:01:20.130,19929,19930,19930,1,1
2024-03-13 15:01:20.530,19929,19930,19930,1,1
2024-03-13 15:01:21.347,19929,19930,19930,2,2
2024-03-13 15:01:22.044,19930,19932,19930,1,-1
2024-03-13 15:01:23.785,19931,19932,19931,10,-10
2024-03-13 15:01:28.762,19930,19931,19931,1,1
2024-03-13 15:01:28.764,19930,19931,19932,1,1
2024-03-13 15:01:28.764,19930,19931,19932,1,1
2024-03-13 15:01:28.764,19930,19931,19932,2,2
2024-03-13 15:01:28.764,19930,19931,19932,1,1
2024-03-13 15:01:28.765,19930,19931,19932,2,2
2024-03-13 15:01:30.295,19932,19933,19933,4,4
2024-03-13 15:01:30.459,19933,19934,19934,1,1
2024-03-13 15:01:30.464,19933,19934,19934,1,1
2024-03-13 15:01:30.540,19933,19935,19935,16,16
2024-03-13 15:01:30.591,19933,19935,19934,2,2
2024-03-13 15:01:30.645,19932,19933,19932,1,-1
2024-03-13 15:01:30.655,19932,19933,19933,1,1
2024-03-13 15:01:31.664,19932,19933,19933,1,1
2024-03-13 15:01:33.008,19933,19935,19935,1,1
2024-03-13 15:01:36.363,19933,19935,19935,1,1
2024-03-13 15:01:36.513,19933,19935,19935,5,5
2024-03-13 15:01:37.034,19934,19936,19935,1,1
2024-03-13 15:01:38.276,19933,19935,19933,1,-1
2024-03-13 15:01:39.064,19933,19935,19935,1,1
2024-03-13 15:01:39.080,19933,19935,19935,1,1
2024-03-13 15:01:39.882,19933,19935,19932,2,-2
2024-03-13 15:01:41.690,19932,19933,19933,1,1
2024-03-13 15:01:47.820,19933,19935,19935,7,7
2024-03-13 15:01:48.594,19935,19936,19935,1,-1
2024-03-13 15:01:51.520,19933,19935,19935,1,1
2024-03-13 15:01:53.543,19934,19935,19935,9,9
2024-03-13 15:01:53.543,19934,19935,19936,8,8
2024-03-13 15:01:59.831,19935,19936,19935,1,-1
2024-03-13 15:02:00.179,19934,19936,19936,1,1
2024-03-13 15:02:01.837,19934,19936,19936,1,1
2024-03-13 15:02:05.760,19935,19936,19936,1,1
2024-03-13 15:02:07.154,19936,19937,19936,1,-1
2024-03-13 15:02:07.453,19935,19936,19936,1,1
2024-03-13 15:02:08.084,19935,19936,19936,1,1
2024-03-13 15:02:09.034,19935,19936,19935,1,-1
2024-03-13 15:02:12.494,19935,19936,19935,1,-1
2024-03-13 15:02:12.610,19935,19936,19935,1,-1
2024-03-13 15:02:12.610,19935,19936,19935,6,-6
2024-03-13 15:02:13.329,19934,19935,19935,1,1
2024-03-13 15:02:15.224,19934,19936,19934,5,-5
2024-03-13 15:02:15.829,19934,19936,19934,1,-1
2024-03-13 15:02:16.518,19935,19936,19935,1,-1
2024-03-13 15:02:19.170,19935,19936,19935,1,-1
2024-03-13 15:02:22.566,19935,19936,19935,1,-1
2024-03-13 15:02:24.658,19935,19936,19935,1,-1
2024-03-13 15:02:25.859,19935,19936,19935,1,-1
2024-03-13 15:02:29.224,19935,19936,19935,1,-1
2024-03-13 15:02:30.158,19934,19935,19935,2,2
2024-03-13 15:02:39.339,19934,19935,19935,1,1
2024-03-13 15:02:39.410,19934,19935,19934,1,-1
2024-03-13 15:02:40.888,19933,19934,19933,2,-2
2024-03-13 15:02:44.411,19933,19934,19933,1,-1
2024-03-13 15:02:46.633,19932,19933,19933,1,1
2024-03-13 15:02:58.890,19933,19934,19934,1,1
2024-03-13 15:02:59.140,19934,19935,19934,1,-1
2024-03-13 15:03:00.677,19933,19935,19935,2,2
2024-03-13 15:03:04.955,19933,19935,19935,5,5
2024-03-13 15:03:05.309,19933,19935,19935,1,1
2024-03-13 15:03:10.962,19934,19935,19934,2,-2
2024-03-13 15:03:11.146,19933,19935,19933,5,-5
2024-03-13 15:03:11.271,19933,19935,19935,5,5
2024-03-13 15:03:11.876,19934,19936,19935,1,1
2024-03-13 15:03:11.990,19935,19936,19936,1,1
2024-03-13 15:03:12.012,19935,19936,19936,1,1
2024-03-13 15:03:12.137,19936,19937,19937,1,1
2024-03-13 15:03:12.556,19935,19937,19937,2,2
2024-03-13 15:03:13.687,19936,19937,19937,1,1
2024-03-13 15:03:13.915,19937,19938,19937,1,-1
2024-03-13 15:03:14.530,19936,19938,19936,1,-1
2024-03-13 15:03:15.350,19936,19938,19938,1,1
2024-03-13 15:03:17.323,19937,19938,19937,3,-3
2024-03-13 15:03:17.323,19937,19938,19936,10,-10
2024-03-13 15:03:17.417,19935,19937,19935,2,-2
2024-03-13 15:03:17.462,19935,19937,19935,1,-1
2024-03-13 15:03:17.463,19935,19937,19935,1,-1
2024-03-13 15:03:18.490,19934,19935,19935,1,1
2024-03-13 15:03:18.736,19934,19935,19935,1,1
2024-03-13 15:03:22.182,19937,19938,19937,1,-1
2024-03-13 15:03:27.821,19936,19938,19936,5,-5
2024-03-13 15:03:28.950,19937,19938,19937,1,-1
2024-03-13 15:03:29.282,19937,19938,19938,2,2
2024-03-13 15:03:29.283,19937,19938,19938,2,2
2024-03-13 15:03:29.543,19937,19938,19937,1,-1
2024-03-13 15:03:31.340,19937,19938,19938,5,5
2024-03-13 15:03:32.492,19938,19939,19938,1,-1
2024-03-13 15:03:32.588,19938,19939,19938,2,-2
2024-03-13 15:03:32.588,19938,19939,19937,3,-3
2024-03-13 15:03:33.585,19937,19939,19937,3,-3
2024-03-13 15:03:34.132,19937,19939,19939,1,1
2024-03-13 15:03:36.686,19938,19939,19939,1,1
2024-03-13 15:03:37.131,19938,19939,19939,1,1
2024-03-13 15:03:37.131,19938,19939,19939,4,4
2024-03-13 15:03:37.132,19938,19939,19939,1,1
2024-03-13 15:03:37.933,19939,19940,19940,1,1
2024-03-13 15:03:38.060,19939,19940,19939,1,-1
2024-03-13 15:03:38.169,19939,19940,19940,1,1
2024-03-13 15:03:38.594,19939,19940,19940,1,1
2024-03-13 15:03:38.809,19939,19940,19939,1,-1
2024-03-13 15:03:38.874,19939,19940,19940,1,1
2024-03-13 15:03:40.305,19939,19940,19940,1,1
2024-03-13 15:03:40.305,19939,19940,19940,1,1
2024-03-13 15:03:40.305,19939,19940,19940,3,3
2024-03-13 15:03:40.401,19940,19941,19940,1,-1
2024-03-13 15:03:41.106,19938,19940,19939,1,-1
2024-03-13 15:03:41.325,19938,19939,19939,2,2
2024-03-13 15:03:44.023,19938,19939,19939,1,1
2024-03-13 15:03:47.024,19938,19940,19940,3,3
2024-03-13 15:03:49.051,19939,19941,19940,1,1
2024-03-13 15:03:49.345,19940,19941,19941,1,1
2024-03-13 15:03:49.451,19940,19941,19941,1,1
2024-03-13 15:03:50.830,19940,19941,19940,1,-1
2024-03-13 15:03:51.059,19940,19941,19941,1,1
2024-03-13 15:03:51.060,19940,19941,19941,3,3
2024-03-13 15:03:51.131,19940,19941,19941,1,1
2024-03-13 15:03:51.246,19940,19941,19941,1,1
2024-03-13 15:03:51.580,19940,19942,19942,1,1
2024-03-13 15:03:51.728,19940,19942,19942,1,1
2024-03-13 15:03:51.845,19940,19942,19941,1,1
2024-03-13 15:03:52.005,19941,19942,19942,8,8
2024-03-13 15:03:52.274,19941,19943,19941,2,-2
2024-03-13 15:03:53.367,19940,19942,19942,1,1
2024-03-13 15:03:54.019,19941,19942,19942,2,2
2024-03-13 15:03:55.807,19942,19943,19943,1,1
2024-03-13 15:03:55.926,19942,19943,19942,1,-1
2024-03-13 15:03:55.977,19942,19943,19943,2,2
2024-03-13 15:03:57.047,19942,19943,19942,1,-1
2024-03-13 15:03:58.988,19941,19942,19942,1,1
2024-03-13 15:04:00.263,19942,19943,19942,1,-1
2024-03-13 15:04:00.469,19941,19942,19941,1,-1
2024-03-13 15:04:00.470,19941,19942,19941,4,-4
2024-03-13 15:04:00.557,19940,19941,19941,1,1
2024-03-13 15:04:00.752,19940,19941,19940,1,-1
2024-03-13 15:04:00.999,19940,19941,19940,1,-1
2024-03-13 15:04:03.655,19940,19941,19940,2,-2
2024-03-13 15:04:03.712,19940,19941,19940,1,-1
2024-03-13 15:04:05.264,19939,19940,19939,1,-1
2024-03-13 15:04:05.353,19939,19940,19940,7,7
2024-03-13 15:04:05.354,19939,19940,19940,1,1
2024-03-13 15:04:05.354,19939,19940,19940,2,2
2024-03-13 15:04:05.738,19939,19941,19941,1,1
2024-03-13 15:04:09.437,19940,19941,19941,1,1
2024-03-13 15:04:12.472,19940,19942,19940,2,-2
2024-03-13 15:04:14.273,19940,19942,19942,1,1
2024-03-13 15:04:15.792,19940,19942,19942,1,1
2024-03-13 15:04:19.462,19941,19942,19941,1,-1
2024-03-13 15:04:20.372,19941,19942,19941,2,-2
2024-03-13 15:04:20.554,19941,19942,19942,2,2
2024-03-13 15:04:22.711,19941,19942,19942,6,6
2024-03-13 15:04:22.920,19942,19943,19943,2,2
2024-03-13 15:04:22.921,19942,19943,19943,4,4
2024-03-13 15:04:22.921,19942,19943,19943,2,2
2024-03-13 15:04:23.018,19943,19944,19944,1,1
2024-03-13 15:04:23.152,19943,19944,19944,1,1
2024-03-13 15:04:25.620,19943,19944,19944,1,1
2024-03-13 15:04:26.154,19943,19944,19944,1,1
2024-03-13 15:04:26.155,19943,19944,19944,1,1
2024-03-13 15:04:29.090,19943,19945,19945,8,8
2024-03-13 15:04:30.662,19942,19943,19943,1,1
2024-03-13 15:04:30.726,19942,19943,19944,1,1
2024-03-13 15:04:33.527,19943,19945,19945,1,1
2024-03-13 15:04:35.076,19944,19945,19944,1,-1
2024-03-13 15:04:36.029,19943,19945,19945,1,1
2024-03-13 15:04:37.030,19944,19945,19945,1,1
2024-03-13 15:04:37.096,19944,19945,19945,1,1
2024-03-13 15:04:38.910,19944,19945,19945,1,1
2024-03-13 15:04:40.018,19944,19945,19945,1,1
2024-03-13 15:04:40.963,19944,19945,19945,1,1
2024-03-13 15:04:42.066,19944,19945,19945,1,1
2024-03-13 15:04:42.868,19944,19945,19945,1,1
2024-03-13 15:04:43.060,19944,19945,19944,1,-1
2024-03-13 15:04:43.177,19942,19944,19944,1,1
2024-03-13 15:04:46.630,19943,19945,19945,2,2
2024-03-13 15:04:47.724,19943,19944,19944,1,1
2024-03-13 15:04:47.962,19943,19944,19944,3,3
2024-03-13 15:04:48.180,19944,19945,19945,1,1
2024-03-13 15:04:48.195,19944,19945,19944,1,-1
2024-03-13 15:04:48.800,19943,19945,19943,1,-1
2024-03-13 15:04:48.880,19943,19945,19945,1,1
2024-03-13 15:04:49.681,19943,19945,19945,1,1
2024-03-13 15:04:50.852,19943,19944,19943,1,-1
2024-03-13 15:04:51.092,19943,19944,19943,1,-1
2024-03-13 15:04:51.483,19943,19944,19945,1,1
2024-03-13 15:04:52.784,19943,19945,19945,1,1
2024-03-13 15:04:54.008,19943,19945,19943,1,-1
2024-03-13 15:04:54.574,19943,19945,19945,1,1
2024-03-13 15:04:57.196,19943,19944,19944,1,1
2024-03-13 15:04:57.364,19943,19944,19943,4,-4
2024-03-13 15:04:58.096,19942,19944,19944,1,1
2024-03-13 15:04:58.548,19943,19944,19944,1,1
2024-03-13 15:04:59.297,19943,19944,19944,1,1
2024-03-13 15:05:00.121,19943,19944,19944,4,4
2024-03-13 15:05:00.157,19944,19945,19944,2,-2
2024-03-13 15:05:00.182,19944,19945,19944,3,-3
2024-03-13 15:05:00.463,19944,19945,19945,2,2
2024-03-13 15:05:03.369,19943,19944,19944,1,1
2024-03-13 15:05:03.910,19943,19945,19945,3,3
2024-03-13 15:05:05.105,19944,19945,19945,1,1
2024-03-13 15:05:05.805,19944,19945,19945,1,1
2024-03-13 15:05:06.340,19944,19945,19945,1,1
2024-03-13 15:05:06.496,19944,19945,19944,1,-1
2024-03-13 15:05:06.505,19944,19945,19945,1,1
2024-03-13 15:05:08.483,19944,19945,19945,3,3
2024-03-13 15:05:08.716,19944,19945,19945,1,1
2024-03-13 15:05:09.417,19944,19945,19945,1,1
2024-03-13 15:05:09.490,19944,19945,19944,1,-1
2024-03-13 15:05:10.417,19943,19945,19945,1,1
2024-03-13 15:05:10.747,19943,19945,19945,5,5
2024-03-13 15:05:12.119,19943,19945,19945,1,1
2024-03-13 15:05:13.028,19943,19944,19944,1,1
2024-03-13 15:05:13.119,19943,19944,19945,1,1
2024-03-13 15:05:14.049,19944,19946,19946,1,1
2024-03-13 15:05:16.216,19944,19945,19945,1,1
2024-03-13 15:05:16.216,19944,19945,19946,1,1
2024-03-13 15:05:17.042,19944,19945,19944,1,-1
2024-03-13 15:05:18.741,19943,19945,19945,1,1
2024-03-13 15:05:18.802,19943,19945,19944,1,1
2024-03-13 15:05:19.442,19944,19946,19946,1,1
2024-03-13 15:05:20.545,19944,19946,19946,1,1
2024-03-13 15:05:20.686,19944,19946,19946,1,1
2024-03-13 15:05:21.932,19944,19945,19945,1,1
2024-03-13 15:05:22.160,19944,19945,19945,1,1
2024-03-13 15:05:22.501,19944,19945,19944,4,-4
2024-03-13 15:05:23.656,19944,19945,19944,1,-1
2024-03-13 15:05:24.061,19943,19945,19945,1,1
2024-03-13 15:05:25.362,19943,19945,19945,1,1
2024-03-13 15:05:27.449,19944,19945,19944,1,-1
2024-03-13 15:05:27.563,19944,19945,19945,1,1
2024-03-13 15:05:28.765,19944,19945,19945,1,1
2024-03-13 15:05:29.765,19944,19946,19946,1,1
2024-03-13 15:05:32.189,19944,19945,19945,1,1
2024-03-13 15:05:33.975,19944,19945,19945,1,1
2024-03-13 15:05:34.594,19944,19945,19945,1,1
2024-03-13 15:05:34.975,19944,19945,19945,1,1
2024-03-13 15:05:36.435,19944,19945,19944,1,-1
2024-03-13 15:05:36.463,19944,19945,19944,1,-1
2024-03-13 15:05:36.683,19944,19945,19944,1,-1
2024-03-13 15:05:36.743,19944,19945,19944,1,-1
2024-03-13 15:05:36.745,19944,19945,19944,1,-1
2024-03-13 15:05:36.796,19943,19944,19944,1,1
2024-03-13 15:05:37.423,19943,19944,19943,1,-1
2024-03-13 15:05:37.897,19942,19944,19944,1,1
2024-03-13 15:05:38.080,19942,19944,19942,1,-1
2024-03-13 15:05:38.698,19942,19944,19944,1,1
2024-03-13 15:05:39.333,19942,19943,19942,1,-1
2024-03-13 15:05:39.333,19942,19943,19942,2,-2
2024-03-13 15:05:39.333,19942,19943,19942,2,-2
2024-03-13 15:05:39.333,19942,19943,19942,1,-1
2024-03-13 15:05:39.334,19942,19943,19942,1,-1
2024-03-13 15:05:39.334,19942,19943,19942,1,-1
2024-03-13 15:05:40.671,19942,19943,19942,1,-1
2024-03-13 15:05:41.629,19942,19943,19943,1,1
2024-03-13 15:05:42.803,19942,19943,19943,1,1
2024-03-13 15:05:42.993,19942,19943,19942,4,-4
2024-03-13 15:05:43.082,19942,19943,19943,1,1
2024-03-13 15:05:43.603,19942,19943,19943,1,1
2024-03-13 15:05:44.504,19942,19943,19943,1,1
2024-03-13 15:05:46.198,19942,19943,19943,1,1
2024-03-13 15:05:46.715,19942,19943,19943,1,1
2024-03-13 15:05:47.698,19942,19943,19943,1,1
2024-03-13 15:05:48.816,19942,19943,19942,3,-3
2024-03-13 15:05:49.103,19941,19943,19943,1,1
2024-03-13 15:05:49.912,19941,19943,19943,1,1
2024-03-13 15:05:51.633,19941,19943,19943,1,1
2024-03-13 15:05:53.034,19942,19943,19943,1,1
2024-03-13 15:05:54.636,19942,19943,19943,1,1
2024-03-13 15:05:55.738,19942,19943,19943,1,1
2024-03-13 15:05:57.323,19942,19943,19942,1,-1
2024-03-13 15:05:57.323,19942,19943,19942,1,-1
2024-03-13 15:05:57.705,19941,19943,19941,1,-1
2024-03-13 15:05:59.245,19941,19942,19942,1,1
2024-03-13 15:06:01.841,19941,19942,19942,1,1
2024-03-13 15:06:02.842,19941,19942,19942,1,1
2024-03-13 15:06:03.727,19941,19942,19942,1,1
2024-03-13 15:06:05.430,19941,19942,19942,1,1
2024-03-13 15:06:06.645,19941,19943,19943,1,1
2024-03-13 15:06:07.380,19942,19943,19942,2,-2
2024-03-13 15:06:08.082,19941,19942,19942,1,1
2024-03-13 15:06:11.161,19942,19943,19943,1,1
2024-03-13 15:06:12.362,19942,19944,19944,1,1
2024-03-13 15:06:14.463,19942,19944,19944,1,1
2024-03-13 15:06:15.047,19942,19944,19942,1,-1
2024-03-13 15:06:15.374,19942,19944,19942,1,-1
2024-03-13 15:06:16.265,19942,19944,19944,1,1
2024-03-13 15:06:17.767,19942,19944,19944,1,1
2024-03-13 15:06:21.130,19942,19944,19944,3,3
2024-03-13 15:06:21.130,19942,19944,19944,11,11
2024-03-13 15:06:21.130,19942,19944,19944,2,2
2024-03-13 15:06:21.131,19942,19944,19944,5,5
2024-03-13 15:06:21.131,19942,19944,19944,1,1
2024-03-13 15:06:21.131,19942,19944,19944,1,1
2024-03-13 15:06:21.131,19942,19944,19944,1,1
2024-03-13 15:06:21.131,19942,19944,19944,1,1
2024-03-13 15:06:21.131,19942,19944,19944,2,2
2024-03-13 15:06:21.131,19942,19944,19944,7,7
2024-03-13 15:06:21.131,19942,19944,19944,2,2
2024-03-13 15:06:21.131,19942,19944,19944,1,1
2024-03-13 15:06:21.131,19942,19944,19944,5,5
2024-03-13 15:06:21.131,19942,19944,19944,4,4
2024-03-13 15:06:21.131,19942,19944,19944,1,1
2024-03-13 15:06:23.282,19944,19945,19945,1,1
2024-03-13 15:06:24.383,19944,19945,19945,1,1
2024-03-13 15:06:25.878,19943,19945,19945,1,1
2024-03-13 15:06:30.902,19943,19945,19945,1,1
2024-03-13 15:06:31.681,19943,19945,19945,1,1
2024-03-13 15:06:32.103,19943,19945,19945,1,1
2024-03-13 15:06:33.311,19943,19945,19945,1,1
2024-03-13 15:06:33.612,19943,19945,19945,5,5
2024-03-13 15:06:34.073,19943,19945,19945,2,2
2024-03-13 15:06:35.014,19943,19945,19945,1,1
2024-03-13 15:06:36.217,19943,19946,19946,1,1
2024-03-13 15:06:36.558,19944,19946,19944,2,-2
2024-03-13 15:06:37.502,19943,19946,19946,1,1
2024-03-13 15:06:38.911,19944,19946,19946,1,1
2024-03-13 15:06:41.414,19944,19946,19946,1,1
2024-03-13 15:06:45.699,19944,19945,19945,1,1
2024-03-13 15:06:48.257,19944,19945,19945,1,1
2024-03-13 15:06:52.702,19944,19945,19945,2,2
2024-03-13 15:06:54.572,19944,19946,19944,1,-1
2024-03-13 15:07:00.665,19945,19946,19945,1,-1
2024-03-13 15:07:00.701,19945,19946,19944,1,-1
2024-03-13 15:07:01.364,19944,19946,19946,2,2
2024-03-13 15:07:04.103,19945,19946,19946,1,1
2024-03-13 15:07:04.103,19945,19946,19946,1,1
2024-03-13 15:07:04.103,19945,19946,19946,1,1
2024-03-13 15:07:04.104,19945,19946,19946,5,5
2024-03-13 15:07:04.104,19945,19946,19946,4,4
2024-03-13 15:07:07.170,19946,19947,19947,5,5
2024-03-13 15:07:07.171,19946,19947,19947,4,4
2024-03-13 15:07:07.297,19947,19948,19948,2,2
2024-03-13 15:07:07.545,19947,19948,19947,2,-2
2024-03-13 15:07:07.608,19947,19948,19946,1,-1
2024-03-13 15:07:11.497,19946,19947,19947,1,1
2024-03-13 15:07:11.497,19946,19947,19948,4,4
2024-03-13 15:07:11.923,19946,19948,19948,1,1
2024-03-13 15:07:13.966,19947,19949,19947,1,-1
2024-03-13 15:07:14.054,19947,19949,19948,1,-1
2024-03-13 15:07:15.996,19947,19949,19949,2,2
2024-03-13 15:07:16.123,19947,19949,19949,1,1
2024-03-13 15:07:16.148,19947,19949,19949,1,1
2024-03-13 15:07:16.234,19947,19949,19949,5,5
2024-03-13 15:07:16.244,19947,19949,19949,4,4
2024-03-13 15:07:16.654,19948,19949,19950,4,4
2024-03-13 15:07:16.654,19948,19949,19949,1,1
2024-03-13 15:07:16.819,19948,19950,19950,1,1
2024-03-13 15:07:16.827,19948,19950,19950,1,1
2024-03-13 15:07:16.841,19948,19950,19948,1,-1
2024-03-13 15:07:16.895,19948,19950,19950,1,1
2024-03-13 15:07:17.077,19948,19950,19950,4,4
2024-03-13 15:07:17.900,19949,19950,19949,1,-1
2024-03-13 15:07:20.663,19948,19949,19949,1,1
2024-03-13 15:07:20.916,19948,19949,19949,2,2
2024-03-13 15:07:22.071,19948,19950,19950,5,5
2024-03-13 15:07:22.996,19949,19950,19949,1,-1
2024-03-13 15:07:23.244,19949,19950,19949,1,-1
2024-03-13 15:07:23.484,19949,19950,19949,1,-1
2024-03-13 15:07:26.207,19949,19950,19949,5,-5
2024-03-13 15:07:26.497,19948,19949,19948,2,-2
2024-03-13 15:07:26.906,19947,19948,19948,1,1
2024-03-13 15:07:27.569,19947,19948,19949,4,4
2024-03-13 15:07:27.569,19947,19948,19948,1,1
2024-03-13 15:07:28.550,19947,19949,19949,1,1
2024-03-13 15:07:32.129,19947,19948,19947,1,-1
2024-03-13 15:07:35.901,19946,19947,19947,1,1
2024-03-13 15:07:36.008,19946,19947,19947,1,1
2024-03-13 15:07:40.802,19946,19947,19946,5,-5
2024-03-13 15:07:45.036,19945,19946,19945,2,-2
2024-03-13 15:07:51.969,19945,19946,19945,1,-1
2024-03-13 15:07:53.465,19944,19946,19945,1,-1
2024-03-13 15:07:53.465,19944,19946,19945,1,-1
2024-03-13 15:07:59.053,19945,19946,19946,1,1
2024-03-13 15:07:59.053,19945,19946,19946,1,1
2024-03-13 15:08:02.606,19946,19947,19947,1,1
2024-03-13 15:08:03.194,19946,19947,19947,2,2
2024-03-13 15:08:03.194,19946,19947,19947,2,2
2024-03-13 15:08:04.877,19947,19948,19948,1,1
2024-03-13 15:08:04.906,19947,19948,19948,2,2
2024-03-13 15:08:08.359,19947,19948,19947,2,-2
2024-03-13 15:08:11.066,19947,19948,19947,1,-1
2024-03-13 15:08:11.712,19945,19947,19947,5,5
2024-03-13 15:08:15.090,19946,19948,19946,3,-3
2024-03-13 15:08:20.330,19946,19947,19947,1,1
2024-03-13 15:08:24.180,19946,19947,19946,1,-1
2024-03-13 15:08:24.181,19946,19947,19946,1,-1
2024-03-13 15:08:26.923,19945,19946,19945,4,-4
2024-03-13 15:08:37.068,19944,19945,19944,1,-1
2024-03-13 15:08:40.486,19943,19944,19944,1,1
2024-03-13 15:08:40.529,19943,19944,19943,2,-2
2024-03-13 15:08:44.803,19942,19943,19943,1,1
2024-03-13 15:08:50.879,19942,19944,19942,6,-6
2024-03-13 15:08:54.159,19942,19943,19942,1,-1
2024-03-13 15:08:57.041,19942,19943,19942,1,-1
2024-03-13 15:08:57.857,19942,19943,19942,1,-1
2024-03-13 15:08:58.247,19942,19943,19942,1,-1
2024-03-13 15:08:59.653,19943,19944,19943,1,-1
2024-03-13 15:09:07.247,19943,19944,19943,2,-2
2024-03-13 15:09:11.239,19942,19943,19942,2,-2
2024-03-13 15:09:11.239,19942,19943,19942,1,-1
2024-03-13 15:09:11.239,19942,19943,19942,1,-1
2024-03-13 15:09:19.935,19941,19942,19941,2,-2
2024-03-13 15:09:25.518,19941,19942,19941,1,-1
2024-03-13 15:09:34.678,19941,19942,19941,1,-1
2024-03-13 15:09:35.376,19941,19942,19941,3,-3
2024-03-13 15:09:35.377,19941,19942,19941,3,-3
2024-03-13 15:09:44.035,19941,19942,19941,1,-1
2024-03-13 15:09:50.235,19941,19942,19941,1,-1
2024-03-13 15:09:50.235,19941,19942,19941,3,-3
2024-03-13 15:09:52.949,19940,19941,19941,1,1
2024-03-13 15:09:52.949,19940,19941,19942,2,2
2024-03-13 15:09:55.628,19941,19942,19941,1,-1
2024-03-13 15:10:02.232,19940,19941,19940,1,-1
2024-03-13 15:10:04.500,19940,19941,19940,1,-1
2024-03-13 15:10:06.923,19940,19941,19941,2,2
2024-03-13 15:10:07.034,19941,19942,19942,1,1
2024-03-13 15:10:08.062,19941,19943,19941,5,-5
2024-03-13 15:10:10.580,19941,19943,19942,1,-1
2024-03-13 15:10:11.746,19941,19943,19941,5,-5
2024-03-13 15:10:14.665,19940,19941,19941,2,2
2024-03-13 15:10:16.160,19941,19943,19941,5,-5
2024-03-13 15:10:19.335,19941,19942,19941,1,-1
2024-03-13 15:10:20.142,19940,19942,19942,5,5
2024-03-13 15:10:20.743,19940,19942,19940,5,-5
2024-03-13 15:10:26.037,19941,19942,19942,2,2
2024-03-13 15:10:36.751,19942,19943,19943,3,3
2024-03-13 15:10:36.752,19942,19943,19943,2,2
2024-03-13 15:10:36.752,19942,19943,19943,1,1
2024-03-13 15:10:43.823,19943,19944,19944,3,3
2024-03-13 15:10:53.358,19943,19944,19944,1,1
2024-03-13 15:10:59.689,19944,19945,19945,3,3
2024-03-13 15:11:03.372,19944,19945,19945,2,2
2024-03-13 15:11:06.570,19944,19945,19944,1,-1
2024-03-13 15:11:09.744,19944,19945,19944,1,-1
2024-03-13 15:11:10.286,19944,19945,19945,1,1
2024-03-13 15:11:15.290,19944,19945,19945,1,1
2024-03-13 15:11:15.883,19944,19946,19946,3,3
2024-03-13 15:11:18.747,19944,19945,19945,1,1
2024-03-13 15:11:18.747,19944,19945,19946,13,13
2024-03-13 15:11:18.747,19944,19945,19947,3,3
2024-03-13 15:11:21.005,19945,19947,19945,1,-1
2024-03-13 15:11:23.755,19945,19947,19947,15,15
2024-03-13 15:11:23.755,19945,19947,19948,8,8
2024-03-13 15:11:24.833,19946,19948,19946,1,-1
2024-03-13 15:11:26.041,19945,19947,19947,1,1
2024-03-13 15:11:30.631,19946,19948,19948,16,16
2024-03-13 15:11:30.631,19946,19948,19949,1,1
2024-03-13 15:11:31.481,19947,19949,19949,5,5
2024-03-13 15:11:33.151,19947,19949,19948,1,1
2024-03-13 15:11:34.833,19948,19950,19950,1,1
2024-03-13 15:11:34.917,19948,19950,19950,4,4
2024-03-13 15:11:35.103,19948,19950,19950,1,1
2024-03-13 15:11:36.119,19948,19950,19950,12,12
2024-03-13 15:11:36.398,19948,19950,19950,5,5
2024-03-13 15:11:36.879,19949,19950,19950,1,1
2024-03-13 15:11:37.852,19949,19950,19950,5,5
2024-03-13 15:11:40.224,19949,19950,19950,3,3
2024-03-13 15:11:40.412,19950,19951,19950,1,-1
2024-03-13 15:11:40.955,19950,19951,19950,1,-1
2024-03-13 15:11:41.645,19949,19951,19951,3,3
2024-03-13 15:11:41.689,19949,19951,19951,5,5
2024-03-13 15:11:41.833,19949,19951,19951,1,1
2024-03-13 15:11:41.835,19949,19951,19950,1,1
2024-03-13 15:11:41.896,19950,19951,19951,1,1
2024-03-13 15:11:41.904,19950,19951,19951,1,1
2024-03-13 15:11:41.913,19950,19951,19950,1,-1
2024-03-13 15:11:42.011,19950,19952,19952,1,1
2024-03-13 15:11:42.718,19950,19952,19950,1,-1
2024-03-13 15:11:43.267,19950,19952,19952,1,1
2024-03-13 15:11:43.753,19950,19952,19950,1,-1
2024-03-13 15:11:45.604,19950,19952,19952,4,4
2024-03-13 15:11:46.060,19950,19952,19952,9,9
2024-03-13 15:11:46.261,19950,19952,19952,2,2
2024-03-13 15:11:49.043,19950,19951,19951,1,1
2024-03-13 15:11:49.043,19950,19951,19952,2,2
2024-03-13 15:11:51.979,19951,19952,19951,1,-1
2024-03-13 15:11:52.514,19951,19952,19951,1,-1
2024-03-13 15:11:53.190,19951,19952,19951,1,-1
2024-03-13 15:11:53.729,19951,19952,19952,2,2
2024-03-13 15:11:54.809,19951,19952,19951,2,-2
2024-03-13 15:11:57.059,19950,19951,19951,1,1
2024-03-13 15:11:59.543,19951,19952,19952,11,11
2024-03-13 15:12:01.418,19951,19952,19952,1,1
2024-03-13 15:12:01.537,19951,19952,19952,5,5
2024-03-13 15:12:01.537,19951,19952,19952,1,1
2024-03-13 15:12:01.537,19951,19952,19952,1,1
2024-03-13 15:12:01.537,19951,19952,19952,4,4
2024-03-13 15:12:03.632,19952,19953,19953,1,1
2024-03-13 15:12:03.640,19952,19953,19953,4,4
2024-03-13 15:12:03.640,19952,19953,19953,1,1
2024-03-13 15:12:03.640,19952,19953,19953,1,1
2024-03-13 15:12:03.640,19952,19953,19953,1,1
2024-03-13 15:12:03.640,19952,19953,19953,1,1
2024-03-13 15:12:03.640,19952,19953,19953,7,7
2024-03-13 15:12:03.653,19952,19953,19954,4,4
2024-03-13 15:12:03.654,19952,19953,19954,1,1
2024-03-13 15:12:03.654,19952,19953,19954,1,1
2024-03-13 15:12:03.654,19952,19953,19954,1,1
2024-03-13 15:12:03.672,19952,19953,19955,1,1
2024-03-13 15:12:03.674,19952,19953,19955,1,1
2024-03-13 15:12:03.769,19954,19955,19955,1,1
2024-03-13 15:12:03.980,19954,19955,19955,1,1
2024-03-13 15:12:03.990,19954,19955,19955,1,1
2024-03-13 15:12:03.990,19954,19955,19955,6,6
2024-03-13 15:12:04.001,19954,19955,19956,1,1
2024-03-13 15:12:04.059,19954,19956,19954,1,-1
2024-03-13 15:12:04.060,19954,19956,19954,1,-1
2024-03-13 15:12:04.060,19954,19956,19954,1,-1
2024-03-13 15:12:04.114,19954,19956,19954,1,-1
2024-03-13 15:12:04.122,19954,19956,19954,1,-1
2024-03-13 15:12:04.198,19953,19955,19955,5,5
2024-03-13 15:12:04.226,19953,19955,19954,1,1
2024-03-13 15:12:04.487,19953,19955,19953,1,-1
2024-03-13 15:12:04.743,19953,19955,19953,1,-1
2024-03-13 15:12:06.315,19952,19954,19952,2,-2
2024-03-13 15:12:06.887,19952,19953,19952,1,-1
2024-03-13 15:12:07.184,19951,19953,19953,1,1
2024-03-13 15:12:07.264,19951,19953,19953,1,1
2024-03-13 15:12:07.264,19951,19953,19953,1,1
2024-03-13 15:12:07.558,19952,19954,19954,2,2
2024-03-13 15:12:08.442,19952,19954,19954,2,2
2024-03-13 15:12:08.768,19952,19954,19954,1,1
2024-03-13 15:12:11.728,19953,19955,19955,10,10
2024-03-13 15:12:11.860,19954,19955,19954,1,-1
2024-03-13 15:12:12.582,19954,19955,19955,1,1
2024-03-13 15:12:13.821,19954,19955,19954,1,-1
2024-03-13 15:12:14.203,19953,19955,19955,1,1
2024-03-13 15:12:14.621,19954,19956,19956,2,2
2024-03-13 15:12:16.834,19954,19956,19956,1,1
2024-03-13 15:12:18.713,19954,19955,19955,1,1
2024-03-13 15:12:19.475,19954,19955,19955,1,1
2024-03-13 15:12:19.513,19954,19955,19955,1,1
2024-03-13 15:12:19.513,19954,19955,19955,1,1
2024-03-13 15:12:19.514,19954,19955,19956,1,1
2024-03-13 15:12:19.514,19954,19955,19956,1,1
2024-03-13 15:12:21.640,19954,19956,19956,10,10
2024-03-13 15:12:24.912,19954,19955,19955,2,2
2024-03-13 15:12:25.388,19954,19956,19954,1,-1
2024-03-13 15:12:26.199,19955,19956,19956,2,2
2024-03-13 15:12:26.479,19955,19956,19955,1,-1
2024-03-13 15:12:26.479,19955,19956,19955,1,-1
2024-03-13 15:12:28.304,19954,19956,19954,6,-6
2024-03-13 15:12:28.859,19953,19954,19953,1,-1
2024-03-13 15:12:29.579,19953,19954,19955,1,1
2024-03-13 15:12:30.621,19953,19955,19955,1,1
2024-03-13 15:12:30.791,19953,19955,19955,1,1
2024-03-13 15:12:32.333,19953,19955,19955,1,1
2024-03-13 15:12:32.501,19953,19955,19955,1,1
2024-03-13 15:12:32.817,19953,19955,19955,4,4
2024-03-13 15:12:33.002,19953,19955,19953,1,-1
2024-03-13 15:12:34.495,19953,19955,19955,1,1
2024-03-13 15:12:38.799,19953,19954,19953,6,-6
2024-03-13 15:12:39.430,19952,19953,19952,2,-2
2024-03-13 15:12:39.513,19952,19953,19953,1,1
2024-03-13 15:12:39.514,19952,19953,19953,1,1
2024-03-13 15:12:43.851,19952,19953,19953,1,1
2024-03-13 15:12:43.851,19952,19953,19954,9,9
2024-03-13 15:12:45.106,19953,19954,19953,1,-1
2024-03-13 15:12:48.894,19953,19954,19953,1,-1
2024-03-13 15:12:49.935,19953,19954,19954,4,4
2024-03-13 15:12:50.965,19953,19955,19953,2,-2
2024-03-13 15:12:53.673,19953,19955,19953,2,-2
2024-03-13 15:12:57.435,19954,19955,19954,2,-2
2024-03-13 15:12:57.435,19954,19955,19954,1,-1
2024-03-13 15:12:59.189,19953,19954,19953,1,-1
2024-03-13 15:13:00.057,19952,19953,19953,1,1
2024-03-13 15:13:00.241,19952,19953,19953,1,1
2024-03-13 15:13:01.884,19952,19953,19952,2,-2
2024-03-13 15:13:01.942,19952,19953,19952,3,-3
2024-03-13 15:13:02.257,19951,19952,19952,1,1
2024-03-13 15:13:05.716,19951,19952,19952,1,1
2024-03-13 15:13:07.672,19951,19952,19951,1,-1
2024-03-13 15:13:09.226,19951,19952,19951,1,-1
2024-03-13 15:13:09.391,19951,19952,19951,1,-1
2024-03-13 15:13:11.165,19951,19952,19951,1,-1
2024-03-13 15:13:15.119,19951,19952,19951,1,-1
2024-03-13 15:13:15.287,19951,19952,19951,1,-1
2024-03-13 15:13:15.287,19951,19952,19951,2,-2
2024-03-13 15:13:16.452,19951,19952,19951,1,-1
2024-03-13 15:13:20.569,19951,19952,19952,1,1
2024-03-13 15:13:22.927,19951,19952,19952,1,1
2024-03-13 15:13:23.607,19952,19953,19952,1,-1
2024-03-13 15:13:23.607,19952,19953,19951,2,-2
2024-03-13 15:13:24.573,19951,19953,19951,4,-4
2024-03-13 15:13:30.005,19951,19952,19951,1,-1
2024-03-13 15:13:30.919,19950,19951,19950,2,-2
2024-03-13 15:13:30.920,19950,19951,19950,12,-12
2024-03-13 15:13:30.920,19950,19951,19950,1,-1
2024-03-13 15:13:32.003,19949,19950,19950,1,1
2024-03-13 15:13:33.057,19949,19951,19951,1,1
2024-03-13 15:13:40.575,19949,19950,19949,1,-1
2024-03-13 15:13:42.644,19949,19950,19950,1,1
2024-03-13 15:13:43.540,19949,19950,19950,1,1
2024-03-13 15:13:44.854,19949,19950,19949,1,-1
2024-03-13 15:13:53.409,19948,19950,19950,2,2
2024-03-13 15:14:00.322,19949,19950,19950,1,1
2024-03-13 15:14:02.488,19949,19950,19950,1,1
2024-03-13 15:14:02.488,19949,19950,19950,1,1
2024-03-13 15:14:02.488,19949,19950,19950,2,2
2024-03-13 15:14:02.493,19949,19950,19951,3,3
2024-03-13 15:14:04.862,19951,19952,19951,1,-1
2024-03-13 15:14:11.656,19950,19951,19951,1,1
2024-03-13 15:14:16.558,19950,19951,19951,1,1
2024-03-13 15:14:25.499,19951,19952,19951,1,-1
2024-03-13 15:14:40.046,19951,19952,19951,1,-1
2024-03-13 15:14:40.485,19951,19952,19951,1,-1
2024-03-13 15:14:42.453,19951,19952,19952,7,7
2024-03-13 15:14:55.459,19952,19953,19952,1,-1
2024-03-13 15:15:04.149,19951,19952,19952,1,1
2024-03-13 15:15:04.302,19951,19953,19953,1,1
2024-03-13 15:15:04.302,19951,19953,19953,1,1
2024-03-13 15:15:04.302,19951,19953,19953,1,1
2024-03-13 15:15:04.302,19951,19953,19953,1,1
2024-03-13 15:15:04.303,19951,19953,19953,1,1
2024-03-13 15:15:04.303,19951,19953,19954,1,1
2024-03-13 15:15:04.303,19951,19953,19954,1,1
2024-03-13 15:15:04.365,19951,19953,19952,2,2
2024-03-13 15:15:04.648,19952,19954,19954,1,1
2024-03-13 15:15:04.678,19952,19954,19954,1,1
2024-03-13 15:15:07.805,19951,19953,19953,1,1
2024-03-13 15:15:07.888,19951,19953,19953,1,1
2024-03-13 15:15:18.741,19952,19953,19952,1,-1
2024-03-13 15:15:18.763,19952,19953,19953,1,1
2024-03-13 15:15:18.763,19952,19953,19953,1,1
2024-03-13 15:15:18.764,19952,19953,19953,1,1
2024-03-13 15:15:18.769,19952,19953,19954,1,1
2024-03-13 15:15:25.363,19952,19953,19953,2,2
2024-03-13 15:15:25.388,19952,19954,19954,1,1
2024-03-13 15:15:25.389,19952,19954,19954,1,1
2024-03-13 15:15:31.284,19953,19954,19953,1,-1
2024-03-13 15:15:31.663,19952,19954,19953,1,-1
2024-03-13 15:15:32.412,19953,19954,19953,1,-1
2024-03-13 15:15:32.513,19952,19954,19954,1,1
2024-03-13 15:15:39.654,19952,19953,19952,6,-6
2024-03-13 15:15:40.075,19951,19952,19951,1,-1
2024-03-13 15:15:40.075,19951,19952,19951,2,-2
2024-03-13 15:15:40.076,19951,19952,19951,4,-4
2024-03-13 15:15:40.076,19951,19952,19951,1,-1
2024-03-13 15:15:40.076,19951,19952,19951,1,-1
2024-03-13 15:15:40.076,19951,19952,19951,1,-1
2024-03-13 15:15:43.904,19950,19952,19952,2,2
2024-03-13 15:15:47.156,19950,19951,19950,1,-1
2024-03-13 15:15:47.181,19950,19951,19950,2,-2
2024-03-13 15:15:55.596,19950,19951,19950,3,-3
2024-03-13 15:16:01.493,19950,19951,19950,1,-1
2024-03-13 15:16:01.515,19949,19950,19950,1,1
2024-03-13 15:16:01.515,19949,19950,19950,1,1
2024-03-13 15:16:03.080,19949,19950,19950,1,1
2024-03-13 15:16:03.139,19949,19950,19950,1,1
2024-03-13 15:16:03.139,19949,19950,19950,1,1
2024-03-13 15:16:03.140,19949,19950,19950,1,1
2024-03-13 15:16:03.140,19949,19950,19950,1,1
2024-03-13 15:16:03.140,19949,19950,19950,1,1
2024-03-13 15:16:03.361,19949,19950,19950,1,1
2024-03-13 15:16:03.381,19949,19950,19949,1,-1
2024-03-13 15:16:04.977,19949,19950,19949,4,-4
2024-03-13 15:16:05.524,19949,19950,19949,1,-1
2024-03-13 15:16:09.749,19949,19950,19950,1,1
2024-03-13 15:16:14.054,19949,19950,19950,1,1
2024-03-13 15:16:15.484,19949,19950,19950,1,1
2024-03-13 15:16:27.191,19949,19950,19949,1,-1
2024-03-13 15:16:27.191,19949,19950,19949,4,-4
2024-03-13 15:16:27.191,19949,19950,19949,2,-2
2024-03-13 15:16:28.347,19948,19949,19948,6,-6
2024-03-13 15:16:28.389,19947,19948,19948,1,1
2024-03-13 15:16:28.389,19947,19948,19948,1,1
2024-03-13 15:16:28.390,19947,19948,19948,1,1
2024-03-13 15:16:29.165,19947,19948,19948,1,1
2024-03-13 15:16:36.467,19947,19948,19947,1,-1
2024-03-13 15:16:37.027,19947,19948,19947,1,-1
2024-03-13 15:16:37.139,19947,19948,19948,1,1
2024-03-13 15:16:37.139,19947,19948,19948,1,1
2024-03-13 15:16:37.296,19947,19948,19948,1,1
2024-03-13 15:16:37.755,19947,19948,19947,1,-1
2024-03-13 15:16:39.169,19947,19948,19947,1,-1
2024-03-13 15:16:47.047,19947,19948,19948,1,1
2024-03-13 15:16:47.984,19947,19948,19947,4,-4
2024-03-13 15:16:51.177,19946,19947,19946,3,-3
2024-03-13 15:16:51.178,19946,19947,19946,2,-2
2024-03-13 15:16:51.178,19946,19947,19946,4,-4
2024-03-13 15:16:51.178,19946,19947,19946,1,-1
2024-03-13 15:16:51.235,19946,19947,19947,1,1
2024-03-13 15:16:55.783,19946,19947,19946,1,-1
2024-03-13 15:16:59.511,19946,19947,19946,1,-1
2024-03-13 15:17:01.295,19946,19947,19946,1,-1
2024-03-13 15:17:02.011,19945,19946,19946,1,1
2024-03-13 15:17:02.840,19945,19946,19946,1,1
2024-03-13 15:17:05.737,19945,19946,19946,1,1
2024-03-13 15:17:11.126,19945,19946,19945,4,-4
2024-03-13 15:17:14.701,19945,19946,19945,3,-3
2024-03-13 15:17:19.098,19944,19945,19944,1,-1
2024-03-13 15:17:21.308,19944,19945,19944,1,-1
2024-03-13 15:17:21.369,19944,19945,19944,1,-1
2024-03-13 15:17:29.861,19944,19945,19944,1,-1
2024-03-13 15:17:31.065,19944,19945,19944,2,-2
2024-03-13 15:17:31.552,19943,19944,19944,1,1
2024-03-13 15:17:33.297,19943,19944,19943,1,-1
2024-03-13 15:17:33.463,19943,19944,19943,1,-1
2024-03-13 15:17:33.831,19943,19944,19944,2,2
2024-03-13 15:17:37.356,19944,19945,19944,1,-1
2024-03-13 15:17:38.157,19944,19945,19945,4,4
2024-03-13 15:17:38.157,19944,19945,19945,3,3
2024-03-13 15:17:38.158,19944,19945,19945,2,2
2024-03-13 15:17:39.003,19945,19946,19945,2,-2
2024-03-13 15:17:49.638,19945,19946,19946,2,2
2024-03-13 15:17:54.049,19946,19947,19947,4,4
2024-03-13 15:17:54.049,19946,19947,19947,2,2
2024-03-13 15:17:56.768,19947,19948,19948,1,1
2024-03-13 15:17:56.768,19947,19948,19948,2,2
2024-03-13 15:17:56.768,19947,19948,19948,1,1
2024-03-13 15:18:00.972,19948,19949,19948,3,-3
2024-03-13 15:18:00.972,19948,19949,19947,17,-17
2024-03-13 15:18:01.018,19947,19948,19948,1,1
2024-03-13 15:18:01.019,19947,19948,19949,1,1
2024-03-13 15:18:01.054,19947,19948,19949,1,1
2024-03-13 15:18:01.054,19947,19948,19949,1,1
2024-03-13 15:18:01.082,19947,19948,19949,1,1
2024-03-13 15:18:01.138,19947,19949,19949,1,1
2024-03-13 15:18:01.139,19947,19949,19949,1,1
2024-03-13 15:18:01.139,19947,19949,19949,1,1
2024-03-13 15:18:04.471,19948,19949,19949,2,2
2024-03-13 15:18:05.406,19948,19949,19949,1,1
2024-03-13 15:18:05.406,19948,19949,19950,1,1
2024-03-13 15:18:09.772,19948,19950,19950,1,1
2024-03-13 15:18:10.576,19948,19950,19950,1,1
2024-03-13 15:18:10.639,19948,19950,19950,1,1
2024-03-13 15:18:11.901,19948,19950,19950,1,1
2024-03-13 15:18:13.757,19949,19950,19950,2,2
2024-03-13 15:18:14.285,19949,19950,19949,1,-1
2024-03-13 15:18:15.306,19949,19950,19949,1,-1
2024-03-13 15:18:21.313,19948,19949,19949,3,3
2024-03-13 15:18:22.572,19949,19950,19950,1,1
2024-03-13 15:18:22.639,19949,19950,19950,1,1
2024-03-13 15:18:22.639,19949,19950,19950,1,1
2024-03-13 15:18:22.639,19949,19950,19950,4,4
2024-03-13 15:18:22.639,19949,19950,19950,1,1
2024-03-13 15:18:22.639,19949,19950,19950,7,7
2024-03-13 15:18:22.640,19949,19950,19950,13,13
2024-03-13 15:18:22.640,19949,19950,19950,1,1
2024-03-13 15:18:22.640,19949,19950,19950,1,1
2024-03-13 15:18:22.640,19949,19950,19950,1,1
2024-03-13 15:18:22.640,19949,19950,19950,6,6
2024-03-13 15:18:23.488,19950,19951,19950,1,-1
2024-03-13 15:18:26.944,19950,19951,19950,1,-1
2024-03-13 15:18:40.750,19949,19950,19950,5,5
2024-03-13 15:18:40.763,19949,19950,19950,1,1
2024-03-13 15:18:40.763,19949,19950,19950,1,1
2024-03-13 15:18:40.763,19949,19950,19950,1,1
2024-03-13 15:18:40.763,19949,19950,19951,1,1
2024-03-13 15:18:40.763,19949,19950,19951,1,1
2024-03-13 15:18:40.763,19949,19950,19951,1,1
2024-03-13 15:18:40.769,19949,19950,19951,1,1
2024-03-13 15:18:46.730,19949,19951,19949,1,-1
2024-03-13 15:18:53.284,19949,19951,19950,1,-1
2024-03-13 15:18:53.388,19949,19951,19951,1,1
2024-03-13 15:18:53.389,19949,19951,19951,1,1
2024-03-13 15:18:53.389,19949,19951,19951,1,1
2024-03-13 15:19:25.023,19950,19951,19950,1,-1
2024-03-13 15:19:31.551,19949,19951,19951,13,13
2024-03-13 15:19:31.715,19950,19952,19950,1,-1
2024-03-13 15:19:41.771,19951,19952,19951,1,-1
2024-03-13 15:19:43.993,19951,19952,19952,1,1
2024-03-13 15:19:46.396,19951,19952,19951,1,-1
2024-03-13 15:19:49.109,19951,19952,19951,2,-2
2024-03-13 15:19:52.163,19950,19951,19950,3,-3
2024-03-13 15:19:58.455,19950,19951,19951,1,1
2024-03-13 15:20:07.015,19950,19952,19950,1,-1
2024-03-13 15:20:07.455,19950,19951,19951,1,1
2024-03-13 15:20:07.455,19950,19951,19952,3,3
2024-03-13 15:20:08.333,19950,19952,19950,1,-1
2024-03-13 15:20:09.761,19950,19951,19951,1,1
2024-03-13 15:20:12.251,19951,19952,19952,20,20
2024-03-13 15:20:13.668,19951,19952,19951,2,-2
2024-03-13 15:20:14.237,19951,19952,19951,1,-1
2024-03-13 15:20:25.945,19951,19952,19952,1,1
2024-03-13 15:20:31.506,19951,19952,19951,1,-1
2024-03-13 15:20:40.026,19951,19952,19952,1,1
2024-03-13 15:20:43.209,19951,19952,19952,5,5
2024-03-13 15:20:45.556,19951,19952,19952,1,1
2024-03-13 15:20:45.586,19951,19952,19952,1,1
2024-03-13 15:20:45.586,19951,19952,19952,1,1
2024-03-13 15:20:45.586,19951,19952,19952,1,1
2024-03-13 15:20:45.586,19951,19952,19952,1,1
2024-03-13 15:20:49.221,19952,19953,19952,1,-1
2024-03-13 15:20:52.026,19952,19953,19953,1,1
2024-03-13 15:20:58.730,19952,19953,19952,2,-2
2024-03-13 15:21:06.525,19950,19951,19950,2,-2
2024-03-13 15:21:06.943,19950,19951,19951,1,1
2024-03-13 15:21:13.173,19951,19952,19952,6,6
2024-03-13 15:21:13.253,19951,19952,19952,1,1
2024-03-13 15:21:22.402,19951,19952,19952,1,1
2024-03-13 15:21:24.807,19951,19952,19952,2,2
2024-03-13 15:21:27.653,19951,19952,19951,1,-1
2024-03-13 15:21:35.061,19951,19952,19952,2,2
2024-03-13 15:21:36.229,19951,19952,19951,1,-1
2024-03-13 15:21:46.247,19951,19952,19951,5,-5
2024-03-13 15:21:46.247,19951,19952,19951,6,-6
2024-03-13 15:21:51.194,19950,19951,19951,2,2
2024-03-13 15:22:02.058,19950,19951,19950,12,-12
2024-03-13 15:22:03.195,19949,19950,19949,1,-1
2024-03-13 15:22:03.196,19949,19950,19949,1,-1
2024-03-13 15:22:03.282,19948,19949,19948,1,-1
2024-03-13 15:22:12.006,19948,19949,19949,1,1
2024-03-13 15:22:12.006,19948,19949,19949,1,1
2024-03-13 15:22:28.594,19948,19949,19949,5,5
2024-03-13 15:22:28.597,19948,19949,19950,1,1
2024-03-13 15:22:28.597,19948,19949,19950,1,1
2024-03-13 15:22:28.597,19948,19949,19950,1,1
2024-03-13 15:22:28.598,19948,19949,19950,1,1
2024-03-13 15:22:28.598,19948,19949,19950,1,1
2024-03-13 15:22:28.741,19949,19951,19951,1,1
2024-03-13 15:22:51.190,19948,19949,19949,1,1
2024-03-13 15:22:54.382,19948,19949,19949,1,1
2024-03-13 15:22:55.999,19948,19949,19949,2,2
2024-03-13 15:22:59.777,19949,19950,19949,1,-1
2024-03-13 15:23:00.581,19949,19950,19949,2,-2
2024-03-13 15:23:05.661,19949,19950,19949,2,-2
2024-03-13 15:23:27.143,19949,19950,19949,7,-7
2024-03-13 15:23:30.309,19948,19949,19949,3,3
2024-03-13 15:23:44.799,19949,19950,19949,1,-1
2024-03-13 15:23:49.139,19948,19950,19948,16,-16
2024-03-13 15:23:52.402,19947,19948,19948,1,1
2024-03-13 15:23:58.058,19948,19950,19948,2,-2
2024-03-13 15:23:58.167,19948,19950,19950,9,9
2024-03-13 15:23:58.193,19948,19950,19951,7,7
2024-03-13 15:23:59.445,19951,19952,19951,1,-1
2024-03-13 15:24:15.386,19949,19951,19949,2,-2
2024-03-13 15:24:24.168,19947,19949,19949,1,1
2024-03-13 15:24:30.270,19947,19949,19948,1,1
2024-03-13 15:24:37.181,19947,19949,19949,1,1
2024-03-13 15:24:45.005,19946,19947,19947,1,1
2024-03-13 15:24:46.862,19946,19947,19946,2,-2
2024-03-13 15:24:46.862,19946,19947,19946,1,-1
2024-03-13 15:24:46.911,19945,19946,19945,1,-1
2024-03-13 15:24:48.572,19945,19947,19945,1,-1
2024-03-13 15:24:52.798,19945,19947,19945,2,-2
2024-03-13 15:24:54.191,19945,19947,19947,1,1
2024-03-13 15:24:56.683,19946,19947,19946,2,-2
2024-03-13 15:25:04.207,19946,19947,19947,1,1
2024-03-13 15:25:06.071,19946,19947,19946,1,-1
2024-03-13 15:25:13.433,19946,19947,19946,2,-2
2024-03-13 15:25:13.433,19946,19947,19946,1,-1
2024-03-13 15:25:17.554,19946,19947,19947,1,1
2024-03-13 15:25:17.556,19946,19947,19947,3,3
2024-03-13 15:25:17.618,19946,19947,19948,1,1
2024-03-13 15:25:19.128,19946,19948,19946,1,-1
2024-03-13 15:25:19.133,19946,19948,19946,1,-1
2024-03-13 15:25:20.945,19946,19947,19947,1,1
2024-03-13 15:25:24.368,19946,19947,19947,1,1
2024-03-13 15:25:27.643,19946,19947,19947,1,1
2024-03-13 15:25:30.122,19946,19947,19947,5,5
2024-03-13 15:25:30.991,19946,19947,19947,1,1
2024-03-13 15:25:34.345,19946,19948,19948,1,1
2024-03-13 15:25:42.099,19947,19948,19948,2,2
2024-03-13 15:25:42.099,19947,19948,19949,2,2
2024-03-13 15:25:42.513,19948,19949,19948,1,-1
2024-03-13 15:26:12.372,19948,19949,19948,2,-2
2024-03-13 15:26:12.372,19948,19949,19948,1,-1
2024-03-13 15:26:16.627,19947,19948,19948,1,1
2024-03-13 15:26:16.724,19947,19948,19948,2,2
2024-03-13 15:26:16.724,19947,19948,19949,5,5
2024-03-13 15:26:18.468,19947,19949,19949,1,1
2024-03-13 15:26:20.059,19947,19949,19949,1,1
2024-03-13 15:26:22.343,19947,19949,19949,1,1
2024-03-13 15:26:32.492,19947,19949,19949,3,3
2024-03-13 15:26:46.187,19948,19949,19948,3,-3
2024-03-13 15:26:46.188,19948,19949,19948,1,-1
2024-03-13 15:26:46.188,19948,19949,19948,1,-1
2024-03-13 15:26:47.230,19947,19948,19948,1,1
2024-03-13 15:27:09.606,19947,19948,19947,2,-2
2024-03-13 15:27:09.606,19947,19948,19947,3,-3
2024-03-13 15:27:10.024,19946,19947,19947,1,1
2024-03-13 15:27:10.195,19946,19947,19947,1,1
2024-03-13 15:27:10.379,19946,19947,19947,1,1
2024-03-13 15:27:10.552,19946,19947,19947,1,1
2024-03-13 15:27:10.599,19946,19947,19947,1,1
2024-03-13 15:27:10.696,19946,19948,19948,1,1
2024-03-13 15:27:10.842,19946,19948,19948,1,1
2024-03-13 15:27:10.979,19946,19948,19948,1,1
2024-03-13 15:27:11.122,19946,19948,19948,1,1
2024-03-13 15:27:11.273,19946,19948,19948,1,1
2024-03-13 15:27:11.428,19946,19948,19948,1,1
2024-03-13 15:27:11.591,19946,19948,19948,1,1
2024-03-13 15:27:11.749,19946,19948,19948,1,1
2024-03-13 15:27:11.910,19946,19948,19948,1,1
2024-03-13 15:27:12.083,19946,19948,19948,1,1
2024-03-13 15:27:12.243,19946,19948,19948,1,1
2024-03-13 15:27:16.260,19946,19948,19946,1,-1
2024-03-13 15:27:23.596,19947,19948,19947,4,-4
2024-03-13 15:27:24.983,19946,19948,19948,1,1
2024-03-13 15:27:33.887,19947,19949,19949,2,2
2024-03-13 15:27:51.453,19947,19949,19949,2,2
2024-03-13 15:28:00.422,19948,19949,19948,1,-1
2024-03-13 15:28:00.514,19948,19949,19949,1,1
2024-03-13 15:28:00.515,19948,19949,19949,1,1
2024-03-13 15:28:00.515,19948,19949,19950,1,1
2024-03-13 15:28:00.515,19948,19949,19950,1,1
2024-03-13 15:28:01.326,19948,19949,19949,1,1
2024-03-13 15:28:01.389,19949,19950,19950,1,1
2024-03-13 15:28:05.489,19949,19950,19950,5,5
2024-03-13 15:28:05.489,19949,19950,19950,4,4
2024-03-13 15:28:05.489,19949,19950,19950,1,1
2024-03-13 15:28:05.489,19949,19950,19950,2,2
2024-03-13 15:28:07.491,19950,19951,19951,2,2
2024-03-13 15:28:09.097,19950,19951,19950,1,-1
2024-03-13 15:28:09.139,19950,19951,19951,1,1
2024-03-13 15:28:11.063,19950,19951,19951,1,1
2024-03-13 15:28:14.282,19951,19952,19952,1,1
2024-03-13 15:28:15.120,19951,19952,19952,1,1
2024-03-13 15:28:15.120,19951,19952,19952,2,2
2024-03-13 15:28:15.121,19951,19952,19952,2,2
2024-03-13 15:28:15.121,19951,19952,19952,1,1
2024-03-13 15:28:15.121,19951,19952,19952,4,4
2024-03-13 15:28:15.121,19951,19952,19952,3,3
2024-03-13 15:28:20.935,19952,19953,19952,1,-1
2024-03-13 15:28:22.211,19952,19953,19953,1,1
2024-03-13 15:28:22.265,19952,19953,19953,1,1
2024-03-13 15:28:22.879,19952,19953,19953,2,2
2024-03-13 15:28:33.787,19952,19953,19953,1,1
2024-03-13 15:28:33.944,19952,19953,19952,3,-3
2024-03-13 15:28:52.513,19952,19953,19953,1,1
2024-03-13 15:28:54.716,19952,19953,19952,1,-1
2024-03-13 15:28:54.717,19952,19953,19952,2,-2
2024-03-13 15:28:54.764,19951,19952,19952,1,1
2024-03-13 15:28:54.764,19951,19952,19952,1,1
2024-03-13 15:29:00.321,19951,19952,19951,1,-1
2024-03-13 15:29:03.233,19950,19951,19950,2,-2
2024-03-13 15:29:05.890,19949,19950,19950,1,1
2024-03-13 15:29:08.248,19949,19950,19950,1,1
2024-03-13 15:29:13.621,19949,19950,19950,2,2
2024-03-13 15:29:14.033,19950,19952,19950,1,-1
2024-03-13 15:29:15.833,19950,19952,19952,1,1
2024-03-13 15:29:16.524,19950,19952,19952,1,1
2024-03-13 15:29:19.991,19950,19952,19952,1,1
2024-03-13 15:29:21.072,19950,19952,19952,1,1
2024-03-13 15:29:36.038,19950,19952,19952,1,1
2024-03-13 15:30:02.549,19950,19951,19950,3,-3
2024-03-13 15:30:02.684,19950,19951,19950,2,-2
2024-03-13 15:30:02.684,19950,19951,19950,6,-6
2024-03-13 15:30:02.740,19950,19951,19949,2,-2
2024-03-13 15:30:02.827,19949,19950,19949,1,-1
2024-03-13 15:30:02.979,19948,19949,19949,2,2
2024-03-13 15:30:02.979,19948,19949,19948,1,-1
2024-03-13 15:30:03.034,19948,19949,19948,1,-1
2024-03-13 15:30:03.082,19948,19949,19949,1,1
2024-03-13 15:30:09.345,19949,19950,19950,1,1
2024-03-13 15:30:09.455,19950,19952,19950,1,-1
2024-03-13 15:30:14.040,19949,19950,19950,1,1
2024-03-13 15:30:15.670,19950,19951,19950,1,-1
2024-03-13 15:30:17.357,19950,19951,19950,1,-1
2024-03-13 15:31:03.889,19948,19949,19948,1,-1
2024-03-13 15:31:04.170,19948,19949,19948,2,-2
2024-03-13 15:31:04.171,19948,19949,19948,10,-10
2024-03-13 15:31:16.627,19948,19950,19948,1,-1
2024-03-13 15:31:38.148,19949,19950,19950,1,1
2024-03-13 15:31:38.264,19949,19951,19951,1,1
2024-03-13 15:31:42.038,19950,19951,19951,1,1
2024-03-13 15:31:42.138,19950,19951,19951,1,1
2024-03-13 15:31:42.139,19950,19951,19952,1,1
2024-03-13 15:31:48.478,19950,19952,19950,1,-1
2024-03-13 15:31:59.946,19950,19951,19950,1,-1
2024-03-13 15:31:59.947,19950,19951,19950,2,-2
2024-03-13 15:31:59.947,19950,19951,19950,1,-1
2024-03-13 15:32:07.648,19949,19951,19949,1,-1
2024-03-13 15:32:10.097,19948,19950,19948,2,-2
2024-03-13 15:32:22.256,19948,19950,19950,1,1
2024-03-13 15:32:40.221,19948,19949,19948,2,-2
2024-03-13 15:33:00.241,19947,19948,19947,3,-3
2024-03-13 15:33:01.086,19946,19947,19947,1,1
2024-03-13 15:33:06.713,19947,19948,19947,1,-1
2024-03-13 15:33:07.700,19947,19948,19948,2,2
2024-03-13 15:33:12.632,19946,19948,19948,7,7
2024-03-13 15:33:16.435,19947,19949,19949,13,13
2024-03-13 15:33:16.435,19947,19949,19950,7,7
2024-03-13 15:33:19.439,19948,19949,19949,1,1
2024-03-13 15:33:19.439,19948,19949,19950,1,1
2024-03-13 15:33:52.804,19947,19949,19947,3,-3
2024-03-13 15:34:17.180,19947,19948,19948,1,1
2024-03-13 15:34:17.265,19947,19949,19949,1,1
2024-03-13 15:34:17.265,19947,19949,19949,1,1
2024-03-13 15:34:17.266,19947,19949,19949,1,1
2024-03-13 15:34:30.583,19947,19949,19949,3,3
2024-03-13 15:34:30.639,19947,19949,19949,1,1
2024-03-13 15:34:30.639,19947,19949,19949,1,1
2024-03-13 15:34:42.916,19947,19949,19947,1,-1
2024-03-13 15:34:43.014,19947,19949,19949,1,1
2024-03-13 15:34:43.137,19947,19949,19949,1,1
2024-03-13 15:35:14.388,19947,19949,19947,1,-1
2024-03-13 15:35:16.649,19948,19949,19948,1,-1
2024-03-13 15:35:34.243,19947,19949,19947,1,-1
2024-03-13 15:35:40.930,19948,19949,19949,2,2
2024-03-13 15:35:42.703,19948,19950,19948,1,-1
2024-03-13 15:35:57.197,19949,19950,19949,1,-1
2024-03-13 15:36:16.953,19948,19949,19948,1,-1
2024-03-13 15:36:22.023,19948,19949,19949,1,1
2024-03-13 15:36:22.920,19948,19949,19948,1,-1
2024-03-13 15:36:41.125,19948,19949,19949,1,1
2024-03-13 15:36:45.121,19949,19950,19949,1,-1
2024-03-13 15:37:05.988,19949,19950,19950,7,7
2024-03-13 15:37:05.988,19949,19950,19950,3,3
2024-03-13 15:37:05.988,19949,19950,19950,3,3
2024-03-13 15:37:05.988,19949,19950,19950,2,2
2024-03-13 15:37:05.989,19949,19950,19950,1,1
2024-03-13 15:37:13.305,19950,19951,19950,1,-1
2024-03-13 15:37:31.362,19950,19951,19950,1,-1
2024-03-13 15:38:08.205,19950,19951,19951,10,10
2024-03-13 15:38:11.580,19950,19952,19952,1,1
2024-03-13 15:38:18.150,19951,19952,19951,1,-1
2024-03-13 15:38:20.243,19950,19951,19951,1,1
2024-03-13 15:38:21.653,19950,19951,19951,1,1
2024-03-13 15:38:43.532,19950,19951,19951,1,1
2024-03-13 15:39:00.143,19950,19951,19950,1,-1
2024-03-13 15:39:00.143,19950,19951,19950,2,-2
2024-03-13 15:39:00.343,19949,19950,19949,1,-1
2024-03-13 15:39:02.255,19948,19949,19948,3,-3
2024-03-13 15:39:12.046,19947,19948,19948,1,1
2024-03-13 15:39:12.047,19947,19948,19948,1,1
2024-03-13 15:39:17.426,19947,19949,19948,1,1
2024-03-13 15:39:55.021,19947,19949,19947,21,-21
2024-03-13 15:39:55.155,19946,19947,19946,2,-2
2024-03-13 15:39:55.158,19946,19947,19946,2,-2
2024-03-13 15:40:00.237,19945,19946,19945,2,-2
2024-03-13 15:40:00.282,19945,19946,19945,2,-2
2024-03-13 15:40:04.195,19945,19946,19946,8,8
2024-03-13 15:40:07.250,19945,19947,19945,1,-1
2024-03-13 15:40:14.554,19944,19945,19944,1,-1
2024-03-13 15:40:16.136,19944,19945,19944,1,-1
2024-03-13 15:40:17.657,19944,19945,19945,1,1
2024-03-13 15:40:18.386,19944,19945,19944,1,-1
2024-03-13 15:40:19.460,19944,19945,19944,1,-1
2024-03-13 15:40:30.852,19944,19945,19944,9,-9
2024-03-13 15:40:30.854,19944,19945,19944,7,-7
2024-03-13 15:40:35.036,19943,19944,19944,1,1
2024-03-13 15:40:35.394,19943,19944,19943,1,-1
2024-03-13 15:40:36.985,19943,19944,19943,18,-18
2024-03-13 15:40:36.986,19943,19944,19943,1,-1
2024-03-13 15:40:37.027,19942,19943,19942,4,-4
2024-03-13 15:40:37.027,19942,19943,19942,1,-1
2024-03-13 15:40:40.301,19941,19943,19941,1,-1
2024-03-13 15:40:43.675,19941,19943,19941,1,-1
2024-03-13 15:40:44.693,19941,19942,19941,3,-3
2024-03-13 15:40:48.827,19941,19942,19941,1,-1
2024-03-13 15:40:51.756,19941,19942,19941,1,-1
2024-03-13 15:40:53.359,19941,19942,19941,1,-1
2024-03-13 15:40:55.561,19941,19942,19942,6,6
2024-03-13 15:41:07.310,19942,19943,19942,1,-1
2024-03-13 15:41:07.310,19942,19943,19942,5,-5
2024-03-13 15:41:10.116,19941,19942,19942,2,2
2024-03-13 15:41:10.530,19941,19942,19941,7,-7
2024-03-13 15:41:11.774,19940,19941,19941,1,1
2024-03-13 15:41:13.247,19940,19941,19941,1,1
2024-03-13 15:41:19.511,19940,19941,19940,2,-2
2024-03-13 15:41:21.313,19940,19941,19940,5,-5
2024-03-13 15:41:21.314,19940,19941,19940,1,-1
2024-03-13 15:41:21.314,19940,19941,19940,1,-1
2024-03-13 15:41:21.314,19940,19941,19940,1,-1
2024-03-13 15:41:21.315,19940,19941,19940,1,-1
2024-03-13 15:41:21.315,19940,19941,19940,2,-2
2024-03-13 15:41:21.315,19940,19941,19940,3,-3
2024-03-13 15:41:21.315,19940,19941,19940,1,-1
2024-03-13 15:41:21.315,19940,19941,19940,1,-1
2024-03-13 15:41:21.388,19939,19940,19939,1,-1
2024-03-13 15:41:21.388,19939,19940,19939,1,-1
2024-03-13 15:41:21.569,19938,19940,19938,2,-2
2024-03-13 15:41:21.588,19938,19940,19938,1,-1
2024-03-13 15:41:21.589,19938,19940,19938,8,-8
2024-03-13 15:41:21.597,19938,19940,19937,1,-1
2024-03-13 15:41:21.653,19937,19939,19937,1,-1
2024-03-13 15:41:21.660,19937,19939,19937,1,-1
2024-03-13 15:41:21.796,19937,19939,19937,1,-1
2024-03-13 15:41:21.900,19937,19938,19937,4,-4
2024-03-13 15:41:26.162,19937,19938,19937,5,-5
2024-03-13 15:41:28.984,19937,19938,19938,2,2
2024-03-13 15:41:28.986,19937,19938,19939,2,2
2024-03-13 15:41:29.136,19938,19939,19939,1,1
2024-03-13 15:41:29.550,19938,19940,19938,1,-1
2024-03-13 15:41:29.811,19938,19940,19938,5,-5
2024-03-13 15:41:33.544,19938,19940,19938,1,-1
2024-03-13 15:41:34.172,19938,19940,19938,4,-4
2024-03-13 15:41:34.449,19938,19940,19938,1,-1
2024-03-13 15:41:34.784,19938,19940,19938,4,-4
2024-03-13 15:41:40.596,19938,19939,19938,4,-4
2024-03-13 15:41:40.801,19938,19939,19938,4,-4
2024-03-13 15:41:40.956,19937,19939,19937,3,-3
2024-03-13 15:41:40.993,19937,19939,19937,1,-1
2024-03-13 15:41:44.843,19937,19938,19938,1,1
2024-03-13 15:41:46.445,19937,19939,19938,1,1
2024-03-13 15:41:47.655,19937,19938,19938,1,1
2024-03-13 15:41:49.961,19937,19939,19937,2,-2
2024-03-13 15:41:51.487,19937,19939,19939,2,2
2024-03-13 15:41:52.883,19937,19939,19938,1,1
2024-03-13 15:41:53.526,19937,19939,19937,2,-2
2024-03-13 15:41:58.501,19938,19939,19938,1,-1
2024-03-13 15:42:01.729,19939,19940,19940,6,6
2024-03-13 15:42:08.716,19940,19941,19940,1,-1
2024-03-13 15:42:25.942,19940,19941,19940,1,-1
2024-03-13 15:42:29.306,19940,19941,19940,1,-1
2024-03-13 15:42:40.262,19940,19941,19941,2,2
2024-03-13 15:42:46.461,19942,19943,19942,1,-1
2024-03-13 15:42:48.778,19941,19943,19943,1,1
2024-03-13 15:42:51.202,19941,19943,19943,3,3
2024-03-13 15:43:10.712,19942,19943,19942,1,-1
2024-03-13 15:43:11.082,19941,19942,19942,1,1
2024-03-13 15:43:14.257,19941,19942,19942,1,1
2024-03-13 15:43:17.045,19941,19942,19942,1,1
2024-03-13 15:43:36.171,19941,19942,19941,1,-1
2024-03-13 15:43:36.172,19941,19942,19941,1,-1
2024-03-13 15:43:36.172,19941,19942,19941,2,-2
2024-03-13 15:43:36.172,19941,19942,19941,1,-1
2024-03-13 15:43:37.165,19940,19941,19941,1,1
2024-03-13 15:43:44.723,19941,19942,19941,2,-2
2024-03-13 15:43:50.370,19941,19942,19942,2,2
2024-03-13 15:43:51.468,19942,19943,19943,15,15
2024-03-13 15:43:51.469,19942,19943,19943,2,2
2024-03-13 15:43:51.474,19942,19943,19944,1,1
2024-03-13 15:43:59.058,19944,19945,19944,1,-1
2024-03-13 15:44:00.762,19943,19944,19943,1,-1
2024-03-13 15:44:05.859,19943,19944,19944,5,5
2024-03-13 15:44:07.258,19943,19944,19943,1,-1
2024-03-13 15:44:09.306,19943,19944,19943,1,-1
2024-03-13 15:44:18.803,19942,19943,19942,2,-2
2024-03-13 15:44:35.126,19941,19942,19942,1,1
2024-03-13 15:44:40.024,19941,19942,19942,1,1
2024-03-13 15:44:40.819,19941,19942,19942,1,1
2024-03-13 15:44:42.516,19941,19942,19942,1,1
2024-03-13 15:44:43.236,19941,19942,19942,1,1
2024-03-13 15:44:43.667,19941,19942,19942,1,1
2024-03-13 15:44:55.766,19941,19942,19941,2,-2
2024-03-13 15:44:57.259,19940,19942,19942,1,1
2024-03-13 15:45:00.906,19940,19941,19941,1,1
2024-03-13 15:45:02.095,19941,19942,19942,3,3
2024-03-13 15:45:07.312,19942,19944,19942,1,-1
2024-03-13 15:45:12.423,19942,19943,19942,2,-2
2024-03-13 15:45:39.883,19941,19943,19943,1,1
2024-03-13 15:45:43.297,19942,19943,19943,1,1
2024-03-13 15:45:46.928,19942,19943,19943,2,2
2024-03-13 15:45:53.652,19942,19943,19943,1,1
2024-03-13 15:45:53.653,19942,19943,19944,7,7
2024-03-13 15:45:55.472,19944,19945,19944,2,-2
2024-03-13 15:46:13.395,19944,19945,19945,1,1
2024-03-13 15:46:26.479,19945,19946,19946,1,1
2024-03-13 15:46:26.514,19945,19946,19946,1,1
2024-03-13 15:46:29.091,19945,19946,19946,3,3
2024-03-13 15:46:29.139,19945,19946,19946,1,1
2024-03-13 15:46:32.142,19945,19947,19945,1,-1
2024-03-13 15:46:32.825,19945,19946,19946,1,1
2024-03-13 15:46:33.440,19945,19947,19947,6,6
2024-03-13 15:46:34.666,19945,19947,19947,1,1
2024-03-13 15:46:37.266,19945,19946,19946,1,1
2024-03-13 15:47:01.389,19945,19947,19945,1,-1
2024-03-13 15:47:01.513,19945,19947,19947,1,1
2024-03-13 15:47:01.513,19945,19947,19947,1,1
2024-03-13 15:47:01.514,19945,19947,19947,1,1
2024-03-13 15:47:09.185,19945,19946,19945,2,-2
2024-03-13 15:47:09.489,19945,19946,19945,5,-5
2024-03-13 15:47:27.151,19945,19946,19946,2,2
2024-03-13 15:47:42.327,19945,19946,19945,1,-1
2024-03-13 15:47:42.327,19945,19946,19945,2,-2
2024-03-13 15:47:42.327,19945,19946,19945,1,-1
2024-03-13 15:47:42.824,19942,19944,19943,1,-1
2024-03-13 15:47:59.409,19942,19943,19943,1,1
2024-03-13 15:48:10.809,19942,19943,19943,1,1
2024-03-13 15:48:41.790,19942,19943,19942,1,-1
2024-03-13 15:48:46.839,19942,19943,19942,1,-1
2024-03-13 15:48:54.001,19942,19943,19942,1,-1
2024-03-13 15:48:59.909,19942,19943,19943,1,1
2024-03-13 15:48:59.909,19942,19943,19943,2,2
2024-03-13 15:49:00.196,19943,19944,19944,1,1
2024-03-13 15:49:00.196,19943,19944,19944,1,1
2024-03-13 15:49:00.196,19943,19944,19944,2,2
2024-03-13 15:49:00.534,19944,19945,19944,1,-1
2024-03-13 15:49:18.167,19944,19945,19944,9,-9
2024-03-13 15:49:18.167,19944,19945,19943,6,-6
2024-03-13 15:49:41.023,19943,19944,19943,2,-2
2024-03-13 15:49:48.578,19943,19944,19943,3,-3
2024-03-13 15:49:53.283,19943,19944,19943,1,-1
2024-03-13 15:50:24.190,19943,19944,19943,1,-1
2024-03-13 15:50:25.007,19943,19944,19944,2,2
2024-03-13 15:50:53.072,19943,19944,19944,2,2
2024-03-13 15:50:57.761,19943,19945,19945,3,3
2024-03-13 15:51:04.266,19943,19945,19945,1,1
2024-03-13 15:51:07.316,19944,19945,19944,1,-1
2024-03-13 15:51:21.903,19943,19944,19943,1,-1
2024-03-13 15:52:45.331,19942,19943,19942,1,-1
2024-03-13 15:52:53.861,19942,19943,19943,1,1
2024-03-13 15:53:15.039,19943,19944,19944,1,1
2024-03-13 15:53:15.039,19943,19944,19944,1,1
2024-03-13 15:53:18.275,19944,19945,19945,2,2
2024-03-13 15:53:18.276,19944,19945,19945,1,1
2024-03-13 15:53:38.877,19945,19946,19946,1,1
2024-03-13 15:53:54.533,19945,19947,19947,1,1
2024-03-13 15:53:57.015,19946,19947,19947,1,1
2024-03-13 15:53:57.992,19946,19947,19947,1,1
2024-03-13 15:54:00.196,19946,19947,19947,1,1
2024-03-13 15:54:03.519,19946,19947,19947,1,1
2024-03-13 15:54:17.874,19946,19947,19947,1,1
2024-03-13 15:54:17.874,19946,19947,19947,2,2
2024-03-13 15:54:25.884,19947,19948,19948,3,3
2024-03-13 15:54:25.885,19947,19948,19948,1,1
2024-03-13 15:54:26.720,19948,19949,19949,5,5
2024-03-13 15:54:29.231,19949,19950,19950,2,2
2024-03-13 15:54:29.621,19949,19950,19950,5,5
2024-03-13 15:54:29.622,19949,19950,19950,2,2
2024-03-13 15:54:29.622,19949,19950,19950,4,4
2024-03-13 15:54:34.383,19950,19951,19951,2,2
2024-03-13 15:54:34.496,19950,19951,19951,1,1
2024-03-13 15:54:34.847,19950,19951,19951,3,3
2024-03-13 15:54:34.847,19950,19951,19952,2,2
2024-03-13 15:54:38.784,19950,19951,19952,1,1
2024-03-13 15:54:38.784,19950,19951,19951,4,4
2024-03-13 15:54:44.030,19950,19952,19952,4,4
2024-03-13 15:54:45.428,19951,19952,19952,3,3
2024-03-13 15:54:45.428,19951,19952,19952,10,10
2024-03-13 15:54:45.428,19951,19952,19952,1,1
2024-03-13 15:54:45.428,19951,19952,19952,1,1
2024-03-13 15:54:45.428,19951,19952,19952,2,2
2024-03-13 15:54:45.428,19951,19952,19952,1,1
2024-03-13 15:54:45.428,19951,19952,19952,3,3
2024-03-13 15:54:45.430,19951,19952,19953,10,10
2024-03-13 15:54:45.534,19953,19954,19953,1,-1
2024-03-13 15:54:46.245,19953,19954,19954,3,3
2024-03-13 15:54:46.711,19953,19954,19954,1,1
2024-03-13 15:54:46.712,19953,19954,19954,13,13
2024-03-13 15:54:47.646,19954,19955,19955,29,29
2024-03-13 15:54:47.648,19954,19955,19956,1,1
2024-03-13 15:54:47.648,19954,19955,19956,1,1
2024-03-13 15:54:47.648,19954,19955,19956,1,1
2024-03-13 15:54:47.648,19954,19955,19956,1,1
2024-03-13 15:54:47.648,19954,19955,19956,2,2
2024-03-13 15:54:47.648,19954,19955,19956,14,14
2024-03-13 15:54:47.649,19954,19955,19956,1,1
2024-03-13 15:54:47.649,19954,19955,19956,1,1
2024-03-13 15:54:47.650,19954,19955,19957,5,5
2024-03-13 15:54:47.650,19954,19955,19957,1,1
2024-03-13 15:54:47.651,19954,19955,19957,5,5
2024-03-13 15:54:47.651,19954,19955,19957,2,2
2024-03-13 15:54:47.651,19954,19955,19957,1,1
2024-03-13 15:54:47.651,19954,19955,19957,5,5
2024-03-13 15:54:47.678,19954,19955,19956,9,9
2024-03-13 15:54:47.678,19954,19955,19957,11,11
2024-03-13 15:54:47.762,19956,19957,19956,1,-1
2024-03-13 15:54:47.765,19956,19957,19955,1,-1
2024-03-13 15:54:47.805,19956,19957,19954,1,-1
2024-03-13 15:54:47.808,19956,19957,19954,1,-1
2024-03-13 15:54:47.820,19956,19957,19956,1,-1
2024-03-13 15:54:47.825,19956,19957,19956,2,-2
2024-03-13 15:54:47.830,19956,19957,19956,1,-1
2024-03-13 15:54:47.849,19956,19957,19956,1,-1
2024-03-13 15:54:47.849,19956,19957,19956,1,-1
2024-03-13 15:54:47.883,19956,19957,19954,3,-3
2024-03-13 15:54:47.910,19954,19956,19956,1,1
2024-03-13 15:54:47.985,19954,19956,19956,1,1
2024-03-13 15:54:48.072,19954,19956,19956,1,1
2024-03-13 15:54:48.103,19954,19956,19956,1,1
2024-03-13 15:54:48.106,19954,19956,19956,1,1
2024-03-13 15:54:48.118,19954,19956,19956,1,1
2024-03-13 15:54:48.129,19954,19956,19956,1,1
2024-03-13 15:54:48.143,19955,19957,19957,1,1
2024-03-13 15:54:48.154,19955,19957,19957,1,1
2024-03-13 15:54:48.179,19955,19957,19957,1,1
2024-03-13 15:54:48.190,19955,19957,19957,1,1
2024-03-13 15:54:48.883,19955,19957,19957,1,1
2024-03-13 15:54:50.143,19955,19956,19955,1,-1
2024-03-13 15:54:50.143,19955,19956,19955,1,-1
2024-03-13 15:54:51.584,19955,19956,19955,1,-1
2024-03-13 15:54:51.840,19954,19956,19956,1,1
2024-03-13 15:54:55.799,19954,19956,19954,1,-1
2024-03-13 15:54:56.484,19954,19956,19954,1,-1
2024-03-13 15:54:56.677,19954,19956,19956,1,1
2024-03-13 15:54:58.052,19954,19955,19954,1,-1
2024-03-13 15:55:02.853,19953,19954,19954,1,1
2024-03-13 15:55:02.965,19953,19954,19954,2,2
2024-03-13 15:55:06.187,19953,19954,19954,2,2
2024-03-13 15:55:07.429,19953,19954,19953,3,-3
2024-03-13 15:55:07.804,19952,19953,19952,4,-4
2024-03-13 15:55:08.478,19951,19953,19953,2,2
2024-03-13 15:55:08.872,19952,19954,19952,2,-2
2024-03-13 15:55:10.565,19951,19953,19951,1,-1
2024-03-13 15:55:11.648,19951,19953,19951,1,-1
2024-03-13 15:55:16.345,19951,19953,19951,1,-1
2024-03-13 15:55:17.066,19951,19953,19951,1,-1
2024-03-13 15:55:17.552,19951,19953,19953,1,1
2024-03-13 15:55:20.238,19952,19953,19953,2,2
2024-03-13 15:55:21.299,19952,19953,19952,1,-1
2024-03-13 15:55:24.998,19952,19953,19953,1,1
2024-03-13 15:55:25.231,19953,19954,19953,1,-1
2024-03-13 15:55:27.356,19953,19954,19953,1,-1
2024-03-13 15:55:31.004,19953,19954,19954,10,10
2024-03-13 15:55:33.468,19953,19955,19955,1,1
2024-03-13 15:55:33.518,19953,19955,19955,1,1
2024-03-13 15:55:33.606,19953,19955,19955,1,1
2024-03-13 15:55:34.040,19953,19955,19953,2,-2
2024-03-13 15:55:35.188,19954,19955,19955,10,10
2024-03-13 15:55:35.285,19954,19956,19956,1,1
2024-03-13 15:55:37.342,19954,19956,19956,1,1
2024-03-13 15:55:37.479,19954,19956,19956,1,1
2024-03-13 15:55:39.168,19954,19955,19955,1,1
2024-03-13 15:55:39.323,19954,19956,19956,1,1
2024-03-13 15:55:39.468,19954,19956,19956,1,1
2024-03-13 15:55:41.315,19954,19955,19955,1,1
2024-03-13 15:55:42.275,19954,19956,19956,4,4
2024-03-13 15:55:44.018,19954,19955,19955,1,1
2024-03-13 15:55:44.943,19954,19955,19955,3,3
2024-03-13 15:55:45.242,19955,19956,19956,1,1
2024-03-13 15:55:47.265,19955,19956,19955,1,-1
2024-03-13 15:55:47.372,19955,19956,19956,3,3
2024-03-13 15:55:47.669,19955,19956,19956,2,2
2024-03-13 15:55:47.696,19955,19956,19956,1,1
2024-03-13 15:55:47.696,19955,19956,19957,1,1
2024-03-13 15:55:50.381,19955,19956,19956,1,1
2024-03-13 15:55:50.872,19955,19957,19957,1,1
2024-03-13 15:55:51.079,19955,19957,19957,1,1
2024-03-13 15:55:51.596,19955,19956,19955,12,-12
2024-03-13 15:55:53.153,19955,19956,19955,5,-5
2024-03-13 15:55:53.153,19955,19956,19955,1,-1
2024-03-13 15:55:54.172,19954,19955,19955,1,1
2024-03-13 15:55:55.093,19954,19955,19955,2,2
2024-03-13 15:55:57.010,19954,19955,19955,1,1
2024-03-13 15:56:00.225,19955,19956,19956,1,1
2024-03-13 15:56:08.101,19955,19956,19956,1,1
2024-03-13 15:56:08.633,19955,19956,19956,2,2
2024-03-13 15:56:08.633,19955,19956,19957,3,3
2024-03-13 15:56:08.659,19955,19956,19957,1,1
2024-03-13 15:56:08.745,19955,19956,19957,5,5
2024-03-13 15:56:08.747,19955,19956,19957,2,2
2024-03-13 15:56:08.747,19955,19956,19958,2,2
2024-03-13 15:56:08.774,19956,19958,19958,1,1
2024-03-13 15:56:08.803,19956,19958,19958,4,4
2024-03-13 15:56:10.425,19955,19956,19955,2,-2
2024-03-13 15:56:10.860,19955,19956,19956,1,1
2024-03-13 15:56:10.899,19955,19956,19957,1,1
2024-03-13 15:56:10.899,19955,19956,19956,2,2
2024-03-13 15:56:11.136,19955,19957,19957,2,2
2024-03-13 15:56:13.444,19956,19957,19956,1,-1
2024-03-13 15:56:17.204,19956,19958,19957,2,-2
2024-03-13 15:56:18.187,19956,19957,19956,9,-9
2024-03-13 15:56:22.997,19955,19956,19956,2,2
2024-03-13 15:56:23.913,19955,19957,19956,2,2
2024-03-13 15:56:26.287,19955,19957,19955,2,-2
2024-03-13 15:56:32.421,19955,19956,19955,1,-1
2024-03-13 15:56:33.147,19955,19956,19955,1,-1
2024-03-13 15:56:33.311,19955,19956,19955,2,-2
2024-03-13 15:56:33.311,19955,19956,19955,5,-5
2024-03-13 15:56:33.807,19954,19955,19955,1,1
2024-03-13 15:56:39.552,19954,19955,19955,1,1
2024-03-13 15:56:40.023,19955,19956,19956,1,1
2024-03-13 15:56:42.164,19956,19957,19956,1,-1
2024-03-13 15:56:45.319,19956,19957,19956,1,-1
2024-03-13 15:56:48.790,19956,19957,19956,1,-1
2024-03-13 15:56:49.215,19956,19957,19956,1,-1
2024-03-13 15:56:54.728,19955,19956,19955,1,-1
2024-03-13 15:57:00.098,19955,19956,19956,1,1
2024-03-13 15:57:01.569,19955,19956,19956,1,1
2024-03-13 15:57:02.353,19955,19957,19955,2,-2
2024-03-13 15:57:02.950,19955,19956,19956,1,1
2024-03-13 15:57:03.540,19955,19957,19955,1,-1
2024-03-13 15:57:07.317,19955,19956,19955,1,-1
2024-03-13 15:57:11.900,19955,19956,19955,1,-1
2024-03-13 15:57:12.047,19955,19956,19955,10,-10
2024-03-13 15:57:12.048,19955,19956,19955,5,-5
2024-03-13 15:57:12.048,19955,19956,19955,1,-1
2024-03-13 15:57:13.956,19954,19955,19955,1,1
2024-03-13 15:57:20.232,19954,19955,19955,5,5
2024-03-13 15:57:21.542,19954,19955,19954,11,-11
2024-03-13 15:57:21.876,19953,19955,19955,1,1
2024-03-13 15:57:33.416,19954,19955,19954,1,-1
2024-03-13 15:57:40.373,19954,19955,19954,1,-1
2024-03-13 15:57:45.880,19954,19955,19955,1,1
2024-03-13 15:57:46.140,19954,19955,19954,1,-1
2024-03-13 15:57:46.362,19954,19955,19954,3,-3
2024-03-13 15:57:57.220,19953,19954,19953,1,-1
2024-03-13 15:57:57.221,19953,19954,19953,1,-1
2024-03-13 15:57:57.583,19952,19953,19953,4,4
2024-03-13 15:58:00.231,19952,19953,19953,2,2
2024-03-13 15:58:06.415,19952,19953,19953,4,4
2024-03-13 15:58:10.215,19952,19953,19952,2,-2
2024-03-13 15:58:14.900,19951,19952,19951,1,-1
2024-03-13 15:58:14.901,19951,19952,19951,3,-3
2024-03-13 15:58:23.654,19950,19951,19950,5,-5
2024-03-13 15:58:23.655,19950,19951,19950,6,-6
2024-03-13 15:58:24.700,19950,19951,19950,1,-1
2024-03-13 15:58:32.074,19950,19951,19950,1,-1
2024-03-13 15:58:34.326,19950,19951,19950,2,-2
2024-03-13 15:58:34.541,19949,19950,19950,1,1
2024-03-13 15:58:36.662,19949,19950,19949,1,-1
2024-03-13 15:58:36.983,19948,19950,19950,1,1
2024-03-13 15:58:37.380,19948,19950,19950,2,2
2024-03-13 15:58:43.130,19948,19949,19949,1,1
2024-03-13 15:58:44.145,19948,19950,19948,11,-11
2024-03-13 15:58:44.347,19948,19950,19948,1,-1
2024-03-13 15:58:49.488,19948,19950,19948,1,-1
2024-03-13 15:58:51.709,19948,19950,19948,11,-11
2024-03-13 15:58:52.756,19948,19949,19948,1,-1
2024-03-13 15:58:56.939,19948,19950,19948,1,-1
2024-03-13 15:59:01.274,19948,19950,19948,11,-11
2024-03-13 15:59:08.312,19948,19950,19948,5,-5
2024-03-13 15:59:10.388,19948,19950,19948,11,-11
2024-03-13 15:59:12.103,19948,19950,19948,5,-5
2024-03-13 15:59:18.234,19948,19950,19948,5,-5
2024-03-13 15:59:20.918,19948,19950,19948,7,-7
2024-03-13 15:59:22.388,19947,19948,19947,4,-4
2024-03-13 15:59:22.561,19947,19948,19948,1,1
2024-03-13 15:59:24.530,19947,19948,19948,3,3
2024-03-13 15:59:27.612,19949,19950,19949,1,-1
2024-03-13 15:59:29.044,19949,19950,19949,4,-4
2024-03-13 15:59:29.044,19949,19950,19948,7,-7
2024-03-13 15:59:34.952,19949,19950,19949,1,-1
2024-03-13 15:59:37.050,19949,19950,19949,7,-7
2024-03-13 15:59:40.890,19948,19949,19948,1,-1
2024-03-13 15:59:41.528,19947,19949,19949,1,1
2024-03-13 15:59:47.984,19947,19949,19947,1,-1
2024-03-13 15:59:51.274,19947,19949,19949,3,3
2024-03-13 15:59:53.777,19947,19948,19947,5,-5
2024-03-13 15:59:59.014,19946,19948,19946,6,-6
2024-03-13 16:00:02.136,19947,19948,19948,3,3
2024-03-13 16:00:02.545,19947,19948,19948,3,3
2024-03-13 16:00:02.551,19947,19948,19948,1,1
2024-03-13 16:00:02.601,19947,19948,19947,1,-1
2024-03-13 16:00:02.605,19947,19948,19948,1,1
2024-03-13 16:00:02.811,19947,19948,19948,1,1
2024-03-13 16:00:02.811,19947,19948,19948,2,2
2024-03-13 16:00:02.842,19947,19948,19949,1,1
2024-03-13 16:00:02.858,19947,19948,19949,1,1
2024-03-13 16:00:02.890,19947,19949,19949,1,1
2024-03-13 16:00:04.956,19947,19949,19947,6,-6
2024-03-13 16:00:04.956,19947,19949,19946,5,-5
2024-03-13 16:00:11.447,19946,19948,19947,1,-1
2024-03-13 16:00:11.473,19946,19948,19947,2,-2
2024-03-13 16:00:15.472,19947,19948,19947,6,-6
2024-03-13 16:00:15.472,19947,19948,19946,5,-5
2024-03-13 16:00:18.921,19946,19947,19947,1,1
2024-03-13 16:00:18.921,19946,19947,19948,2,2
2024-03-13 16:00:20.167,19947,19948,19948,3,3
2024-03-13 16:00:21.666,19948,19950,19950,3,3
2024-03-13 16:00:22.939,19948,19950,19950,3,3
2024-03-13 16:00:24.137,19948,19950,19950,3,3
2024-03-13 16:00:26.185,19949,19950,19949,1,-1
2024-03-13 16:00:27.750,19949,19950,19949,1,-1
2024-03-13 16:00:29.303,19949,19950,19950,1,1
2024-03-13 16:00:30.020,19950,19951,19950,1,-1
2024-03-13 16:00:33.910,19949,19950,19949,6,-6
2024-03-13 16:00:34.193,19949,19950,19950,1,1
2024-03-13 16:00:34.236,19949,19950,19949,1,-1
2024-03-13 16:00:34.567,19949,19950,19950,1,1
2024-03-13 16:00:35.083,19949,19950,19950,1,1
2024-03-13 16:00:35.374,19949,19951,19951,3,3
2024-03-13 16:00:39.723,19951,19952,19952,11,11
2024-03-13 16:00:40.226,19952,19953,19953,3,3
2024-03-13 16:00:44.666,19952,19954,19952,5,-5
2024-03-13 16:00:49.705,19951,19952,19952,5,5
2024-03-13 16:00:50.664,19951,19952,19952,2,2
2024-03-13 16:00:53.557,19952,19953,19953,5,5
2024-03-13 16:00:53.571,19952,19953,19954,3,3
2024-03-13 16:00:54.928,19952,19954,19954,3,3
2024-03-13 16:00:55.274,19953,19954,19953,1,-1
2024-03-13 16:00:56.964,19953,19954,19953,1,-1
2024-03-13 16:00:57.547,19952,19953,19953,3,3
2024-03-13 16:00:58.261,19952,19953,19952,2,-2
2024-03-13 16:00:58.831,19951,19953,19953,3,3
2024-03-13 16:01:01.806,19952,19953,19953,2,2
2024-03-13 16:01:01.889,19952,19953,19953,1,1
2024-03-13 16:01:01.890,19952,19953,19953,1,1
2024-03-13 16:01:01.890,19952,19953,19953,1,1
2024-03-13 16:01:01.890,19952,19953,19953,1,1
2024-03-13 16:01:01.890,19952,19953,19953,1,1
2024-03-13 16:01:02.695,19952,19953,19952,1,-1
2024-03-13 16:01:03.414,19951,19953,19953,5,5
2024-03-13 16:01:07.770,19951,19952,19951,1,-1
2024-03-13 16:01:07.771,19951,19952,19951,1,-1
2024-03-13 16:01:07.771,19951,19952,19951,1,-1
2024-03-13 16:01:09.899,19949,19951,19951,4,4
2024-03-13 16:01:11.662,19951,19952,19951,1,-1
2024-03-13 16:01:12.673,19950,19951,19950,2,-2
2024-03-13 16:01:16.512,19950,19951,19951,1,1
2024-03-13 16:01:17.581,19950,19952,19950,11,-11
2024-03-13 16:01:20.228,19950,19951,19951,3,3
2024-03-13 16:01:20.269,19950,19952,19952,1,1
2024-03-13 16:01:20.367,19950,19952,19950,3,-3
2024-03-13 16:01:20.367,19950,19952,19949,2,-2
2024-03-13 16:01:21.153,19949,19951,19949,1,-1
2024-03-13 16:01:23.952,19949,19951,19949,4,-4
2024-03-13 16:01:25.536,19950,19951,19950,1,-1
2024-03-13 16:01:29.662,19949,19951,19949,5,-5
2024-03-13 16:01:31.501,19950,19952,19950,2,-2
2024-03-13 16:01:31.501,19950,19952,19949,9,-9
2024-03-13 16:01:35.637,19948,19950,19948,4,-4
2024-03-13 16:01:42.286,19947,19949,19949,3,3
2024-03-13 16:01:42.388,19947,19949,19949,1,1
2024-03-13 16:01:42.389,19947,19949,19950,1,1
2024-03-13 16:01:43.582,19948,19950,19950,3,3
2024-03-13 16:01:43.656,19948,19950,19948,11,-11
2024-03-13 16:01:44.844,19948,19950,19950,3,3
2024-03-13 16:01:50.603,19948,19950,19950,3,3
2024-03-13 16:01:51.240,19948,19950,19948,11,-11
2024-03-13 16:01:51.901,19948,19949,19949,3,3
2024-03-13 16:01:53.091,19948,19950,19950,3,3
2024-03-13 16:01:56.789,19948,19949,19948,2,-2
2024-03-13 16:02:00.104,19947,19948,19947,2,-2
2024-03-13 16:02:00.137,19946,19947,19947,1,1
2024-03-13 16:02:00.234,19946,19947,19948,7,7
2024-03-13 16:02:00.595,19946,19948,19948,2,2
2024-03-13 16:02:04.219,19946,19947,19947,3,3
2024-03-13 16:02:04.638,19947,19949,19949,4,4
2024-03-13 16:02:11.902,19947,19949,19947,1,-1
2024-03-13 16:02:13.388,19946,19947,19947,4,4
2024-03-13 16:02:18.454,19946,19947,19947,5,5
2024-03-13 16:02:18.464,19946,19947,19947,1,1
2024-03-13 16:02:25.240,19947,19949,19947,6,-6
2024-03-13 16:02:25.241,19947,19949,19947,5,-5
2024-03-13 16:02:30.275,19947,19948,19948,1,1
2024-03-13 16:02:35.319,19947,19949,19947,11,-11
2024-03-13 16:02:35.655,19947,19948,19947,2,-2
2024-03-13 16:02:43.936,19947,19949,19947,11,-11
2024-03-13 16:02:52.061,19946,19947,19948,1,1
2024-03-13 16:02:52.061,19946,19947,19947,2,2
2024-03-13 16:03:00.577,19946,19948,19948,4,4
2024-03-13 16:03:00.590,19946,19948,19947,1,1
2024-03-13 16:03:06.702,19947,19949,19947,11,-11
2024-03-13 16:03:15.280,19947,19948,19947,2,-2
2024-03-13 16:03:20.248,19947,19948,19948,1,1
2024-03-13 16:03:20.824,19947,19948,19947,1,-1
2024-03-13 16:03:21.642,19946,19947,19946,1,-1
2024-03-13 16:03:25.782,19945,19947,19945,2,-2
2024-03-13 16:03:33.877,19945,19947,19945,1,-1
2024-03-13 16:03:35.599,19945,19947,19945,4,-4
2024-03-13 16:03:43.525,19944,19945,19945,1,1
2024-03-13 16:03:44.478,19944,19945,19945,1,1
2024-03-13 16:03:51.390,19944,19945,19944,4,-4
2024-03-13 16:03:51.391,19944,19945,19944,2,-2
2024-03-13 16:03:51.391,19944,19945,19944,1,-1
2024-03-13 16:03:51.391,19944,19945,19944,1,-1
2024-03-13 16:03:51.391,19944,19945,19944,1,-1
2024-03-13 16:03:54.428,19943,19944,19943,1,-1
2024-03-13 16:03:54.429,19943,19944,19943,4,-4
2024-03-13 16:03:58.303,19942,19944,19943,1,-1
2024-03-13 16:04:00.477,19942,19943,19942,1,-1
2024-03-13 16:04:00.622,19942,19943,19942,1,-1
2024-03-13 16:04:00.855,19942,19943,19942,1,-1
2024-03-13 16:04:03.499,19942,19943,19942,1,-1
2024-03-13 16:04:10.269,19942,19943,19942,2,-2
2024-03-13 16:04:10.270,19942,19943,19942,1,-1
2024-03-13 16:04:10.270,19942,19943,19942,2,-2
2024-03-13 16:04:10.270,19942,19943,19942,1,-1
2024-03-13 16:04:10.754,19941,19942,19941,2,-2
2024-03-13 16:04:17.265,19940,19941,19941,1,1
2024-03-13 16:04:18.088,19940,19941,19941,1,1
2024-03-13 16:04:18.476,19940,19941,19941,1,1
2024-03-13 16:04:18.688,19940,19941,19940,7,-7
2024-03-13 16:04:19.738,19939,19940,19939,1,-1
2024-03-13 16:04:21.810,19939,19940,19939,2,-2
2024-03-13 16:04:22.061,19939,19940,19939,1,-1
2024-03-13 16:04:22.259,19939,19940,19940,1,1
2024-03-13 16:04:22.298,19939,19940,19939,1,-1
2024-03-13 16:04:22.976,19939,19940,19940,1,1
2024-03-13 16:04:23.776,19939,19940,19939,1,-1
2024-03-13 16:04:24.979,19939,19940,19940,1,1
2024-03-13 16:04:28.050,19939,19940,19940,3,3
2024-03-13 16:04:29.467,19940,19941,19940,1,-1
2024-03-13 16:04:30.687,19940,19941,19940,1,-1
2024-03-13 16:04:32.302,19940,19941,19941,4,4
2024-03-13 16:04:32.302,19940,19941,19941,1,1
2024-03-13 16:04:36.662,19941,19942,19941,2,-2
2024-03-13 16:04:36.662,19941,19942,19940,2,-2
2024-03-13 16:04:39.100,19940,19942,19942,11,11
2024-03-13 16:04:45.113,19940,19942,19942,1,1
2024-03-13 16:04:45.539,19940,19942,19942,11,11
2024-03-13 16:04:48.174,19941,19943,19943,4,4
2024-03-13 16:04:51.640,19942,19943,19942,1,-1
2024-03-13 16:04:51.883,19942,19943,19943,1,1
2024-03-13 16:04:53.377,19942,19943,19942,1,-1
2024-03-13 16:04:54.340,19941,19943,19943,1,1
2024-03-13 16:04:54.953,19941,19942,19942,1,1
2024-03-13 16:04:54.953,19941,19942,19943,10,10
2024-03-13 16:04:57.797,19941,19943,19943,3,3
2024-03-13 16:05:00.287,19941,19943,19943,11,11
2024-03-13 16:05:00.625,19942,19943,19943,1,1
2024-03-13 16:05:01.269,19942,19943,19943,1,1
2024-03-13 16:05:08.766,19942,19943,19943,1,1
2024-03-13 16:05:08.766,19942,19943,19944,10,10
2024-03-13 16:05:11.819,19943,19944,19943,1,-1
2024-03-13 16:05:11.954,19943,19944,19943,2,-2
2024-03-13 16:05:30.075,19943,19944,19943,17,-17
2024-03-13 16:05:30.080,19943,19944,19942,2,-2
2024-03-13 16:05:30.733,19941,19942,19941,3,-3
2024-03-13 16:05:30.913,19940,19941,19940,1,-1
2024-03-13 16:05:37.663,19940,19941,19941,1,1
2024-03-13 16:05:38.337,19941,19942,19941,1,-1
2024-03-13 16:05:42.053,19941,19942,19941,1,-1
2024-03-13 16:05:42.053,19941,19942,19941,2,-2
2024-03-13 16:05:42.053,19941,19942,19941,2,-2
2024-03-13 16:05:42.053,19941,19942,19941,1,-1
2024-03-13 16:05:42.053,19941,19942,19941,3,-3
2024-03-13 16:05:46.122,19940,19941,19941,1,1
2024-03-13 16:05:51.340,19940,19941,19941,1,1
2024-03-13 16:06:01.677,19942,19943,19943,1,1
2024-03-13 16:06:04.379,19942,19944,19942,1,-1
2024-03-13 16:06:10.194,19941,19942,19941,1,-1
2024-03-13 16:06:13.862,19941,19942,19942,2,2
2024-03-13 16:06:14.722,19942,19944,19944,3,3
2024-03-13 16:06:26.323,19943,19944,19943,1,-1
2024-03-13 16:06:27.522,19943,19944,19944,1,1
2024-03-13 16:06:27.708,19944,19945,19944,1,-1
2024-03-13 16:06:38.163,19943,19944,19944,2,2
2024-03-13 16:06:40.054,19944,19945,19944,9,-9
2024-03-13 16:06:40.153,19943,19944,19943,5,-5
2024-03-13 16:06:40.505,19943,19944,19944,1,1
2024-03-13 16:06:43.207,19943,19944,19943,1,-1
2024-03-13 16:06:46.230,19943,19944,19944,11,11
2024-03-13 16:07:00.407,19943,19944,19943,2,-2
2024-03-13 16:07:11.493,19943,19944,19943,3,-3
2024-03-13 16:07:11.662,19943,19944,19944,7,7
2024-03-13 16:07:11.991,19944,19945,19944,4,-4
2024-03-13 16:07:19.385,19943,19944,19944,1,1
2024-03-13 16:07:28.255,19944,19945,19944,11,-11
2024-03-13 16:07:34.646,19943,19944,19944,11,11
2024-03-13 16:07:40.344,19943,19944,19943,1,-1
2024-03-13 16:07:40.954,19943,19944,19943,1,-1
2024-03-13 16:07:45.831,19942,19943,19942,5,-5
2024-03-13 16:07:52.531,19942,19943,19942,5,-5
2024-03-13 16:07:52.531,19942,19943,19942,1,-1
2024-03-13 16:07:52.531,19942,19943,19942,1,-1
2024-03-13 16:08:04.844,19941,19942,19942,3,3
2024-03-13 16:08:08.129,19941,19942,19942,1,1
2024-03-13 16:08:12.225,19942,19943,19942,1,-1
2024-03-13 16:08:16.274,19941,19942,19942,2,2
2024-03-13 16:08:21.880,19941,19942,19942,2,2
2024-03-13 16:08:25.743,19941,19942,19942,2,2
2024-03-13 16:08:30.936,19941,19943,19941,2,-2
2024-03-13 16:08:40.006,19942,19943,19942,1,-1
2024-03-13 16:08:42.192,19941,19942,19942,1,1
2024-03-13 16:08:42.192,19941,19942,19943,4,4
2024-03-13 16:08:50.795,19942,19943,19943,2,2
2024-03-13 16:08:50.795,19942,19943,19944,3,3
2024-03-13 16:08:52.821,19943,19944,19944,1,1
2024-03-13 16:08:52.822,19943,19944,19944,1,1
2024-03-13 16:08:52.822,19943,19944,19944,1,1
2024-03-13 16:08:55.185,19943,19945,19945,1,1
2024-03-13 16:08:59.612,19943,19944,19944,2,2
2024-03-13 16:09:02.283,19942,19944,19944,5,5
2024-03-13 16:09:03.672,19943,19944,19943,2,-2
2024-03-13 16:09:04.821,19943,19944,19944,1,1
2024-03-13 16:09:10.200,19944,19945,19945,5,5
2024-03-13 16:09:16.624,19944,19945,19945,1,1
2024-03-13 16:09:17.693,19944,19945,19945,5,5
2024-03-13 16:09:22.817,19944,19945,19944,5,-5
2024-03-13 16:09:23.551,19944,19945,19944,1,-1
2024-03-13 16:09:23.551,19944,19945,19944,1,-1
2024-03-13 16:09:23.551,19944,19945,19944,2,-2
2024-03-13 16:09:26.332,19943,19944,19943,1,-1
2024-03-13 16:09:31.131,19942,19944,19944,5,5
2024-03-13 16:09:36.645,19942,19943,19943,2,2
2024-03-13 16:09:36.645,19942,19943,19944,2,2
2024-03-13 16:09:39.674,19943,19944,19944,1,1
2024-03-13 16:09:48.071,19943,19945,19945,2,2
2024-03-13 16:10:04.917,19944,19945,19945,1,1
2024-03-13 16:10:04.918,19944,19945,19945,2,2
2024-03-13 16:10:06.936,19944,19945,19945,1,1
2024-03-13 16:10:15.102,19945,19946,19946,1,1
2024-03-13 16:10:15.102,19945,19946,19946,1,1
2024-03-13 16:10:15.102,19945,19946,19946,1,1
2024-03-13 16:10:15.102,19945,19946,19946,1,1
2024-03-13 16:10:19.323,19945,19946,19946,1,1
2024-03-13 16:10:22.827,19945,19947,19946,1,1
2024-03-13 16:10:23.940,19945,19946,19946,1,1
2024-03-13 16:10:24.477,19946,19947,19947,1,1
2024-03-13 16:10:29.965,19946,19947,19946,1,-1
2024-03-13 16:10:29.965,19946,19947,19945,1,-1
2024-03-13 16:10:49.492,19944,19945,19944,1,-1
2024-03-13 16:10:49.492,19944,19945,19944,5,-5
2024-03-13 16:10:52.500,19943,19944,19943,1,-1
2024-03-13 16:10:52.500,19943,19944,19943,1,-1
2024-03-13 16:10:57.387,19942,19944,19942,2,-2
2024-03-13 16:11:04.024,19942,19943,19942,3,-3
2024-03-13 16:11:08.649,19941,19943,19943,1,1
2024-03-13 16:11:21.583,19943,19944,19943,1,-1
2024-03-13 16:11:52.926,19941,19943,19941,10,-10
2024-03-13 16:11:52.926,19941,19943,19941,1,-1
2024-03-13 16:11:52.926,19941,19943,19941,2,-2
2024-03-13 16:11:52.926,19941,19943,19941,1,-1
2024-03-13 16:11:52.926,19941,19943,19941,2,-2
2024-03-13 16:11:52.926,19941,19943,19941,1,-1
2024-03-13 16:11:53.027,19940,19941,19940,1,-1
2024-03-13 16:11:55.375,19940,19942,19940,1,-1
2024-03-13 16:12:00.478,19940,19941,19940,1,-1
2024-03-13 16:12:00.559,19940,19941,19940,1,-1
2024-03-13 16:12:11.295,19940,19941,19940,1,-1
2024-03-13 16:12:16.117,19940,19941,19940,2,-2
2024-03-13 16:12:29.649,19940,19941,19940,2,-2
2024-03-13 16:12:30.503,19940,19941,19940,5,-5
2024-03-13 16:12:32.288,19939,19940,19939,7,-7
2024-03-13 16:12:34.516,19938,19939,19939,11,11
2024-03-13 16:12:35.083,19939,19940,19939,1,-1
2024-03-13 16:12:35.401,19939,19940,19939,1,-1
2024-03-13 16:12:37.514,19939,19940,19939,2,-2
2024-03-13 16:12:40.938,19939,19940,19939,1,-1
2024-03-13 16:12:42.359,19938,19939,19939,2,2
2024-03-13 16:12:46.121,19938,19939,19938,4,-4
2024-03-13 16:12:46.223,19938,19939,19938,4,-4
2024-03-13 16:12:46.969,19938,19939,19938,1,-1
2024-03-13 16:12:50.213,19938,19939,19938,1,-1
2024-03-13 16:12:52.852,19938,19939,19938,1,-1
2024-03-13 16:12:56.514,19937,19938,19938,1,1
2024-03-13 16:13:00.076,19937,19938,19938,1,1
2024-03-13 16:13:07.387,19938,19939,19938,4,-4
2024-03-13 16:13:09.458,19937,19939,19937,12,-12
2024-03-13 16:13:09.703,19937,19938,19937,5,-5
2024-03-13 16:13:09.703,19937,19938,19936,1,-1
2024-03-13 16:13:09.705,19937,19938,19936,1,-1
2024-03-13 16:13:09.707,19937,19938,19936,1,-1
2024-03-13 16:13:09.709,19937,19938,19936,1,-1
2024-03-13 16:13:09.714,19937,19938,19936,1,-1
2024-03-13 16:13:09.770,19936,19937,19936,1,-1
2024-03-13 16:13:09.783,19936,19937,19935,1,-1
2024-03-13 16:13:09.785,19936,19937,19935,1,-1
2024-03-13 16:13:09.787,19936,19937,19935,1,-1
2024-03-13 16:13:09.845,19936,19937,19935,2,-2
2024-03-13 16:13:09.863,19936,19937,19935,3,-3
2024-03-13 16:13:09.970,19935,19936,19935,2,-2
2024-03-13 16:13:12.786,19937,19939,19937,1,-1
2024-03-13 16:13:23.066,19936,19937,19937,1,1
2024-03-13 16:13:26.543,19936,19937,19937,2,2
2024-03-13 16:13:30.078,19936,19937,19937,2,2
2024-03-13 16:13:30.655,19937,19938,19937,4,-4
2024-03-13 16:13:31.690,19936,19938,19936,1,-1
2024-03-13 16:13:34.491,19936,19938,19936,1,-1
2024-03-13 16:13:37.895,19936,19937,19937,1,1
2024-03-13 16:13:38.627,19936,19937,19936,1,-1
2024-03-13 16:13:38.925,19936,19937,19936,1,-1
2024-03-13 16:13:39.093,19936,19937,19936,1,-1
2024-03-13 16:13:42.409,19936,19937,19936,1,-1
2024-03-13 16:13:42.733,19936,19937,19937,5,5
2024-03-13 16:13:45.727,19937,19938,19937,1,-1
2024-03-13 16:13:48.986,19937,19938,19938,2,2
2024-03-13 16:13:50.089,19937,19939,19937,1,-1
2024-03-13 16:13:51.014,19937,19939,19937,1,-1
2024-03-13 16:13:53.334,19937,19938,19938,1,1
2024-03-13 16:13:55.332,19937,19938,19939,1,1
2024-03-13 16:14:01.428,19938,19939,19938,1,-1
2024-03-13 16:14:08.614,19937,19938,19938,1,1
2024-03-13 16:14:14.037,19937,19938,19938,3,3
2024-03-13 16:14:17.896,19937,19938,19937,4,-4
2024-03-13 16:14:18.396,19936,19937,19936,1,-1
2024-03-13 16:14:18.397,19936,19937,19936,1,-1
2024-03-13 16:14:18.397,19936,19937,19936,1,-1
2024-03-13 16:14:18.397,19936,19937,19936,1,-1
2024-03-13 16:14:18.488,19936,19937,19935,3,-3
2024-03-13 16:14:21.880,19935,19936,19935,2,-2
2024-03-13 16:14:26.481,19935,19937,19935,3,-3
2024-03-13 16:14:31.218,19936,19937,19936,2,-2
2024-03-13 16:14:38.874,19936,19937,19936,4,-4
2024-03-13 16:14:45.518,19936,19937,19937,2,2
2024-03-13 16:14:50.460,19937,19938,19937,4,-4
2024-03-13 16:14:52.275,19937,19938,19938,1,1
2024-03-13 16:14:52.929,19937,19938,19937,1,-1
2024-03-13 16:15:00.910,19937,19938,19938,1,1
2024-03-13 16:15:00.911,19937,19938,19938,1,1
2024-03-13 16:15:01.464,19937,19939,19937,1,-1
2024-03-13 16:15:03.169,19938,19939,19938,1,-1
2024-03-13 16:15:18.587,19938,19939,19939,1,1
2024-03-13 16:15:26.519,19938,19939,19938,1,-1
2024-03-13 16:15:26.920,19937,19938,19938,1,1
2024-03-13 16:15:29.429,19937,19938,19937,1,-1
2024-03-13 16:15:32.749,19936,19938,19938,1,1
2024-03-13 16:15:33.036,19936,19938,19936,1,-1
2024-03-13 16:15:33.668,19936,19938,19936,5,-5
2024-03-13 16:15:34.330,19936,19937,19937,1,1
2024-03-13 16:15:48.476,19937,19938,19938,1,1
2024-03-13 16:15:48.875,19937,19938,19938,1,1
2024-03-13 16:15:51.723,19937,19939,19937,1,-1
2024-03-13 16:15:59.841,19937,19939,19939,1,1
2024-03-13 16:16:12.508,19938,19939,19938,1,-1
2024-03-13 16:16:12.509,19938,19939,19938,1,-1
2024-03-13 16:16:20.372,19936,19938,19938,1,1
2024-03-13 16:16:24.930,19937,19938,19937,1,-1
2024-03-13 16:16:25.496,19936,19938,19936,5,-5
2024-03-13 16:16:25.556,19936,19937,19937,1,1
2024-03-13 16:16:40.436,19936,19937,19936,2,-2
2024-03-13 16:16:40.436,19936,19937,19936,2,-2
2024-03-13 16:16:47.500,19935,19936,19936,1,1
2024-03-13 16:16:57.461,19936,19937,19936,1,-1
2024-03-13 16:17:12.960,19935,19936,19935,4,-4
2024-03-13 16:17:12.960,19935,19936,19935,1,-1
2024-03-13 16:17:12.961,19935,19936,19935,1,-1
2024-03-13 16:17:12.961,19935,19936,19935,1,-1
2024-03-13 16:17:18.610,19934,19935,19934,1,-1
2024-03-13 16:17:18.610,19934,19935,19934,1,-1
2024-03-13 16:17:18.880,19933,19934,19933,1,-1
2024-03-13 16:17:19.763,19933,19934,19933,2,-2
2024-03-13 16:17:19.763,19933,19934,19933,1,-1
2024-03-13 16:17:19.763,19933,19934,19933,5,-5
2024-03-13 16:17:19.763,19933,19934,19933,2,-2
2024-03-13 16:17:19.763,19933,19934,19933,2,-2
2024-03-13 16:17:20.150,19932,19933,19933,1,1
2024-03-13 16:17:22.795,19932,19933,19933,1,1
2024-03-13 16:17:22.795,19932,19933,19933,1,1
2024-03-13 16:17:26.310,19933,19934,19934,1,1
2024-03-13 16:17:27.642,19934,19935,19934,1,-1
2024-03-13 16:17:29.761,19934,19935,19935,3,3
2024-03-13 16:17:29.762,19934,19935,19935,1,1
2024-03-13 16:17:29.762,19934,19935,19935,1,1
2024-03-13 16:17:29.762,19934,19935,19935,4,4
2024-03-13 16:17:29.762,19934,19935,19935,1,1
2024-03-13 16:17:29.762,19934,19935,19935,3,3
2024-03-13 16:17:29.762,19934,19935,19935,4,4
2024-03-13 16:17:29.762,19934,19935,19935,2,2
2024-03-13 16:17:29.762,19934,19935,19935,3,3
2024-03-13 16:17:29.762,19934,19935,19935,3,3
2024-03-13 16:17:29.762,19934,19935,19935,3,3
2024-03-13 16:17:29.762,19934,19935,19935,1,1
2024-03-13 16:17:29.762,19934,19935,19935,2,2
2024-03-13 16:17:32.048,19935,19936,19935,4,-4
2024-03-13 16:17:32.666,19935,19936,19936,1,1
2024-03-13 16:17:34.054,19935,19937,19937,1,1
2024-03-13 16:17:36.752,19935,19937,19935,1,-1
2024-03-13 16:17:40.055,19936,19937,19936,1,-1
2024-03-13 16:17:40.397,19934,19936,19936,1,1
2024-03-13 16:17:42.119,19935,19936,19935,1,-1
2024-03-13 16:17:42.369,19934,19935,19935,1,1
2024-03-13 16:17:49.726,19934,19935,19935,3,3
2024-03-13 16:17:59.446,19934,19935,19935,2,2
2024-03-13 16:17:59.446,19934,19935,19935,1,1
2024-03-13 16:17:59.838,19935,19936,19936,2,2
2024-03-13 16:18:01.490,19936,19937,19937,1,1
2024-03-13 16:18:04.080,19936,19937,19936,7,-7
2024-03-13 16:18:12.421,19935,19936,19935,1,-1
2024-03-13 16:18:15.008,19935,19936,19935,1,-1
2024-03-13 16:18:19.017,19934,19935,19934,1,-1
2024-03-13 16:18:19.017,19934,19935,19934,1,-1
2024-03-13 16:18:19.018,19934,19935,19934,1,-1
2024-03-13 16:18:19.018,19934,19935,19934,1,-1
2024-03-13 16:18:19.343,19933,19934,19934,2,2
2024-03-13 16:18:20.445,19933,19934,19934,1,1
2024-03-13 16:18:28.289,19933,19934,19934,2,2
2024-03-13 16:18:31.632,19932,19933,19933,6,6
2024-03-13 16:18:35.752,19932,19933,19932,1,-1
2024-03-13 16:18:35.804,19932,19933,19932,1,-1
2024-03-13 16:18:35.826,19932,19933,19932,1,-1
2024-03-13 16:18:35.842,19932,19933,19932,1,-1
2024-03-13 16:18:36.831,19932,19933,19932,2,-2
2024-03-13 16:18:42.063,19932,19933,19932,2,-2
2024-03-13 16:18:44.333,19932,19933,19933,1,1
2024-03-13 16:18:49.209,19932,19933,19932,3,-3
2024-03-13 16:18:49.600,19932,19933,19932,1,-1
2024-03-13 16:18:53.199,19932,19933,19933,1,1
2024-03-13 16:18:53.199,19932,19933,19933,8,8
2024-03-13 16:18:54.459,19933,19935,19933,1,-1
2024-03-13 16:18:55.099,19934,19935,19934,1,-1
2024-03-13 16:18:56.404,19934,19935,19934,9,-9
2024-03-13 16:18:58.830,19934,19935,19934,1,-1
2024-03-13 16:19:00.393,19934,19935,19934,1,-1
2024-03-13 16:19:00.953,19934,19935,19934,1,-1
2024-03-13 16:19:11.827,19934,19935,19934,1,-1
2024-03-13 16:19:12.299,19933,19935,19935,1,1
2024-03-13 16:19:12.404,19934,19935,19934,1,-1
2024-03-13 16:19:12.404,19934,19935,19933,8,-8
2024-03-13 16:19:25.862,19933,19935,19933,1,-1
2024-03-13 16:19:26.774,19934,19935,19934,2,-2
2024-03-13 16:19:29.381,19934,19935,19935,2,2
2024-03-13 16:19:31.186,19935,19936,19935,7,-7
2024-03-13 16:19:31.186,19935,19936,19934,25,-25
2024-03-13 16:19:31.186,19935,19936,19933,1,-1
2024-03-13 16:19:36.919,19933,19935,19935,1,1
2024-03-13 16:19:36.919,19933,19935,19935,2,2
2024-03-13 16:19:38.095,19935,19936,19935,2,-2
2024-03-13 16:19:38.618,19935,19936,19935,1,-1
2024-03-13 16:19:41.127,19935,19936,19936,1,1
2024-03-13 16:19:49.002,19935,19936,19936,1,1
2024-03-13 16:19:50.724,19935,19936,19935,3,-3
2024-03-13 16:19:50.725,19935,19936,19935,2,-2
2024-03-13 16:19:57.978,19935,19936,19936,4,4
2024-03-13 16:19:59.645,19936,19937,19936,1,-1
2024-03-13 16:20:00.225,19936,19937,19937,6,6
2024-03-13 16:20:02.554,19937,19938,19937,2,-2
2024-03-13 16:20:04.936,19935,19936,19936,1,1
2024-03-13 16:20:08.144,19935,19936,19935,5,-5
2024-03-13 16:20:08.988,19934,19935,19935,1,1
2024-03-13 16:20:09.767,19934,19935,19935,1,1
2024-03-13 16:20:15.816,19934,19935,19935,1,1
2024-03-13 16:20:36.384,19934,19935,19935,1,1
2024-03-13 16:20:36.773,19934,19936,19936,1,1
2024-03-13 16:20:38.442,19934,19936,19936,1,1
2024-03-13 16:20:52.876,19934,19936,19936,2,2
2024-03-13 16:20:55.816,19934,19935,19935,2,2
2024-03-13 16:20:59.528,19935,19936,19935,1,-1
2024-03-13 16:21:18.276,19935,19936,19935,1,-1
2024-03-13 16:21:27.134,19935,19936,19935,7,-7
2024-03-13 16:21:29.458,19934,19935,19934,4,-4
2024-03-13 16:21:29.458,19934,19935,19934,1,-1
2024-03-13 16:21:29.458,19934,19935,19934,6,-6
2024-03-13 16:21:29.458,19934,19935,19934,1,-1
2024-03-13 16:21:29.458,19934,19935,19934,4,-4
2024-03-13 16:21:29.458,19934,19935,19934,7,-7
2024-03-13 16:21:29.460,19934,19935,19934,2,-2
2024-03-13 16:21:29.461,19934,19935,19934,2,-2
2024-03-13 16:21:29.461,19934,19935,19934,2,-2
2024-03-13 16:21:29.461,19934,19935,19934,1,-1
2024-03-13 16:21:35.823,19933,19934,19935,3,3
2024-03-13 16:21:35.823,19933,19934,19934,1,1
2024-03-13 16:21:53.742,19934,19936,19936,2,2
2024-03-13 16:22:06.638,19933,19934,19934,1,1
2024-03-13 16:22:26.454,19935,19936,19935,1,-1
2024-03-13 16:22:40.231,19935,19936,19936,3,3
2024-03-13 16:22:41.185,19935,19936,19935,1,-1
2024-03-13 16:22:43.141,19935,19936,19935,2,-2
2024-03-13 16:22:43.933,19935,19936,19935,2,-2
2024-03-13 16:22:45.055,19935,19936,19935,2,-2
2024-03-13 16:22:46.420,19935,19936,19935,2,-2
2024-03-13 16:22:55.781,19934,19935,19934,1,-1
2024-03-13 16:23:03.999,19933,19934,19934,1,1
2024-03-13 16:23:04.813,19933,19934,19934,1,1
2024-03-13 16:23:15.955,19933,19935,19935,3,3
2024-03-13 16:23:17.747,19934,19935,19934,2,-2
2024-03-13 16:23:21.439,19933,19934,19934,1,1
2024-03-13 16:23:24.299,19933,19934,19934,1,1
2024-03-13 16:23:38.865,19933,19934,19934,6,6
2024-03-13 16:23:41.109,19933,19934,19934,1,1
2024-03-13 16:23:48.054,19934,19936,19934,2,-2
2024-03-13 16:24:02.705,19934,19935,19934,1,-1
2024-03-13 16:24:02.706,19934,19935,19934,1,-1
2024-03-13 16:24:02.709,19934,19935,19933,29,-29
2024-03-13 16:24:02.762,19932,19933,19932,1,-1
2024-03-13 16:24:02.762,19932,19933,19932,3,-3
2024-03-13 16:24:14.980,19932,19933,19933,1,1
2024-03-13 16:24:17.868,19932,19933,19932,3,-3
2024-03-13 16:24:22.725,19931,19932,19931,1,-1
2024-03-13 16:24:22.763,19931,19932,19932,1,1
2024-03-13 16:24:22.779,19931,19932,19931,2,-2
2024-03-13 16:24:22.781,19931,19932,19931,1,-1
2024-03-13 16:24:24.233,19931,19932,19931,1,-1
2024-03-13 16:24:24.233,19931,19932,19931,4,-4
2024-03-13 16:24:24.233,19931,19932,19931,1,-1
2024-03-13 16:24:24.233,19931,19932,19931,1,-1
2024-03-13 16:24:24.234,19931,19932,19931,1,-1
2024-03-13 16:24:24.234,19931,19932,19931,4,-4
2024-03-13 16:24:24.234,19931,19932,19931,7,-7
2024-03-13 16:24:24.234,19931,19932,19931,4,-4
2024-03-13 16:24:24.234,19931,19932,19931,7,-7
2024-03-13 16:24:24.234,19931,19932,19931,2,-2
2024-03-13 16:24:26.010,19930,19931,19930,1,-1
2024-03-13 16:24:26.146,19930,19931,19930,1,-1
2024-03-13 16:24:26.177,19930,19931,19930,6,-6
2024-03-13 16:24:26.325,19930,19931,19930,1,-1
2024-03-13 16:24:26.325,19930,19931,19930,2,-2
2024-03-13 16:24:28.854,19930,19931,19930,1,-1
2024-03-13 16:24:31.638,19930,19931,19930,13,-13
2024-03-13 16:24:32.421,19930,19931,19930,1,-1
2024-03-13 16:24:32.433,19930,19931,19930,1,-1
2024-03-13 16:24:32.528,19930,19931,19930,1,-1
2024-03-13 16:24:32.889,19930,19931,19930,1,-1
2024-03-13 16:24:33.412,19929,19930,19929,1,-1
2024-03-13 16:24:36.809,19929,19930,19930,1,1
2024-03-13 16:24:36.809,19929,19930,19930,1,1
2024-03-13 16:24:39.340,19930,19932,19930,3,-3
2024-03-13 16:24:42.516,19930,19931,19930,6,-6
2024-03-13 16:24:43.671,19929,19930,19930,1,1
2024-03-13 16:24:44.913,19929,19930,19930,1,1
2024-03-13 16:24:45.696,19929,19930,19930,2,2
2024-03-13 16:24:50.096,19930,19931,19930,1,-1
2024-03-13 16:24:54.229,19930,19931,19930,3,-3
2024-03-13 16:24:54.572,19930,19931,19930,1,-1
2024-03-13 16:24:56.555,19930,19931,19930,3,-3
2024-03-13 16:24:56.791,19930,19931,19930,1,-1
2024-03-13 16:25:02.020,19930,19931,19931,1,1
2024-03-13 16:25:02.414,19931,19933,19931,2,-2
2024-03-13 16:25:07.749,19931,19932,19932,1,1
2024-03-13 16:25:10.304,19932,19933,19932,1,-1
2024-03-13 16:25:13.334,19931,19932,19931,2,-2
2024-03-13 16:25:13.372,19931,19932,19932,1,1
2024-03-13 16:25:13.761,19931,19932,19931,3,-3
2024-03-13 16:25:15.088,19931,19932,19931,1,-1
2024-03-13 16:25:21.514,19931,19932,19931,2,-2
2024-03-13 16:25:23.772,19930,19932,19931,1,-1
2024-03-13 16:25:26.147,19931,19932,19931,1,-1
2024-03-13 16:25:26.401,19930,19932,19930,5,-5
2024-03-13 16:25:28.261,19930,19932,19930,1,-1
2024-03-13 16:25:29.290,19931,19932,19932,1,1
2024-03-13 16:25:38.474,19931,19932,19931,1,-1
2024-03-13 16:25:41.575,19931,19932,19931,1,-1
2024-03-13 16:25:41.575,19931,19932,19931,2,-2
2024-03-13 16:25:41.575,19931,19932,19931,1,-1
2024-03-13 16:25:41.766,19930,19931,19931,1,1
2024-03-13 16:25:42.809,19930,19931,19931,1,1
2024-03-13 16:25:47.216,19930,19931,19930,1,-1
2024-03-13 16:25:47.571,19930,19931,19930,1,-1
2024-03-13 16:25:47.572,19930,19931,19930,1,-1
2024-03-13 16:25:48.186,19929,19930,19929,9,-9
2024-03-13 16:25:48.187,19929,19930,19929,1,-1
2024-03-13 16:25:48.187,19929,19930,19929,3,-3
2024-03-13 16:25:48.187,19929,19930,19929,5,-5
2024-03-13 16:25:48.187,19929,19930,19929,1,-1
2024-03-13 16:25:48.187,19929,19930,19929,1,-1
2024-03-13 16:25:48.187,19929,19930,19929,1,-1
2024-03-13 16:25:48.187,19929,19930,19929,1,-1
2024-03-13 16:25:48.187,19929,19930,19929,7,-7
2024-03-13 16:25:48.188,19929,19930,19929,2,-2
2024-03-13 16:25:48.188,19929,19930,19929,1,-1
2024-03-13 16:25:48.188,19929,19930,19929,4,-4
2024-03-13 16:25:48.188,19929,19930,19929,1,-1
2024-03-13 16:25:48.229,19929,19930,19928,1,-1
2024-03-13 16:25:48.273,19928,19929,19928,1,-1
2024-03-13 16:25:48.299,19928,19929,19928,1,-1
2024-03-13 16:25:48.300,19928,19929,19928,1,-1
2024-03-13 16:25:48.300,19928,19929,19928,1,-1
2024-03-13 16:25:48.300,19928,19929,19928,4,-4
2024-03-13 16:25:48.300,19928,19929,19928,1,-1
2024-03-13 16:25:48.300,19928,19929,19928,2,-2
2024-03-13 16:25:48.300,19928,19929,19928,1,-1
2024-03-13 16:25:48.301,19928,19929,19928,1,-1
2024-03-13 16:25:48.301,19928,19929,19928,1,-1
2024-03-13 16:25:48.301,19928,19929,19928,1,-1
