2024-03-20 15:00:00.003,19833,19839,19838,68,68
2024-03-20 15:00:00.057,19833,19838,19838,2,2
2024-03-20 15:00:00.058,19833,19838,19838,1,1
2024-03-20 15:00:00.078,19833,19839,19839,10,10
2024-03-20 15:00:00.090,19833,19839,19839,1,1
2024-03-20 15:00:00.103,19833,19839,19839,1,1
2024-03-20 15:00:00.144,19833,19839,19836,1,1
2024-03-20 15:00:00.164,19836,19838,19838,2,2
2024-03-20 15:00:00.170,19836,19838,19836,1,-1
2024-03-20 15:00:00.170,19836,19838,19835,1,-1
2024-03-20 15:00:00.196,19836,19838,19838,1,1
2024-03-20 15:00:00.205,19836,19838,19839,2,2
2024-03-20 15:00:00.220,19836,19838,19840,1,1
2024-03-20 15:00:00.224,19836,19838,19840,1,1
2024-03-20 15:00:00.232,19836,19838,19837,2,2
2024-03-20 15:00:00.244,19836,19838,19840,1,1
2024-03-20 15:00:00.250,19836,19838,19837,1,1
2024-03-20 15:00:00.253,19836,19838,19836,1,-1
2024-03-20 15:00:00.253,19836,19838,19836,1,-1
2024-03-20 15:00:00.281,19836,19840,19840,1,1
2024-03-20 15:00:00.289,19836,19840,19840,2,2
2024-03-20 15:00:00.292,19836,19840,19840,2,2
2024-03-20 15:00:00.302,19836,19840,19837,1,-1
2024-03-20 15:00:00.325,19836,19840,19839,1,1
2024-03-20 15:00:00.325,19836,19840,19840,1,1
2024-03-20 15:00:00.330,19836,19840,19837,1,-1
2024-03-20 15:00:00.330,19836,19840,19836,1,-1
2024-03-20 15:00:00.336,19836,19840,19836,1,-1
2024-03-20 15:00:00.337,19836,19840,19836,1,-1
2024-03-20 15:00:00.338,19836,19840,19836,2,-2
2024-03-20 15:00:00.338,19836,19840,19839,1,1
2024-03-20 15:00:00.358,19836,19840,19835,1,-1
2024-03-20 15:00:00.360,19836,19840,19838,3,-3
2024-03-20 15:00:00.389,19836,19840,19836,1,-1
2024-03-20 15:00:00.406,19836,19838,19836,1,-1
2024-03-20 15:00:00.406,19836,19838,19835,1,-1
2024-03-20 15:00:00.421,19836,19838,19835,1,-1
2024-03-20 15:00:00.422,19836,19838,19838,1,1
2024-03-20 15:00:00.463,19836,19838,19838,4,4
2024-03-20 15:00:00.481,19836,19838,19835,1,-1
2024-03-20 15:00:00.513,19836,19838,19835,1,-1
2024-03-20 15:00:00.514,19836,19838,19838,2,2
2024-03-20 15:00:00.540,19835,19838,19836,1,-1
2024-03-20 15:00:00.544,19835,19838,19835,1,-1
2024-03-20 15:00:00.553,19835,19838,19834,5,-5
2024-03-20 15:00:00.553,19835,19838,19833,7,-7
2024-03-20 15:00:00.565,19835,19838,19832,1,-1
2024-03-20 15:00:00.604,19835,19838,19835,1,-1
2024-03-20 15:00:00.639,19835,19838,19836,2,-2
2024-03-20 15:00:00.648,19835,19838,19832,1,-1
2024-03-20 15:00:00.655,19832,19836,19836,1,1
2024-03-20 15:00:00.673,19832,19836,19832,1,-1
2024-03-20 15:00:00.673,19832,19836,19832,1,-1
2024-03-20 15:00:00.678,19832,19836,19836,1,1
2024-03-20 15:00:00.687,19832,19836,19837,3,3
2024-03-20 15:00:00.696,19832,19836,19837,1,1
2024-03-20 15:00:00.701,19832,19836,19832,2,-2
2024-03-20 15:00:00.711,19832,19836,19837,1,1
2024-03-20 15:00:00.717,19832,19836,19832,2,-2
2024-03-20 15:00:00.719,19832,19836,19836,1,1
2024-03-20 15:00:00.758,19832,19836,19836,1,1
2024-03-20 15:00:00.780,19834,19836,19836,1,1
2024-03-20 15:00:00.810,19834,19836,19835,1,1
2024-03-20 15:00:00.836,19834,19836,19834,1,-1
2024-03-20 15:00:00.842,19834,19836,19833,1,-1
2024-03-20 15:00:00.868,19834,19836,19833,1,-1
2024-03-20 15:00:00.871,19834,19836,19836,1,1
2024-03-20 15:00:00.879,19834,19836,19832,1,-1
2024-03-20 15:00:00.879,19834,19836,19833,1,-1
2024-03-20 15:00:00.880,19834,19836,19836,1,1
2024-03-20 15:00:00.889,19834,19836,19836,1,1
2024-03-20 15:00:00.915,19832,19837,19837,1,1
2024-03-20 15:00:01.005,19832,19837,19832,1,-1
2024-03-20 15:00:01.009,19832,19837,19832,1,-1
2024-03-20 15:00:01.092,19832,19837,19837,2,2
2024-03-20 15:00:01.092,19832,19837,19838,1,1
2024-03-20 15:00:01.149,19832,19837,19832,2,-2
2024-03-20 15:00:01.149,19832,19837,19831,4,-4
2024-03-20 15:00:01.153,19831,19838,19838,5,5
2024-03-20 15:00:01.157,19831,19838,19831,2,-2
2024-03-20 15:00:01.160,19831,19838,19831,2,-2
2024-03-20 15:00:01.189,19831,19838,19837,1,1
2024-03-20 15:00:01.190,19831,19838,19834,1,-1
2024-03-20 15:00:01.193,19831,19838,19834,1,-1
2024-03-20 15:00:01.203,19831,19838,19836,1,1
2024-03-20 15:00:01.243,19831,19838,19834,1,-1
2024-03-20 15:00:01.243,19831,19838,19833,1,-1
2024-03-20 15:00:01.271,19831,19838,19836,1,1
2024-03-20 15:00:01.272,19831,19838,19837,1,1
2024-03-20 15:00:01.273,19831,19838,19837,1,1
2024-03-20 15:00:01.275,19831,19838,19837,1,1
2024-03-20 15:00:01.275,19831,19838,19837,1,1
2024-03-20 15:00:01.277,19831,19838,19837,1,1
2024-03-20 15:00:01.284,19835,19837,19837,1,1
2024-03-20 15:00:01.475,19836,19838,19836,1,-1
2024-03-20 15:00:02.053,19835,19838,19838,1,1
2024-03-20 15:00:02.063,19835,19838,19837,2,2
2024-03-20 15:00:02.087,19835,19838,19838,1,1
2024-03-20 15:00:02.099,19835,19838,19838,1,1
2024-03-20 15:00:02.143,19835,19838,19838,1,1
2024-03-20 15:00:02.184,19836,19839,19839,1,1
2024-03-20 15:00:02.311,19836,19839,19837,6,-6
2024-03-20 15:00:02.955,19836,19839,19839,1,1
2024-03-20 15:00:03.250,19836,19839,19836,2,-2
2024-03-20 15:00:03.747,19835,19838,19835,1,-1
2024-03-20 15:00:03.755,19835,19838,19835,1,-1
2024-03-20 15:00:03.863,19834,19837,19835,1,-1
2024-03-20 15:00:04.380,19834,19836,19836,2,2
2024-03-20 15:00:04.641,19833,19836,19834,3,-3
2024-03-20 15:00:04.717,19834,19836,19836,1,1
2024-03-20 15:00:05.108,19834,19836,19836,2,2
2024-03-20 15:00:05.317,19834,19836,19834,1,-1
2024-03-20 15:00:05.497,19834,19836,19836,1,1
2024-03-20 15:00:05.991,19835,19836,19835,1,-1
2024-03-20 15:00:06.472,19834,19835,19834,3,-3
2024-03-20 15:00:06.522,19834,19835,19834,3,-3
2024-03-20 15:00:06.752,19833,19834,19834,2,2
2024-03-20 15:00:06.752,19833,19834,19835,4,4
2024-03-20 15:00:06.872,19833,19835,19834,1,1
2024-03-20 15:00:07.296,19834,19835,19835,1,1
2024-03-20 15:00:07.296,19834,19835,19836,2,2
2024-03-20 15:00:07.373,19834,19835,19834,1,-1
2024-03-20 15:00:07.373,19834,19835,19833,1,-1
2024-03-20 15:00:08.082,19833,19835,19834,2,-2
2024-03-20 15:00:08.557,19833,19834,19833,1,-1
2024-03-20 15:00:09.796,19832,19834,19832,2,-2
2024-03-20 15:00:10.189,19833,19835,19833,1,-1
2024-03-20 15:00:10.216,19833,19835,19833,1,-1
2024-03-20 15:00:10.299,19833,19835,19835,1,1
2024-03-20 15:00:11.547,19833,19835,19833,1,-1
2024-03-20 15:00:11.603,19833,19835,19833,2,-2
2024-03-20 15:00:11.603,19833,19835,19832,1,-1
2024-03-20 15:00:13.532,19833,19835,19835,1,1
2024-03-20 15:00:14.321,19834,19835,19835,1,1
2024-03-20 15:00:15.472,19835,19836,19836,1,1
2024-03-20 15:00:15.473,19835,19836,19836,1,1
2024-03-20 15:00:15.652,19835,19837,19837,1,1
2024-03-20 15:00:15.684,19835,19837,19837,1,1
2024-03-20 15:00:15.694,19835,19837,19837,1,1
2024-03-20 15:00:15.704,19835,19837,19838,1,1
2024-03-20 15:00:15.711,19835,19837,19838,1,1
2024-03-20 15:00:15.735,19835,19837,19838,1,1
2024-03-20 15:00:15.938,19836,19838,19838,1,1
2024-03-20 15:00:15.964,19836,19838,19838,1,1
2024-03-20 15:00:16.386,19836,19838,19836,1,-1
2024-03-20 15:00:20.245,19837,19838,19838,2,2
2024-03-20 15:00:21.386,19837,19838,19837,2,-2
2024-03-20 15:00:21.387,19837,19838,19837,3,-3
2024-03-20 15:00:21.653,19835,19838,19838,1,1
2024-03-20 15:00:21.984,19835,19838,19835,1,-1
2024-03-20 15:00:22.404,19835,19838,19835,2,-2
2024-03-20 15:00:22.430,19835,19838,19835,1,-1
2024-03-20 15:00:22.437,19835,19838,19834,1,-1
2024-03-20 15:00:22.437,19835,19838,19835,1,-1
2024-03-20 15:00:22.521,19835,19838,19836,1,-1
2024-03-20 15:00:23.742,19834,19837,19836,1,1
2024-03-20 15:00:24.901,19834,19837,19834,1,-1
2024-03-20 15:00:28.344,19834,19836,19835,1,-1
2024-03-20 15:00:29.466,19834,19837,19834,1,-1
2024-03-20 15:00:30.244,19836,19837,19836,1,-1
2024-03-20 15:00:30.396,19834,19837,19834,1,-1
2024-03-20 15:00:30.558,19834,19837,19834,1,-1
2024-03-20 15:00:30.623,19834,19837,19834,1,-1
2024-03-20 15:00:32.361,19834,19837,19837,1,1
2024-03-20 15:00:32.685,19834,19837,19834,1,-1
2024-03-20 15:00:35.132,19834,19837,19834,2,-2
2024-03-20 15:00:40.258,19834,19836,19834,1,-1
2024-03-20 15:00:41.916,19834,19835,19834,2,-2
2024-03-20 15:00:44.246,19834,19835,19835,1,1
2024-03-20 15:00:44.584,19834,19835,19835,1,1
2024-03-20 15:00:44.584,19834,19835,19835,1,1
2024-03-20 15:00:46.021,19834,19836,19834,3,-3
2024-03-20 15:00:46.351,19834,19836,19834,1,-1
2024-03-20 15:00:47.287,19834,19835,19835,2,2
2024-03-20 15:00:47.288,19834,19835,19835,1,1
2024-03-20 15:00:48.614,19834,19836,19836,1,1
2024-03-20 15:00:49.402,19834,19836,19836,1,1
2024-03-20 15:00:49.755,19834,19836,19836,5,5
2024-03-20 15:00:49.801,19835,19837,19835,1,-1
2024-03-20 15:00:50.200,19835,19837,19835,1,-1
2024-03-20 15:00:50.307,19835,19837,19835,1,-1
2024-03-20 15:00:52.078,19835,19836,19836,1,1
2024-03-20 15:00:53.971,19835,19836,19836,1,1
2024-03-20 15:00:54.513,19835,19836,19835,2,-2
2024-03-20 15:00:55.339,19835,19836,19835,2,-2
2024-03-20 15:00:55.538,19834,19836,19836,1,1
2024-03-20 15:00:57.018,19835,19836,19835,1,-1
2024-03-20 15:00:57.849,19835,19836,19835,1,-1
2024-03-20 15:00:59.167,19835,19836,19835,1,-1
2024-03-20 15:01:00.002,19834,19836,19835,1,-1
2024-03-20 15:01:00.015,19834,19836,19834,1,-1
2024-03-20 15:01:00.024,19834,19836,19834,4,-4
2024-03-20 15:01:00.025,19834,19836,19834,2,-2
2024-03-20 15:01:00.056,19833,19834,19834,5,5
2024-03-20 15:01:00.074,19833,19834,19836,4,4
2024-03-20 15:01:00.074,19833,19834,19837,7,7
2024-03-20 15:01:00.075,19833,19834,19837,1,1
2024-03-20 15:01:00.075,19833,19834,19836,1,1
2024-03-20 15:01:00.099,19833,19834,19837,1,1
2024-03-20 15:01:00.104,19833,19834,19837,1,1
2024-03-20 15:01:00.133,19833,19834,19836,1,1
2024-03-20 15:01:00.134,19833,19834,19836,1,1
2024-03-20 15:01:00.152,19833,19834,19835,1,1
2024-03-20 15:01:00.307,19834,19836,19834,1,-1
2024-03-20 15:01:00.313,19834,19836,19836,3,3
2024-03-20 15:01:00.316,19834,19836,19836,1,1
2024-03-20 15:01:00.373,19834,19836,19834,2,-2
2024-03-20 15:01:00.394,19834,19836,19836,3,3
2024-03-20 15:01:00.400,19834,19836,19836,2,2
2024-03-20 15:01:00.474,19834,19837,19837,3,3
2024-03-20 15:01:00.497,19834,19837,19835,2,-2
2024-03-20 15:01:00.556,19834,19836,19836,2,2
2024-03-20 15:01:01.651,19834,19837,19836,1,1
2024-03-20 15:01:03.013,19835,19837,19837,1,1
2024-03-20 15:01:03.014,19835,19837,19837,1,1
2024-03-20 15:01:03.014,19835,19837,19837,1,1
2024-03-20 15:01:04.013,19835,19837,19837,2,2
2024-03-20 15:01:04.615,19835,19837,19835,2,-2
2024-03-20 15:01:05.012,19834,19837,19837,1,1
2024-03-20 15:01:05.465,19835,19837,19835,2,-2
2024-03-20 15:01:05.586,19835,19837,19836,1,-1
2024-03-20 15:01:06.014,19835,19836,19836,3,3
2024-03-20 15:01:06.014,19835,19836,19836,1,1
2024-03-20 15:01:06.014,19835,19836,19837,1,1
2024-03-20 15:01:06.014,19835,19836,19837,1,1
2024-03-20 15:01:06.014,19835,19836,19838,2,2
2024-03-20 15:01:06.014,19835,19836,19838,1,1
2024-03-20 15:01:06.014,19835,19836,19838,1,1
2024-03-20 15:01:06.058,19835,19838,19838,1,1
2024-03-20 15:01:08.013,19835,19838,19838,1,1
2024-03-20 15:01:08.013,19835,19838,19838,5,5
2024-03-20 15:01:08.563,19836,19838,19838,1,1
2024-03-20 15:01:10.326,19836,19838,19836,1,-1
2024-03-20 15:01:11.299,19836,19837,19837,1,1
2024-03-20 15:01:11.355,19836,19837,19838,1,1
2024-03-20 15:01:11.355,19836,19837,19838,5,5
2024-03-20 15:01:11.381,19836,19837,19837,2,2
2024-03-20 15:01:12.013,19837,19838,19838,1,1
2024-03-20 15:01:12.014,19837,19838,19839,2,2
2024-03-20 15:01:12.333,19837,19839,19837,2,-2
2024-03-20 15:01:12.410,19837,19839,19837,1,-1
2024-03-20 15:01:14.013,19837,19838,19838,1,1
2024-03-20 15:01:14.013,19837,19838,19838,1,1
2024-03-20 15:01:14.027,19837,19838,19838,1,1
2024-03-20 15:01:14.027,19837,19838,19839,1,1
2024-03-20 15:01:15.014,19837,19839,19839,1,1
2024-03-20 15:01:16.014,19838,19839,19839,2,2
2024-03-20 15:01:16.014,19838,19839,19839,1,1
2024-03-20 15:01:16.020,19838,19839,19838,1,-1
2024-03-20 15:01:16.020,19838,19839,19837,1,-1
2024-03-20 15:01:16.800,19837,19838,19837,2,-2
2024-03-20 15:01:17.014,19837,19838,19838,5,5
2024-03-20 15:01:18.015,19837,19838,19838,1,1
2024-03-20 15:01:18.015,19837,19838,19838,1,1
2024-03-20 15:01:18.015,19837,19838,19838,2,2
2024-03-20 15:01:19.014,19837,19838,19838,2,2
2024-03-20 15:01:19.015,19837,19838,19839,1,1
2024-03-20 15:01:19.901,19837,19839,19838,2,2
2024-03-20 15:01:19.963,19837,19838,19838,1,1
2024-03-20 15:01:20.199,19837,19838,19838,1,1
2024-03-20 15:01:20.230,19837,19838,19838,1,1
2024-03-20 15:01:20.324,19838,19839,19839,1,1
2024-03-20 15:01:20.369,19838,19839,19838,1,-1
2024-03-20 15:01:20.678,19838,19839,19839,1,1
2024-03-20 15:01:21.014,19838,19839,19839,1,1
2024-03-20 15:01:23.014,19838,19839,19839,1,1
2024-03-20 15:01:23.014,19838,19839,19839,2,2
2024-03-20 15:01:23.014,19838,19839,19839,1,1
2024-03-20 15:01:23.014,19838,19839,19839,1,1
2024-03-20 15:01:23.014,19838,19839,19839,2,2
2024-03-20 15:01:23.017,19838,19839,19839,2,2
2024-03-20 15:01:24.013,19838,19839,19839,3,3
2024-03-20 15:01:25.024,19838,19840,19838,1,-1
2024-03-20 15:01:26.013,19838,19840,19840,2,2
2024-03-20 15:01:26.116,19838,19840,19840,1,1
2024-03-20 15:01:27.024,19839,19840,19840,1,1
2024-03-20 15:01:28.013,19839,19840,19840,3,3
2024-03-20 15:01:28.015,19839,19840,19840,5,5
2024-03-20 15:01:28.015,19839,19840,19840,10,10
2024-03-20 15:01:28.015,19839,19840,19840,3,3
2024-03-20 15:01:30.013,19840,19841,19841,1,1
2024-03-20 15:01:30.013,19840,19841,19841,1,1
2024-03-20 15:01:30.386,19840,19841,19840,1,-1
2024-03-20 15:01:31.899,19839,19841,19841,1,1
2024-03-20 15:01:32.014,19839,19841,19841,1,1
2024-03-20 15:01:32.014,19839,19841,19841,1,1
2024-03-20 15:01:32.015,19839,19841,19841,1,1
2024-03-20 15:01:32.104,19839,19841,19839,2,-2
2024-03-20 15:01:32.121,19839,19841,19841,1,1
2024-03-20 15:01:33.655,19840,19841,19841,2,2
2024-03-20 15:01:33.853,19840,19841,19841,1,1
2024-03-20 15:01:33.853,19840,19841,19842,28,28
2024-03-20 15:01:33.853,19840,19841,19843,31,31
2024-03-20 15:01:33.853,19840,19841,19844,15,15
2024-03-20 15:01:33.853,19840,19841,19845,25,25
2024-03-20 15:01:33.855,19840,19841,19844,1,1
2024-03-20 15:01:33.855,19840,19841,19844,1,1
2024-03-20 15:01:33.921,19842,19845,19844,1,1
2024-03-20 15:01:33.921,19842,19845,19845,2,2
2024-03-20 15:01:34.011,19842,19845,19844,1,1
2024-03-20 15:01:34.014,19842,19845,19844,1,1
2024-03-20 15:01:34.068,19843,19845,19845,1,1
2024-03-20 15:01:35.093,19842,19844,19842,1,-1
2024-03-20 15:01:35.212,19841,19843,19843,1,1
2024-03-20 15:01:35.284,19841,19843,19843,1,1
2024-03-20 15:01:35.505,19841,19843,19841,1,-1
2024-03-20 15:01:36.097,19841,19843,19843,5,5
2024-03-20 15:01:36.418,19841,19843,19841,1,-1
2024-03-20 15:01:38.012,19841,19843,19843,1,1
2024-03-20 15:01:38.397,19842,19843,19843,1,1
2024-03-20 15:01:39.105,19842,19843,19842,1,-1
2024-03-20 15:01:39.761,19842,19843,19843,1,1
2024-03-20 15:01:39.761,19842,19843,19844,12,12
2024-03-20 15:01:39.761,19842,19843,19845,24,24
2024-03-20 15:01:39.762,19842,19843,19845,1,1
2024-03-20 15:01:39.762,19842,19843,19846,15,15
2024-03-20 15:01:39.794,19846,19847,19847,2,2
2024-03-20 15:01:39.833,19846,19847,19847,3,3
2024-03-20 15:01:39.864,19846,19847,19847,1,1
2024-03-20 15:01:39.915,19845,19847,19845,1,-1
2024-03-20 15:01:39.975,19845,19847,19847,1,1
2024-03-20 15:01:40.039,19845,19847,19847,1,1
2024-03-20 15:01:40.046,19845,19847,19847,2,2
2024-03-20 15:01:40.047,19845,19847,19847,1,1
2024-03-20 15:01:40.058,19845,19847,19847,1,1
2024-03-20 15:01:40.058,19845,19847,19847,2,2
2024-03-20 15:01:40.338,19846,19847,19846,1,-1
2024-03-20 15:01:40.344,19846,19847,19845,1,-1
2024-03-20 15:01:40.554,19845,19847,19845,1,-1
2024-03-20 15:01:41.907,19845,19846,19846,1,1
2024-03-20 15:01:41.926,19845,19846,19846,1,1
2024-03-20 15:01:42.600,19845,19847,19847,1,1
2024-03-20 15:01:43.264,19845,19847,19846,1,1
2024-03-20 15:01:43.264,19845,19847,19847,4,4
2024-03-20 15:01:43.368,19846,19847,19847,1,1
2024-03-20 15:01:43.878,19846,19847,19846,1,-1
2024-03-20 15:01:44.520,19846,19847,19847,1,1
2024-03-20 15:01:45.013,19846,19847,19847,1,1
2024-03-20 15:01:45.382,19846,19847,19847,1,1
2024-03-20 15:01:45.741,19846,19847,19846,1,-1
2024-03-20 15:01:46.366,19846,19847,19847,1,1
2024-03-20 15:01:46.702,19846,19847,19847,1,1
2024-03-20 15:01:47.101,19846,19847,19847,1,1
2024-03-20 15:01:47.111,19846,19847,19847,2,2
2024-03-20 15:01:47.134,19846,19847,19847,1,1
2024-03-20 15:01:47.434,19846,19847,19847,1,1
2024-03-20 15:01:48.014,19846,19847,19847,3,3
2024-03-20 15:01:48.622,19846,19847,19847,5,5
2024-03-20 15:01:48.623,19846,19847,19847,1,1
2024-03-20 15:01:48.733,19846,19848,19848,2,2
2024-03-20 15:01:48.836,19846,19848,19846,1,-1
2024-03-20 15:01:49.014,19846,19848,19848,1,1
2024-03-20 15:01:49.020,19846,19848,19848,1,1
2024-03-20 15:01:49.562,19847,19848,19847,1,-1
2024-03-20 15:01:49.889,19847,19848,19846,3,-3
2024-03-20 15:01:49.889,19847,19848,19847,2,-2
2024-03-20 15:01:50.071,19847,19848,19847,1,-1
2024-03-20 15:01:50.339,19847,19848,19847,1,-1
2024-03-20 15:01:50.396,19847,19848,19846,1,-1
2024-03-20 15:01:50.586,19846,19848,19848,1,1
2024-03-20 15:01:51.014,19846,19848,19848,1,1
2024-03-20 15:01:52.493,19846,19847,19847,3,3
2024-03-20 15:01:53.006,19847,19848,19848,3,3
2024-03-20 15:01:53.006,19847,19848,19848,5,5
2024-03-20 15:01:53.006,19847,19848,19848,7,7
2024-03-20 15:01:53.237,19847,19848,19847,1,-1
2024-03-20 15:01:54.014,19847,19848,19848,1,1
2024-03-20 15:01:54.015,19847,19848,19848,3,3
2024-03-20 15:01:54.015,19847,19848,19848,16,16
2024-03-20 15:01:54.609,19848,19849,19848,3,-3
2024-03-20 15:01:55.193,19848,19849,19848,3,-3
2024-03-20 15:01:56.015,19847,19848,19848,1,1
2024-03-20 15:01:56.059,19847,19849,19850,31,31
2024-03-20 15:01:56.059,19847,19849,19849,17,17
2024-03-20 15:01:56.060,19847,19849,19851,19,19
2024-03-20 15:01:56.061,19847,19849,19852,2,2
2024-03-20 15:01:56.109,19847,19849,19851,1,1
2024-03-20 15:01:56.109,19847,19849,19850,1,1
2024-03-20 15:01:56.253,19850,19851,19851,1,1
2024-03-20 15:01:56.306,19850,19851,19851,1,1
2024-03-20 15:01:56.394,19850,19851,19850,1,-1
2024-03-20 15:01:56.422,19850,19851,19850,2,-2
2024-03-20 15:01:56.780,19850,19851,19850,2,-2
2024-03-20 15:01:56.971,19850,19851,19851,1,1
2024-03-20 15:01:57.105,19850,19851,19850,1,-1
2024-03-20 15:01:57.295,19850,19851,19851,2,2
2024-03-20 15:01:57.543,19850,19851,19851,1,1
2024-03-20 15:01:58.052,19850,19851,19850,1,-1
2024-03-20 15:01:58.131,19850,19851,19851,1,1
2024-03-20 15:01:59.031,19850,19851,19851,1,1
2024-03-20 15:01:59.783,19850,19851,19851,2,2
2024-03-20 15:01:59.797,19850,19851,19851,1,1
2024-03-20 15:02:00.224,19850,19851,19851,4,4
2024-03-20 15:02:00.270,19850,19851,19852,1,1
2024-03-20 15:02:00.376,19850,19852,19850,1,-1
2024-03-20 15:02:01.421,19850,19851,19850,1,-1
2024-03-20 15:02:01.610,19850,19851,19851,1,1
2024-03-20 15:02:02.036,19850,19851,19851,2,2
2024-03-20 15:02:02.245,19850,19851,19851,1,1
2024-03-20 15:02:03.645,19850,19851,19851,1,1
2024-03-20 15:02:03.781,19850,19851,19851,1,1
2024-03-20 15:02:03.781,19850,19851,19852,1,1
2024-03-20 15:02:04.199,19850,19852,19850,1,-1
2024-03-20 15:02:04.285,19850,19851,19851,1,1
2024-03-20 15:02:04.455,19850,19851,19851,1,1
2024-03-20 15:02:04.573,19851,19852,19851,2,-2
2024-03-20 15:02:04.879,19851,19852,19851,1,-1
2024-03-20 15:02:05.014,19850,19852,19852,1,1
2024-03-20 15:02:05.829,19851,19852,19851,1,-1
2024-03-20 15:02:06.475,19850,19851,19851,1,1
2024-03-20 15:02:07.763,19850,19851,19850,1,-1
2024-03-20 15:02:07.949,19850,19851,19851,1,1
2024-03-20 15:02:08.093,19850,19851,19851,1,1
2024-03-20 15:02:08.211,19850,19851,19851,1,1
2024-03-20 15:02:08.358,19850,19851,19851,1,1
2024-03-20 15:02:08.777,19850,19851,19851,1,1
2024-03-20 15:02:09.150,19850,19852,19852,1,1
2024-03-20 15:02:09.508,19850,19852,19852,1,1
2024-03-20 15:02:10.395,19850,19852,19850,1,-1
2024-03-20 15:02:10.454,19850,19852,19852,3,3
2024-03-20 15:02:10.693,19850,19852,19851,2,2
2024-03-20 15:02:11.132,19850,19852,19852,1,1
2024-03-20 15:02:11.213,19851,19852,19851,1,-1
2024-03-20 15:02:11.214,19851,19852,19851,4,-4
2024-03-20 15:02:13.063,19851,19852,19851,2,-2
2024-03-20 15:02:13.244,19850,19852,19850,1,-1
2024-03-20 15:02:14.040,19850,19852,19852,1,1
2024-03-20 15:02:14.065,19850,19852,19852,1,1
2024-03-20 15:02:14.291,19850,19852,19851,1,1
2024-03-20 15:02:15.549,19850,19852,19850,1,-1
2024-03-20 15:02:16.055,19850,19852,19852,2,2
2024-03-20 15:02:16.520,19850,19852,19850,13,-13
2024-03-20 15:02:16.521,19850,19852,19850,3,-3
2024-03-20 15:02:16.521,19850,19852,19850,2,-2
2024-03-20 15:02:16.521,19850,19852,19850,1,-1
2024-03-20 15:02:16.521,19850,19852,19850,1,-1
2024-03-20 15:02:16.521,19850,19852,19850,3,-3
2024-03-20 15:02:16.521,19850,19852,19850,1,-1
2024-03-20 15:02:16.522,19850,19852,19850,1,-1
2024-03-20 15:02:16.522,19850,19852,19850,1,-1
2024-03-20 15:02:16.522,19850,19852,19850,1,-1
2024-03-20 15:02:16.522,19850,19852,19850,5,-5
2024-03-20 15:02:16.522,19850,19852,19850,1,-1
2024-03-20 15:02:16.523,19850,19852,19850,15,-15
2024-03-20 15:02:16.550,19849,19850,19850,1,1
2024-03-20 15:02:16.648,19849,19850,19849,1,-1
2024-03-20 15:02:16.786,19848,19849,19848,1,-1
2024-03-20 15:02:18.075,19847,19849,19847,1,-1
2024-03-20 15:02:18.262,19847,19849,19847,2,-2
2024-03-20 15:02:20.083,19847,19849,19849,1,1
2024-03-20 15:02:20.426,19847,19849,19847,1,-1
2024-03-20 15:02:20.670,19847,19848,19848,1,1
2024-03-20 15:02:21.382,19847,19849,19849,1,1
2024-03-20 15:02:21.710,19847,19849,19849,4,4
2024-03-20 15:02:21.874,19847,19849,19847,5,-5
2024-03-20 15:02:22.081,19847,19849,19849,1,1
2024-03-20 15:02:23.945,19848,19849,19848,2,-2
2024-03-20 15:02:24.016,19848,19849,19849,1,1
2024-03-20 15:02:25.284,19848,19849,19848,1,-1
2024-03-20 15:02:25.827,19848,19849,19848,1,-1
2024-03-20 15:02:26.154,19847,19849,19849,1,1
2024-03-20 15:02:27.851,19847,19849,19847,1,-1
2024-03-20 15:02:27.947,19847,19849,19848,1,-1
2024-03-20 15:02:28.389,19847,19848,19848,1,1
2024-03-20 15:02:30.420,19847,19848,19847,1,-1
2024-03-20 15:02:31.786,19847,19848,19847,3,-3
2024-03-20 15:02:31.791,19847,19848,19847,29,-29
2024-03-20 15:02:31.793,19847,19848,19846,1,-1
2024-03-20 15:02:34.870,19846,19847,19846,1,-1
2024-03-20 15:02:35.281,19846,19847,19846,2,-2
2024-03-20 15:02:35.282,19846,19847,19846,1,-1
2024-03-20 15:02:35.780,19846,19847,19847,2,2
2024-03-20 15:02:36.017,19846,19847,19847,1,1
2024-03-20 15:02:36.186,19846,19847,19846,1,-1
2024-03-20 15:02:36.302,19845,19847,19847,3,3
2024-03-20 15:02:37.875,19845,19847,19845,1,-1
2024-03-20 15:02:38.096,19845,19846,19845,1,-1
2024-03-20 15:02:39.043,19845,19846,19845,5,-5
2024-03-20 15:02:40.218,19845,19846,19846,5,5
2024-03-20 15:02:40.428,19845,19846,19845,1,-1
2024-03-20 15:02:41.014,19845,19846,19846,1,1
2024-03-20 15:02:42.083,19845,19846,19845,1,-1
2024-03-20 15:02:42.985,19845,19846,19846,2,2
2024-03-20 15:02:43.009,19845,19846,19847,1,1
2024-03-20 15:02:44.444,19846,19847,19846,1,-1
2024-03-20 15:02:45.668,19846,19847,19846,2,-2
2024-03-20 15:02:47.884,19846,19847,19846,1,-1
2024-03-20 15:02:47.914,19846,19847,19846,2,-2
2024-03-20 15:02:47.914,19846,19847,19845,3,-3
2024-03-20 15:02:49.833,19846,19847,19846,2,-2
2024-03-20 15:02:49.867,19846,19847,19847,1,1
2024-03-20 15:02:50.443,19846,19847,19846,1,-1
2024-03-20 15:02:51.687,19846,19847,19847,1,1
2024-03-20 15:02:51.898,19846,19847,19846,2,-2
2024-03-20 15:02:52.907,19845,19846,19846,1,1
2024-03-20 15:02:53.745,19845,19847,19847,1,1
2024-03-20 15:02:57.941,19846,19847,19846,1,-1
2024-03-20 15:02:58.328,19846,19847,19847,5,5
2024-03-20 15:03:00.229,19846,19847,19847,2,2
2024-03-20 15:03:00.350,19847,19848,19848,1,1
2024-03-20 15:03:00.448,19847,19848,19847,1,-1
2024-03-20 15:03:00.456,19847,19848,19848,1,1
2024-03-20 15:03:01.264,19846,19847,19846,1,-1
2024-03-20 15:03:02.114,19846,19847,19846,1,-1
2024-03-20 15:03:02.436,19846,19847,19846,1,-1
2024-03-20 15:03:03.001,19846,19847,19846,1,-1
2024-03-20 15:03:07.909,19846,19847,19846,1,-1
2024-03-20 15:03:09.462,19846,19847,19846,1,-1
2024-03-20 15:03:10.293,19846,19847,19846,1,-1
2024-03-20 15:03:10.477,19846,19847,19846,1,-1
2024-03-20 15:03:12.708,19846,19847,19846,2,-2
2024-03-20 15:03:13.028,19846,19847,19846,1,-1
2024-03-20 15:03:14.273,19846,19847,19847,1,1
2024-03-20 15:03:15.660,19846,19847,19846,1,-1
2024-03-20 15:03:17.925,19846,19847,19846,1,-1
2024-03-20 15:03:19.114,19846,19847,19846,1,-1
2024-03-20 15:03:19.202,19846,19847,19847,1,1
2024-03-20 15:03:20.474,19846,19847,19847,1,1
2024-03-20 15:03:20.485,19846,19847,19846,1,-1
2024-03-20 15:03:20.621,19846,19847,19846,1,-1
2024-03-20 15:03:21.284,19846,19847,19846,1,-1
2024-03-20 15:03:21.284,19846,19847,19845,4,-4
2024-03-20 15:03:22.166,19845,19846,19846,1,1
2024-03-20 15:03:25.260,19846,19847,19847,5,5
2024-03-20 15:03:25.844,19846,19847,19846,1,-1
2024-03-20 15:03:27.477,19845,19846,19846,5,5
2024-03-20 15:03:27.933,19845,19847,19845,1,-1
2024-03-20 15:03:30.031,19846,19847,19846,1,-1
2024-03-20 15:03:30.040,19846,19847,19845,4,-4
2024-03-20 15:03:30.486,19845,19846,19845,1,-1
2024-03-20 15:03:31.689,19845,19846,19846,1,1
2024-03-20 15:03:31.949,19845,19846,19846,1,1
2024-03-20 15:03:32.441,19845,19846,19845,2,-2
2024-03-20 15:03:32.571,19845,19846,19846,1,1
2024-03-20 15:03:33.236,19845,19846,19846,5,5
2024-03-20 15:03:33.885,19846,19847,19846,4,-4
2024-03-20 15:03:34.867,19845,19846,19846,1,1
2024-03-20 15:03:35.465,19845,19846,19846,1,1
2024-03-20 15:03:36.027,19845,19846,19845,2,-2
2024-03-20 15:03:36.377,19845,19846,19845,1,-1
2024-03-20 15:03:36.378,19845,19846,19845,3,-3
2024-03-20 15:03:36.378,19845,19846,19845,12,-12
2024-03-20 15:03:36.378,19845,19846,19845,8,-8
2024-03-20 15:03:36.379,19845,19846,19845,1,-1
2024-03-20 15:03:36.379,19845,19846,19845,1,-1
2024-03-20 15:03:36.379,19845,19846,19845,3,-3
2024-03-20 15:03:36.956,19845,19846,19846,1,1
2024-03-20 15:03:37.039,19845,19846,19846,1,1
2024-03-20 15:03:37.172,19845,19846,19846,1,1
2024-03-20 15:03:37.319,19845,19846,19846,1,1
2024-03-20 15:03:37.463,19845,19846,19846,1,1
2024-03-20 15:03:37.642,19845,19846,19845,16,-16
2024-03-20 15:03:37.642,19845,19846,19844,2,-2
2024-03-20 15:03:37.642,19845,19846,19843,7,-7
2024-03-20 15:03:37.963,19843,19845,19843,1,-1
2024-03-20 15:03:38.786,19843,19845,19843,4,-4
2024-03-20 15:03:40.017,19842,19844,19844,1,1
2024-03-20 15:03:40.524,19842,19844,19842,1,-1
2024-03-20 15:03:41.743,19842,19844,19844,1,1
2024-03-20 15:03:41.797,19843,19845,19843,1,-1
2024-03-20 15:03:42.919,19843,19845,19845,1,1
2024-03-20 15:03:44.345,19843,19845,19843,1,-1
2024-03-20 15:03:48.023,19844,19845,19844,1,-1
2024-03-20 15:03:50.490,19843,19845,19843,1,-1
2024-03-20 15:03:51.146,19843,19845,19843,1,-1
2024-03-20 15:03:51.710,19843,19845,19843,1,-1
2024-03-20 15:03:53.943,19843,19845,19845,1,1
2024-03-20 15:03:57.996,19843,19845,19843,1,-1
2024-03-20 15:03:58.524,19843,19845,19845,1,1
2024-03-20 15:03:58.784,19843,19845,19845,1,1
2024-03-20 15:04:00.511,19843,19845,19843,1,-1
2024-03-20 15:04:01.191,19843,19845,19845,1,1
2024-03-20 15:04:01.467,19843,19845,19845,1,1
2024-03-20 15:04:01.731,19843,19845,19845,1,1
2024-03-20 15:04:07.612,19843,19845,19845,2,2
2024-03-20 15:04:07.991,19843,19845,19843,1,-1
2024-03-20 15:04:09.768,19843,19845,19843,1,-1
2024-03-20 15:04:10.521,19843,19845,19843,1,-1
2024-03-20 15:04:11.203,19843,19845,19845,5,5
2024-03-20 15:04:11.795,19844,19845,19845,2,2
2024-03-20 15:04:11.795,19844,19845,19846,2,2
2024-03-20 15:04:12.804,19844,19846,19844,9,-9
2024-03-20 15:04:12.804,19844,19846,19843,1,-1
2024-03-20 15:04:18.011,19843,19845,19843,1,-1
2024-03-20 15:04:20.590,19843,19845,19843,1,-1
2024-03-20 15:04:21.436,19843,19845,19843,12,-12
2024-03-20 15:04:21.437,19843,19845,19843,1,-1
2024-03-20 15:04:21.437,19843,19845,19843,3,-3
2024-03-20 15:04:21.630,19843,19845,19844,1,-1
2024-03-20 15:04:22.018,19843,19845,19845,1,1
2024-03-20 15:04:23.017,19843,19845,19845,1,1
2024-03-20 15:04:28.002,19843,19845,19843,1,-1
2024-03-20 15:04:28.385,19843,19845,19843,1,-1
2024-03-20 15:04:29.086,19843,19845,19845,1,1
2024-03-20 15:04:30.017,19843,19845,19845,1,1
2024-03-20 15:04:30.019,19843,19845,19845,1,1
2024-03-20 15:04:30.019,19843,19845,19845,2,2
2024-03-20 15:04:30.543,19843,19845,19843,1,-1
2024-03-20 15:04:33.018,19843,19845,19845,1,1
2024-03-20 15:04:33.018,19843,19845,19845,1,1
2024-03-20 15:04:33.019,19843,19845,19845,1,1
2024-03-20 15:04:34.018,19843,19845,19845,1,1
2024-03-20 15:04:37.354,19843,19845,19845,1,1
2024-03-20 15:04:38.100,19843,19845,19843,1,-1
2024-03-20 15:04:38.323,19843,19845,19843,1,-1
2024-03-20 15:04:40.228,19844,19845,19845,2,2
2024-03-20 15:04:40.548,19844,19846,19844,1,-1
2024-03-20 15:04:40.733,19844,19846,19844,1,-1
2024-03-20 15:04:41.018,19844,19846,19846,1,1
2024-03-20 15:04:41.018,19844,19846,19846,1,1
2024-03-20 15:04:42.255,19844,19846,19846,2,2
2024-03-20 15:04:43.485,19844,19846,19846,20,20
2024-03-20 15:04:43.492,19844,19846,19847,3,3
2024-03-20 15:04:43.493,19844,19846,19847,3,3
2024-03-20 15:04:43.493,19844,19846,19847,2,2
2024-03-20 15:04:43.493,19844,19846,19847,1,1
2024-03-20 15:04:43.493,19844,19846,19847,5,5
2024-03-20 15:04:43.493,19844,19846,19847,2,2
2024-03-20 15:04:43.619,19847,19848,19848,1,1
2024-03-20 15:04:44.439,19846,19848,19848,1,1
2024-03-20 15:04:45.018,19846,19848,19848,1,1
2024-03-20 15:04:48.089,19847,19848,19848,1,1
2024-03-20 15:04:48.094,19847,19848,19847,1,-1
2024-03-20 15:04:48.672,19847,19848,19848,1,1
2024-03-20 15:04:49.522,19847,19848,19848,1,1
2024-03-20 15:04:50.386,19847,19848,19848,1,1
2024-03-20 15:04:50.573,19847,19848,19847,1,-1
2024-03-20 15:04:53.019,19845,19847,19847,1,1
2024-03-20 15:04:53.342,19845,19848,19845,1,-1
2024-03-20 15:04:54.017,19845,19848,19848,1,1
2024-03-20 15:04:55.246,19845,19847,19847,2,2
2024-03-20 15:04:57.094,19845,19847,19847,1,1
2024-03-20 15:04:58.092,19845,19847,19845,1,-1
2024-03-20 15:04:59.364,19845,19847,19847,2,2
2024-03-20 15:05:00.019,19845,19847,19847,1,1
2024-03-20 15:05:00.092,19845,19847,19845,2,-2
2024-03-20 15:05:00.349,19845,19847,19847,2,2
2024-03-20 15:05:00.580,19845,19847,19845,1,-1
2024-03-20 15:05:00.870,19845,19847,19845,1,-1
2024-03-20 15:05:01.615,19845,19847,19847,2,2
2024-03-20 15:05:01.797,19845,19846,19846,1,1
2024-03-20 15:05:08.062,19845,19847,19845,1,-1
2024-03-20 15:05:10.591,19845,19847,19845,1,-1
2024-03-20 15:05:13.478,19845,19847,19847,1,1
2024-03-20 15:05:14.143,19845,19846,19846,1,1
2024-03-20 15:05:14.998,19845,19847,19845,1,-1
2024-03-20 15:05:15.040,19845,19847,19846,1,-1
2024-03-20 15:05:18.135,19846,19847,19846,1,-1
2024-03-20 15:05:18.139,19846,19847,19845,1,-1
2024-03-20 15:05:20.221,19845,19846,19846,2,2
2024-03-20 15:05:20.613,19845,19847,19845,1,-1
2024-03-20 15:05:26.257,19845,19847,19845,1,-1
2024-03-20 15:05:27.581,19845,19847,19847,2,2
2024-03-20 15:05:28.094,19845,19847,19845,1,-1
2024-03-20 15:05:30.645,19845,19847,19845,1,-1
2024-03-20 15:05:33.207,19846,19847,19847,1,1
2024-03-20 15:05:33.449,19846,19848,19846,1,-1
2024-03-20 15:05:35.018,19846,19848,19848,1,1
2024-03-20 15:05:35.354,19846,19848,19846,1,-1
2024-03-20 15:05:37.846,19846,19848,19848,6,6
2024-03-20 15:05:38.106,19847,19849,19847,1,-1
2024-03-20 15:05:40.235,19847,19848,19848,1,1
2024-03-20 15:05:40.633,19847,19849,19847,1,-1
2024-03-20 15:05:41.184,19847,19849,19850,32,32
2024-03-20 15:05:41.184,19847,19849,19849,16,16
2024-03-20 15:05:41.186,19847,19849,19850,1,1
2024-03-20 15:05:41.186,19847,19849,19851,7,7
2024-03-20 15:05:41.188,19847,19849,19851,1,1
2024-03-20 15:05:46.506,19851,19852,19851,2,-2
2024-03-20 15:05:48.021,19850,19852,19852,1,1
2024-03-20 15:05:48.075,19850,19852,19852,4,4
2024-03-20 15:05:48.124,19850,19852,19852,4,4
2024-03-20 15:05:48.124,19850,19852,19851,1,1
2024-03-20 15:05:48.421,19851,19852,19851,1,-1
2024-03-20 15:05:48.724,19851,19852,19851,1,-1
2024-03-20 15:05:48.947,19851,19852,19852,1,1
2024-03-20 15:05:49.377,19851,19852,19851,1,-1
2024-03-20 15:05:49.488,19851,19852,19852,7,7
2024-03-20 15:05:49.629,19851,19853,19851,1,-1
2024-03-20 15:05:50.733,19851,19853,19851,1,-1
2024-03-20 15:05:51.069,19850,19852,19852,1,1
2024-03-20 15:05:52.304,19851,19852,19851,3,-3
2024-03-20 15:05:53.662,19850,19852,19851,1,-1
2024-03-20 15:05:56.018,19851,19852,19852,1,1
2024-03-20 15:05:58.135,19850,19852,19850,1,-1
2024-03-20 15:05:58.256,19850,19852,19852,1,1
2024-03-20 15:05:58.394,19850,19852,19851,1,1
2024-03-20 15:06:00.220,19851,19852,19852,6,6
2024-03-20 15:06:00.406,19851,19852,19852,1,1
2024-03-20 15:06:00.633,19851,19852,19852,1,1
2024-03-20 15:06:00.741,19851,19853,19851,1,-1
2024-03-20 15:06:00.796,19851,19853,19853,1,1
2024-03-20 15:06:00.918,19851,19853,19853,1,1
2024-03-20 15:06:00.958,19851,19853,19853,1,1
2024-03-20 15:06:01.113,19851,19853,19853,1,1
2024-03-20 15:06:01.258,19851,19853,19853,1,1
2024-03-20 15:06:01.433,19851,19853,19853,1,1
2024-03-20 15:06:01.567,19851,19853,19853,1,1
2024-03-20 15:06:01.727,19851,19853,19853,1,1
2024-03-20 15:06:01.865,19851,19853,19853,1,1
2024-03-20 15:06:02.019,19851,19853,19853,1,1
2024-03-20 15:06:02.153,19851,19853,19853,1,1
2024-03-20 15:06:02.298,19851,19853,19853,1,1
2024-03-20 15:06:02.431,19851,19853,19853,1,1
2024-03-20 15:06:02.570,19851,19853,19853,1,1
2024-03-20 15:06:02.723,19851,19853,19853,1,1
2024-03-20 15:06:03.735,19851,19853,19853,2,2
2024-03-20 15:06:08.144,19851,19852,19851,1,-1
2024-03-20 15:06:08.216,19851,19852,19852,2,2
2024-03-20 15:06:08.370,19851,19852,19852,2,2
2024-03-20 15:06:10.702,19851,19852,19851,1,-1
2024-03-20 15:06:11.473,19851,19852,19852,2,2
2024-03-20 15:06:11.823,19851,19852,19852,1,1
2024-03-20 15:06:14.148,19851,19852,19851,1,-1
2024-03-20 15:06:17.805,19851,19852,19852,2,2
2024-03-20 15:06:18.163,19851,19852,19851,1,-1
2024-03-20 15:06:18.453,19851,19852,19852,2,2
2024-03-20 15:06:19.138,19851,19852,19852,1,1
2024-03-20 15:06:20.219,19851,19852,19852,1,1
2024-03-20 15:06:20.649,19851,19852,19851,1,-1
2024-03-20 15:06:20.651,19851,19852,19851,4,-4
2024-03-20 15:06:21.184,19850,19852,19851,1,-1
2024-03-20 15:06:22.059,19851,19852,19852,2,2
2024-03-20 15:06:23.552,19851,19852,19851,2,-2
2024-03-20 15:06:27.358,19851,19852,19851,1,-1
2024-03-20 15:06:28.181,19851,19852,19851,1,-1
2024-03-20 15:06:29.509,19850,19852,19851,1,-1
2024-03-20 15:06:29.617,19850,19852,19850,1,-1
2024-03-20 15:06:30.712,19850,19852,19850,1,-1
2024-03-20 15:06:31.993,19850,19852,19850,1,-1
2024-03-20 15:06:34.159,19850,19851,19851,1,1
2024-03-20 15:06:34.174,19850,19851,19850,2,-2
2024-03-20 15:06:34.222,19850,19851,19850,23,-23
2024-03-20 15:06:34.223,19850,19851,19850,3,-3
2024-03-20 15:06:34.223,19850,19851,19850,1,-1
2024-03-20 15:06:34.223,19850,19851,19850,1,-1
2024-03-20 15:06:34.223,19850,19851,19850,1,-1
2024-03-20 15:06:34.223,19850,19851,19850,2,-2
2024-03-20 15:06:34.223,19850,19851,19850,1,-1
2024-03-20 15:06:34.223,19850,19851,19850,1,-1
2024-03-20 15:06:34.223,19850,19851,19850,1,-1
2024-03-20 15:06:34.223,19850,19851,19850,1,-1
2024-03-20 15:06:34.223,19850,19851,19850,1,-1
2024-03-20 15:06:34.223,19850,19851,19850,1,-1
2024-03-20 15:06:36.474,19850,19851,19850,5,-5
2024-03-20 15:06:38.256,19850,19851,19850,1,-1
2024-03-20 15:06:40.681,19850,19851,19850,1,-1
2024-03-20 15:06:40.706,19850,19851,19850,1,-1
2024-03-20 15:06:41.044,19850,19851,19850,1,-1
2024-03-20 15:06:45.485,19850,19851,19850,1,-1
2024-03-20 15:06:45.658,19850,19851,19850,1,-1
2024-03-20 15:06:47.748,19850,19851,19850,13,-13
2024-03-20 15:06:47.944,19849,19850,19850,1,1
2024-03-20 15:06:48.202,19849,19850,19849,1,-1
2024-03-20 15:06:50.543,19849,19850,19849,1,-1
2024-03-20 15:06:50.543,19849,19850,19848,1,-1
2024-03-20 15:06:50.769,19848,19850,19848,1,-1
2024-03-20 15:06:51.654,19848,19850,19850,1,1
2024-03-20 15:06:53.734,19849,19850,19849,1,-1
2024-03-20 15:06:57.920,19848,19849,19849,1,1
2024-03-20 15:06:58.134,19848,19849,19849,2,2
2024-03-20 15:06:58.209,19849,19850,19849,1,-1
2024-03-20 15:07:00.729,19849,19850,19849,1,-1
2024-03-20 15:07:00.763,19849,19850,19850,1,1
2024-03-20 15:07:02.008,19849,19850,19850,2,2
2024-03-20 15:07:03.864,19849,19850,19849,2,-2
2024-03-20 15:07:04.401,19849,19850,19849,2,-2
2024-03-20 15:07:08.236,19849,19850,19849,1,-1
2024-03-20 15:07:10.791,19849,19850,19849,1,-1
2024-03-20 15:07:15.785,19849,19850,19849,1,-1
2024-03-20 15:07:16.605,19849,19850,19849,1,-1
2024-03-20 15:07:18.238,19849,19850,19849,1,-1
2024-03-20 15:07:19.680,19849,19850,19849,1,-1
2024-03-20 15:07:20.639,19849,19850,19850,1,1
2024-03-20 15:07:20.698,19849,19850,19849,1,-1
2024-03-20 15:07:20.765,19849,19850,19849,1,-1
2024-03-20 15:07:25.011,19849,19850,19849,1,-1
2024-03-20 15:07:25.085,19849,19850,19849,1,-1
2024-03-20 15:07:28.262,19849,19850,19849,1,-1
2024-03-20 15:07:28.799,19849,19850,19849,1,-1
2024-03-20 15:07:29.214,19849,19850,19849,1,-1
2024-03-20 15:07:30.172,19849,19850,19849,1,-1
2024-03-20 15:07:30.595,19849,19850,19849,1,-1
2024-03-20 15:07:30.967,19849,19850,19849,1,-1
2024-03-20 15:07:31.788,19849,19850,19849,1,-1
2024-03-20 15:07:31.834,19849,19850,19849,1,-1
2024-03-20 15:07:32.884,19849,19850,19849,1,-1
2024-03-20 15:07:33.486,19849,19850,19849,1,-1
2024-03-20 15:07:34.853,19848,19850,19848,1,-1
2024-03-20 15:07:36.162,19849,19850,19849,1,-1
2024-03-20 15:07:36.183,19849,19850,19849,1,-1
2024-03-20 15:07:37.078,19849,19850,19849,1,-1
2024-03-20 15:07:37.575,19849,19850,19849,2,-2
2024-03-20 15:07:38.283,19848,19849,19848,1,-1
2024-03-20 15:07:40.335,19848,19849,19849,1,1
2024-03-20 15:07:40.850,19848,19849,19848,1,-1
2024-03-20 15:07:44.190,19848,19849,19849,1,1
2024-03-20 15:07:45.634,19848,19849,19849,1,1
2024-03-20 15:07:48.265,19848,19849,19848,1,-1
2024-03-20 15:07:49.460,19848,19849,19848,1,-1
2024-03-20 15:07:50.793,19848,19849,19848,1,-1
2024-03-20 15:07:50.852,19848,19849,19849,1,1
2024-03-20 15:07:55.911,19848,19849,19849,1,1
2024-03-20 15:07:55.911,19848,19849,19849,5,5
2024-03-20 15:07:56.157,19848,19850,19848,1,-1
2024-03-20 15:07:58.337,19848,19849,19848,1,-1
2024-03-20 15:07:59.485,19848,19849,19849,3,3
2024-03-20 15:08:00.818,19848,19849,19848,1,-1
2024-03-20 15:08:03.580,19848,19849,19849,5,5
2024-03-20 15:08:03.855,19848,19849,19849,1,1
2024-03-20 15:08:05.090,19848,19849,19848,1,-1
2024-03-20 15:08:07.099,19848,19849,19848,1,-1
2024-03-20 15:08:08.282,19848,19849,19848,1,-1
2024-03-20 15:08:10.238,19848,19849,19849,1,1
2024-03-20 15:08:10.878,19848,19849,19848,1,-1
2024-03-20 15:08:12.017,19848,19849,19849,1,1
2024-03-20 15:08:12.118,19848,19849,19849,1,1
2024-03-20 15:08:12.119,19848,19849,19849,1,1
2024-03-20 15:08:12.119,19848,19849,19849,4,4
2024-03-20 15:08:13.094,19849,19850,19849,2,-2
2024-03-20 15:08:13.507,19849,19850,19850,26,26
2024-03-20 15:08:13.508,19849,19850,19850,1,1
2024-03-20 15:08:13.551,19850,19851,19851,1,1
2024-03-20 15:08:13.551,19850,19851,19851,1,1
2024-03-20 15:08:13.551,19850,19851,19851,3,3
2024-03-20 15:08:13.552,19850,19851,19851,1,1
2024-03-20 15:08:13.943,19851,19852,19852,8,8
2024-03-20 15:08:14.017,19851,19852,19852,2,2
2024-03-20 15:08:14.503,19851,19852,19852,1,1
2024-03-20 15:08:14.504,19851,19852,19852,1,1
2024-03-20 15:08:14.504,19851,19852,19852,4,4
2024-03-20 15:08:16.147,19851,19853,19852,1,1
2024-03-20 15:08:17.880,19851,19852,19851,1,-1
2024-03-20 15:08:17.949,19850,19852,19852,1,1
2024-03-20 15:08:18.375,19851,19852,19851,1,-1
2024-03-20 15:08:20.222,19851,19852,19852,1,1
2024-03-20 15:08:20.831,19851,19853,19851,1,-1
2024-03-20 15:08:21.137,19851,19853,19853,1,1
2024-03-20 15:08:23.732,19851,19853,19853,1,1
2024-03-20 15:08:24.878,19852,19853,19852,1,-1
2024-03-20 15:08:25.412,19851,19853,19851,1,-1
2024-03-20 15:08:25.785,19851,19853,19853,2,2
2024-03-20 15:08:26.324,19851,19852,19852,2,2
2024-03-20 15:08:26.324,19851,19852,19853,2,2
2024-03-20 15:08:28.333,19851,19852,19851,1,-1
2024-03-20 15:08:29.884,19850,19852,19851,2,-2
2024-03-20 15:08:30.861,19850,19851,19850,1,-1
2024-03-20 15:08:30.940,19850,19851,19851,1,1
2024-03-20 15:08:31.520,19850,19852,19851,1,1
2024-03-20 15:08:32.210,19850,19852,19852,1,1
2024-03-20 15:08:32.775,19850,19852,19851,2,2
2024-03-20 15:08:33.188,19850,19852,19852,3,3
2024-03-20 15:08:34.541,19850,19852,19852,1,1
2024-03-20 15:08:35.002,19850,19852,19851,2,2
2024-03-20 15:08:36.049,19850,19851,19851,1,1
2024-03-20 15:08:38.104,19851,19852,19852,5,5
2024-03-20 15:08:38.333,19851,19853,19851,1,-1
2024-03-20 15:08:40.227,19851,19852,19852,2,2
2024-03-20 15:08:40.923,19851,19852,19851,1,-1
2024-03-20 15:08:45.450,19851,19853,19853,2,2
2024-03-20 15:08:46.558,19851,19853,19853,5,5
2024-03-20 15:08:48.337,19852,19853,19852,1,-1
2024-03-20 15:08:50.221,19852,19853,19853,1,1
2024-03-20 15:08:50.886,19852,19853,19852,1,-1
2024-03-20 15:08:54.234,19852,19853,19853,5,5
2024-03-20 15:08:55.608,19852,19853,19852,1,-1
2024-03-20 15:08:58.363,19852,19853,19852,1,-1
2024-03-20 15:09:00.189,19852,19853,19854,1,1
2024-03-20 15:09:00.189,19852,19853,19853,2,2
2024-03-20 15:09:00.298,19853,19854,19854,1,1
2024-03-20 15:09:00.533,19853,19854,19854,1,1
2024-03-20 15:09:00.544,19853,19854,19854,1,1
2024-03-20 15:09:00.546,19853,19854,19854,1,1
2024-03-20 15:09:00.890,19853,19854,19853,1,-1
2024-03-20 15:09:00.977,19852,19854,19852,1,-1
2024-03-20 15:09:03.001,19852,19853,19852,1,-1
2024-03-20 15:09:03.141,19852,19853,19853,4,4
2024-03-20 15:09:03.141,19852,19853,19854,1,1
2024-03-20 15:09:04.841,19853,19854,19853,7,-7
2024-03-20 15:09:06.057,19853,19854,19854,1,1
2024-03-20 15:09:06.057,19853,19854,19854,9,9
2024-03-20 15:09:07.474,19853,19854,19854,1,1
2024-03-20 15:09:07.475,19853,19854,19854,5,5
2024-03-20 15:09:07.475,19853,19854,19854,1,1
2024-03-20 15:09:07.794,19854,19855,19854,3,-3
2024-03-20 15:09:08.395,19854,19855,19854,1,-1
2024-03-20 15:09:10.894,19854,19855,19854,1,-1
2024-03-20 15:09:12.054,19854,19855,19854,1,-1
2024-03-20 15:09:12.085,19854,19855,19855,5,5
2024-03-20 15:09:12.173,19853,19855,19855,1,1
2024-03-20 15:09:12.175,19853,19855,19855,1,1
2024-03-20 15:09:12.176,19853,19855,19855,1,1
2024-03-20 15:09:12.412,19853,19855,19855,1,1
2024-03-20 15:09:14.552,19853,19854,19854,2,2
2024-03-20 15:09:14.552,19853,19854,19855,3,3
2024-03-20 15:09:14.992,19853,19855,19855,1,1
2024-03-20 15:09:17.144,19854,19855,19855,1,1
2024-03-20 15:09:18.344,19854,19855,19855,4,4
2024-03-20 15:09:18.378,19854,19855,19854,1,-1
2024-03-20 15:09:19.004,19854,19855,19855,4,4
2024-03-20 15:09:20.228,19854,19855,19855,3,3
2024-03-20 15:09:20.634,19854,19855,19855,3,3
2024-03-20 15:09:20.745,19854,19855,19854,1,-1
2024-03-20 15:09:20.939,19854,19855,19854,1,-1
2024-03-20 15:09:22.033,19854,19855,19855,1,1
2024-03-20 15:09:22.307,19854,19855,19854,1,-1
2024-03-20 15:09:22.379,19854,19855,19855,5,5
2024-03-20 15:09:23.317,19854,19855,19855,1,1
2024-03-20 15:09:26.043,19854,19855,19855,2,2
2024-03-20 15:09:26.569,19854,19855,19855,14,14
2024-03-20 15:09:28.401,19855,19856,19855,1,-1
2024-03-20 15:09:28.648,19855,19856,19855,1,-1
2024-03-20 15:09:28.759,19855,19856,19856,1,1
2024-03-20 15:09:29.018,19855,19856,19856,5,5
2024-03-20 15:09:30.044,19855,19856,19856,10,10
2024-03-20 15:09:30.720,19855,19856,19856,1,1
2024-03-20 15:09:31.294,19855,19856,19856,1,1
2024-03-20 15:09:31.806,19855,19856,19855,1,-1
2024-03-20 15:09:32.237,19855,19856,19856,2,2
2024-03-20 15:09:32.739,19855,19856,19856,1,1
2024-03-20 15:09:35.936,19855,19856,19856,1,1
2024-03-20 15:09:38.417,19855,19856,19855,1,-1
2024-03-20 15:09:38.685,19855,19856,19856,3,3
2024-03-20 15:09:40.222,19855,19856,19856,1,1
2024-03-20 15:09:40.857,19855,19856,19856,2,2
2024-03-20 15:09:40.979,19855,19856,19855,1,-1
2024-03-20 15:09:43.004,19855,19856,19855,4,-4
2024-03-20 15:09:43.005,19855,19856,19855,18,-18
2024-03-20 15:09:43.562,19854,19855,19855,2,2
2024-03-20 15:09:43.565,19854,19855,19855,1,1
2024-03-20 15:09:43.565,19854,19855,19855,2,2
2024-03-20 15:09:43.821,19854,19855,19855,1,1
2024-03-20 15:09:43.821,19854,19855,19856,3,3
2024-03-20 15:09:47.928,19854,19855,19854,8,-8
2024-03-20 15:09:48.427,19853,19854,19853,1,-1
2024-03-20 15:09:49.146,19853,19854,19853,1,-1
2024-03-20 15:09:49.196,19853,19854,19853,11,-11
2024-03-20 15:09:49.196,19853,19854,19853,2,-2
2024-03-20 15:09:49.196,19853,19854,19853,5,-5
2024-03-20 15:09:49.196,19853,19854,19853,1,-1
2024-03-20 15:09:49.196,19853,19854,19853,4,-4
2024-03-20 15:09:49.196,19853,19854,19853,1,-1
2024-03-20 15:09:49.196,19853,19854,19853,1,-1
2024-03-20 15:09:49.196,19853,19854,19853,3,-3
2024-03-20 15:09:49.197,19853,19854,19853,4,-4
2024-03-20 15:09:49.197,19853,19854,19853,3,-3
2024-03-20 15:09:49.197,19853,19854,19853,1,-1
2024-03-20 15:09:49.197,19853,19854,19853,2,-2
2024-03-20 15:09:49.197,19853,19854,19853,1,-1
2024-03-20 15:09:49.197,19853,19854,19853,10,-10
2024-03-20 15:09:49.198,19853,19854,19852,1,-1
2024-03-20 15:09:49.198,19853,19854,19852,1,-1
2024-03-20 15:09:49.198,19853,19854,19851,1,-1
2024-03-20 15:09:49.263,19853,19854,19853,1,-1
2024-03-20 15:09:50.975,19851,19853,19851,1,-1
2024-03-20 15:09:55.762,19851,19852,19852,1,1
2024-03-20 15:09:55.762,19851,19852,19853,4,4
2024-03-20 15:09:55.808,19852,19854,19852,1,-1
2024-03-20 15:09:57.431,19852,19854,19854,1,1
2024-03-20 15:09:58.464,19853,19855,19853,1,-1
2024-03-20 15:09:58.765,19853,19855,19853,2,-2
2024-03-20 15:09:58.839,19853,19854,19854,2,2
2024-03-20 15:10:00.968,19853,19855,19853,1,-1
2024-03-20 15:10:01.143,19853,19855,19855,2,2
2024-03-20 15:10:01.387,19853,19855,19855,2,2
2024-03-20 15:10:01.438,19853,19855,19855,1,1
2024-03-20 15:10:01.455,19853,19855,19855,1,1
2024-03-20 15:10:01.455,19853,19855,19855,1,1
2024-03-20 15:10:01.480,19853,19855,19855,1,1
2024-03-20 15:10:01.480,19853,19855,19855,1,1
2024-03-20 15:10:01.496,19853,19855,19855,1,1
2024-03-20 15:10:01.836,19853,19854,19854,1,1
2024-03-20 15:10:01.838,19853,19854,19854,1,1
2024-03-20 15:10:01.838,19853,19854,19855,1,1
2024-03-20 15:10:01.857,19853,19854,19855,1,1
2024-03-20 15:10:01.865,19853,19854,19855,1,1
2024-03-20 15:10:01.874,19853,19854,19855,1,1
2024-03-20 15:10:06.204,19853,19855,19855,1,1
2024-03-20 15:10:06.939,19853,19855,19853,1,-1
2024-03-20 15:10:08.447,19853,19855,19853,1,-1
2024-03-20 15:10:08.773,19853,19855,19855,1,1
2024-03-20 15:10:08.969,19853,19855,19855,2,2
2024-03-20 15:10:09.064,19854,19855,19855,1,1
2024-03-20 15:10:09.064,19854,19855,19855,1,1
2024-03-20 15:10:09.597,19855,19856,19855,1,-1
2024-03-20 15:10:10.942,19854,19856,19855,2,-2
2024-03-20 15:10:11.035,19853,19855,19853,1,-1
2024-03-20 15:10:11.539,19853,19855,19853,1,-1
2024-03-20 15:10:13.550,19853,19855,19855,2,2
2024-03-20 15:10:14.768,19854,19855,19855,7,7
2024-03-20 15:10:15.569,19854,19855,19855,1,1
2024-03-20 15:10:15.569,19854,19855,19855,1,1
2024-03-20 15:10:16.820,19855,19856,19855,1,-1
2024-03-20 15:10:16.820,19855,19856,19856,11,11
2024-03-20 15:10:18.415,19856,19857,19856,1,-1
2024-03-20 15:10:18.512,19856,19857,19856,1,-1
2024-03-20 15:10:19.156,19856,19857,19857,1,1
2024-03-20 15:10:19.397,19856,19857,19857,1,1
2024-03-20 15:10:20.023,19856,19857,19856,1,-1
2024-03-20 15:10:20.220,19856,19857,19857,3,3
2024-03-20 15:10:20.290,19856,19857,19856,4,-4
2024-03-20 15:10:20.293,19856,19857,19857,1,1
2024-03-20 15:10:20.669,19855,19857,19855,1,-1
2024-03-20 15:10:20.888,19855,19857,19857,1,1
2024-03-20 15:10:21.034,19855,19857,19855,1,-1
2024-03-20 15:10:22.068,19855,19857,19857,1,1
2024-03-20 15:10:23.335,19856,19857,19856,1,-1
2024-03-20 15:10:26.189,19856,19857,19856,1,-1
2024-03-20 15:10:27.690,19856,19857,19856,1,-1
2024-03-20 15:10:28.112,19856,19857,19856,1,-1
2024-03-20 15:10:28.556,19856,19857,19856,1,-1
2024-03-20 15:10:28.684,19856,19857,19857,1,1
2024-03-20 15:10:31.702,19856,19857,19857,1,1
2024-03-20 15:10:33.917,19856,19857,19856,1,-1
2024-03-20 15:10:34.109,19856,19857,19856,1,-1
2024-03-20 15:10:36.127,19856,19857,19857,2,2
2024-03-20 15:10:37.639,19856,19857,19856,10,-10
2024-03-20 15:10:37.733,19855,19856,19855,1,-1
2024-03-20 15:10:38.486,19855,19856,19855,1,-1
2024-03-20 15:10:42.491,19855,19856,19855,2,-2
2024-03-20 15:10:42.560,19855,19856,19856,1,1
2024-03-20 15:10:42.635,19855,19856,19855,1,-1
2024-03-20 15:10:42.728,19855,19856,19856,1,1
2024-03-20 15:10:44.083,19855,19856,19855,1,-1
2024-03-20 15:10:44.644,19855,19856,19856,2,2
2024-03-20 15:10:46.620,19855,19856,19855,1,-1
2024-03-20 15:10:46.937,19855,19856,19856,1,1
2024-03-20 15:10:47.388,19855,19856,19856,2,2
2024-03-20 15:10:48.508,19855,19856,19855,1,-1
2024-03-20 15:10:49.244,19855,19856,19855,1,-1
2024-03-20 15:10:49.830,19855,19856,19856,2,2
2024-03-20 15:10:51.036,19855,19856,19855,1,-1
2024-03-20 15:10:52.230,19855,19856,19855,1,-1
2024-03-20 15:10:52.779,19855,19856,19856,2,2
2024-03-20 15:10:54.022,19855,19857,19857,1,1
2024-03-20 15:10:54.462,19855,19857,19855,1,-1
2024-03-20 15:10:55.216,19855,19857,19857,1,1
2024-03-20 15:10:58.508,19856,19857,19856,1,-1
2024-03-20 15:10:58.894,19855,19857,19857,5,5
2024-03-20 15:11:01.037,19855,19857,19855,1,-1
2024-03-20 15:11:01.157,19855,19857,19857,1,1
2024-03-20 15:11:01.157,19855,19857,19857,1,1
2024-03-20 15:11:01.158,19855,19857,19857,1,1
2024-03-20 15:11:04.815,19856,19857,19856,1,-1
2024-03-20 15:11:04.847,19856,19857,19856,1,-1
2024-03-20 15:11:06.811,19855,19856,19855,1,-1
2024-03-20 15:11:06.811,19855,19856,19855,3,-3
2024-03-20 15:11:06.811,19855,19856,19855,1,-1
2024-03-20 15:11:06.811,19855,19856,19855,3,-3
2024-03-20 15:11:06.811,19855,19856,19855,2,-2
2024-03-20 15:11:06.811,19855,19856,19855,4,-4
2024-03-20 15:11:06.811,19855,19856,19855,2,-2
2024-03-20 15:11:06.811,19855,19856,19855,9,-9
2024-03-20 15:11:06.812,19855,19856,19855,14,-14
2024-03-20 15:11:06.812,19855,19856,19855,1,-1
2024-03-20 15:11:06.812,19855,19856,19855,1,-1
2024-03-20 15:11:06.812,19855,19856,19855,1,-1
2024-03-20 15:11:06.812,19855,19856,19855,4,-4
2024-03-20 15:11:06.812,19855,19856,19855,2,-2
2024-03-20 15:11:06.812,19855,19856,19855,3,-3
2024-03-20 15:11:06.812,19855,19856,19855,2,-2
2024-03-20 15:11:06.813,19855,19856,19854,1,-1
2024-03-20 15:11:06.813,19855,19856,19854,1,-1
2024-03-20 15:11:06.813,19855,19856,19854,1,-1
2024-03-20 15:11:06.814,19855,19856,19853,2,-2
2024-03-20 15:11:06.867,19855,19856,19855,1,-1
2024-03-20 15:11:08.546,19853,19855,19853,1,-1
2024-03-20 15:11:11.106,19853,19855,19853,1,-1
2024-03-20 15:11:13.990,19853,19855,19855,1,1
2024-03-20 15:11:14.035,19853,19855,19855,5,5
2024-03-20 15:11:14.243,19853,19855,19853,1,-1
2024-03-20 15:11:14.897,19853,19855,19854,1,-1
2024-03-20 15:11:15.090,19853,19854,19853,1,-1
2024-03-20 15:11:18.562,19853,19854,19853,1,-1
2024-03-20 15:11:21.072,19852,19853,19852,1,-1
2024-03-20 15:11:22.456,19852,19853,19853,2,2
2024-03-20 15:11:22.457,19852,19853,19853,1,1
2024-03-20 15:11:22.605,19853,19854,19853,1,-1
2024-03-20 15:11:22.889,19853,19854,19854,2,2
2024-03-20 15:11:23.745,19854,19855,19855,5,5
2024-03-20 15:11:24.526,19854,19856,19854,1,-1
2024-03-20 15:11:24.530,19853,19855,19855,6,6
2024-03-20 15:11:24.770,19853,19855,19855,5,5
2024-03-20 15:11:24.770,19853,19855,19856,1,1
2024-03-20 15:11:26.431,19854,19856,19856,1,1
2024-03-20 15:11:26.833,19854,19856,19854,1,-1
2024-03-20 15:11:28.027,19855,19856,19855,1,-1
2024-03-20 15:11:28.031,19855,19856,19856,1,1
2024-03-20 15:11:28.365,19855,19856,19855,1,-1
2024-03-20 15:11:28.573,19855,19856,19855,1,-1
2024-03-20 15:11:30.597,19855,19856,19855,3,-3
2024-03-20 15:11:31.086,19855,19856,19855,1,-1
2024-03-20 15:11:32.683,19854,19855,19855,2,2
2024-03-20 15:11:33.959,19854,19855,19855,2,2
2024-03-20 15:11:33.960,19854,19855,19855,1,1
2024-03-20 15:11:34.965,19855,19856,19855,2,-2
2024-03-20 15:11:35.392,19855,19856,19855,1,-1
2024-03-20 15:11:35.453,19854,19856,19854,1,-1
2024-03-20 15:11:38.577,19854,19855,19854,1,-1
2024-03-20 15:11:40.213,19854,19855,19855,3,3
2024-03-20 15:11:41.085,19854,19856,19854,1,-1
2024-03-20 15:11:42.154,19854,19856,19854,9,-9
2024-03-20 15:11:42.154,19854,19856,19853,19,-19
2024-03-20 15:11:42.213,19854,19856,19854,1,-1
2024-03-20 15:11:46.306,19853,19854,19854,3,3
2024-03-20 15:11:47.802,19854,19855,19855,1,1
2024-03-20 15:11:47.898,19854,19855,19855,1,1
2024-03-20 15:11:48.660,19854,19855,19854,1,-1
2024-03-20 15:11:49.043,19854,19855,19854,1,-1
2024-03-20 15:11:51.082,19853,19855,19853,1,-1
2024-03-20 15:11:53.537,19853,19855,19855,9,9
2024-03-20 15:11:53.537,19853,19855,19855,5,5
2024-03-20 15:11:54.514,19854,19855,19854,2,-2
2024-03-20 15:11:56.787,19854,19855,19854,1,-1
2024-03-20 15:11:57.389,19853,19854,19854,1,1
2024-03-20 15:11:58.612,19853,19854,19853,1,-1
2024-03-20 15:12:00.249,19853,19854,19854,1,1
2024-03-20 15:12:00.309,19853,19854,19854,1,1
2024-03-20 15:12:00.372,19853,19854,19854,7,7
2024-03-20 15:12:00.376,19853,19854,19854,3,3
2024-03-20 15:12:00.450,19853,19854,19854,3,3
2024-03-20 15:12:00.451,19853,19854,19854,5,5
2024-03-20 15:12:01.136,19853,19855,19853,1,-1
2024-03-20 15:12:06.523,19853,19854,19853,1,-1
2024-03-20 15:12:08.632,19853,19854,19853,1,-1
2024-03-20 15:12:11.191,19853,19854,19853,1,-1
2024-03-20 15:12:12.173,19853,19854,19854,1,1
2024-03-20 15:12:16.615,19853,19854,19853,1,-1
2024-03-20 15:12:18.631,19853,19854,19853,1,-1
2024-03-20 15:12:20.623,19853,19854,19854,1,1
2024-03-20 15:12:21.167,19853,19854,19853,1,-1
2024-03-20 15:12:23.282,19853,19854,19854,1,1
2024-03-20 15:12:27.387,19853,19854,19853,1,-1
2024-03-20 15:12:28.643,19853,19854,19853,1,-1
2024-03-20 15:12:28.700,19853,19854,19853,1,-1
2024-03-20 15:12:31.140,19853,19854,19853,1,-1
2024-03-20 15:12:33.393,19853,19854,19853,1,-1
2024-03-20 15:12:36.404,19853,19854,19853,2,-2
2024-03-20 15:12:37.181,19853,19854,19854,2,2
2024-03-20 15:12:37.205,19853,19854,19853,1,-1
2024-03-20 15:12:37.205,19853,19854,19854,6,6
2024-03-20 15:12:37.206,19853,19854,19854,1,1
2024-03-20 15:12:37.222,19853,19854,19854,1,1
2024-03-20 15:12:38.429,19853,19854,19854,2,2
2024-03-20 15:12:38.681,19854,19855,19854,1,-1
2024-03-20 15:12:40.216,19854,19855,19855,1,1
2024-03-20 15:12:40.296,19854,19855,19855,1,1
2024-03-20 15:12:40.761,19854,19855,19854,1,-1
2024-03-20 15:12:40.934,19854,19855,19855,5,5
2024-03-20 15:12:41.185,19854,19856,19854,1,-1
2024-03-20 15:12:45.879,19853,19855,19855,10,10
2024-03-20 15:12:48.658,19854,19855,19854,1,-1
2024-03-20 15:12:51.259,19853,19855,19853,1,-1
2024-03-20 15:12:58.686,19854,19855,19854,1,-1
2024-03-20 15:13:01.218,19853,19855,19853,1,-1
2024-03-20 15:13:02.444,19853,19854,19854,1,1
2024-03-20 15:13:03.046,19853,19854,19854,1,1
2024-03-20 15:13:03.116,19853,19854,19853,3,-3
2024-03-20 15:13:07.713,19853,19855,19853,1,-1
2024-03-20 15:13:08.708,19853,19855,19853,1,-1
2024-03-20 15:13:10.217,19853,19854,19854,1,1
2024-03-20 15:13:10.867,19853,19854,19853,2,-2
2024-03-20 15:13:11.200,19852,19854,19852,1,-1
2024-03-20 15:13:13.371,19852,19853,19852,2,-2
2024-03-20 15:13:17.536,19852,19853,19852,1,-1
2024-03-20 15:13:18.712,19852,19853,19852,1,-1
2024-03-20 15:13:21.198,19851,19853,19851,1,-1
2024-03-20 15:13:21.346,19851,19853,19851,20,-20
2024-03-20 15:13:21.346,19851,19853,19850,13,-13
2024-03-20 15:13:22.194,19851,19852,19852,1,1
2024-03-20 15:13:24.065,19851,19852,19852,3,3
2024-03-20 15:13:28.751,19851,19852,19851,1,-1
2024-03-20 15:13:29.028,19851,19852,19851,1,-1
2024-03-20 15:13:31.166,19850,19851,19851,1,1
2024-03-20 15:13:31.237,19850,19851,19850,1,-1
2024-03-20 15:13:32.480,19850,19852,19850,1,-1
2024-03-20 15:13:38.105,19851,19852,19851,1,-1
2024-03-20 15:13:38.748,19851,19852,19851,1,-1
2024-03-20 15:13:39.592,19851,19852,19851,6,-6
2024-03-20 15:13:41.246,19851,19852,19851,1,-1
2024-03-20 15:13:43.465,19851,19852,19851,1,-1
2024-03-20 15:13:48.753,19851,19852,19851,1,-1
2024-03-20 15:13:51.302,19851,19852,19851,1,-1
2024-03-20 15:13:51.359,19851,19852,19852,1,1
2024-03-20 15:13:55.485,19851,19852,19851,4,-4
2024-03-20 15:13:55.485,19851,19852,19850,6,-6
2024-03-20 15:13:55.878,19850,19852,19852,6,6
2024-03-20 15:13:56.370,19850,19852,19852,1,1
2024-03-20 15:13:58.819,19851,19852,19851,1,-1
2024-03-20 15:13:59.652,19850,19852,19850,6,-6
2024-03-20 15:14:01.273,19850,19852,19850,1,-1
2024-03-20 15:14:03.828,19851,19852,19852,1,1
2024-03-20 15:14:04.133,19851,19852,19852,1,1
2024-03-20 15:14:06.412,19851,19852,19852,8,8
2024-03-20 15:14:08.784,19851,19853,19851,1,-1
2024-03-20 15:14:11.301,19851,19853,19851,1,-1
2024-03-20 15:14:18.789,19851,19853,19851,1,-1
2024-03-20 15:14:20.025,19851,19852,19852,1,1
2024-03-20 15:14:20.315,19852,19853,19853,1,1
2024-03-20 15:14:21.257,19852,19854,19852,1,-1
2024-03-20 15:14:21.999,19852,19854,19854,1,1
2024-03-20 15:14:22.293,19852,19854,19854,4,4
2024-03-20 15:14:28.782,19853,19854,19853,1,-1
2024-03-20 15:14:29.563,19852,19854,19852,1,-1
2024-03-20 15:14:31.297,19852,19854,19852,1,-1
2024-03-20 15:14:38.794,19852,19853,19852,1,-1
2024-03-20 15:14:41.329,19852,19853,19852,1,-1
2024-03-20 15:14:42.129,19852,19853,19853,4,4
2024-03-20 15:14:46.798,19852,19854,19854,1,1
2024-03-20 15:14:48.823,19852,19853,19852,1,-1
2024-03-20 15:14:51.370,19852,19854,19852,1,-1
2024-03-20 15:14:52.449,19852,19853,19853,1,1
2024-03-20 15:14:52.449,19852,19853,19853,1,1
2024-03-20 15:14:54.824,19852,19853,19853,1,1
2024-03-20 15:14:58.825,19853,19854,19853,1,-1
2024-03-20 15:14:59.159,19853,19854,19853,1,-1
2024-03-20 15:14:59.182,19853,19854,19853,1,-1
2024-03-20 15:15:01.097,19853,19854,19853,1,-1
2024-03-20 15:15:01.181,19853,19854,19854,1,1
2024-03-20 15:15:01.181,19853,19854,19854,1,1
2024-03-20 15:15:01.374,19853,19855,19853,4,-4
2024-03-20 15:15:01.404,19853,19855,19853,1,-1
2024-03-20 15:15:01.446,19853,19855,19853,4,-4
2024-03-20 15:15:01.626,19852,19854,19854,1,1
2024-03-20 15:15:01.675,19852,19854,19854,1,1
2024-03-20 15:15:01.749,19852,19854,19854,1,1
2024-03-20 15:15:01.774,19852,19854,19854,1,1
2024-03-20 15:15:01.790,19853,19855,19855,1,1
2024-03-20 15:15:01.949,19853,19854,19854,1,1
2024-03-20 15:15:02.204,19854,19855,19854,1,-1
2024-03-20 15:15:02.347,19853,19855,19853,3,-3
2024-03-20 15:15:02.349,19853,19855,19853,2,-2
2024-03-20 15:15:08.880,19852,19854,19852,1,-1
2024-03-20 15:15:11.373,19852,19854,19852,1,-1
2024-03-20 15:15:18.844,19852,19853,19852,1,-1
2024-03-20 15:15:21.125,19852,19853,19853,1,1
2024-03-20 15:15:21.155,19852,19853,19853,1,1
2024-03-20 15:15:21.155,19852,19853,19853,1,1
2024-03-20 15:15:21.155,19852,19853,19853,1,1
2024-03-20 15:15:21.156,19852,19853,19853,1,1
2024-03-20 15:15:21.156,19852,19853,19853,1,1
2024-03-20 15:15:21.156,19852,19853,19853,1,1
2024-03-20 15:15:21.161,19852,19853,19854,1,1
2024-03-20 15:15:21.384,19852,19854,19852,1,-1
2024-03-20 15:15:28.860,19852,19853,19852,1,-1
2024-03-20 15:15:31.408,19852,19854,19852,1,-1
2024-03-20 15:15:31.526,19852,19854,19852,1,-1
2024-03-20 15:15:31.530,19852,19854,19854,1,1
2024-03-20 15:15:31.530,19852,19854,19854,1,1
2024-03-20 15:15:35.634,19852,19853,19853,1,1
2024-03-20 15:15:36.721,19852,19853,19853,2,2
2024-03-20 15:15:36.777,19852,19853,19853,11,11
2024-03-20 15:15:38.889,19852,19854,19852,1,-1
2024-03-20 15:15:40.609,19852,19854,19852,1,-1
2024-03-20 15:15:41.410,19852,19854,19852,1,-1
2024-03-20 15:15:42.389,19852,19854,19854,1,1
2024-03-20 15:15:48.884,19852,19854,19852,1,-1
2024-03-20 15:15:51.382,19852,19854,19852,1,-1
2024-03-20 15:15:53.954,19852,19854,19854,1,1
2024-03-20 15:15:54.100,19852,19854,19854,3,3
2024-03-20 15:15:54.210,19853,19854,19853,2,-2
2024-03-20 15:15:58.905,19853,19854,19853,1,-1
2024-03-20 15:16:00.337,19853,19854,19854,2,2
2024-03-20 15:16:00.338,19853,19854,19854,9,9
2024-03-20 15:16:01.092,19853,19854,19854,1,1
2024-03-20 15:16:01.465,19853,19854,19853,1,-1
2024-03-20 15:16:08.927,19853,19854,19853,1,-1
2024-03-20 15:16:11.418,19852,19853,19852,1,-1
2024-03-20 15:16:11.531,19852,19853,19853,1,1
2024-03-20 15:16:11.532,19852,19853,19853,1,1
2024-03-20 15:16:14.712,19852,19854,19854,1,1
2024-03-20 15:16:18.170,19852,19853,19853,1,1
2024-03-20 15:16:18.940,19852,19854,19852,1,-1
2024-03-20 15:16:20.573,19853,19854,19854,1,1
2024-03-20 15:16:20.656,19853,19854,19854,1,1
2024-03-20 15:16:20.656,19853,19854,19854,1,1
2024-03-20 15:16:20.656,19853,19854,19854,1,1
2024-03-20 15:16:20.656,19853,19854,19854,1,1
2024-03-20 15:16:21.418,19853,19854,19853,1,-1
2024-03-20 15:16:28.593,19853,19854,19853,1,-1
2024-03-20 15:16:28.929,19853,19854,19853,1,-1
2024-03-20 15:16:31.445,19852,19854,19852,1,-1
2024-03-20 15:16:33.265,19852,19853,19853,1,1
2024-03-20 15:16:38.676,19852,19853,19852,2,-2
2024-03-20 15:16:38.952,19852,19853,19852,1,-1
2024-03-20 15:16:40.216,19852,19853,19852,8,-8
2024-03-20 15:16:40.217,19852,19853,19852,1,-1
2024-03-20 15:16:40.217,19852,19853,19852,3,-3
2024-03-20 15:16:40.217,19852,19853,19852,4,-4
2024-03-20 15:16:40.217,19852,19853,19852,9,-9
2024-03-20 15:16:40.281,19851,19852,19852,1,1
2024-03-20 15:16:40.281,19851,19852,19852,1,1
2024-03-20 15:16:40.689,19851,19852,19852,1,1
2024-03-20 15:16:41.230,19851,19852,19851,2,-2
2024-03-20 15:16:42.839,19851,19852,19851,1,-1
2024-03-20 15:16:46.956,19851,19852,19851,1,-1
2024-03-20 15:16:48.075,19851,19852,19851,1,-1
2024-03-20 15:16:48.958,19851,19852,19851,1,-1
2024-03-20 15:16:51.453,19851,19852,19851,1,-1
2024-03-20 15:16:53.797,19851,19852,19851,4,-4
2024-03-20 15:16:57.452,19851,19852,19851,1,-1
2024-03-20 15:16:58.987,19851,19852,19851,1,-1
2024-03-20 15:17:00.236,19851,19852,19851,2,-2
2024-03-20 15:17:01.469,19851,19852,19851,1,-1
2024-03-20 15:17:03.704,19851,19852,19852,1,1
2024-03-20 15:17:04.365,19851,19852,19851,1,-1
2024-03-20 15:17:05.424,19851,19852,19851,1,-1
2024-03-20 15:17:09.066,19851,19852,19851,1,-1
2024-03-20 15:17:11.499,19851,19852,19851,1,-1
2024-03-20 15:17:12.807,19851,19852,19851,1,-1
2024-03-20 15:17:19.050,19851,19852,19851,1,-1
2024-03-20 15:17:19.981,19851,19852,19851,5,-5
2024-03-20 15:17:20.508,19851,19852,19852,1,1
2024-03-20 15:17:21.527,19851,19852,19851,1,-1
2024-03-20 15:17:25.564,19851,19852,19851,1,-1
2024-03-20 15:17:28.996,19851,19852,19851,1,-1
2024-03-20 15:17:30.386,19851,19852,19851,1,-1
2024-03-20 15:17:30.471,19851,19852,19851,1,-1
2024-03-20 15:17:31.504,19850,19852,19850,1,-1
2024-03-20 15:17:31.648,19850,19852,19850,1,-1
2024-03-20 15:17:34.962,19850,19851,19851,1,1
2024-03-20 15:17:39.004,19850,19851,19850,1,-1
2024-03-20 15:17:40.126,19850,19851,19851,5,5
2024-03-20 15:17:41.542,19850,19852,19850,1,-1
2024-03-20 15:17:43.515,19850,19852,19852,1,1
2024-03-20 15:17:44.705,19850,19851,19851,1,1
2024-03-20 15:17:49.107,19851,19852,19851,1,-1
2024-03-20 15:17:51.544,19851,19852,19851,1,-1
2024-03-20 15:17:51.703,19851,19852,19852,1,1
2024-03-20 15:17:58.270,19851,19852,19851,1,-1
2024-03-20 15:17:59.044,19851,19852,19851,1,-1
2024-03-20 15:18:01.550,19851,19852,19851,1,-1
2024-03-20 15:18:09.061,19851,19852,19851,1,-1
2024-03-20 15:18:11.565,19850,19851,19850,1,-1
2024-03-20 15:18:12.213,19850,19851,19851,1,1
2024-03-20 15:18:12.213,19850,19851,19851,1,1
2024-03-20 15:18:12.279,19850,19852,19850,1,-1
2024-03-20 15:18:19.121,19851,19852,19851,1,-1
2024-03-20 15:18:20.301,19851,19852,19852,1,1
2024-03-20 15:18:21.626,19851,19852,19851,1,-1
2024-03-20 15:18:23.260,19851,19852,19852,1,1
2024-03-20 15:18:25.770,19851,19852,19851,1,-1
2024-03-20 15:18:25.926,19851,19852,19852,1,1
2024-03-20 15:18:26.528,19851,19852,19851,2,-2
2024-03-20 15:18:29.078,19851,19852,19851,1,-1
2024-03-20 15:18:31.607,19851,19852,19851,1,-1
2024-03-20 15:18:37.158,19851,19852,19851,2,-2
2024-03-20 15:18:39.091,19851,19852,19851,1,-1
2024-03-20 15:18:41.602,19851,19852,19851,1,-1
2024-03-20 15:18:48.331,19851,19852,19851,2,-2
2024-03-20 15:18:49.114,19851,19852,19851,1,-1
2024-03-20 15:18:51.672,19850,19852,19850,1,-1
2024-03-20 15:18:51.956,19850,19852,19852,2,2
2024-03-20 15:18:53.086,19850,19851,19851,1,1
2024-03-20 15:18:59.123,19851,19852,19851,1,-1
2024-03-20 15:19:01.617,19850,19852,19850,1,-1
2024-03-20 15:19:09.128,19851,19852,19851,1,-1
2024-03-20 15:19:11.649,19850,19851,19850,1,-1
2024-03-20 15:19:19.150,19850,19851,19850,1,-1
2024-03-20 15:19:21.318,19850,19851,19851,1,1
2024-03-20 15:19:21.658,19850,19851,19850,1,-1
2024-03-20 15:19:21.715,19850,19851,19851,1,1
2024-03-20 15:19:26.136,19850,19851,19850,1,-1
2024-03-20 15:19:29.155,19850,19851,19850,1,-1
2024-03-20 15:19:31.350,19850,19851,19850,1,-1
2024-03-20 15:19:31.723,19850,19851,19850,1,-1
2024-03-20 15:19:33.349,19850,19851,19851,1,1
2024-03-20 15:19:34.695,19850,19851,19850,3,-3
2024-03-20 15:19:36.865,19850,19851,19850,3,-3
2024-03-20 15:19:36.866,19850,19851,19850,1,-1
2024-03-20 15:19:36.866,19850,19851,19850,2,-2
2024-03-20 15:19:39.169,19849,19850,19849,1,-1
2024-03-20 15:19:39.169,19849,19850,19849,1,-1
2024-03-20 15:19:39.170,19849,19850,19849,1,-1
2024-03-20 15:19:40.090,19848,19849,19848,1,-1
2024-03-20 15:19:40.090,19848,19849,19848,4,-4
2024-03-20 15:19:41.335,19848,19849,19848,1,-1
2024-03-20 15:19:41.686,19848,19849,19848,1,-1
2024-03-20 15:19:41.794,19848,19849,19848,2,-2
2024-03-20 15:19:42.020,19847,19848,19847,3,-3
2024-03-20 15:19:42.075,19847,19848,19847,1,-1
2024-03-20 15:19:42.102,19847,19848,19847,1,-1
2024-03-20 15:19:42.102,19847,19848,19846,9,-9
2024-03-20 15:19:42.884,19846,19847,19847,1,1
2024-03-20 15:19:46.800,19847,19849,19848,1,1
2024-03-20 15:19:47.155,19847,19848,19848,1,1
2024-03-20 15:19:47.316,19847,19848,19847,1,-1
2024-03-20 15:19:47.447,19847,19848,19848,1,1
2024-03-20 15:19:49.164,19847,19848,19847,1,-1
2024-03-20 15:19:49.470,19847,19848,19848,2,2
2024-03-20 15:19:50.129,19847,19848,19847,2,-2
2024-03-20 15:19:50.343,19847,19848,19848,1,1
2024-03-20 15:19:50.343,19847,19848,19848,6,6
2024-03-20 15:19:50.344,19847,19848,19848,2,2
2024-03-20 15:19:50.344,19847,19848,19848,1,1
2024-03-20 15:19:51.698,19848,19849,19848,1,-1
2024-03-20 15:19:54.679,19848,19849,19848,1,-1
2024-03-20 15:19:56.345,19847,19849,19847,1,-1
2024-03-20 15:19:59.204,19847,19848,19847,1,-1
2024-03-20 15:20:01.742,19846,19847,19846,1,-1
2024-03-20 15:20:02.104,19846,19847,19846,1,-1
2024-03-20 15:20:02.205,19846,19847,19847,1,1
2024-03-20 15:20:05.519,19846,19847,19846,2,-2
2024-03-20 15:20:05.603,19846,19847,19847,7,7
2024-03-20 15:20:05.703,19846,19847,19846,5,-5
2024-03-20 15:20:06.770,19846,19847,19846,5,-5
2024-03-20 15:20:06.812,19845,19846,19846,1,1
2024-03-20 15:20:06.826,19845,19846,19846,3,3
2024-03-20 15:20:06.918,19845,19846,19846,5,5
2024-03-20 15:20:06.953,19845,19846,19846,1,1
2024-03-20 15:20:08.114,19845,19846,19846,1,1
2024-03-20 15:20:09.192,19845,19846,19845,1,-1
2024-03-20 15:20:11.748,19845,19846,19845,1,-1
2024-03-20 15:20:13.215,19845,19846,19845,2,-2
2024-03-20 15:20:13.805,19845,19846,19846,1,1
2024-03-20 15:20:14.505,19845,19846,19845,1,-1
2024-03-20 15:20:15.093,19845,19846,19845,1,-1
2024-03-20 15:20:15.515,19845,19846,19845,1,-1
2024-03-20 15:20:16.688,19845,19846,19845,1,-1
2024-03-20 15:20:16.689,19845,19846,19845,1,-1
2024-03-20 15:20:16.689,19845,19846,19845,2,-2
2024-03-20 15:20:17.108,19845,19846,19845,1,-1
2024-03-20 15:20:17.745,19845,19846,19845,1,-1
2024-03-20 15:20:19.200,19844,19845,19844,1,-1
2024-03-20 15:20:21.483,19844,19845,19844,1,-1
2024-03-20 15:20:21.541,19844,19845,19845,1,1
2024-03-20 15:20:21.757,19844,19845,19844,1,-1
2024-03-20 15:20:22.492,19844,19845,19844,2,-2
2024-03-20 15:20:22.551,19843,19845,19843,1,-1
2024-03-20 15:20:22.680,19843,19845,19845,1,1
2024-03-20 15:20:23.699,19843,19845,19845,1,1
2024-03-20 15:20:25.192,19844,19845,19844,3,-3
2024-03-20 15:20:25.216,19844,19845,19844,1,-1
2024-03-20 15:20:26.091,19844,19845,19845,1,1
2024-03-20 15:20:27.616,19844,19846,19844,1,-1
2024-03-20 15:20:27.770,19844,19846,19844,1,-1
2024-03-20 15:20:29.220,19844,19846,19844,1,-1
2024-03-20 15:20:31.768,19844,19846,19844,1,-1
2024-03-20 15:20:34.842,19845,19846,19845,2,-2
2024-03-20 15:20:35.341,19844,19846,19844,16,-16
2024-03-20 15:20:35.341,19844,19846,19843,20,-20
2024-03-20 15:20:35.342,19844,19846,19844,1,-1
2024-03-20 15:20:36.278,19844,19845,19845,3,3
2024-03-20 15:20:36.934,19844,19845,19845,1,1
2024-03-20 15:20:36.972,19844,19845,19844,1,-1
2024-03-20 15:20:39.247,19845,19846,19845,1,-1
2024-03-20 15:20:40.417,19845,19846,19846,1,1
2024-03-20 15:20:40.655,19845,19846,19845,2,-2
2024-03-20 15:20:41.479,19845,19846,19845,1,-1
2024-03-20 15:20:41.772,19845,19846,19845,1,-1
2024-03-20 15:20:45.742,19845,19846,19845,1,-1
2024-03-20 15:20:47.250,19845,19846,19846,6,6
2024-03-20 15:20:48.091,19846,19847,19846,1,-1
2024-03-20 15:20:49.245,19846,19847,19846,1,-1
2024-03-20 15:20:49.900,19846,19847,19846,3,-3
2024-03-20 15:20:51.797,19846,19847,19846,1,-1
2024-03-20 15:20:53.120,19846,19847,19846,1,-1
2024-03-20 15:20:53.710,19846,19847,19846,1,-1
2024-03-20 15:20:54.232,19846,19847,19846,1,-1
2024-03-20 15:20:56.013,19846,19847,19846,1,-1
2024-03-20 15:20:56.858,19846,19847,19846,4,-4
2024-03-20 15:20:58.025,19846,19847,19846,1,-1
2024-03-20 15:20:59.334,19846,19847,19846,1,-1
2024-03-20 15:21:00.478,19846,19847,19846,3,-3
2024-03-20 15:21:00.801,19846,19847,19846,1,-1
2024-03-20 15:21:00.949,19846,19847,19846,1,-1
2024-03-20 15:21:01.094,19846,19847,19846,1,-1
2024-03-20 15:21:01.234,19845,19847,19845,1,-1
2024-03-20 15:21:01.388,19845,19847,19845,1,-1
2024-03-20 15:21:01.552,19845,19847,19845,1,-1
2024-03-20 15:21:01.699,19845,19847,19845,1,-1
2024-03-20 15:21:01.796,19845,19847,19845,1,-1
2024-03-20 15:21:01.862,19845,19847,19845,1,-1
2024-03-20 15:21:02.008,19845,19847,19845,1,-1
2024-03-20 15:21:02.147,19845,19847,19845,1,-1
2024-03-20 15:21:02.295,19845,19847,19845,1,-1
2024-03-20 15:21:02.442,19845,19847,19845,1,-1
2024-03-20 15:21:02.598,19845,19847,19845,1,-1
2024-03-20 15:21:02.737,19845,19847,19845,1,-1
2024-03-20 15:21:02.835,19845,19847,19847,1,1
2024-03-20 15:21:02.885,19845,19847,19845,1,-1
2024-03-20 15:21:09.288,19846,19847,19846,1,-1
2024-03-20 15:21:09.494,19846,19847,19846,1,-1
2024-03-20 15:21:11.288,19846,19847,19846,2,-2
2024-03-20 15:21:11.830,19846,19847,19846,1,-1
2024-03-20 15:21:19.275,19846,19847,19846,1,-1
2024-03-20 15:21:19.596,19846,19847,19846,10,-10
2024-03-20 15:21:20.171,19846,19847,19847,1,1
2024-03-20 15:21:20.172,19846,19847,19847,13,13
2024-03-20 15:21:20.294,19847,19848,19848,1,1
2024-03-20 15:21:21.706,19847,19848,19847,1,-1
2024-03-20 15:21:21.830,19847,19848,19847,1,-1
2024-03-20 15:21:22.517,19847,19848,19847,1,-1
2024-03-20 15:21:28.196,19846,19847,19847,1,1
2024-03-20 15:21:29.304,19847,19848,19847,1,-1
2024-03-20 15:21:31.840,19846,19848,19846,1,-1
2024-03-20 15:21:39.301,19846,19847,19846,1,-1
2024-03-20 15:21:41.879,19846,19847,19846,1,-1
2024-03-20 15:21:49.196,19846,19847,19846,1,-1
2024-03-20 15:21:49.412,19846,19847,19846,1,-1
2024-03-20 15:21:50.113,19846,19847,19846,1,-1
2024-03-20 15:21:51.936,19846,19847,19846,1,-1
2024-03-20 15:21:54.421,19846,19847,19846,1,-1
2024-03-20 15:21:54.456,19846,19847,19846,1,-1
2024-03-20 15:21:58.008,19846,19847,19847,4,4
2024-03-20 15:21:59.323,19846,19847,19846,1,-1
2024-03-20 15:22:01.926,19846,19847,19846,1,-1
2024-03-20 15:22:02.168,19846,19847,19847,1,1
2024-03-20 15:22:06.319,19846,19847,19847,1,1
2024-03-20 15:22:08.543,19846,19847,19847,1,1
2024-03-20 15:22:09.335,19846,19847,19846,1,-1
2024-03-20 15:22:11.916,19846,19847,19846,1,-1
2024-03-20 15:22:13.280,19846,19847,19846,1,-1
2024-03-20 15:22:14.813,19846,19847,19847,1,1
2024-03-20 15:22:17.702,19846,19847,19846,1,-1
2024-03-20 15:22:19.364,19846,19847,19846,1,-1
2024-03-20 15:22:21.489,19846,19847,19847,1,1
2024-03-20 15:22:21.922,19846,19847,19846,1,-1
2024-03-20 15:22:27.048,19846,19847,19847,2,2
2024-03-20 15:22:27.049,19846,19847,19847,1,1
2024-03-20 15:22:27.110,19846,19847,19848,2,2
2024-03-20 15:22:29.369,19847,19848,19847,1,-1
2024-03-20 15:22:31.843,19847,19848,19847,2,-2
2024-03-20 15:22:31.933,19846,19848,19846,1,-1
2024-03-20 15:22:34.439,19847,19848,19847,1,-1
2024-03-20 15:22:38.338,19846,19848,19848,1,1
2024-03-20 15:22:39.373,19846,19848,19846,1,-1
2024-03-20 15:22:39.415,19846,19848,19848,2,2
2024-03-20 15:22:41.951,19846,19848,19846,1,-1
2024-03-20 15:22:43.853,19846,19848,19847,1,-1
2024-03-20 15:22:45.515,19846,19847,19847,2,2
2024-03-20 15:22:47.088,19846,19848,19847,1,1
2024-03-20 15:22:48.255,19847,19848,19848,19,19
2024-03-20 15:22:48.439,19848,19849,19849,7,7
2024-03-20 15:22:48.439,19848,19849,19849,18,18
2024-03-20 15:22:48.545,19849,19850,19850,3,3
2024-03-20 15:22:48.700,19849,19850,19850,5,5
2024-03-20 15:22:49.386,19849,19850,19849,1,-1
2024-03-20 15:22:49.786,19849,19850,19850,2,2
2024-03-20 15:22:49.786,19849,19850,19850,4,4
2024-03-20 15:22:49.993,19850,19852,19852,1,1
2024-03-20 15:22:50.196,19850,19852,19852,1,1
2024-03-20 15:22:51.965,19850,19852,19850,1,-1
2024-03-20 15:22:54.233,19850,19851,19851,7,7
2024-03-20 15:22:55.433,19850,19852,19852,1,1
2024-03-20 15:22:56.732,19850,19852,19852,3,3
2024-03-20 15:22:58.716,19850,19851,19851,2,2
2024-03-20 15:22:59.405,19851,19852,19851,1,-1
2024-03-20 15:23:00.768,19851,19852,19852,7,7
2024-03-20 15:23:02.035,19851,19852,19851,1,-1
2024-03-20 15:23:02.699,19851,19852,19851,1,-1
2024-03-20 15:23:03.527,19851,19852,19851,1,-1
2024-03-20 15:23:09.470,19851,19852,19851,1,-1
2024-03-20 15:23:11.020,19851,19852,19851,1,-1
2024-03-20 15:23:11.336,19851,19852,19855,19,19
2024-03-20 15:23:11.336,19851,19852,19854,43,43
2024-03-20 15:23:11.336,19851,19852,19852,13,13
2024-03-20 15:23:11.336,19851,19852,19853,25,25
2024-03-20 15:23:11.339,19851,19852,19854,1,1
2024-03-20 15:23:11.339,19851,19852,19854,2,2
2024-03-20 15:23:11.377,19851,19852,19854,1,1
2024-03-20 15:23:11.425,19853,19854,19854,1,1
2024-03-20 15:23:11.425,19853,19854,19855,1,1
2024-03-20 15:23:11.997,19853,19854,19853,1,-1
2024-03-20 15:23:12.011,19853,19854,19854,1,1
2024-03-20 15:23:12.012,19853,19854,19854,8,8
2024-03-20 15:23:15.478,19853,19854,19854,2,2
2024-03-20 15:23:16.462,19853,19854,19854,1,1
2024-03-20 15:23:16.462,19853,19854,19854,2,2
2024-03-20 15:23:19.424,19854,19855,19854,1,-1
2024-03-20 15:23:21.650,19854,19855,19854,2,-2
2024-03-20 15:23:22.005,19854,19855,19854,1,-1
2024-03-20 15:23:22.378,19854,19855,19855,1,1
2024-03-20 15:23:22.981,19854,19855,19854,1,-1
2024-03-20 15:23:23.018,19854,19855,19855,1,1
2024-03-20 15:23:26.793,19854,19855,19854,1,-1
2024-03-20 15:23:27.111,19854,19855,19855,1,1
2024-03-20 15:23:28.798,19854,19855,19855,2,2
2024-03-20 15:23:29.044,19854,19855,19855,1,1
2024-03-20 15:23:29.045,19854,19855,19855,1,1
2024-03-20 15:23:29.424,19854,19855,19854,1,-1
2024-03-20 15:23:29.598,19854,19855,19855,1,1
2024-03-20 15:23:31.787,19854,19855,19855,1,1
2024-03-20 15:23:31.895,19854,19855,19855,2,2
2024-03-20 15:23:31.895,19854,19855,19856,2,2
2024-03-20 15:23:32.029,19854,19856,19854,1,-1
2024-03-20 15:23:32.288,19854,19855,19855,1,1
2024-03-20 15:23:36.593,19854,19855,19855,1,1
2024-03-20 15:23:39.449,19854,19855,19854,1,-1
2024-03-20 15:23:40.747,19854,19855,19855,1,1
2024-03-20 15:23:42.027,19854,19855,19854,1,-1
2024-03-20 15:23:48.882,19854,19855,19854,1,-1
2024-03-20 15:23:49.453,19854,19855,19854,1,-1
2024-03-20 15:23:50.734,19854,19855,19855,1,1
2024-03-20 15:23:50.792,19854,19855,19855,1,1
2024-03-20 15:23:52.032,19854,19855,19854,1,-1
2024-03-20 15:23:52.058,19854,19855,19854,1,-1
2024-03-20 15:23:55.480,19853,19854,19854,2,2
2024-03-20 15:23:55.866,19853,19854,19854,1,1
2024-03-20 15:23:58.540,19853,19854,19853,2,-2
2024-03-20 15:23:59.470,19852,19853,19852,1,-1
2024-03-20 15:24:01.864,19852,19853,19853,1,1
2024-03-20 15:24:02.079,19852,19854,19852,1,-1
2024-03-20 15:24:07.760,19852,19854,19854,1,1
2024-03-20 15:24:09.492,19853,19854,19853,1,-1
2024-03-20 15:24:10.064,19853,19854,19853,1,-1
2024-03-20 15:24:12.071,19853,19854,19853,1,-1
2024-03-20 15:24:16.750,19853,19854,19854,9,9
2024-03-20 15:24:16.750,19853,19854,19855,21,21
2024-03-20 15:24:16.751,19853,19854,19855,1,1
2024-03-20 15:24:16.753,19853,19854,19856,12,12
2024-03-20 15:24:19.733,19855,19856,19855,1,-1
2024-03-20 15:24:22.155,19855,19856,19855,1,-1
2024-03-20 15:24:25.668,19855,19856,19855,1,-1
2024-03-20 15:24:27.762,19855,19856,19856,2,2
2024-03-20 15:24:29.501,19855,19856,19855,1,-1
2024-03-20 15:24:31.578,19855,19856,19856,4,4
2024-03-20 15:24:32.198,19855,19856,19855,1,-1
2024-03-20 15:24:33.244,19855,19856,19856,3,3
2024-03-20 15:24:36.520,19855,19856,19855,1,-1
2024-03-20 15:24:36.520,19855,19856,19855,2,-2
2024-03-20 15:24:36.520,19855,19856,19855,3,-3
2024-03-20 15:24:36.520,19855,19856,19855,1,-1
2024-03-20 15:24:36.520,19855,19856,19855,2,-2
2024-03-20 15:24:36.520,19855,19856,19855,1,-1
2024-03-20 15:24:36.520,19855,19856,19855,1,-1
2024-03-20 15:24:36.520,19855,19856,19855,3,-3
2024-03-20 15:24:36.520,19855,19856,19855,4,-4
2024-03-20 15:24:36.520,19855,19856,19855,2,-2
2024-03-20 15:24:36.520,19855,19856,19855,6,-6
2024-03-20 15:24:36.520,19855,19856,19855,1,-1
2024-03-20 15:24:36.520,19855,19856,19855,1,-1
2024-03-20 15:24:36.520,19855,19856,19855,1,-1
2024-03-20 15:24:36.521,19855,19856,19855,1,-1
2024-03-20 15:24:36.521,19855,19856,19855,1,-1
2024-03-20 15:24:36.521,19855,19856,19855,1,-1
2024-03-20 15:24:36.521,19855,19856,19855,1,-1
2024-03-20 15:24:36.521,19855,19856,19855,1,-1
2024-03-20 15:24:36.521,19855,19856,19855,3,-3
2024-03-20 15:24:36.521,19855,19856,19855,1,-1
2024-03-20 15:24:36.521,19855,19856,19855,3,-3
2024-03-20 15:24:36.526,19855,19856,19855,1,-1
2024-03-20 15:24:36.527,19855,19856,19855,23,-23
2024-03-20 15:24:36.529,19855,19856,19854,5,-5
2024-03-20 15:24:39.501,19854,19855,19854,1,-1
2024-03-20 15:24:42.106,19854,19855,19854,1,-1
2024-03-20 15:24:44.180,19854,19855,19854,1,-1
2024-03-20 15:24:44.867,19854,19855,19855,10,10
2024-03-20 15:24:46.118,19854,19855,19854,1,-1
2024-03-20 15:24:46.156,19854,19855,19855,1,1
2024-03-20 15:24:46.156,19854,19855,19855,1,1
2024-03-20 15:24:49.529,19854,19855,19854,1,-1
2024-03-20 15:24:51.624,19854,19855,19855,1,1
2024-03-20 15:24:52.130,19854,19855,19854,1,-1
2024-03-20 15:24:53.258,19854,19855,19854,2,-2
2024-03-20 15:24:53.258,19854,19855,19853,3,-3
2024-03-20 15:24:56.589,19853,19855,19854,5,-5
2024-03-20 15:24:59.543,19853,19854,19853,1,-1
2024-03-20 15:25:02.151,19853,19854,19853,1,-1
2024-03-20 15:25:03.942,19853,19854,19853,2,-2
2024-03-20 15:25:06.566,19853,19854,19853,2,-2
2024-03-20 15:25:09.548,19852,19853,19852,1,-1
2024-03-20 15:25:12.150,19852,19853,19852,1,-1
2024-03-20 15:25:19.383,19852,19853,19852,1,-1
2024-03-20 15:25:19.558,19852,19853,19852,1,-1
2024-03-20 15:25:22.160,19852,19853,19852,1,-1
2024-03-20 15:25:22.375,19852,19853,19852,1,-1
2024-03-20 15:25:23.257,19852,19853,19852,1,-1
2024-03-20 15:25:23.430,19852,19853,19852,1,-1
2024-03-20 15:25:24.789,19852,19853,19853,2,2
2024-03-20 15:25:24.789,19852,19853,19853,7,7
2024-03-20 15:25:26.881,19853,19854,19854,1,1
2024-03-20 15:25:27.337,19853,19854,19853,1,-1
2024-03-20 15:25:28.243,19853,19854,19854,1,1
2024-03-20 15:25:29.634,19853,19854,19853,1,-1
2024-03-20 15:25:32.152,19853,19854,19853,1,-1
2024-03-20 15:25:38.138,19852,19853,19852,1,-1
2024-03-20 15:25:38.905,19852,19853,19852,1,-1
2024-03-20 15:25:39.580,19852,19853,19852,1,-1
2024-03-20 15:25:40.216,19852,19853,19852,2,-2
2024-03-20 15:25:42.131,19852,19853,19853,1,1
2024-03-20 15:25:42.175,19852,19853,19852,1,-1
2024-03-20 15:25:47.564,19852,19853,19852,1,-1
2024-03-20 15:25:49.610,19852,19853,19852,1,-1
2024-03-20 15:25:51.001,19852,19853,19853,1,1
2024-03-20 15:25:52.227,19852,19854,19852,1,-1
2024-03-20 15:25:53.250,19852,19854,19852,1,-1
2024-03-20 15:25:56.995,19852,19854,19854,30,30
2024-03-20 15:25:59.657,19853,19855,19853,1,-1
2024-03-20 15:26:02.265,19854,19855,19854,1,-1
2024-03-20 15:26:02.936,19853,19855,19855,5,5
2024-03-20 15:26:08.434,19854,19855,19855,3,3
2024-03-20 15:26:08.434,19854,19855,19856,21,21
2024-03-20 15:26:08.436,19854,19855,19856,2,2
2024-03-20 15:26:08.436,19854,19855,19856,2,2
2024-03-20 15:26:09.631,19855,19856,19855,1,-1
2024-03-20 15:26:10.888,19854,19856,19856,17,17
2024-03-20 15:26:10.889,19854,19856,19856,1,1
2024-03-20 15:26:12.225,19856,19857,19856,1,-1
2024-03-20 15:26:13.582,19856,19857,19856,5,-5
2024-03-20 15:26:19.638,19856,19857,19856,1,-1
2024-03-20 15:26:21.930,19856,19857,19857,26,26
2024-03-20 15:26:21.930,19856,19857,19858,61,61
2024-03-20 15:26:21.932,19856,19857,19858,2,2
2024-03-20 15:26:21.932,19856,19857,19859,1,1
2024-03-20 15:26:21.932,19856,19857,19858,1,1
2024-03-20 15:26:22.033,19858,19859,19859,1,1
2024-03-20 15:26:22.062,19858,19859,19859,1,1
2024-03-20 15:26:22.062,19858,19859,19859,1,1
2024-03-20 15:26:22.145,19858,19859,19859,1,1
2024-03-20 15:26:22.246,19858,19859,19858,1,-1
2024-03-20 15:26:22.325,19858,19859,19858,9,-9
2024-03-20 15:26:22.326,19858,19859,19858,1,-1
2024-03-20 15:26:22.376,19858,19859,19857,1,-1
2024-03-20 15:26:22.980,19856,19858,19858,1,1
2024-03-20 15:26:23.198,19856,19858,19858,1,1
2024-03-20 15:26:23.312,19856,19858,19858,1,1
2024-03-20 15:26:25.509,19857,19858,19858,1,1
2024-03-20 15:26:25.575,19857,19858,19858,1,1
2024-03-20 15:26:26.576,19857,19858,19858,2,2
2024-03-20 15:26:26.688,19857,19858,19858,1,1
2024-03-20 15:26:26.689,19857,19858,19858,4,4
2024-03-20 15:26:26.871,19857,19859,19859,2,2
2024-03-20 15:26:27.512,19858,19859,19858,1,-1
2024-03-20 15:26:28.246,19858,19859,19858,2,-2
2024-03-20 15:26:29.300,19858,19859,19859,1,1
2024-03-20 15:26:29.646,19858,19859,19858,1,-1
2024-03-20 15:26:31.778,19858,19859,19858,1,-1
2024-03-20 15:26:32.321,19858,19859,19858,1,-1
2024-03-20 15:26:34.083,19857,19858,19858,1,1
2024-03-20 15:26:35.934,19857,19858,19858,1,1
2024-03-20 15:26:37.034,19858,19859,19858,1,-1
2024-03-20 15:26:37.034,19858,19859,19857,4,-4
2024-03-20 15:26:39.694,19857,19858,19857,1,-1
2024-03-20 15:26:42.321,19857,19858,19857,1,-1
2024-03-20 15:26:49.679,19857,19858,19857,1,-1
2024-03-20 15:26:52.291,19856,19858,19856,1,-1
2024-03-20 15:26:58.760,19856,19857,19856,2,-2
2024-03-20 15:26:59.760,19856,19857,19856,1,-1
2024-03-20 15:27:00.504,19856,19857,19857,1,1
2024-03-20 15:27:00.675,19856,19857,19856,1,-1
2024-03-20 15:27:02.292,19856,19857,19856,1,-1
2024-03-20 15:27:04.403,19856,19857,19857,1,1
2024-03-20 15:27:04.405,19856,19857,19857,1,1
2024-03-20 15:27:04.406,19856,19857,19857,2,2
2024-03-20 15:27:04.927,19856,19858,19856,1,-1
2024-03-20 15:27:08.724,19856,19857,19856,2,-2
2024-03-20 15:27:09.479,19856,19857,19856,1,-1
2024-03-20 15:27:09.703,19856,19857,19856,1,-1
2024-03-20 15:27:12.322,19856,19857,19856,1,-1
2024-03-20 15:27:13.629,19856,19857,19856,1,-1
2024-03-20 15:27:14.195,19856,19857,19856,1,-1
2024-03-20 15:27:17.035,19856,19857,19856,1,-1
2024-03-20 15:27:18.915,19855,19856,19855,1,-1
2024-03-20 15:27:19.727,19855,19856,19855,1,-1
2024-03-20 15:27:20.459,19855,19856,19856,1,1
2024-03-20 15:27:20.494,19855,19856,19856,1,1
2024-03-20 15:27:20.494,19855,19856,19856,1,1
2024-03-20 15:27:20.494,19855,19856,19856,2,2
2024-03-20 15:27:20.608,19856,19857,19857,1,1
2024-03-20 15:27:22.327,19856,19857,19856,1,-1
2024-03-20 15:27:27.427,19856,19857,19857,1,1
2024-03-20 15:27:29.721,19856,19857,19856,1,-1
2024-03-20 15:27:31.359,19856,19857,19856,1,-1
2024-03-20 15:27:31.804,19856,19857,19857,2,2
2024-03-20 15:27:32.321,19856,19858,19856,1,-1
2024-03-20 15:27:39.044,19856,19858,19858,5,5
2024-03-20 15:27:39.738,19857,19858,19857,1,-1
2024-03-20 15:27:42.348,19856,19858,19856,1,-1
2024-03-20 15:27:48.072,19857,19858,19857,1,-1
2024-03-20 15:27:48.074,19857,19858,19857,1,-1
2024-03-20 15:27:49.756,19856,19858,19856,1,-1
2024-03-20 15:27:52.425,19856,19858,19856,1,-1
2024-03-20 15:27:52.481,19856,19858,19858,1,1
2024-03-20 15:27:52.534,19856,19858,19856,1,-1
2024-03-20 15:27:56.724,19857,19858,19857,2,-2
2024-03-20 15:27:56.732,19857,19858,19857,2,-2
2024-03-20 15:27:58.600,19856,19857,19856,2,-2
2024-03-20 15:27:59.768,19856,19857,19856,1,-1
2024-03-20 15:27:59.936,19856,19857,19857,1,1
2024-03-20 15:28:02.383,19856,19858,19856,1,-1
2024-03-20 15:28:03.675,19855,19857,19857,1,1
2024-03-20 15:28:06.162,19855,19857,19857,1,1
2024-03-20 15:28:07.616,19856,19857,19856,1,-1
2024-03-20 15:28:09.793,19856,19857,19856,1,-1
2024-03-20 15:28:13.790,19856,19857,19856,1,-1
2024-03-20 15:28:17.781,19856,19857,19857,2,2
2024-03-20 15:28:19.808,19857,19858,19857,1,-1
2024-03-20 15:28:20.237,19857,19858,19858,1,1
2024-03-20 15:28:26.074,19857,19858,19858,5,5
2024-03-20 15:28:26.074,19857,19858,19859,5,5
2024-03-20 15:28:26.338,19857,19858,19858,1,1
2024-03-20 15:28:29.805,19857,19858,19857,1,-1
2024-03-20 15:28:29.954,19857,19858,19859,2,2
2024-03-20 15:28:29.954,19857,19858,19858,1,1
2024-03-20 15:28:31.550,19857,19858,19858,2,2
2024-03-20 15:28:34.324,19857,19858,19858,1,1
2024-03-20 15:28:36.784,19857,19858,19858,1,1
2024-03-20 15:28:38.550,19857,19858,19858,3,3
2024-03-20 15:28:39.168,19858,19859,19858,2,-2
2024-03-20 15:28:39.844,19857,19859,19857,1,-1
2024-03-20 15:28:40.812,19857,19858,19858,1,1
2024-03-20 15:28:41.915,19857,19858,19858,1,1
2024-03-20 15:28:47.458,19857,19858,19858,1,1
2024-03-20 15:28:47.749,19857,19858,19857,7,-7
2024-03-20 15:28:48.210,19857,19858,19858,1,1
2024-03-20 15:28:49.839,19857,19858,19857,1,-1
2024-03-20 15:28:51.952,19857,19858,19858,3,3
2024-03-20 15:28:51.952,19857,19858,19859,2,2
2024-03-20 15:28:58.814,19858,19859,19859,2,2
2024-03-20 15:28:59.426,19858,19859,19859,1,1
2024-03-20 15:28:59.937,19858,19859,19858,1,-1
2024-03-20 15:29:01.320,19858,19859,19859,1,1
2024-03-20 15:29:02.490,19858,19859,19859,2,2
2024-03-20 15:29:03.273,19858,19859,19858,1,-1
2024-03-20 15:29:04.481,19857,19859,19859,1,1
2024-03-20 15:29:08.466,19858,19859,19859,1,1
2024-03-20 15:29:09.876,19858,19859,19858,1,-1
2024-03-20 15:29:14.468,19858,19859,19859,1,1
2024-03-20 15:29:14.564,19858,19859,19858,1,-1
2024-03-20 15:29:17.593,19858,19859,19858,1,-1
2024-03-20 15:29:17.594,19858,19859,19858,1,-1
2024-03-20 15:29:17.594,19858,19859,19858,1,-1
2024-03-20 15:29:19.905,19857,19859,19857,1,-1
2024-03-20 15:29:26.124,19857,19859,19858,1,-1
2024-03-20 15:29:27.170,19857,19859,19858,3,-3
2024-03-20 15:29:29.898,19857,19859,19857,1,-1
2024-03-20 15:29:32.934,19857,19858,19858,1,1
2024-03-20 15:29:32.934,19857,19858,19858,1,1
2024-03-20 15:29:39.921,19857,19858,19857,1,-1
2024-03-20 15:29:48.450,19857,19858,19857,1,-1
2024-03-20 15:29:48.755,19857,19858,19858,3,3
2024-03-20 15:29:48.755,19857,19858,19859,21,21
2024-03-20 15:29:48.756,19857,19858,19859,1,1
2024-03-20 15:29:48.756,19857,19858,19859,14,14
2024-03-20 15:29:48.757,19857,19858,19859,3,3
2024-03-20 15:29:48.757,19857,19858,19859,1,1
2024-03-20 15:29:48.758,19857,19858,19858,1,1
2024-03-20 15:29:49.915,19858,19859,19858,1,-1
2024-03-20 15:29:51.177,19858,19859,19858,1,-1
2024-03-20 15:29:59.952,19858,19859,19858,1,-1
2024-03-20 15:30:01.077,19858,19859,19859,1,1
2024-03-20 15:30:01.078,19858,19859,19859,1,1
2024-03-20 15:30:01.081,19858,19859,19859,1,1
2024-03-20 15:30:01.082,19858,19859,19859,1,1
2024-03-20 15:30:01.083,19858,19859,19859,2,2
2024-03-20 15:30:01.211,19858,19860,19860,1,1
2024-03-20 15:30:01.329,19858,19860,19860,2,2
2024-03-20 15:30:01.339,19858,19860,19860,3,3
2024-03-20 15:30:01.355,19858,19860,19860,7,7
2024-03-20 15:30:01.360,19858,19860,19860,3,3
2024-03-20 15:30:01.363,19858,19860,19860,7,7
2024-03-20 15:30:01.363,19858,19860,19860,1,1
2024-03-20 15:30:01.363,19858,19860,19860,7,7
2024-03-20 15:30:01.363,19858,19860,19860,1,1
2024-03-20 15:30:01.363,19858,19860,19860,8,8
2024-03-20 15:30:01.395,19858,19860,19861,1,1
2024-03-20 15:30:01.476,19860,19861,19861,1,1
2024-03-20 15:30:01.476,19860,19861,19861,1,1
2024-03-20 15:30:01.515,19860,19861,19861,1,1
2024-03-20 15:30:01.518,19860,19861,19861,1,1
2024-03-20 15:30:01.524,19860,19861,19861,2,2
2024-03-20 15:30:01.585,19860,19861,19859,1,-1
2024-03-20 15:30:01.620,19860,19861,19858,2,-2
2024-03-20 15:30:01.703,19858,19860,19860,1,1
2024-03-20 15:30:01.731,19858,19860,19860,1,1
2024-03-20 15:30:01.757,19858,19860,19860,1,1
2024-03-20 15:30:01.790,19858,19860,19860,1,1
2024-03-20 15:30:01.800,19858,19860,19860,1,1
2024-03-20 15:30:01.832,19858,19860,19860,1,1
2024-03-20 15:30:01.841,19858,19860,19860,1,1
2024-03-20 15:30:01.944,19858,19860,19860,1,1
2024-03-20 15:30:01.982,19858,19860,19860,1,1
2024-03-20 15:30:02.047,19858,19860,19860,1,1
2024-03-20 15:30:02.294,19858,19860,19860,1,1
2024-03-20 15:30:06.228,19858,19860,19860,2,2
2024-03-20 15:30:06.390,19859,19860,19858,1,-1
2024-03-20 15:30:06.498,19858,19860,19858,7,-7
2024-03-20 15:30:08.701,19858,19859,19859,1,1
2024-03-20 15:30:09.944,19858,19859,19858,1,-1
2024-03-20 15:30:09.991,19858,19859,19859,1,1
2024-03-20 15:30:10.177,19858,19860,19860,3,3
2024-03-20 15:30:15.166,19859,19860,19860,1,1
2024-03-20 15:30:15.166,19859,19860,19860,2,2
2024-03-20 15:30:16.140,19859,19861,19861,1,1
2024-03-20 15:30:18.391,19859,19860,19860,1,1
2024-03-20 15:30:18.592,19859,19860,19860,1,1
2024-03-20 15:30:19.621,19858,19860,19860,5,5
2024-03-20 15:30:19.966,19859,19861,19859,1,-1
2024-03-20 15:30:20.350,19858,19860,19860,1,1
2024-03-20 15:30:21.482,19859,19861,19860,1,1
2024-03-20 15:30:23.815,19859,19860,19860,1,1
2024-03-20 15:30:23.921,19860,19861,19860,1,-1
2024-03-20 15:30:26.223,19859,19860,19860,1,1
2024-03-20 15:30:28.735,19859,19860,19860,1,1
2024-03-20 15:30:29.977,19859,19860,19859,1,-1
2024-03-20 15:30:30.405,19859,19860,19859,1,-1
2024-03-20 15:30:30.629,19858,19860,19860,3,3
2024-03-20 15:30:34.793,19859,19860,19859,1,-1
2024-03-20 15:30:36.489,19859,19860,19860,1,1
2024-03-20 15:30:40.083,19859,19860,19859,1,-1
2024-03-20 15:30:40.671,19859,19860,19860,1,1
2024-03-20 15:30:42.949,19859,19860,19859,2,-2
2024-03-20 15:30:44.582,19859,19860,19860,1,1
2024-03-20 15:30:48.364,19859,19860,19859,1,-1
2024-03-20 15:30:49.120,19859,19860,19860,1,1
2024-03-20 15:30:49.387,19859,19860,19860,1,1
2024-03-20 15:30:49.988,19859,19860,19859,1,-1
2024-03-20 15:30:55.394,19859,19860,19859,1,-1
2024-03-20 15:30:58.573,19859,19860,19859,1,-1
2024-03-20 15:30:58.880,19859,19860,19859,1,-1
2024-03-20 15:30:59.098,19859,19860,19859,1,-1
2024-03-20 15:31:00.006,19859,19860,19859,1,-1
2024-03-20 15:31:00.041,19859,19860,19860,1,1
2024-03-20 15:31:00.041,19859,19860,19860,1,1
2024-03-20 15:31:00.041,19859,19860,19860,1,1
2024-03-20 15:31:00.042,19859,19860,19860,1,1
2024-03-20 15:31:03.601,19859,19860,19860,1,1
2024-03-20 15:31:03.656,19859,19860,19860,1,1
2024-03-20 15:31:03.658,19859,19860,19860,1,1
2024-03-20 15:31:05.850,19859,19860,19859,1,-1
2024-03-20 15:31:06.749,19859,19860,19859,1,-1
2024-03-20 15:31:07.992,19859,19860,19860,1,1
2024-03-20 15:31:10.012,19859,19860,19859,1,-1
2024-03-20 15:31:12.624,19859,19860,19860,1,1
2024-03-20 15:31:15.351,19859,19860,19860,5,5
2024-03-20 15:31:17.882,19859,19860,19860,9,9
2024-03-20 15:31:17.882,19859,19860,19861,91,91
2024-03-20 15:31:17.883,19859,19860,19861,3,3
2024-03-20 15:31:17.883,19859,19860,19861,3,3
2024-03-20 15:31:17.883,19859,19860,19861,11,11
2024-03-20 15:31:17.883,19859,19860,19861,1,1
2024-03-20 15:31:17.883,19859,19860,19861,4,4
2024-03-20 15:31:17.883,19859,19860,19861,13,13
2024-03-20 15:31:17.884,19859,19860,19861,1,1
2024-03-20 15:31:17.884,19859,19860,19861,45,45
2024-03-20 15:31:17.885,19859,19860,19862,1,1
2024-03-20 15:31:17.885,19859,19860,19862,8,8
2024-03-20 15:31:17.885,19859,19860,19862,8,8
2024-03-20 15:31:17.885,19859,19860,19862,1,1
2024-03-20 15:31:17.885,19859,19860,19862,3,3
2024-03-20 15:31:17.997,19862,19863,19863,1,1
2024-03-20 15:31:18.001,19862,19863,19862,1,-1
2024-03-20 15:31:18.076,19862,19863,19863,5,5
2024-03-20 15:31:18.098,19862,19863,19863,4,4
2024-03-20 15:31:18.098,19862,19863,19863,3,3
2024-03-20 15:31:18.206,19863,19864,19863,2,-2
2024-03-20 15:31:18.555,19862,19863,19863,1,1
2024-03-20 15:31:18.763,19862,19863,19863,1,1
2024-03-20 15:31:18.763,19862,19863,19862,1,-1
2024-03-20 15:31:18.782,19862,19863,19863,1,1
2024-03-20 15:31:19.713,19862,19863,19863,1,1
2024-03-20 15:31:19.714,19862,19863,19862,2,-2
2024-03-20 15:31:19.737,19862,19863,19864,1,1
2024-03-20 15:31:20.077,19862,19864,19862,1,-1
2024-03-20 15:31:22.153,19862,19864,19862,10,-10
2024-03-20 15:31:22.429,19862,19863,19863,1,1
2024-03-20 15:31:22.736,19862,19863,19863,1,1
2024-03-20 15:31:24.979,19862,19863,19862,1,-1
2024-03-20 15:31:25.037,19862,19863,19863,1,1
2024-03-20 15:31:26.483,19862,19863,19863,1,1
2024-03-20 15:31:28.836,19861,19863,19863,2,2
2024-03-20 15:31:30.052,19860,19861,19860,1,-1
2024-03-20 15:31:31.000,19860,19861,19861,1,1
2024-03-20 15:31:35.060,19860,19861,19861,1,1
2024-03-20 15:31:36.384,19860,19861,19861,3,3
2024-03-20 15:31:36.405,19860,19861,19861,1,1
2024-03-20 15:31:37.157,19860,19861,19860,1,-1
2024-03-20 15:31:37.181,19860,19861,19860,1,-1
2024-03-20 15:31:38.511,19860,19861,19860,1,-1
2024-03-20 15:31:40.063,19860,19861,19860,1,-1
2024-03-20 15:31:40.501,19860,19861,19861,2,2
2024-03-20 15:31:40.822,19860,19861,19861,1,1
2024-03-20 15:31:42.020,19860,19861,19861,5,5
2024-03-20 15:31:42.881,19860,19861,19861,3,3
2024-03-20 15:31:43.317,19860,19861,19860,1,-1
2024-03-20 15:31:46.864,19860,19861,19861,1,1
2024-03-20 15:31:49.895,19860,19861,19861,1,1
2024-03-20 15:31:50.087,19860,19861,19860,1,-1
2024-03-20 15:31:50.940,19860,19861,19861,2,2
2024-03-20 15:31:54.880,19860,19861,19860,1,-1
2024-03-20 15:32:00.076,19860,19861,19860,1,-1
2024-03-20 15:32:00.811,19860,19861,19860,2,-2
2024-03-20 15:32:00.811,19860,19861,19860,3,-3
2024-03-20 15:32:00.811,19860,19861,19860,18,-18
2024-03-20 15:32:00.811,19860,19861,19860,9,-9
2024-03-20 15:32:00.811,19860,19861,19860,1,-1
2024-03-20 15:32:00.812,19860,19861,19860,7,-7
2024-03-20 15:32:00.812,19860,19861,19860,1,-1
2024-03-20 15:32:00.812,19860,19861,19860,2,-2
2024-03-20 15:32:03.319,19859,19860,19859,1,-1
2024-03-20 15:32:03.421,19859,19860,19860,4,4
2024-03-20 15:32:08.895,19860,19861,19860,1,-1
2024-03-20 15:32:10.114,19859,19861,19859,1,-1
2024-03-20 15:32:15.413,19860,19861,19860,1,-1
2024-03-20 15:32:15.638,19859,19860,19860,2,2
2024-03-20 15:32:17.148,19859,19860,19859,1,-1
2024-03-20 15:32:20.209,19859,19860,19859,1,-1
2024-03-20 15:32:30.134,19859,19860,19859,1,-1
2024-03-20 15:32:30.516,19859,19860,19859,1,-1
2024-03-20 15:32:30.537,19859,19860,19859,1,-1
2024-03-20 15:32:36.338,19858,19860,19860,1,1
2024-03-20 15:32:40.140,19859,19860,19859,1,-1
2024-03-20 15:32:47.887,19859,19860,19860,1,1
2024-03-20 15:32:48.118,19859,19860,19860,4,4
2024-03-20 15:32:50.238,19859,19860,19859,1,-1
2024-03-20 15:32:58.368,19859,19860,19859,1,-1
2024-03-20 15:33:00.169,19859,19860,19859,1,-1
2024-03-20 15:33:02.276,19859,19860,19860,16,16
2024-03-20 15:33:02.687,19859,19860,19860,1,1
2024-03-20 15:33:10.244,19859,19860,19859,1,-1
2024-03-20 15:33:17.019,19859,19860,19859,1,-1
2024-03-20 15:33:18.021,19859,19860,19859,1,-1
2024-03-20 15:33:18.687,19859,19860,19860,1,1
2024-03-20 15:33:20.177,19859,19861,19859,1,-1
2024-03-20 15:33:27.297,19859,19861,19861,1,1
2024-03-20 15:33:28.080,19860,19861,19861,1,1
2024-03-20 15:33:28.528,19860,19861,19860,1,-1
2024-03-20 15:33:30.064,19860,19861,19860,1,-1
2024-03-20 15:33:30.193,19860,19861,19860,1,-1
2024-03-20 15:33:30.272,19860,19861,19860,1,-1
2024-03-20 15:33:30.709,19860,19861,19860,1,-1
2024-03-20 15:33:31.488,19860,19861,19860,1,-1
2024-03-20 15:33:33.037,19860,19861,19860,1,-1
2024-03-20 15:33:39.413,19860,19861,19860,1,-1
2024-03-20 15:33:40.216,19860,19861,19860,1,-1
2024-03-20 15:33:41.427,19860,19861,19860,1,-1
2024-03-20 15:33:41.427,19860,19861,19860,1,-1
2024-03-20 15:33:42.535,19860,19861,19860,1,-1
2024-03-20 15:33:45.999,19860,19861,19860,10,-10
2024-03-20 15:33:46.109,19860,19861,19860,1,-1
2024-03-20 15:33:49.115,19860,19861,19860,1,-1
2024-03-20 15:33:50.157,19860,19861,19860,1,-1
2024-03-20 15:33:50.280,19860,19861,19860,1,-1
2024-03-20 15:33:50.315,19860,19861,19860,1,-1
2024-03-20 15:33:57.591,19860,19861,19860,1,-1
2024-03-20 15:34:00.144,19860,19861,19860,1,-1
2024-03-20 15:34:00.222,19860,19861,19860,1,-1
2024-03-20 15:34:01.523,19860,19861,19860,1,-1
2024-03-20 15:34:01.833,19860,19861,19860,1,-1
2024-03-20 15:34:02.490,19860,19861,19860,1,-1
2024-03-20 15:34:06.262,19859,19860,19860,1,1
2024-03-20 15:34:07.630,19860,19861,19860,1,-1
2024-03-20 15:34:09.854,19859,19860,19860,3,3
2024-03-20 15:34:10.255,19860,19861,19860,1,-1
2024-03-20 15:34:15.356,19859,19860,19860,2,2
2024-03-20 15:34:17.868,19860,19861,19860,1,-1
2024-03-20 15:34:19.227,19859,19860,19860,2,2
2024-03-20 15:34:20.321,19859,19860,19859,1,-1
2024-03-20 15:34:22.789,19859,19860,19859,2,-2
2024-03-20 15:34:24.478,19859,19860,19859,1,-1
2024-03-20 15:34:26.426,19859,19860,19860,1,1
2024-03-20 15:34:30.272,19859,19860,19859,1,-1
2024-03-20 15:34:30.491,19859,19860,19860,1,1
2024-03-20 15:34:40.300,19859,19860,19859,1,-1
2024-03-20 15:34:40.648,19859,19860,19859,1,-1
2024-03-20 15:34:43.050,19859,19860,19859,1,-1
2024-03-20 15:34:45.549,19859,19860,19860,1,1
2024-03-20 15:34:50.325,19859,19860,19859,1,-1
2024-03-20 15:34:54.326,19859,19860,19859,1,-1
2024-03-20 15:34:54.326,19859,19860,19859,1,-1
2024-03-20 15:34:54.326,19859,19860,19859,4,-4
2024-03-20 15:34:54.326,19859,19860,19859,2,-2
2024-03-20 15:35:00.345,19858,19860,19858,1,-1
2024-03-20 15:35:00.347,19858,19860,19860,1,1
2024-03-20 15:35:00.352,19858,19860,19860,1,1
2024-03-20 15:35:01.729,19859,19860,19859,1,-1
2024-03-20 15:35:02.174,19858,19860,19860,5,5
2024-03-20 15:35:02.179,19858,19860,19860,5,5
2024-03-20 15:35:02.184,19858,19860,19860,5,5
2024-03-20 15:35:02.189,19858,19860,19860,1,1
2024-03-20 15:35:02.189,19858,19860,19860,2,2
2024-03-20 15:35:02.863,19859,19860,19859,1,-1
2024-03-20 15:35:03.097,19858,19860,19858,1,-1
2024-03-20 15:35:03.121,19858,19860,19858,1,-1
2024-03-20 15:35:10.359,19859,19860,19859,1,-1
2024-03-20 15:35:11.157,19859,19860,19860,1,1
2024-03-20 15:35:20.216,19859,19860,19859,1,-1
2024-03-20 15:35:20.348,19859,19860,19860,1,1
2024-03-20 15:35:20.375,19859,19860,19859,1,-1
2024-03-20 15:35:26.973,19858,19860,19858,4,-4
2024-03-20 15:35:30.322,19858,19859,19859,1,1
2024-03-20 15:35:30.376,19858,19859,19858,1,-1
2024-03-20 15:35:30.518,19858,19859,19859,1,1
2024-03-20 15:35:32.619,19858,19860,19858,1,-1
2024-03-20 15:35:33.741,19859,19860,19859,1,-1
2024-03-20 15:35:40.382,19858,19859,19858,1,-1
2024-03-20 15:35:48.435,19858,19859,19859,1,1
2024-03-20 15:35:50.088,19858,19859,19858,2,-2
2024-03-20 15:35:50.333,19858,19859,19859,1,1
2024-03-20 15:35:50.392,19858,19859,19858,1,-1
2024-03-20 15:36:00.340,19858,19859,19858,47,-47
2024-03-20 15:36:00.340,19858,19859,19858,2,-2
2024-03-20 15:36:00.340,19858,19859,19858,1,-1
2024-03-20 15:36:00.341,19858,19859,19858,3,-3
2024-03-20 15:36:00.341,19858,19859,19858,2,-2
2024-03-20 15:36:00.341,19858,19859,19858,2,-2
2024-03-20 15:36:00.341,19858,19859,19858,1,-1
2024-03-20 15:36:00.341,19858,19859,19858,3,-3
2024-03-20 15:36:00.341,19858,19859,19858,1,-1
2024-03-20 15:36:00.341,19858,19859,19858,11,-11
2024-03-20 15:36:00.341,19858,19859,19858,9,-9
2024-03-20 15:36:00.341,19858,19859,19858,2,-2
2024-03-20 15:36:00.342,19858,19859,19857,2,-2
2024-03-20 15:36:00.342,19858,19859,19857,1,-1
2024-03-20 15:36:00.404,19857,19858,19857,1,-1
2024-03-20 15:36:05.085,19856,19858,19858,2,2
2024-03-20 15:36:07.123,19856,19858,19858,1,1
2024-03-20 15:36:10.430,19856,19857,19856,1,-1
2024-03-20 15:36:10.543,19856,19857,19856,1,-1
2024-03-20 15:36:13.686,19856,19857,19856,1,-1
2024-03-20 15:36:19.508,19856,19857,19856,1,-1
2024-03-20 15:36:20.497,19856,19857,19856,1,-1
2024-03-20 15:36:20.792,19855,19857,19855,1,-1
2024-03-20 15:36:20.939,19855,19857,19855,2,-2
2024-03-20 15:36:21.193,19855,19857,19857,1,1
2024-03-20 15:36:23.948,19855,19856,19856,1,1
2024-03-20 15:36:25.106,19855,19857,19857,1,1
2024-03-20 15:36:25.403,19855,19857,19855,1,-1
2024-03-20 15:36:26.241,19855,19857,19857,1,1
2024-03-20 15:36:30.448,19856,19857,19856,1,-1
2024-03-20 15:36:35.191,19856,19857,19856,4,-4
2024-03-20 15:36:36.523,19856,19857,19856,1,-1
2024-03-20 15:36:40.464,19856,19857,19856,1,-1
2024-03-20 15:36:42.805,19856,19857,19856,1,-1
2024-03-20 15:36:44.889,19855,19857,19855,1,-1
2024-03-20 15:36:50.475,19856,19857,19856,1,-1
2024-03-20 15:36:55.422,19855,19856,19855,2,-2
2024-03-20 15:36:58.941,19855,19856,19855,3,-3
2024-03-20 15:36:58.941,19855,19856,19855,1,-1
2024-03-20 15:36:58.941,19855,19856,19855,3,-3
2024-03-20 15:36:58.941,19855,19856,19855,1,-1
2024-03-20 15:36:58.942,19855,19856,19855,1,-1
2024-03-20 15:36:58.942,19855,19856,19855,1,-1
2024-03-20 15:36:58.942,19855,19856,19855,1,-1
2024-03-20 15:36:58.942,19855,19856,19855,2,-2
2024-03-20 15:36:58.942,19855,19856,19855,1,-1
2024-03-20 15:36:58.942,19855,19856,19855,3,-3
2024-03-20 15:36:58.942,19855,19856,19855,2,-2
2024-03-20 15:36:58.942,19855,19856,19855,2,-2
2024-03-20 15:36:58.942,19855,19856,19855,3,-3
2024-03-20 15:36:59.226,19854,19855,19855,1,1
2024-03-20 15:36:59.226,19854,19855,19855,3,3
2024-03-20 15:37:00.507,19854,19856,19854,1,-1
2024-03-20 15:37:00.832,19854,19856,19856,1,1
2024-03-20 15:37:01.642,19854,19856,19854,1,-1
