2020-10-12 15:00:00.098,12910,12911,12911,50,50
2020-10-12 15:00:00.162,12911,12914,12914,1,1
2020-10-12 15:00:00.196,12911,12914,12912,1,-1
2020-10-12 15:00:00.196,12911,12914,12911,4,-4
2020-10-12 15:00:00.206,12911,12914,12910,1,-1
2020-10-12 15:00:00.278,12910,12913,12910,2,-2
2020-10-12 15:00:00.385,12910,12913,12910,3,-3
2020-10-12 15:00:00.503,12911,12913,12913,1,1
2020-10-12 15:00:00.964,12911,12913,12913,1,1
2020-10-12 15:00:00.976,12911,12913,12913,2,2
2020-10-12 15:00:00.995,12911,12913,12914,1,1
2020-10-12 15:00:00.995,12911,12913,12915,1,1
2020-10-12 15:00:01.119,12911,12915,12915,2,2
2020-10-12 15:00:01.119,12911,12915,12916,3,3
2020-10-12 15:00:01.207,12914,12916,12914,2,-2
2020-10-12 15:00:01.332,12913,12915,12913,4,-4
2020-10-12 15:00:01.388,12913,12915,12913,2,-2
2020-10-12 15:00:01.388,12913,12915,12914,3,3
2020-10-12 15:00:01.610,12911,12914,12914,1,1
2020-10-12 15:00:01.619,12911,12914,12912,1,-1
2020-10-12 15:00:01.629,12911,12914,12915,2,2
2020-10-12 15:00:01.629,12911,12914,12916,3,3
2020-10-12 15:00:01.795,12912,12916,12916,1,1
2020-10-12 15:00:01.836,12912,12916,12916,4,4
2020-10-12 15:00:01.836,12912,12916,12917,1,1
2020-10-12 15:00:01.966,12913,12916,12916,1,1
2020-10-12 15:00:02.207,12912,12916,12912,5,-5
2020-10-12 15:00:02.332,12911,12913,12911,8,-8
2020-10-12 15:00:02.457,12911,12912,12911,1,-1
2020-10-12 15:00:02.582,12911,12913,12911,5,-5
2020-10-12 15:00:02.582,12911,12913,12910,6,-6
2020-10-12 15:00:02.707,12910,12911,12910,5,-5
2020-10-12 15:00:03.332,12909,12911,12909,8,-8
2020-10-12 15:00:03.457,12908,12910,12908,1,-1
2020-10-12 15:00:03.509,12908,12910,12909,1,1
2020-10-12 15:00:03.890,12908,12910,12910,1,1
2020-10-12 15:00:04.415,12908,12910,12908,1,-1
2020-10-12 15:00:04.643,12908,12910,12908,1,-1
2020-10-12 15:00:04.651,12908,12910,12910,1,1
2020-10-12 15:00:04.683,12908,12910,12908,1,-1
2020-10-12 15:00:04.806,12908,12910,12910,2,2
2020-10-12 15:00:04.806,12908,12910,12910,1,1
2020-10-12 15:00:07.081,12909,12911,12911,1,1
2020-10-12 15:00:08.188,12911,12913,12913,1,1
2020-10-12 15:00:10.459,12912,12913,12912,1,-1
2020-10-12 15:00:11.699,12911,12913,12913,1,1
2020-10-12 15:00:11.746,12911,12913,12913,1,1
2020-10-12 15:00:13.638,12912,12913,12912,1,-1
2020-10-12 15:00:13.638,12912,12913,12911,1,-1
2020-10-12 15:00:15.745,12912,12913,12912,1,1
2020-10-12 15:00:17.765,12911,12912,12911,1,-1
2020-10-12 15:00:18.052,12911,12912,12912,1,1
2020-10-12 15:00:18.353,12911,12912,12911,1,-1
2020-10-12 15:00:19.963,12911,12912,12911,1,-1
2020-10-12 15:00:21.558,12910,12911,12911,1,1
2020-10-12 15:00:23.297,12911,12912,12911,1,-1
2020-10-12 15:00:23.877,12911,12912,12911,1,-1
2020-10-12 15:00:24.787,12911,12912,12910,1,-1
2020-10-12 15:00:26.102,12910,12911,12911,1,1
2020-10-12 15:00:26.203,12910,12911,12911,5,5
2020-10-12 15:00:26.203,12910,12911,12910,12,-12
2020-10-12 15:00:26.204,12910,12911,12910,5,-5
2020-10-12 15:00:26.204,12910,12911,12910,3,-3
2020-10-12 15:00:35.092,12911,12912,12911,4,4
2020-10-12 15:00:35.092,12911,12912,12910,12,-12
2020-10-12 15:00:35.092,12911,12912,12909,2,-2
2020-10-12 15:00:38.224,12910,12911,12910,1,1
2020-10-12 15:00:40.109,12910,12911,12911,1,1
2020-10-12 15:00:41.153,12910,12911,12910,1,-1
2020-10-12 15:00:41.219,12910,12911,12910,1,-1
2020-10-12 15:00:41.739,12910,12911,12910,3,-3
2020-10-12 15:00:41.741,12910,12911,12910,9,-9
2020-10-12 15:00:41.741,12910,12911,12910,2,-2
2020-10-12 15:00:41.741,12910,12911,12910,3,-3
2020-10-12 15:00:42.378,12909,12910,12910,3,3
2020-10-12 15:00:47.302,12910,12911,12910,1,-1
2020-10-12 15:00:47.509,12910,12911,12910,1,-1
2020-10-12 15:00:51.147,12910,12911,12910,1,-1
2020-10-12 15:00:51.177,12910,12911,12910,1,-1
2020-10-12 15:00:51.205,12910,12911,12910,1,-1
2020-10-12 15:00:51.224,12910,12911,12910,1,-1
2020-10-12 15:00:52.956,12910,12911,12910,1,-1
2020-10-12 15:00:56.326,12910,12911,12910,1,-1
2020-10-12 15:00:56.619,12910,12911,12911,2,2
2020-10-12 15:00:57.738,12910,12911,12910,1,-1
2020-10-12 15:00:57.776,12910,12911,12910,1,-1
2020-10-12 15:00:58.712,12910,12911,12911,1,1
2020-10-12 15:00:59.407,12910,12911,12911,1,1
2020-10-12 15:00:59.978,12910,12911,12911,1,1
2020-10-12 15:00:59.981,12910,12911,12911,1,1
2020-10-12 15:01:00.020,12910,12911,12911,1,1
2020-10-12 15:01:02.196,12910,12911,12911,3,3
2020-10-12 15:01:02.196,12910,12911,12911,1,1
2020-10-12 15:01:02.196,12910,12911,12911,4,4
2020-10-12 15:01:02.197,12910,12911,12911,16,16
2020-10-12 15:01:05.567,12911,12912,12911,1,-1
2020-10-12 15:01:05.738,12911,12912,12911,1,-1
2020-10-12 15:01:07.832,12911,12912,12911,2,-2
2020-10-12 15:01:07.954,12911,12912,12912,1,1
2020-10-12 15:01:08.914,12911,12912,12912,1,1
2020-10-12 15:01:15.098,12911,12912,12912,1,1
2020-10-12 15:01:15.098,12911,12912,12912,1,1
2020-10-12 15:01:15.098,12911,12912,12912,1,1
2020-10-12 15:01:15.099,12911,12912,12912,8,8
2020-10-12 15:01:19.289,12912,12913,12912,1,-1
2020-10-12 15:01:21.848,12912,12913,12912,1,-1
2020-10-12 15:01:22.535,12911,12912,12912,1,1
2020-10-12 15:01:23.742,12911,12912,12912,1,1
2020-10-12 15:01:26.843,12911,12912,12912,2,2
2020-10-12 15:01:27.346,12911,12912,12912,1,1
2020-10-12 15:01:34.499,12912,12913,12912,1,-1
2020-10-12 15:01:35.834,12911,12913,12911,5,-5
2020-10-12 15:01:38.531,12911,12912,12912,1,1
2020-10-12 15:01:42.518,12912,12913,12913,5,5
2020-10-12 15:01:42.518,12912,12913,12913,5,5
2020-10-12 15:01:49.238,12912,12913,12913,1,1
2020-10-12 15:01:50.734,12913,12914,12914,1,1
2020-10-12 15:01:53.958,12913,12914,12913,1,-1
2020-10-12 15:01:54.454,12912,12913,12913,1,1
2020-10-12 15:01:56.953,12912,12914,12912,1,-1
2020-10-12 15:02:01.949,12912,12913,12912,1,-1
2020-10-12 15:02:02.570,12912,12913,12912,1,-1
2020-10-12 15:02:02.623,12912,12913,12913,1,1
2020-10-12 15:02:03.070,12912,12913,12913,2,2
2020-10-12 15:02:03.149,12912,12913,12912,1,-1
2020-10-12 15:02:03.149,12912,12913,12912,3,-3
2020-10-12 15:02:04.861,12912,12913,12912,1,-1
2020-10-12 15:02:06.660,12911,12912,12912,1,1
2020-10-12 15:02:06.750,12911,12912,12912,1,1
2020-10-12 15:02:06.751,12911,12912,12912,1,1
2020-10-12 15:02:07.623,12911,12913,12913,1,1
2020-10-12 15:02:09.819,12912,12913,12912,1,-1
2020-10-12 15:02:11.250,12912,12913,12912,1,-1
2020-10-12 15:02:14.921,12912,12913,12912,1,-1
2020-10-12 15:02:17.774,12911,12912,12912,1,1
2020-10-12 15:02:22.029,12912,12913,12912,1,-1
2020-10-12 15:02:22.492,12912,12913,12912,1,-1
2020-10-12 15:02:22.492,12912,12913,12911,6,-6
2020-10-12 15:02:24.921,12911,12912,12912,1,1
2020-10-12 15:02:24.921,12911,12912,12912,1,1
2020-10-12 15:02:24.922,12911,12912,12912,10,10
2020-10-12 15:02:27.019,12911,12913,12912,1,-1
2020-10-12 15:02:30.887,12911,12913,12912,1,-1
2020-10-12 15:02:32.824,12912,12913,12913,1,1
2020-10-12 15:02:34.640,12912,12913,12912,1,-1
2020-10-12 15:02:44.268,12912,12913,12912,1,-1
2020-10-12 15:02:44.650,12912,12913,12913,1,1
2020-10-12 15:02:49.078,12912,12913,12913,3,3
2020-10-12 15:02:56.906,12912,12913,12913,1,1
2020-10-12 15:02:58.666,12912,12913,12913,1,1
2020-10-12 15:02:59.025,12912,12913,12913,1,1
2020-10-12 15:02:59.239,12912,12913,12913,2,2
2020-10-12 15:03:02.251,12912,12913,12913,2,2
2020-10-12 15:03:02.892,12912,12913,12913,1,1
2020-10-12 15:03:03.704,12912,12913,12913,1,1
2020-10-12 15:03:05.079,12913,12914,12913,1,-1
2020-10-12 15:03:05.550,12912,12914,12914,2,2
2020-10-12 15:03:07.887,12913,12914,12913,1,-1
2020-10-12 15:03:10.623,12912,12913,12913,1,1
2020-10-12 15:03:12.708,12912,12913,12913,2,2
2020-10-12 15:03:14.242,12912,12913,12913,2,2
2020-10-12 15:03:14.702,12912,12913,12913,2,2
2020-10-12 15:03:15.901,12912,12913,12913,1,1
2020-10-12 15:03:18.254,12912,12913,12913,1,1
2020-10-12 15:03:19.074,12912,12913,12913,1,1
2020-10-12 15:03:19.223,12912,12913,12913,1,1
2020-10-12 15:03:19.343,12912,12913,12913,1,1
2020-10-12 15:03:19.365,12912,12913,12913,1,1
2020-10-12 15:03:23.577,12912,12913,12913,1,1
2020-10-12 15:03:28.513,12912,12913,12913,1,1
2020-10-12 15:03:30.863,12912,12913,12912,5,-5
2020-10-12 15:03:36.324,12911,12912,12912,1,1
2020-10-12 15:03:36.675,12911,12913,12913,1,1
2020-10-12 15:03:40.502,12911,12913,12913,1,1
2020-10-12 15:03:44.852,12911,12913,12913,1,1
2020-10-12 15:04:01.159,12911,12913,12913,1,1
2020-10-12 15:04:01.161,12911,12913,12913,1,1
2020-10-12 15:04:01.165,12911,12913,12913,2,2
2020-10-12 15:04:05.504,12911,12912,12911,1,-1
2020-10-12 15:04:11.270,12911,12912,12912,1,1
2020-10-12 15:04:12.377,12911,12912,12912,1,1
2020-10-12 15:04:14.619,12911,12912,12911,1,-1
2020-10-12 15:04:15.375,12911,12912,12912,1,1
2020-10-12 15:04:15.703,12911,12912,12911,1,-1
2020-10-12 15:04:16.554,12911,12912,12912,1,1
2020-10-12 15:04:18.052,12911,12913,12912,1,-1
2020-10-12 15:04:19.025,12911,12912,12912,4,4
2020-10-12 15:04:22.850,12911,12912,12912,1,1
2020-10-12 15:04:33.318,12911,12912,12912,1,1
2020-10-12 15:04:33.978,12911,12912,12911,1,-1
2020-10-12 15:04:37.152,12911,12912,12912,1,1
2020-10-12 15:04:38.585,12911,12912,12911,1,-1
2020-10-12 15:04:43.911,12911,12912,12912,1,1
2020-10-12 15:04:46.304,12911,12912,12911,15,-15
2020-10-12 15:04:48.956,12911,12912,12912,1,1
2020-10-12 15:04:53.023,12911,12912,12911,8,-8
2020-10-12 15:04:57.097,12910,12911,12911,1,1
2020-10-12 15:05:02.314,12910,12911,12911,4,4
2020-10-12 15:05:03.603,12910,12911,12911,1,1
2020-10-12 15:05:03.944,12910,12911,12910,3,-3
2020-10-12 15:05:10.878,12910,12911,12910,2,-2
2020-10-12 15:05:10.878,12910,12911,12910,1,-1
2020-10-12 15:05:10.878,12910,12911,12910,1,-1
2020-10-12 15:05:10.878,12910,12911,12910,1,-1
2020-10-12 15:05:10.879,12910,12911,12910,9,-9
2020-10-12 15:05:10.879,12910,12911,12910,7,-7
2020-10-12 15:05:10.879,12910,12911,12910,3,-3
2020-10-12 15:05:10.879,12910,12911,12910,1,-1
2020-10-12 15:05:10.879,12910,12911,12910,9,-9
2020-10-12 15:05:14.618,12909,12910,12909,5,-5
2020-10-12 15:05:16.110,12908,12909,12908,1,-1
2020-10-12 15:05:16.630,12908,12909,12908,3,-3
2020-10-12 15:05:16.873,12908,12909,12908,1,-1
2020-10-12 15:05:17.668,12908,12909,12908,1,-1
2020-10-12 15:05:18.011,12908,12909,12908,1,-1
2020-10-12 15:05:18.655,12908,12909,12908,2,-2
2020-10-12 15:05:19.163,12908,12909,12908,1,-1
2020-10-12 15:05:20.191,12908,12909,12908,1,-1
2020-10-12 15:05:21.555,12907,12908,12908,1,1
2020-10-12 15:05:29.211,12907,12908,12908,4,4
2020-10-12 15:05:35.096,12907,12908,12908,10,10
2020-10-12 15:05:40.602,12908,12909,12909,1,1
2020-10-12 15:05:45.318,12908,12909,12909,3,3
2020-10-12 15:05:46.488,12908,12909,12908,1,-1
2020-10-12 15:05:52.796,12908,12909,12909,10,10
2020-10-12 15:05:54.744,12908,12910,12908,3,-3
2020-10-12 15:05:55.401,12909,12910,12909,1,1
2020-10-12 15:05:59.273,12909,12910,12909,4,-4
2020-10-12 15:05:59.273,12909,12910,12908,1,-1
2020-10-12 15:06:00.336,12908,12909,12909,9,9
2020-10-12 15:06:01.152,12909,12910,12909,1,-1
2020-10-12 15:06:03.140,12909,12910,12909,4,-4
2020-10-12 15:06:03.140,12909,12910,12908,1,-1
2020-10-12 15:06:06.030,12909,12910,12909,1,1
2020-10-12 15:06:07.254,12908,12910,12908,2,-2
2020-10-12 15:06:11.797,12908,12909,12908,5,-5
2020-10-12 15:06:16.549,12908,12909,12908,1,-1
2020-10-12 15:06:17.005,12908,12909,12908,1,-1
2020-10-12 15:06:17.645,12908,12909,12908,2,-2
2020-10-12 15:06:20.430,12908,12909,12909,8,8
2020-10-12 15:06:20.624,12909,12910,12910,4,4
2020-10-12 15:06:20.862,12909,12910,12910,1,1
2020-10-12 15:06:25.431,12909,12910,12910,8,8
2020-10-12 15:06:28.357,12910,12911,12910,1,-1
2020-10-12 15:06:30.434,12909,12910,12910,2,2
2020-10-12 15:06:41.169,12909,12911,12910,1,-1
2020-10-12 15:06:50.532,12910,12911,12911,1,1
2020-10-12 15:06:54.197,12910,12911,12911,1,1
2020-10-12 15:06:54.848,12910,12911,12910,4,-4
2020-10-12 15:06:56.636,12910,12911,12910,12,-12
2020-10-12 15:06:56.768,12909,12910,12910,1,1
2020-10-12 15:06:58.405,12909,12910,12909,1,-1
2020-10-12 15:06:58.525,12909,12910,12910,1,1
2020-10-12 15:06:59.536,12909,12910,12909,6,-6
2020-10-12 15:07:02.278,12908,12909,12908,1,-1
2020-10-12 15:07:02.761,12908,12909,12908,7,-7
2020-10-12 15:07:03.020,12907,12908,12907,1,-1
2020-10-12 15:07:03.023,12907,12908,12907,1,-1
2020-10-12 15:07:03.111,12907,12908,12907,2,-2
2020-10-12 15:07:03.157,12907,12908,12908,1,1
2020-10-12 15:07:04.339,12907,12908,12908,1,1
2020-10-12 15:07:04.524,12907,12908,12907,2,-2
2020-10-12 15:07:04.548,12907,12908,12906,3,-3
2020-10-12 15:07:04.710,12906,12907,12906,2,-2
2020-10-12 15:07:05.769,12906,12908,12908,2,2
2020-10-12 15:07:06.528,12906,12908,12906,6,-6
2020-10-12 15:07:06.531,12906,12908,12906,1,-1
2020-10-12 15:07:06.680,12905,12907,12907,4,4
2020-10-12 15:07:07.031,12906,12908,12908,1,1
2020-10-12 15:07:07.087,12906,12908,12908,1,1
2020-10-12 15:07:11.089,12906,12908,12906,1,-1
2020-10-12 15:07:11.652,12906,12908,12908,1,1
2020-10-12 15:07:13.897,12907,12908,12908,4,4
2020-10-12 15:07:18.815,12907,12908,12907,1,-1
2020-10-12 15:07:19.423,12907,12908,12908,1,1
2020-10-12 15:07:20.627,12907,12908,12907,3,-3
2020-10-12 15:07:20.627,12907,12908,12906,3,-3
2020-10-12 15:07:20.699,12907,12908,12906,1,-1
2020-10-12 15:07:20.890,12906,12907,12907,2,2
2020-10-12 15:07:22.473,12907,12908,12907,2,-2
2020-10-12 15:07:23.050,12906,12908,12908,1,1
2020-10-12 15:07:25.406,12906,12908,12908,1,1
2020-10-12 15:07:33.858,12907,12908,12907,1,-1
2020-10-12 15:07:34.119,12906,12907,12907,1,1
2020-10-12 15:07:35.725,12906,12907,12907,1,1
2020-10-12 15:07:38.297,12906,12907,12907,1,1
2020-10-12 15:07:38.297,12906,12907,12908,2,2
2020-10-12 15:07:38.407,12906,12908,12908,1,1
2020-10-12 15:07:40.185,12906,12908,12908,1,1
2020-10-12 15:07:40.519,12906,12908,12908,4,4
2020-10-12 15:07:51.601,12907,12908,12908,5,5
2020-10-12 15:07:51.733,12908,12909,12908,5,-5
2020-10-12 15:07:54.739,12907,12908,12908,1,1
2020-10-12 15:08:01.348,12907,12908,12907,1,-1
2020-10-12 15:08:01.779,12906,12907,12906,2,-2
2020-10-12 15:08:02.230,12906,12907,12906,3,-3
2020-10-12 15:08:02.770,12905,12906,12906,1,1
2020-10-12 15:08:02.854,12905,12906,12906,1,1
2020-10-12 15:08:04.474,12905,12906,12906,5,5
2020-10-12 15:08:04.889,12906,12907,12907,2,2
2020-10-12 15:08:06.233,12906,12908,12906,1,-1
2020-10-12 15:08:09.268,12906,12907,12907,1,1
2020-10-12 15:08:09.723,12906,12908,12906,1,-1
2020-10-12 15:08:09.742,12906,12908,12906,1,-1
2020-10-12 15:08:12.456,12906,12908,12908,3,3
2020-10-12 15:08:23.575,12906,12908,12908,9,9
2020-10-12 15:08:23.575,12906,12908,12909,1,1
2020-10-12 15:08:24.935,12907,12909,12909,1,1
2020-10-12 15:08:37.753,12908,12909,12909,1,1
2020-10-12 15:08:45.268,12908,12909,12908,5,-5
2020-10-12 15:08:48.199,12908,12909,12909,8,8
2020-10-12 15:08:48.199,12908,12909,12910,17,17
2020-10-12 15:09:00.856,12909,12910,12910,1,1
2020-10-12 15:09:09.887,12909,12910,12910,2,2
2020-10-12 15:09:10.662,12909,12911,12911,1,1
2020-10-12 15:09:12.267,12909,12911,12910,1,-1
2020-10-12 15:09:14.735,12910,12911,12911,4,4
2020-10-12 15:09:14.735,12910,12911,12911,11,11
2020-10-12 15:09:21.981,12911,12912,12911,1,-1
2020-10-12 15:09:22.147,12910,12912,12912,1,1
2020-10-12 15:09:22.219,12910,12912,12910,2,-2
2020-10-12 15:09:22.251,12910,12912,12910,2,-2
2020-10-12 15:09:23.437,12909,12911,12911,1,1
2020-10-12 15:09:41.577,12910,12911,12911,3,3
2020-10-12 15:09:43.837,12911,12912,12911,1,-1
2020-10-12 15:09:43.880,12911,12912,12911,1,-1
2020-10-12 15:09:51.177,12911,12912,12911,1,-1
2020-10-12 15:09:51.190,12911,12912,12911,1,-1
2020-10-12 15:09:51.563,12910,12911,12911,1,1
2020-10-12 15:09:58.709,12910,12911,12911,3,3
2020-10-12 15:10:03.664,12910,12912,12911,2,-2
2020-10-12 15:10:14.168,12911,12912,12912,9,9
2020-10-12 15:10:16.371,12911,12913,12912,1,-1
2020-10-12 15:10:22.855,12912,12913,12913,1,1
2020-10-12 15:10:27.297,12912,12913,12913,1,1
2020-10-12 15:10:28.221,12912,12913,12913,1,1
2020-10-12 15:10:28.221,12912,12913,12913,1,1
2020-10-12 15:10:28.490,12913,12914,12913,3,-3
2020-10-12 15:10:28.490,12913,12914,12912,14,-14
2020-10-12 15:10:28.492,12913,12914,12912,16,-16
2020-10-12 15:10:28.493,12913,12914,12912,2,-2
2020-10-12 15:10:28.493,12913,12914,12912,2,-2
2020-10-12 15:10:28.538,12913,12914,12911,1,-1
2020-10-12 15:10:28.563,12913,12914,12911,1,-1
2020-10-12 15:10:28.583,12911,12912,12911,1,-1
2020-10-12 15:10:28.609,12911,12912,12911,1,-1
2020-10-12 15:10:28.634,12911,12912,12911,1,-1
2020-10-12 15:10:28.660,12911,12912,12911,1,-1
2020-10-12 15:10:28.707,12910,12911,12911,1,1
2020-10-12 15:10:29.261,12910,12912,12912,1,1
2020-10-12 15:10:29.359,12911,12913,12911,1,-1
2020-10-12 15:10:31.014,12912,12913,12912,2,2
2020-10-12 15:10:33.779,12911,12913,12913,3,3
2020-10-12 15:10:35.383,12912,12913,12912,1,-1
2020-10-12 15:10:35.403,12912,12913,12911,4,-4
2020-10-12 15:10:36.133,12911,12913,12911,1,-1
2020-10-12 15:10:38.750,12911,12912,12911,1,-1
2020-10-12 15:10:42.126,12911,12912,12911,2,-2
2020-10-12 15:10:42.512,12911,12912,12911,1,-1
2020-10-12 15:10:46.826,12911,12912,12911,2,-2
2020-10-12 15:10:48.707,12910,12911,12911,1,1
2020-10-12 15:11:02.060,12911,12912,12912,1,1
2020-10-12 15:11:06.564,12911,12912,12911,1,-1
2020-10-12 15:11:11.827,12910,12911,12910,10,-10
2020-10-12 15:11:12.001,12910,12911,12911,6,6
2020-10-12 15:11:12.001,12910,12911,12912,4,4
2020-10-12 15:11:16.833,12910,12911,12910,2,-2
2020-10-12 15:11:16.834,12910,12911,12910,1,-1
2020-10-12 15:11:16.834,12910,12911,12910,4,-4
2020-10-12 15:11:24.511,12909,12910,12910,1,1
2020-10-12 15:11:25.897,12909,12910,12909,1,-1
2020-10-12 15:11:25.898,12909,12910,12909,2,-2
2020-10-12 15:11:27.888,12908,12909,12908,1,-1
2020-10-12 15:11:27.888,12908,12909,12908,1,-1
2020-10-12 15:11:27.889,12908,12909,12908,2,-2
2020-10-12 15:11:28.045,12907,12909,12907,1,-1
2020-10-12 15:11:30.025,12906,12907,12907,2,2
2020-10-12 15:11:33.207,12907,12908,12907,1,-1
2020-10-12 15:11:34.779,12906,12907,12907,1,1
2020-10-12 15:11:41.247,12906,12907,12906,2,-2
2020-10-12 15:11:44.573,12906,12907,12907,3,3
2020-10-12 15:11:44.574,12906,12907,12907,2,2
2020-10-12 15:11:45.656,12907,12908,12907,1,-1
2020-10-12 15:11:50.448,12907,12908,12907,1,-1
2020-10-12 15:11:58.478,12907,12908,12908,1,1
2020-10-12 15:12:02.188,12907,12908,12908,1,1
2020-10-12 15:12:11.337,12908,12909,12908,1,-1
2020-10-12 15:12:11.638,12908,12909,12908,1,-1
2020-10-12 15:12:13.318,12908,12909,12909,2,2
2020-10-12 15:12:17.165,12908,12910,12908,5,-5
2020-10-12 15:12:23.508,12908,12909,12909,4,4
2020-10-12 15:12:23.538,12908,12909,12909,2,2
2020-10-12 15:12:24.409,12909,12910,12910,1,1
2020-10-12 15:12:29.136,12910,12911,12910,2,-2
2020-10-12 15:12:52.678,12909,12910,12910,1,1
2020-10-12 15:12:54.760,12909,12910,12910,1,1
2020-10-12 15:12:55.469,12909,12910,12909,1,-1
2020-10-12 15:12:56.640,12909,12910,12909,2,-2
2020-10-12 15:12:56.641,12909,12910,12909,1,-1
2020-10-12 15:13:02.320,12909,12910,12910,2,2
2020-10-12 15:13:03.671,12909,12910,12909,1,-1
2020-10-12 15:13:41.540,12909,12910,12909,2,-2
2020-10-12 15:13:50.048,12909,12910,12910,2,2
2020-10-12 15:13:53.612,12909,12910,12910,1,1
2020-10-12 15:13:55.288,12909,12911,12909,1,-1
2020-10-12 15:13:58.672,12910,12911,12910,1,1
2020-10-12 15:14:12.005,12909,12911,12909,1,-1
2020-10-12 15:14:12.129,12909,12911,12911,1,1
2020-10-12 15:14:12.341,12909,12911,12911,1,1
2020-10-12 15:14:26.545,12910,12911,12910,1,-1
2020-10-12 15:14:54.687,12910,12911,12911,5,5
2020-10-12 15:14:56.891,12911,12912,12911,1,-1
2020-10-12 15:14:59.100,12911,12912,12911,1,-1
2020-10-12 15:15:06.575,12911,12912,12911,4,-4
2020-10-12 15:15:15.013,12910,12912,12910,2,-2
2020-10-12 15:15:16.045,12910,12911,12910,2,-2
2020-10-12 15:15:16.754,12910,12911,12911,1,1
2020-10-12 15:15:17.903,12910,12911,12910,2,-2
2020-10-12 15:15:25.557,12910,12911,12910,1,-1
2020-10-12 15:15:34.435,12910,12911,12911,1,1
2020-10-12 15:15:44.159,12911,12912,12912,1,1
2020-10-12 15:15:44.159,12911,12912,12912,2,2
2020-10-12 15:15:44.159,12911,12912,12912,4,4
2020-10-12 15:15:44.160,12911,12912,12912,20,20
2020-10-12 15:15:44.209,12912,12913,12913,1,1
2020-10-12 15:15:47.059,12912,12913,12912,2,-2
2020-10-12 15:15:48.177,12912,12913,12912,2,-2
2020-10-12 15:16:24.847,12912,12913,12913,3,3
2020-10-12 15:16:24.847,12912,12913,12913,3,3
2020-10-12 15:16:29.275,12913,12914,12914,3,3
2020-10-12 15:16:30.756,12914,12915,12915,10,10
2020-10-12 15:16:34.004,12914,12915,12915,1,1
2020-10-12 15:16:38.579,12914,12915,12914,2,-2
2020-10-12 15:16:41.786,12914,12915,12915,2,2
2020-10-12 15:16:42.697,12914,12916,12914,1,-1
2020-10-12 15:16:43.964,12915,12916,12915,1,1
2020-10-12 15:16:47.568,12914,12916,12916,1,1
2020-10-12 15:16:53.696,12915,12916,12916,1,1
2020-10-12 15:16:54.361,12915,12916,12916,2,2
2020-10-12 15:16:55.505,12915,12916,12916,1,1
2020-10-12 15:16:56.127,12915,12916,12916,5,5
2020-10-12 15:16:57.847,12916,12917,12917,1,1
2020-10-12 15:16:57.936,12916,12917,12917,2,2
2020-10-12 15:16:58.184,12916,12917,12917,4,4
2020-10-12 15:16:58.184,12916,12917,12918,1,1
2020-10-12 15:16:58.351,12916,12918,12916,2,-2
2020-10-12 15:17:02.169,12916,12917,12917,2,2
2020-10-12 15:17:02.170,12916,12917,12917,2,2
2020-10-12 15:17:03.553,12916,12917,12917,1,1
2020-10-12 15:17:03.635,12916,12917,12916,1,-1
2020-10-12 15:17:07.602,12916,12917,12916,1,-1
2020-10-12 15:17:14.062,12916,12917,12917,1,1
2020-10-12 15:17:14.638,12916,12917,12917,1,1
2020-10-12 15:17:14.883,12916,12917,12917,1,1
2020-10-12 15:17:17.775,12916,12917,12917,1,1
2020-10-12 15:17:18.598,12916,12917,12917,1,1
2020-10-12 15:17:19.551,12916,12917,12917,1,1
2020-10-12 15:17:21.078,12916,12917,12917,1,1
2020-10-12 15:17:24.134,12916,12917,12917,1,1
2020-10-12 15:17:25.816,12916,12917,12916,16,-16
2020-10-12 15:17:25.816,12916,12917,12915,28,-28
2020-10-12 15:17:25.817,12916,12917,12915,2,-2
2020-10-12 15:17:25.818,12916,12917,12915,2,-2
2020-10-12 15:17:25.818,12916,12917,12915,3,-3
2020-10-12 15:17:25.819,12916,12917,12915,1,-1
2020-10-12 15:17:25.819,12916,12917,12915,2,-2
2020-10-12 15:17:25.819,12916,12917,12915,2,-2
2020-10-12 15:17:44.387,12915,12916,12916,1,1
2020-10-12 15:17:46.854,12915,12916,12916,1,1
2020-10-12 15:17:51.039,12915,12916,12916,2,2
2020-10-12 15:17:53.420,12915,12916,12916,4,4
2020-10-12 15:17:56.521,12916,12917,12917,1,1
2020-10-12 15:17:57.239,12916,12917,12917,2,2
2020-10-12 15:18:07.441,12916,12917,12916,9,-9
2020-10-12 15:18:07.441,12916,12917,12916,1,-1
2020-10-12 15:18:07.913,12915,12916,12916,2,2
2020-10-12 15:18:08.139,12915,12916,12916,3,3
2020-10-12 15:18:12.640,12916,12917,12916,1,-1
2020-10-12 15:18:14.699,12915,12916,12915,2,-2
2020-10-12 15:18:14.759,12915,12916,12916,1,1
2020-10-12 15:18:32.586,12916,12917,12916,4,-4
2020-10-12 15:18:32.586,12916,12917,12915,28,-28
2020-10-12 15:18:36.691,12915,12916,12916,1,1
2020-10-12 15:18:38.407,12915,12916,12916,1,1
2020-10-12 15:18:39.912,12915,12917,12915,8,-8
2020-10-12 15:18:39.912,12915,12917,12915,1,-1
2020-10-12 15:18:39.913,12915,12917,12915,3,-3
2020-10-12 15:18:43.825,12915,12916,12916,8,8
2020-10-12 15:18:43.825,12915,12916,12917,6,6
2020-10-12 15:18:43.994,12915,12917,12917,2,2
2020-10-12 15:18:44.068,12915,12917,12917,2,2
2020-10-12 15:18:48.441,12916,12917,12916,3,-3
2020-10-12 15:19:02.227,12916,12917,12917,1,1
2020-10-12 15:19:20.105,12917,12918,12918,1,1
2020-10-12 15:19:20.313,12917,12918,12917,2,-2
2020-10-12 15:19:23.896,12917,12918,12918,17,17
2020-10-12 15:19:28.250,12918,12919,12919,1,1
2020-10-12 15:19:37.307,12918,12919,12918,1,-1
2020-10-12 15:19:38.511,12918,12919,12919,1,1
2020-10-12 15:19:38.585,12918,12919,12919,1,1
2020-10-12 15:19:38.832,12918,12919,12918,2,-2
2020-10-12 15:19:42.847,12918,12919,12919,6,6
2020-10-12 15:19:46.105,12918,12919,12919,1,1
2020-10-12 15:19:48.835,12918,12919,12919,1,1
2020-10-12 15:19:52.002,12918,12919,12919,13,13
2020-10-12 15:19:54.601,12919,12920,12919,1,-1
2020-10-12 15:19:59.457,12919,12920,12920,1,1
2020-10-12 15:19:59.686,12919,12920,12920,1,1
2020-10-12 15:20:01.658,12919,12920,12920,1,1
2020-10-12 15:20:01.884,12919,12920,12920,1,1
2020-10-12 15:20:01.889,12919,12920,12920,25,25
2020-10-12 15:20:01.893,12919,12920,12920,1,1
2020-10-12 15:20:01.899,12919,12920,12920,3,3
2020-10-12 15:20:01.899,12919,12920,12921,9,9
2020-10-12 15:20:01.996,12919,12921,12921,2,2
2020-10-12 15:20:02.029,12919,12921,12921,2,2
2020-10-12 15:20:02.204,12920,12921,12921,1,1
2020-10-12 15:20:02.371,12920,12921,12921,1,1
2020-10-12 15:20:02.416,12920,12921,12921,2,2
2020-10-12 15:20:02.492,12920,12921,12921,1,1
2020-10-12 15:20:03.082,12920,12921,12920,1,-1
2020-10-12 15:20:04.888,12919,12920,12920,1,1
2020-10-12 15:20:05.092,12919,12920,12920,1,1
2020-10-12 15:20:05.098,12919,12920,12921,1,1
2020-10-12 15:20:06.129,12919,12921,12921,1,1
2020-10-12 15:20:07.836,12920,12921,12920,1,-1
2020-10-12 15:20:12.914,12919,12920,12920,1,1
2020-10-12 15:20:14.311,12919,12920,12919,1,-1
2020-10-12 15:20:15.326,12919,12920,12920,1,1
2020-10-12 15:20:28.582,12919,12920,12920,3,3
2020-10-12 15:20:33.842,12919,12920,12920,1,1
2020-10-12 15:20:33.842,12919,12920,12920,4,4
2020-10-12 15:20:34.933,12920,12921,12920,1,-1
2020-10-12 15:20:49.661,12920,12921,12920,11,-11
2020-10-12 15:20:50.317,12919,12920,12920,1,1
2020-10-12 15:20:51.338,12919,12920,12919,2,-2
2020-10-12 15:20:51.525,12918,12919,12919,1,1
2020-10-12 15:20:54.897,12918,12919,12919,9,9
2020-10-12 15:20:54.897,12918,12919,12920,57,57
2020-10-12 15:20:54.897,12918,12919,12920,2,2
2020-10-12 15:20:55.091,12918,12920,12919,1,-1
2020-10-12 15:20:59.739,12918,12919,12919,2,2
2020-10-12 15:21:00.205,12918,12920,12920,1,1
2020-10-12 15:21:05.110,12919,12920,12920,3,3
2020-10-12 15:21:05.357,12919,12920,12920,1,1
2020-10-12 15:21:05.476,12919,12920,12919,3,-3
2020-10-12 15:21:05.773,12919,12920,12920,1,1
2020-10-12 15:21:08.589,12919,12920,12919,1,-1
2020-10-12 15:21:08.746,12918,12919,12919,1,1
2020-10-12 15:21:09.366,12918,12920,12920,1,1
2020-10-12 15:21:10.659,12918,12920,12920,2,2
2020-10-12 15:21:10.801,12918,12920,12920,1,1
2020-10-12 15:21:12.341,12918,12919,12919,1,1
2020-10-12 15:21:24.359,12919,12920,12919,1,-1
2020-10-12 15:21:25.419,12919,12920,12919,1,-1
2020-10-12 15:21:31.339,12919,12920,12919,1,-1
2020-10-12 15:21:32.019,12919,12920,12919,5,-5
2020-10-12 15:21:34.457,12918,12919,12919,1,1
2020-10-12 15:21:39.326,12918,12919,12919,1,1
2020-10-12 15:21:50.100,12919,12920,12919,1,-1
2020-10-12 15:21:55.503,12919,12920,12919,1,-1
2020-10-12 15:21:56.560,12919,12920,12919,1,-1
2020-10-12 15:22:01.015,12918,12919,12919,1,1
2020-10-12 15:22:22.965,12918,12919,12919,4,4
2020-10-12 15:22:22.965,12918,12919,12919,1,1
2020-10-12 15:22:25.471,12918,12919,12919,1,1
2020-10-12 15:22:39.322,12918,12919,12919,6,6
2020-10-12 15:22:42.772,12918,12919,12918,23,-23
2020-10-12 15:22:42.786,12918,12919,12917,2,-2
2020-10-12 15:22:42.952,12916,12917,12916,1,-1
2020-10-12 15:22:43.098,12916,12917,12916,2,-2
2020-10-12 15:22:43.100,12916,12917,12916,1,-1
2020-10-12 15:22:45.919,12916,12917,12917,1,1
2020-10-12 15:22:56.288,12916,12917,12917,2,2
2020-10-12 15:22:56.386,12916,12917,12917,1,1
2020-10-12 15:22:57.268,12916,12918,12918,2,2
2020-10-12 15:22:57.324,12916,12918,12918,1,1
2020-10-12 15:23:02.586,12918,12919,12919,4,4
2020-10-12 15:23:04.711,12918,12919,12918,2,-2
2020-10-12 15:23:20.191,12918,12919,12918,1,-1
2020-10-12 15:23:24.618,12918,12919,12918,1,-1
2020-10-12 15:23:45.886,12917,12918,12917,2,-2
2020-10-12 15:23:45.982,12917,12918,12918,1,1
2020-10-12 15:23:46.649,12918,12919,12918,1,-1
2020-10-12 15:23:51.133,12918,12919,12918,1,-1
2020-10-12 15:24:02.254,12918,12919,12919,10,10
2020-10-12 15:24:04.269,12918,12919,12919,1,1
2020-10-12 15:24:07.772,12918,12919,12919,2,2
2020-10-12 15:24:13.488,12918,12919,12919,1,1
2020-10-12 15:24:16.101,12919,12920,12919,1,-1
2020-10-12 15:24:29.377,12918,12919,12919,1,1
2020-10-12 15:24:35.117,12919,12920,12919,1,-1
2020-10-12 15:24:49.941,12919,12920,12919,1,-1
2020-10-12 15:24:58.263,12918,12919,12919,1,1
2020-10-12 15:25:07.422,12919,12920,12919,1,-1
2020-10-12 15:25:10.356,12918,12919,12919,5,5
2020-10-12 15:25:15.053,12919,12920,12919,1,-1
2020-10-12 15:25:18.424,12918,12919,12919,1,1
2020-10-12 15:25:20.755,12919,12920,12919,1,-1
2020-10-12 15:25:21.892,12919,12920,12919,1,-1
2020-10-12 15:25:26.332,12919,12920,12920,16,16
2020-10-12 15:25:27.761,12919,12921,12919,1,-1
2020-10-12 15:25:28.533,12919,12921,12919,1,-1
2020-10-12 15:25:31.133,12920,12921,12920,1,1
2020-10-12 15:25:33.673,12919,12920,12919,2,-2
2020-10-12 15:25:33.674,12919,12920,12919,3,-3
2020-10-12 15:25:33.695,12919,12920,12919,1,-1
2020-10-12 15:25:33.891,12919,12920,12919,3,-3
2020-10-12 15:25:38.131,12919,12920,12920,1,1
2020-10-12 15:25:38.362,12920,12921,12920,1,-1
2020-10-12 15:25:38.379,12920,12921,12920,1,-1
2020-10-12 15:25:38.497,12920,12921,12920,2,-2
2020-10-12 15:25:38.523,12920,12921,12920,4,-4
2020-10-12 15:25:40.263,12920,12921,12920,1,-1
2020-10-12 15:25:41.420,12920,12921,12920,1,-1
2020-10-12 15:25:43.364,12920,12921,12920,1,-1
2020-10-12 15:25:43.364,12920,12921,12920,3,-3
2020-10-12 15:25:48.674,12919,12920,12920,1,1
2020-10-12 15:25:49.457,12919,12920,12920,1,1
2020-10-12 15:25:51.520,12919,12920,12920,1,1
2020-10-12 15:25:54.179,12919,12920,12920,1,1
2020-10-12 15:25:58.194,12919,12920,12920,1,1
2020-10-12 15:26:02.362,12919,12920,12919,1,-1
2020-10-12 15:26:02.363,12919,12920,12919,8,-8
2020-10-12 15:26:02.676,12918,12919,12918,2,-2
2020-10-12 15:26:04.640,12918,12919,12918,2,-2
2020-10-12 15:26:05.170,12918,12919,12918,1,-1
2020-10-12 15:26:06.630,12918,12919,12918,1,-1
2020-10-12 15:26:08.429,12918,12919,12919,1,1
2020-10-12 15:26:08.486,12918,12919,12918,2,-2
2020-10-12 15:26:09.272,12917,12919,12917,1,-1
2020-10-12 15:26:25.958,12917,12918,12917,1,-1
2020-10-12 15:26:26.172,12917,12918,12918,1,1
2020-10-12 15:26:33.014,12918,12919,12918,2,-2
2020-10-12 15:26:36.154,12917,12918,12917,1,-1
2020-10-12 15:26:41.815,12917,12918,12918,3,3
2020-10-12 15:26:48.728,12917,12918,12917,2,-2
2020-10-12 15:27:02.207,12917,12918,12917,2,-2
2020-10-12 15:27:24.633,12917,12918,12917,5,-5
2020-10-12 15:27:47.218,12917,12918,12917,1,-1
2020-10-12 15:27:48.639,12917,12918,12917,1,-1
2020-10-12 15:27:48.640,12917,12918,12917,11,-11
2020-10-12 15:27:48.640,12917,12918,12917,4,-4
2020-10-12 15:27:48.640,12917,12918,12917,3,-3
2020-10-12 15:27:48.640,12917,12918,12917,9,-9
2020-10-12 15:27:52.147,12916,12917,12916,3,-3
2020-10-12 15:27:56.775,12916,12917,12916,1,-1
2020-10-12 15:27:56.775,12916,12917,12915,1,-1
2020-10-12 15:27:58.904,12916,12917,12916,1,1
2020-10-12 15:28:00.990,12916,12917,12917,1,1
2020-10-12 15:28:01.052,12916,12917,12917,3,3
2020-10-12 15:28:01.300,12917,12918,12917,1,-1
2020-10-12 15:28:28.281,12917,12918,12917,2,-2
2020-10-12 15:28:29.609,12916,12917,12917,1,1
2020-10-12 15:28:35.015,12916,12917,12916,3,-3
2020-10-12 15:28:35.016,12916,12917,12916,3,-3
2020-10-12 15:28:39.694,12915,12916,12916,2,2
2020-10-12 15:28:39.836,12916,12917,12916,2,-2
2020-10-12 15:28:41.456,12915,12916,12916,1,1
2020-10-12 15:28:45.355,12915,12916,12916,1,1
2020-10-12 15:28:47.428,12915,12916,12915,2,-2
2020-10-12 15:28:53.595,12916,12917,12916,1,1
2020-10-12 15:29:03.265,12915,12917,12915,1,-1
2020-10-12 15:29:16.293,12916,12917,12916,3,3
2020-10-12 15:29:31.572,12916,12917,12916,1,-1
2020-10-12 15:29:35.009,12915,12917,12917,3,3
2020-10-12 15:29:52.804,12916,12917,12917,1,1
2020-10-12 15:29:53.103,12916,12917,12917,7,7
2020-10-12 15:30:11.518,12916,12918,12916,4,-4
2020-10-12 15:30:11.519,12916,12918,12916,2,-2
2020-10-12 15:30:11.519,12916,12918,12916,1,-1
2020-10-12 15:30:11.937,12915,12916,12915,2,-2
2020-10-12 15:30:12.040,12915,12916,12916,4,4
2020-10-12 15:30:12.228,12915,12917,12915,4,-4
2020-10-12 15:30:12.395,12915,12917,12915,4,-4
2020-10-12 15:30:12.600,12914,12916,12914,4,-4
2020-10-12 15:30:12.706,12914,12916,12914,2,-2
2020-10-12 15:30:20.258,12914,12916,12915,2,2
2020-10-12 15:30:30.014,12914,12915,12915,1,1
2020-10-12 15:30:32.368,12914,12915,12914,1,-1
2020-10-12 15:30:48.853,12914,12915,12914,1,-1
2020-10-12 15:30:49.438,12914,12915,12914,4,-4
2020-10-12 15:30:49.439,12914,12915,12914,1,-1
2020-10-12 15:30:52.449,12913,12915,12915,2,2
2020-10-12 15:31:46.980,12914,12915,12915,1,1
2020-10-12 15:31:47.904,12914,12915,12915,1,1
2020-10-12 15:31:47.959,12914,12915,12915,1,1
2020-10-12 15:31:50.634,12914,12916,12916,4,4
2020-10-12 15:31:52.236,12915,12917,12915,2,-2
2020-10-12 15:32:00.273,12915,12917,12917,1,1
2020-10-12 15:32:00.351,12915,12917,12917,5,5
2020-10-12 15:32:00.351,12915,12917,12917,1,1
2020-10-12 15:32:00.351,12915,12917,12918,4,4
2020-10-12 15:32:07.300,12917,12918,12917,1,-1
2020-10-12 15:32:11.392,12917,12918,12918,3,3
2020-10-12 15:32:16.034,12917,12919,12917,2,-2
2020-10-12 15:32:25.606,12917,12918,12918,1,1
2020-10-12 15:32:27.211,12917,12919,12917,2,-2
2020-10-12 15:32:51.631,12917,12918,12917,2,-2
2020-10-12 15:32:51.708,12917,12918,12918,1,1
2020-10-12 15:33:20.593,12917,12918,12918,1,1
2020-10-12 15:34:00.708,12917,12918,12918,2,2
2020-10-12 15:34:09.212,12917,12918,12918,3,3
2020-10-12 15:34:15.110,12918,12919,12918,2,-2
2020-10-12 15:34:28.288,12918,12919,12919,1,1
2020-10-12 15:34:35.626,12918,12919,12919,1,1
2020-10-12 15:34:36.873,12918,12919,12919,2,2
2020-10-12 15:34:38.784,12918,12919,12919,2,2
2020-10-12 15:34:38.784,12918,12919,12920,1,1
2020-10-12 15:34:38.921,12918,12920,12920,1,1
2020-10-12 15:34:52.488,12919,12920,12919,1,-1
2020-10-12 15:34:55.873,12919,12920,12920,1,1
2020-10-12 15:35:02.138,12919,12920,12920,1,1
2020-10-12 15:35:03.333,12919,12920,12920,1,1
2020-10-12 15:35:03.582,12919,12920,12920,2,2
2020-10-12 15:35:09.524,12919,12920,12920,2,2
2020-10-12 15:35:09.584,12920,12921,12920,1,-1
2020-10-12 15:35:14.747,12920,12921,12920,11,-11
2020-10-12 15:35:19.026,12919,12921,12920,13,-13
2020-10-12 15:35:19.139,12919,12921,12920,1,-1
2020-10-12 15:35:19.516,12919,12920,12920,1,1
2020-10-12 15:35:21.971,12920,12921,12920,2,-2
2020-10-12 15:35:24.028,12920,12921,12920,8,-8
2020-10-12 15:35:25.286,12919,12921,12921,2,2
2020-10-12 15:35:33.574,12920,12921,12920,2,-2
2020-10-12 15:35:35.107,12920,12921,12920,1,-1
2020-10-12 15:35:35.382,12920,12921,12920,23,-23
2020-10-12 15:35:46.822,12920,12921,12920,1,-1
2020-10-12 15:35:49.032,12920,12921,12920,1,-1
2020-10-12 15:35:52.225,12919,12920,12920,1,1
2020-10-12 15:35:52.278,12919,12920,12920,4,4
2020-10-12 15:36:06.527,12920,12921,12920,1,-1
2020-10-12 15:36:15.096,12920,12921,12920,4,-4
2020-10-12 15:36:25.987,12919,12920,12920,1,1
2020-10-12 15:36:26.641,12919,12920,12920,1,1
2020-10-12 15:36:33.035,12919,12920,12919,2,-2
2020-10-12 15:36:49.219,12919,12920,12920,1,1
2020-10-12 15:37:08.221,12919,12920,12920,1,1
2020-10-12 15:37:11.842,12919,12920,12920,1,1
2020-10-12 15:37:24.027,12919,12920,12919,2,-2
2020-10-12 15:37:38.983,12918,12919,12918,1,-1
2020-10-12 15:37:57.776,12917,12919,12918,1,-1
2020-10-12 15:38:02.881,12917,12918,12918,1,1
2020-10-12 15:38:07.387,12917,12918,12917,2,-2
2020-10-12 15:38:13.257,12915,12917,12915,1,-1
2020-10-12 15:38:16.896,12915,12917,12915,16,-16
2020-10-12 15:38:16.897,12915,12917,12915,2,-2
2020-10-12 15:38:16.897,12915,12917,12915,1,-1
2020-10-12 15:38:16.897,12915,12917,12915,1,-1
2020-10-12 15:38:24.162,12915,12917,12915,1,-1
2020-10-12 15:38:55.413,12916,12917,12916,1,1
2020-10-12 15:39:32.035,12915,12916,12916,1,1
2020-10-12 15:39:47.736,12915,12916,12915,2,-2
2020-10-12 15:39:48.669,12915,12916,12916,1,1
2020-10-12 15:40:13.797,12915,12916,12915,1,-1
2020-10-12 15:40:13.798,12915,12916,12915,2,-2
2020-10-12 15:40:26.021,12915,12916,12915,1,-1
2020-10-12 15:40:40.233,12914,12915,12915,1,1
2020-10-12 15:40:42.870,12914,12915,12915,2,2
2020-10-12 15:40:43.530,12914,12916,12916,1,1
2020-10-12 15:41:09.372,12915,12916,12915,1,-1
2020-10-12 15:41:12.369,12914,12915,12914,1,-1
2020-10-12 15:41:14.700,12914,12915,12915,1,1
2020-10-12 15:41:16.788,12914,12915,12915,1,1
2020-10-12 15:41:22.552,12914,12915,12915,1,1
2020-10-12 15:41:42.143,12914,12916,12916,2,2
2020-10-12 15:41:48.613,12914,12916,12914,15,-15
2020-10-12 15:41:48.614,12914,12916,12914,1,-1
2020-10-12 15:41:48.614,12914,12916,12914,4,-4
2020-10-12 15:41:48.761,12913,12915,12915,1,1
2020-10-12 15:42:13.795,12914,12915,12914,1,-1
2020-10-12 15:42:14.404,12914,12915,12914,1,-1
2020-10-12 15:42:15.074,12913,12915,12913,1,-1
2020-10-12 15:42:59.506,12913,12914,12913,1,-1
2020-10-12 15:43:01.363,12913,12914,12913,1,-1
2020-10-12 15:43:02.216,12913,12914,12913,2,-2
2020-10-12 15:43:11.171,12913,12914,12913,1,-1
2020-10-12 15:43:24.634,12913,12914,12914,4,4
2020-10-12 15:43:24.634,12913,12914,12914,3,3
2020-10-12 15:43:40.275,12914,12915,12914,5,-5
2020-10-12 15:43:57.939,12914,12915,12915,3,3
2020-10-12 15:44:04.587,12915,12916,12915,1,-1
2020-10-12 15:44:04.587,12915,12916,12914,2,-2
2020-10-12 15:44:15.006,12914,12915,12914,2,-2
2020-10-12 15:44:15.007,12914,12915,12914,1,-1
2020-10-12 15:44:23.530,12914,12915,12914,3,-3
2020-10-12 15:44:26.582,12914,12915,12915,1,1
2020-10-12 15:44:30.139,12914,12916,12914,3,-3
2020-10-12 15:44:39.506,12914,12916,12914,3,-3
2020-10-12 15:44:48.442,12914,12915,12914,1,-1
2020-10-12 15:44:51.935,12914,12915,12914,3,-3
2020-10-12 15:45:02.270,12913,12914,12913,1,-1
2020-10-12 15:45:02.659,12913,12914,12913,1,-1
2020-10-12 15:45:08.682,12913,12914,12913,4,-4
2020-10-12 15:45:08.683,12913,12914,12913,3,-3
2020-10-12 15:45:08.683,12913,12914,12913,2,-2
2020-10-12 15:45:09.870,12912,12913,12913,1,1
2020-10-12 15:45:18.775,12912,12913,12913,1,1
2020-10-12 15:45:24.332,12912,12913,12913,1,1
2020-10-12 15:45:27.192,12912,12913,12913,1,1
2020-10-12 15:46:09.330,12913,12914,12913,2,-2
2020-10-12 15:46:45.843,12913,12914,12913,2,-2
2020-10-12 15:46:45.843,12913,12914,12913,2,-2
2020-10-12 15:46:46.773,12912,12913,12913,1,1
2020-10-12 15:46:48.166,12913,12914,12913,1,-1
2020-10-12 15:46:48.576,12913,12914,12913,1,-1
2020-10-12 15:46:56.409,12913,12914,12913,1,-1
2020-10-12 15:47:34.800,12913,12914,12913,1,-1
2020-10-12 15:47:42.685,12913,12914,12913,2,-2
2020-10-12 15:47:59.169,12913,12914,12913,1,-1
2020-10-12 15:48:00.075,12913,12914,12914,1,1
2020-10-12 15:48:01.703,12913,12914,12914,1,1
2020-10-12 15:48:02.277,12913,12914,12913,1,-1
2020-10-12 15:48:06.878,12913,12914,12914,4,4
2020-10-12 15:48:06.878,12913,12914,12914,3,3
2020-10-12 15:48:16.347,12914,12915,12915,3,3
2020-10-12 15:48:16.347,12914,12915,12915,3,3
2020-10-12 15:48:16.347,12914,12915,12915,4,4
2020-10-12 15:48:16.347,12914,12915,12915,2,2
2020-10-12 15:48:16.348,12914,12915,12915,3,3
2020-10-12 15:48:16.348,12914,12915,12915,26,26
2020-10-12 15:48:19.043,12915,12916,12916,1,1
2020-10-12 15:48:19.464,12915,12916,12916,2,2
2020-10-12 15:48:19.570,12915,12916,12916,1,1
2020-10-12 15:48:19.570,12915,12916,12916,1,1
2020-10-12 15:48:19.653,12915,12916,12916,1,1
2020-10-12 15:48:19.670,12915,12916,12917,1,1
2020-10-12 15:48:19.707,12915,12917,12917,2,2
2020-10-12 15:48:19.730,12915,12917,12917,1,1
2020-10-12 15:48:19.762,12915,12917,12917,1,1
2020-10-12 15:48:20.289,12916,12917,12917,1,1
2020-10-12 15:48:38.652,12916,12917,12917,1,1
2020-10-12 15:48:45.695,12916,12917,12917,1,1
2020-10-12 15:48:45.976,12916,12917,12917,1,1
2020-10-12 15:48:52.207,12916,12917,12917,1,1
2020-10-12 15:48:52.207,12916,12917,12918,4,4
2020-10-12 15:48:52.221,12916,12917,12918,5,5
2020-10-12 15:48:52.236,12916,12917,12918,5,5
2020-10-12 15:48:54.304,12917,12919,12917,1,-1
2020-10-12 15:49:02.831,12918,12919,12918,1,1
2020-10-12 15:49:35.007,12917,12918,12917,2,-2
2020-10-12 15:49:59.642,12916,12917,12917,1,1
2020-10-12 15:50:02.286,12916,12917,12917,2,2
2020-10-12 15:50:12.963,12916,12917,12916,2,-2
2020-10-12 15:50:21.033,12916,12917,12916,1,-1
2020-10-12 15:50:27.650,12915,12916,12915,1,-1
2020-10-12 15:50:36.226,12915,12916,12915,1,-1
2020-10-12 15:50:41.905,12915,12916,12915,1,-1
2020-10-12 15:51:13.342,12915,12916,12915,1,-1
2020-10-12 15:51:43.067,12915,12916,12915,1,-1
2020-10-12 15:51:43.928,12915,12916,12915,3,-3
2020-10-12 15:52:26.809,12915,12916,12916,1,1
2020-10-12 15:52:28.579,12915,12916,12916,2,2
2020-10-12 15:52:36.278,12916,12917,12917,1,1
2020-10-12 15:52:58.549,12916,12917,12917,3,3
2020-10-12 15:52:58.549,12916,12917,12917,2,2
2020-10-12 15:52:58.549,12916,12917,12917,2,2
2020-10-12 15:53:19.646,12917,12918,12918,2,2
2020-10-12 15:53:19.993,12917,12918,12918,2,2
2020-10-12 15:53:28.895,12917,12919,12919,1,1
2020-10-12 15:53:40.513,12917,12919,12919,1,1
2020-10-12 15:53:41.062,12917,12919,12919,1,1
2020-10-12 15:53:53.837,12917,12918,12918,1,1
2020-10-12 15:53:57.872,12917,12918,12918,1,1
2020-10-12 15:54:07.133,12918,12919,12918,5,-5
2020-10-12 15:54:07.313,12917,12918,12918,1,1
2020-10-12 15:54:11.099,12917,12918,12918,1,1
2020-10-12 15:54:16.236,12918,12919,12918,1,-1
2020-10-12 15:54:25.286,12917,12918,12918,1,1
2020-10-12 15:54:27.356,12917,12918,12917,4,-4
2020-10-12 15:54:27.357,12917,12918,12917,12,-12
2020-10-12 15:54:27.594,12915,12917,12917,1,1
2020-10-12 15:54:51.533,12916,12917,12916,4,-4
2020-10-12 15:54:51.533,12916,12917,12916,1,-1
2020-10-12 15:54:53.681,12915,12917,12916,1,-1
2020-10-12 15:55:10.145,12915,12916,12915,1,-1
2020-10-12 15:55:20.216,12915,12916,12916,3,3
2020-10-12 15:55:21.916,12915,12917,12915,1,-1
2020-10-12 15:55:53.856,12915,12916,12915,1,-1
2020-10-12 15:55:55.906,12915,12916,12916,1,1
2020-10-12 15:55:56.726,12915,12917,12917,1,1
2020-10-12 15:55:58.064,12915,12917,12917,1,1
2020-10-12 15:56:07.376,12915,12917,12916,1,-1
2020-10-12 15:56:17.921,12915,12917,12915,2,-2
2020-10-12 15:56:21.205,12915,12916,12915,2,-2
2020-10-12 15:56:36.126,12914,12915,12914,4,-4
2020-10-12 15:56:36.127,12914,12915,12914,1,-1
2020-10-12 15:56:36.244,12913,12914,12914,1,1
2020-10-12 15:56:37.060,12913,12915,12913,2,-2
2020-10-12 15:56:37.269,12913,12915,12913,1,-1
2020-10-12 15:56:37.289,12913,12915,12913,4,-4
2020-10-12 15:56:37.331,12913,12915,12913,2,-2
2020-10-12 15:56:37.369,12912,12914,12912,4,-4
2020-10-12 15:56:37.412,12912,12914,12912,1,-1
2020-10-12 15:56:37.430,12912,12914,12912,1,-1
2020-10-12 15:56:37.451,12912,12914,12912,2,-2
2020-10-12 15:56:37.515,12912,12913,12912,1,-1
2020-10-12 15:56:37.522,12912,12913,12913,1,1
2020-10-12 15:56:37.528,12912,12913,12912,1,-1
2020-10-12 15:56:37.596,12911,12913,12911,1,-1
2020-10-12 15:56:37.714,12911,12913,12911,1,-1
2020-10-12 15:56:37.725,12911,12913,12911,1,-1
2020-10-12 15:56:37.851,12911,12913,12911,1,-1
2020-10-12 15:56:37.940,12911,12913,12911,1,-1
2020-10-12 15:56:38.007,12911,12913,12911,2,-2
2020-10-12 15:56:38.109,12911,12913,12911,5,-5
2020-10-12 15:56:38.109,12911,12913,12910,5,-5
2020-10-12 15:56:39.080,12910,12912,12910,1,-1
2020-10-12 15:56:39.183,12910,12912,12910,1,-1
2020-10-12 15:56:40.146,12911,12912,12911,2,2
2020-10-12 15:56:40.387,12911,12913,12911,2,-2
2020-10-12 15:56:41.352,12911,12913,12911,2,-2
2020-10-12 15:56:47.490,12912,12913,12912,1,1
2020-10-12 15:56:52.750,12912,12913,12912,1,-1
2020-10-12 15:58:11.089,12914,12915,12915,1,1
2020-10-12 15:58:15.497,12915,12916,12916,2,2
2020-10-12 15:58:19.451,12915,12916,12916,2,2
2020-10-12 15:58:28.973,12916,12917,12916,1,-1
2020-10-12 15:58:39.987,12916,12917,12916,1,-1
2020-10-12 15:59:03.513,12916,12917,12916,4,-4
2020-10-12 15:59:04.923,12916,12917,12916,1,-1
2020-10-12 15:59:08.059,12916,12917,12917,2,2
2020-10-12 15:59:12.774,12917,12918,12917,1,-1
2020-10-12 15:59:13.146,12916,12917,12917,3,3
2020-10-12 15:59:25.322,12917,12918,12918,2,2
2020-10-12 15:59:32.707,12917,12918,12918,2,2
2020-10-12 15:59:42.137,12917,12918,12918,1,1
2020-10-12 15:59:42.297,12917,12918,12918,1,1
2020-10-12 15:59:51.397,12917,12918,12918,1,1
2020-10-12 15:59:51.758,12917,12918,12917,1,-1
2020-10-12 16:00:04.865,12917,12918,12917,4,-4
2020-10-12 16:00:04.865,12917,12918,12917,2,-2
2020-10-12 16:00:05.560,12916,12917,12916,1,-1
2020-10-12 16:00:06.155,12916,12917,12917,1,1
2020-10-12 16:00:06.255,12916,12917,12917,1,1
2020-10-12 16:00:06.261,12916,12917,12917,1,1
2020-10-12 16:00:08.091,12916,12917,12917,3,3
2020-10-12 16:01:21.183,12917,12918,12917,2,-2
2020-10-12 16:01:36.811,12916,12917,12916,1,-1
2020-10-12 16:02:07.065,12916,12917,12916,1,-1
2020-10-12 16:02:17.554,12916,12917,12916,1,-1
2020-10-12 16:02:19.832,12915,12916,12916,1,1
2020-10-12 16:02:38.441,12916,12917,12917,2,2
2020-10-12 16:03:02.296,12917,12918,12918,2,2
2020-10-12 16:03:05.979,12917,12919,12919,1,1
2020-10-12 16:03:17.063,12918,12919,12919,1,1
2020-10-12 16:03:17.063,12918,12919,12919,3,3
2020-10-12 16:03:17.063,12918,12919,12919,4,4
2020-10-12 16:03:25.920,12919,12920,12919,1,-1
2020-10-12 16:03:43.388,12919,12920,12920,4,4
2020-10-12 16:03:43.388,12919,12920,12920,1,1
2020-10-12 16:03:43.834,12919,12920,12920,2,2
2020-10-12 16:03:54.082,12919,12920,12920,1,1
2020-10-12 16:04:15.965,12920,12921,12920,5,-5
2020-10-12 16:04:24.120,12920,12921,12921,5,5
2020-10-12 16:04:24.280,12920,12921,12921,2,2
2020-10-12 16:04:24.332,12920,12921,12921,9,9
2020-10-12 16:04:24.332,12920,12921,12921,18,18
2020-10-12 16:04:24.493,12921,12922,12922,2,2
2020-10-12 16:04:24.771,12921,12922,12922,2,2
2020-10-12 16:04:24.893,12921,12922,12922,2,2
2020-10-12 16:04:35.961,12921,12922,12922,1,1
2020-10-12 16:04:36.084,12921,12922,12922,3,3
2020-10-12 16:04:36.084,12921,12922,12922,11,11
2020-10-12 16:04:36.084,12921,12922,12922,4,4
2020-10-12 16:04:36.084,12921,12922,12922,1,1
2020-10-12 16:04:36.084,12921,12922,12922,13,13
2020-10-12 16:04:36.085,12921,12922,12923,1,1
2020-10-12 16:04:36.085,12921,12922,12923,1,1
2020-10-12 16:04:36.085,12921,12922,12923,1,1
2020-10-12 16:04:36.086,12921,12922,12923,1,1
2020-10-12 16:04:36.086,12921,12922,12923,1,1
2020-10-12 16:04:36.086,12921,12922,12923,1,1
2020-10-12 16:04:36.086,12921,12922,12923,1,1
2020-10-12 16:04:36.088,12921,12922,12923,1,1
2020-10-12 16:04:36.208,12922,12923,12923,3,3
2020-10-12 16:04:36.209,12922,12923,12923,1,1
2020-10-12 16:04:36.211,12922,12923,12923,1,1
2020-10-12 16:04:36.212,12922,12923,12923,1,1
2020-10-12 16:04:36.212,12922,12923,12923,1,1
2020-10-12 16:04:36.212,12922,12923,12923,4,4
2020-10-12 16:04:36.212,12922,12923,12923,2,2
2020-10-12 16:04:36.212,12922,12923,12923,1,1
2020-10-12 16:04:36.213,12922,12923,12923,3,3
2020-10-12 16:04:36.251,12922,12923,12924,1,1
2020-10-12 16:04:36.269,12922,12923,12924,1,1
2020-10-12 16:04:36.494,12923,12924,12923,7,-7
2020-10-12 16:04:36.595,12922,12923,12923,1,1
2020-10-12 16:04:36.895,12922,12923,12923,1,1
2020-10-12 16:04:36.982,12922,12923,12923,1,1
2020-10-12 16:04:36.983,12922,12923,12924,1,1
2020-10-12 16:04:37.120,12922,12924,12924,1,1
2020-10-12 16:04:37.164,12922,12924,12924,1,1
2020-10-12 16:04:37.185,12922,12924,12924,1,1
2020-10-12 16:04:37.208,12922,12924,12924,2,2
2020-10-12 16:04:37.209,12922,12924,12924,1,1
2020-10-12 16:04:37.209,12922,12924,12924,1,1
2020-10-12 16:04:37.209,12922,12924,12924,1,1
2020-10-12 16:04:37.210,12922,12924,12924,1,1
2020-10-12 16:04:37.210,12922,12924,12924,1,1
2020-10-12 16:04:37.210,12922,12924,12924,1,1
2020-10-12 16:04:37.210,12922,12924,12924,1,1
2020-10-12 16:04:37.211,12922,12924,12924,1,1
2020-10-12 16:04:37.211,12922,12924,12924,1,1
2020-10-12 16:04:37.211,12922,12924,12924,1,1
2020-10-12 16:04:38.875,12923,12924,12924,2,2
2020-10-12 16:04:40.446,12923,12924,12924,1,1
2020-10-12 16:04:40.850,12923,12924,12924,1,1
2020-10-12 16:04:44.450,12923,12924,12923,1,-1
2020-10-12 16:04:45.599,12923,12924,12923,1,-1
2020-10-12 16:04:45.900,12921,12923,12923,2,2
2020-10-12 16:04:46.132,12921,12923,12923,1,1
2020-10-12 16:04:46.372,12921,12923,12923,1,1
2020-10-12 16:04:47.051,12922,12924,12924,19,19
2020-10-12 16:04:47.051,12922,12924,12925,1,1
2020-10-12 16:04:47.486,12923,12924,12924,1,1
2020-10-12 16:04:50.146,12923,12924,12924,1,1
2020-10-12 16:04:50.610,12923,12924,12923,1,-1
2020-10-12 16:04:51.367,12923,12924,12924,1,1
2020-10-12 16:04:51.558,12923,12925,12923,1,-1
2020-10-12 16:04:53.580,12923,12925,12925,1,1
2020-10-12 16:04:53.625,12923,12925,12924,1,-1
2020-10-12 16:05:00.725,12923,12924,12924,1,1
2020-10-12 16:05:02.324,12923,12924,12924,2,2
2020-10-12 16:05:02.592,12924,12925,12924,1,-1
2020-10-12 16:05:02.702,12924,12925,12924,1,-1
2020-10-12 16:05:05.062,12923,12924,12924,2,2
2020-10-12 16:05:05.326,12923,12924,12924,1,1
2020-10-12 16:05:05.939,12924,12925,12924,1,-1
2020-10-12 16:05:06.236,12924,12925,12924,2,-2
2020-10-12 16:05:06.834,12923,12925,12924,1,-1
2020-10-12 16:05:08.081,12924,12925,12924,1,-1
2020-10-12 16:05:09.689,12924,12925,12924,2,-2
2020-10-12 16:05:11.278,12923,12924,12924,2,2
2020-10-12 16:05:11.339,12923,12924,12924,2,2
2020-10-12 16:05:21.680,12924,12925,12924,2,-2
2020-10-12 16:05:21.743,12924,12925,12925,1,1
2020-10-12 16:05:23.106,12924,12925,12924,5,-5
2020-10-12 16:05:26.612,12924,12925,12924,1,-1
2020-10-12 16:05:27.211,12924,12925,12925,5,5
2020-10-12 16:05:27.547,12924,12925,12924,1,-1
2020-10-12 16:05:29.545,12924,12925,12924,5,-5
2020-10-12 16:05:30.368,12924,12925,12924,5,-5
2020-10-12 16:05:30.369,12924,12925,12924,3,-3
2020-10-12 16:05:30.997,12923,12924,12924,1,1
2020-10-12 16:05:35.590,12924,12925,12924,1,-1
2020-10-12 16:05:37.756,12923,12924,12924,1,1
2020-10-12 16:05:37.791,12923,12924,12923,5,-5
2020-10-12 16:05:38.899,12923,12924,12924,1,1
2020-10-12 16:05:39.743,12923,12924,12923,4,-4
2020-10-12 16:05:39.782,12923,12924,12923,1,-1
2020-10-12 16:05:43.510,12922,12924,12922,5,-5
2020-10-12 16:05:44.380,12922,12923,12922,5,-5
2020-10-12 16:05:47.805,12921,12923,12921,3,-3
2020-10-12 16:05:48.907,12921,12922,12921,2,-2
2020-10-12 16:05:49.842,12921,12922,12921,1,-1
2020-10-12 16:06:02.224,12921,12922,12921,1,-1
2020-10-12 16:06:02.651,12920,12921,12921,1,1
2020-10-12 16:06:03.263,12921,12922,12922,1,1
2020-10-12 16:06:03.536,12921,12922,12921,2,-2
2020-10-12 16:06:04.270,12920,12922,12922,1,1
2020-10-12 16:06:09.667,12921,12922,12921,1,-1
2020-10-12 16:06:15.828,12921,12922,12921,1,-1
2020-10-12 16:06:31.094,12921,12922,12921,30,-30
2020-10-12 16:06:31.094,12921,12922,12920,12,-12
2020-10-12 16:06:43.730,12920,12922,12921,1,1
2020-10-12 16:06:50.207,12921,12922,12921,1,-1
2020-10-12 16:06:59.887,12921,12922,12921,1,-1
2020-10-12 16:07:02.477,12921,12922,12922,7,7
2020-10-12 16:07:04.696,12922,12923,12923,1,1
2020-10-12 16:07:25.152,12922,12923,12923,6,6
2020-10-12 16:07:25.153,12922,12923,12923,1,1
2020-10-12 16:07:30.486,12922,12923,12923,2,2
2020-10-12 16:07:39.041,12923,12924,12923,1,-1
2020-10-12 16:07:44.818,12922,12923,12923,1,1
2020-10-12 16:07:48.426,12923,12924,12924,1,1
2020-10-12 16:07:48.615,12923,12924,12924,1,1
2020-10-12 16:07:52.386,12923,12924,12923,1,-1
2020-10-12 16:07:53.436,12922,12923,12924,1,1
2020-10-12 16:08:02.287,12922,12923,12923,5,5
2020-10-12 16:08:02.523,12922,12923,12923,1,1
2020-10-12 16:08:02.697,12922,12924,12924,1,1
2020-10-12 16:08:05.720,12922,12923,12923,2,2
2020-10-12 16:08:15.120,12922,12923,12922,12,-12
2020-10-12 16:08:21.265,12921,12922,12921,4,-4
2020-10-12 16:08:26.426,12920,12921,12921,1,1
2020-10-12 16:08:34.069,12920,12921,12920,3,-3
2020-10-12 16:08:35.114,12919,12921,12919,1,-1
2020-10-12 16:08:35.232,12919,12921,12919,2,-2
2020-10-12 16:08:44.056,12920,12921,12920,1,1
2020-10-12 16:08:57.583,12919,12920,12920,1,1
2020-10-12 16:08:59.713,12919,12920,12920,1,1
2020-10-12 16:09:17.837,12920,12921,12921,1,1
2020-10-12 16:09:17.880,12920,12921,12921,1,1
2020-10-12 16:09:17.880,12920,12921,12921,4,4
2020-10-12 16:09:17.880,12920,12921,12921,3,3
2020-10-12 16:09:17.880,12920,12921,12921,6,6
2020-10-12 16:09:17.880,12920,12921,12921,3,3
2020-10-12 16:09:17.880,12920,12921,12921,1,1
2020-10-12 16:09:17.880,12920,12921,12921,2,2
2020-10-12 16:09:17.880,12920,12921,12921,4,4
2020-10-12 16:09:17.880,12920,12921,12921,1,1
2020-10-12 16:09:18.478,12921,12922,12922,1,1
2020-10-12 16:09:43.966,12921,12922,12921,1,-1
2020-10-12 16:09:50.572,12920,12921,12921,1,1
2020-10-12 16:09:50.572,12920,12921,12921,1,1
2020-10-12 16:09:51.597,12921,12922,12921,1,-1
2020-10-12 16:09:51.597,12921,12922,12920,6,-6
2020-10-12 16:09:51.598,12921,12922,12921,1,1
2020-10-12 16:09:51.623,12921,12922,12921,1,-1
2020-10-12 16:09:51.649,12921,12922,12921,1,-1
2020-10-12 16:09:53.114,12921,12922,12921,1,-1
2020-10-12 16:09:57.207,12920,12922,12920,7,-7
2020-10-12 16:10:13.465,12920,12921,12920,2,-2
2020-10-12 16:10:17.938,12920,12921,12920,1,-1
2020-10-12 16:10:21.677,12919,12920,12920,5,5
2020-10-12 16:10:22.208,12920,12921,12920,1,-1
2020-10-12 16:10:22.209,12920,12921,12920,1,-1
2020-10-12 16:10:29.049,12919,12921,12920,1,-1
2020-10-12 16:10:49.067,12919,12920,12920,1,1
2020-10-12 16:10:52.578,12919,12920,12920,2,2
2020-10-12 16:10:54.113,12919,12920,12920,1,1
2020-10-12 16:11:14.532,12920,12921,12920,1,-1
2020-10-12 16:11:19.629,12920,12921,12920,1,-1
2020-10-12 16:11:28.965,12920,12921,12921,1,1
2020-10-12 16:11:38.263,12920,12921,12921,1,1
2020-10-12 16:11:42.629,12920,12921,12921,1,1
2020-10-12 16:11:46.319,12921,12922,12921,1,-1
2020-10-12 16:11:48.731,12921,12922,12921,1,-1
2020-10-12 16:11:51.355,12920,12921,12921,1,1
2020-10-12 16:11:51.398,12920,12921,12921,1,1
2020-10-12 16:12:05.870,12920,12921,12920,5,-5
2020-10-12 16:12:06.287,12920,12921,12920,2,-2
2020-10-12 16:12:06.327,12920,12921,12920,5,-5
2020-10-12 16:12:26.784,12920,12921,12921,2,2
2020-10-12 16:12:30.306,12921,12922,12922,10,10
2020-10-12 16:12:31.745,12921,12922,12921,1,-1
2020-10-12 16:12:34.845,12920,12922,12920,3,-3
2020-10-12 16:12:48.358,12921,12922,12921,2,2
2020-10-12 16:12:54.611,12921,12922,12921,1,-1
2020-10-12 16:13:06.200,12920,12921,12920,5,-5
2020-10-12 16:13:07.783,12920,12921,12921,1,1
2020-10-12 16:13:08.633,12920,12921,12921,1,1
2020-10-12 16:13:14.688,12920,12921,12920,1,-1
2020-10-12 16:13:15.606,12919,12921,12919,1,-1
2020-10-12 16:13:21.177,12919,12921,12921,1,1
2020-10-12 16:13:38.386,12919,12920,12919,3,-3
2020-10-12 16:13:39.700,12919,12920,12920,1,1
2020-10-12 16:14:02.209,12919,12920,12919,4,-4
2020-10-12 16:14:03.173,12919,12920,12919,1,-1
2020-10-12 16:14:11.159,12919,12920,12919,1,-1
2020-10-12 16:14:12.311,12919,12920,12919,1,-1
2020-10-12 16:14:17.955,12918,12919,12919,1,1
2020-10-12 16:14:19.788,12918,12919,12918,5,-5
2020-10-12 16:14:24.378,12917,12918,12917,1,-1
2020-10-12 16:14:24.544,12917,12918,12917,1,-1
2020-10-12 16:14:24.700,12917,12918,12918,2,2
2020-10-12 16:14:33.614,12918,12919,12918,1,-1
2020-10-12 16:14:56.364,12917,12918,12917,1,-1
2020-10-12 16:15:08.973,12917,12918,12917,1,-1
2020-10-12 16:15:09.455,12917,12918,12918,1,1
2020-10-12 16:15:09.533,12917,12918,12918,1,1
2020-10-12 16:15:09.546,12917,12918,12918,1,1
2020-10-12 16:15:09.585,12917,12918,12918,1,1
2020-10-12 16:15:09.614,12917,12918,12918,2,2
2020-10-12 16:15:09.681,12917,12918,12918,1,1
2020-10-12 16:15:09.877,12917,12918,12918,4,4
2020-10-12 16:15:09.905,12917,12918,12919,1,1
2020-10-12 16:15:09.928,12917,12918,12920,1,1
2020-10-12 16:15:14.213,12918,12920,12918,1,-1
2020-10-12 16:15:19.361,12918,12920,12918,1,-1
2020-10-12 16:15:37.762,12918,12919,12919,1,1
2020-10-12 16:15:38.865,12918,12919,12919,3,3
2020-10-12 16:15:44.432,12919,12920,12919,1,-1
2020-10-12 16:15:44.683,12919,12920,12919,3,-3
2020-10-12 16:15:44.683,12919,12920,12919,3,-3
2020-10-12 16:15:44.683,12919,12920,12919,2,-2
2020-10-12 16:15:44.684,12919,12920,12919,2,-2
2020-10-12 16:15:53.516,12918,12919,12919,1,1
2020-10-12 16:15:58.599,12918,12920,12918,2,-2
2020-10-12 16:16:08.397,12919,12920,12919,1,1
2020-10-12 16:16:09.838,12918,12919,12919,1,1
2020-10-12 16:16:12.206,12918,12919,12918,1,-1
2020-10-12 16:16:22.861,12918,12919,12919,1,1
2020-10-12 16:16:26.136,12918,12920,12918,1,-1
2020-10-12 16:16:26.209,12918,12920,12920,1,1
2020-10-12 16:16:30.889,12918,12919,12919,1,1
2020-10-12 16:16:30.959,12919,12920,12920,1,1
2020-10-12 16:17:02.165,12919,12920,12920,5,5
2020-10-12 16:17:05.686,12919,12921,12919,5,-5
2020-10-12 16:17:08.305,12920,12921,12920,1,1
2020-10-12 16:17:08.306,12920,12921,12920,1,-1
2020-10-12 16:17:50.035,12919,12920,12920,6,6
2020-10-12 16:18:00.396,12920,12921,12921,1,1
2020-10-12 16:18:00.396,12920,12921,12921,1,1
2020-10-12 16:18:00.396,12920,12921,12921,4,4
2020-10-12 16:18:00.402,12920,12921,12922,3,3
2020-10-12 16:18:00.604,12921,12923,12923,1,1
2020-10-12 16:18:00.718,12921,12923,12923,2,2
2020-10-12 16:18:01.210,12921,12923,12921,1,-1
2020-10-12 16:18:26.565,12921,12922,12922,1,1
2020-10-12 16:18:26.566,12921,12922,12922,1,1
2020-10-12 16:18:33.397,12922,12923,12922,3,-3
2020-10-12 16:18:35.397,12922,12923,12923,4,4
2020-10-12 16:18:35.397,12922,12923,12923,4,4
2020-10-12 16:18:35.398,12922,12923,12923,4,4
2020-10-12 16:18:39.268,12922,12924,12923,1,-1
2020-10-12 16:18:46.334,12922,12923,12922,2,-2
2020-10-12 16:18:49.231,12921,12922,12921,1,-1
2020-10-12 16:18:49.231,12921,12922,12921,10,-10
2020-10-12 16:18:54.022,12920,12921,12921,1,1
2020-10-12 16:18:58.979,12920,12922,12920,1,-1
2020-10-12 16:19:06.909,12921,12922,12921,1,1
2020-10-12 16:19:28.163,12921,12922,12922,1,1
2020-10-12 16:19:33.697,12922,12923,12922,1,-1
2020-10-12 16:19:45.101,12921,12922,12922,1,1
2020-10-12 16:19:49.017,12921,12922,12922,1,1
2020-10-12 16:20:02.390,12921,12922,12921,7,-7
2020-10-12 16:20:02.391,12921,12922,12921,1,-1
2020-10-12 16:20:04.539,12920,12922,12920,1,-1
2020-10-12 16:20:10.849,12920,12922,12920,1,-1
2020-10-12 16:20:20.127,12920,12921,12921,1,1
2020-10-12 16:20:20.891,12921,12922,12921,1,-1
2020-10-12 16:20:49.670,12920,12921,12920,4,-4
2020-10-12 16:20:52.119,12920,12921,12920,2,-2
2020-10-12 16:20:56.784,12920,12921,12920,1,-1
2020-10-12 16:20:58.612,12920,12921,12920,1,-1
2020-10-12 16:20:59.699,12920,12921,12920,1,-1
2020-10-12 16:21:01.075,12920,12921,12920,1,-1
2020-10-12 16:21:02.291,12920,12921,12920,6,-6
2020-10-12 16:21:04.625,12920,12921,12921,2,2
2020-10-12 16:21:06.625,12920,12921,12920,2,-2
2020-10-12 16:21:08.431,12920,12921,12920,1,-1
2020-10-12 16:21:23.476,12920,12921,12920,5,-5
2020-10-12 16:21:47.868,12920,12921,12920,2,-2
2020-10-12 16:21:49.319,12920,12921,12920,1,-1
2020-10-12 16:21:50.362,12920,12921,12921,9,9
2020-10-12 16:21:54.154,12921,12922,12922,1,1
2020-10-12 16:22:03.854,12921,12922,12922,1,1
2020-10-12 16:22:05.999,12921,12922,12922,2,2
2020-10-12 16:22:08.736,12922,12923,12923,3,3
2020-10-12 16:22:09.265,12922,12924,12922,1,-1
2020-10-12 16:22:10.566,12922,12924,12924,1,1
2020-10-12 16:22:10.605,12922,12924,12924,1,1
2020-10-12 16:22:12.534,12923,12924,12923,1,-1
2020-10-12 16:22:22.410,12923,12924,12923,1,-1
2020-10-12 16:22:29.676,12923,12924,12924,1,1
2020-10-12 16:22:32.248,12923,12924,12924,1,1
2020-10-12 16:22:34.369,12923,12924,12924,1,1
2020-10-12 16:22:36.593,12923,12924,12924,3,3
2020-10-12 16:22:37.873,12923,12924,12924,1,1
2020-10-12 16:22:39.162,12923,12924,12924,1,1
2020-10-12 16:22:40.069,12923,12924,12924,1,1
2020-10-12 16:22:40.272,12923,12924,12924,1,1
2020-10-12 16:22:40.273,12923,12924,12924,4,4
2020-10-12 16:22:42.651,12924,12925,12924,1,-1
2020-10-12 16:22:42.651,12924,12925,12924,3,-3
2020-10-12 16:22:54.270,12923,12924,12924,2,2
2020-10-12 16:23:01.624,12923,12924,12924,1,1
2020-10-12 16:23:02.405,12923,12924,12924,3,3
2020-10-12 16:23:10.554,12924,12925,12924,2,-2
2020-10-12 16:23:10.554,12924,12925,12923,1,-1
2020-10-12 16:23:15.703,12923,12924,12924,1,1
2020-10-12 16:23:20.349,12924,12925,12924,1,-1
2020-10-12 16:23:21.944,12924,12925,12925,2,2
2020-10-12 16:23:21.998,12924,12925,12925,4,4
2020-10-12 16:23:22.011,12924,12925,12925,2,2
2020-10-12 16:23:30.076,12924,12925,12925,1,1
2020-10-12 16:23:31.246,12924,12925,12924,2,-2
2020-10-12 16:23:42.669,12924,12925,12924,1,-1
2020-10-12 16:23:46.287,12924,12925,12924,1,-1
2020-10-12 16:23:49.769,12924,12925,12925,10,10
2020-10-12 16:23:53.481,12925,12926,12926,1,1
2020-10-12 16:23:53.482,12925,12926,12926,1,1
2020-10-12 16:23:53.482,12925,12926,12926,4,4
2020-10-12 16:23:53.482,12925,12926,12926,19,19
2020-10-12 16:23:53.696,12926,12927,12927,1,1
2020-10-12 16:23:53.742,12926,12927,12927,1,1
2020-10-12 16:23:53.748,12926,12927,12927,19,19
2020-10-12 16:23:53.748,12926,12927,12928,6,6
2020-10-12 16:23:53.757,12926,12927,12928,12,12
2020-10-12 16:23:53.924,12927,12929,12929,2,2
2020-10-12 16:23:53.965,12927,12929,12929,2,2
2020-10-12 16:23:54.036,12927,12929,12929,1,1
2020-10-12 16:23:54.053,12927,12929,12929,1,1
2020-10-12 16:23:54.064,12927,12929,12929,1,1
2020-10-12 16:23:54.205,12928,12929,12929,1,1
2020-10-12 16:23:54.218,12928,12929,12929,3,3
2020-10-12 16:23:54.233,12928,12929,12929,1,1
2020-10-12 16:23:54.344,12928,12929,12929,1,1
2020-10-12 16:23:54.369,12928,12929,12929,1,1
2020-10-12 16:23:54.378,12928,12929,12929,2,2
2020-10-12 16:23:54.428,12928,12929,12929,1,1
2020-10-12 16:23:54.437,12928,12929,12928,1,-1
2020-10-12 16:23:54.443,12928,12929,12929,1,1
2020-10-12 16:23:54.466,12927,12929,12929,1,1
2020-10-12 16:23:54.490,12927,12929,12929,1,1
2020-10-12 16:23:54.771,12927,12929,12929,1,1
2020-10-12 16:23:54.872,12927,12929,12929,1,1
2020-10-12 16:23:55.268,12927,12929,12929,2,2
2020-10-12 16:23:55.325,12927,12929,12929,1,1
2020-10-12 16:23:56.146,12927,12929,12929,2,2
2020-10-12 16:23:56.147,12927,12929,12929,1,1
2020-10-12 16:23:56.188,12927,12929,12929,1,1
2020-10-12 16:23:56.188,12927,12929,12929,1,1
2020-10-12 16:23:56.188,12927,12929,12929,2,2
2020-10-12 16:23:56.611,12927,12929,12929,1,1
2020-10-12 16:23:56.612,12927,12929,12929,6,6
2020-10-12 16:24:01.829,12927,12929,12929,1,1
2020-10-12 16:24:03.315,12927,12928,12927,1,-1
2020-10-12 16:24:04.758,12927,12929,12929,3,3
2020-10-12 16:24:05.757,12928,12929,12929,2,2
2020-10-12 16:24:06.331,12928,12929,12929,1,1
2020-10-12 16:24:06.579,12928,12929,12928,1,-1
2020-10-12 16:24:06.643,12927,12928,12928,1,1
2020-10-12 16:24:06.836,12927,12928,12928,13,13
2020-10-12 16:24:07.597,12927,12929,12929,1,1
2020-10-12 16:24:07.942,12927,12929,12929,2,2
2020-10-12 16:24:07.967,12927,12929,12929,2,2
2020-10-12 16:24:11.961,12928,12929,12928,1,-1
2020-10-12 16:24:12.481,12927,12928,12928,2,2
2020-10-12 16:24:16.874,12927,12928,12927,1,-1
2020-10-12 16:24:19.867,12927,12928,12928,2,2
2020-10-12 16:24:19.882,12927,12928,12928,1,1
2020-10-12 16:24:19.958,12928,12929,12929,1,1
2020-10-12 16:24:20.491,12927,12929,12927,1,-1
2020-10-12 16:24:20.686,12927,12929,12927,1,-1
2020-10-12 16:24:23.329,12928,12929,12928,1,1
2020-10-12 16:24:25.403,12927,12929,12929,1,1
2020-10-12 16:24:29.348,12928,12929,12929,5,5
2020-10-12 16:24:29.549,12928,12929,12929,1,1
2020-10-12 16:24:33.028,12928,12929,12929,1,1
2020-10-12 16:24:35.497,12928,12929,12928,1,-1
2020-10-12 16:24:37.727,12928,12929,12929,1,1
2020-10-12 16:24:40.576,12928,12929,12928,1,-1
2020-10-12 16:24:44.404,12928,12929,12929,1,1
2020-10-12 16:24:44.559,12928,12929,12929,1,1
2020-10-12 16:24:47.524,12928,12929,12929,1,1
2020-10-12 16:24:48.433,12928,12929,12929,1,1
2020-10-12 16:24:49.373,12928,12929,12928,5,-5
2020-10-12 16:24:51.742,12928,12929,12929,4,4
2020-10-12 16:24:53.259,12928,12929,12929,1,1
2020-10-12 16:24:53.891,12928,12929,12929,2,2
2020-10-12 16:24:56.618,12929,12930,12929,1,-1
2020-10-12 16:24:58.138,12929,12930,12930,1,1
2020-10-12 16:24:58.139,12929,12930,12930,18,18
2020-10-12 16:24:58.139,12929,12930,12930,3,3
2020-10-12 16:24:58.139,12929,12930,12930,1,1
2020-10-12 16:24:58.139,12929,12930,12930,5,5
2020-10-12 16:24:58.139,12929,12930,12930,5,5
2020-10-12 16:25:00.111,12930,12931,12931,1,1
2020-10-12 16:25:00.227,12930,12931,12931,1,1
2020-10-12 16:25:00.229,12930,12931,12931,1,1
2020-10-12 16:25:00.430,12930,12931,12930,2,-2
2020-10-12 16:25:00.678,12930,12931,12930,1,-1
2020-10-12 16:25:00.940,12930,12931,12931,1,1
2020-10-12 16:25:03.786,12930,12931,12931,1,1
2020-10-12 16:25:04.442,12930,12931,12931,2,2
2020-10-12 16:25:04.663,12930,12931,12931,3,3
2020-10-12 16:25:08.392,12930,12931,12930,1,-1
2020-10-12 16:25:09.419,12930,12931,12931,1,1
2020-10-12 16:25:09.617,12930,12931,12931,5,5
2020-10-12 16:25:09.617,12930,12931,12932,1,1
2020-10-12 16:25:09.843,12930,12932,12932,1,1
2020-10-12 16:25:09.898,12930,12932,12932,1,1
2020-10-12 16:25:10.703,12931,12932,12932,1,1
2020-10-12 16:25:11.439,12931,12932,12932,1,1
2020-10-12 16:25:12.017,12931,12932,12931,1,-1
2020-10-12 16:25:12.058,12931,12932,12930,1,-1
2020-10-12 16:25:12.890,12930,12932,12932,1,1
2020-10-12 16:25:15.385,12931,12932,12932,1,1
2020-10-12 16:25:17.250,12931,12932,12931,1,-1
2020-10-12 16:25:17.586,12930,12931,12931,2,2
2020-10-12 16:25:20.024,12930,12931,12931,1,1
2020-10-12 16:25:20.789,12930,12931,12930,3,-3
2020-10-12 16:25:21.177,12930,12931,12931,1,1
2020-10-12 16:25:21.452,12930,12931,12930,3,-3
2020-10-12 16:25:27.243,12930,12931,12930,2,-2
2020-10-12 16:25:28.463,12930,12931,12930,39,-39
2020-10-12 16:25:28.464,12930,12931,12930,2,-2
2020-10-12 16:25:31.561,12929,12931,12929,7,-7
2020-10-12 16:25:31.562,12929,12931,12929,1,-1
2020-10-12 16:25:31.562,12929,12931,12929,2,-2
2020-10-12 16:25:32.394,12929,12931,12930,1,1
2020-10-12 16:25:37.509,12929,12930,12930,1,1
2020-10-12 16:25:40.558,12929,12930,12930,1,1
2020-10-12 16:25:46.834,12929,12930,12930,1,1
2020-10-12 16:25:50.585,12929,12930,12930,2,2
2020-10-12 16:26:02.311,12929,12930,12930,1,1
2020-10-12 16:26:02.503,12929,12930,12930,1,1
2020-10-12 16:26:02.614,12929,12930,12930,1,1
2020-10-12 16:26:05.461,12929,12930,12929,1,-1
2020-10-12 16:26:07.886,12929,12930,12930,1,1
2020-10-12 16:26:08.071,12929,12930,12930,2,2
2020-10-12 16:26:08.676,12930,12931,12930,1,-1
2020-10-12 16:26:09.208,12930,12931,12930,1,-1
2020-10-12 16:26:15.063,12929,12930,12929,1,-1
2020-10-12 16:26:22.727,12929,12930,12930,2,2
2020-10-12 16:26:22.727,12929,12930,12931,4,4
2020-10-12 16:26:24.127,12929,12931,12929,1,-1
2020-10-12 16:26:27.724,12929,12930,12930,1,1
2020-10-12 16:26:27.724,12929,12930,12930,4,4
2020-10-12 16:26:27.724,12929,12930,12930,1,1
2020-10-12 16:26:28.418,12930,12931,12930,1,-1
2020-10-12 16:26:32.497,12930,12931,12930,1,-1
2020-10-12 16:26:34.103,12929,12930,12930,5,5
2020-10-12 16:26:35.809,12929,12930,12930,2,2
2020-10-12 16:26:37.954,12930,12931,12930,1,-1
2020-10-12 16:26:43.465,12930,12931,12930,1,-1
2020-10-12 16:26:44.737,12930,12931,12931,2,2
2020-10-12 16:26:50.543,12930,12931,12931,1,1
2020-10-12 16:26:56.044,12930,12931,12931,1,1
2020-10-12 16:27:00.727,12930,12931,12930,5,-5
2020-10-12 16:27:01.945,12930,12931,12930,1,-1
2020-10-12 16:27:02.231,12930,12931,12930,2,-2
2020-10-12 16:27:02.746,12930,12931,12931,1,1
2020-10-12 16:27:03.877,12930,12931,12930,1,-1
2020-10-12 16:27:06.826,12930,12931,12931,1,1
2020-10-12 16:27:06.955,12930,12931,12930,1,-1
2020-10-12 16:27:07.696,12930,12931,12930,3,-3
2020-10-12 16:27:07.849,12930,12931,12930,2,-2
2020-10-12 16:27:10.284,12930,12931,12931,3,3
2020-10-12 16:27:10.284,12930,12931,12931,5,5
2020-10-12 16:27:10.284,12930,12931,12931,1,1
2020-10-12 16:27:15.676,12931,12932,12931,1,-1
2020-10-12 16:27:15.786,12930,12932,12930,1,-1
2020-10-12 16:27:21.993,12930,12931,12931,1,1
2020-10-12 16:27:22.527,12930,12931,12930,1,-1
2020-10-12 16:27:22.786,12930,12931,12931,1,1
2020-10-12 16:27:22.943,12930,12931,12931,1,1
2020-10-12 16:27:23.305,12930,12932,12930,1,-1
2020-10-12 16:27:23.931,12930,12931,12930,1,-1
2020-10-12 16:27:26.547,12930,12931,12931,1,1
2020-10-12 16:27:26.547,12930,12931,12931,1,1
2020-10-12 16:27:31.022,12931,12932,12931,1,-1
2020-10-12 16:27:37.119,12931,12932,12932,1,1
2020-10-12 16:27:39.064,12931,12932,12931,1,-1
2020-10-12 16:27:40.268,12930,12931,12931,1,1
2020-10-12 16:27:44.845,12931,12932,12931,1,-1
2020-10-12 16:27:50.923,12931,12932,12931,1,-1
2020-10-12 16:27:51.181,12931,12932,12932,1,1
2020-10-12 16:27:52.615,12931,12932,12931,2,-2
2020-10-12 16:27:52.972,12931,12932,12932,1,1
2020-10-12 16:27:54.643,12931,12932,12931,1,-1
2020-10-12 16:27:57.080,12931,12932,12932,3,3
2020-10-12 16:28:05.033,12931,12932,12932,1,1
2020-10-12 16:28:06.419,12931,12932,12932,1,1
2020-10-12 16:28:10.313,12931,12932,12931,1,-1
2020-10-12 16:28:10.313,12931,12932,12931,9,-9
2020-10-12 16:28:10.313,12931,12932,12931,4,-4
2020-10-12 16:28:10.313,12931,12932,12931,9,-9
2020-10-12 16:28:16.358,12930,12931,12931,8,8
2020-10-12 16:28:17.355,12931,12932,12931,1,-1
2020-10-12 16:28:20.536,12931,12932,12931,3,-3
2020-10-12 16:28:25.619,12930,12931,12931,1,1
2020-10-12 16:28:27.555,12930,12932,12930,3,-3
2020-10-12 16:28:36.118,12931,12932,12931,1,1
2020-10-12 16:28:47.308,12931,12932,12931,1,-1
2020-10-12 16:28:47.521,12931,12932,12932,3,3
2020-10-12 16:28:47.550,12931,12932,12932,3,3
2020-10-12 16:28:49.659,12931,12932,12932,1,1
2020-10-12 16:29:01.032,12931,12932,12932,1,1
2020-10-12 16:29:01.876,12931,12932,12932,1,1
2020-10-12 16:29:03.123,12931,12932,12932,2,2
2020-10-12 16:29:03.277,12931,12932,12932,1,1
2020-10-12 16:29:10.816,12931,12932,12931,1,-1
2020-10-12 16:29:15.528,12931,12932,12932,1,1
2020-10-12 16:29:15.734,12931,12932,12931,2,-2
2020-10-12 16:29:21.118,12931,12932,12932,1,1
2020-10-12 16:29:22.781,12931,12932,12931,1,-1
2020-10-12 16:29:22.931,12931,12932,12931,1,-1
2020-10-12 16:29:26.638,12931,12932,12931,10,-10
2020-10-12 16:29:31.419,12931,12932,12931,1,-1
2020-10-12 16:29:32.894,12931,12932,12931,4,-4
2020-10-12 16:29:32.895,12931,12932,12931,7,-7
2020-10-12 16:29:33.292,12930,12931,12930,3,-3
2020-10-12 16:29:33.404,12930,12931,12931,3,3
2020-10-12 16:29:37.352,12930,12931,12931,1,1
2020-10-12 16:29:40.514,12930,12931,12931,1,1
2020-10-12 16:29:42.312,12930,12931,12931,2,2
2020-10-12 16:29:44.649,12930,12931,12931,3,3
2020-10-12 16:29:44.909,12930,12931,12931,1,1
2020-10-12 16:29:46.789,12930,12931,12931,11,11
2020-10-12 16:29:46.789,12930,12931,12931,1,1
2020-10-12 16:29:47.322,12930,12931,12931,1,1
2020-10-12 16:29:53.096,12930,12931,12931,1,1
2020-10-12 16:29:54.604,12930,12931,12930,1,-1
2020-10-12 16:29:58.154,12930,12931,12930,2,-2
2020-10-12 16:30:00.035,12930,12931,12930,1,-1
2020-10-12 16:30:00.210,12930,12931,12931,1,1
2020-10-12 16:30:00.269,12930,12931,12931,1,1
2020-10-12 16:30:00.269,12930,12931,12931,5,5
2020-10-12 16:30:00.270,12930,12931,12931,2,2
2020-10-12 16:30:00.287,12930,12931,12932,2,2
2020-10-12 16:30:00.295,12930,12931,12931,1,1
2020-10-12 16:30:00.327,12930,12931,12931,2,2
2020-10-12 16:30:00.360,12930,12932,12931,2,-2
2020-10-12 16:30:00.373,12930,12932,12932,2,2
2020-10-12 16:30:00.386,12930,12932,12931,2,-2
2020-10-12 16:30:00.411,12930,12932,12931,2,-2
2020-10-12 16:30:00.436,12930,12932,12931,2,-2
2020-10-12 16:30:00.458,12931,12932,12931,2,-2
2020-10-12 16:30:00.483,12931,12932,12931,1,-1
2020-10-12 16:30:00.507,12931,12932,12932,2,2
2020-10-12 16:30:00.509,12931,12932,12931,1,-1
2020-10-12 16:30:00.529,12931,12932,12932,1,1
2020-10-12 16:30:00.723,12931,12932,12932,1,1
2020-10-12 16:30:00.742,12931,12932,12933,1,1
2020-10-12 16:30:00.911,12932,12933,12933,1,1
2020-10-12 16:30:01.036,12932,12933,12933,2,2
2020-10-12 16:30:01.083,12932,12933,12933,1,1
2020-10-12 16:30:01.085,12932,12933,12933,1,1
2020-10-12 16:30:01.086,12932,12933,12933,1,1
2020-10-12 16:30:01.106,12932,12933,12933,1,1
2020-10-12 16:30:01.573,12932,12933,12933,1,1
2020-10-12 16:30:01.603,12932,12933,12932,1,-1
2020-10-12 16:30:01.987,12932,12933,12933,1,1
2020-10-12 16:30:01.988,12932,12933,12933,15,15
2020-10-12 16:30:02.083,12932,12934,12933,1,-1
2020-10-12 16:30:02.109,12932,12934,12933,1,-1
2020-10-12 16:30:02.169,12932,12934,12933,1,-1
2020-10-12 16:30:02.189,12932,12934,12932,4,-4
2020-10-12 16:30:02.516,12932,12933,12933,1,1
2020-10-12 16:30:02.542,12932,12933,12933,1,1
2020-10-12 16:30:02.567,12932,12933,12933,1,1
2020-10-12 16:30:02.629,12932,12934,12933,1,-1
2020-10-12 16:30:02.956,12932,12933,12933,1,1
2020-10-12 16:30:03.163,12932,12934,12932,1,-1
2020-10-12 16:30:03.163,12932,12934,12934,1,1
2020-10-12 16:30:03.264,12932,12934,12934,4,4
2020-10-12 16:30:03.476,12933,12934,12934,1,1
2020-10-12 16:30:03.876,12933,12934,12934,1,1
2020-10-12 16:30:03.882,12933,12934,12934,1,1
2020-10-12 16:30:03.889,12933,12934,12934,1,1
2020-10-12 16:30:03.911,12933,12934,12934,1,1
2020-10-12 16:30:03.920,12933,12934,12934,1,1
2020-10-12 16:30:03.950,12933,12934,12934,1,1
2020-10-12 16:30:04.589,12933,12934,12934,1,1
2020-10-12 16:30:06.180,12933,12934,12934,1,1
2020-10-12 16:30:06.230,12933,12934,12934,1,1
2020-10-12 16:30:06.231,12933,12934,12934,1,1
2020-10-12 16:30:06.397,12933,12934,12934,3,3
2020-10-12 16:30:06.651,12933,12934,12934,2,2
2020-10-12 16:30:08.548,12933,12934,12934,3,3
2020-10-12 16:30:08.584,12933,12934,12934,1,1
2020-10-12 16:30:10.335,12932,12934,12934,1,1
2020-10-12 16:30:17.645,12932,12933,12933,1,1
2020-10-12 16:30:19.710,12932,12933,12933,4,4
2020-10-12 16:30:21.617,12932,12933,12933,1,1
2020-10-12 16:30:22.286,12932,12933,12933,1,1
2020-10-12 16:30:27.552,12932,12934,12933,1,-1
2020-10-12 16:30:35.305,12933,12934,12933,1,-1
2020-10-12 16:30:40.785,12933,12934,12933,1,-1
2020-10-12 16:30:42.996,12933,12934,12933,1,-1
2020-10-12 16:30:43.084,12933,12934,12934,1,1
2020-10-12 16:30:43.084,12933,12934,12934,1,1
2020-10-12 16:30:43.085,12933,12934,12934,1,1
2020-10-12 16:30:43.085,12933,12934,12934,1,1
2020-10-12 16:30:43.085,12933,12934,12934,1,1
2020-10-12 16:30:43.085,12933,12934,12934,1,1
2020-10-12 16:30:43.085,12933,12934,12934,3,3
2020-10-12 16:30:43.085,12933,12934,12934,2,2
2020-10-12 16:30:43.762,12934,12935,12935,1,1
2020-10-12 16:30:43.836,12934,12935,12935,3,3
2020-10-12 16:30:43.971,12934,12935,12934,7,-7
2020-10-12 16:30:43.982,12934,12935,12935,1,1
2020-10-12 16:30:43.994,12934,12935,12935,1,1
2020-10-12 16:30:44.173,12934,12935,12935,1,1
2020-10-12 16:30:44.218,12934,12935,12935,1,1
2020-10-12 16:30:44.285,12934,12935,12935,2,2
2020-10-12 16:30:44.369,12934,12935,12935,1,1
2020-10-12 16:30:45.854,12934,12935,12935,9,9
2020-10-12 16:30:48.489,12935,12936,12936,1,1
2020-10-12 16:30:48.931,12935,12936,12936,2,2
2020-10-12 16:30:48.937,12935,12936,12936,1,1
2020-10-12 16:30:49.267,12935,12936,12936,1,1
2020-10-12 16:30:49.682,12935,12936,12936,1,1
2020-10-12 16:30:50.039,12935,12936,12936,1,1
2020-10-12 16:30:50.254,12935,12936,12935,1,-1
2020-10-12 16:30:51.638,12935,12936,12936,1,1
2020-10-12 16:30:52.019,12935,12936,12936,4,4
2020-10-12 16:30:52.844,12935,12937,12935,1,-1
2020-10-12 16:30:53.744,12935,12937,12937,2,2
2020-10-12 16:30:54.174,12936,12937,12937,1,1
2020-10-12 16:30:54.295,12936,12937,12937,1,1
2020-10-12 16:30:54.834,12936,12937,12937,1,1
2020-10-12 16:30:55.264,12936,12937,12937,3,3
2020-10-12 16:30:58.283,12936,12938,12936,1,-1
2020-10-12 16:30:58.289,12936,12938,12937,2,2
2020-10-12 16:30:58.289,12936,12938,12938,1,1
2020-10-12 16:30:58.539,12936,12938,12938,1,1
2020-10-12 16:30:59.006,12936,12937,12937,1,1
2020-10-12 16:30:59.295,12936,12938,12938,1,1
2020-10-12 16:30:59.329,12936,12938,12937,1,-1
2020-10-12 16:31:04.628,12936,12937,12937,2,2
2020-10-12 16:31:04.629,12936,12937,12937,1,1
2020-10-12 16:31:04.629,12936,12937,12937,1,1
2020-10-12 16:31:04.789,12936,12938,12938,10,10
2020-10-12 16:31:04.912,12936,12938,12938,1,1
2020-10-12 16:31:06.040,12936,12937,12936,1,-1
2020-10-12 16:31:07.475,12936,12937,12936,1,-1
2020-10-12 16:31:09.135,12936,12937,12937,1,1
2020-10-12 16:31:12.957,12937,12938,12937,4,-4
2020-10-12 16:31:16.082,12936,12937,12936,10,-10
2020-10-12 16:31:16.190,12936,12937,12936,2,-2
2020-10-12 16:31:16.456,12935,12936,12936,1,1
2020-10-12 16:31:17.009,12935,12936,12936,1,1
2020-10-12 16:31:19.641,12935,12936,12935,1,-1
2020-10-12 16:31:21.980,12935,12936,12936,1,1
2020-10-12 16:31:22.306,12935,12936,12936,3,3
2020-10-12 16:31:22.582,12936,12937,12936,7,-7
2020-10-12 16:31:24.002,12935,12936,12936,1,1
2020-10-12 16:31:33.332,12935,12936,12935,9,-9
2020-10-12 16:31:33.333,12935,12936,12935,3,-3
2020-10-12 16:31:33.333,12935,12936,12935,2,-2
2020-10-12 16:31:39.027,12934,12935,12934,4,-4
2020-10-12 16:31:39.028,12934,12935,12934,1,-1
2020-10-12 16:31:39.147,12933,12935,12935,1,1
2020-10-12 16:31:45.211,12934,12935,12934,1,-1
2020-10-12 16:31:45.211,12934,12935,12934,4,-4
2020-10-12 16:31:47.580,12934,12935,12934,1,-1
2020-10-12 16:31:49.909,12933,12934,12934,1,1
2020-10-12 16:31:54.638,12933,12935,12935,3,3
2020-10-12 16:31:55.128,12933,12934,12934,1,1
2020-10-12 16:31:56.213,12933,12934,12934,2,2
2020-10-12 16:31:56.426,12933,12935,12935,3,3
2020-10-12 16:31:56.718,12933,12935,12935,1,1
2020-10-12 16:32:03.043,12933,12935,12933,2,-2
2020-10-12 16:32:03.174,12933,12935,12933,1,-1
2020-10-12 16:32:04.249,12933,12935,12935,3,3
2020-10-12 16:32:11.240,12933,12935,12935,3,3
2020-10-12 16:32:15.879,12934,12935,12935,2,2
2020-10-12 16:32:15.987,12934,12935,12934,1,-1
2020-10-12 16:32:16.472,12933,12935,12934,1,-1
2020-10-12 16:32:16.845,12933,12935,12933,1,-1
2020-10-12 16:32:18.342,12933,12934,12934,1,1
2020-10-12 16:32:18.821,12934,12935,12934,1,-1
2020-10-12 16:32:20.260,12934,12935,12935,3,3
2020-10-12 16:32:20.488,12934,12935,12934,10,-10
2020-10-12 16:32:21.991,12934,12935,12935,1,1
2020-10-12 16:32:22.342,12934,12935,12935,4,4
2020-10-12 16:32:23.851,12934,12935,12934,1,-1
2020-10-12 16:32:27.829,12934,12935,12935,1,1
2020-10-12 16:32:27.829,12934,12935,12936,2,2
2020-10-12 16:32:29.653,12934,12935,12935,3,3
2020-10-12 16:32:36.794,12934,12935,12934,1,-1
2020-10-12 16:32:42.534,12934,12935,12935,1,1
2020-10-12 16:32:53.157,12934,12935,12935,2,2
2020-10-12 16:32:58.369,12934,12935,12935,1,1
2020-10-12 16:33:03.076,12934,12935,12934,4,-4
2020-10-12 16:33:03.210,12933,12934,12934,1,1
2020-10-12 16:33:03.751,12933,12934,12934,1,1
2020-10-12 16:33:05.046,12933,12934,12934,2,2
2020-10-12 16:33:07.408,12933,12935,12935,1,1
2020-10-12 16:33:07.997,12933,12935,12935,2,2
2020-10-12 16:33:15.028,12934,12935,12935,1,1
2020-10-12 16:33:16.695,12934,12935,12935,1,1
2020-10-12 16:33:21.265,12934,12935,12935,1,1
2020-10-12 16:33:49.980,12934,12935,12934,1,-1
2020-10-12 16:34:11.756,12934,12935,12934,1,-1
2020-10-12 16:34:15.557,12934,12935,12934,2,-2
2020-10-12 16:34:15.558,12934,12935,12934,2,-2
2020-10-12 16:34:15.558,12934,12935,12934,1,-1
2020-10-12 16:34:16.516,12933,12934,12934,1,1
2020-10-12 16:34:21.684,12933,12934,12933,1,-1
2020-10-12 16:34:21.852,12933,12934,12934,1,1
2020-10-12 16:34:21.943,12933,12934,12934,1,1
2020-10-12 16:34:22.042,12933,12934,12934,1,1
2020-10-12 16:34:22.220,12933,12934,12934,1,1
2020-10-12 16:34:26.077,12933,12934,12934,1,1
2020-10-12 16:34:26.263,12934,12935,12935,1,1
2020-10-12 16:34:26.445,12934,12935,12934,1,-1
2020-10-12 16:34:26.445,12934,12935,12933,1,-1
2020-10-12 16:34:28.623,12933,12935,12935,1,1
2020-10-12 16:34:36.432,12933,12934,12934,1,1
2020-10-12 16:34:39.167,12933,12934,12934,2,2
2020-10-12 16:34:39.167,12933,12934,12935,1,1
2020-10-12 16:34:57.263,12934,12935,12934,1,-1
2020-10-12 16:35:05.020,12933,12935,12935,4,4
2020-10-12 16:35:13.377,12934,12935,12935,1,1
2020-10-12 16:35:16.001,12934,12935,12934,1,-1
2020-10-12 16:35:29.421,12933,12935,12933,1,-1
2020-10-12 16:35:34.337,12933,12934,12934,1,1
2020-10-12 16:35:38.252,12933,12934,12934,1,1
2020-10-12 16:35:40.760,12933,12934,12933,1,-1
2020-10-12 16:35:42.418,12933,12934,12934,5,5
2020-10-12 16:35:46.147,12934,12935,12934,1,-1
2020-10-12 16:35:47.772,12934,12935,12935,2,2
2020-10-12 16:35:48.514,12934,12935,12934,1,-1
2020-10-12 16:35:54.094,12934,12935,12934,1,-1
2020-10-12 16:36:00.693,12934,12935,12934,5,-5
2020-10-12 16:36:02.631,12934,12935,12934,1,-1
2020-10-12 16:36:03.544,12934,12935,12935,1,1
2020-10-12 16:36:05.254,12934,12935,12934,1,-1
2020-10-12 16:36:05.909,12934,12935,12934,1,-1
2020-10-12 16:36:11.727,12934,12935,12934,1,-1
2020-10-12 16:36:17.449,12934,12935,12934,1,-1
2020-10-12 16:36:18.308,12934,12935,12934,1,-1
2020-10-12 16:36:18.308,12934,12935,12934,11,-11
2020-10-12 16:36:18.308,12934,12935,12934,4,-4
2020-10-12 16:36:18.309,12934,12935,12934,1,-1
2020-10-12 16:36:18.309,12934,12935,12934,2,-2
2020-10-12 16:36:21.133,12933,12934,12934,1,1
2020-10-12 16:36:21.244,12933,12935,12933,1,-1
2020-10-12 16:36:29.763,12933,12935,12934,1,1
2020-10-12 16:36:36.613,12933,12935,12934,1,-1
2020-10-12 16:36:38.648,12934,12935,12934,1,-1
2020-10-12 16:36:47.203,12933,12935,12934,1,-1
2020-10-12 16:36:55.361,12934,12935,12935,1,1
2020-10-12 16:37:07.100,12934,12935,12935,1,1
2020-10-12 16:37:15.280,12934,12935,12934,1,-1
2020-10-12 16:37:15.401,12934,12935,12935,1,1
2020-10-12 16:37:15.517,12934,12935,12935,1,1
2020-10-12 16:37:15.654,12934,12935,12935,1,1
2020-10-12 16:37:18.644,12934,12935,12934,1,-1
2020-10-12 16:37:29.961,12934,12935,12934,1,-1
2020-10-12 16:37:33.122,12934,12935,12934,1,-1
2020-10-12 16:37:45.086,12934,12935,12934,1,-1
2020-10-12 16:37:50.274,12934,12935,12934,1,-1
2020-10-12 16:37:57.312,12934,12935,12934,1,-1
2020-10-12 16:37:58.358,12933,12935,12933,3,-3
2020-10-12 16:38:11.632,12933,12934,12933,3,-3
2020-10-12 16:38:13.487,12933,12934,12933,1,-1
2020-10-12 16:38:28.349,12933,12934,12933,1,-1
2020-10-12 16:38:37.232,12933,12934,12934,1,1
2020-10-12 16:38:38.923,12933,12934,12933,2,-2
2020-10-12 16:38:43.244,12933,12934,12933,1,-1
2020-10-12 16:38:49.706,12933,12934,12933,1,-1
2020-10-12 16:38:51.184,12933,12934,12933,1,-1
2020-10-12 16:38:51.184,12933,12934,12933,1,-1
2020-10-12 16:38:51.184,12933,12934,12933,4,-4
2020-10-12 16:38:51.184,12933,12934,12933,1,-1
2020-10-12 16:38:51.184,12933,12934,12933,2,-2
2020-10-12 16:38:51.184,12933,12934,12933,4,-4
2020-10-12 16:38:51.184,12933,12934,12933,5,-5
2020-10-12 16:38:51.184,12933,12934,12933,1,-1
2020-10-12 16:38:51.185,12933,12934,12933,3,-3
2020-10-12 16:38:51.185,12933,12934,12933,15,-15
2020-10-12 16:38:51.185,12933,12934,12933,5,-5
2020-10-12 16:38:51.185,12933,12934,12933,1,-1
2020-10-12 16:38:51.185,12933,12934,12933,4,-4
2020-10-12 16:38:51.185,12933,12934,12933,5,-5
2020-10-12 16:38:58.963,12932,12933,12933,2,2
2020-10-12 16:39:03.366,12933,12934,12933,1,-1
2020-10-12 16:39:04.802,12933,12934,12933,1,-1
2020-10-12 16:39:11.812,12932,12933,12933,7,7
2020-10-12 16:39:14.119,12933,12934,12933,2,-2
2020-10-12 16:39:19.835,12932,12933,12933,2,2
2020-10-12 16:39:23.584,12933,12934,12933,1,-1
2020-10-12 16:39:40.399,12933,12934,12933,1,-1
2020-10-12 16:39:52.727,12932,12934,12932,1,-1
2020-10-12 16:39:53.097,12932,12934,12934,2,2
2020-10-12 16:40:00.043,12932,12933,12933,1,1
2020-10-12 16:40:01.108,12932,12933,12932,1,-1
2020-10-12 16:40:02.258,12932,12933,12932,2,-2
2020-10-12 16:40:12.389,12932,12933,12932,1,-1
2020-10-12 16:40:20.707,12932,12933,12932,1,-1
2020-10-12 16:40:23.887,12932,12933,12932,1,-1
2020-10-12 16:40:24.209,12932,12933,12932,1,-1
2020-10-12 16:40:26.626,12932,12933,12932,9,-9
2020-10-12 16:40:26.628,12932,12933,12932,1,-1
2020-10-12 16:40:28.531,12931,12932,12931,1,-1
2020-10-12 16:40:28.531,12931,12932,12931,1,-1
2020-10-12 16:40:28.557,12931,12932,12931,1,-1
2020-10-12 16:40:28.582,12931,12932,12931,1,-1
2020-10-12 16:40:28.582,12931,12932,12931,1,-1
2020-10-12 16:40:28.606,12931,12932,12931,6,-6
2020-10-12 16:40:28.608,12931,12932,12931,1,-1
2020-10-12 16:40:28.656,12931,12932,12931,4,-4
2020-10-12 16:40:29.614,12931,12932,12931,1,-1
2020-10-12 16:40:35.666,12931,12932,12931,3,-3
2020-10-12 16:40:36.692,12931,12932,12931,1,-1
2020-10-12 16:40:38.163,12931,12932,12931,1,-1
2020-10-12 16:40:39.006,12931,12932,12931,3,-3
2020-10-12 16:40:39.006,12931,12932,12931,2,-2
2020-10-12 16:40:39.006,12931,12932,12931,4,-4
2020-10-12 16:40:39.007,12931,12932,12931,2,-2
2020-10-12 16:40:39.007,12931,12932,12931,5,-5
2020-10-12 16:40:39.052,12931,12932,12931,1,-1
2020-10-12 16:40:41.259,12931,12932,12931,1,-1
2020-10-12 16:40:46.452,12931,12932,12931,2,-2
2020-10-12 16:41:07.289,12930,12931,12931,1,1
2020-10-12 16:41:08.246,12930,12931,12931,1,1
2020-10-12 16:41:11.178,12930,12931,12930,1,-1
2020-10-12 16:41:11.184,12930,12931,12931,2,2
2020-10-12 16:41:17.510,12930,12931,12931,1,1
2020-10-12 16:41:28.602,12930,12931,12930,3,-3
2020-10-12 16:41:30.703,12930,12931,12930,1,-1
2020-10-12 16:41:30.703,12930,12931,12930,2,-2
2020-10-12 16:41:30.704,12930,12931,12930,12,-12
2020-10-12 16:41:30.704,12930,12931,12930,5,-5
2020-10-12 16:41:30.704,12930,12931,12930,1,-1
2020-10-12 16:41:30.704,12930,12931,12930,13,-13
2020-10-12 16:41:30.704,12930,12931,12930,4,-4
2020-10-12 16:41:30.704,12930,12931,12930,2,-2
2020-10-12 16:41:30.704,12930,12931,12930,4,-4
2020-10-12 16:41:30.748,12930,12931,12930,1,-1
2020-10-12 16:41:30.773,12930,12931,12930,1,-1
2020-10-12 16:41:30.798,12930,12931,12930,1,-1
2020-10-12 16:41:30.824,12930,12931,12930,1,-1
2020-10-12 16:41:30.849,12930,12931,12930,1,-1
2020-10-12 16:41:30.849,12930,12931,12930,1,-1
2020-10-12 16:41:30.874,12930,12931,12930,1,-1
2020-10-12 16:41:31.338,12930,12931,12930,5,-5
2020-10-12 16:41:31.339,12930,12931,12930,47,-47
2020-10-12 16:41:31.792,12929,12930,12929,2,-2
2020-10-12 16:41:31.858,12929,12930,12929,2,-2
2020-10-12 16:41:31.914,12929,12930,12929,5,-5
2020-10-12 16:41:31.951,12929,12930,12929,1,-1
2020-10-12 16:41:32.058,12929,12930,12929,1,-1
2020-10-12 16:41:33.955,12929,12930,12930,4,4
2020-10-12 16:41:37.001,12929,12930,12929,1,-1
2020-10-12 16:41:43.260,12929,12930,12929,1,-1
2020-10-12 16:41:43.923,12929,12930,12929,1,-1
2020-10-12 16:41:44.671,12929,12930,12929,1,-1
2020-10-12 16:41:45.048,12929,12930,12929,1,-1
2020-10-12 16:41:50.491,12929,12930,12930,4,4
2020-10-12 16:41:50.724,12930,12931,12930,2,-2
2020-10-12 16:41:54.952,12930,12931,12931,1,1
2020-10-12 16:41:54.953,12930,12931,12931,2,2
2020-10-12 16:41:57.570,12930,12932,12931,1,-1
2020-10-12 16:42:02.314,12930,12931,12930,5,-5
2020-10-12 16:42:07.934,12930,12931,12930,1,-1
2020-10-12 16:42:08.999,12930,12931,12930,1,-1
2020-10-12 16:42:09.230,12930,12931,12930,3,-3
2020-10-12 16:42:13.090,12930,12931,12930,1,-1
2020-10-12 16:42:13.936,12930,12931,12930,1,-1
2020-10-12 16:42:15.931,12930,12931,12930,3,-3
2020-10-12 16:42:22.218,12930,12931,12930,1,-1
2020-10-12 16:42:32.674,12930,12931,12930,1,-1
2020-10-12 16:42:33.606,12930,12931,12930,2,-2
2020-10-12 16:42:35.181,12930,12931,12930,1,-1
2020-10-12 16:42:50.696,12929,12930,12929,1,-1
2020-10-12 16:42:56.215,12929,12930,12929,1,-1
2020-10-12 16:43:01.256,12929,12930,12929,2,-2
2020-10-12 16:43:01.256,12929,12930,12929,4,-4
2020-10-12 16:43:01.257,12929,12930,12929,2,-2
2020-10-12 16:43:01.259,12929,12930,12929,1,-1
2020-10-12 16:43:02.131,12928,12930,12928,5,-5
2020-10-12 16:43:02.359,12928,12929,12929,2,2
2020-10-12 16:43:03.148,12928,12930,12928,3,-3
2020-10-12 16:43:03.543,12928,12929,12929,1,1
2020-10-12 16:43:08.510,12928,12929,12929,1,1
2020-10-12 16:43:13.952,12929,12930,12929,2,-2
2020-10-12 16:43:17.598,12928,12929,12929,1,1
2020-10-12 16:43:25.316,12928,12929,12928,1,-1
2020-10-12 16:43:31.914,12928,12929,12928,2,-2
2020-10-12 16:43:33.562,12928,12929,12928,1,-1
2020-10-12 16:43:57.621,12928,12929,12929,1,1
2020-10-12 16:44:05.581,12928,12929,12929,3,3
2020-10-12 16:44:10.107,12928,12929,12929,2,2
2020-10-12 16:44:11.530,12928,12929,12929,1,1
2020-10-12 16:45:10.725,12929,12930,12929,1,-1
2020-10-12 16:45:11.065,12929,12930,12930,1,1
2020-10-12 16:45:12.021,12929,12930,12929,1,-1
2020-10-12 16:45:12.236,12929,12930,12929,1,-1
2020-10-12 16:45:12.337,12929,12930,12929,11,-11
2020-10-12 16:45:12.337,12929,12930,12928,4,-4
2020-10-12 16:45:18.209,12928,12929,12928,4,-4
2020-10-12 16:45:18.210,12928,12929,12928,2,-2
2020-10-12 16:45:20.038,12927,12928,12928,1,1
2020-10-12 16:45:21.741,12927,12928,12928,1,1
2020-10-12 16:45:23.082,12927,12928,12927,3,-3
2020-10-12 16:45:24.355,12926,12927,12927,2,2
2020-10-12 16:45:26.239,12926,12927,12927,2,2
2020-10-12 16:45:27.517,12927,12928,12927,3,-3
2020-10-12 16:45:29.304,12927,12928,12927,1,-1
2020-10-12 16:45:31.897,12926,12927,12926,2,-2
2020-10-12 16:45:31.983,12926,12927,12926,1,-1
2020-10-12 16:45:32.094,12926,12927,12926,1,-1
2020-10-12 16:45:35.347,12926,12927,12927,1,1
2020-10-12 16:45:38.794,12926,12927,12926,1,-1
2020-10-12 16:45:39.523,12926,12927,12926,1,-1
2020-10-12 16:45:39.524,12926,12927,12926,3,-3
2020-10-12 16:45:39.583,12925,12927,12927,1,1
2020-10-12 16:45:40.070,12925,12927,12925,3,-3
2020-10-12 16:45:40.105,12925,12927,12925,1,-1
2020-10-12 16:45:40.135,12925,12927,12925,2,-2
2020-10-12 16:45:40.281,12925,12927,12927,1,1
2020-10-12 16:45:40.288,12925,12927,12925,1,-1
2020-10-12 16:45:44.700,12925,12927,12926,1,1
2020-10-12 16:45:45.067,12925,12927,12925,3,-3
2020-10-12 16:45:47.207,12925,12926,12926,1,1
2020-10-12 16:45:51.158,12926,12927,12926,1,-1
2020-10-12 16:45:51.574,12926,12927,12926,1,-1
2020-10-12 16:45:53.633,12926,12927,12926,2,-2
2020-10-12 16:45:54.625,12926,12927,12926,7,-7
2020-10-12 16:45:54.625,12926,12927,12925,3,-3
2020-10-12 16:45:55.832,12926,12927,12927,12,12
2020-10-12 16:45:56.742,12926,12928,12927,2,-2
2020-10-12 16:45:59.557,12926,12928,12927,1,-1
2020-10-12 16:45:59.558,12926,12928,12927,1,-1
2020-10-12 16:46:05.527,12927,12928,12927,1,-1
2020-10-12 16:46:07.282,12926,12928,12928,1,1
2020-10-12 16:46:08.374,12926,12928,12928,1,1
2020-10-12 16:46:08.773,12926,12927,12927,1,1
2020-10-12 16:46:11.110,12927,12928,12927,1,-1
2020-10-12 16:46:14.781,12927,12928,12927,1,-1
2020-10-12 16:46:17.510,12926,12927,12927,1,1
2020-10-12 16:46:18.742,12926,12927,12927,1,1
2020-10-12 16:46:19.996,12926,12927,12927,1,1
2020-10-12 16:46:33.534,12926,12927,12927,1,1
2020-10-12 16:46:37.956,12926,12927,12927,1,1
2020-10-12 16:46:37.975,12926,12927,12927,5,5
2020-10-12 16:46:52.398,12926,12927,12927,3,3
2020-10-12 16:46:52.398,12926,12927,12927,3,3
2020-10-12 16:46:57.630,12927,12928,12927,1,-1
2020-10-12 16:46:59.109,12926,12928,12926,1,-1
2020-10-12 16:46:59.527,12926,12928,12926,1,-1
2020-10-12 16:46:59.775,12926,12928,12926,1,-1
2020-10-12 16:47:03.237,12926,12927,12926,1,-1
2020-10-12 16:47:04.247,12926,12927,12926,1,-1
2020-10-12 16:47:04.843,12926,12927,12926,1,-1
2020-10-12 16:47:09.071,12926,12927,12927,1,1
2020-10-12 16:47:12.427,12926,12927,12927,1,1
2020-10-12 16:47:12.427,12926,12927,12927,1,1
2020-10-12 16:47:14.544,12927,12928,12927,1,-1
2020-10-12 16:47:17.105,12927,12928,12928,1,1
2020-10-12 16:47:18.723,12927,12928,12928,2,2
2020-10-12 16:47:20.513,12927,12928,12927,1,-1
2020-10-12 16:47:25.404,12927,12928,12928,1,1
2020-10-12 16:47:37.190,12927,12928,12928,1,1
2020-10-12 16:47:45.216,12927,12928,12928,1,1
2020-10-12 16:47:46.935,12927,12928,12928,1,1
2020-10-12 16:47:48.402,12927,12928,12927,1,-1
2020-10-12 16:47:50.442,12927,12928,12928,2,2
2020-10-12 16:47:50.443,12927,12928,12928,7,7
2020-10-12 16:47:50.443,12927,12928,12928,3,3
2020-10-12 16:47:51.750,12928,12929,12928,1,-1
2020-10-12 16:47:57.640,12927,12928,12927,1,-1
2020-10-12 16:47:59.433,12927,12928,12928,1,1
2020-10-12 16:47:59.595,12928,12929,12928,5,-5
2020-10-12 16:48:04.203,12927,12928,12928,2,2
2020-10-12 16:48:04.257,12928,12929,12928,1,-1
2020-10-12 16:48:04.257,12928,12929,12928,1,-1
2020-10-12 16:48:04.385,12927,12929,12927,1,-1
2020-10-12 16:48:12.207,12927,12928,12928,1,1
2020-10-12 16:48:20.094,12928,12929,12929,1,1
2020-10-12 16:48:30.245,12928,12929,12929,1,1
2020-10-12 16:48:43.805,12928,12930,12929,1,-1
2020-10-12 16:48:55.580,12928,12929,12929,1,1
2020-10-12 16:48:57.012,12928,12929,12929,1,1
2020-10-12 16:49:00.931,12928,12929,12929,1,1
2020-10-12 16:49:02.969,12928,12929,12928,12,-12
2020-10-12 16:49:07.156,12927,12928,12928,1,1
2020-10-12 16:49:11.924,12927,12929,12928,1,-1
2020-10-12 16:49:20.708,12928,12929,12928,1,-1
2020-10-12 16:49:29.404,12928,12929,12928,1,-1
2020-10-12 16:49:45.391,12927,12928,12927,1,-1
2020-10-12 16:49:45.416,12927,12928,12927,1,-1
2020-10-12 16:49:45.442,12927,12928,12927,1,-1
2020-10-12 16:49:45.462,12927,12928,12927,1,-1
2020-10-12 16:49:45.487,12927,12928,12927,1,-1
2020-10-12 16:49:45.487,12927,12928,12927,4,-4
2020-10-12 16:49:45.488,12927,12928,12927,3,-3
2020-10-12 16:49:47.482,12926,12927,12926,1,-1
2020-10-12 16:49:50.762,12926,12927,12927,1,1
2020-10-12 16:49:51.867,12926,12928,12926,1,-1
2020-10-12 16:49:56.849,12927,12928,12927,1,1
2020-10-12 16:49:57.915,12926,12927,12926,2,-2
2020-10-12 16:50:03.737,12926,12927,12926,1,-1
2020-10-12 16:50:06.011,12926,12927,12926,1,-1
2020-10-12 16:50:08.714,12926,12927,12927,1,1
2020-10-12 16:50:24.474,12926,12927,12927,1,1
2020-10-12 16:50:24.918,12926,12927,12927,1,1
2020-10-12 16:50:32.135,12926,12927,12926,1,-1
2020-10-12 16:50:34.702,12926,12927,12926,13,-13
2020-10-12 16:50:42.785,12925,12926,12925,5,-5
2020-10-12 16:50:42.787,12925,12926,12925,31,-31
2020-10-12 16:50:42.914,12924,12925,12924,1,-1
2020-10-12 16:50:43.001,12924,12925,12924,5,-5
2020-10-12 16:50:43.001,12924,12925,12924,2,-2
2020-10-12 16:50:43.093,12924,12925,12924,1,-1
2020-10-12 16:50:43.391,12924,12925,12924,1,-1
2020-10-12 16:50:43.391,12924,12925,12923,1,-1
2020-10-12 16:50:43.562,12923,12925,12923,1,-1
2020-10-12 16:50:43.660,12923,12925,12923,1,-1
2020-10-12 16:50:44.275,12923,12925,12923,1,-1
2020-10-12 16:50:48.778,12923,12925,12925,1,1
2020-10-12 16:50:50.029,12924,12926,12924,1,-1
2020-10-12 16:50:57.623,12923,12924,12924,1,1
2020-10-12 16:50:57.628,12923,12924,12924,1,1
2020-10-12 16:50:58.394,12923,12925,12924,1,-1
2020-10-12 16:51:01.909,12924,12925,12924,3,-3
2020-10-12 16:51:02.644,12923,12924,12924,1,1
2020-10-12 16:51:06.557,12923,12924,12923,4,-4
2020-10-12 16:51:07.143,12923,12924,12923,6,-6
2020-10-12 16:51:07.512,12923,12924,12924,1,1
2020-10-12 16:51:08.317,12923,12924,12923,1,-1
2020-10-12 16:51:11.426,12923,12924,12924,3,3
2020-10-12 16:51:13.464,12923,12924,12924,1,1
2020-10-12 16:51:18.621,12924,12925,12924,1,-1
2020-10-12 16:51:21.376,12924,12925,12924,3,-3
2020-10-12 16:51:21.376,12924,12925,12923,2,-2
2020-10-12 16:51:24.620,12923,12924,12924,1,1
2020-10-12 16:51:24.621,12923,12924,12924,1,1
2020-10-12 16:51:26.065,12923,12924,12924,1,1
2020-10-12 16:51:29.679,12923,12924,12924,1,1
2020-10-12 16:51:33.467,12924,12925,12924,4,-4
2020-10-12 16:51:33.707,12923,12924,12924,1,1
2020-10-12 16:51:44.773,12924,12925,12924,2,-2
2020-10-12 16:51:48.255,12923,12924,12924,1,1
2020-10-12 16:51:54.620,12923,12924,12924,1,1
2020-10-12 16:51:54.621,12923,12924,12924,1,1
2020-10-12 16:51:59.774,12924,12925,12924,1,-1
2020-10-12 16:51:59.775,12924,12925,12924,1,-1
2020-10-12 16:52:00.336,12924,12925,12924,1,-1
2020-10-12 16:52:01.011,12924,12925,12924,1,-1
2020-10-12 16:52:06.034,12924,12925,12924,1,-1
2020-10-12 16:52:06.328,12924,12925,12924,1,-1
2020-10-12 16:52:09.550,12924,12925,12924,1,-1
2020-10-12 16:52:10.725,12924,12925,12924,1,-1
2020-10-12 16:52:12.580,12923,12925,12925,1,1
2020-10-12 16:52:13.014,12923,12925,12924,1,-1
2020-10-12 16:52:20.873,12924,12925,12924,1,-1
2020-10-12 16:52:22.807,12924,12925,12924,1,-1
2020-10-12 16:52:28.151,12924,12925,12924,1,-1
2020-10-12 16:52:32.483,12924,12925,12924,1,-1
2020-10-12 16:52:39.274,12923,12924,12923,10,-10
2020-10-12 16:52:48.610,12923,12924,12923,3,-3
2020-10-12 16:52:49.765,12923,12924,12923,1,-1
2020-10-12 16:52:53.927,12923,12924,12923,1,-1
2020-10-12 16:52:55.546,12922,12923,12922,1,-1
2020-10-12 16:52:55.633,12922,12923,12923,1,1
2020-10-12 16:52:55.644,12922,12923,12922,2,-2
2020-10-12 16:52:56.757,12922,12924,12922,1,-1
2020-10-12 16:52:56.871,12922,12924,12923,1,1
2020-10-12 16:52:58.986,12922,12924,12922,2,-2
2020-10-12 16:53:03.504,12922,12923,12922,1,-1
2020-10-12 16:53:03.810,12922,12923,12922,1,-1
2020-10-12 16:53:04.122,12922,12923,12922,1,-1
2020-10-12 16:53:04.422,12922,12923,12922,1,-1
2020-10-12 16:53:04.729,12922,12923,12922,1,-1
2020-10-12 16:53:05.031,12922,12923,12922,1,-1
2020-10-12 16:53:05.339,12922,12923,12922,1,-1
2020-10-12 16:53:05.646,12922,12923,12922,1,-1
2020-10-12 16:53:05.955,12922,12923,12922,1,-1
2020-10-12 16:53:05.955,12922,12923,12922,3,-3
2020-10-12 16:53:06.205,12921,12922,12921,1,-1
2020-10-12 16:53:06.230,12921,12922,12921,1,-1
2020-10-12 16:53:06.473,12921,12922,12921,2,-2
2020-10-12 16:53:08.700,12921,12922,12921,3,-3
2020-10-12 16:53:08.700,12921,12922,12921,6,-6
2020-10-12 16:53:08.709,12920,12922,12920,1,-1
2020-10-12 16:53:08.893,12920,12921,12920,3,-3
2020-10-12 16:53:11.382,12921,12922,12921,1,1
2020-10-12 16:53:11.382,12921,12922,12921,1,-1
2020-10-12 16:53:12.149,12920,12922,12920,1,-1
2020-10-12 16:53:15.433,12920,12922,12920,1,-1
2020-10-12 16:53:18.394,12920,12922,12920,1,-1
2020-10-12 16:53:24.413,12920,12922,12920,1,-1
2020-10-12 16:53:25.120,12920,12922,12920,1,-1
2020-10-12 16:53:27.631,12920,12922,12920,1,-1
2020-10-12 16:53:28.342,12920,12922,12920,1,-1
2020-10-12 16:53:30.115,12920,12922,12920,1,-1
2020-10-12 16:53:30.231,12920,12922,12920,1,-1
2020-10-12 16:53:31.330,12920,12922,12920,1,-1
2020-10-12 16:53:31.442,12920,12922,12920,3,-3
2020-10-12 16:53:32.218,12920,12922,12920,1,-1
2020-10-12 16:53:41.604,12920,12921,12920,1,-1
2020-10-12 16:53:45.115,12920,12921,12920,1,-1
2020-10-12 16:53:53.957,12920,12921,12921,7,7
2020-10-12 16:53:55.268,12921,12922,12922,2,2
2020-10-12 16:53:56.294,12921,12923,12921,1,-1
2020-10-12 16:53:58.123,12921,12923,12921,1,-1
2020-10-12 16:54:07.055,12921,12923,12921,5,-5
2020-10-12 16:54:07.099,12921,12922,12922,2,2
2020-10-12 16:54:19.418,12921,12922,12922,1,1
2020-10-12 16:54:23.237,12921,12922,12922,1,1
2020-10-12 16:54:23.517,12921,12922,12921,2,-2
2020-10-12 16:54:23.561,12921,12922,12921,2,-2
2020-10-12 16:54:24.302,12920,12922,12922,1,1
2020-10-12 16:54:24.332,12920,12922,12922,3,3
2020-10-12 16:54:34.971,12920,12922,12922,2,2
2020-10-12 16:54:41.406,12921,12922,12922,1,1
2020-10-12 16:54:42.036,12921,12922,12921,1,-1
2020-10-12 16:54:42.036,12921,12922,12921,1,-1
2020-10-12 16:54:42.036,12921,12922,12921,1,-1
2020-10-12 16:54:43.532,12920,12921,12921,1,1
2020-10-12 16:54:55.267,12921,12922,12921,1,-1
2020-10-12 16:55:04.558,12920,12921,12921,2,2
2020-10-12 16:55:11.105,12920,12921,12921,1,1
2020-10-12 16:55:12.834,12920,12921,12920,6,-6
2020-10-12 16:55:13.228,12920,12921,12920,3,-3
2020-10-12 16:55:13.229,12920,12921,12920,1,-1
2020-10-12 16:55:13.785,12919,12920,12921,1,1
2020-10-12 16:55:22.084,12919,12921,12919,10,-10
2020-10-12 16:55:22.300,12918,12920,12918,1,-1
2020-10-12 16:55:22.320,12918,12920,12918,1,-1
2020-10-12 16:55:22.484,12918,12920,12918,1,-1
2020-10-12 16:55:22.524,12918,12920,12918,6,-6
2020-10-12 16:55:22.524,12918,12920,12918,1,-1
2020-10-12 16:55:27.505,12918,12919,12918,1,-1
2020-10-12 16:55:30.860,12918,12919,12918,1,-1
2020-10-12 16:55:31.521,12918,12919,12919,2,2
2020-10-12 16:55:31.622,12918,12919,12919,5,5
2020-10-12 16:55:33.143,12919,12920,12920,3,3
2020-10-12 16:55:41.640,12919,12921,12921,1,1
2020-10-12 16:55:47.112,12919,12921,12921,1,1
2020-10-12 16:55:59.606,12919,12920,12920,5,5
2020-10-12 16:56:01.083,12919,12920,12920,1,1
2020-10-12 16:56:02.240,12919,12920,12919,1,-1
2020-10-12 16:56:02.459,12919,12920,12919,1,-1
2020-10-12 16:56:04.407,12918,12920,12918,10,-10
2020-10-12 16:56:13.151,12918,12920,12918,1,-1
2020-10-12 16:56:13.655,12918,12920,12918,1,-1
2020-10-12 16:56:20.582,12919,12920,12919,1,1
2020-10-12 16:56:20.583,12919,12920,12919,4,-4
2020-10-12 16:56:20.839,12918,12920,12918,2,-2
2020-10-12 16:56:29.483,12919,12920,12919,1,1
2020-10-12 16:56:37.389,12919,12920,12920,1,1
2020-10-12 16:56:37.758,12919,12920,12919,1,-1
2020-10-12 16:56:43.671,12918,12919,12919,1,1
2020-10-12 16:56:44.882,12918,12919,12919,2,2
2020-10-12 16:56:59.615,12918,12920,12919,1,-1
2020-10-12 16:57:00.448,12919,12920,12919,1,-1
2020-10-12 16:57:02.146,12919,12920,12919,1,-1
2020-10-12 16:57:05.344,12918,12920,12919,1,-1
2020-10-12 16:57:13.676,12918,12919,12919,2,2
2020-10-12 16:57:17.494,12918,12919,12918,1,-1
2020-10-12 16:57:17.494,12918,12919,12918,5,-5
2020-10-12 16:57:17.494,12918,12919,12918,1,-1
2020-10-12 16:57:17.551,12918,12919,12918,1,-1
2020-10-12 16:57:18.130,12917,12919,12917,1,-1
2020-10-12 16:57:19.312,12918,12919,12919,1,1
2020-10-12 16:57:22.329,12918,12919,12918,1,-1
2020-10-12 16:57:29.095,12918,12919,12919,1,1
2020-10-12 16:57:33.207,12918,12919,12918,1,-1
2020-10-12 16:57:35.552,12918,12919,12918,1,-1
2020-10-12 16:57:47.487,12918,12919,12919,7,7
2020-10-12 16:57:51.809,12919,12920,12919,3,-3
2020-10-12 16:57:51.977,12918,12920,12918,1,-1
2020-10-12 16:57:52.761,12918,12920,12919,2,2
2020-10-12 16:57:53.066,12918,12920,12918,8,-8
2020-10-12 16:57:57.061,12918,12919,12918,1,-1
2020-10-12 16:58:04.507,12918,12919,12918,1,-1
2020-10-12 16:58:20.314,12918,12919,12918,1,-1
2020-10-12 16:58:22.166,12918,12919,12918,1,-1
2020-10-12 16:58:25.196,12918,12919,12918,1,-1
2020-10-12 16:58:29.490,12918,12919,12918,1,-1
2020-10-12 16:58:29.490,12918,12919,12918,1,-1
2020-10-12 16:58:29.491,12918,12919,12918,2,-2
2020-10-12 16:58:29.491,12918,12919,12918,3,-3
2020-10-12 16:58:38.186,12917,12918,12918,2,2
2020-10-12 16:58:45.343,12918,12919,12918,1,-1
2020-10-12 16:59:11.600,12918,12919,12918,1,-1
2020-10-12 16:59:12.478,12918,12919,12918,3,-3
