2024-02-02 15:00:00.001,18080,18080,18080,92,0
2024-02-02 15:00:00.001,18081,18081,18081,2,2
2024-02-02 15:00:00.001,18080,18080,18080,6,-6
2024-02-02 15:00:00.001,18080,18080,18080,6,0
2024-02-02 15:00:00.001,18081,18081,18081,2,2
2024-02-02 15:00:00.001,18081,18081,18081,2,0
2024-02-02 15:00:00.001,18080,18080,18080,10,-10
2024-02-02 15:00:00.001,18080,18080,18080,16,0
2024-02-02 15:00:00.001,18080,18080,18080,2,0
2024-02-02 15:00:00.001,18081,18081,18081,4,4
2024-02-02 15:00:00.001,18081,18081,18081,2,0
2024-02-02 15:00:00.001,18081,18081,18081,2,0
2024-02-02 15:00:01.001,18081,18081,18081,2,0
2024-02-02 15:00:01.001,18081,18081,18081,4,0
2024-02-02 15:00:01.001,18079,18079,18079,2,-2
2024-02-02 15:00:01.001,18079,18079,18079,2,0
2024-02-02 15:00:01.001,18079,18079,18079,2,0
2024-02-02 15:00:01.001,18078,18078,18078,2,-2
2024-02-02 15:00:01.001,18080,18080,18080,2,2
2024-02-02 15:00:01.001,18080,18080,18080,2,0
2024-02-02 15:00:01.001,18081,18081,18081,8,8
2024-02-02 15:00:01.001,18080,18080,18080,2,-2
2024-02-02 15:00:02.001,18082,18082,18082,2,2
2024-02-02 15:00:03.001,18080,18080,18080,4,-4
2024-02-02 15:00:03.001,18079,18079,18079,2,-2
2024-02-02 15:00:06.001,18079,18079,18079,2,0
2024-02-02 15:00:06.001,18079,18079,18079,4,0
2024-02-02 15:00:06.001,18080,18080,18080,16,16
2024-02-02 15:00:06.001,18078,18078,18078,2,-2
2024-02-02 15:00:08.001,18079,18079,18079,2,2
2024-02-02 15:00:09.001,18079,18079,18079,2,0
2024-02-02 15:00:09.001,18079,18079,18079,2,0
2024-02-02 15:00:09.001,18079,18079,18079,2,0
2024-02-02 15:00:09.001,18078,18078,18078,2,-2
2024-02-02 15:00:09.001,18078,18078,18078,2,0
2024-02-02 15:00:09.001,18078,18078,18078,4,0
2024-02-02 15:00:09.001,18078,18078,18078,2,0
2024-02-02 15:00:09.001,18078,18078,18078,2,0
2024-02-02 15:00:09.001,18078,18078,18078,4,0
2024-02-02 15:00:10.001,18078,18078,18078,2,0
2024-02-02 15:00:10.001,18078,18078,18078,2,0
2024-02-02 15:00:11.001,18078,18078,18078,2,0
2024-02-02 15:00:13.001,18077,18077,18077,2,-2
2024-02-02 15:00:13.001,18078,18078,18078,4,4
2024-02-02 15:00:13.001,18078,18078,18078,16,0
2024-02-02 15:00:14.001,18077,18077,18077,2,-2
2024-02-02 15:00:14.001,18078,18078,18078,2,2
2024-02-02 15:00:14.001,18078,18078,18078,10,0
2024-02-02 15:00:15.001,18078,18078,18078,4,0
2024-02-02 15:00:15.001,18078,18078,18078,4,0
2024-02-02 15:00:15.001,18077,18077,18077,2,-2
2024-02-02 15:00:15.001,18077,18077,18077,2,0
2024-02-02 15:00:15.001,18077,18077,18077,2,0
2024-02-02 15:00:15.001,18077,18077,18077,2,0
2024-02-02 15:00:15.001,18076,18076,18076,4,-4
2024-02-02 15:00:15.001,18076,18076,18076,2,0
2024-02-02 15:00:15.001,18076,18076,18076,2,0
2024-02-02 15:00:15.001,18075,18075,18075,2,-2
2024-02-02 15:00:15.001,18075,18075,18075,2,0
2024-02-02 15:00:15.001,18075,18075,18075,4,0
2024-02-02 15:00:15.001,18075,18075,18075,4,0
2024-02-02 15:00:15.001,18077,18077,18077,6,6
2024-02-02 15:00:15.001,18076,18076,18076,2,-2
2024-02-02 15:00:15.001,18075,18075,18075,2,-2
2024-02-02 15:00:15.001,18075,18075,18075,2,0
2024-02-02 15:00:16.001,18075,18075,18075,4,0
2024-02-02 15:00:16.001,18075,18075,18075,4,0
2024-02-02 15:00:16.001,18075,18075,18075,4,0
2024-02-02 15:00:16.001,18075,18075,18075,2,0
2024-02-02 15:00:16.001,18075,18075,18075,2,0
2024-02-02 15:00:16.001,18075,18075,18075,2,0
2024-02-02 15:00:16.001,18076,18076,18076,8,8
2024-02-02 15:00:17.001,18074,18074,18074,2,-2
2024-02-02 15:00:17.001,18075,18075,18075,2,2
2024-02-02 15:00:20.001,18074,18074,18074,2,-2
2024-02-02 15:00:20.001,18075,18075,18075,10,10
2024-02-02 15:00:22.001,18075,18075,18075,2,0
2024-02-02 15:00:22.001,18076,18076,18076,4,4
2024-02-02 15:00:22.001,18076,18076,18076,2,0
2024-02-02 15:00:22.001,18076,18076,18076,4,0
2024-02-02 15:00:23.001,18077,18077,18077,6,6
2024-02-02 15:00:25.001,18077,18077,18077,6,0
2024-02-02 15:00:30.001,18076,18076,18076,4,-4
2024-02-02 15:00:30.001,18076,18076,18076,4,0
2024-02-02 15:00:30.001,18076,18076,18076,2,0
2024-02-02 15:00:32.001,18076,18076,18076,2,0
2024-02-02 15:00:33.001,18076,18076,18076,2,0
2024-02-02 15:00:34.001,18076,18076,18076,2,0
2024-02-02 15:00:35.001,18076,18076,18076,6,0
2024-02-02 15:00:35.001,18076,18076,18076,4,0
2024-02-02 15:00:35.001,18076,18076,18076,2,0
2024-02-02 15:00:36.001,18076,18076,18076,4,0
2024-02-02 15:00:36.001,18075,18075,18075,2,-2
2024-02-02 15:00:36.001,18075,18075,18075,2,0
2024-02-02 15:00:36.001,18075,18075,18075,2,0
2024-02-02 15:00:36.001,18075,18075,18075,2,0
2024-02-02 15:00:37.001,18075,18075,18075,12,0
2024-02-02 15:00:37.001,18075,18075,18075,2,0
2024-02-02 15:00:38.001,18075,18075,18075,6,0
2024-02-02 15:00:38.001,18075,18075,18075,2,0
2024-02-02 15:00:38.001,18075,18075,18075,2,0
2024-02-02 15:00:38.001,18075,18075,18075,4,0
2024-02-02 15:00:40.001,18076,18076,18076,2,2
2024-02-02 15:00:41.001,18077,18077,18077,2,2
2024-02-02 15:00:46.001,18076,18076,18076,2,-2
2024-02-02 15:00:47.001,18077,18077,18077,2,2
2024-02-02 15:00:48.001,18076,18076,18076,2,-2
2024-02-02 15:00:48.001,18076,18076,18076,4,0
2024-02-02 15:00:48.001,18076,18076,18076,4,0
2024-02-02 15:00:48.001,18076,18076,18076,4,0
2024-02-02 15:00:48.001,18076,18076,18076,2,0
2024-02-02 15:00:48.001,18076,18076,18076,2,0
2024-02-02 15:00:48.001,18076,18076,18076,4,0
2024-02-02 15:00:49.001,18076,18076,18076,2,0
2024-02-02 15:00:52.001,18076,18076,18076,2,0
2024-02-02 15:00:52.001,18076,18076,18076,4,0
2024-02-02 15:00:58.001,18077,18077,18077,2,2
2024-02-02 15:00:59.001,18077,18077,18077,12,0
2024-02-02 15:01:00.001,18078,18078,18078,16,16
2024-02-02 15:01:00.001,18078,18078,18078,4,0
2024-02-02 15:01:00.001,18078,18078,18078,6,0
2024-02-02 15:01:00.001,18078,18078,18078,2,0
2024-02-02 15:01:00.001,18079,18079,18079,4,4
2024-02-02 15:01:00.001,18077,18077,18077,2,-2
2024-02-02 15:01:00.001,18077,18077,18077,4,0
2024-02-02 15:01:00.001,18077,18077,18077,4,0
2024-02-02 15:01:00.001,18077,18077,18077,4,0
2024-02-02 15:01:00.001,18077,18077,18077,4,0
2024-02-02 15:01:02.001,18077,18077,18077,2,0
2024-02-02 15:01:02.001,18077,18077,18077,2,0
2024-02-02 15:01:02.001,18078,18078,18078,2,2
2024-02-02 15:01:02.001,18076,18076,18076,4,-4
2024-02-02 15:01:02.001,18076,18076,18076,4,0
2024-02-02 15:01:02.001,18076,18076,18076,4,0
2024-02-02 15:01:02.001,18076,18076,18076,2,0
2024-02-02 15:01:02.001,18076,18076,18076,2,0
2024-02-02 15:01:02.001,18076,18076,18076,2,0
2024-02-02 15:01:02.001,18076,18076,18076,10,0
2024-02-02 15:01:02.001,18076,18076,18076,2,0
2024-02-02 15:01:02.001,18076,18076,18076,4,0
2024-02-02 15:01:02.001,18076,18076,18076,2,0
2024-02-02 15:01:02.001,18076,18076,18076,2,0
2024-02-02 15:01:02.001,18076,18076,18076,2,0
2024-02-02 15:01:02.001,18076,18076,18076,2,0
2024-02-02 15:01:02.001,18075,18075,18075,2,-2
2024-02-02 15:01:02.001,18075,18075,18075,2,0
2024-02-02 15:01:02.001,18075,18075,18075,6,0
2024-02-02 15:01:02.001,18075,18075,18075,2,0
2024-02-02 15:01:02.001,18075,18075,18075,2,0
2024-02-02 15:01:02.001,18075,18075,18075,2,0
2024-02-02 15:01:02.001,18075,18075,18075,2,0
2024-02-02 15:01:02.001,18075,18075,18075,2,0
2024-02-02 15:01:02.001,18075,18075,18075,4,0
2024-02-02 15:01:02.001,18075,18075,18075,2,0
2024-02-02 15:01:02.001,18075,18075,18075,4,0
2024-02-02 15:01:02.001,18075,18075,18075,2,0
2024-02-02 15:01:02.001,18074,18074,18074,2,-2
2024-02-02 15:01:02.001,18074,18074,18074,2,0
2024-02-02 15:01:02.001,18074,18074,18074,2,0
2024-02-02 15:01:02.001,18074,18074,18074,2,0
2024-02-02 15:01:02.001,18074,18074,18074,2,0
2024-02-02 15:01:02.001,18074,18074,18074,2,0
2024-02-02 15:01:02.001,18074,18074,18074,2,0
2024-02-02 15:01:02.001,18074,18074,18074,4,0
2024-02-02 15:01:02.001,18074,18074,18074,2,0
2024-02-02 15:01:02.001,18074,18074,18074,20,0
2024-02-02 15:01:02.001,18073,18073,18073,2,-2
2024-02-02 15:01:02.001,18073,18073,18073,2,0
2024-02-02 15:01:02.001,18073,18073,18073,6,0
2024-02-02 15:01:02.001,18073,18073,18073,2,0
2024-02-02 15:01:02.001,18073,18073,18073,2,0
2024-02-02 15:01:02.001,18073,18073,18073,2,0
2024-02-02 15:01:02.001,18073,18073,18073,2,0
2024-02-02 15:01:02.001,18073,18073,18073,6,0
2024-02-02 15:01:02.001,18073,18073,18073,2,0
2024-02-02 15:01:02.001,18073,18073,18073,8,0
2024-02-02 15:01:02.001,18073,18073,18073,2,0
2024-02-02 15:01:02.001,18073,18073,18073,2,0
2024-02-02 15:01:02.001,18073,18073,18073,10,0
2024-02-02 15:01:02.001,18073,18073,18073,4,0
2024-02-02 15:01:05.001,18073,18073,18073,2,0
2024-02-02 15:01:05.001,18073,18073,18073,4,0
2024-02-02 15:01:05.001,18073,18073,18073,4,0
2024-02-02 15:01:05.001,18073,18073,18073,4,0
2024-02-02 15:01:05.001,18073,18073,18073,2,0
2024-02-02 15:01:05.001,18074,18074,18074,2,2
2024-02-02 15:01:08.001,18074,18074,18074,4,0
2024-02-02 15:01:08.001,18075,18075,18075,2,2
2024-02-02 15:01:13.001,18074,18074,18074,4,-4
2024-02-02 15:01:13.001,18074,18074,18074,2,0
2024-02-02 15:01:19.001,18074,18074,18074,2,0
2024-02-02 15:01:20.001,18075,18075,18075,16,16
2024-02-02 15:01:21.001,18074,18074,18074,2,-2
2024-02-02 15:01:22.001,18075,18075,18075,2,2
2024-02-02 15:01:22.001,18075,18075,18075,2,0
2024-02-02 15:01:26.001,18075,18075,18075,20,0
2024-02-02 15:01:30.001,18075,18075,18075,2,0
2024-02-02 15:01:36.001,18076,18076,18076,4,4
2024-02-02 15:01:37.001,18076,18076,18076,2,0
2024-02-02 15:01:38.001,18075,18075,18075,2,-2
2024-02-02 15:01:40.001,18076,18076,18076,4,4
2024-02-02 15:01:41.001,18075,18075,18075,2,-2
2024-02-02 15:01:42.001,18076,18076,18076,2,2
2024-02-02 15:01:46.001,18076,18076,18076,2,0
2024-02-02 15:01:47.001,18075,18075,18075,2,-2
2024-02-02 15:01:48.001,18076,18076,18076,2,2
2024-02-02 15:01:49.001,18076,18076,18076,4,0
2024-02-02 15:01:52.001,18076,18076,18076,4,0
2024-02-02 15:01:54.001,18076,18076,18076,2,0
2024-02-02 15:01:55.001,18075,18075,18075,2,-2
2024-02-02 15:01:56.001,18077,18077,18077,6,6
2024-02-02 15:01:56.001,18077,18077,18077,4,0
2024-02-02 15:01:56.001,18076,18076,18076,2,-2
2024-02-02 15:01:59.001,18077,18077,18077,4,4
2024-02-02 15:02:00.001,18077,18077,18077,16,0
2024-02-02 15:02:04.001,18077,18077,18077,2,0
2024-02-02 15:02:06.001,18076,18076,18076,2,-2
2024-02-02 15:02:06.001,18077,18077,18077,2,2
2024-02-02 15:02:06.001,18076,18076,18076,4,-4
2024-02-02 15:02:06.001,18076,18076,18076,4,0
2024-02-02 15:02:06.001,18076,18076,18076,2,0
2024-02-02 15:02:10.001,18076,18076,18076,2,0
2024-02-02 15:02:11.001,18076,18076,18076,2,0
2024-02-02 15:02:11.001,18076,18076,18076,2,0
2024-02-02 15:02:12.001,18077,18077,18077,10,10
2024-02-02 15:02:12.001,18077,18077,18077,2,0
2024-02-02 15:02:14.001,18076,18076,18076,2,-2
2024-02-02 15:02:15.001,18077,18077,18077,2,2
2024-02-02 15:02:16.001,18077,18077,18077,2,0
2024-02-02 15:02:17.001,18077,18077,18077,4,0
2024-02-02 15:02:18.001,18077,18077,18077,2,0
2024-02-02 15:02:18.001,18077,18077,18077,4,0
2024-02-02 15:02:18.001,18077,18077,18077,4,0
2024-02-02 15:02:18.001,18077,18077,18077,4,0
2024-02-02 15:02:18.001,18077,18077,18077,4,0
2024-02-02 15:02:18.001,18077,18077,18077,2,0
2024-02-02 15:02:18.001,18077,18077,18077,2,0
2024-02-02 15:02:20.001,18077,18077,18077,2,0
2024-02-02 15:02:22.001,18077,18077,18077,2,0
2024-02-02 15:02:25.001,18077,18077,18077,4,0
2024-02-02 15:02:28.001,18077,18077,18077,2,0
2024-02-02 15:02:30.001,18077,18077,18077,8,0
2024-02-02 15:02:30.001,18077,18077,18077,4,0
2024-02-02 15:02:30.001,18077,18077,18077,4,0
2024-02-02 15:02:39.001,18078,18078,18078,10,10
2024-02-02 15:02:43.001,18078,18078,18078,2,0
2024-02-02 15:02:47.001,18078,18078,18078,2,0
2024-02-02 15:02:54.001,18079,18079,18079,2,2
2024-02-02 15:02:55.001,18078,18078,18078,2,-2
2024-02-02 15:02:55.001,18078,18078,18078,2,0
2024-02-02 15:02:55.001,18078,18078,18078,2,0
2024-02-02 15:02:55.001,18078,18078,18078,4,0
2024-02-02 15:02:55.001,18078,18078,18078,2,0
2024-02-02 15:02:55.001,18078,18078,18078,4,0
2024-02-02 15:02:55.001,18078,18078,18078,2,0
2024-02-02 15:02:55.001,18078,18078,18078,4,0
2024-02-02 15:02:55.001,18078,18078,18078,4,0
2024-02-02 15:02:55.001,18078,18078,18078,2,0
2024-02-02 15:02:57.001,18078,18078,18078,4,0
2024-02-02 15:03:00.001,18078,18078,18078,10,0
2024-02-02 15:03:00.001,18079,18079,18079,2,2
2024-02-02 15:03:00.001,18079,18079,18079,2,0
2024-02-02 15:03:00.001,18079,18079,18079,12,0
2024-02-02 15:03:00.001,18079,18079,18079,2,0
2024-02-02 15:03:00.001,18080,18080,18080,2,2
2024-02-02 15:03:00.001,18080,18080,18080,2,0
2024-02-02 15:03:00.001,18080,18080,18080,2,0
2024-02-02 15:03:04.001,18078,18078,18078,2,-2
2024-02-02 15:03:05.001,18079,18079,18079,4,4
2024-02-02 15:03:07.001,18079,18079,18079,2,0
2024-02-02 15:03:07.001,18078,18078,18078,2,-2
2024-02-02 15:03:07.001,18078,18078,18078,2,0
2024-02-02 15:03:07.001,18078,18078,18078,2,0
2024-02-02 15:03:12.001,18078,18078,18078,2,0
2024-02-02 15:03:15.001,18079,18079,18079,2,2
2024-02-02 15:03:16.001,18079,18079,18079,2,0
2024-02-02 15:03:16.001,18079,18079,18079,2,0
2024-02-02 15:03:16.001,18080,18080,18080,2,2
2024-02-02 15:03:17.001,18080,18080,18080,2,0
2024-02-02 15:03:17.001,18079,18079,18079,2,-2
2024-02-02 15:03:20.001,18080,18080,18080,10,10
2024-02-02 15:03:20.001,18081,18081,18081,2,2
2024-02-02 15:03:25.001,18080,18080,18080,2,-2
2024-02-02 15:03:26.001,18080,18080,18080,2,0
2024-02-02 15:03:26.001,18080,18080,18080,2,0
2024-02-02 15:03:27.001,18080,18080,18080,2,0
2024-02-02 15:03:27.001,18080,18080,18080,2,0
2024-02-02 15:03:28.001,18081,18081,18081,2,2
2024-02-02 15:03:29.001,18080,18080,18080,2,-2
2024-02-02 15:03:31.001,18080,18080,18080,2,0
2024-02-02 15:03:34.001,18079,18079,18079,2,-2
2024-02-02 15:03:36.001,18079,18079,18079,2,0
2024-02-02 15:03:40.001,18079,18079,18079,2,0
2024-02-02 15:03:40.001,18080,18080,18080,2,2
2024-02-02 15:03:42.001,18080,18080,18080,2,0
2024-02-02 15:03:43.001,18080,18080,18080,2,0
2024-02-02 15:03:43.001,18080,18080,18080,4,0
2024-02-02 15:03:47.001,18079,18079,18079,2,-2
2024-02-02 15:03:47.001,18079,18079,18079,2,0
2024-02-02 15:03:50.001,18079,18079,18079,2,0
2024-02-02 15:04:04.001,18079,18079,18079,6,0
2024-02-02 15:04:06.001,18079,18079,18079,2,0
2024-02-02 15:04:07.001,18079,18079,18079,2,0
2024-02-02 15:04:15.001,18079,18079,18079,2,0
2024-02-02 15:04:17.001,18079,18079,18079,2,0
2024-02-02 15:04:17.001,18079,18079,18079,10,0
2024-02-02 15:04:17.001,18079,18079,18079,2,0
2024-02-02 15:04:18.001,18079,18079,18079,2,0
2024-02-02 15:04:19.001,18078,18078,18078,2,-2
2024-02-02 15:04:19.001,18078,18078,18078,2,0
2024-02-02 15:04:19.001,18078,18078,18078,2,0
2024-02-02 15:04:19.001,18078,18078,18078,2,0
2024-02-02 15:04:19.001,18078,18078,18078,2,0
2024-02-02 15:04:19.001,18078,18078,18078,2,0
2024-02-02 15:04:19.001,18078,18078,18078,2,0
2024-02-02 15:04:19.001,18078,18078,18078,2,0
2024-02-02 15:04:19.001,18078,18078,18078,2,0
2024-02-02 15:04:25.001,18078,18078,18078,2,0
2024-02-02 15:04:30.001,18078,18078,18078,2,0
2024-02-02 15:04:30.001,18078,18078,18078,2,0
2024-02-02 15:04:31.001,18078,18078,18078,2,0
2024-02-02 15:04:40.001,18078,18078,18078,4,0
2024-02-02 15:04:40.001,18078,18078,18078,2,0
2024-02-02 15:04:40.001,18078,18078,18078,2,0
2024-02-02 15:04:40.001,18077,18077,18077,2,-2
2024-02-02 15:04:40.001,18077,18077,18077,2,0
2024-02-02 15:04:40.001,18077,18077,18077,2,0
2024-02-02 15:04:42.001,18078,18078,18078,4,4
2024-02-02 15:04:42.001,18079,18079,18079,2,2
2024-02-02 15:04:45.001,18079,18079,18079,2,0
2024-02-02 15:04:55.001,18077,18077,18077,30,-30
2024-02-02 15:04:55.001,18077,18077,18077,2,0
2024-02-02 15:04:59.001,18076,18076,18076,2,-2
2024-02-02 15:04:59.001,18076,18076,18076,2,0
2024-02-02 15:04:59.001,18076,18076,18076,4,0
2024-02-02 15:04:59.001,18076,18076,18076,2,0
2024-02-02 15:04:59.001,18076,18076,18076,4,0
2024-02-02 15:05:00.001,18076,18076,18076,2,0
2024-02-02 15:05:01.001,18075,18075,18075,4,-4
2024-02-02 15:05:01.001,18075,18075,18075,6,0
2024-02-02 15:05:01.001,18075,18075,18075,2,0
2024-02-02 15:05:01.001,18075,18075,18075,4,0
2024-02-02 15:05:01.001,18075,18075,18075,2,0
2024-02-02 15:05:01.001,18075,18075,18075,6,0
2024-02-02 15:05:01.001,18075,18075,18075,2,0
2024-02-02 15:05:01.001,18075,18075,18075,2,0
2024-02-02 15:05:01.001,18075,18075,18075,2,0
2024-02-02 15:05:01.001,18075,18075,18075,2,0
2024-02-02 15:05:01.001,18075,18075,18075,2,0
2024-02-02 15:05:01.001,18074,18074,18074,2,-2
2024-02-02 15:05:01.001,18074,18074,18074,2,0
2024-02-02 15:05:02.001,18075,18075,18075,2,2
2024-02-02 15:05:03.001,18076,18076,18076,14,14
2024-02-02 15:05:06.001,18075,18075,18075,2,-2
2024-02-02 15:05:06.001,18074,18074,18074,2,-2
2024-02-02 15:05:06.001,18074,18074,18074,2,0
2024-02-02 15:05:06.001,18074,18074,18074,2,0
2024-02-02 15:05:06.001,18074,18074,18074,2,0
2024-02-02 15:05:06.001,18074,18074,18074,4,0
2024-02-02 15:05:06.001,18074,18074,18074,2,0
2024-02-02 15:05:06.001,18074,18074,18074,2,0
2024-02-02 15:05:07.001,18074,18074,18074,2,0
2024-02-02 15:05:07.001,18076,18076,18076,4,4
2024-02-02 15:05:09.001,18075,18075,18075,2,-2
2024-02-02 15:05:16.001,18075,18075,18075,2,0
2024-02-02 15:05:17.001,18075,18075,18075,2,0
2024-02-02 15:05:18.001,18074,18074,18074,2,-2
2024-02-02 15:05:18.001,18074,18074,18074,2,0
2024-02-02 15:05:19.001,18074,18074,18074,2,0
2024-02-02 15:05:22.001,18074,18074,18074,2,0
2024-02-02 15:05:23.001,18074,18074,18074,2,0
2024-02-02 15:05:28.001,18074,18074,18074,2,0
2024-02-02 15:05:29.001,18074,18074,18074,2,0
2024-02-02 15:05:30.001,18074,18074,18074,2,0
2024-02-02 15:05:30.001,18074,18074,18074,10,0
2024-02-02 15:05:30.001,18074,18074,18074,4,0
2024-02-02 15:05:30.001,18074,18074,18074,2,0
2024-02-02 15:05:30.001,18074,18074,18074,2,0
2024-02-02 15:05:32.001,18074,18074,18074,2,0
2024-02-02 15:05:33.001,18073,18073,18073,2,-2
2024-02-02 15:05:33.001,18073,18073,18073,2,0
2024-02-02 15:05:33.001,18073,18073,18073,2,0
2024-02-02 15:05:33.001,18073,18073,18073,4,0
2024-02-02 15:05:33.001,18073,18073,18073,10,0
2024-02-02 15:05:33.001,18073,18073,18073,2,0
2024-02-02 15:05:33.001,18073,18073,18073,2,0
2024-02-02 15:05:33.001,18073,18073,18073,2,0
2024-02-02 15:05:34.001,18073,18073,18073,2,0
2024-02-02 15:05:36.001,18073,18073,18073,10,0
2024-02-02 15:05:37.001,18073,18073,18073,2,0
2024-02-02 15:05:38.001,18072,18072,18072,4,-4
2024-02-02 15:05:40.001,18073,18073,18073,10,10
2024-02-02 15:05:41.001,18073,18073,18073,10,0
2024-02-02 15:05:41.001,18072,18072,18072,4,-4
2024-02-02 15:05:41.001,18073,18073,18073,10,10
2024-02-02 15:05:43.001,18072,18072,18072,10,-10
2024-02-02 15:05:44.001,18073,18073,18073,2,2
2024-02-02 15:05:44.001,18073,18073,18073,6,0
2024-02-02 15:05:44.001,18073,18073,18073,2,0
2024-02-02 15:05:45.001,18073,18073,18073,2,0
2024-02-02 15:05:46.001,18072,18072,18072,4,-4
2024-02-02 15:05:47.001,18073,18073,18073,4,4
2024-02-02 15:05:48.001,18072,18072,18072,2,-2
2024-02-02 15:05:53.001,18073,18073,18073,2,2
2024-02-02 15:05:56.001,18073,18073,18073,10,0
2024-02-02 15:05:57.001,18072,18072,18072,2,-2
2024-02-02 15:05:58.001,18072,18072,18072,2,0
2024-02-02 15:06:00.001,18073,18073,18073,2,2
2024-02-02 15:06:04.001,18073,18073,18073,2,0
2024-02-02 15:06:04.001,18074,18074,18074,2,2
2024-02-02 15:06:05.001,18072,18072,18072,2,-2
2024-02-02 15:06:07.001,18074,18074,18074,4,4
2024-02-02 15:06:14.001,18074,18074,18074,58,0
2024-02-02 15:06:14.001,18074,18074,18074,2,0
2024-02-02 15:06:14.001,18074,18074,18074,4,0
2024-02-02 15:06:14.001,18074,18074,18074,4,0
2024-02-02 15:06:14.001,18074,18074,18074,2,0
2024-02-02 15:06:14.001,18074,18074,18074,2,0
2024-02-02 15:06:14.001,18074,18074,18074,2,0
2024-02-02 15:06:15.001,18073,18073,18073,2,-2
2024-02-02 15:06:16.001,18074,18074,18074,2,2
2024-02-02 15:06:19.001,18073,18073,18073,2,-2
2024-02-02 15:06:20.001,18073,18073,18073,2,0
2024-02-02 15:06:21.001,18073,18073,18073,2,0
2024-02-02 15:06:27.001,18073,18073,18073,10,0
2024-02-02 15:06:31.001,18073,18073,18073,2,0
2024-02-02 15:06:38.001,18074,18074,18074,2,2
2024-02-02 15:06:42.001,18074,18074,18074,8,0
2024-02-02 15:06:48.001,18074,18074,18074,2,0
2024-02-02 15:06:51.001,18074,18074,18074,4,0
2024-02-02 15:06:52.001,18074,18074,18074,6,0
2024-02-02 15:06:52.001,18074,18074,18074,4,0
2024-02-02 15:06:52.001,18074,18074,18074,4,0
2024-02-02 15:06:52.001,18074,18074,18074,2,0
2024-02-02 15:06:56.001,18074,18074,18074,2,0
2024-02-02 15:06:56.001,18074,18074,18074,2,0
2024-02-02 15:07:00.001,18075,18075,18075,4,4
2024-02-02 15:07:00.001,18075,18075,18075,2,0
2024-02-02 15:07:00.001,18075,18075,18075,24,0
2024-02-02 15:07:00.001,18075,18075,18075,4,0
2024-02-02 15:07:01.001,18075,18075,18075,2,0
2024-02-02 15:07:06.001,18075,18075,18075,2,0
2024-02-02 15:07:08.001,18075,18075,18075,2,0
2024-02-02 15:07:10.001,18075,18075,18075,2,0
2024-02-02 15:07:13.001,18075,18075,18075,4,0
2024-02-02 15:07:17.001,18075,18075,18075,2,0
2024-02-02 15:07:23.001,18074,18074,18074,2,-2
2024-02-02 15:07:23.001,18074,18074,18074,2,0
2024-02-02 15:07:23.001,18074,18074,18074,2,0
2024-02-02 15:07:23.001,18074,18074,18074,2,0
2024-02-02 15:07:23.001,18074,18074,18074,2,0
2024-02-02 15:07:23.001,18074,18074,18074,2,0
2024-02-02 15:07:23.001,18074,18074,18074,2,0
2024-02-02 15:07:28.001,18075,18075,18075,18,18
2024-02-02 15:07:34.001,18074,18074,18074,4,-4
2024-02-02 15:07:34.001,18074,18074,18074,4,0
2024-02-02 15:07:34.001,18074,18074,18074,4,0
2024-02-02 15:07:34.001,18074,18074,18074,2,0
2024-02-02 15:07:34.001,18074,18074,18074,2,0
2024-02-02 15:07:34.001,18074,18074,18074,2,0
2024-02-02 15:07:34.001,18074,18074,18074,2,0
2024-02-02 15:07:34.001,18074,18074,18074,2,0
2024-02-02 15:07:34.001,18074,18074,18074,2,0
2024-02-02 15:07:47.001,18074,18074,18074,2,0
2024-02-02 15:07:47.001,18074,18074,18074,2,0
2024-02-02 15:07:50.001,18074,18074,18074,2,0
2024-02-02 15:07:50.001,18074,18074,18074,2,0
2024-02-02 15:07:54.001,18074,18074,18074,2,0
2024-02-02 15:07:54.001,18074,18074,18074,2,0
2024-02-02 15:08:17.001,18074,18074,18074,2,0
2024-02-02 15:08:17.001,18074,18074,18074,10,0
2024-02-02 15:08:17.001,18074,18074,18074,2,0
2024-02-02 15:08:17.001,18074,18074,18074,2,0
2024-02-02 15:08:22.001,18074,18074,18074,2,0
2024-02-02 15:08:25.001,18073,18073,18073,2,-2
2024-02-02 15:08:25.001,18073,18073,18073,2,0
2024-02-02 15:08:25.001,18073,18073,18073,2,0
2024-02-02 15:08:25.001,18073,18073,18073,4,0
2024-02-02 15:08:25.001,18073,18073,18073,2,0
2024-02-02 15:08:25.001,18073,18073,18073,2,0
2024-02-02 15:08:25.001,18073,18073,18073,2,0
2024-02-02 15:08:25.001,18073,18073,18073,2,0
2024-02-02 15:08:25.001,18073,18073,18073,2,0
2024-02-02 15:08:25.001,18073,18073,18073,2,0
2024-02-02 15:08:25.001,18073,18073,18073,2,0
2024-02-02 15:08:25.001,18073,18073,18073,2,0
2024-02-02 15:08:33.001,18073,18073,18073,2,0
2024-02-02 15:08:33.001,18072,18072,18072,2,-2
2024-02-02 15:08:33.001,18072,18072,18072,2,0
2024-02-02 15:08:40.001,18073,18073,18073,2,2
2024-02-02 15:08:42.001,18073,18073,18073,2,0
2024-02-02 15:08:42.001,18072,18072,18072,2,-2
2024-02-02 15:08:45.001,18073,18073,18073,2,2
2024-02-02 15:08:49.001,18073,18073,18073,2,0
2024-02-02 15:08:50.001,18072,18072,18072,2,-2
2024-02-02 15:08:50.001,18072,18072,18072,2,0
2024-02-02 15:08:50.001,18072,18072,18072,2,0
2024-02-02 15:08:50.001,18072,18072,18072,2,0
2024-02-02 15:08:50.001,18072,18072,18072,2,0
2024-02-02 15:08:50.001,18072,18072,18072,2,0
2024-02-02 15:08:50.001,18072,18072,18072,2,0
2024-02-02 15:08:50.001,18072,18072,18072,2,0
2024-02-02 15:08:50.001,18072,18072,18072,2,0
2024-02-02 15:08:50.001,18072,18072,18072,2,0
2024-02-02 15:08:50.001,18072,18072,18072,2,0
2024-02-02 15:08:50.001,18072,18072,18072,2,0
2024-02-02 15:08:54.001,18072,18072,18072,8,0
2024-02-02 15:08:55.001,18071,18071,18071,2,-2
2024-02-02 15:08:58.001,18071,18071,18071,2,0
2024-02-02 15:08:58.001,18071,18071,18071,2,0
2024-02-02 15:08:58.001,18071,18071,18071,2,0
2024-02-02 15:08:58.001,18071,18071,18071,2,0
2024-02-02 15:09:05.001,18071,18071,18071,2,0
2024-02-02 15:09:05.001,18071,18071,18071,2,0
2024-02-02 15:09:05.001,18071,18071,18071,2,0
2024-02-02 15:09:05.001,18071,18071,18071,2,0
2024-02-02 15:09:05.001,18071,18071,18071,8,0
2024-02-02 15:09:05.001,18071,18071,18071,4,0
2024-02-02 15:09:05.001,18070,18070,18070,10,-10
2024-02-02 15:09:05.001,18070,18070,18070,2,0
2024-02-02 15:09:05.001,18070,18070,18070,2,0
2024-02-02 15:09:05.001,18070,18070,18070,4,0
2024-02-02 15:09:05.001,18070,18070,18070,2,0
2024-02-02 15:09:05.001,18070,18070,18070,2,0
2024-02-02 15:09:05.001,18070,18070,18070,2,0
2024-02-02 15:09:05.001,18070,18070,18070,4,0
2024-02-02 15:09:05.001,18070,18070,18070,4,0
2024-02-02 15:09:06.001,18070,18070,18070,2,0
2024-02-02 15:09:06.001,18070,18070,18070,4,0
2024-02-02 15:09:06.001,18070,18070,18070,4,0
2024-02-02 15:09:06.001,18070,18070,18070,2,0
2024-02-02 15:09:06.001,18070,18070,18070,2,0
2024-02-02 15:09:06.001,18070,18070,18070,2,0
2024-02-02 15:09:06.001,18070,18070,18070,2,0
2024-02-02 15:09:06.001,18070,18070,18070,2,0
2024-02-02 15:09:06.001,18070,18070,18070,2,0
2024-02-02 15:09:07.001,18070,18070,18070,2,0
2024-02-02 15:09:09.001,18069,18069,18069,2,-2
2024-02-02 15:09:11.001,18069,18069,18069,2,0
2024-02-02 15:09:11.001,18069,18069,18069,2,0
2024-02-02 15:09:11.001,18069,18069,18069,2,0
2024-02-02 15:09:11.001,18069,18069,18069,2,0
2024-02-02 15:09:11.001,18069,18069,18069,2,0
2024-02-02 15:09:11.001,18069,18069,18069,2,0
2024-02-02 15:09:12.001,18069,18069,18069,2,0
2024-02-02 15:09:13.001,18069,18069,18069,4,0
2024-02-02 15:09:13.001,18070,18070,18070,2,2
2024-02-02 15:09:16.001,18070,18070,18070,2,0
2024-02-02 15:09:17.001,18070,18070,18070,10,0
2024-02-02 15:09:17.001,18070,18070,18070,6,0
2024-02-02 15:09:17.001,18070,18070,18070,4,0
2024-02-02 15:09:17.001,18070,18070,18070,2,0
2024-02-02 15:09:17.001,18070,18070,18070,2,0
2024-02-02 15:09:20.001,18070,18070,18070,2,0
2024-02-02 15:09:21.001,18070,18070,18070,2,0
2024-02-02 15:09:22.001,18069,18069,18069,2,-2
2024-02-02 15:09:24.001,18070,18070,18070,2,2
2024-02-02 15:09:25.001,18069,18069,18069,2,-2
2024-02-02 15:09:27.001,18070,18070,18070,2,2
2024-02-02 15:09:32.001,18070,18070,18070,2,0
2024-02-02 15:09:36.001,18070,18070,18070,10,0
2024-02-02 15:09:36.001,18070,18070,18070,4,0
2024-02-02 15:09:36.001,18070,18070,18070,6,0
2024-02-02 15:09:36.001,18070,18070,18070,6,0
2024-02-02 15:09:36.001,18070,18070,18070,8,0
2024-02-02 15:09:36.001,18070,18070,18070,2,0
2024-02-02 15:09:36.001,18070,18070,18070,10,0
2024-02-02 15:09:36.001,18070,18070,18070,4,0
2024-02-02 15:09:36.001,18070,18070,18070,2,0
2024-02-02 15:09:36.001,18070,18070,18070,4,0
2024-02-02 15:09:36.001,18070,18070,18070,2,0
2024-02-02 15:09:36.001,18070,18070,18070,2,0
2024-02-02 15:09:36.001,18070,18070,18070,2,0
2024-02-02 15:09:41.001,18071,18071,18071,2,2
2024-02-02 15:10:00.001,18070,18070,18070,4,-4
2024-02-02 15:10:00.001,18070,18070,18070,2,0
2024-02-02 15:10:00.001,18070,18070,18070,2,0
2024-02-02 15:10:00.001,18070,18070,18070,2,0
2024-02-02 15:10:00.001,18070,18070,18070,2,0
2024-02-02 15:10:00.001,18070,18070,18070,2,0
2024-02-02 15:10:00.001,18070,18070,18070,2,0
2024-02-02 15:10:01.001,18071,18071,18071,2,2
2024-02-02 15:10:01.001,18071,18071,18071,2,0
2024-02-02 15:10:01.001,18071,18071,18071,10,0
2024-02-02 15:10:01.001,18071,18071,18071,4,0
2024-02-02 15:10:01.001,18071,18071,18071,4,0
2024-02-02 15:10:01.001,18071,18071,18071,2,0
2024-02-02 15:10:01.001,18071,18071,18071,2,0
2024-02-02 15:10:01.001,18071,18071,18071,2,0
2024-02-02 15:10:04.001,18071,18071,18071,2,0
2024-02-02 15:10:06.001,18072,18072,18072,2,2
2024-02-02 15:10:13.001,18072,18072,18072,2,0
2024-02-02 15:10:13.001,18072,18072,18072,2,0
2024-02-02 15:10:13.001,18072,18072,18072,2,0
2024-02-02 15:10:13.001,18072,18072,18072,4,0
2024-02-02 15:10:13.001,18072,18072,18072,2,0
2024-02-02 15:10:14.001,18073,18073,18073,2,2
2024-02-02 15:10:20.001,18073,18073,18073,2,0
2024-02-02 15:10:21.001,18073,18073,18073,2,0
2024-02-02 15:10:26.001,18073,18073,18073,8,0
2024-02-02 15:10:26.001,18073,18073,18073,2,0
2024-02-02 15:10:32.001,18073,18073,18073,4,0
2024-02-02 15:10:37.001,18074,18074,18074,2,2
2024-02-02 15:10:40.001,18073,18073,18073,2,-2
2024-02-02 15:10:42.001,18073,18073,18073,2,0
2024-02-02 15:10:49.001,18073,18073,18073,2,0
2024-02-02 15:10:58.001,18073,18073,18073,2,0
2024-02-02 15:11:01.001,18073,18073,18073,4,0
2024-02-02 15:11:01.001,18073,18073,18073,2,0
2024-02-02 15:11:01.001,18073,18073,18073,4,0
2024-02-02 15:11:01.001,18073,18073,18073,4,0
2024-02-02 15:11:01.001,18073,18073,18073,4,0
2024-02-02 15:11:01.001,18073,18073,18073,6,0
2024-02-02 15:11:07.001,18074,18074,18074,2,2
2024-02-02 15:11:10.001,18074,18074,18074,2,0
2024-02-02 15:11:11.001,18073,18073,18073,2,-2
2024-02-02 15:11:13.001,18073,18073,18073,2,0
2024-02-02 15:11:13.001,18073,18073,18073,2,0
2024-02-02 15:11:13.001,18073,18073,18073,2,0
2024-02-02 15:11:13.001,18073,18073,18073,2,0
2024-02-02 15:11:13.001,18073,18073,18073,4,0
2024-02-02 15:11:13.001,18073,18073,18073,2,0
2024-02-02 15:11:13.001,18073,18073,18073,4,0
2024-02-02 15:11:13.001,18073,18073,18073,2,0
2024-02-02 15:11:30.001,18074,18074,18074,12,12
2024-02-02 15:11:31.001,18074,18074,18074,2,0
2024-02-02 15:11:36.001,18075,18075,18075,2,2
2024-02-02 15:11:36.001,18074,18074,18074,24,-24
2024-02-02 15:11:36.001,18074,18074,18074,2,0
2024-02-02 15:11:36.001,18074,18074,18074,4,0
2024-02-02 15:11:36.001,18074,18074,18074,2,0
2024-02-02 15:11:36.001,18074,18074,18074,2,0
2024-02-02 15:11:36.001,18074,18074,18074,2,0
2024-02-02 15:11:38.001,18074,18074,18074,2,0
2024-02-02 15:11:44.001,18074,18074,18074,2,0
2024-02-02 15:11:45.001,18074,18074,18074,2,0
2024-02-02 15:11:51.001,18074,18074,18074,2,0
2024-02-02 15:12:01.001,18074,18074,18074,8,0
2024-02-02 15:12:01.001,18074,18074,18074,2,0
2024-02-02 15:12:01.001,18074,18074,18074,4,0
2024-02-02 15:12:01.001,18074,18074,18074,4,0
2024-02-02 15:12:01.001,18074,18074,18074,2,0
2024-02-02 15:12:03.001,18074,18074,18074,2,0
2024-02-02 15:12:03.001,18074,18074,18074,2,0
2024-02-02 15:12:03.001,18074,18074,18074,2,0
2024-02-02 15:12:03.001,18074,18074,18074,2,0
2024-02-02 15:12:03.001,18074,18074,18074,2,0
2024-02-02 15:12:11.001,18074,18074,18074,2,0
2024-02-02 15:12:11.001,18074,18074,18074,2,0
2024-02-02 15:12:18.001,18075,18075,18075,4,4
2024-02-02 15:12:20.001,18075,18075,18075,10,0
2024-02-02 15:12:21.001,18075,18075,18075,2,0
2024-02-02 15:12:21.001,18075,18075,18075,2,0
2024-02-02 15:12:21.001,18075,18075,18075,4,0
2024-02-02 15:12:21.001,18075,18075,18075,4,0
2024-02-02 15:12:21.001,18075,18075,18075,2,0
2024-02-02 15:12:21.001,18075,18075,18075,4,0
2024-02-02 15:12:21.001,18075,18075,18075,2,0
2024-02-02 15:12:21.001,18075,18075,18075,2,0
2024-02-02 15:12:21.001,18076,18076,18076,2,2
2024-02-02 15:12:21.001,18075,18075,18075,2,-2
2024-02-02 15:12:21.001,18075,18075,18075,2,0
2024-02-02 15:12:22.001,18075,18075,18075,2,0
2024-02-02 15:12:22.001,18075,18075,18075,2,0
2024-02-02 15:12:22.001,18075,18075,18075,2,0
2024-02-02 15:12:25.001,18075,18075,18075,2,0
2024-02-02 15:12:25.001,18074,18074,18074,4,-4
2024-02-02 15:12:25.001,18074,18074,18074,4,0
2024-02-02 15:12:25.001,18074,18074,18074,2,0
2024-02-02 15:12:25.001,18074,18074,18074,2,0
2024-02-02 15:12:25.001,18074,18074,18074,2,0
2024-02-02 15:12:25.001,18074,18074,18074,4,0
2024-02-02 15:12:25.001,18074,18074,18074,2,0
2024-02-02 15:12:25.001,18074,18074,18074,4,0
2024-02-02 15:12:25.001,18074,18074,18074,2,0
2024-02-02 15:12:31.001,18074,18074,18074,2,0
2024-02-02 15:12:31.001,18074,18074,18074,4,0
2024-02-02 15:12:31.001,18074,18074,18074,4,0
2024-02-02 15:12:31.001,18074,18074,18074,2,0
2024-02-02 15:12:31.001,18074,18074,18074,4,0
2024-02-02 15:12:31.001,18074,18074,18074,6,0
2024-02-02 15:12:31.001,18074,18074,18074,2,0
2024-02-02 15:12:31.001,18074,18074,18074,2,0
2024-02-02 15:12:31.001,18074,18074,18074,2,0
2024-02-02 15:12:31.001,18074,18074,18074,6,0
2024-02-02 15:12:31.001,18074,18074,18074,4,0
2024-02-02 15:12:31.001,18074,18074,18074,2,0
2024-02-02 15:12:31.001,18074,18074,18074,2,0
2024-02-02 15:12:31.001,18073,18073,18073,4,-4
2024-02-02 15:12:31.001,18073,18073,18073,2,0
2024-02-02 15:12:31.001,18073,18073,18073,2,0
2024-02-02 15:12:40.001,18075,18075,18075,2,2
2024-02-02 15:12:40.001,18074,18074,18074,2,-2
2024-02-02 15:13:15.001,18074,18074,18074,2,0
2024-02-02 15:13:15.001,18074,18074,18074,6,0
2024-02-02 15:13:19.001,18074,18074,18074,4,0
2024-02-02 15:13:19.001,18074,18074,18074,10,0
2024-02-02 15:13:27.001,18074,18074,18074,2,0
2024-02-02 15:13:30.001,18075,18075,18075,4,4
2024-02-02 15:14:05.001,18075,18075,18075,2,0
2024-02-02 15:14:12.001,18075,18075,18075,2,0
2024-02-02 15:14:19.001,18075,18075,18075,2,0
2024-02-02 15:14:20.001,18074,18074,18074,8,-8
2024-02-02 15:14:20.001,18074,18074,18074,2,0
2024-02-02 15:14:20.001,18074,18074,18074,2,0
2024-02-02 15:14:20.001,18074,18074,18074,2,0
2024-02-02 15:14:20.001,18074,18074,18074,2,0
2024-02-02 15:14:20.001,18074,18074,18074,2,0
2024-02-02 15:14:20.001,18074,18074,18074,4,0
2024-02-02 15:14:20.001,18074,18074,18074,4,0
2024-02-02 15:14:32.001,18073,18073,18073,2,-2
2024-02-02 15:14:32.001,18073,18073,18073,2,0
2024-02-02 15:14:32.001,18073,18073,18073,6,0
2024-02-02 15:14:32.001,18073,18073,18073,4,0
2024-02-02 15:14:32.001,18073,18073,18073,2,0
2024-02-02 15:14:32.001,18073,18073,18073,2,0
2024-02-02 15:14:40.001,18073,18073,18073,4,0
2024-02-02 15:14:41.001,18073,18073,18073,2,0
2024-02-02 15:14:44.001,18072,18072,18072,2,-2
2024-02-02 15:14:44.001,18072,18072,18072,2,0
2024-02-02 15:14:46.001,18072,18072,18072,2,0
2024-02-02 15:14:46.001,18072,18072,18072,4,0
2024-02-02 15:14:46.001,18072,18072,18072,2,0
2024-02-02 15:14:48.001,18072,18072,18072,2,0
2024-02-02 15:14:51.001,18072,18072,18072,4,0
2024-02-02 15:15:04.001,18073,18073,18073,4,4
2024-02-02 15:15:04.001,18073,18073,18073,2,0
2024-02-02 15:15:04.001,18072,18072,18072,2,-2
2024-02-02 15:15:04.001,18072,18072,18072,2,0
2024-02-02 15:15:04.001,18072,18072,18072,2,0
2024-02-02 15:15:08.001,18072,18072,18072,2,0
2024-02-02 15:15:12.001,18072,18072,18072,2,0
2024-02-02 15:15:13.001,18072,18072,18072,2,0
2024-02-02 15:15:19.001,18072,18072,18072,2,0
2024-02-02 15:15:19.001,18072,18072,18072,2,0
2024-02-02 15:15:19.001,18072,18072,18072,2,0
2024-02-02 15:15:38.001,18071,18071,18071,2,-2
2024-02-02 15:15:38.001,18071,18071,18071,2,0
2024-02-02 15:15:42.001,18070,18070,18070,2,-2
2024-02-02 15:15:42.001,18070,18070,18070,2,0
2024-02-02 15:15:42.001,18072,18072,18072,2,2
2024-02-02 15:15:48.001,18071,18071,18071,18,-18
2024-02-02 15:15:49.001,18072,18072,18072,2,2
2024-02-02 15:15:57.001,18072,18072,18072,2,0
2024-02-02 15:15:57.001,18071,18071,18071,2,-2
2024-02-02 15:15:57.001,18071,18071,18071,2,0
2024-02-02 15:15:57.001,18071,18071,18071,2,0
2024-02-02 15:15:57.001,18071,18071,18071,2,0
2024-02-02 15:15:57.001,18073,18073,18073,40,40
2024-02-02 15:16:06.001,18073,18073,18073,2,0
2024-02-02 15:16:08.001,18074,18074,18074,2,2
2024-02-02 15:16:15.001,18074,18074,18074,2,0
2024-02-02 15:16:15.001,18074,18074,18074,2,0
2024-02-02 15:16:15.001,18074,18074,18074,8,0
2024-02-02 15:16:18.001,18074,18074,18074,2,0
2024-02-02 15:16:37.001,18073,18073,18073,2,-2
2024-02-02 15:16:37.001,18073,18073,18073,10,0
2024-02-02 15:16:37.001,18073,18073,18073,8,0
2024-02-02 15:16:37.001,18073,18073,18073,4,0
2024-02-02 15:16:37.001,18073,18073,18073,14,0
2024-02-02 15:16:37.001,18073,18073,18073,2,0
2024-02-02 15:16:37.001,18073,18073,18073,2,0
2024-02-02 15:16:37.001,18073,18073,18073,2,0
2024-02-02 15:16:45.001,18072,18072,18072,2,-2
2024-02-02 15:16:45.001,18072,18072,18072,4,0
2024-02-02 15:16:45.001,18072,18072,18072,2,0
2024-02-02 15:16:45.001,18072,18072,18072,18,0
2024-02-02 15:16:45.001,18073,18073,18073,22,22
2024-02-02 15:16:48.001,18072,18072,18072,2,-2
2024-02-02 15:16:53.001,18072,18072,18072,10,0
2024-02-02 15:17:09.001,18074,18074,18074,2,2
2024-02-02 15:17:22.001,18073,18073,18073,4,-4
2024-02-02 15:17:22.001,18073,18073,18073,2,0
2024-02-02 15:17:22.001,18073,18073,18073,4,0
2024-02-02 15:17:22.001,18073,18073,18073,4,0
2024-02-02 15:17:22.001,18073,18073,18073,4,0
2024-02-02 15:17:22.001,18073,18073,18073,2,0
2024-02-02 15:17:22.001,18073,18073,18073,2,0
2024-02-02 15:17:22.001,18073,18073,18073,2,0
2024-02-02 15:17:22.001,18073,18073,18073,2,0
2024-02-02 15:17:22.001,18073,18073,18073,2,0
2024-02-02 15:17:22.001,18073,18073,18073,4,0
2024-02-02 15:17:35.001,18073,18073,18073,2,0
2024-02-02 15:17:47.001,18073,18073,18073,2,0
2024-02-02 15:17:54.001,18072,18072,18072,2,-2
2024-02-02 15:17:54.001,18073,18073,18073,2,2
2024-02-02 15:17:54.001,18073,18073,18073,2,0
2024-02-02 15:17:59.001,18073,18073,18073,2,0
2024-02-02 15:18:12.001,18072,18072,18072,26,-26
2024-02-02 15:18:12.001,18072,18072,18072,2,0
2024-02-02 15:18:12.001,18072,18072,18072,2,0
2024-02-02 15:18:12.001,18072,18072,18072,2,0
2024-02-02 15:18:12.001,18072,18072,18072,2,0
2024-02-02 15:18:15.001,18071,18071,18071,2,-2
2024-02-02 15:18:15.001,18071,18071,18071,10,0
2024-02-02 15:18:15.001,18071,18071,18071,2,0
2024-02-02 15:18:16.001,18071,18071,18071,2,0
2024-02-02 15:18:20.001,18072,18072,18072,2,2
2024-02-02 15:18:21.001,18071,18071,18071,2,-2
2024-02-02 15:18:23.001,18071,18071,18071,4,0
2024-02-02 15:18:23.001,18071,18071,18071,2,0
2024-02-02 15:18:23.001,18071,18071,18071,2,0
2024-02-02 15:18:23.001,18071,18071,18071,4,0
2024-02-02 15:18:23.001,18071,18071,18071,4,0
2024-02-02 15:18:23.001,18071,18071,18071,2,0
2024-02-02 15:18:23.001,18071,18071,18071,2,0
2024-02-02 15:18:23.001,18071,18071,18071,2,0
2024-02-02 15:18:23.001,18071,18071,18071,2,0
2024-02-02 15:18:23.001,18070,18070,18070,2,-2
2024-02-02 15:18:23.001,18070,18070,18070,4,0
2024-02-02 15:18:23.001,18070,18070,18070,2,0
2024-02-02 15:18:23.001,18070,18070,18070,2,0
2024-02-02 15:18:23.001,18070,18070,18070,2,0
2024-02-02 15:18:23.001,18070,18070,18070,4,0
2024-02-02 15:18:23.001,18070,18070,18070,2,0
2024-02-02 15:18:23.001,18070,18070,18070,2,0
2024-02-02 15:18:23.001,18070,18070,18070,2,0
2024-02-02 15:18:23.001,18070,18070,18070,6,0
2024-02-02 15:18:23.001,18070,18070,18070,2,0
2024-02-02 15:18:23.001,18070,18070,18070,2,0
2024-02-02 15:18:23.001,18070,18070,18070,2,0
2024-02-02 15:18:23.001,18070,18070,18070,2,0
2024-02-02 15:18:23.001,18070,18070,18070,8,0
2024-02-02 15:18:23.001,18070,18070,18070,4,0
2024-02-02 15:18:23.001,18070,18070,18070,2,0
2024-02-02 15:18:23.001,18070,18070,18070,4,0
2024-02-02 15:18:23.001,18070,18070,18070,2,0
2024-02-02 15:18:26.001,18070,18070,18070,2,0
2024-02-02 15:18:29.001,18069,18069,18069,2,-2
2024-02-02 15:18:30.001,18069,18069,18069,2,0
2024-02-02 15:18:30.001,18069,18069,18069,2,0
2024-02-02 15:18:30.001,18069,18069,18069,2,0
2024-02-02 15:18:30.001,18069,18069,18069,2,0
2024-02-02 15:18:30.001,18069,18069,18069,6,0
2024-02-02 15:18:30.001,18069,18069,18069,2,0
2024-02-02 15:18:30.001,18069,18069,18069,2,0
2024-02-02 15:18:30.001,18069,18069,18069,2,0
2024-02-02 15:18:30.001,18069,18069,18069,2,0
2024-02-02 15:18:30.001,18069,18069,18069,2,0
2024-02-02 15:18:30.001,18069,18069,18069,2,0
2024-02-02 15:18:30.001,18069,18069,18069,2,0
2024-02-02 15:18:30.001,18069,18069,18069,2,0
2024-02-02 15:18:30.001,18069,18069,18069,2,0
2024-02-02 15:18:30.001,18069,18069,18069,8,0
2024-02-02 15:18:30.001,18069,18069,18069,2,0
2024-02-02 15:18:30.001,18069,18069,18069,10,0
2024-02-02 15:18:30.001,18069,18069,18069,2,0
2024-02-02 15:18:30.001,18069,18069,18069,2,0
2024-02-02 15:18:30.001,18069,18069,18069,2,0
2024-02-02 15:18:30.001,18069,18069,18069,2,0
2024-02-02 15:18:30.001,18069,18069,18069,2,0
2024-02-02 15:18:30.001,18069,18069,18069,2,0
2024-02-02 15:18:30.001,18069,18069,18069,2,0
2024-02-02 15:18:30.001,18069,18069,18069,2,0
2024-02-02 15:18:32.001,18068,18068,18068,2,-2
2024-02-02 15:18:32.001,18068,18068,18068,4,0
2024-02-02 15:18:32.001,18068,18068,18068,2,0
2024-02-02 15:18:32.001,18068,18068,18068,4,0
2024-02-02 15:18:32.001,18068,18068,18068,4,0
2024-02-02 15:18:32.001,18068,18068,18068,4,0
2024-02-02 15:18:32.001,18068,18068,18068,2,0
2024-02-02 15:18:32.001,18068,18068,18068,2,0
2024-02-02 15:18:32.001,18068,18068,18068,2,0
2024-02-02 15:18:32.001,18068,18068,18068,2,0
2024-02-02 15:18:32.001,18068,18068,18068,2,0
2024-02-02 15:18:32.001,18068,18068,18068,2,0
2024-02-02 15:18:32.001,18068,18068,18068,2,0
2024-02-02 15:18:32.001,18068,18068,18068,2,0
2024-02-02 15:18:32.001,18068,18068,18068,2,0
2024-02-02 15:18:32.001,18068,18068,18068,2,0
2024-02-02 15:18:32.001,18068,18068,18068,2,0
2024-02-02 15:18:32.001,18068,18068,18068,4,0
2024-02-02 15:18:32.001,18068,18068,18068,2,0
2024-02-02 15:18:32.001,18068,18068,18068,8,0
2024-02-02 15:18:32.001,18068,18068,18068,2,0
2024-02-02 15:18:32.001,18068,18068,18068,2,0
2024-02-02 15:18:32.001,18068,18068,18068,2,0
2024-02-02 15:18:32.001,18068,18068,18068,4,0
2024-02-02 15:18:32.001,18068,18068,18068,6,0
2024-02-02 15:18:32.001,18068,18068,18068,2,0
2024-02-02 15:18:32.001,18068,18068,18068,2,0
2024-02-02 15:18:32.001,18067,18067,18067,2,-2
2024-02-02 15:18:34.001,18068,18068,18068,4,4
2024-02-02 15:18:34.001,18068,18068,18068,2,0
2024-02-02 15:18:36.001,18067,18067,18067,2,-2
2024-02-02 15:18:36.001,18067,18067,18067,2,0
2024-02-02 15:18:36.001,18067,18067,18067,2,0
2024-02-02 15:18:36.001,18068,18068,18068,2,2
2024-02-02 15:18:38.001,18068,18068,18068,16,0
2024-02-02 15:18:38.001,18068,18068,18068,2,0
2024-02-02 15:18:38.001,18068,18068,18068,20,0
2024-02-02 15:18:41.001,18068,18068,18068,2,0
2024-02-02 15:18:41.001,18068,18068,18068,2,0
2024-02-02 15:18:41.001,18068,18068,18068,2,0
2024-02-02 15:18:46.001,18069,18069,18069,4,4
2024-02-02 15:18:49.001,18069,18069,18069,2,0
2024-02-02 15:18:49.001,18069,18069,18069,2,0
2024-02-02 15:18:49.001,18069,18069,18069,2,0
2024-02-02 15:18:49.001,18068,18068,18068,2,-2
2024-02-02 15:18:49.001,18068,18068,18068,8,0
2024-02-02 15:18:49.001,18068,18068,18068,4,0
2024-02-02 15:18:49.001,18068,18068,18068,2,0
2024-02-02 15:18:49.001,18068,18068,18068,2,0
2024-02-02 15:18:49.001,18068,18068,18068,22,0
2024-02-02 15:19:05.001,18069,18069,18069,2,2
2024-02-02 15:19:11.001,18070,18070,18070,2,2
2024-02-02 15:19:12.001,18069,18069,18069,2,-2
2024-02-02 15:19:12.001,18069,18069,18069,2,0
2024-02-02 15:19:15.001,18069,18069,18069,2,0
2024-02-02 15:19:15.001,18069,18069,18069,2,0
2024-02-02 15:19:15.001,18068,18068,18068,16,-16
2024-02-02 15:19:15.001,18068,18068,18068,2,0
2024-02-02 15:19:17.001,18068,18068,18068,2,0
2024-02-02 15:19:17.001,18068,18068,18068,2,0
2024-02-02 15:19:17.001,18068,18068,18068,4,0
2024-02-02 15:19:17.001,18068,18068,18068,4,0
2024-02-02 15:19:17.001,18068,18068,18068,4,0
2024-02-02 15:19:17.001,18068,18068,18068,4,0
2024-02-02 15:19:19.001,18068,18068,18068,2,0
2024-02-02 15:19:27.001,18068,18068,18068,2,0
2024-02-02 15:19:32.001,18068,18068,18068,2,0
2024-02-02 15:19:35.001,18069,18069,18069,2,2
2024-02-02 15:19:36.001,18068,18068,18068,2,-2
2024-02-02 15:19:38.001,18068,18068,18068,2,0
2024-02-02 15:19:42.001,18068,18068,18068,2,0
2024-02-02 15:19:46.001,18069,18069,18069,2,2
2024-02-02 15:19:46.001,18069,18069,18069,2,0
2024-02-02 15:19:47.001,18070,18070,18070,2,2
2024-02-02 15:19:49.001,18070,18070,18070,2,0
2024-02-02 15:19:50.001,18069,18069,18069,2,-2
2024-02-02 15:19:50.001,18069,18069,18069,2,0
2024-02-02 15:19:50.001,18069,18069,18069,2,0
2024-02-02 15:19:50.001,18068,18068,18068,2,-2
2024-02-02 15:19:58.001,18068,18068,18068,2,0
2024-02-02 15:20:13.001,18069,18069,18069,2,2
2024-02-02 15:20:13.001,18069,18069,18069,2,0
2024-02-02 15:20:14.001,18069,18069,18069,2,0
2024-02-02 15:20:14.001,18069,18069,18069,4,0
2024-02-02 15:20:14.001,18069,18069,18069,6,0
2024-02-02 15:20:14.001,18069,18069,18069,2,0
2024-02-02 15:20:14.001,18069,18069,18069,2,0
2024-02-02 15:20:14.001,18069,18069,18069,2,0
2024-02-02 15:20:14.001,18069,18069,18069,2,0
2024-02-02 15:20:14.001,18069,18069,18069,2,0
2024-02-02 15:20:15.001,18069,18069,18069,2,0
2024-02-02 15:20:15.001,18069,18069,18069,2,0
2024-02-02 15:20:15.001,18069,18069,18069,2,0
2024-02-02 15:20:15.001,18069,18069,18069,4,0
2024-02-02 15:20:24.001,18070,18070,18070,14,14
2024-02-02 15:20:27.001,18070,18070,18070,4,0
2024-02-02 15:20:27.001,18070,18070,18070,4,0
2024-02-02 15:20:27.001,18070,18070,18070,4,0
2024-02-02 15:20:27.001,18070,18070,18070,2,0
2024-02-02 15:20:27.001,18070,18070,18070,4,0
2024-02-02 15:20:27.001,18070,18070,18070,4,0
2024-02-02 15:20:27.001,18069,18069,18069,4,-4
2024-02-02 15:20:27.001,18069,18069,18069,2,0
2024-02-02 15:20:27.001,18069,18069,18069,2,0
2024-02-02 15:20:29.001,18070,18070,18070,2,2
2024-02-02 15:20:45.001,18071,18071,18071,2,2
2024-02-02 15:20:48.001,18070,18070,18070,2,-2
2024-02-02 15:20:48.001,18070,18070,18070,2,0
2024-02-02 15:20:48.001,18070,18070,18070,2,0
2024-02-02 15:20:49.001,18070,18070,18070,2,0
2024-02-02 15:20:54.001,18070,18070,18070,2,0
2024-02-02 15:20:57.001,18070,18070,18070,2,0
2024-02-02 15:20:57.001,18070,18070,18070,8,0
2024-02-02 15:20:57.001,18070,18070,18070,2,0
2024-02-02 15:20:57.001,18070,18070,18070,2,0
2024-02-02 15:20:57.001,18070,18070,18070,2,0
2024-02-02 15:20:58.001,18070,18070,18070,2,0
2024-02-02 15:21:08.001,18070,18070,18070,2,0
2024-02-02 15:21:10.001,18071,18071,18071,2,2
2024-02-02 15:21:10.001,18071,18071,18071,4,0
2024-02-02 15:21:11.001,18072,18072,18072,2,2
2024-02-02 15:21:12.001,18070,18070,18070,2,-2
2024-02-02 15:21:12.001,18070,18070,18070,2,0
2024-02-02 15:21:12.001,18070,18070,18070,2,0
2024-02-02 15:21:14.001,18070,18070,18070,2,0
2024-02-02 15:21:18.001,18072,18072,18072,2,2
2024-02-02 15:21:20.001,18072,18072,18072,2,0
2024-02-02 15:21:20.001,18072,18072,18072,2,0
2024-02-02 15:21:20.001,18072,18072,18072,2,0
2024-02-02 15:21:20.001,18072,18072,18072,2,0
2024-02-02 15:21:25.001,18072,18072,18072,2,0
2024-02-02 15:21:32.001,18073,18073,18073,2,2
2024-02-02 15:21:37.001,18073,18073,18073,26,0
2024-02-02 15:21:38.001,18073,18073,18073,2,0
2024-02-02 15:21:38.001,18073,18073,18073,2,0
2024-02-02 15:21:38.001,18072,18072,18072,6,-6
2024-02-02 15:21:38.001,18072,18072,18072,4,0
2024-02-02 15:21:38.001,18072,18072,18072,4,0
2024-02-02 15:21:38.001,18072,18072,18072,2,0
2024-02-02 15:21:38.001,18074,18074,18074,4,4
2024-02-02 15:21:39.001,18074,18074,18074,2,0
2024-02-02 15:21:40.001,18074,18074,18074,8,0
2024-02-02 15:21:41.001,18074,18074,18074,2,0
2024-02-02 15:21:45.001,18074,18074,18074,6,0
2024-02-02 15:21:48.001,18073,18073,18073,2,-2
2024-02-02 15:21:51.001,18073,18073,18073,2,0
2024-02-02 15:21:55.001,18074,18074,18074,2,2
2024-02-02 15:21:56.001,18073,18073,18073,2,-2
2024-02-02 15:21:56.001,18073,18073,18073,2,0
2024-02-02 15:21:56.001,18073,18073,18073,2,0
2024-02-02 15:21:56.001,18073,18073,18073,4,0
2024-02-02 15:22:01.001,18073,18073,18073,8,0
2024-02-02 15:22:02.001,18073,18073,18073,6,0
2024-02-02 15:22:03.001,18073,18073,18073,2,0
2024-02-02 15:22:07.001,18073,18073,18073,2,0
2024-02-02 15:22:11.001,18073,18073,18073,2,0
2024-02-02 15:22:12.001,18074,18074,18074,10,10
2024-02-02 15:22:13.001,18073,18073,18073,2,-2
2024-02-02 15:22:21.001,18073,18073,18073,2,0
2024-02-02 15:22:28.001,18073,18073,18073,2,0
2024-02-02 15:22:33.001,18073,18073,18073,2,0
2024-02-02 15:22:39.001,18072,18072,18072,2,-2
2024-02-02 15:22:39.001,18072,18072,18072,2,0
2024-02-02 15:22:39.001,18072,18072,18072,2,0
2024-02-02 15:22:39.001,18072,18072,18072,2,0
2024-02-02 15:22:39.001,18072,18072,18072,4,0
2024-02-02 15:22:39.001,18072,18072,18072,4,0
2024-02-02 15:22:39.001,18072,18072,18072,4,0
2024-02-02 15:22:40.001,18073,18073,18073,2,2
2024-02-02 15:22:43.001,18073,18073,18073,2,0
2024-02-02 15:22:54.001,18073,18073,18073,4,0
2024-02-02 15:22:55.001,18073,18073,18073,2,0
2024-02-02 15:22:57.001,18072,18072,18072,2,-2
2024-02-02 15:22:57.001,18072,18072,18072,2,0
2024-02-02 15:22:57.001,18072,18072,18072,2,0
2024-02-02 15:22:57.001,18072,18072,18072,2,0
2024-02-02 15:22:57.001,18072,18072,18072,6,0
2024-02-02 15:22:57.001,18072,18072,18072,2,0
2024-02-02 15:22:58.001,18072,18072,18072,8,0
2024-02-02 15:22:58.001,18072,18072,18072,2,0
2024-02-02 15:23:20.001,18073,18073,18073,6,6
2024-02-02 15:23:20.001,18072,18072,18072,2,-2
2024-02-02 15:23:20.001,18072,18072,18072,2,0
2024-02-02 15:23:20.001,18072,18072,18072,4,0
2024-02-02 15:23:20.001,18072,18072,18072,4,0
2024-02-02 15:23:21.001,18072,18072,18072,2,0
2024-02-02 15:23:21.001,18072,18072,18072,4,0
2024-02-02 15:23:39.001,18073,18073,18073,2,2
2024-02-02 15:23:39.001,18073,18073,18073,2,0
2024-02-02 15:23:40.001,18073,18073,18073,2,0
2024-02-02 15:23:40.001,18072,18072,18072,2,-2
2024-02-02 15:23:40.001,18072,18072,18072,8,0
2024-02-02 15:23:40.001,18072,18072,18072,2,0
2024-02-02 15:23:40.001,18072,18072,18072,6,0
2024-02-02 15:23:40.001,18072,18072,18072,2,0
2024-02-02 15:23:40.001,18072,18072,18072,2,0
2024-02-02 15:23:44.001,18073,18073,18073,2,2
2024-02-02 15:23:58.001,18073,18073,18073,2,0
2024-02-02 15:24:00.001,18073,18073,18073,2,0
2024-02-02 15:24:07.001,18074,18074,18074,30,30
2024-02-02 15:24:07.001,18075,18075,18075,2,2
2024-02-02 15:24:07.001,18075,18075,18075,4,0
2024-02-02 15:24:08.001,18074,18074,18074,2,-2
2024-02-02 15:24:13.001,18074,18074,18074,2,0
2024-02-02 15:24:13.001,18075,18075,18075,2,2
2024-02-02 15:24:20.001,18074,18074,18074,2,-2
2024-02-02 15:24:20.001,18074,18074,18074,2,0
2024-02-02 15:24:20.001,18074,18074,18074,4,0
2024-02-02 15:24:20.001,18074,18074,18074,2,0
2024-02-02 15:24:20.001,18074,18074,18074,4,0
2024-02-02 15:24:20.001,18074,18074,18074,2,0
2024-02-02 15:24:22.001,18074,18074,18074,2,0
2024-02-02 15:24:22.001,18074,18074,18074,2,0
2024-02-02 15:24:22.001,18074,18074,18074,6,0
2024-02-02 15:24:30.001,18074,18074,18074,2,0
2024-02-02 15:24:43.001,18073,18073,18073,2,-2
2024-02-02 15:24:43.001,18073,18073,18073,6,0
2024-02-02 15:24:43.001,18073,18073,18073,2,0
2024-02-02 15:24:43.001,18073,18073,18073,2,0
2024-02-02 15:24:43.001,18073,18073,18073,2,0
2024-02-02 15:25:01.001,18073,18073,18073,2,0
2024-02-02 15:25:04.001,18073,18073,18073,2,0
2024-02-02 15:25:07.001,18072,18072,18072,2,-2
2024-02-02 15:25:07.001,18072,18072,18072,2,0
2024-02-02 15:25:07.001,18072,18072,18072,2,0
2024-02-02 15:25:07.001,18072,18072,18072,2,0
2024-02-02 15:25:07.001,18072,18072,18072,2,0
2024-02-02 15:25:07.001,18072,18072,18072,2,0
2024-02-02 15:25:07.001,18072,18072,18072,4,0
2024-02-02 15:25:07.001,18072,18072,18072,2,0
2024-02-02 15:25:07.001,18072,18072,18072,2,0
2024-02-02 15:25:07.001,18072,18072,18072,2,0
2024-02-02 15:25:07.001,18072,18072,18072,2,0
2024-02-02 15:25:07.001,18072,18072,18072,4,0
2024-02-02 15:25:07.001,18072,18072,18072,2,0
2024-02-02 15:25:07.001,18073,18073,18073,2,2
2024-02-02 15:25:14.001,18073,18073,18073,2,0
2024-02-02 15:25:29.001,18073,18073,18073,6,0
2024-02-02 15:25:36.001,18073,18073,18073,6,0
2024-02-02 15:25:41.001,18073,18073,18073,2,0
2024-02-02 15:26:22.001,18073,18073,18073,16,0
2024-02-02 15:26:30.001,18073,18073,18073,6,0
2024-02-02 15:26:37.001,18074,18074,18074,16,16
2024-02-02 15:26:39.001,18073,18073,18073,2,-2
2024-02-02 15:26:39.001,18073,18073,18073,2,0
2024-02-02 15:26:39.001,18073,18073,18073,4,0
2024-02-02 15:26:39.001,18073,18073,18073,4,0
2024-02-02 15:26:55.001,18074,18074,18074,2,2
2024-02-02 15:27:00.001,18075,18075,18075,10,10
2024-02-02 15:27:00.001,18075,18075,18075,8,0
2024-02-02 15:27:00.001,18075,18075,18075,4,0
2024-02-02 15:27:00.001,18075,18075,18075,20,0
2024-02-02 15:27:00.001,18075,18075,18075,2,0
2024-02-02 15:27:00.001,18075,18075,18075,8,0
2024-02-02 15:27:00.001,18075,18075,18075,2,0
2024-02-02 15:27:00.001,18075,18075,18075,4,0
2024-02-02 15:27:00.001,18075,18075,18075,4,0
2024-02-02 15:27:00.001,18075,18075,18075,4,0
2024-02-02 15:27:00.001,18075,18075,18075,2,0
2024-02-02 15:27:04.001,18076,18076,18076,2,2
2024-02-02 15:27:04.001,18076,18076,18076,6,0
2024-02-02 15:27:08.001,18076,18076,18076,2,0
2024-02-02 15:27:09.001,18077,18077,18077,2,2
2024-02-02 15:27:13.001,18077,18077,18077,8,0
2024-02-02 15:27:13.001,18077,18077,18077,2,0
2024-02-02 15:27:29.001,18076,18076,18076,2,-2
2024-02-02 15:27:33.001,18076,18076,18076,2,0
2024-02-02 15:27:40.001,18076,18076,18076,2,0
2024-02-02 15:27:55.001,18076,18076,18076,2,0
2024-02-02 15:28:00.001,18075,18075,18075,6,-6
2024-02-02 15:28:00.001,18075,18075,18075,2,0
2024-02-02 15:28:00.001,18075,18075,18075,2,0
2024-02-02 15:28:15.001,18075,18075,18075,2,0
2024-02-02 15:28:25.001,18075,18075,18075,2,0
2024-02-02 15:28:34.001,18075,18075,18075,2,0
2024-02-02 15:28:36.001,18074,18074,18074,2,-2
2024-02-02 15:28:55.001,18075,18075,18075,2,2
2024-02-02 15:28:58.001,18076,18076,18076,2,2
2024-02-02 15:29:07.001,18076,18076,18076,2,0
2024-02-02 15:29:09.001,18075,18075,18075,2,-2
2024-02-02 15:29:09.001,18075,18075,18075,4,0
2024-02-02 15:29:09.001,18075,18075,18075,4,0
2024-02-02 15:29:09.001,18075,18075,18075,2,0
2024-02-02 15:29:09.001,18075,18075,18075,2,0
2024-02-02 15:29:09.001,18075,18075,18075,2,0
2024-02-02 15:29:09.001,18075,18075,18075,2,0
2024-02-02 15:29:09.001,18075,18075,18075,2,0
2024-02-02 15:29:09.001,18075,18075,18075,2,0
2024-02-02 15:29:09.001,18075,18075,18075,2,0
2024-02-02 15:29:33.001,18075,18075,18075,2,0
2024-02-02 15:29:55.001,18075,18075,18075,2,0
2024-02-02 15:30:00.001,18074,18074,18074,2,-2
2024-02-02 15:30:00.001,18074,18074,18074,2,0
2024-02-02 15:30:00.001,18075,18075,18075,2,2
2024-02-02 15:30:00.001,18074,18074,18074,6,-6
2024-02-02 15:30:00.001,18074,18074,18074,4,0
2024-02-02 15:30:01.001,18074,18074,18074,6,0
2024-02-02 15:30:01.001,18074,18074,18074,2,0
2024-02-02 15:30:01.001,18074,18074,18074,2,0
2024-02-02 15:30:01.001,18074,18074,18074,4,0
2024-02-02 15:30:01.001,18074,18074,18074,2,0
2024-02-02 15:30:01.001,18074,18074,18074,2,0
2024-02-02 15:30:01.001,18073,18073,18073,2,-2
2024-02-02 15:30:01.001,18075,18075,18075,2,2
2024-02-02 15:30:01.001,18074,18074,18074,2,-2
2024-02-02 15:30:01.001,18075,18075,18075,2,2
2024-02-02 15:30:03.001,18074,18074,18074,2,-2
2024-02-02 15:30:07.001,18074,18074,18074,2,0
2024-02-02 15:30:12.001,18073,18073,18073,4,-4
2024-02-02 15:30:12.001,18073,18073,18073,2,0
2024-02-02 15:30:12.001,18073,18073,18073,2,0
2024-02-02 15:30:12.001,18073,18073,18073,6,0
2024-02-02 15:30:12.001,18073,18073,18073,2,0
2024-02-02 15:30:12.001,18073,18073,18073,4,0
2024-02-02 15:30:12.001,18073,18073,18073,6,0
2024-02-02 15:30:12.001,18073,18073,18073,2,0
2024-02-02 15:30:12.001,18073,18073,18073,2,0
2024-02-02 15:30:12.001,18073,18073,18073,2,0
2024-02-02 15:30:25.001,18072,18072,18072,2,-2
2024-02-02 15:30:25.001,18072,18072,18072,2,0
2024-02-02 15:30:25.001,18071,18071,18071,2,-2
2024-02-02 15:30:28.001,18071,18071,18071,2,0
2024-02-02 15:30:28.001,18071,18071,18071,2,0
2024-02-02 15:30:28.001,18071,18071,18071,10,0
2024-02-02 15:30:28.001,18071,18071,18071,2,0
2024-02-02 15:30:28.001,18071,18071,18071,2,0
2024-02-02 15:30:28.001,18071,18071,18071,2,0
2024-02-02 15:30:28.001,18071,18071,18071,2,0
2024-02-02 15:30:39.001,18071,18071,18071,2,0
2024-02-02 15:30:43.001,18071,18071,18071,2,0
2024-02-02 15:30:44.001,18070,18070,18070,2,-2
2024-02-02 15:30:44.001,18070,18070,18070,4,0
2024-02-02 15:30:45.001,18070,18070,18070,2,0
2024-02-02 15:30:48.001,18070,18070,18070,2,0
2024-02-02 15:30:48.001,18070,18070,18070,2,0
2024-02-02 15:30:51.001,18070,18070,18070,2,0
2024-02-02 15:30:52.001,18070,18070,18070,2,0
2024-02-02 15:30:59.001,18070,18070,18070,2,0
2024-02-02 15:31:00.001,18071,18071,18071,4,4
2024-02-02 15:31:00.001,18071,18071,18071,74,0
2024-02-02 15:31:01.001,18073,18073,18073,2,2
2024-02-02 15:31:01.001,18073,18073,18073,8,0
2024-02-02 15:31:04.001,18072,18072,18072,4,-4
2024-02-02 15:31:04.001,18072,18072,18072,4,0
2024-02-02 15:31:04.001,18072,18072,18072,4,0
2024-02-02 15:31:19.001,18072,18072,18072,2,0
2024-02-02 15:31:35.001,18072,18072,18072,2,0
2024-02-02 15:31:43.001,18072,18072,18072,2,0
2024-02-02 15:31:51.001,18072,18072,18072,2,0
2024-02-02 15:31:51.001,18072,18072,18072,2,0
2024-02-02 15:31:51.001,18072,18072,18072,2,0
2024-02-02 15:31:51.001,18072,18072,18072,2,0
2024-02-02 15:31:51.001,18072,18072,18072,4,0
2024-02-02 15:31:51.001,18072,18072,18072,4,0
2024-02-02 15:31:51.001,18072,18072,18072,4,0
2024-02-02 15:31:51.001,18072,18072,18072,2,0
2024-02-02 15:31:58.001,18073,18073,18073,2,2
2024-02-02 15:31:58.001,18073,18073,18073,4,0
2024-02-02 15:31:58.001,18073,18073,18073,4,0
2024-02-02 15:31:58.001,18073,18073,18073,10,0
2024-02-02 15:32:04.001,18074,18074,18074,2,2
2024-02-02 15:32:14.001,18073,18073,18073,2,-2
2024-02-02 15:32:20.001,18074,18074,18074,10,10
2024-02-02 15:32:31.001,18073,18073,18073,2,-2
2024-02-02 15:32:37.001,18073,18073,18073,2,0
2024-02-02 15:32:39.001,18074,18074,18074,2,2
2024-02-02 15:33:32.001,18075,18075,18075,2,2
2024-02-02 15:33:32.001,18075,18075,18075,2,0
2024-02-02 15:33:36.001,18075,18075,18075,2,0
2024-02-02 15:33:41.001,18074,18074,18074,2,-2
2024-02-02 15:33:45.001,18074,18074,18074,2,0
2024-02-02 15:33:45.001,18074,18074,18074,2,0
2024-02-02 15:33:53.001,18076,18076,18076,2,2
2024-02-02 15:34:07.001,18075,18075,18075,2,-2
2024-02-02 15:34:22.001,18075,18075,18075,2,0
2024-02-02 15:34:22.001,18074,18074,18074,2,-2
2024-02-02 15:34:31.001,18075,18075,18075,2,2
2024-02-02 15:34:49.001,18074,18074,18074,2,-2
2024-02-02 15:34:52.001,18075,18075,18075,2,2
2024-02-02 15:35:02.001,18075,18075,18075,4,0
2024-02-02 15:35:02.001,18075,18075,18075,2,0
2024-02-02 15:35:02.001,18074,18074,18074,2,-2
2024-02-02 15:35:02.001,18074,18074,18074,2,0
2024-02-02 15:35:26.001,18074,18074,18074,2,0
2024-02-02 15:35:26.001,18074,18074,18074,8,0
2024-02-02 15:35:26.001,18074,18074,18074,2,0
2024-02-02 15:36:58.001,18073,18073,18073,2,-2
2024-02-02 15:36:58.001,18073,18073,18073,4,0
2024-02-02 15:36:58.001,18073,18073,18073,2,0
2024-02-02 15:36:58.001,18073,18073,18073,2,0
2024-02-02 15:36:58.001,18073,18073,18073,2,0
2024-02-02 15:36:58.001,18073,18073,18073,2,0
2024-02-02 15:36:58.001,18073,18073,18073,2,0
2024-02-02 15:36:58.001,18072,18072,18072,2,-2
2024-02-02 15:36:58.001,18072,18072,18072,2,0
2024-02-02 15:36:58.001,18072,18072,18072,2,0
2024-02-02 15:36:58.001,18072,18072,18072,2,0
2024-02-02 15:36:58.001,18072,18072,18072,2,0
2024-02-02 15:36:58.001,18072,18072,18072,2,0
2024-02-02 15:36:58.001,18072,18072,18072,2,0
2024-02-02 15:36:58.001,18072,18072,18072,2,0
2024-02-02 15:36:58.001,18072,18072,18072,2,0
2024-02-02 15:37:02.001,18072,18072,18072,2,0
2024-02-02 15:37:02.001,18071,18071,18071,2,-2
2024-02-02 15:37:02.001,18071,18071,18071,40,0
2024-02-02 15:37:02.001,18071,18071,18071,2,0
2024-02-02 15:37:12.001,18070,18070,18070,2,-2
2024-02-02 15:37:19.001,18071,18071,18071,4,4
2024-02-02 15:37:21.001,18070,18070,18070,2,-2
2024-02-02 15:37:21.001,18071,18071,18071,2,2
2024-02-02 15:37:40.001,18071,18071,18071,2,0
2024-02-02 15:37:52.001,18071,18071,18071,2,0
2024-02-02 15:37:52.001,18071,18071,18071,2,0
2024-02-02 15:37:52.001,18071,18071,18071,2,0
2024-02-02 15:37:52.001,18071,18071,18071,2,0
2024-02-02 15:37:53.001,18071,18071,18071,2,0
2024-02-02 15:38:03.001,18071,18071,18071,2,0
2024-02-02 15:38:22.001,18071,18071,18071,2,0
2024-02-02 15:38:27.001,18071,18071,18071,12,0
2024-02-02 15:38:28.001,18070,18070,18070,2,-2
2024-02-02 15:38:30.001,18071,18071,18071,6,6
2024-02-02 15:38:34.001,18071,18071,18071,2,0
2024-02-02 15:38:35.001,18070,18070,18070,2,-2
2024-02-02 15:38:36.001,18070,18070,18070,2,0
2024-02-02 15:38:38.001,18070,18070,18070,2,0
2024-02-02 15:38:40.001,18070,18070,18070,2,0
2024-02-02 15:38:46.001,18070,18070,18070,2,0
2024-02-02 15:38:58.001,18071,18071,18071,2,2
2024-02-02 15:38:58.001,18071,18071,18071,4,0
2024-02-02 15:39:17.001,18072,18072,18072,2,2
2024-02-02 15:39:17.001,18072,18072,18072,2,0
2024-02-02 15:39:17.001,18072,18072,18072,2,0
2024-02-02 15:39:17.001,18071,18071,18071,2,-2
2024-02-02 15:39:17.001,18071,18071,18071,2,0
2024-02-02 15:39:17.001,18071,18071,18071,2,0
2024-02-02 15:39:18.001,18073,18073,18073,4,4
2024-02-02 15:40:29.001,18073,18073,18073,4,0
2024-02-02 15:40:31.001,18073,18073,18073,2,0
2024-02-02 15:40:32.001,18073,18073,18073,4,0
2024-02-02 15:40:41.001,18072,18072,18072,2,-2
2024-02-02 15:40:43.001,18073,18073,18073,2,2
2024-02-02 15:40:55.001,18073,18073,18073,4,0
2024-02-02 15:41:02.001,18073,18073,18073,2,0
2024-02-02 15:41:26.001,18073,18073,18073,2,0
2024-02-02 15:41:26.001,18073,18073,18073,2,0
2024-02-02 15:41:50.001,18073,18073,18073,2,0
2024-02-02 15:42:09.001,18072,18072,18072,2,-2
2024-02-02 15:42:12.001,18072,18072,18072,2,0
2024-02-02 15:42:13.001,18072,18072,18072,2,0
2024-02-02 15:42:16.001,18072,18072,18072,2,0
2024-02-02 15:42:20.001,18071,18071,18071,2,-2
2024-02-02 15:42:21.001,18070,18070,18070,2,-2
2024-02-02 15:42:21.001,18070,18070,18070,2,0
2024-02-02 15:42:21.001,18070,18070,18070,2,0
2024-02-02 15:42:21.001,18070,18070,18070,4,0
2024-02-02 15:42:21.001,18070,18070,18070,2,0
2024-02-02 15:42:21.001,18070,18070,18070,4,0
2024-02-02 15:42:21.001,18070,18070,18070,2,0
2024-02-02 15:42:21.001,18070,18070,18070,4,0
2024-02-02 15:42:21.001,18070,18070,18070,4,0
2024-02-02 15:42:21.001,18070,18070,18070,2,0
2024-02-02 15:42:21.001,18070,18070,18070,2,0
2024-02-02 15:42:21.001,18070,18070,18070,2,0
2024-02-02 15:42:21.001,18070,18070,18070,2,0
2024-02-02 15:42:25.001,18070,18070,18070,2,0
2024-02-02 15:42:25.001,18070,18070,18070,2,0
2024-02-02 15:42:28.001,18070,18070,18070,2,0
2024-02-02 15:42:28.001,18070,18070,18070,2,0
2024-02-02 15:42:40.001,18070,18070,18070,2,0
2024-02-02 15:42:40.001,18070,18070,18070,2,0
2024-02-02 15:42:52.001,18072,18072,18072,2,2
2024-02-02 15:43:02.001,18070,18070,18070,2,-2
2024-02-02 15:43:02.001,18070,18070,18070,2,0
2024-02-02 15:43:02.001,18070,18070,18070,2,0
2024-02-02 15:43:02.001,18070,18070,18070,2,0
2024-02-02 15:43:03.001,18070,18070,18070,2,0
2024-02-02 15:43:03.001,18071,18071,18071,2,2
2024-02-02 15:43:05.001,18071,18071,18071,2,0
2024-02-02 15:43:19.001,18071,18071,18071,2,0
2024-02-02 15:43:21.001,18070,18070,18070,2,-2
2024-02-02 15:43:29.001,18070,18070,18070,2,0
2024-02-02 15:43:34.001,18071,18071,18071,4,4
2024-02-02 15:43:40.001,18070,18070,18070,2,-2
2024-02-02 15:43:40.001,18070,18070,18070,10,0
2024-02-02 15:43:40.001,18071,18071,18071,8,8
2024-02-02 15:43:40.001,18070,18070,18070,2,-2
2024-02-02 15:44:14.001,18071,18071,18071,2,2
2024-02-02 15:44:36.001,18071,18071,18071,2,0
2024-02-02 15:44:36.001,18071,18071,18071,2,0
2024-02-02 15:45:00.001,18070,18070,18070,4,-4
2024-02-02 15:45:00.001,18070,18070,18070,2,0
2024-02-02 15:45:00.001,18070,18070,18070,2,0
2024-02-02 15:45:00.001,18070,18070,18070,4,0
2024-02-02 15:45:00.001,18070,18070,18070,2,0
2024-02-02 15:45:00.001,18070,18070,18070,2,0
2024-02-02 15:45:00.001,18070,18070,18070,2,0
2024-02-02 15:45:00.001,18070,18070,18070,2,0
2024-02-02 15:45:00.001,18070,18070,18070,2,0
2024-02-02 15:45:00.001,18070,18070,18070,2,0
2024-02-02 15:45:05.001,18070,18070,18070,2,0
2024-02-02 15:45:05.001,18069,18069,18069,2,-2
2024-02-02 15:45:05.001,18069,18069,18069,2,0
2024-02-02 15:45:05.001,18069,18069,18069,2,0
2024-02-02 15:45:05.001,18069,18069,18069,2,0
2024-02-02 15:45:05.001,18069,18069,18069,2,0
2024-02-02 15:45:05.001,18069,18069,18069,2,0
2024-02-02 15:45:05.001,18069,18069,18069,4,0
2024-02-02 15:45:05.001,18069,18069,18069,4,0
2024-02-02 15:45:05.001,18069,18069,18069,2,0
2024-02-02 15:45:05.001,18069,18069,18069,2,0
2024-02-02 15:45:05.001,18069,18069,18069,2,0
2024-02-02 15:45:05.001,18069,18069,18069,2,0
2024-02-02 15:45:05.001,18069,18069,18069,2,0
2024-02-02 15:45:05.001,18069,18069,18069,6,0
2024-02-02 15:45:05.001,18069,18069,18069,2,0
2024-02-02 15:45:05.001,18069,18069,18069,2,0
2024-02-02 15:45:05.001,18069,18069,18069,2,0
2024-02-02 15:45:05.001,18069,18069,18069,2,0
2024-02-02 15:45:05.001,18069,18069,18069,4,0
2024-02-02 15:45:05.001,18069,18069,18069,2,0
2024-02-02 15:45:11.001,18068,18068,18068,6,-6
2024-02-02 15:45:11.001,18068,18068,18068,2,0
2024-02-02 15:45:11.001,18068,18068,18068,2,0
2024-02-02 15:45:11.001,18068,18068,18068,2,0
2024-02-02 15:45:11.001,18068,18068,18068,2,0
2024-02-02 15:45:11.001,18068,18068,18068,2,0
2024-02-02 15:45:11.001,18068,18068,18068,2,0
2024-02-02 15:45:11.001,18068,18068,18068,2,0
2024-02-02 15:45:11.001,18068,18068,18068,2,0
2024-02-02 15:45:11.001,18068,18068,18068,2,0
2024-02-02 15:45:11.001,18068,18068,18068,2,0
2024-02-02 15:45:11.001,18068,18068,18068,2,0
2024-02-02 15:45:11.001,18068,18068,18068,6,0
2024-02-02 15:45:11.001,18068,18068,18068,2,0
2024-02-02 15:45:11.001,18068,18068,18068,8,0
2024-02-02 15:45:11.001,18068,18068,18068,2,0
2024-02-02 15:45:11.001,18068,18068,18068,2,0
2024-02-02 15:45:11.001,18068,18068,18068,2,0
2024-02-02 15:45:11.001,18068,18068,18068,2,0
2024-02-02 15:45:11.001,18068,18068,18068,2,0
2024-02-02 15:45:11.001,18068,18068,18068,12,0
2024-02-02 15:45:11.001,18068,18068,18068,2,0
2024-02-02 15:45:11.001,18068,18068,18068,2,0
2024-02-02 15:45:11.001,18068,18068,18068,6,0
2024-02-02 15:45:11.001,18068,18068,18068,2,0
2024-02-02 15:45:11.001,18068,18068,18068,2,0
2024-02-02 15:45:11.001,18068,18068,18068,2,0
2024-02-02 15:45:11.001,18069,18069,18069,2,2
2024-02-02 15:45:12.001,18068,18068,18068,2,-2
2024-02-02 15:45:12.001,18068,18068,18068,2,0
2024-02-02 15:45:28.001,18068,18068,18068,2,0
2024-02-02 15:45:32.001,18068,18068,18068,2,0
2024-02-02 15:45:32.001,18068,18068,18068,2,0
2024-02-02 15:45:32.001,18068,18068,18068,2,0
2024-02-02 15:45:32.001,18068,18068,18068,2,0
2024-02-02 15:45:32.001,18068,18068,18068,2,0
2024-02-02 15:45:38.001,18068,18068,18068,2,0
2024-02-02 15:45:40.001,18069,18069,18069,6,6
2024-02-02 15:45:44.001,18068,18068,18068,4,-4
2024-02-02 15:45:48.001,18068,18068,18068,2,0
2024-02-02 15:45:53.001,18068,18068,18068,4,0
2024-02-02 15:45:53.001,18068,18068,18068,10,0
2024-02-02 15:45:53.001,18068,18068,18068,4,0
2024-02-02 15:45:53.001,18067,18067,18067,2,-2
2024-02-02 15:45:53.001,18067,18067,18067,2,0
2024-02-02 15:45:53.001,18067,18067,18067,2,0
2024-02-02 15:45:53.001,18067,18067,18067,2,0
2024-02-02 15:45:53.001,18067,18067,18067,2,0
2024-02-02 15:45:53.001,18067,18067,18067,2,0
2024-02-02 15:45:53.001,18067,18067,18067,2,0
2024-02-02 15:45:53.001,18067,18067,18067,2,0
2024-02-02 15:45:53.001,18067,18067,18067,2,0
2024-02-02 15:45:53.001,18067,18067,18067,2,0
2024-02-02 15:45:53.001,18067,18067,18067,2,0
2024-02-02 15:45:53.001,18067,18067,18067,2,0
2024-02-02 15:45:59.001,18067,18067,18067,2,0
2024-02-02 15:45:59.001,18066,18066,18066,2,-2
2024-02-02 15:45:59.001,18066,18066,18066,2,0
2024-02-02 15:45:59.001,18066,18066,18066,2,0
2024-02-02 15:45:59.001,18066,18066,18066,2,0
2024-02-02 15:45:59.001,18066,18066,18066,2,0
2024-02-02 15:45:59.001,18066,18066,18066,2,0
2024-02-02 15:45:59.001,18066,18066,18066,2,0
2024-02-02 15:45:59.001,18066,18066,18066,2,0
2024-02-02 15:45:59.001,18066,18066,18066,4,0
2024-02-02 15:45:59.001,18066,18066,18066,4,0
2024-02-02 15:45:59.001,18066,18066,18066,4,0
2024-02-02 15:45:59.001,18066,18066,18066,2,0
2024-02-02 15:45:59.001,18066,18066,18066,6,0
2024-02-02 15:45:59.001,18066,18066,18066,4,0
2024-02-02 15:45:59.001,18066,18066,18066,4,0
2024-02-02 15:45:59.001,18066,18066,18066,2,0
2024-02-02 15:45:59.001,18066,18066,18066,2,0
2024-02-02 15:45:59.001,18066,18066,18066,4,0
2024-02-02 15:45:59.001,18066,18066,18066,2,0
2024-02-02 15:45:59.001,18066,18066,18066,2,0
2024-02-02 15:45:59.001,18066,18066,18066,4,0
2024-02-02 15:45:59.001,18066,18066,18066,4,0
2024-02-02 15:45:59.001,18066,18066,18066,2,0
2024-02-02 15:45:59.001,18066,18066,18066,2,0
2024-02-02 15:45:59.001,18066,18066,18066,2,0
2024-02-02 15:45:59.001,18066,18066,18066,2,0
2024-02-02 15:46:04.001,18066,18066,18066,2,0
2024-02-02 15:46:07.001,18067,18067,18067,6,6
2024-02-02 15:46:07.001,18067,18067,18067,2,0
2024-02-02 15:46:07.001,18067,18067,18067,10,0
2024-02-02 15:46:08.001,18067,18067,18067,2,0
2024-02-02 15:46:09.001,18067,18067,18067,2,0
2024-02-02 15:46:10.001,18067,18067,18067,2,0
2024-02-02 15:46:10.001,18067,18067,18067,2,0
2024-02-02 15:46:10.001,18067,18067,18067,2,0
2024-02-02 15:46:10.001,18067,18067,18067,2,0
2024-02-02 15:46:25.001,18069,18069,18069,4,4
2024-02-02 15:46:25.001,18069,18069,18069,2,0
2024-02-02 15:46:31.001,18068,18068,18068,2,-2
2024-02-02 15:46:33.001,18069,18069,18069,4,4
2024-02-02 15:46:42.001,18069,18069,18069,4,0
2024-02-02 15:46:58.001,18070,18070,18070,4,4
2024-02-02 15:46:59.001,18070,18070,18070,2,0
2024-02-02 15:47:05.001,18069,18069,18069,2,-2
2024-02-02 15:47:05.001,18069,18069,18069,2,0
2024-02-02 15:47:12.001,18070,18070,18070,38,38
2024-02-02 15:47:20.001,18070,18070,18070,2,0
2024-02-02 15:47:25.001,18070,18070,18070,4,0
2024-02-02 15:47:28.001,18070,18070,18070,2,0
2024-02-02 15:47:32.001,18070,18070,18070,2,0
2024-02-02 15:47:32.001,18070,18070,18070,6,0
2024-02-02 15:47:32.001,18070,18070,18070,2,0
2024-02-02 15:47:32.001,18070,18070,18070,2,0
2024-02-02 15:47:32.001,18070,18070,18070,12,0
2024-02-02 15:47:32.001,18070,18070,18070,2,0
2024-02-02 15:47:32.001,18070,18070,18070,2,0
2024-02-02 15:47:32.001,18070,18070,18070,4,0
2024-02-02 15:47:57.001,18070,18070,18070,2,0
2024-02-02 15:48:02.001,18070,18070,18070,4,0
2024-02-02 15:48:02.001,18070,18070,18070,2,0
2024-02-02 15:48:02.001,18070,18070,18070,2,0
2024-02-02 15:48:15.001,18070,18070,18070,2,0
2024-02-02 15:48:15.001,18070,18070,18070,2,0
2024-02-02 15:48:15.001,18070,18070,18070,4,0
2024-02-02 15:48:15.001,18070,18070,18070,2,0
2024-02-02 15:48:15.001,18070,18070,18070,2,0
2024-02-02 15:48:15.001,18070,18070,18070,2,0
2024-02-02 15:48:15.001,18070,18070,18070,4,0
2024-02-02 15:48:15.001,18070,18070,18070,8,0
2024-02-02 15:48:51.001,18069,18069,18069,2,-2
2024-02-02 15:48:51.001,18069,18069,18069,2,0
2024-02-02 15:49:04.001,18068,18068,18068,4,-4
2024-02-02 15:49:04.001,18068,18068,18068,2,0
2024-02-02 15:49:04.001,18068,18068,18068,2,0
2024-02-02 15:49:04.001,18068,18068,18068,2,0
2024-02-02 15:49:06.001,18068,18068,18068,2,0
2024-02-02 15:49:10.001,18069,18069,18069,2,2
2024-02-02 15:49:12.001,18068,18068,18068,2,-2
2024-02-02 15:49:13.001,18068,18068,18068,2,0
2024-02-02 15:49:15.001,18068,18068,18068,2,0
2024-02-02 15:49:18.001,18068,18068,18068,2,0
2024-02-02 15:49:19.001,18068,18068,18068,4,0
2024-02-02 15:49:27.001,18067,18067,18067,2,-2
2024-02-02 15:49:27.001,18067,18067,18067,2,0
2024-02-02 15:49:27.001,18067,18067,18067,2,0
2024-02-02 15:49:29.001,18067,18067,18067,2,0
2024-02-02 15:49:29.001,18067,18067,18067,2,0
2024-02-02 15:49:29.001,18066,18066,18066,2,-2
2024-02-02 15:49:29.001,18067,18067,18067,2,2
2024-02-02 15:49:34.001,18066,18066,18066,2,-2
2024-02-02 15:49:40.001,18066,18066,18066,2,0
2024-02-02 15:49:40.001,18066,18066,18066,2,0
2024-02-02 15:49:43.001,18066,18066,18066,2,0
2024-02-02 15:49:43.001,18066,18066,18066,4,0
2024-02-02 15:49:45.001,18066,18066,18066,2,0
2024-02-02 15:49:54.001,18067,18067,18067,10,10
2024-02-02 15:49:54.001,18067,18067,18067,4,0
2024-02-02 15:49:54.001,18067,18067,18067,4,0
2024-02-02 15:49:54.001,18067,18067,18067,2,0
2024-02-02 15:49:56.001,18066,18066,18066,4,-4
2024-02-02 15:49:58.001,18067,18067,18067,2,2
2024-02-02 15:49:58.001,18067,18067,18067,2,0
2024-02-02 15:49:58.001,18067,18067,18067,2,0
2024-02-02 15:50:04.001,18068,18068,18068,2,2
2024-02-02 15:50:22.001,18068,18068,18068,2,0
2024-02-02 15:50:22.001,18068,18068,18068,6,0
2024-02-02 15:50:22.001,18068,18068,18068,12,0
2024-02-02 15:50:32.001,18068,18068,18068,2,0
2024-02-02 15:50:37.001,18069,18069,18069,2,2
2024-02-02 15:50:39.001,18069,18069,18069,2,0
2024-02-02 15:50:40.001,18068,18068,18068,2,-2
2024-02-02 15:50:40.001,18068,18068,18068,2,0
2024-02-02 15:50:50.001,18068,18068,18068,2,0
2024-02-02 15:50:51.001,18068,18068,18068,10,0
2024-02-02 15:50:58.001,18068,18068,18068,16,0
2024-02-02 15:51:03.001,18068,18068,18068,4,0
2024-02-02 15:51:03.001,18068,18068,18068,2,0
2024-02-02 15:51:06.001,18068,18068,18068,4,0
2024-02-02 15:51:11.001,18068,18068,18068,2,0
2024-02-02 15:51:16.001,18068,18068,18068,4,0
2024-02-02 15:51:20.001,18067,18067,18067,2,-2
2024-02-02 15:51:20.001,18067,18067,18067,2,0
2024-02-02 15:51:24.001,18067,18067,18067,2,0
2024-02-02 15:51:24.001,18067,18067,18067,2,0
2024-02-02 15:51:30.001,18066,18066,18066,2,-2
2024-02-02 15:51:32.001,18066,18066,18066,4,0
2024-02-02 15:51:33.001,18067,18067,18067,2,2
2024-02-02 15:51:35.001,18067,18067,18067,2,0
2024-02-02 15:51:44.001,18067,18067,18067,2,0
2024-02-02 15:51:52.001,18066,18066,18066,4,-4
2024-02-02 15:51:52.001,18066,18066,18066,2,0
2024-02-02 15:51:52.001,18066,18066,18066,6,0
2024-02-02 15:51:54.001,18066,18066,18066,4,0
2024-02-02 15:51:54.001,18066,18066,18066,2,0
2024-02-02 15:51:54.001,18066,18066,18066,2,0
2024-02-02 15:51:54.001,18066,18066,18066,2,0
2024-02-02 15:51:54.001,18066,18066,18066,2,0
2024-02-02 15:51:54.001,18066,18066,18066,2,0
2024-02-02 15:51:54.001,18066,18066,18066,2,0
2024-02-02 15:51:54.001,18066,18066,18066,4,0
2024-02-02 15:51:59.001,18066,18066,18066,4,0
2024-02-02 15:51:59.001,18065,18065,18065,2,-2
2024-02-02 15:51:59.001,18065,18065,18065,2,0
2024-02-02 15:51:59.001,18065,18065,18065,2,0
2024-02-02 15:51:59.001,18065,18065,18065,4,0
2024-02-02 15:51:59.001,18065,18065,18065,2,0
2024-02-02 15:51:59.001,18065,18065,18065,4,0
2024-02-02 15:51:59.001,18065,18065,18065,4,0
2024-02-02 15:51:59.001,18065,18065,18065,4,0
2024-02-02 15:51:59.001,18065,18065,18065,10,0
2024-02-02 15:51:59.001,18065,18065,18065,2,0
2024-02-02 15:51:59.001,18065,18065,18065,2,0
2024-02-02 15:51:59.001,18065,18065,18065,2,0
2024-02-02 15:51:59.001,18065,18065,18065,2,0
2024-02-02 15:51:59.001,18065,18065,18065,2,0
2024-02-02 15:51:59.001,18065,18065,18065,2,0
2024-02-02 15:51:59.001,18065,18065,18065,2,0
2024-02-02 15:51:59.001,18065,18065,18065,20,0
2024-02-02 15:51:59.001,18065,18065,18065,2,0
2024-02-02 15:51:59.001,18065,18065,18065,2,0
2024-02-02 15:51:59.001,18065,18065,18065,2,0
2024-02-02 15:51:59.001,18065,18065,18065,4,0
2024-02-02 15:51:59.001,18065,18065,18065,2,0
2024-02-02 15:51:59.001,18065,18065,18065,2,0
2024-02-02 15:51:59.001,18065,18065,18065,2,0
2024-02-02 15:51:59.001,18065,18065,18065,2,0
2024-02-02 15:51:59.001,18065,18065,18065,2,0
2024-02-02 15:51:59.001,18065,18065,18065,2,0
2024-02-02 15:51:59.001,18065,18065,18065,2,0
2024-02-02 15:51:59.001,18065,18065,18065,2,0
2024-02-02 15:51:59.001,18065,18065,18065,2,0
2024-02-02 15:51:59.001,18065,18065,18065,2,0
2024-02-02 15:51:59.001,18065,18065,18065,2,0
2024-02-02 15:51:59.001,18064,18064,18064,2,-2
2024-02-02 15:51:59.001,18064,18064,18064,6,0
2024-02-02 15:51:59.001,18064,18064,18064,4,0
2024-02-02 15:51:59.001,18064,18064,18064,2,0
2024-02-02 15:51:59.001,18064,18064,18064,2,0
2024-02-02 15:51:59.001,18064,18064,18064,2,0
2024-02-02 15:51:59.001,18064,18064,18064,2,0
2024-02-02 15:51:59.001,18064,18064,18064,2,0
2024-02-02 15:51:59.001,18064,18064,18064,2,0
2024-02-02 15:51:59.001,18064,18064,18064,2,0
2024-02-02 15:51:59.001,18064,18064,18064,2,0
2024-02-02 15:51:59.001,18064,18064,18064,2,0
2024-02-02 15:52:00.001,18064,18064,18064,2,0
2024-02-02 15:52:00.001,18064,18064,18064,2,0
2024-02-02 15:52:06.001,18064,18064,18064,2,0
2024-02-02 15:52:06.001,18064,18064,18064,2,0
2024-02-02 15:52:06.001,18064,18064,18064,2,0
2024-02-02 15:52:06.001,18064,18064,18064,2,0
2024-02-02 15:52:06.001,18064,18064,18064,4,0
2024-02-02 15:52:06.001,18064,18064,18064,2,0
2024-02-02 15:52:06.001,18064,18064,18064,2,0
2024-02-02 15:52:10.001,18064,18064,18064,2,0
2024-02-02 15:52:11.001,18064,18064,18064,2,0
2024-02-02 15:52:14.001,18065,18065,18065,4,4
2024-02-02 15:52:19.001,18064,18064,18064,2,-2
2024-02-02 15:52:20.001,18064,18064,18064,2,0
2024-02-02 15:52:20.001,18064,18064,18064,4,0
2024-02-02 15:52:20.001,18064,18064,18064,4,0
2024-02-02 15:52:20.001,18064,18064,18064,2,0
2024-02-02 15:52:24.001,18064,18064,18064,2,0
2024-02-02 15:52:25.001,18065,18065,18065,2,2
2024-02-02 15:52:34.001,18065,18065,18065,2,0
2024-02-02 15:52:44.001,18065,18065,18065,10,0
2024-02-02 15:52:47.001,18064,18064,18064,2,-2
2024-02-02 15:52:47.001,18064,18064,18064,2,0
2024-02-02 15:53:00.001,18064,18064,18064,4,0
2024-02-02 15:53:00.001,18064,18064,18064,2,0
2024-02-02 15:53:00.001,18064,18064,18064,2,0
2024-02-02 15:53:02.001,18064,18064,18064,2,0
2024-02-02 15:53:02.001,18064,18064,18064,10,0
2024-02-02 15:53:13.001,18065,18065,18065,2,2
2024-02-02 15:53:13.001,18065,18065,18065,4,0
2024-02-02 15:53:13.001,18065,18065,18065,6,0
2024-02-02 15:53:13.001,18065,18065,18065,2,0
2024-02-02 15:53:17.001,18065,18065,18065,2,0
2024-02-02 15:53:19.001,18066,18066,18066,2,2
2024-02-02 15:53:27.001,18066,18066,18066,2,0
2024-02-02 15:53:27.001,18066,18066,18066,2,0
2024-02-02 15:53:34.001,18066,18066,18066,2,0
2024-02-02 15:53:37.001,18066,18066,18066,2,0
2024-02-02 15:53:56.001,18067,18067,18067,2,2
2024-02-02 15:54:00.001,18067,18067,18067,2,0
2024-02-02 15:54:07.001,18068,18068,18068,2,2
2024-02-02 15:54:12.001,18067,18067,18067,2,-2
2024-02-02 15:54:26.001,18067,18067,18067,2,0
2024-02-02 15:54:40.001,18067,18067,18067,4,0
2024-02-02 15:55:10.001,18067,18067,18067,2,0
2024-02-02 15:55:10.001,18067,18067,18067,2,0
2024-02-02 15:55:10.001,18067,18067,18067,2,0
2024-02-02 15:55:10.001,18067,18067,18067,2,0
2024-02-02 15:55:10.001,18067,18067,18067,2,0
2024-02-02 15:55:11.001,18066,18066,18066,2,-2
2024-02-02 15:55:29.001,18067,18067,18067,2,2
2024-02-02 15:55:40.001,18066,18066,18066,2,-2
2024-02-02 15:55:40.001,18065,18065,18065,2,-2
2024-02-02 15:55:45.001,18066,18066,18066,4,4
2024-02-02 15:56:14.001,18065,18065,18065,2,-2
2024-02-02 15:56:14.001,18065,18065,18065,2,0
2024-02-02 15:56:14.001,18065,18065,18065,2,0
2024-02-02 15:56:14.001,18065,18065,18065,2,0
2024-02-02 15:56:15.001,18065,18065,18065,2,0
2024-02-02 15:56:17.001,18065,18065,18065,2,0
2024-02-02 15:56:22.001,18065,18065,18065,4,0
2024-02-02 15:56:22.001,18065,18065,18065,2,0
2024-02-02 15:56:22.001,18065,18065,18065,4,0
2024-02-02 15:56:25.001,18065,18065,18065,2,0
2024-02-02 15:56:40.001,18065,18065,18065,4,0
2024-02-02 15:56:45.001,18065,18065,18065,2,0
2024-02-02 15:56:45.001,18065,18065,18065,2,0
2024-02-02 15:56:45.001,18065,18065,18065,2,0
2024-02-02 15:56:45.001,18065,18065,18065,2,0
2024-02-02 15:56:45.001,18065,18065,18065,2,0
2024-02-02 15:56:46.001,18064,18064,18064,2,-2
2024-02-02 15:56:50.001,18064,18064,18064,2,0
2024-02-02 15:56:56.001,18064,18064,18064,4,0
2024-02-02 15:56:56.001,18064,18064,18064,2,0
2024-02-02 15:56:56.001,18064,18064,18064,2,0
2024-02-02 15:57:01.001,18064,18064,18064,2,0
2024-02-02 15:57:01.001,18064,18064,18064,4,0
2024-02-02 15:57:01.001,18064,18064,18064,4,0
2024-02-02 15:57:02.001,18064,18064,18064,4,0
2024-02-02 15:57:04.001,18064,18064,18064,4,0
2024-02-02 15:57:08.001,18064,18064,18064,4,0
2024-02-02 15:57:13.001,18064,18064,18064,2,0
2024-02-02 15:57:16.001,18063,18063,18063,2,-2
2024-02-02 15:57:16.001,18063,18063,18063,2,0
2024-02-02 15:57:18.001,18064,18064,18064,2,2
2024-02-02 15:57:25.001,18065,18065,18065,2,2
2024-02-02 15:57:25.001,18064,18064,18064,2,-2
2024-02-02 15:57:32.001,18064,18064,18064,2,0
2024-02-02 15:57:43.001,18065,18065,18065,4,4
2024-02-02 15:58:01.001,18066,18066,18066,14,14
2024-02-02 15:58:01.001,18066,18066,18066,2,0
2024-02-02 15:58:01.001,18066,18066,18066,8,0
2024-02-02 15:58:01.001,18066,18066,18066,2,0
2024-02-02 15:58:01.001,18066,18066,18066,6,0
2024-02-02 15:58:08.001,18066,18066,18066,2,0
2024-02-02 15:58:08.001,18066,18066,18066,2,0
2024-02-02 15:58:10.001,18067,18067,18067,2,2
2024-02-02 15:58:18.001,18066,18066,18066,2,-2
2024-02-02 15:58:18.001,18066,18066,18066,2,0
2024-02-02 15:58:21.001,18065,18065,18065,2,-2
2024-02-02 15:58:21.001,18067,18067,18067,2,2
2024-02-02 15:58:22.001,18065,18065,18065,2,-2
2024-02-02 15:58:22.001,18065,18065,18065,2,0
2024-02-02 15:58:23.001,18067,18067,18067,2,2
2024-02-02 15:58:23.001,18065,18065,18065,2,-2
2024-02-02 15:58:24.001,18066,18066,18066,2,2
2024-02-02 15:58:25.001,18065,18065,18065,2,-2
2024-02-02 15:58:26.001,18065,18065,18065,2,0
2024-02-02 15:58:26.001,18065,18065,18065,2,0
2024-02-02 15:58:27.001,18067,18067,18067,2,2
2024-02-02 15:58:27.001,18065,18065,18065,2,-2
2024-02-02 15:58:28.001,18065,18065,18065,2,0
2024-02-02 15:58:29.001,18065,18065,18065,2,0
2024-02-02 15:58:30.001,18065,18065,18065,2,0
2024-02-02 15:58:36.001,18065,18065,18065,2,0
2024-02-02 15:58:50.001,18065,18065,18065,2,0
2024-02-02 15:59:30.001,18066,18066,18066,2,2
2024-02-02 15:59:40.001,18066,18066,18066,2,0
2024-02-02 15:59:55.001,18067,18067,18067,2,2
2024-02-02 15:59:55.001,18066,18066,18066,2,-2
2024-02-02 16:00:00.001,18065,18065,18065,2,-2
2024-02-02 16:00:00.001,18065,18065,18065,2,0
2024-02-02 16:00:00.001,18065,18065,18065,4,0
2024-02-02 16:00:00.001,18065,18065,18065,2,0
2024-02-02 16:00:00.001,18065,18065,18065,2,0
2024-02-02 16:00:00.001,18065,18065,18065,2,0
2024-02-02 16:00:00.001,18065,18065,18065,4,0
2024-02-02 16:00:00.001,18065,18065,18065,2,0
2024-02-02 16:00:00.001,18065,18065,18065,10,0
2024-02-02 16:00:00.001,18065,18065,18065,2,0
2024-02-02 16:00:00.001,18065,18065,18065,2,0
2024-02-02 16:00:00.001,18065,18065,18065,2,0
2024-02-02 16:00:00.001,18065,18065,18065,2,0
2024-02-02 16:00:00.001,18064,18064,18064,2,-2
2024-02-02 16:00:00.001,18064,18064,18064,2,0
2024-02-02 16:00:00.001,18063,18063,18063,2,-2
2024-02-02 16:00:00.001,18064,18064,18064,2,2
2024-02-02 16:00:00.001,18063,18063,18063,4,-4
2024-02-02 16:00:03.001,18063,18063,18063,2,0
2024-02-02 16:00:03.001,18063,18063,18063,4,0
2024-02-02 16:00:03.001,18063,18063,18063,16,0
2024-02-02 16:00:03.001,18063,18063,18063,10,0
2024-02-02 16:00:03.001,18063,18063,18063,2,0
2024-02-02 16:00:03.001,18063,18063,18063,4,0
2024-02-02 16:00:03.001,18063,18063,18063,2,0
2024-02-02 16:00:03.001,18063,18063,18063,2,0
2024-02-02 16:00:03.001,18063,18063,18063,2,0
2024-02-02 16:00:03.001,18063,18063,18063,2,0
2024-02-02 16:00:03.001,18063,18063,18063,2,0
2024-02-02 16:00:03.001,18063,18063,18063,2,0
2024-02-02 16:00:03.001,18063,18063,18063,2,0
2024-02-02 16:00:03.001,18063,18063,18063,2,0
2024-02-02 16:00:03.001,18063,18063,18063,4,0
2024-02-02 16:00:03.001,18063,18063,18063,4,0
2024-02-02 16:00:03.001,18063,18063,18063,2,0
2024-02-02 16:00:03.001,18063,18063,18063,2,0
2024-02-02 16:00:03.001,18063,18063,18063,2,0
2024-02-02 16:00:03.001,18063,18063,18063,2,0
2024-02-02 16:00:03.001,18063,18063,18063,2,0
2024-02-02 16:00:03.001,18063,18063,18063,2,0
2024-02-02 16:00:03.001,18063,18063,18063,2,0
2024-02-02 16:00:03.001,18063,18063,18063,2,0
2024-02-02 16:00:03.001,18063,18063,18063,2,0
2024-02-02 16:00:03.001,18063,18063,18063,2,0
2024-02-02 16:00:03.001,18063,18063,18063,2,0
2024-02-02 16:00:03.001,18063,18063,18063,2,0
2024-02-02 16:00:03.001,18064,18064,18064,2,2
2024-02-02 16:00:04.001,18063,18063,18063,8,-8
2024-02-02 16:00:07.001,18063,18063,18063,2,0
2024-02-02 16:00:10.001,18063,18063,18063,2,0
2024-02-02 16:00:10.001,18062,18062,18062,2,-2
2024-02-02 16:00:10.001,18062,18062,18062,2,0
2024-02-02 16:00:10.001,18062,18062,18062,4,0
2024-02-02 16:00:10.001,18062,18062,18062,2,0
2024-02-02 16:00:10.001,18063,18063,18063,2,2
2024-02-02 16:00:23.001,18063,18063,18063,2,0
2024-02-02 16:00:23.001,18063,18063,18063,2,0
2024-02-02 16:00:23.001,18063,18063,18063,4,0
2024-02-02 16:00:23.001,18063,18063,18063,2,0
2024-02-02 16:00:23.001,18063,18063,18063,4,0
2024-02-02 16:00:29.001,18065,18065,18065,12,12
2024-02-02 16:00:29.001,18065,18065,18065,10,0
2024-02-02 16:00:29.001,18065,18065,18065,2,0
2024-02-02 16:00:29.001,18065,18065,18065,4,0
2024-02-02 16:00:29.001,18065,18065,18065,2,0
2024-02-02 16:00:38.001,18065,18065,18065,2,0
2024-02-02 16:00:38.001,18065,18065,18065,12,0
2024-02-02 16:00:43.001,18065,18065,18065,2,0
2024-02-02 16:00:44.001,18064,18064,18064,2,-2
2024-02-02 16:00:50.001,18065,18065,18065,2,2
2024-02-02 16:00:58.001,18064,18064,18064,2,-2
2024-02-02 16:01:00.001,18063,18063,18063,2,-2
2024-02-02 16:01:01.001,18063,18063,18063,2,0
2024-02-02 16:01:03.001,18064,18064,18064,2,2
2024-02-02 16:01:20.001,18063,18063,18063,2,-2
2024-02-02 16:01:34.001,18064,18064,18064,2,2
2024-02-02 16:01:37.001,18064,18064,18064,2,0
2024-02-02 16:01:37.001,18064,18064,18064,2,0
2024-02-02 16:01:37.001,18064,18064,18064,4,0
2024-02-02 16:01:37.001,18064,18064,18064,4,0
2024-02-02 16:01:37.001,18064,18064,18064,2,0
2024-02-02 16:01:37.001,18064,18064,18064,2,0
2024-02-02 16:01:37.001,18064,18064,18064,2,0
2024-02-02 16:01:37.001,18063,18063,18063,2,-2
2024-02-02 16:01:37.001,18063,18063,18063,2,0
2024-02-02 16:01:37.001,18063,18063,18063,2,0
2024-02-02 16:01:38.001,18064,18064,18064,4,4
2024-02-02 16:01:38.001,18064,18064,18064,6,0
2024-02-02 16:01:41.001,18064,18064,18064,2,0
2024-02-02 16:01:42.001,18064,18064,18064,2,0
2024-02-02 16:01:43.001,18065,18065,18065,2,2
2024-02-02 16:01:47.001,18064,18064,18064,2,-2
2024-02-02 16:01:47.001,18065,18065,18065,4,4
2024-02-02 16:01:50.001,18063,18063,18063,2,-2
2024-02-02 16:01:52.001,18063,18063,18063,2,0
2024-02-02 16:01:57.001,18063,18063,18063,2,0
2024-02-02 16:01:57.001,18063,18063,18063,2,0
2024-02-02 16:01:57.001,18063,18063,18063,2,0
2024-02-02 16:02:00.001,18063,18063,18063,2,0
2024-02-02 16:02:13.001,18062,18062,18062,2,-2
2024-02-02 16:02:13.001,18062,18062,18062,4,0
2024-02-02 16:02:13.001,18062,18062,18062,2,0
2024-02-02 16:02:15.001,18062,18062,18062,2,0
2024-02-02 16:02:22.001,18062,18062,18062,12,0
2024-02-02 16:02:22.001,18062,18062,18062,2,0
2024-02-02 16:02:22.001,18062,18062,18062,2,0
2024-02-02 16:02:22.001,18062,18062,18062,6,0
2024-02-02 16:02:22.001,18062,18062,18062,2,0
2024-02-02 16:02:22.001,18062,18062,18062,38,0
2024-02-02 16:02:22.001,18062,18062,18062,8,0
2024-02-02 16:02:22.001,18062,18062,18062,2,0
2024-02-02 16:02:22.001,18062,18062,18062,2,0
2024-02-02 16:02:22.001,18062,18062,18062,10,0
2024-02-02 16:02:22.001,18062,18062,18062,4,0
2024-02-02 16:02:22.001,18062,18062,18062,2,0
2024-02-02 16:02:22.001,18062,18062,18062,2,0
2024-02-02 16:02:22.001,18062,18062,18062,2,0
2024-02-02 16:02:22.001,18062,18062,18062,2,0
2024-02-02 16:02:22.001,18062,18062,18062,2,0
2024-02-02 16:02:22.001,18062,18062,18062,2,0
2024-02-02 16:02:22.001,18062,18062,18062,2,0
2024-02-02 16:02:22.001,18062,18062,18062,2,0
2024-02-02 16:02:22.001,18061,18061,18061,2,-2
2024-02-02 16:02:22.001,18061,18061,18061,2,0
2024-02-02 16:02:22.001,18061,18061,18061,4,0
2024-02-02 16:02:22.001,18061,18061,18061,2,0
2024-02-02 16:02:22.001,18061,18061,18061,2,0
2024-02-02 16:02:22.001,18061,18061,18061,4,0
2024-02-02 16:02:22.001,18061,18061,18061,4,0
2024-02-02 16:02:22.001,18061,18061,18061,8,0
2024-02-02 16:02:22.001,18061,18061,18061,2,0
2024-02-02 16:02:22.001,18061,18061,18061,6,0
2024-02-02 16:02:22.001,18061,18061,18061,2,0
2024-02-02 16:02:22.001,18061,18061,18061,2,0
2024-02-02 16:02:22.001,18061,18061,18061,2,0
2024-02-02 16:02:22.001,18061,18061,18061,2,0
2024-02-02 16:02:22.001,18061,18061,18061,2,0
2024-02-02 16:02:22.001,18061,18061,18061,20,0
2024-02-02 16:02:22.001,18061,18061,18061,2,0
2024-02-02 16:02:22.001,18061,18061,18061,2,0
2024-02-02 16:02:22.001,18061,18061,18061,4,0
2024-02-02 16:02:22.001,18061,18061,18061,2,0
2024-02-02 16:02:22.001,18061,18061,18061,2,0
2024-02-02 16:02:22.001,18061,18061,18061,2,0
2024-02-02 16:02:22.001,18061,18061,18061,2,0
2024-02-02 16:02:22.001,18061,18061,18061,2,0
2024-02-02 16:02:22.001,18061,18061,18061,2,0
2024-02-02 16:02:22.001,18061,18061,18061,2,0
2024-02-02 16:02:22.001,18061,18061,18061,2,0
2024-02-02 16:02:22.001,18061,18061,18061,2,0
2024-02-02 16:02:22.001,18061,18061,18061,2,0
2024-02-02 16:02:22.001,18061,18061,18061,2,0
2024-02-02 16:02:22.001,18060,18060,18060,10,-10
2024-02-02 16:02:22.001,18060,18060,18060,2,0
2024-02-02 16:02:22.001,18060,18060,18060,2,0
2024-02-02 16:02:22.001,18060,18060,18060,6,0
2024-02-02 16:02:22.001,18060,18060,18060,6,0
2024-02-02 16:02:22.001,18060,18060,18060,2,0
2024-02-02 16:02:22.001,18060,18060,18060,4,0
2024-02-02 16:02:22.001,18060,18060,18060,2,0
2024-02-02 16:02:22.001,18060,18060,18060,2,0
2024-02-02 16:02:22.001,18060,18060,18060,2,0
2024-02-02 16:02:22.001,18060,18060,18060,2,0
2024-02-02 16:02:22.001,18060,18060,18060,2,0
2024-02-02 16:02:22.001,18060,18060,18060,2,0
2024-02-02 16:02:22.001,18060,18060,18060,2,0
2024-02-02 16:02:22.001,18060,18060,18060,2,0
2024-02-02 16:02:22.001,18060,18060,18060,2,0
2024-02-02 16:02:22.001,18060,18060,18060,2,0
2024-02-02 16:02:22.001,18060,18060,18060,8,0
2024-02-02 16:02:22.001,18060,18060,18060,2,0
2024-02-02 16:02:22.001,18060,18060,18060,2,0
2024-02-02 16:02:22.001,18060,18060,18060,2,0
2024-02-02 16:02:22.001,18060,18060,18060,4,0
2024-02-02 16:02:22.001,18060,18060,18060,16,0
2024-02-02 16:02:22.001,18060,18060,18060,2,0
2024-02-02 16:02:22.001,18060,18060,18060,4,0
2024-02-02 16:02:22.001,18060,18060,18060,2,0
2024-02-02 16:02:22.001,18060,18060,18060,2,0
2024-02-02 16:02:22.001,18060,18060,18060,2,0
2024-02-02 16:02:22.001,18060,18060,18060,2,0
2024-02-02 16:02:22.001,18060,18060,18060,2,0
2024-02-02 16:02:22.001,18060,18060,18060,2,0
2024-02-02 16:02:22.001,18060,18060,18060,2,0
2024-02-02 16:02:22.001,18060,18060,18060,2,0
2024-02-02 16:02:22.001,18060,18060,18060,2,0
2024-02-02 16:02:22.001,18059,18059,18059,2,-2
2024-02-02 16:02:22.001,18059,18059,18059,2,0
2024-02-02 16:02:22.001,18059,18059,18059,2,0
2024-02-02 16:02:22.001,18059,18059,18059,2,0
2024-02-02 16:02:22.001,18059,18059,18059,2,0
2024-02-02 16:02:22.001,18059,18059,18059,2,0
2024-02-02 16:02:22.001,18059,18059,18059,2,0
2024-02-02 16:02:22.001,18059,18059,18059,2,0
2024-02-02 16:02:22.001,18059,18059,18059,2,0
2024-02-02 16:02:22.001,18059,18059,18059,2,0
2024-02-02 16:02:22.001,18059,18059,18059,2,0
2024-02-02 16:02:22.001,18059,18059,18059,2,0
2024-02-02 16:02:22.001,18059,18059,18059,2,0
2024-02-02 16:02:22.001,18059,18059,18059,2,0
2024-02-02 16:02:22.001,18059,18059,18059,2,0
2024-02-02 16:02:22.001,18059,18059,18059,2,0
2024-02-02 16:02:22.001,18059,18059,18059,2,0
2024-02-02 16:02:22.001,18058,18058,18058,2,-2
2024-02-02 16:02:22.001,18058,18058,18058,2,0
2024-02-02 16:02:22.001,18058,18058,18058,2,0
2024-02-02 16:02:22.001,18058,18058,18058,2,0
2024-02-02 16:02:22.001,18058,18058,18058,2,0
2024-02-02 16:02:22.001,18058,18058,18058,2,0
2024-02-02 16:02:22.001,18058,18058,18058,2,0
2024-02-02 16:02:22.001,18058,18058,18058,2,0
2024-02-02 16:02:22.001,18058,18058,18058,2,0
2024-02-02 16:02:22.001,18058,18058,18058,2,0
2024-02-02 16:02:22.001,18058,18058,18058,4,0
2024-02-02 16:02:22.001,18058,18058,18058,2,0
2024-02-02 16:02:22.001,18058,18058,18058,2,0
2024-02-02 16:02:22.001,18058,18058,18058,2,0
2024-02-02 16:02:22.001,18058,18058,18058,2,0
2024-02-02 16:02:22.001,18058,18058,18058,2,0
2024-02-02 16:02:22.001,18058,18058,18058,2,0
2024-02-02 16:02:22.001,18058,18058,18058,2,0
2024-02-02 16:02:22.001,18058,18058,18058,4,0
2024-02-02 16:02:22.001,18058,18058,18058,4,0
2024-02-02 16:02:22.001,18058,18058,18058,2,0
2024-02-02 16:02:22.001,18058,18058,18058,2,0
2024-02-02 16:02:22.001,18058,18058,18058,2,0
2024-02-02 16:02:22.001,18057,18057,18057,2,-2
2024-02-02 16:02:22.001,18057,18057,18057,2,0
2024-02-02 16:02:22.001,18057,18057,18057,2,0
2024-02-02 16:02:22.001,18057,18057,18057,2,0
2024-02-02 16:02:22.001,18057,18057,18057,2,0
2024-02-02 16:02:22.001,18057,18057,18057,2,0
2024-02-02 16:02:22.001,18057,18057,18057,2,0
2024-02-02 16:02:22.001,18057,18057,18057,2,0
2024-02-02 16:02:22.001,18057,18057,18057,2,0
2024-02-02 16:02:22.001,18057,18057,18057,2,0
2024-02-02 16:02:22.001,18057,18057,18057,2,0
2024-02-02 16:02:22.001,18057,18057,18057,2,0
2024-02-02 16:02:23.001,18057,18057,18057,2,0
2024-02-02 16:02:23.001,18057,18057,18057,2,0
2024-02-02 16:02:23.001,18057,18057,18057,2,0
2024-02-02 16:02:23.001,18057,18057,18057,2,0
2024-02-02 16:02:23.001,18057,18057,18057,2,0
2024-02-02 16:02:23.001,18057,18057,18057,2,0
2024-02-02 16:02:23.001,18057,18057,18057,4,0
2024-02-02 16:02:23.001,18056,18056,18056,2,-2
2024-02-02 16:02:23.001,18056,18056,18056,2,0
2024-02-02 16:02:23.001,18056,18056,18056,2,0
2024-02-02 16:02:23.001,18056,18056,18056,2,0
2024-02-02 16:02:23.001,18056,18056,18056,2,0
2024-02-02 16:02:23.001,18056,18056,18056,2,0
2024-02-02 16:02:23.001,18056,18056,18056,2,0
2024-02-02 16:02:23.001,18056,18056,18056,2,0
2024-02-02 16:02:23.001,18056,18056,18056,2,0
2024-02-02 16:02:23.001,18056,18056,18056,4,0
2024-02-02 16:02:23.001,18056,18056,18056,2,0
2024-02-02 16:02:23.001,18056,18056,18056,2,0
2024-02-02 16:02:23.001,18056,18056,18056,2,0
2024-02-02 16:02:23.001,18056,18056,18056,2,0
2024-02-02 16:02:23.001,18056,18056,18056,2,0
2024-02-02 16:02:23.001,18056,18056,18056,2,0
2024-02-02 16:02:23.001,18056,18056,18056,2,0
2024-02-02 16:02:23.001,18056,18056,18056,2,0
2024-02-02 16:02:23.001,18056,18056,18056,2,0
2024-02-02 16:02:23.001,18056,18056,18056,2,0
2024-02-02 16:02:23.001,18056,18056,18056,2,0
2024-02-02 16:02:23.001,18056,18056,18056,2,0
2024-02-02 16:02:23.001,18056,18056,18056,4,0
2024-02-02 16:02:23.001,18056,18056,18056,2,0
2024-02-02 16:02:23.001,18056,18056,18056,2,0
2024-02-02 16:02:23.001,18056,18056,18056,2,0
2024-02-02 16:02:23.001,18056,18056,18056,2,0
2024-02-02 16:02:23.001,18056,18056,18056,8,0
2024-02-02 16:02:23.001,18056,18056,18056,2,0
2024-02-02 16:02:23.001,18056,18056,18056,2,0
2024-02-02 16:02:23.001,18056,18056,18056,2,0
2024-02-02 16:02:23.001,18056,18056,18056,2,0
2024-02-02 16:02:23.001,18056,18056,18056,2,0
2024-02-02 16:02:23.001,18056,18056,18056,4,0
2024-02-02 16:02:23.001,18056,18056,18056,2,0
2024-02-02 16:02:23.001,18055,18055,18055,6,-6
2024-02-02 16:02:23.001,18056,18056,18056,2,2
2024-02-02 16:02:23.001,18056,18056,18056,2,0
2024-02-02 16:02:23.001,18056,18056,18056,2,0
2024-02-02 16:02:23.001,18057,18057,18057,4,4
2024-02-02 16:02:23.001,18056,18056,18056,2,-2
2024-02-02 16:02:23.001,18057,18057,18057,2,2
2024-02-02 16:02:23.001,18056,18056,18056,2,-2
2024-02-02 16:02:23.001,18056,18056,18056,4,0
2024-02-02 16:02:23.001,18056,18056,18056,4,0
2024-02-02 16:02:23.001,18056,18056,18056,2,0
2024-02-02 16:02:23.001,18056,18056,18056,2,0
2024-02-02 16:02:23.001,18056,18056,18056,2,0
2024-02-02 16:02:23.001,18056,18056,18056,2,0
2024-02-02 16:02:23.001,18056,18056,18056,2,0
2024-02-02 16:02:23.001,18056,18056,18056,2,0
2024-02-02 16:02:23.001,18056,18056,18056,2,0
2024-02-02 16:02:23.001,18056,18056,18056,2,0
2024-02-02 16:02:23.001,18056,18056,18056,2,0
2024-02-02 16:02:23.001,18056,18056,18056,2,0
2024-02-02 16:02:23.001,18055,18055,18055,2,-2
2024-02-02 16:02:23.001,18056,18056,18056,2,2
2024-02-02 16:02:23.001,18056,18056,18056,2,0
2024-02-02 16:02:23.001,18056,18056,18056,2,0
2024-02-02 16:02:23.001,18057,18057,18057,6,6
2024-02-02 16:02:23.001,18058,18058,18058,14,14
2024-02-02 16:02:23.001,18056,18056,18056,2,-2
2024-02-02 16:02:23.001,18057,18057,18057,2,2
2024-02-02 16:02:23.001,18056,18056,18056,2,-2
2024-02-02 16:02:23.001,18057,18057,18057,2,2
2024-02-02 16:02:23.001,18057,18057,18057,4,0
2024-02-02 16:02:23.001,18057,18057,18057,4,0
2024-02-02 16:02:23.001,18057,18057,18057,4,0
2024-02-02 16:02:23.001,18057,18057,18057,2,0
2024-02-02 16:02:23.001,18056,18056,18056,4,-4
2024-02-02 16:02:23.001,18058,18058,18058,2,2
2024-02-02 16:02:23.001,18059,18059,18059,2,2
2024-02-02 16:02:23.001,18058,18058,18058,2,-2
2024-02-02 16:02:24.001,18056,18056,18056,2,-2
2024-02-02 16:02:24.001,18056,18056,18056,2,0
2024-02-02 16:02:24.001,18056,18056,18056,2,0
2024-02-02 16:02:24.001,18056,18056,18056,2,0
2024-02-02 16:02:24.001,18056,18056,18056,2,0
2024-02-02 16:02:24.001,18056,18056,18056,2,0
2024-02-02 16:02:24.001,18056,18056,18056,2,0
2024-02-02 16:02:24.001,18056,18056,18056,4,0
2024-02-02 16:02:24.001,18056,18056,18056,4,0
2024-02-02 16:02:24.001,18056,18056,18056,2,0
2024-02-02 16:02:24.001,18056,18056,18056,2,0
2024-02-02 16:02:24.001,18056,18056,18056,2,0
2024-02-02 16:02:24.001,18056,18056,18056,2,0
2024-02-02 16:02:24.001,18056,18056,18056,2,0
2024-02-02 16:02:34.001,18057,18057,18057,4,4
2024-02-02 16:02:37.001,18057,18057,18057,2,0
2024-02-02 16:02:37.001,18057,18057,18057,2,0
2024-02-02 16:02:37.001,18057,18057,18057,2,0
2024-02-02 16:02:37.001,18057,18057,18057,2,0
2024-02-02 16:02:37.001,18057,18057,18057,2,0
2024-02-02 16:02:37.001,18057,18057,18057,2,0
2024-02-02 16:02:38.001,18059,18059,18059,6,6
2024-02-02 16:02:40.001,18058,18058,18058,2,-2
2024-02-02 16:02:40.001,18058,18058,18058,4,0
2024-02-02 16:02:40.001,18058,18058,18058,4,0
2024-02-02 16:02:40.001,18058,18058,18058,4,0
2024-02-02 16:02:40.001,18058,18058,18058,4,0
2024-02-02 16:02:40.001,18058,18058,18058,4,0
2024-02-02 16:02:40.001,18058,18058,18058,2,0
2024-02-02 16:02:40.001,18058,18058,18058,4,0
2024-02-02 16:02:40.001,18058,18058,18058,2,0
2024-02-02 16:02:40.001,18058,18058,18058,2,0
2024-02-02 16:02:41.001,18058,18058,18058,2,0
2024-02-02 16:02:42.001,18058,18058,18058,8,0
2024-02-02 16:02:44.001,18058,18058,18058,2,0
2024-02-02 16:02:44.001,18058,18058,18058,6,0
2024-02-02 16:02:44.001,18058,18058,18058,22,0
2024-02-02 16:02:44.001,18058,18058,18058,4,0
2024-02-02 16:02:54.001,18059,18059,18059,2,2
2024-02-02 16:02:55.001,18060,18060,18060,4,4
2024-02-02 16:02:59.001,18060,18060,18060,2,0
2024-02-02 16:02:59.001,18060,18060,18060,4,0
2024-02-02 16:02:59.001,18060,18060,18060,6,0
2024-02-02 16:02:59.001,18060,18060,18060,4,0
2024-02-02 16:02:59.001,18060,18060,18060,2,0
2024-02-02 16:03:03.001,18059,18059,18059,2,-2
2024-02-02 16:03:04.001,18060,18060,18060,2,2
2024-02-02 16:03:04.001,18060,18060,18060,2,0
2024-02-02 16:03:04.001,18060,18060,18060,2,0
2024-02-02 16:03:04.001,18060,18060,18060,4,0
2024-02-02 16:03:04.001,18059,18059,18059,2,-2
2024-02-02 16:03:04.001,18059,18059,18059,2,0
2024-02-02 16:03:04.001,18059,18059,18059,2,0
2024-02-02 16:03:04.001,18059,18059,18059,2,0
2024-02-02 16:03:04.001,18059,18059,18059,2,0
2024-02-02 16:03:04.001,18059,18059,18059,2,0
2024-02-02 16:03:04.001,18059,18059,18059,2,0
2024-02-02 16:03:05.001,18059,18059,18059,2,0
2024-02-02 16:03:05.001,18059,18059,18059,2,0
2024-02-02 16:03:05.001,18059,18059,18059,2,0
2024-02-02 16:03:05.001,18059,18059,18059,2,0
2024-02-02 16:03:05.001,18059,18059,18059,2,0
2024-02-02 16:03:05.001,18059,18059,18059,2,0
2024-02-02 16:03:05.001,18059,18059,18059,2,0
2024-02-02 16:03:05.001,18059,18059,18059,2,0
2024-02-02 16:03:06.001,18059,18059,18059,2,0
2024-02-02 16:03:06.001,18059,18059,18059,2,0
2024-02-02 16:03:06.001,18060,18060,18060,2,2
2024-02-02 16:03:07.001,18059,18059,18059,2,-2
2024-02-02 16:03:21.001,18060,18060,18060,32,32
2024-02-02 16:03:21.001,18061,18061,18061,2,2
2024-02-02 16:03:29.001,18061,18061,18061,4,0
2024-02-02 16:03:29.001,18061,18061,18061,4,0
2024-02-02 16:03:29.001,18061,18061,18061,4,0
2024-02-02 16:03:29.001,18061,18061,18061,4,0
2024-02-02 16:03:29.001,18061,18061,18061,4,0
2024-02-02 16:03:29.001,18061,18061,18061,2,0
2024-02-02 16:03:29.001,18061,18061,18061,2,0
2024-02-02 16:03:29.001,18061,18061,18061,2,0
2024-02-02 16:03:29.001,18061,18061,18061,2,0
2024-02-02 16:03:34.001,18061,18061,18061,2,0
2024-02-02 16:03:34.001,18060,18060,18060,2,-2
2024-02-02 16:03:34.001,18060,18060,18060,2,0
2024-02-02 16:03:41.001,18060,18060,18060,6,0
2024-02-02 16:03:45.001,18060,18060,18060,12,0
2024-02-02 16:03:45.001,18060,18060,18060,6,0
2024-02-02 16:03:45.001,18060,18060,18060,12,0
2024-02-02 16:03:45.001,18060,18060,18060,4,0
2024-02-02 16:03:45.001,18060,18060,18060,18,0
2024-02-02 16:03:45.001,18060,18060,18060,2,0
2024-02-02 16:03:45.001,18060,18060,18060,4,0
2024-02-02 16:03:45.001,18060,18060,18060,12,0
2024-02-02 16:03:45.001,18060,18060,18060,4,0
2024-02-02 16:03:45.001,18060,18060,18060,4,0
2024-02-02 16:03:45.001,18060,18060,18060,2,0
2024-02-02 16:03:45.001,18060,18060,18060,8,0
2024-02-02 16:03:45.001,18060,18060,18060,6,0
2024-02-02 16:03:45.001,18060,18060,18060,4,0
2024-02-02 16:03:50.001,18060,18060,18060,2,0
2024-02-02 16:03:50.001,18060,18060,18060,2,0
2024-02-02 16:03:50.001,18060,18060,18060,2,0
2024-02-02 16:03:51.001,18060,18060,18060,2,0
2024-02-02 16:03:53.001,18061,18061,18061,4,4
2024-02-02 16:03:54.001,18060,18060,18060,2,-2
2024-02-02 16:03:54.001,18060,18060,18060,2,0
2024-02-02 16:03:55.001,18062,18062,18062,4,4
2024-02-02 16:03:59.001,18062,18062,18062,2,0
2024-02-02 16:04:00.001,18061,18061,18061,2,-2
2024-02-02 16:04:01.001,18060,18060,18060,2,-2
2024-02-02 16:04:04.001,18060,18060,18060,2,0
2024-02-02 16:04:05.001,18060,18060,18060,2,0
2024-02-02 16:04:06.001,18060,18060,18060,2,0
