2021-05-31 15:00:00.071,17026,17028,17029,103,103
2021-05-31 15:00:00.185,17026,17029,17029,2,2
2021-05-31 15:00:00.219,17026,17029,17029,2,2
2021-05-31 15:00:00.249,17026,17029,17026,2,-2
2021-05-31 15:00:00.259,17026,17029,17029,2,2
2021-05-31 15:00:00.314,17026,17029,17029,3,3
2021-05-31 15:00:00.314,17026,17029,17030,7,7
2021-05-31 15:00:00.315,17026,17029,17030,1,1
2021-05-31 15:00:00.315,17026,17029,17031,7,7
2021-05-31 15:00:00.329,17026,17029,17031,6,6
2021-05-31 15:00:00.345,17026,17029,17031,1,1
2021-05-31 15:00:00.387,17026,17031,17031,2,2
2021-05-31 15:00:00.444,17026,17031,17031,4,4
2021-05-31 15:00:00.448,17026,17031,17032,3,3
2021-05-31 15:00:00.485,17026,17032,17032,2,2
2021-05-31 15:00:00.506,17026,17032,17032,1,1
2021-05-31 15:00:00.544,17026,17032,17033,2,2
2021-05-31 15:00:00.579,17026,17032,17033,2,2
2021-05-31 15:00:00.649,17026,17033,17028,1,-1
2021-05-31 15:00:00.662,17026,17033,17030,1,1
2021-05-31 15:00:00.662,17026,17033,17031,1,1
2021-05-31 15:00:00.662,17026,17033,17032,1,1
2021-05-31 15:00:00.679,17026,17033,17029,1,-1
2021-05-31 15:00:00.869,17031,17033,17031,1,1
2021-05-31 15:00:00.885,17031,17033,17029,1,-1
2021-05-31 15:00:00.979,17031,17033,17029,1,-1
2021-05-31 15:00:01.006,17028,17031,17030,1,1
2021-05-31 15:00:01.205,17028,17030,17030,1,1
2021-05-31 15:00:01.237,17028,17030,17030,1,1
2021-05-31 15:00:01.237,17028,17030,17031,1,1
2021-05-31 15:00:01.237,17028,17030,17032,2,2
2021-05-31 15:00:01.267,17028,17030,17031,1,1
2021-05-31 15:00:01.353,17028,17030,17032,2,2
2021-05-31 15:00:01.664,17030,17032,17031,1,-1
2021-05-31 15:00:01.687,17030,17032,17031,1,-1
2021-05-31 15:00:01.687,17030,17032,17032,2,2
2021-05-31 15:00:01.687,17030,17032,17033,3,3
2021-05-31 15:00:01.730,17031,17033,17033,4,4
2021-05-31 15:00:01.827,17031,17033,17033,6,6
2021-05-31 15:00:01.908,17032,17033,17033,2,2
2021-05-31 15:00:01.908,17032,17033,17033,1,1
2021-05-31 15:00:02.060,17032,17034,17034,1,1
2021-05-31 15:00:02.109,17032,17034,17032,1,-1
2021-05-31 15:00:02.519,17031,17033,17033,1,1
2021-05-31 15:00:02.519,17031,17033,17034,3,3
2021-05-31 15:00:02.748,17031,17034,17034,1,1
2021-05-31 15:00:02.950,17032,17034,17034,2,2
2021-05-31 15:00:02.950,17032,17034,17035,1,1
2021-05-31 15:00:03.710,17033,17034,17033,1,-1
2021-05-31 15:00:03.710,17033,17034,17033,10,-10
2021-05-31 15:00:03.717,17033,17034,17032,1,-1
2021-05-31 15:00:03.955,17031,17033,17033,10,10
2021-05-31 15:00:04.013,17031,17033,17034,1,1
2021-05-31 15:00:04.189,17031,17034,17031,1,-1
2021-05-31 15:00:04.230,17032,17034,17032,1,1
2021-05-31 15:00:04.230,17032,17034,17031,1,-1
2021-05-31 15:00:05.189,17031,17032,17030,1,-1
2021-05-31 15:00:05.189,17031,17032,17029,1,-1
2021-05-31 15:00:05.424,17031,17032,17031,2,2
2021-05-31 15:00:05.424,17031,17032,17031,1,-1
2021-05-31 15:00:05.696,17030,17032,17032,1,1
2021-05-31 15:00:06.372,17030,17032,17030,1,-1
2021-05-31 15:00:06.623,17030,17032,17031,1,1
2021-05-31 15:00:06.894,17031,17032,17031,1,-1
2021-05-31 15:00:07.569,17030,17032,17030,3,-3
2021-05-31 15:00:07.854,17030,17032,17031,1,1
2021-05-31 15:00:08.299,17031,17032,17032,1,1
2021-05-31 15:00:08.605,17031,17032,17032,1,1
2021-05-31 15:00:08.606,17031,17032,17032,1,1
2021-05-31 15:00:08.606,17031,17032,17032,2,2
2021-05-31 15:00:09.431,17032,17033,17033,1,1
2021-05-31 15:00:09.936,17032,17035,17032,1,-1
2021-05-31 15:00:10.062,17032,17035,17035,1,1
2021-05-31 15:00:10.730,17033,17034,17033,1,-1
2021-05-31 15:00:10.855,17032,17034,17032,2,-2
2021-05-31 15:00:10.980,17031,17032,17031,13,-13
2021-05-31 15:00:11.105,17030,17031,17030,2,-2
2021-05-31 15:00:11.106,17030,17031,17030,1,-1
2021-05-31 15:00:11.106,17030,17031,17030,1,-1
2021-05-31 15:00:14.290,17030,17032,17030,5,-5
2021-05-31 15:00:14.290,17030,17032,17030,1,-1
2021-05-31 15:00:14.357,17030,17031,17030,1,-1
2021-05-31 15:00:15.151,17029,17030,17029,1,-1
2021-05-31 15:00:15.152,17029,17030,17028,1,-1
2021-05-31 15:00:15.515,17028,17029,17029,1,1
2021-05-31 15:00:15.516,17028,17029,17028,4,-4
2021-05-31 15:00:15.761,17026,17029,17029,1,1
2021-05-31 15:00:16.105,17026,17027,17027,2,2
2021-05-31 15:00:16.490,17027,17029,17029,1,1
2021-05-31 15:00:16.856,17027,17029,17027,1,-1
2021-05-31 15:00:17.461,17028,17029,17028,1,1
2021-05-31 15:00:18.116,17028,17029,17029,1,1
2021-05-31 15:00:18.210,17028,17029,17030,3,3
2021-05-31 15:00:18.210,17028,17029,17030,1,1
2021-05-31 15:00:18.230,17029,17030,17030,1,1
2021-05-31 15:00:18.875,17030,17031,17030,1,-1
2021-05-31 15:00:19.193,17030,17032,17030,1,-1
2021-05-31 15:00:19.412,17030,17031,17031,1,1
2021-05-31 15:00:19.530,17031,17032,17031,1,-1
2021-05-31 15:00:19.754,17030,17032,17030,1,-1
2021-05-31 15:00:19.943,17030,17032,17031,1,1
2021-05-31 15:00:21.601,17030,17031,17030,8,-8
2021-05-31 15:00:21.839,17028,17031,17028,2,-2
2021-05-31 15:00:21.843,17028,17031,17028,2,-2
2021-05-31 15:00:22.116,17028,17030,17030,1,1
2021-05-31 15:00:22.585,17028,17030,17028,1,-1
2021-05-31 15:00:23.936,17028,17029,17029,2,2
2021-05-31 15:00:25.370,17029,17030,17030,3,3
2021-05-31 15:00:28.910,17030,17031,17030,1,-1
2021-05-31 15:00:29.673,17030,17031,17030,1,-1
2021-05-31 15:00:30.105,17030,17031,17030,2,-2
2021-05-31 15:00:30.272,17030,17031,17031,1,1
2021-05-31 15:00:31.376,17030,17031,17031,2,2
2021-05-31 15:00:31.378,17030,17031,17031,3,3
2021-05-31 15:00:31.917,17031,17032,17032,1,1
2021-05-31 15:00:32.425,17031,17032,17032,1,1
2021-05-31 15:00:34.868,17031,17032,17032,1,1
2021-05-31 15:00:35.759,17031,17032,17031,1,-1
2021-05-31 15:00:36.245,17031,17032,17031,1,-1
2021-05-31 15:00:37.338,17031,17032,17032,6,6
2021-05-31 15:00:38.989,17032,17033,17033,8,8
2021-05-31 15:00:38.990,17032,17033,17033,1,1
2021-05-31 15:00:38.991,17032,17033,17033,1,1
2021-05-31 15:00:38.991,17032,17033,17033,9,9
2021-05-31 15:00:38.991,17032,17033,17033,1,1
2021-05-31 15:00:38.991,17032,17033,17033,1,1
2021-05-31 15:00:38.991,17032,17033,17033,1,1
2021-05-31 15:00:39.105,17032,17033,17033,15,15
2021-05-31 15:00:39.106,17032,17033,17033,11,11
2021-05-31 15:00:39.465,17033,17034,17033,1,-1
2021-05-31 15:00:40.241,17032,17033,17032,1,-1
2021-05-31 15:00:41.224,17032,17033,17033,1,1
2021-05-31 15:00:41.224,17032,17033,17034,4,4
2021-05-31 15:00:41.878,17033,17035,17035,1,1
2021-05-31 15:00:42.855,17033,17035,17033,3,-3
2021-05-31 15:00:43.405,17033,17035,17035,2,2
2021-05-31 15:00:43.491,17034,17035,17034,1,-1
2021-05-31 15:00:44.007,17033,17035,17034,1,-1
2021-05-31 15:00:44.537,17033,17035,17035,1,1
2021-05-31 15:00:45.185,17033,17034,17034,1,1
2021-05-31 15:00:45.290,17033,17034,17034,1,1
2021-05-31 15:00:45.290,17033,17034,17035,6,6
2021-05-31 15:00:45.993,17034,17036,17036,1,1
2021-05-31 15:00:46.150,17034,17036,17036,1,1
2021-05-31 15:00:47.385,17035,17036,17035,1,-1
2021-05-31 15:00:47.386,17035,17036,17035,1,-1
2021-05-31 15:00:47.657,17035,17036,17035,1,-1
2021-05-31 15:00:48.658,17034,17035,17035,1,1
2021-05-31 15:00:49.143,17034,17035,17034,1,-1
2021-05-31 15:00:49.144,17034,17035,17034,2,-2
2021-05-31 15:00:49.144,17034,17035,17034,1,-1
2021-05-31 15:00:49.230,17033,17035,17033,1,-1
2021-05-31 15:00:49.730,17032,17033,17032,8,-8
2021-05-31 15:00:49.771,17032,17033,17032,1,-1
2021-05-31 15:00:49.771,17032,17033,17033,2,2
2021-05-31 15:00:49.771,17032,17033,17034,2,2
2021-05-31 15:00:50.005,17031,17034,17031,4,-4
2021-05-31 15:00:50.105,17031,17033,17031,1,-1
2021-05-31 15:00:50.150,17031,17033,17033,1,1
2021-05-31 15:00:50.676,17031,17034,17034,1,1
2021-05-31 15:00:51.101,17032,17034,17033,1,-1
2021-05-31 15:00:51.321,17032,17035,17035,2,2
2021-05-31 15:00:53.105,17032,17034,17032,1,-1
2021-05-31 15:00:53.334,17032,17034,17034,1,1
2021-05-31 15:00:53.963,17032,17033,17033,1,1
2021-05-31 15:00:53.963,17032,17033,17034,1,1
2021-05-31 15:00:54.015,17032,17035,17032,1,-1
2021-05-31 15:00:57.021,17032,17033,17033,1,1
2021-05-31 15:00:57.326,17033,17034,17033,1,-1
2021-05-31 15:00:57.882,17033,17034,17034,1,1
2021-05-31 15:00:58.011,17033,17034,17033,1,-1
2021-05-31 15:00:59.856,17033,17034,17034,6,6
2021-05-31 15:00:59.856,17033,17034,17035,3,3
2021-05-31 15:01:00.031,17033,17035,17035,2,2
2021-05-31 15:01:00.033,17033,17035,17035,2,2
2021-05-31 15:01:00.034,17033,17035,17035,1,1
2021-05-31 15:01:00.035,17033,17035,17035,1,1
2021-05-31 15:01:00.035,17033,17035,17035,2,2
2021-05-31 15:01:00.035,17033,17035,17035,5,5
2021-05-31 15:01:00.035,17033,17035,17035,3,3
2021-05-31 15:01:00.035,17033,17035,17035,3,3
2021-05-31 15:01:00.035,17033,17035,17035,1,1
2021-05-31 15:01:00.035,17033,17035,17035,21,21
2021-05-31 15:01:00.036,17033,17035,17035,2,2
2021-05-31 15:01:00.036,17033,17035,17035,1,1
2021-05-31 15:01:00.038,17033,17035,17035,1,1
2021-05-31 15:01:00.041,17033,17035,17035,3,3
2021-05-31 15:01:00.049,17033,17035,17035,4,4
2021-05-31 15:01:00.049,17033,17035,17034,1,-1
2021-05-31 15:01:00.065,17033,17035,17036,1,1
2021-05-31 15:01:00.066,17033,17035,17036,1,1
2021-05-31 15:01:00.106,17033,17035,17035,3,3
2021-05-31 15:01:00.110,17033,17035,17036,1,1
2021-05-31 15:01:00.117,17033,17035,17036,1,1
2021-05-31 15:01:00.153,17033,17035,17034,1,-1
2021-05-31 15:01:00.171,17033,17035,17036,1,1
2021-05-31 15:01:00.181,17033,17035,17036,1,1
2021-05-31 15:01:00.256,17034,17036,17036,1,1
2021-05-31 15:01:00.261,17034,17036,17036,1,1
2021-05-31 15:01:00.332,17034,17036,17036,1,1
2021-05-31 15:01:00.356,17034,17035,17034,3,-3
2021-05-31 15:01:00.361,17034,17035,17034,1,-1
2021-05-31 15:01:00.392,17034,17035,17036,2,2
2021-05-31 15:01:00.398,17034,17035,17036,1,1
2021-05-31 15:01:00.422,17034,17035,17036,1,1
2021-05-31 15:01:00.435,17034,17035,17036,1,1
2021-05-31 15:01:01.183,17034,17036,17034,1,-1
2021-05-31 15:01:01.232,17034,17036,17036,1,1
2021-05-31 15:01:01.232,17034,17036,17036,1,1
2021-05-31 15:01:01.235,17034,17036,17036,1,1
2021-05-31 15:01:01.235,17034,17036,17036,1,1
2021-05-31 15:01:01.900,17035,17037,17035,1,-1
2021-05-31 15:01:02.648,17035,17036,17035,1,-1
2021-05-31 15:01:04.629,17034,17035,17035,2,2
2021-05-31 15:01:04.663,17034,17035,17035,1,1
2021-05-31 15:01:05.042,17034,17035,17035,1,1
2021-05-31 15:01:05.704,17034,17036,17036,1,1
2021-05-31 15:01:06.128,17034,17036,17036,1,1
2021-05-31 15:01:08.337,17035,17036,17036,2,2
2021-05-31 15:01:08.339,17035,17036,17036,1,1
2021-05-31 15:01:08.357,17035,17037,17037,2,2
2021-05-31 15:01:08.357,17035,17037,17037,1,1
2021-05-31 15:01:08.357,17035,17037,17037,1,1
2021-05-31 15:01:08.357,17035,17037,17037,1,1
2021-05-31 15:01:08.357,17035,17037,17037,1,1
2021-05-31 15:01:08.358,17035,17037,17037,1,1
2021-05-31 15:01:08.359,17035,17037,17037,1,1
2021-05-31 15:01:08.361,17035,17037,17037,1,1
2021-05-31 15:01:08.398,17035,17037,17036,1,-1
2021-05-31 15:01:08.543,17035,17037,17035,1,-1
2021-05-31 15:01:08.646,17036,17037,17036,1,1
2021-05-31 15:01:09.033,17035,17036,17035,1,-1
2021-05-31 15:01:09.105,17034,17035,17034,2,-2
2021-05-31 15:01:09.353,17033,17034,17033,1,-1
2021-05-31 15:01:10.438,17033,17034,17034,3,3
2021-05-31 15:01:10.438,17033,17034,17035,1,1
2021-05-31 15:01:10.864,17033,17034,17034,1,1
2021-05-31 15:01:12.603,17033,17034,17034,1,1
2021-05-31 15:01:12.769,17033,17035,17033,2,-2
2021-05-31 15:01:12.914,17032,17033,17033,1,1
2021-05-31 15:01:13.573,17032,17034,17034,1,1
2021-05-31 15:01:14.746,17032,17034,17034,1,1
2021-05-31 15:01:15.692,17032,17034,17032,1,-1
2021-05-31 15:01:15.970,17032,17034,17033,1,1
2021-05-31 15:01:15.980,17032,17034,17032,4,-4
2021-05-31 15:01:16.241,17031,17033,17031,1,-1
2021-05-31 15:01:17.182,17031,17032,17032,1,1
2021-05-31 15:01:17.232,17031,17034,17034,1,1
2021-05-31 15:01:17.232,17031,17034,17034,1,1
2021-05-31 15:01:17.232,17031,17034,17034,1,1
2021-05-31 15:01:17.232,17031,17034,17034,1,1
2021-05-31 15:01:17.232,17031,17034,17034,1,1
2021-05-31 15:01:17.232,17031,17034,17034,1,1
2021-05-31 15:01:17.232,17031,17034,17034,1,1
2021-05-31 15:01:17.233,17031,17034,17034,1,1
2021-05-31 15:01:17.233,17031,17034,17035,1,1
2021-05-31 15:01:17.234,17031,17034,17035,1,1
2021-05-31 15:01:17.234,17031,17034,17035,1,1
2021-05-31 15:01:17.234,17031,17034,17035,1,1
2021-05-31 15:01:17.234,17031,17034,17035,1,1
2021-05-31 15:01:17.234,17031,17034,17035,1,1
2021-05-31 15:01:17.234,17031,17034,17035,1,1
2021-05-31 15:01:17.235,17031,17034,17035,1,1
2021-05-31 15:01:17.235,17031,17034,17035,1,1
2021-05-31 15:01:18.859,17033,17034,17034,1,1
2021-05-31 15:01:21.263,17032,17034,17034,1,1
2021-05-31 15:01:24.957,17033,17034,17033,3,-3
2021-05-31 15:01:26.430,17032,17033,17033,1,1
2021-05-31 15:01:28.994,17033,17034,17033,2,-2
2021-05-31 15:01:29.107,17032,17034,17034,1,1
2021-05-31 15:01:29.107,17032,17034,17034,1,1
2021-05-31 15:01:29.107,17032,17034,17034,1,1
2021-05-31 15:01:29.107,17032,17034,17034,1,1
2021-05-31 15:01:29.107,17032,17034,17034,1,1
2021-05-31 15:01:29.108,17032,17034,17035,1,1
2021-05-31 15:01:29.108,17032,17034,17035,1,1
2021-05-31 15:01:29.109,17032,17034,17035,1,1
2021-05-31 15:01:29.109,17032,17034,17035,1,1
2021-05-31 15:01:29.111,17032,17034,17035,1,1
2021-05-31 15:01:29.291,17033,17035,17033,1,-1
2021-05-31 15:01:30.183,17033,17035,17035,1,1
2021-05-31 15:01:30.183,17033,17035,17035,2,2
2021-05-31 15:01:30.196,17033,17035,17035,38,38
2021-05-31 15:01:30.196,17033,17035,17035,6,6
2021-05-31 15:01:30.196,17033,17035,17035,1,1
2021-05-31 15:01:30.196,17033,17035,17036,1,1
2021-05-31 15:01:30.196,17033,17035,17036,1,1
2021-05-31 15:01:30.199,17033,17035,17036,1,1
2021-05-31 15:01:30.200,17033,17035,17036,1,1
2021-05-31 15:01:30.277,17036,17037,17037,1,1
2021-05-31 15:01:30.653,17035,17037,17035,1,-1
2021-05-31 15:01:31.182,17035,17036,17035,1,-1
2021-05-31 15:01:31.374,17034,17035,17034,1,-1
2021-05-31 15:01:31.847,17034,17035,17034,1,-1
2021-05-31 15:01:32.259,17034,17035,17034,1,-1
2021-05-31 15:01:32.847,17033,17034,17033,1,-1
2021-05-31 15:01:34.054,17033,17034,17034,1,1
2021-05-31 15:01:38.537,17034,17035,17035,1,1
2021-05-31 15:01:38.548,17034,17035,17035,1,1
2021-05-31 15:01:41.992,17034,17035,17035,1,1
2021-05-31 15:01:42.042,17034,17035,17034,1,-1
2021-05-31 15:01:42.107,17033,17035,17035,1,1
2021-05-31 15:01:42.107,17033,17035,17035,1,1
2021-05-31 15:01:42.107,17033,17035,17035,1,1
2021-05-31 15:01:42.107,17033,17035,17036,1,1
2021-05-31 15:01:42.107,17033,17035,17036,1,1
2021-05-31 15:01:42.107,17033,17035,17036,1,1
2021-05-31 15:01:42.108,17033,17035,17036,1,1
2021-05-31 15:01:42.339,17034,17035,17034,1,-1
2021-05-31 15:01:44.730,17034,17035,17034,1,-1
2021-05-31 15:01:46.355,17034,17035,17034,1,-1
2021-05-31 15:01:46.855,17034,17035,17034,1,-1
2021-05-31 15:01:48.756,17034,17035,17035,1,1
2021-05-31 15:01:48.859,17034,17035,17035,1,1
2021-05-31 15:01:48.946,17034,17035,17034,1,-1
2021-05-31 15:01:51.182,17034,17035,17034,1,-1
2021-05-31 15:01:52.547,17033,17034,17033,1,-1
2021-05-31 15:01:53.482,17033,17034,17034,1,1
2021-05-31 15:01:57.892,17033,17034,17034,1,1
2021-05-31 15:01:59.912,17033,17034,17033,1,-1
2021-05-31 15:02:00.060,17033,17034,17033,1,-1
2021-05-31 15:02:00.121,17033,17034,17034,2,2
2021-05-31 15:02:00.134,17033,17034,17034,2,2
2021-05-31 15:02:00.134,17033,17034,17034,1,1
2021-05-31 15:02:00.673,17033,17034,17034,1,1
2021-05-31 15:02:00.673,17033,17034,17034,1,1
2021-05-31 15:02:03.178,17033,17034,17033,1,-1
2021-05-31 15:02:04.348,17033,17034,17034,1,1
2021-05-31 15:02:05.421,17033,17035,17033,1,-1
2021-05-31 15:02:05.421,17033,17035,17033,1,-1
2021-05-31 15:02:05.421,17033,17035,17033,1,-1
2021-05-31 15:02:05.421,17033,17035,17033,2,-2
2021-05-31 15:02:05.421,17033,17035,17033,17,-17
2021-05-31 15:02:05.480,17032,17033,17032,1,-1
2021-05-31 15:02:05.480,17032,17033,17032,1,-1
2021-05-31 15:02:05.481,17032,17033,17032,1,-1
2021-05-31 15:02:05.481,17032,17033,17032,1,-1
2021-05-31 15:02:05.481,17032,17033,17032,1,-1
2021-05-31 15:02:05.481,17032,17033,17032,1,-1
2021-05-31 15:02:05.638,17031,17033,17031,1,-1
2021-05-31 15:02:06.797,17031,17033,17033,1,1
2021-05-31 15:02:07.335,17031,17033,17033,1,1
2021-05-31 15:02:09.635,17031,17032,17031,2,-2
2021-05-31 15:02:09.711,17031,17032,17031,1,-1
2021-05-31 15:02:09.712,17031,17032,17031,2,-2
2021-05-31 15:02:09.712,17031,17032,17031,1,-1
2021-05-31 15:02:09.741,17030,17032,17030,1,-1
2021-05-31 15:02:09.937,17030,17032,17030,1,-1
2021-05-31 15:02:09.938,17030,17032,17030,2,-2
2021-05-31 15:02:10.596,17029,17031,17030,1,-1
2021-05-31 15:02:12.560,17030,17031,17031,1,1
2021-05-31 15:02:12.690,17030,17032,17030,1,-1
2021-05-31 15:02:16.694,17030,17032,17030,1,-1
2021-05-31 15:02:18.722,17031,17032,17032,1,1
2021-05-31 15:02:20.753,17031,17032,17031,1,-1
2021-05-31 15:02:23.563,17031,17032,17032,1,1
2021-05-31 15:02:27.427,17031,17033,17032,1,-1
2021-05-31 15:02:27.501,17032,17033,17032,1,-1
2021-05-31 15:02:28.108,17031,17033,17031,1,-1
2021-05-31 15:02:31.303,17031,17033,17032,1,1
2021-05-31 15:02:31.992,17031,17032,17032,1,1
2021-05-31 15:02:33.604,17031,17032,17031,1,-1
2021-05-31 15:02:37.142,17031,17032,17031,1,-1
2021-05-31 15:02:37.163,17031,17032,17031,1,-1
2021-05-31 15:02:37.164,17031,17032,17031,1,-1
2021-05-31 15:02:37.727,17031,17032,17031,2,-2
2021-05-31 15:02:37.865,17030,17031,17031,2,2
2021-05-31 15:02:38.664,17030,17032,17031,2,-2
2021-05-31 15:02:46.394,17030,17032,17032,1,1
2021-05-31 15:02:46.838,17030,17032,17032,1,1
2021-05-31 15:02:50.520,17030,17031,17030,7,-7
2021-05-31 15:02:50.708,17029,17030,17030,1,1
2021-05-31 15:02:50.744,17029,17030,17029,1,-1
2021-05-31 15:02:50.962,17029,17030,17030,1,1
2021-05-31 15:02:51.012,17029,17030,17030,1,1
2021-05-31 15:02:51.473,17030,17031,17031,1,1
2021-05-31 15:02:56.234,17030,17031,17030,1,-1
2021-05-31 15:02:58.363,17030,17031,17030,2,-2
2021-05-31 15:02:58.363,17030,17031,17030,2,-2
2021-05-31 15:02:58.379,17030,17031,17029,1,-1
2021-05-31 15:02:59.899,17030,17031,17030,1,1
2021-05-31 15:03:00.298,17029,17031,17031,2,2
2021-05-31 15:03:00.579,17029,17031,17030,1,-1
2021-05-31 15:03:01.089,17030,17031,17030,4,-4
2021-05-31 15:03:01.089,17030,17031,17029,2,-2
2021-05-31 15:03:01.091,17030,17031,17029,5,-5
2021-05-31 15:03:01.091,17030,17031,17028,1,-1
2021-05-31 15:03:01.108,17028,17030,17030,1,1
2021-05-31 15:03:01.289,17028,17030,17028,1,-1
2021-05-31 15:03:01.448,17028,17030,17030,1,1
2021-05-31 15:03:01.612,17028,17030,17030,1,1
2021-05-31 15:03:02.729,17028,17030,17028,1,-1
2021-05-31 15:03:02.729,17028,17030,17028,1,-1
2021-05-31 15:03:02.957,17028,17030,17028,1,-1
2021-05-31 15:03:03.600,17028,17030,17030,1,1
2021-05-31 15:03:05.903,17029,17030,17029,1,-1
2021-05-31 15:03:07.980,17028,17029,17028,1,-1
2021-05-31 15:03:11.018,17028,17029,17028,2,-2
2021-05-31 15:03:11.049,17028,17029,17028,1,-1
2021-05-31 15:03:11.049,17028,17029,17029,1,1
2021-05-31 15:03:11.411,17027,17028,17027,1,-1
2021-05-31 15:03:11.411,17027,17028,17027,1,-1
2021-05-31 15:03:11.411,17027,17028,17027,4,-4
2021-05-31 15:03:11.427,17027,17028,17028,1,1
2021-05-31 15:03:12.882,17027,17028,17027,1,-1
2021-05-31 15:03:13.339,17027,17028,17028,1,1
2021-05-31 15:03:14.226,17027,17028,17027,3,-3
2021-05-31 15:03:14.226,17027,17028,17027,6,-6
2021-05-31 15:03:15.461,17026,17027,17026,1,-1
2021-05-31 15:03:24.211,17026,17027,17026,1,-1
2021-05-31 15:03:25.425,17026,17027,17026,1,-1
2021-05-31 15:03:26.248,17026,17027,17026,1,-1
2021-05-31 15:03:27.418,17026,17027,17026,2,-2
2021-05-31 15:03:27.418,17026,17027,17026,1,-1
2021-05-31 15:03:27.482,17025,17027,17027,1,1
2021-05-31 15:03:29.258,17026,17027,17027,1,1
2021-05-31 15:03:31.707,17026,17027,17027,4,4
2021-05-31 15:03:33.296,17027,17028,17028,2,2
2021-05-31 15:03:34.754,17028,17029,17029,2,2
2021-05-31 15:03:34.870,17028,17030,17030,1,1
2021-05-31 15:03:40.984,17028,17030,17028,4,-4
2021-05-31 15:03:40.984,17028,17030,17027,2,-2
2021-05-31 15:03:42.163,17027,17029,17029,1,1
2021-05-31 15:03:42.460,17027,17029,17028,1,-1
2021-05-31 15:03:47.632,17027,17029,17029,1,1
2021-05-31 15:03:56.099,17028,17029,17029,1,1
2021-05-31 15:04:02.485,17029,17030,17030,1,1
2021-05-31 15:04:02.485,17029,17030,17030,1,1
2021-05-31 15:04:02.485,17029,17030,17030,1,1
2021-05-31 15:04:02.485,17029,17030,17030,1,1
2021-05-31 15:04:02.485,17029,17030,17030,3,3
2021-05-31 15:04:02.485,17029,17030,17030,6,6
2021-05-31 15:04:02.488,17029,17030,17031,2,2
2021-05-31 15:04:02.837,17030,17032,17032,2,2
2021-05-31 15:04:05.235,17030,17031,17031,1,1
2021-05-31 15:04:05.391,17030,17032,17032,1,1
2021-05-31 15:04:05.717,17030,17032,17032,5,5
2021-05-31 15:04:07.333,17031,17032,17031,2,-2
2021-05-31 15:04:07.335,17031,17032,17031,1,-1
2021-05-31 15:04:09.311,17030,17032,17032,1,1
2021-05-31 15:04:10.523,17030,17032,17032,1,1
2021-05-31 15:04:10.840,17030,17032,17032,1,1
2021-05-31 15:04:11.026,17030,17032,17032,1,1
2021-05-31 15:04:12.177,17031,17032,17032,1,1
2021-05-31 15:04:13.208,17031,17032,17031,1,-1
2021-05-31 15:04:13.969,17031,17032,17032,1,1
2021-05-31 15:04:14.309,17031,17032,17032,1,1
2021-05-31 15:04:15.573,17032,17033,17032,1,-1
2021-05-31 15:04:17.480,17032,17033,17033,15,15
2021-05-31 15:04:18.881,17032,17034,17032,2,-2
2021-05-31 15:04:18.881,17032,17034,17032,1,-1
2021-05-31 15:04:20.355,17032,17033,17033,1,1
2021-05-31 15:04:21.876,17032,17034,17034,1,1
2021-05-31 15:04:26.401,17032,17034,17034,1,1
2021-05-31 15:04:26.591,17032,17034,17034,1,1
2021-05-31 15:04:26.620,17032,17034,17034,1,1
2021-05-31 15:04:26.869,17032,17034,17032,1,-1
2021-05-31 15:04:29.196,17032,17034,17034,1,1
2021-05-31 15:04:31.659,17033,17034,17033,1,-1
2021-05-31 15:04:32.222,17032,17034,17034,1,1
2021-05-31 15:04:44.651,17033,17034,17033,1,-1
2021-05-31 15:04:45.105,17032,17033,17033,1,1
2021-05-31 15:04:46.230,17032,17033,17033,1,1
2021-05-31 15:04:57.053,17033,17034,17033,6,-6
2021-05-31 15:04:57.216,17032,17033,17032,1,-1
2021-05-31 15:04:57.370,17032,17033,17033,1,1
2021-05-31 15:05:01.381,17032,17033,17032,1,-1
2021-05-31 15:05:01.902,17030,17033,17033,6,6
2021-05-31 15:05:01.902,17030,17033,17034,1,1
2021-05-31 15:05:01.926,17030,17033,17034,1,1
2021-05-31 15:05:02.087,17032,17034,17034,1,1
2021-05-31 15:05:02.095,17032,17034,17034,1,1
2021-05-31 15:05:02.292,17033,17034,17034,2,2
2021-05-31 15:05:02.293,17033,17034,17034,1,1
2021-05-31 15:05:02.360,17033,17035,17035,1,1
2021-05-31 15:05:02.902,17033,17035,17035,3,3
2021-05-31 15:05:06.256,17033,17035,17034,1,-1
2021-05-31 15:05:08.359,17034,17035,17034,1,-1
2021-05-31 15:05:31.752,17034,17035,17034,1,-1
2021-05-31 15:05:32.241,17033,17034,17033,1,-1
2021-05-31 15:05:33.263,17033,17034,17033,2,-2
2021-05-31 15:05:33.263,17033,17034,17032,2,-2
2021-05-31 15:05:33.263,17033,17034,17031,1,-1
2021-05-31 15:05:34.273,17032,17033,17033,1,1
2021-05-31 15:05:36.765,17032,17033,17033,2,2
2021-05-31 15:05:36.770,17032,17033,17034,4,4
2021-05-31 15:05:39.579,17034,17035,17034,1,-1
2021-05-31 15:05:43.902,17033,17035,17035,2,2
2021-05-31 15:05:46.662,17033,17035,17035,1,1
2021-05-31 15:05:47.994,17033,17035,17035,3,3
2021-05-31 15:05:48.245,17033,17035,17034,1,-1
2021-05-31 15:05:48.794,17033,17035,17033,1,-1
2021-05-31 15:05:52.063,17034,17035,17034,1,1
2021-05-31 15:05:57.309,17033,17034,17034,2,2
2021-05-31 15:05:59.757,17033,17034,17033,1,-1
2021-05-31 15:05:59.757,17033,17034,17033,3,-3
2021-05-31 15:06:00.054,17032,17033,17033,1,1
2021-05-31 15:06:01.379,17031,17033,17033,1,1
2021-05-31 15:06:01.676,17031,17032,17032,2,2
2021-05-31 15:06:01.813,17031,17033,17033,1,1
2021-05-31 15:06:02.241,17031,17033,17031,1,-1
2021-05-31 15:06:02.266,17031,17033,17031,1,-1
2021-05-31 15:06:02.522,17031,17032,17031,2,-2
2021-05-31 15:06:03.143,17030,17032,17032,1,1
2021-05-31 15:06:04.842,17030,17032,17030,1,-1
2021-05-31 15:06:08.580,17030,17032,17031,1,1
2021-05-31 15:06:09.243,17030,17031,17030,1,-1
2021-05-31 15:06:13.605,17030,17031,17030,1,-1
2021-05-31 15:06:21.419,17029,17031,17029,2,-2
2021-05-31 15:06:24.449,17029,17030,17030,1,1
2021-05-31 15:06:25.568,17030,17032,17030,1,-1
2021-05-31 15:06:26.925,17029,17032,17029,1,-1
2021-05-31 15:06:37.637,17031,17032,17031,2,2
2021-05-31 15:06:41.632,17031,17032,17031,1,-1
2021-05-31 15:06:42.271,17031,17032,17031,4,-4
2021-05-31 15:06:42.271,17031,17032,17030,4,-4
2021-05-31 15:06:42.271,17031,17032,17029,2,-2
2021-05-31 15:06:46.955,17029,17031,17031,1,1
2021-05-31 15:06:49.424,17029,17031,17029,2,-2
2021-05-31 15:06:52.067,17029,17030,17029,2,-2
2021-05-31 15:06:55.912,17029,17030,17029,4,-4
2021-05-31 15:06:56.902,17028,17029,17029,1,1
2021-05-31 15:06:59.801,17028,17029,17029,1,1
2021-05-31 15:06:59.803,17028,17029,17029,3,3
2021-05-31 15:06:59.803,17028,17029,17029,1,1
2021-05-31 15:07:00.289,17029,17031,17029,2,-2
2021-05-31 15:07:06.172,17030,17031,17030,2,2
2021-05-31 15:07:06.173,17030,17031,17030,1,-1
2021-05-31 15:07:06.173,17030,17031,17030,4,-4
2021-05-31 15:07:06.174,17030,17031,17030,2,-2
2021-05-31 15:07:06.174,17030,17031,17030,1,-1
2021-05-31 15:07:22.287,17029,17030,17029,2,-2
2021-05-31 15:07:22.288,17029,17030,17029,1,-1
2021-05-31 15:07:22.288,17029,17030,17029,1,-1
2021-05-31 15:07:22.288,17029,17030,17029,1,-1
2021-05-31 15:07:22.288,17029,17030,17029,1,-1
2021-05-31 15:07:28.077,17028,17029,17028,1,-1
2021-05-31 15:07:28.078,17028,17029,17028,9,-9
2021-05-31 15:07:28.078,17028,17029,17028,1,-1
2021-05-31 15:07:32.193,17027,17028,17028,1,1
2021-05-31 15:07:38.437,17027,17028,17028,1,1
2021-05-31 15:07:49.514,17028,17030,17029,2,2
2021-05-31 15:07:49.813,17028,17030,17029,2,-2
2021-05-31 15:07:57.165,17028,17029,17029,1,1
2021-05-31 15:07:59.671,17029,17030,17030,1,1
2021-05-31 15:07:59.671,17029,17030,17030,1,1
2021-05-31 15:07:59.671,17029,17030,17030,1,1
2021-05-31 15:07:59.671,17029,17030,17030,1,1
2021-05-31 15:07:59.671,17029,17030,17030,1,1
2021-05-31 15:08:00.485,17030,17031,17031,1,1
2021-05-31 15:08:00.605,17030,17031,17031,1,1
2021-05-31 15:08:02.485,17030,17031,17031,1,1
2021-05-31 15:08:04.693,17030,17032,17030,1,-1
2021-05-31 15:08:10.403,17030,17031,17030,1,-1
2021-05-31 15:08:14.257,17029,17030,17029,1,-1
2021-05-31 15:08:14.257,17029,17030,17028,2,-2
2021-05-31 15:08:16.552,17029,17031,17029,1,1
2021-05-31 15:08:22.921,17029,17030,17030,1,1
2021-05-31 15:08:28.381,17030,17031,17031,2,2
2021-05-31 15:08:29.871,17030,17031,17031,8,8
2021-05-31 15:08:29.928,17030,17031,17032,1,1
2021-05-31 15:08:30.657,17031,17032,17031,1,-1
2021-05-31 15:08:37.675,17031,17032,17031,1,-1
2021-05-31 15:08:49.216,17031,17032,17032,2,2
2021-05-31 15:09:01.102,17031,17032,17032,1,1
2021-05-31 15:09:07.105,17031,17032,17032,1,1
2021-05-31 15:09:13.113,17031,17032,17032,2,2
2021-05-31 15:09:15.100,17031,17033,17032,1,-1
2021-05-31 15:09:18.821,17031,17032,17032,1,1
2021-05-31 15:09:18.841,17031,17032,17033,11,11
2021-05-31 15:09:18.842,17031,17032,17033,1,1
2021-05-31 15:09:18.842,17031,17032,17033,1,1
2021-05-31 15:09:18.920,17032,17033,17033,1,1
2021-05-31 15:09:19.197,17031,17034,17031,1,-1
2021-05-31 15:09:22.285,17032,17033,17033,1,1
2021-05-31 15:09:22.285,17032,17033,17034,9,9
2021-05-31 15:09:22.287,17032,17033,17034,1,1
2021-05-31 15:09:22.855,17032,17034,17034,2,2
2021-05-31 15:09:22.855,17032,17034,17035,8,8
2021-05-31 15:09:22.939,17032,17034,17033,1,-1
2021-05-31 15:09:23.601,17032,17034,17034,2,2
2021-05-31 15:09:23.601,17032,17034,17035,8,8
2021-05-31 15:09:31.499,17034,17035,17035,1,1
2021-05-31 15:09:31.925,17034,17035,17034,1,-1
2021-05-31 15:09:39.101,17033,17034,17033,1,-1
2021-05-31 15:09:39.216,17032,17033,17032,1,-1
2021-05-31 15:09:44.649,17032,17033,17032,1,-1
2021-05-31 15:09:44.650,17032,17033,17032,8,-8
2021-05-31 15:09:44.650,17032,17033,17032,1,-1
2021-05-31 15:09:50.394,17032,17034,17032,1,-1
2021-05-31 15:10:10.982,17033,17034,17033,1,1
2021-05-31 15:10:12.933,17033,17034,17033,1,-1
2021-05-31 15:10:12.933,17033,17034,17033,1,-1
2021-05-31 15:10:12.933,17033,17034,17033,4,-4
2021-05-31 15:10:14.226,17032,17033,17033,1,1
2021-05-31 15:10:14.226,17032,17033,17034,1,1
2021-05-31 15:10:33.333,17032,17033,17033,2,2
2021-05-31 15:10:35.910,17033,17034,17034,1,1
2021-05-31 15:10:36.638,17033,17034,17034,1,1
2021-05-31 15:10:38.638,17033,17034,17034,1,1
2021-05-31 15:10:42.169,17033,17034,17033,1,-1
2021-05-31 15:10:43.757,17033,17034,17034,1,1
2021-05-31 15:10:44.758,17033,17034,17034,1,1
2021-05-31 15:10:49.844,17033,17034,17034,6,6
2021-05-31 15:10:49.845,17033,17034,17034,1,1
2021-05-31 15:10:53.548,17034,17035,17035,1,1
2021-05-31 15:10:53.666,17034,17035,17034,1,-1
2021-05-31 15:10:53.868,17034,17035,17035,1,1
2021-05-31 15:10:56.633,17034,17035,17034,1,-1
2021-05-31 15:10:57.045,17034,17035,17034,1,-1
2021-05-31 15:10:59.222,17033,17034,17033,1,-1
2021-05-31 15:11:08.734,17033,17034,17033,1,-1
2021-05-31 15:11:09.095,17033,17034,17033,1,-1
2021-05-31 15:11:10.209,17033,17034,17034,1,1
2021-05-31 15:11:10.797,17033,17034,17034,10,10
2021-05-31 15:11:15.386,17034,17035,17035,3,3
2021-05-31 15:11:16.100,17034,17035,17035,3,3
2021-05-31 15:11:22.630,17035,17036,17035,1,-1
2021-05-31 15:11:24.227,17035,17036,17035,1,-1
2021-05-31 15:11:30.059,17035,17036,17036,4,4
2021-05-31 15:11:30.060,17035,17036,17036,1,1
2021-05-31 15:11:30.875,17035,17036,17036,3,3
2021-05-31 15:11:33.589,17036,17037,17036,3,-3
2021-05-31 15:11:33.589,17036,17037,17035,1,-1
2021-05-31 15:11:36.041,17035,17036,17036,1,1
2021-05-31 15:11:37.474,17035,17036,17036,1,1
2021-05-31 15:11:40.471,17035,17036,17036,1,1
2021-05-31 15:11:40.629,17035,17037,17036,1,-1
2021-05-31 15:11:44.601,17035,17037,17035,1,-1
2021-05-31 15:11:52.334,17036,17037,17036,1,1
2021-05-31 15:11:54.071,17036,17037,17036,5,-5
2021-05-31 15:11:55.184,17035,17036,17035,1,-1
2021-05-31 15:12:06.299,17035,17036,17035,3,-3
2021-05-31 15:12:06.300,17035,17036,17035,7,-7
2021-05-31 15:12:07.906,17034,17035,17035,1,1
2021-05-31 15:12:08.231,17034,17035,17034,1,-1
2021-05-31 15:12:08.231,17034,17035,17034,1,-1
2021-05-31 15:12:08.231,17034,17035,17034,1,-1
2021-05-31 15:12:11.988,17033,17034,17034,1,1
2021-05-31 15:12:16.253,17033,17034,17034,1,1
2021-05-31 15:12:29.648,17034,17035,17034,2,-2
2021-05-31 15:12:29.648,17034,17035,17033,3,-3
2021-05-31 15:12:31.675,17033,17034,17034,1,1
2021-05-31 15:12:35.849,17033,17034,17033,1,-1
2021-05-31 15:12:35.882,17033,17034,17033,1,-1
2021-05-31 15:12:39.461,17033,17035,17033,1,-1
2021-05-31 15:12:40.535,17033,17034,17033,1,-1
2021-05-31 15:12:42.335,17033,17034,17033,1,-1
2021-05-31 15:12:42.884,17032,17034,17032,2,-2
2021-05-31 15:12:43.372,17032,17034,17033,1,1
2021-05-31 15:12:48.075,17032,17033,17032,6,-6
2021-05-31 15:12:48.703,17031,17032,17032,1,1
2021-05-31 15:12:54.860,17031,17032,17032,1,1
2021-05-31 15:12:54.860,17031,17032,17033,3,3
2021-05-31 15:13:16.491,17033,17034,17033,1,-1
2021-05-31 15:13:16.491,17033,17034,17033,1,-1
2021-05-31 15:13:16.491,17033,17034,17033,1,-1
2021-05-31 15:13:16.491,17033,17034,17033,1,-1
2021-05-31 15:13:16.491,17033,17034,17033,1,-1
2021-05-31 15:13:16.507,17033,17034,17032,1,-1
2021-05-31 15:13:16.732,17032,17033,17032,1,-1
2021-05-31 15:13:17.136,17032,17033,17033,3,3
2021-05-31 15:13:17.136,17032,17033,17034,1,1
2021-05-31 15:13:17.175,17032,17033,17033,2,2
2021-05-31 15:13:20.114,17032,17033,17033,1,1
2021-05-31 15:13:25.845,17032,17033,17032,1,-1
2021-05-31 15:13:29.524,17031,17032,17032,1,1
2021-05-31 15:13:33.582,17031,17032,17031,5,-5
2021-05-31 15:13:50.404,17031,17032,17031,1,-1
2021-05-31 15:13:59.042,17031,17032,17032,1,1
2021-05-31 15:14:04.131,17031,17033,17031,5,-5
2021-05-31 15:14:06.143,17031,17032,17031,1,-1
2021-05-31 15:14:06.271,17031,17032,17032,1,1
2021-05-31 15:14:07.214,17031,17032,17031,1,-1
2021-05-31 15:14:07.324,17031,17032,17032,1,1
2021-05-31 15:14:08.249,17031,17032,17031,1,-1
2021-05-31 15:14:08.335,17031,17032,17032,1,1
2021-05-31 15:14:09.267,17031,17033,17031,1,-1
2021-05-31 15:14:10.251,17032,17033,17032,1,1
2021-05-31 15:14:10.341,17032,17033,17033,1,1
2021-05-31 15:14:11.268,17031,17032,17032,1,1
2021-05-31 15:14:12.187,17031,17032,17031,1,-1
2021-05-31 15:14:12.315,17031,17032,17032,1,1
2021-05-31 15:14:13.476,17031,17033,17031,1,-1
2021-05-31 15:14:13.570,17031,17033,17033,1,1
2021-05-31 15:14:14.404,17031,17033,17031,1,-1
2021-05-31 15:14:14.558,17031,17033,17033,1,1
2021-05-31 15:14:16.071,17031,17033,17031,1,-1
2021-05-31 15:14:16.071,17031,17033,17031,1,-1
2021-05-31 15:14:24.241,17032,17033,17032,1,1
2021-05-31 15:14:24.545,17032,17033,17032,1,-1
2021-05-31 15:14:30.177,17032,17033,17032,1,-1
2021-05-31 15:14:30.546,17032,17033,17032,1,-1
2021-05-31 15:14:31.396,17031,17032,17032,1,1
2021-05-31 15:14:36.140,17032,17033,17033,1,1
2021-05-31 15:15:04.504,17031,17033,17033,12,12
2021-05-31 15:15:04.612,17032,17033,17032,1,-1
2021-05-31 15:15:04.612,17032,17033,17031,1,-1
2021-05-31 15:15:05.504,17031,17033,17033,4,4
2021-05-31 15:15:05.607,17031,17034,17031,1,-1
2021-05-31 15:15:05.608,17031,17034,17031,1,-1
2021-05-31 15:15:05.611,17031,17034,17031,1,-1
2021-05-31 15:15:06.505,17030,17033,17033,7,7
2021-05-31 15:15:14.355,17032,17033,17032,1,-1
2021-05-31 15:15:14.482,17031,17033,17031,1,-1
2021-05-31 15:15:14.482,17031,17033,17031,1,-1
2021-05-31 15:15:14.482,17031,17033,17031,1,-1
2021-05-31 15:15:14.482,17031,17033,17031,1,-1
2021-05-31 15:15:14.482,17031,17033,17031,1,-1
2021-05-31 15:15:14.482,17031,17033,17031,1,-1
2021-05-31 15:15:14.482,17031,17033,17031,1,-1
2021-05-31 15:15:14.483,17031,17033,17030,1,-1
2021-05-31 15:15:14.483,17031,17033,17030,1,-1
2021-05-31 15:15:14.483,17031,17033,17030,1,-1
2021-05-31 15:15:14.484,17031,17033,17030,1,-1
2021-05-31 15:15:14.485,17031,17033,17030,1,-1
2021-05-31 15:15:14.687,17030,17032,17030,2,-2
2021-05-31 15:15:15.294,17030,17032,17032,2,2
2021-05-31 15:15:18.296,17030,17032,17032,3,3
2021-05-31 15:15:21.219,17030,17032,17032,1,1
2021-05-31 15:15:21.232,17030,17032,17030,1,-1
2021-05-31 15:15:21.232,17030,17032,17030,1,-1
2021-05-31 15:15:21.232,17030,17032,17030,1,-1
2021-05-31 15:15:21.233,17030,17032,17030,1,-1
2021-05-31 15:15:21.233,17030,17032,17030,1,-1
2021-05-31 15:15:21.691,17030,17032,17031,1,1
2021-05-31 15:15:25.145,17030,17032,17032,4,4
2021-05-31 15:15:33.135,17030,17032,17032,1,1
2021-05-31 15:15:33.194,17030,17032,17032,2,2
2021-05-31 15:15:39.288,17030,17031,17030,6,-6
2021-05-31 15:15:39.357,17029,17031,17031,3,3
2021-05-31 15:15:39.357,17029,17031,17031,1,1
2021-05-31 15:15:39.358,17029,17031,17032,2,2
2021-05-31 15:15:39.358,17029,17031,17032,2,2
2021-05-31 15:15:39.358,17029,17031,17032,1,1
2021-05-31 15:15:39.358,17029,17031,17032,1,1
2021-05-31 15:15:39.358,17029,17031,17032,1,1
2021-05-31 15:15:39.358,17029,17031,17032,1,1
2021-05-31 15:15:39.359,17029,17031,17030,1,-1
2021-05-31 15:15:55.266,17031,17032,17031,1,1
2021-05-31 15:15:55.357,17031,17032,17032,2,2
2021-05-31 15:15:55.357,17031,17032,17033,1,1
2021-05-31 15:15:55.357,17031,17032,17033,1,1
2021-05-31 15:15:55.357,17031,17032,17033,1,1
2021-05-31 15:15:55.357,17031,17032,17033,1,1
2021-05-31 15:15:55.357,17031,17032,17033,2,2
2021-05-31 15:15:55.358,17031,17032,17031,1,-1
2021-05-31 15:15:55.358,17031,17032,17031,1,-1
2021-05-31 15:15:55.358,17031,17032,17030,1,-1
2021-05-31 15:15:55.358,17031,17032,17030,1,-1
2021-05-31 15:15:55.359,17031,17032,17030,1,-1
2021-05-31 15:15:55.359,17031,17032,17030,1,-1
2021-05-31 15:15:55.359,17031,17032,17030,1,-1
2021-05-31 15:15:55.359,17031,17032,17030,1,-1
2021-05-31 15:15:55.359,17031,17032,17030,1,-1
2021-05-31 15:15:55.360,17031,17032,17030,1,-1
2021-05-31 15:15:55.360,17031,17032,17030,1,-1
2021-05-31 15:16:00.963,17031,17032,17031,1,1
2021-05-31 15:16:00.982,17030,17032,17032,1,1
2021-05-31 15:16:00.982,17030,17032,17032,1,1
2021-05-31 15:16:00.983,17030,17032,17032,1,1
2021-05-31 15:16:05.193,17030,17032,17032,2,2
2021-05-31 15:16:05.233,17030,17032,17032,1,1
2021-05-31 15:16:06.192,17030,17033,17033,10,10
2021-05-31 15:16:12.196,17032,17033,17033,2,2
2021-05-31 15:16:12.232,17032,17033,17033,1,1
2021-05-31 15:16:12.232,17032,17033,17034,1,1
2021-05-31 15:16:12.232,17032,17033,17034,1,1
2021-05-31 15:16:12.232,17032,17033,17034,1,1
2021-05-31 15:16:12.232,17032,17033,17034,1,1
2021-05-31 15:16:12.233,17032,17033,17032,1,-1
2021-05-31 15:16:12.234,17032,17033,17034,1,1
2021-05-31 15:16:12.234,17032,17033,17034,1,1
2021-05-31 15:16:12.234,17032,17033,17034,1,1
2021-05-31 15:16:12.234,17032,17033,17034,1,1
2021-05-31 15:16:12.234,17032,17033,17034,1,1
2021-05-31 15:16:12.234,17032,17033,17034,1,1
2021-05-31 15:16:12.234,17032,17033,17034,1,1
2021-05-31 15:16:12.234,17032,17033,17035,1,1
2021-05-31 15:16:12.235,17032,17033,17035,1,1
2021-05-31 15:16:12.235,17032,17033,17033,1,1
2021-05-31 15:16:14.077,17032,17034,17032,2,-2
2021-05-31 15:16:19.261,17032,17033,17033,2,2
2021-05-31 15:16:19.333,17032,17033,17033,1,1
2021-05-31 15:16:20.321,17032,17033,17033,1,1
2021-05-31 15:16:20.357,17032,17033,17033,1,1
2021-05-31 15:16:20.358,17032,17033,17034,1,1
2021-05-31 15:16:22.286,17032,17034,17033,2,-2
2021-05-31 15:16:25.398,17032,17034,17032,1,-1
2021-05-31 15:16:25.398,17032,17034,17032,1,-1
2021-05-31 15:16:26.755,17032,17034,17032,1,-1
2021-05-31 15:16:28.683,17031,17032,17032,1,1
2021-05-31 15:16:28.732,17031,17034,17034,1,1
2021-05-31 15:16:28.732,17031,17034,17034,1,1
2021-05-31 15:16:28.732,17031,17034,17034,1,1
2021-05-31 15:16:28.732,17031,17034,17034,1,1
2021-05-31 15:16:28.732,17031,17034,17035,1,1
2021-05-31 15:16:28.733,17031,17034,17035,1,1
2021-05-31 15:16:37.636,17031,17034,17034,1,1
2021-05-31 15:16:52.782,17032,17034,17032,1,-1
2021-05-31 15:16:52.858,17032,17034,17034,3,3
2021-05-31 15:16:52.859,17032,17034,17034,1,1
2021-05-31 15:16:52.859,17032,17034,17034,1,1
2021-05-31 15:16:52.859,17032,17034,17034,1,1
2021-05-31 15:16:52.859,17032,17034,17034,1,1
2021-05-31 15:16:52.859,17032,17034,17035,1,1
2021-05-31 15:16:52.860,17032,17034,17035,1,1
2021-05-31 15:16:52.860,17032,17034,17035,1,1
2021-05-31 15:16:52.862,17032,17034,17035,1,1
2021-05-31 15:16:56.674,17033,17034,17033,1,-1
2021-05-31 15:16:56.732,17032,17034,17034,1,1
2021-05-31 15:16:56.732,17032,17034,17034,1,1
2021-05-31 15:16:56.733,17032,17034,17034,1,1
2021-05-31 15:16:57.980,17033,17034,17033,1,-1
2021-05-31 15:16:58.384,17032,17034,17032,1,-1
2021-05-31 15:16:58.521,17032,17034,17032,1,-1
2021-05-31 15:16:58.521,17032,17034,17031,1,-1
2021-05-31 15:16:58.716,17032,17033,17033,2,2
2021-05-31 15:16:59.004,17032,17034,17034,1,1
2021-05-31 15:16:59.011,17032,17034,17032,2,-2
2021-05-31 15:16:59.712,17031,17033,17033,2,2
2021-05-31 15:17:00.330,17031,17033,17033,1,1
2021-05-31 15:17:07.355,17031,17032,17031,6,-6
2021-05-31 15:17:07.480,17030,17031,17030,3,-3
2021-05-31 15:17:07.605,17029,17031,17029,9,-9
2021-05-31 15:17:11.435,17029,17030,17029,7,-7
2021-05-31 15:17:16.165,17028,17030,17028,1,-1
2021-05-31 15:17:16.476,17028,17030,17028,1,-1
2021-05-31 15:17:23.506,17028,17030,17028,1,-1
2021-05-31 15:17:23.780,17028,17030,17028,1,-1
2021-05-31 15:17:28.685,17029,17030,17030,1,1
2021-05-31 15:17:28.685,17029,17030,17030,1,1
2021-05-31 15:17:28.883,17029,17031,17029,2,-2
2021-05-31 15:17:37.283,17029,17031,17030,1,1
2021-05-31 15:17:44.266,17029,17030,17030,1,1
2021-05-31 15:17:44.266,17029,17030,17029,2,-2
2021-05-31 15:17:47.965,17028,17029,17029,1,1
2021-05-31 15:17:54.184,17029,17030,17029,1,-1
2021-05-31 15:17:54.237,17028,17030,17030,2,2
2021-05-31 15:17:54.237,17028,17030,17030,1,1
2021-05-31 15:17:54.238,17028,17030,17030,1,1
2021-05-31 15:17:54.238,17028,17030,17030,2,2
2021-05-31 15:17:54.238,17028,17030,17030,1,1
2021-05-31 15:17:54.238,17028,17030,17030,1,1
2021-05-31 15:17:54.238,17028,17030,17030,1,1
2021-05-31 15:17:54.238,17028,17030,17030,1,1
2021-05-31 15:17:54.238,17028,17030,17030,1,1
2021-05-31 15:17:54.240,17028,17030,17031,1,1
2021-05-31 15:17:54.241,17028,17030,17032,1,1
2021-05-31 15:17:54.241,17028,17030,17032,1,1
2021-05-31 15:17:54.241,17028,17030,17032,1,1
2021-05-31 15:17:54.241,17028,17030,17032,1,1
2021-05-31 15:17:59.381,17029,17031,17031,1,1
2021-05-31 15:18:20.440,17029,17031,17031,1,1
2021-05-31 15:18:33.748,17029,17030,17029,1,-1
2021-05-31 15:18:33.858,17028,17030,17030,1,1
2021-05-31 15:18:34.046,17029,17031,17029,1,-1
2021-05-31 15:18:40.749,17028,17029,17028,1,-1
2021-05-31 15:18:41.479,17028,17029,17028,11,-11
2021-05-31 15:18:48.371,17027,17028,17027,1,-1
2021-05-31 15:18:48.799,17027,17028,17028,4,4
2021-05-31 15:18:49.784,17027,17028,17028,1,1
2021-05-31 15:18:50.421,17027,17028,17028,1,1
2021-05-31 15:18:50.509,17027,17029,17029,2,2
2021-05-31 15:18:51.620,17027,17029,17029,2,2
2021-05-31 15:18:51.620,17027,17029,17029,1,1
2021-05-31 15:18:51.620,17027,17029,17029,1,1
2021-05-31 15:18:51.744,17027,17029,17027,1,-1
2021-05-31 15:18:54.654,17027,17028,17027,1,-1
2021-05-31 15:18:57.833,17027,17028,17028,1,1
2021-05-31 15:18:57.901,17027,17028,17027,3,-3
2021-05-31 15:18:57.902,17027,17028,17027,2,-2
2021-05-31 15:18:57.974,17027,17028,17028,1,1
2021-05-31 15:18:57.980,17027,17028,17027,1,-1
2021-05-31 15:18:58.963,17026,17028,17028,2,2
2021-05-31 15:18:58.982,17026,17028,17028,1,1
2021-05-31 15:19:02.058,17026,17027,17027,1,1
2021-05-31 15:19:04.746,17026,17027,17027,1,1
2021-05-31 15:19:04.858,17026,17027,17027,1,1
2021-05-31 15:19:08.413,17026,17028,17028,4,4
2021-05-31 15:19:10.567,17026,17027,17026,1,-1
2021-05-31 15:19:10.607,17026,17027,17027,1,1
2021-05-31 15:19:10.607,17026,17027,17027,1,1
2021-05-31 15:19:10.607,17026,17027,17028,1,1
2021-05-31 15:19:10.608,17026,17027,17028,1,1
2021-05-31 15:19:10.608,17026,17027,17028,1,1
2021-05-31 15:19:10.608,17026,17027,17029,1,1
2021-05-31 15:19:10.608,17026,17027,17029,1,1
2021-05-31 15:19:10.608,17026,17027,17029,1,1
2021-05-31 15:19:10.608,17026,17027,17029,1,1
2021-05-31 15:19:10.781,17027,17029,17027,1,-1
2021-05-31 15:19:10.793,17027,17029,17027,1,-1
2021-05-31 15:19:15.993,17027,17028,17028,1,1
2021-05-31 15:19:16.398,17027,17028,17028,1,1
2021-05-31 15:19:16.401,17027,17028,17028,3,3
2021-05-31 15:19:16.691,17029,17030,17030,2,2
2021-05-31 15:19:17.595,17028,17030,17030,1,1
2021-05-31 15:19:17.607,17028,17030,17030,1,1
2021-05-31 15:19:18.665,17028,17030,17030,1,1
2021-05-31 15:19:20.625,17028,17029,17029,1,1
2021-05-31 15:19:22.139,17029,17030,17029,1,-1
2021-05-31 15:19:23.415,17028,17030,17028,1,-1
2021-05-31 15:19:29.173,17028,17029,17028,1,-1
2021-05-31 15:19:32.163,17027,17028,17027,1,-1
2021-05-31 15:19:32.233,17027,17028,17028,1,1
2021-05-31 15:19:49.992,17027,17028,17028,1,1
2021-05-31 15:19:51.051,17027,17029,17029,1,1
2021-05-31 15:19:51.107,17027,17029,17029,1,1
2021-05-31 15:19:51.107,17027,17029,17029,1,1
2021-05-31 15:19:51.109,17027,17029,17029,1,1
2021-05-31 15:19:51.110,17027,17029,17029,1,1
2021-05-31 15:19:57.868,17028,17029,17029,7,7
2021-05-31 15:20:03.563,17028,17029,17029,1,1
2021-05-31 15:20:04.242,17028,17029,17029,1,1
2021-05-31 15:20:04.495,17028,17030,17030,1,1
2021-05-31 15:20:07.583,17029,17030,17029,1,-1
2021-05-31 15:20:23.417,17028,17029,17029,2,2
2021-05-31 15:20:47.094,17029,17030,17029,1,-1
2021-05-31 15:20:47.113,17029,17030,17029,2,-2
2021-05-31 15:20:47.238,17029,17030,17029,1,-1
2021-05-31 15:20:47.239,17029,17030,17029,1,-1
2021-05-31 15:20:49.831,17029,17030,17029,1,-1
2021-05-31 15:20:49.857,17028,17030,17029,2,-2
2021-05-31 15:21:12.707,17029,17030,17030,1,1
2021-05-31 15:21:15.537,17029,17030,17030,1,1
2021-05-31 15:21:15.541,17029,17030,17030,2,2
2021-05-31 15:21:15.607,17029,17030,17030,2,2
2021-05-31 15:21:15.607,17029,17030,17030,2,2
2021-05-31 15:21:15.607,17029,17030,17030,2,2
2021-05-31 15:21:15.607,17029,17030,17030,1,1
2021-05-31 15:21:15.607,17029,17030,17030,1,1
2021-05-31 15:21:15.607,17029,17030,17030,1,1
2021-05-31 15:21:15.607,17029,17030,17030,1,1
2021-05-31 15:21:15.607,17029,17030,17030,1,1
2021-05-31 15:21:15.608,17029,17030,17030,1,1
2021-05-31 15:21:18.991,17030,17031,17030,1,-1
2021-05-31 15:21:21.766,17030,17031,17031,3,3
2021-05-31 15:21:21.855,17030,17031,17031,15,15
2021-05-31 15:21:21.857,17030,17031,17032,3,3
2021-05-31 15:21:21.857,17030,17031,17032,1,1
2021-05-31 15:21:21.857,17030,17031,17032,1,1
2021-05-31 15:21:21.858,17030,17031,17032,1,1
2021-05-31 15:21:21.858,17030,17031,17032,1,1
2021-05-31 15:21:21.858,17030,17031,17032,1,1
2021-05-31 15:21:21.858,17030,17031,17033,1,1
2021-05-31 15:21:21.858,17030,17031,17033,1,1
2021-05-31 15:21:21.858,17030,17031,17033,1,1
2021-05-31 15:21:21.931,17030,17031,17033,2,2
2021-05-31 15:21:21.931,17030,17031,17033,1,1
2021-05-31 15:21:22.063,17032,17033,17033,1,1
2021-05-31 15:21:22.081,17032,17033,17033,1,1
2021-05-31 15:21:22.270,17032,17033,17032,1,-1
2021-05-31 15:21:22.500,17031,17033,17032,1,-1
2021-05-31 15:21:31.087,17031,17032,17032,1,1
2021-05-31 15:21:34.094,17032,17033,17032,1,-1
2021-05-31 15:21:34.107,17032,17033,17033,2,2
2021-05-31 15:21:34.107,17032,17033,17033,2,2
2021-05-31 15:21:34.107,17032,17033,17033,1,1
2021-05-31 15:21:34.107,17032,17033,17033,1,1
2021-05-31 15:21:34.107,17032,17033,17033,1,1
2021-05-31 15:21:34.107,17032,17033,17033,1,1
2021-05-31 15:21:40.121,17032,17033,17032,2,-2
2021-05-31 15:21:44.089,17032,17033,17032,1,-1
2021-05-31 15:21:44.107,17032,17033,17033,1,1
2021-05-31 15:21:44.107,17032,17033,17033,1,1
2021-05-31 15:21:44.107,17032,17033,17033,1,1
2021-05-31 15:21:46.351,17032,17033,17032,1,-1
2021-05-31 15:21:54.340,17032,17033,17033,1,1
2021-05-31 15:21:54.357,17032,17033,17033,1,1
2021-05-31 15:21:54.357,17032,17033,17033,1,1
2021-05-31 15:21:54.357,17032,17033,17033,1,1
2021-05-31 15:21:54.357,17032,17033,17033,2,2
2021-05-31 15:21:55.117,17032,17034,17032,1,-1
2021-05-31 15:22:02.042,17032,17034,17032,1,-1
2021-05-31 15:22:09.105,17033,17034,17034,3,3
2021-05-31 15:22:09.106,17033,17034,17034,1,1
2021-05-31 15:22:09.106,17033,17034,17034,4,4
2021-05-31 15:22:11.813,17033,17034,17034,1,1
2021-05-31 15:22:11.858,17033,17035,17035,1,1
2021-05-31 15:22:11.860,17033,17035,17035,1,1
2021-05-31 15:22:11.860,17033,17035,17035,1,1
2021-05-31 15:22:11.861,17033,17035,17035,1,1
2021-05-31 15:22:17.676,17032,17034,17034,1,1
2021-05-31 15:22:26.276,17033,17034,17033,1,-1
2021-05-31 15:22:26.358,17033,17034,17034,1,1
2021-05-31 15:22:26.358,17033,17034,17035,1,1
2021-05-31 15:22:26.359,17033,17034,17035,1,1
2021-05-31 15:22:26.359,17033,17034,17035,1,1
2021-05-31 15:22:26.360,17033,17034,17035,1,1
2021-05-31 15:22:26.360,17033,17034,17036,1,1
2021-05-31 15:22:26.360,17033,17034,17036,1,1
2021-05-31 15:22:26.624,17034,17036,17036,8,8
2021-05-31 15:22:26.639,17034,17036,17036,3,3
2021-05-31 15:22:26.639,17034,17036,17037,7,7
2021-05-31 15:22:26.647,17034,17036,17037,6,6
2021-05-31 15:22:26.757,17036,17038,17038,1,1
2021-05-31 15:22:26.765,17036,17038,17038,1,1
2021-05-31 15:22:26.771,17036,17038,17038,1,1
2021-05-31 15:22:26.780,17036,17038,17038,1,1
2021-05-31 15:22:26.881,17036,17038,17038,4,4
2021-05-31 15:22:26.885,17036,17038,17038,2,2
2021-05-31 15:22:26.886,17036,17038,17038,1,1
2021-05-31 15:22:26.886,17036,17038,17038,4,4
2021-05-31 15:22:26.886,17036,17038,17038,1,1
2021-05-31 15:22:26.886,17036,17038,17038,5,5
2021-05-31 15:22:26.887,17036,17038,17038,2,2
2021-05-31 15:22:26.887,17036,17038,17038,1,1
2021-05-31 15:22:26.887,17036,17038,17038,1,1
2021-05-31 15:22:26.887,17036,17038,17038,1,1
2021-05-31 15:22:26.887,17036,17038,17038,1,1
2021-05-31 15:22:26.888,17036,17038,17038,1,1
2021-05-31 15:22:26.935,17036,17038,17039,4,4
2021-05-31 15:22:27.002,17038,17039,17039,1,1
2021-05-31 15:22:27.060,17038,17039,17039,2,2
2021-05-31 15:22:27.066,17038,17039,17039,1,1
2021-05-31 15:22:27.093,17038,17039,17039,3,3
2021-05-31 15:22:27.108,17039,17040,17040,1,1
2021-05-31 15:22:27.108,17039,17040,17040,1,1
2021-05-31 15:22:27.109,17039,17040,17040,1,1
2021-05-31 15:22:27.109,17039,17040,17040,1,1
2021-05-31 15:22:27.130,17039,17040,17040,1,1
2021-05-31 15:22:27.130,17039,17040,17040,1,1
2021-05-31 15:22:27.131,17039,17040,17041,1,1
2021-05-31 15:22:27.241,17040,17041,17041,1,1
2021-05-31 15:22:27.313,17040,17041,17041,2,2
2021-05-31 15:22:27.350,17040,17041,17041,1,1
2021-05-31 15:22:27.455,17040,17042,17040,1,-1
2021-05-31 15:22:27.550,17040,17042,17042,3,3
2021-05-31 15:22:27.554,17040,17042,17042,5,5
2021-05-31 15:22:27.696,17040,17042,17042,3,3
2021-05-31 15:22:27.696,17040,17042,17043,2,2
2021-05-31 15:22:27.697,17040,17042,17041,1,-1
2021-05-31 15:22:27.698,17040,17042,17041,1,-1
2021-05-31 15:22:27.714,17040,17042,17042,5,5
2021-05-31 15:22:28.037,17040,17042,17041,2,-2
2021-05-31 15:22:28.037,17040,17042,17042,3,3
2021-05-31 15:22:28.187,17040,17042,17040,1,-1
2021-05-31 15:22:29.013,17039,17041,17041,1,1
2021-05-31 15:22:30.030,17040,17041,17040,1,-1
2021-05-31 15:22:30.545,17039,17041,17039,1,-1
2021-05-31 15:22:32.680,17038,17040,17038,1,-1
2021-05-31 15:22:33.950,17038,17039,17039,1,1
2021-05-31 15:22:34.891,17038,17039,17039,1,1
2021-05-31 15:22:35.921,17038,17040,17039,1,-1
2021-05-31 15:22:37.066,17039,17040,17039,1,-1
2021-05-31 15:22:38.783,17039,17040,17040,1,1
2021-05-31 15:22:40.963,17039,17040,17040,1,1
2021-05-31 15:22:41.726,17039,17040,17040,1,1
2021-05-31 15:22:41.726,17039,17040,17040,1,1
2021-05-31 15:22:41.732,17040,17041,17041,2,2
2021-05-31 15:22:41.975,17040,17043,17043,2,2
2021-05-31 15:22:42.267,17042,17043,17043,2,2
2021-05-31 15:22:42.433,17042,17043,17042,1,-1
2021-05-31 15:22:42.802,17042,17043,17043,2,2
2021-05-31 15:22:43.614,17042,17044,17044,2,2
2021-05-31 15:22:44.003,17042,17044,17044,1,1
2021-05-31 15:22:44.683,17042,17043,17043,1,1
2021-05-31 15:22:44.683,17042,17043,17044,4,4
2021-05-31 15:22:44.684,17042,17043,17044,5,5
2021-05-31 15:22:46.229,17042,17044,17042,1,-1
2021-05-31 15:22:47.906,17043,17044,17044,1,1
2021-05-31 15:22:47.983,17043,17044,17044,1,1
2021-05-31 15:22:47.983,17043,17044,17044,1,1
2021-05-31 15:22:48.127,17043,17044,17043,1,-1
2021-05-31 15:22:48.127,17043,17044,17042,3,-3
2021-05-31 15:22:50.337,17042,17043,17043,1,1
2021-05-31 15:22:50.654,17042,17044,17042,2,-2
2021-05-31 15:22:51.929,17042,17043,17043,1,1
2021-05-31 15:22:53.207,17042,17044,17043,1,-1
2021-05-31 15:22:53.752,17042,17044,17044,1,1
2021-05-31 15:22:55.150,17042,17043,17043,1,1
2021-05-31 15:22:55.150,17042,17043,17044,4,4
2021-05-31 15:22:55.905,17043,17044,17044,1,1
2021-05-31 15:22:55.905,17043,17044,17045,1,1
2021-05-31 15:22:56.015,17043,17045,17045,1,1
2021-05-31 15:22:57.155,17044,17045,17045,2,2
2021-05-31 15:22:58.463,17044,17045,17045,2,2
2021-05-31 15:22:58.463,17044,17045,17045,4,4
2021-05-31 15:22:58.768,17044,17046,17044,2,-2
2021-05-31 15:22:58.792,17044,17046,17046,1,1
2021-05-31 15:22:59.043,17044,17046,17046,4,4
2021-05-31 15:22:59.080,17044,17046,17046,10,10
2021-05-31 15:22:59.081,17044,17046,17046,1,1
2021-05-31 15:22:59.185,17045,17046,17045,2,-2
2021-05-31 15:22:59.256,17045,17046,17046,1,1
2021-05-31 15:22:59.440,17045,17046,17046,3,3
2021-05-31 15:22:59.440,17045,17046,17046,1,1
2021-05-31 15:22:59.775,17045,17047,17047,5,5
2021-05-31 15:23:01.194,17045,17047,17047,1,1
2021-05-31 15:23:01.234,17045,17047,17047,1,1
2021-05-31 15:23:01.234,17045,17047,17047,1,1
2021-05-31 15:23:01.234,17045,17047,17048,1,1
2021-05-31 15:23:01.236,17045,17047,17048,1,1
2021-05-31 15:23:01.236,17045,17047,17048,1,1
2021-05-31 15:23:01.490,17045,17047,17046,1,-1
2021-05-31 15:23:01.577,17045,17047,17047,3,3
2021-05-31 15:23:01.577,17045,17047,17048,4,4
2021-05-31 15:23:01.793,17046,17048,17048,1,1
2021-05-31 15:23:02.113,17046,17048,17048,1,1
2021-05-31 15:23:02.232,17046,17048,17048,1,1
2021-05-31 15:23:02.232,17046,17048,17048,1,1
2021-05-31 15:23:02.232,17046,17048,17048,1,1
2021-05-31 15:23:02.232,17046,17048,17048,1,1
2021-05-31 15:23:02.235,17046,17048,17048,1,1
2021-05-31 15:23:02.336,17046,17048,17048,1,1
2021-05-31 15:23:02.574,17046,17048,17048,3,3
2021-05-31 15:23:03.519,17047,17048,17048,2,2
2021-05-31 15:23:03.575,17047,17048,17048,1,1
2021-05-31 15:23:04.375,17047,17048,17048,2,2
2021-05-31 15:23:04.379,17047,17048,17047,1,-1
2021-05-31 15:23:04.455,17047,17048,17048,2,2
2021-05-31 15:23:04.723,17046,17048,17047,1,-1
2021-05-31 15:23:05.121,17047,17048,17048,1,1
2021-05-31 15:23:05.484,17047,17048,17048,1,1
2021-05-31 15:23:06.742,17047,17048,17047,1,-1
2021-05-31 15:23:07.026,17046,17048,17048,1,1
2021-05-31 15:23:07.107,17046,17048,17048,1,1
2021-05-31 15:23:07.107,17046,17048,17048,1,1
2021-05-31 15:23:07.107,17046,17048,17048,1,1
2021-05-31 15:23:07.107,17046,17048,17049,1,1
2021-05-31 15:23:07.107,17046,17048,17049,1,1
2021-05-31 15:23:07.107,17046,17048,17049,1,1
2021-05-31 15:23:07.107,17046,17048,17048,1,1
2021-05-31 15:23:07.107,17046,17048,17048,1,1
2021-05-31 15:23:07.108,17046,17048,17049,1,1
2021-05-31 15:23:07.108,17046,17048,17049,1,1
2021-05-31 15:23:07.109,17046,17048,17049,1,1
2021-05-31 15:23:07.109,17046,17048,17049,1,1
2021-05-31 15:23:07.109,17046,17048,17049,1,1
2021-05-31 15:23:07.110,17046,17048,17049,1,1
2021-05-31 15:23:07.110,17046,17048,17049,1,1
2021-05-31 15:23:07.535,17048,17049,17049,1,1
2021-05-31 15:23:08.657,17047,17049,17047,1,-1
2021-05-31 15:23:08.808,17047,17049,17049,3,3
2021-05-31 15:23:08.819,17047,17049,17049,1,1
2021-05-31 15:23:09.255,17047,17049,17049,1,1
2021-05-31 15:23:09.671,17047,17049,17047,1,-1
2021-05-31 15:23:11.584,17047,17048,17048,1,1
2021-05-31 15:23:11.882,17047,17048,17047,1,-1
2021-05-31 15:23:11.996,17047,17048,17047,1,-1
2021-05-31 15:23:18.864,17047,17048,17047,7,-7
2021-05-31 15:23:19.073,17046,17047,17047,2,2
2021-05-31 15:23:19.090,17046,17047,17046,1,-1
2021-05-31 15:23:19.107,17046,17047,17047,1,1
2021-05-31 15:23:19.107,17046,17047,17048,1,1
2021-05-31 15:23:19.107,17046,17047,17048,1,1
2021-05-31 15:23:19.107,17046,17047,17048,1,1
2021-05-31 15:23:19.111,17046,17047,17048,2,2
2021-05-31 15:23:19.113,17046,17047,17049,2,2
2021-05-31 15:23:19.113,17046,17047,17049,1,1
2021-05-31 15:23:19.150,17046,17047,17047,1,1
2021-05-31 15:23:19.641,17046,17048,17048,1,1
2021-05-31 15:23:19.818,17046,17048,17047,1,-1
2021-05-31 15:23:25.296,17046,17047,17047,2,2
2021-05-31 15:23:25.296,17046,17047,17048,4,4
2021-05-31 15:23:26.935,17046,17048,17046,1,-1
2021-05-31 15:23:27.829,17046,17048,17048,1,1
2021-05-31 15:23:27.857,17046,17048,17048,1,1
2021-05-31 15:23:27.857,17046,17048,17048,1,1
2021-05-31 15:23:27.857,17046,17048,17048,1,1
2021-05-31 15:23:27.857,17046,17048,17048,1,1
2021-05-31 15:23:27.857,17046,17048,17048,1,1
2021-05-31 15:23:27.858,17046,17048,17048,1,1
2021-05-31 15:23:27.860,17046,17048,17048,1,1
2021-05-31 15:23:27.860,17046,17048,17048,1,1
2021-05-31 15:23:27.861,17046,17048,17048,1,1
2021-05-31 15:23:27.861,17046,17048,17047,1,-1
2021-05-31 15:23:27.862,17046,17048,17048,1,1
2021-05-31 15:23:27.863,17046,17048,17049,1,1
2021-05-31 15:23:27.864,17046,17048,17048,1,1
2021-05-31 15:23:28.287,17047,17049,17048,1,-1
2021-05-31 15:23:28.287,17047,17049,17049,4,4
2021-05-31 15:23:29.428,17046,17048,17048,1,1
2021-05-31 15:23:29.451,17046,17048,17048,2,2
2021-05-31 15:23:29.762,17047,17048,17047,1,-1
2021-05-31 15:23:30.036,17046,17048,17048,1,1
2021-05-31 15:23:32.070,17046,17048,17047,1,-1
2021-05-31 15:23:32.618,17046,17047,17046,2,-2
2021-05-31 15:23:33.264,17046,17047,17047,1,1
2021-05-31 15:23:33.755,17046,17047,17047,1,1
2021-05-31 15:23:42.561,17047,17048,17047,6,-6
2021-05-31 15:23:42.691,17046,17047,17047,1,1
2021-05-31 15:23:42.814,17046,17047,17046,4,-4
2021-05-31 15:23:44.295,17045,17046,17046,1,1
2021-05-31 15:23:44.357,17045,17046,17046,1,1
2021-05-31 15:23:44.357,17045,17046,17048,1,1
2021-05-31 15:23:44.357,17045,17046,17047,1,1
2021-05-31 15:23:44.357,17045,17046,17047,1,1
2021-05-31 15:23:44.358,17045,17046,17048,1,1
2021-05-31 15:23:44.358,17045,17046,17048,1,1
2021-05-31 15:23:44.360,17045,17046,17047,1,1
2021-05-31 15:23:44.360,17045,17046,17048,1,1
2021-05-31 15:23:44.683,17046,17048,17046,2,-2
2021-05-31 15:23:45.727,17047,17048,17047,1,1
2021-05-31 15:23:48.651,17047,17048,17047,1,-1
2021-05-31 15:23:49.370,17046,17047,17047,1,1
2021-05-31 15:23:49.483,17046,17048,17048,1,1
2021-05-31 15:23:52.342,17046,17047,17047,1,1
2021-05-31 15:23:54.412,17046,17048,17047,1,-1
2021-05-31 15:23:55.410,17046,17048,17048,4,4
2021-05-31 15:23:55.480,17047,17048,17047,1,-1
2021-05-31 15:23:56.470,17047,17048,17048,8,8
2021-05-31 15:23:56.470,17047,17048,17049,16,16
2021-05-31 15:23:56.470,17047,17048,17050,6,6
2021-05-31 15:23:56.906,17048,17050,17048,1,-1
2021-05-31 15:23:57.031,17048,17050,17048,1,-1
2021-05-31 15:23:58.007,17048,17050,17048,4,-4
2021-05-31 15:23:58.197,17048,17050,17048,1,-1
2021-05-31 15:23:58.407,17048,17050,17050,2,2
2021-05-31 15:23:59.730,17049,17050,17049,1,-1
2021-05-31 15:24:01.108,17047,17049,17049,1,1
2021-05-31 15:24:01.317,17047,17049,17049,2,2
2021-05-31 15:24:01.325,17047,17049,17049,1,1
2021-05-31 15:24:01.325,17047,17049,17050,2,2
2021-05-31 15:24:01.368,17048,17050,17050,3,3
2021-05-31 15:24:01.504,17048,17050,17050,1,1
2021-05-31 15:24:01.557,17048,17050,17050,7,7
2021-05-31 15:24:01.609,17048,17050,17050,1,1
2021-05-31 15:24:01.643,17048,17050,17050,7,7
2021-05-31 15:24:02.558,17048,17050,17050,3,3
2021-05-31 15:24:02.607,17048,17050,17050,1,1
2021-05-31 15:24:02.607,17048,17050,17050,1,1
2021-05-31 15:24:02.608,17048,17050,17050,1,1
2021-05-31 15:24:02.608,17048,17050,17050,1,1
2021-05-31 15:24:02.608,17048,17050,17050,1,1
2021-05-31 15:24:02.608,17048,17050,17050,1,1
2021-05-31 15:24:02.608,17048,17050,17050,1,1
2021-05-31 15:24:02.653,17048,17050,17050,3,3
2021-05-31 15:24:02.655,17048,17050,17050,1,1
2021-05-31 15:24:02.726,17048,17050,17050,1,1
2021-05-31 15:24:03.559,17048,17050,17050,1,1
2021-05-31 15:24:03.649,17048,17050,17050,1,1
2021-05-31 15:24:03.934,17048,17050,17050,1,1
2021-05-31 15:24:04.088,17048,17050,17050,5,5
2021-05-31 15:24:04.230,17049,17050,17049,1,-1
2021-05-31 15:24:06.755,17049,17050,17050,8,8
2021-05-31 15:24:06.834,17049,17050,17050,1,1
2021-05-31 15:24:06.855,17049,17050,17049,1,-1
2021-05-31 15:24:09.745,17049,17050,17049,1,-1
2021-05-31 15:24:10.229,17049,17050,17049,1,-1
2021-05-31 15:24:12.008,17049,17050,17049,3,-3
2021-05-31 15:24:13.082,17048,17049,17049,1,1
2021-05-31 15:24:13.919,17048,17050,17050,1,1
2021-05-31 15:24:15.312,17048,17049,17049,1,1
2021-05-31 15:24:15.312,17048,17049,17049,1,1
2021-05-31 15:24:15.355,17048,17049,17048,9,-9
2021-05-31 15:24:15.709,17047,17049,17049,1,1
2021-05-31 15:24:16.973,17047,17049,17048,1,-1
2021-05-31 15:24:16.998,17047,17049,17049,1,1
2021-05-31 15:24:19.083,17047,17049,17048,1,-1
2021-05-31 15:24:19.107,17047,17049,17049,2,2
2021-05-31 15:24:19.107,17047,17049,17049,1,1
2021-05-31 15:24:19.694,17047,17049,17049,1,1
2021-05-31 15:24:23.161,17047,17049,17047,5,-5
2021-05-31 15:24:23.904,17047,17049,17048,1,1
2021-05-31 15:24:23.959,17047,17049,17048,1,-1
2021-05-31 15:24:24.591,17047,17049,17048,1,-1
2021-05-31 15:24:29.497,17048,17049,17048,1,-1
2021-05-31 15:24:34.864,17047,17048,17048,4,4
2021-05-31 15:24:34.864,17047,17048,17049,1,1
2021-05-31 15:24:34.983,17047,17049,17049,1,1
2021-05-31 15:24:34.983,17047,17049,17049,1,1
2021-05-31 15:24:40.984,17047,17049,17048,1,-1
2021-05-31 15:24:41.795,17047,17048,17048,1,1
2021-05-31 15:24:41.857,17047,17049,17049,1,1
2021-05-31 15:24:44.071,17047,17048,17047,4,-4
2021-05-31 15:24:45.421,17047,17048,17048,1,1
2021-05-31 15:24:45.987,17047,17048,17047,5,-5
2021-05-31 15:24:47.380,17046,17047,17046,2,-2
2021-05-31 15:24:51.685,17046,17047,17046,9,-9
2021-05-31 15:24:51.732,17045,17046,17046,1,1
2021-05-31 15:24:52.828,17045,17047,17047,1,1
2021-05-31 15:24:53.726,17045,17047,17045,1,-1
2021-05-31 15:24:54.007,17045,17047,17047,1,1
2021-05-31 15:24:57.593,17046,17047,17046,4,-4
2021-05-31 15:24:57.593,17046,17047,17046,1,-1
2021-05-31 15:25:01.927,17045,17046,17046,1,1
2021-05-31 15:25:01.927,17045,17046,17046,1,1
2021-05-31 15:25:02.318,17046,17047,17047,2,2
2021-05-31 15:25:04.861,17046,17048,17048,2,2
2021-05-31 15:25:06.076,17046,17048,17048,3,3
2021-05-31 15:25:07.127,17047,17048,17048,1,1
2021-05-31 15:25:08.720,17047,17048,17048,2,2
2021-05-31 15:25:14.299,17048,17049,17048,1,-1
2021-05-31 15:25:17.757,17048,17049,17048,1,-1
2021-05-31 15:25:17.781,17048,17049,17049,1,1
2021-05-31 15:25:21.086,17048,17049,17049,5,5
2021-05-31 15:25:21.087,17048,17049,17049,1,1
2021-05-31 15:25:25.233,17048,17049,17049,1,1
2021-05-31 15:25:25.641,17048,17049,17049,1,1
2021-05-31 15:25:25.641,17048,17049,17049,6,6
2021-05-31 15:25:25.641,17048,17049,17049,9,9
2021-05-31 15:25:25.641,17048,17049,17049,2,2
2021-05-31 15:25:25.641,17048,17049,17049,2,2
2021-05-31 15:25:25.641,17048,17049,17049,1,1
2021-05-31 15:25:25.641,17048,17049,17049,1,1
2021-05-31 15:25:25.642,17048,17049,17049,10,10
2021-05-31 15:25:25.642,17048,17049,17049,4,4
2021-05-31 15:25:25.642,17048,17049,17049,1,1
2021-05-31 15:25:25.692,17048,17049,17049,4,4
2021-05-31 15:25:25.980,17049,17050,17049,1,-1
2021-05-31 15:25:29.231,17048,17049,17049,1,1
2021-05-31 15:25:30.380,17048,17049,17048,1,-1
2021-05-31 15:25:36.413,17048,17049,17049,1,1
2021-05-31 15:25:36.505,17048,17049,17049,1,1
2021-05-31 15:25:36.736,17048,17049,17048,1,-1
2021-05-31 15:25:37.903,17048,17049,17048,1,-1
2021-05-31 15:25:37.903,17048,17049,17048,2,-2
2021-05-31 15:25:38.729,17047,17048,17048,1,1
2021-05-31 15:25:38.730,17047,17048,17047,5,-5
2021-05-31 15:25:39.647,17046,17047,17047,1,1
2021-05-31 15:25:44.105,17046,17048,17048,1,1
2021-05-31 15:25:48.460,17046,17048,17046,1,-1
2021-05-31 15:25:56.409,17046,17048,17046,1,-1
2021-05-31 15:25:57.678,17046,17048,17046,5,-5
2021-05-31 15:26:01.453,17046,17047,17046,2,-2
2021-05-31 15:26:02.107,17045,17046,17046,1,1
2021-05-31 15:26:02.107,17045,17046,17046,2,2
2021-05-31 15:26:02.564,17045,17047,17047,1,1
2021-05-31 15:26:02.564,17045,17047,17048,1,1
2021-05-31 15:26:02.676,17046,17048,17046,3,-3
2021-05-31 15:26:02.676,17046,17048,17045,2,-2
2021-05-31 15:26:06.705,17045,17046,17046,1,1
2021-05-31 15:26:07.733,17045,17047,17046,1,-1
2021-05-31 15:26:08.948,17045,17046,17046,1,1
2021-05-31 15:26:14.753,17046,17047,17046,1,-1
2021-05-31 15:26:16.401,17046,17047,17046,1,-1
2021-05-31 15:26:16.410,17046,17047,17046,6,-6
2021-05-31 15:26:17.971,17046,17047,17047,1,1
2021-05-31 15:26:19.736,17046,17047,17046,7,-7
2021-05-31 15:26:19.738,17046,17047,17046,8,-8
2021-05-31 15:26:19.888,17045,17046,17045,2,-2
2021-05-31 15:26:19.991,17045,17046,17045,1,-1
2021-05-31 15:26:26.157,17045,17047,17045,1,-1
2021-05-31 15:26:29.708,17045,17046,17046,1,1
2021-05-31 15:26:37.384,17045,17046,17045,10,-10
2021-05-31 15:26:37.384,17045,17046,17045,1,-1
2021-05-31 15:26:37.384,17045,17046,17045,14,-14
2021-05-31 15:26:37.496,17044,17045,17044,1,-1
2021-05-31 15:26:38.988,17044,17045,17044,5,-5
2021-05-31 15:26:39.235,17043,17045,17043,1,-1
2021-05-31 15:26:42.335,17043,17044,17043,1,-1
2021-05-31 15:26:42.574,17043,17044,17043,4,-4
2021-05-31 15:26:42.574,17043,17044,17042,4,-4
2021-05-31 15:26:55.699,17042,17044,17042,8,-8
2021-05-31 15:27:00.747,17042,17044,17044,5,5
2021-05-31 15:27:01.774,17043,17045,17043,1,-1
2021-05-31 15:27:03.439,17043,17045,17045,1,1
2021-05-31 15:27:03.933,17043,17045,17045,1,1
2021-05-31 15:27:04.885,17042,17044,17042,1,-1
2021-05-31 15:27:06.351,17042,17044,17044,2,2
2021-05-31 15:27:06.352,17042,17044,17044,1,1
2021-05-31 15:27:06.352,17042,17044,17044,2,2
2021-05-31 15:27:14.396,17043,17044,17044,2,2
2021-05-31 15:27:21.946,17044,17045,17045,1,1
2021-05-31 15:27:21.947,17044,17045,17045,2,2
2021-05-31 15:27:22.937,17044,17046,17046,1,1
2021-05-31 15:27:22.937,17044,17046,17047,2,2
2021-05-31 15:27:26.960,17044,17046,17046,1,1
2021-05-31 15:27:30.341,17044,17046,17046,1,1
2021-05-31 15:27:30.975,17044,17046,17046,3,3
2021-05-31 15:27:34.292,17045,17046,17046,2,2
2021-05-31 15:27:34.292,17045,17046,17046,4,4
2021-05-31 15:27:34.292,17045,17046,17046,1,1
2021-05-31 15:27:38.855,17045,17046,17045,1,-1
2021-05-31 15:27:39.362,17045,17046,17046,1,1
2021-05-31 15:27:46.307,17045,17046,17046,1,1
2021-05-31 15:27:46.325,17045,17046,17046,2,2
2021-05-31 15:27:46.325,17045,17046,17046,1,1
2021-05-31 15:27:53.690,17046,17047,17046,3,-3
2021-05-31 15:27:57.123,17046,17047,17047,5,5
2021-05-31 15:27:57.899,17047,17048,17047,5,-5
2021-05-31 15:27:58.058,17046,17047,17047,8,8
2021-05-31 15:28:00.829,17046,17048,17046,5,-5
2021-05-31 15:28:01.806,17046,17048,17046,1,-1
2021-05-31 15:28:04.870,17046,17047,17046,1,-1
2021-05-31 15:28:07.597,17046,17047,17047,1,1
2021-05-31 15:28:11.975,17046,17047,17046,5,-5
2021-05-31 15:28:19.257,17045,17046,17046,1,1
2021-05-31 15:28:22.569,17046,17048,17046,1,-1
2021-05-31 15:28:22.569,17046,17048,17046,1,-1
2021-05-31 15:28:22.569,17046,17048,17046,1,-1
2021-05-31 15:28:22.569,17046,17048,17046,1,-1
2021-05-31 15:28:23.280,17045,17046,17045,15,-15
2021-05-31 15:28:24.752,17043,17045,17045,1,1
2021-05-31 15:28:33.264,17044,17045,17044,1,-1
2021-05-31 15:28:42.967,17044,17045,17044,1,-1
2021-05-31 15:28:44.336,17044,17045,17044,10,-10
2021-05-31 15:28:44.337,17044,17045,17044,1,-1
2021-05-31 15:28:44.337,17044,17045,17044,1,-1
2021-05-31 15:28:44.939,17043,17044,17043,1,-1
2021-05-31 15:28:49.492,17043,17044,17043,1,-1
2021-05-31 15:28:51.753,17042,17044,17043,1,-1
2021-05-31 15:28:54.352,17043,17044,17043,1,-1
2021-05-31 15:28:55.892,17043,17044,17044,1,1
2021-05-31 15:28:58.160,17043,17044,17043,7,-7
2021-05-31 15:28:58.161,17043,17044,17043,1,-1
2021-05-31 15:29:03.165,17043,17044,17043,1,-1
2021-05-31 15:29:06.765,17042,17044,17043,1,-1
2021-05-31 15:29:09.069,17042,17043,17043,1,1
2021-05-31 15:29:09.252,17043,17044,17043,4,-4
2021-05-31 15:29:10.264,17043,17044,17043,1,-1
2021-05-31 15:29:12.488,17043,17044,17043,2,-2
2021-05-31 15:29:13.461,17043,17044,17044,2,2
2021-05-31 15:29:27.952,17043,17044,17044,1,1
2021-05-31 15:29:35.576,17044,17045,17044,2,-2
2021-05-31 15:29:47.043,17043,17044,17044,1,1
2021-05-31 15:29:47.245,17044,17045,17044,1,-1
2021-05-31 15:29:49.188,17043,17044,17043,1,-1
2021-05-31 15:29:50.871,17043,17044,17044,1,1
2021-05-31 15:29:55.222,17044,17045,17044,1,-1
2021-05-31 15:29:57.357,17043,17045,17045,5,5
2021-05-31 15:30:00.070,17043,17044,17043,13,-13
2021-05-31 15:30:00.071,17043,17044,17043,1,-1
2021-05-31 15:30:00.071,17043,17044,17043,1,-1
2021-05-31 15:30:00.071,17043,17044,17043,1,-1
2021-05-31 15:30:00.314,17042,17043,17043,2,2
2021-05-31 15:30:00.316,17042,17043,17044,2,2
2021-05-31 15:30:00.348,17042,17043,17044,1,1
2021-05-31 15:30:00.532,17043,17044,17045,1,1
2021-05-31 15:30:00.539,17043,17044,17045,3,3
2021-05-31 15:30:00.604,17043,17044,17045,2,2
2021-05-31 15:30:00.630,17043,17045,17045,2,2
2021-05-31 15:30:00.785,17044,17045,17045,1,1
2021-05-31 15:30:00.790,17044,17045,17045,1,1
2021-05-31 15:30:00.790,17044,17045,17045,4,4
2021-05-31 15:30:00.886,17045,17046,17046,2,2
2021-05-31 15:30:06.423,17043,17045,17045,1,1
2021-05-31 15:30:07.037,17043,17046,17046,1,1
2021-05-31 15:30:07.110,17044,17046,17046,1,1
2021-05-31 15:30:07.144,17044,17046,17046,1,1
2021-05-31 15:30:07.940,17044,17046,17046,1,1
2021-05-31 15:30:10.203,17045,17046,17046,2,2
2021-05-31 15:30:10.204,17045,17046,17046,4,4
2021-05-31 15:30:10.204,17045,17046,17046,3,3
2021-05-31 15:30:11.916,17045,17047,17047,1,1
2021-05-31 15:30:17.564,17046,17047,17047,1,1
2021-05-31 15:30:17.564,17046,17047,17048,1,1
2021-05-31 15:30:17.640,17047,17048,17047,1,-1
2021-05-31 15:30:17.867,17046,17047,17046,2,-2
2021-05-31 15:30:17.912,17046,17047,17047,2,2
2021-05-31 15:30:17.963,17046,17047,17047,1,1
2021-05-31 15:30:18.568,17046,17047,17046,1,-1
2021-05-31 15:30:18.607,17046,17047,17047,1,1
2021-05-31 15:30:21.914,17045,17046,17046,1,1
2021-05-31 15:30:23.539,17046,17048,17047,1,1
2021-05-31 15:30:25.409,17047,17048,17047,2,-2
2021-05-31 15:30:29.628,17046,17047,17047,3,3
2021-05-31 15:30:29.629,17046,17047,17047,7,7
2021-05-31 15:30:30.509,17046,17047,17047,1,1
2021-05-31 15:30:30.509,17046,17047,17048,3,3
2021-05-31 15:30:31.682,17047,17048,17047,5,-5
2021-05-31 15:30:31.787,17046,17047,17046,1,-1
2021-05-31 15:30:35.242,17047,17048,17047,1,1
2021-05-31 15:30:35.855,17046,17047,17046,2,-2
2021-05-31 15:30:37.680,17045,17046,17046,1,1
2021-05-31 15:30:40.165,17045,17046,17046,2,2
2021-05-31 15:30:40.353,17046,17047,17046,1,-1
2021-05-31 15:30:42.777,17045,17046,17045,1,-1
2021-05-31 15:30:42.777,17045,17046,17045,1,-1
2021-05-31 15:30:42.777,17045,17046,17045,3,-3
2021-05-31 15:30:42.777,17045,17046,17045,2,-2
2021-05-31 15:30:42.777,17045,17046,17045,8,-8
2021-05-31 15:30:43.427,17044,17046,17045,1,-1
2021-05-31 15:30:48.654,17043,17045,17045,1,1
2021-05-31 15:30:48.654,17043,17045,17046,1,1
2021-05-31 15:30:53.032,17045,17046,17046,7,7
2021-05-31 15:30:54.015,17045,17046,17046,1,1
2021-05-31 15:30:57.083,17045,17046,17046,2,2
2021-05-31 15:30:58.112,17046,17047,17046,4,-4
2021-05-31 15:30:58.112,17046,17047,17045,1,-1
2021-05-31 15:31:01.491,17046,17047,17046,1,1
2021-05-31 15:31:08.892,17045,17046,17045,10,-10
2021-05-31 15:31:08.980,17044,17045,17044,8,-8
2021-05-31 15:31:14.708,17044,17045,17044,1,-1
2021-05-31 15:31:14.899,17044,17045,17044,4,-4
2021-05-31 15:31:14.900,17044,17045,17044,2,-2
2021-05-31 15:31:14.900,17044,17045,17044,1,-1
2021-05-31 15:31:14.900,17044,17045,17044,7,-7
2021-05-31 15:31:19.600,17044,17045,17044,1,-1
2021-05-31 15:31:19.611,17043,17045,17045,2,2
2021-05-31 15:31:20.980,17043,17045,17043,2,-2
2021-05-31 15:31:21.107,17043,17045,17043,1,-1
2021-05-31 15:31:35.491,17043,17044,17043,6,-6
2021-05-31 15:31:35.699,17043,17044,17043,2,-2
2021-05-31 15:31:35.730,17043,17044,17043,10,-10
2021-05-31 15:31:35.731,17043,17044,17043,2,-2
2021-05-31 15:31:35.731,17043,17044,17043,1,-1
2021-05-31 15:31:35.731,17043,17044,17043,2,-2
2021-05-31 15:31:35.731,17043,17044,17043,1,-1
2021-05-31 15:31:44.490,17043,17044,17043,1,-1
2021-05-31 15:31:44.609,17042,17044,17042,1,-1
2021-05-31 15:31:50.658,17043,17044,17043,1,1
2021-05-31 15:31:53.366,17043,17044,17044,2,2
2021-05-31 15:31:53.366,17043,17044,17044,1,1
2021-05-31 15:31:54.666,17044,17045,17044,1,-1
2021-05-31 15:31:55.279,17044,17045,17044,1,-1
2021-05-31 15:31:55.699,17044,17045,17045,1,1
2021-05-31 15:31:55.699,17044,17045,17045,2,2
2021-05-31 15:31:55.699,17044,17045,17045,1,1
2021-05-31 15:31:58.637,17045,17046,17045,1,-1
2021-05-31 15:32:01.021,17045,17046,17045,1,-1
2021-05-31 15:32:01.246,17045,17046,17046,3,3
2021-05-31 15:32:02.985,17046,17047,17046,1,-1
2021-05-31 15:32:49.302,17045,17046,17046,1,1
2021-05-31 15:32:55.725,17045,17046,17045,1,-1
2021-05-31 15:33:12.009,17045,17046,17046,6,6
2021-05-31 15:33:12.010,17045,17046,17046,1,1
2021-05-31 15:33:12.010,17045,17046,17046,1,1
2021-05-31 15:33:12.010,17045,17046,17046,1,1
2021-05-31 15:33:12.010,17045,17046,17046,1,1
2021-05-31 15:33:12.010,17045,17046,17046,1,1
2021-05-31 15:33:22.424,17046,17047,17047,1,1
2021-05-31 15:33:22.834,17046,17047,17046,3,-3
2021-05-31 15:33:26.380,17045,17046,17045,4,-4
2021-05-31 15:33:26.381,17045,17046,17045,5,-5
2021-05-31 15:33:26.381,17045,17046,17045,1,-1
2021-05-31 15:33:34.907,17044,17045,17044,1,-1
2021-05-31 15:33:34.907,17044,17045,17043,10,-10
2021-05-31 15:33:34.907,17044,17045,17042,1,-1
2021-05-31 15:33:42.195,17043,17045,17043,2,2
2021-05-31 15:33:49.779,17044,17045,17045,1,1
2021-05-31 15:33:53.970,17045,17046,17045,1,-1
2021-05-31 15:33:55.340,17045,17046,17046,1,1
2021-05-31 15:33:55.523,17045,17046,17045,2,-2
2021-05-31 15:33:55.621,17045,17046,17045,1,-1
2021-05-31 15:34:02.243,17044,17046,17044,1,-1
2021-05-31 15:34:02.942,17044,17046,17044,1,-1
2021-05-31 15:34:04.309,17044,17046,17044,1,-1
2021-05-31 15:34:09.641,17044,17045,17045,1,1
2021-05-31 15:34:11.484,17045,17046,17045,1,-1
2021-05-31 15:34:19.004,17045,17046,17046,1,1
2021-05-31 15:34:19.004,17045,17046,17046,6,6
2021-05-31 15:34:27.992,17046,17047,17047,1,1
2021-05-31 15:34:27.994,17046,17047,17047,13,13
2021-05-31 15:34:28.231,17047,17048,17048,16,16
2021-05-31 15:34:28.355,17047,17049,17049,2,2
2021-05-31 15:34:29.537,17048,17049,17049,2,2
2021-05-31 15:34:31.510,17049,17050,17050,1,1
2021-05-31 15:34:31.698,17049,17050,17050,1,1
2021-05-31 15:34:31.707,17049,17050,17050,1,1
2021-05-31 15:34:31.836,17049,17050,17050,2,2
2021-05-31 15:34:31.866,17049,17050,17050,1,1
2021-05-31 15:34:31.868,17049,17050,17050,6,6
2021-05-31 15:34:31.868,17049,17050,17050,5,5
2021-05-31 15:34:31.868,17049,17050,17050,3,3
2021-05-31 15:34:31.868,17049,17050,17050,1,1
2021-05-31 15:34:31.869,17049,17050,17050,2,2
2021-05-31 15:34:31.869,17049,17050,17050,5,5
2021-05-31 15:34:31.869,17049,17050,17050,2,2
2021-05-31 15:34:31.869,17049,17050,17050,1,1
2021-05-31 15:34:31.869,17049,17050,17050,4,4
2021-05-31 15:34:31.869,17049,17050,17050,7,7
2021-05-31 15:34:31.871,17049,17050,17051,1,1
2021-05-31 15:34:31.981,17050,17051,17051,1,1
2021-05-31 15:34:31.991,17050,17051,17051,1,1
2021-05-31 15:34:32.221,17050,17051,17051,1,1
2021-05-31 15:34:32.484,17050,17051,17051,1,1
2021-05-31 15:34:32.936,17050,17051,17051,1,1
2021-05-31 15:34:33.340,17050,17051,17050,1,-1
2021-05-31 15:34:36.007,17049,17050,17049,2,-2
2021-05-31 15:34:36.009,17049,17050,17048,1,-1
2021-05-31 15:34:36.638,17047,17050,17050,1,1
2021-05-31 15:34:46.845,17048,17050,17049,1,-1
2021-05-31 15:34:47.013,17048,17049,17049,1,1
2021-05-31 15:34:47.013,17048,17049,17050,1,1
2021-05-31 15:34:52.104,17049,17050,17049,1,-1
2021-05-31 15:34:52.104,17049,17050,17048,4,-4
2021-05-31 15:34:53.124,17048,17050,17050,5,5
2021-05-31 15:35:00.225,17048,17050,17048,1,-1
2021-05-31 15:35:00.225,17048,17050,17048,1,-1
2021-05-31 15:35:00.468,17047,17048,17047,1,-1
2021-05-31 15:35:00.690,17046,17047,17047,2,2
2021-05-31 15:35:00.738,17046,17048,17046,1,-1
2021-05-31 15:35:04.025,17046,17048,17046,2,-2
2021-05-31 15:35:05.114,17046,17048,17046,1,-1
2021-05-31 15:35:07.086,17046,17048,17048,2,2
2021-05-31 15:35:11.890,17047,17048,17048,1,1
2021-05-31 15:35:11.919,17047,17048,17050,1,1
2021-05-31 15:35:12.850,17048,17050,17050,5,5
2021-05-31 15:35:19.876,17049,17050,17049,1,-1
2021-05-31 15:35:20.351,17047,17049,17049,2,2
2021-05-31 15:35:20.351,17047,17049,17050,3,3
2021-05-31 15:35:23.232,17049,17050,17050,1,1
2021-05-31 15:35:27.483,17050,17051,17051,1,1
2021-05-31 15:35:27.485,17050,17051,17052,1,1
2021-05-31 15:35:27.670,17050,17052,17052,1,1
2021-05-31 15:35:27.682,17050,17052,17052,1,1
2021-05-31 15:35:28.255,17050,17052,17050,1,-1
2021-05-31 15:35:29.407,17050,17051,17051,1,1
2021-05-31 15:35:35.725,17051,17052,17051,1,-1
2021-05-31 15:35:38.615,17050,17052,17051,1,-1
2021-05-31 15:35:38.916,17050,17052,17050,9,-9
2021-05-31 15:35:39.831,17049,17050,17050,1,1
2021-05-31 15:35:40.590,17049,17050,17050,1,1
2021-05-31 15:35:41.775,17049,17050,17050,2,2
2021-05-31 15:35:41.775,17049,17050,17051,1,1
2021-05-31 15:35:43.591,17049,17051,17051,1,1
2021-05-31 15:35:51.526,17049,17050,17050,2,2
2021-05-31 15:35:51.526,17049,17050,17050,3,3
2021-05-31 15:35:56.636,17049,17050,17050,2,2
2021-05-31 15:35:56.636,17049,17050,17051,3,3
2021-05-31 15:35:57.866,17049,17051,17049,1,-1
2021-05-31 15:35:59.349,17049,17051,17050,1,1
2021-05-31 15:36:00.669,17049,17050,17049,4,-4
2021-05-31 15:36:00.950,17048,17049,17049,1,1
2021-05-31 15:36:00.950,17048,17049,17049,1,1
2021-05-31 15:36:00.970,17048,17049,17050,1,1
2021-05-31 15:36:01.051,17048,17050,17050,3,3
2021-05-31 15:36:03.240,17050,17051,17051,1,1
2021-05-31 15:36:04.177,17050,17051,17051,1,1
2021-05-31 15:36:04.269,17050,17051,17051,1,1
2021-05-31 15:36:04.711,17050,17052,17050,1,-1
2021-05-31 15:36:09.255,17050,17051,17051,1,1
2021-05-31 15:36:10.234,17051,17052,17051,2,-2
2021-05-31 15:36:10.510,17050,17051,17051,1,1
2021-05-31 15:36:10.810,17051,17052,17051,3,-3
2021-05-31 15:36:13.020,17050,17052,17052,5,5
2021-05-31 15:36:13.203,17050,17052,17052,1,1
2021-05-31 15:36:15.669,17051,17052,17051,1,-1
2021-05-31 15:36:17.464,17051,17052,17051,1,-1
2021-05-31 15:36:18.299,17051,17052,17051,1,-1
2021-05-31 15:36:19.152,17050,17052,17050,1,-1
2021-05-31 15:36:19.610,17050,17052,17052,1,1
2021-05-31 15:36:25.294,17050,17051,17051,1,1
2021-05-31 15:36:25.478,17050,17052,17052,1,1
2021-05-31 15:36:31.846,17051,17052,17052,10,10
2021-05-31 15:36:41.987,17051,17052,17051,1,-1
2021-05-31 15:36:43.386,17051,17052,17051,1,-1
2021-05-31 15:36:44.263,17051,17052,17051,3,-3
2021-05-31 15:36:44.516,17051,17052,17051,6,-6
2021-05-31 15:36:44.731,17050,17051,17050,7,-7
2021-05-31 15:36:44.731,17050,17051,17050,3,-3
2021-05-31 15:36:56.230,17049,17050,17049,18,-18
2021-05-31 15:36:56.231,17049,17050,17049,2,-2
2021-05-31 15:36:56.231,17049,17050,17049,1,-1
2021-05-31 15:36:56.231,17049,17050,17049,5,-5
2021-05-31 15:36:56.231,17049,17050,17049,8,-8
2021-05-31 15:36:56.231,17049,17050,17049,1,-1
2021-05-31 15:36:56.231,17049,17050,17049,1,-1
2021-05-31 15:36:56.231,17049,17050,17049,1,-1
2021-05-31 15:37:00.693,17048,17049,17048,1,-1
2021-05-31 15:37:02.429,17047,17048,17047,4,-4
2021-05-31 15:37:09.282,17046,17048,17048,1,1
2021-05-31 15:37:31.946,17047,17048,17047,1,-1
2021-05-31 15:37:34.037,17047,17048,17048,2,2
2021-05-31 15:37:56.759,17048,17049,17049,2,2
2021-05-31 15:37:57.652,17048,17049,17048,1,-1
2021-05-31 15:38:07.123,17048,17049,17049,2,2
2021-05-31 15:38:07.123,17048,17049,17049,1,1
2021-05-31 15:38:08.780,17049,17050,17050,6,6
2021-05-31 15:38:14.582,17049,17051,17049,1,-1
2021-05-31 15:38:17.398,17049,17050,17050,1,1
2021-05-31 15:38:24.963,17050,17051,17051,1,1
2021-05-31 15:38:31.534,17050,17051,17050,1,-1
2021-05-31 15:38:32.112,17050,17051,17050,1,-1
2021-05-31 15:38:58.312,17049,17050,17050,1,1
2021-05-31 15:38:59.878,17049,17050,17049,3,-3
2021-05-31 15:39:01.926,17048,17049,17049,1,1
2021-05-31 15:39:07.221,17048,17049,17048,1,-1
2021-05-31 15:39:10.210,17047,17049,17047,1,-1
2021-05-31 15:39:13.554,17047,17049,17049,1,1
2021-05-31 15:39:18.924,17048,17049,17048,1,-1
2021-05-31 15:39:36.373,17048,17050,17050,2,2
2021-05-31 15:39:38.078,17049,17050,17049,1,-1
2021-05-31 15:39:39.335,17049,17050,17048,1,-1
2021-05-31 15:39:46.954,17048,17050,17048,2,-2
2021-05-31 15:40:02.753,17049,17050,17050,3,3
2021-05-31 15:40:03.187,17049,17051,17051,1,1
2021-05-31 15:40:05.066,17049,17051,17050,1,-1
2021-05-31 15:40:10.399,17049,17050,17049,2,-2
2021-05-31 15:40:11.605,17049,17050,17049,1,-1
2021-05-31 15:40:29.033,17048,17049,17049,1,1
2021-05-31 15:40:35.911,17048,17049,17049,2,2
2021-05-31 15:40:42.291,17048,17049,17048,2,-2
2021-05-31 15:40:43.604,17047,17049,17049,1,1
2021-05-31 15:40:44.040,17047,17049,17049,2,2
2021-05-31 15:40:45.476,17047,17048,17047,1,-1
2021-05-31 15:40:45.480,17047,17048,17047,1,-1
2021-05-31 15:40:50.001,17046,17047,17047,1,1
2021-05-31 15:40:54.419,17047,17049,17047,1,-1
2021-05-31 15:41:08.077,17047,17048,17048,1,1
2021-05-31 15:41:17.836,17047,17049,17047,12,-12
2021-05-31 15:41:21.996,17047,17049,17047,5,-5
2021-05-31 15:41:25.508,17047,17049,17047,1,-1
2021-05-31 15:41:39.225,17047,17048,17047,1,-1
2021-05-31 15:41:50.615,17046,17047,17046,14,-14
2021-05-31 15:42:00.256,17045,17046,17045,1,-1
2021-05-31 15:42:00.378,17045,17046,17045,1,-1
2021-05-31 15:42:00.532,17045,17046,17046,1,1
2021-05-31 15:42:00.562,17045,17046,17046,1,1
2021-05-31 15:42:00.564,17045,17046,17046,1,1
2021-05-31 15:42:00.647,17046,17047,17047,3,3
2021-05-31 15:42:00.701,17046,17047,17047,1,1
2021-05-31 15:42:00.718,17046,17047,17047,1,1
2021-05-31 15:42:00.914,17046,17047,17046,1,-1
2021-05-31 15:42:03.232,17045,17046,17045,1,-1
2021-05-31 15:42:05.410,17045,17046,17045,2,-2
2021-05-31 15:42:06.708,17045,17046,17045,1,-1
2021-05-31 15:42:09.226,17045,17046,17045,1,-1
2021-05-31 15:42:22.274,17044,17045,17045,3,3
2021-05-31 15:42:24.503,17045,17046,17045,1,-1
2021-05-31 15:42:33.291,17045,17046,17045,3,-3
2021-05-31 15:42:35.660,17045,17046,17046,6,6
2021-05-31 15:42:35.944,17046,17047,17046,1,-1
2021-05-31 15:42:38.026,17046,17047,17046,1,-1
2021-05-31 15:42:43.428,17046,17047,17046,1,-1
2021-05-31 15:42:45.437,17045,17046,17046,2,2
2021-05-31 15:43:01.214,17046,17047,17046,1,-1
2021-05-31 15:43:01.414,17045,17046,17045,3,-3
2021-05-31 15:43:06.834,17045,17047,17045,1,-1
2021-05-31 15:43:13.189,17045,17046,17045,1,-1
2021-05-31 15:43:17.884,17044,17045,17044,1,-1
2021-05-31 15:43:18.855,17044,17045,17045,2,2
2021-05-31 15:43:22.228,17045,17046,17045,1,-1
2021-05-31 15:43:28.557,17045,17046,17045,5,-5
2021-05-31 15:43:34.295,17044,17045,17044,2,-2
2021-05-31 15:43:34.424,17044,17045,17044,1,-1
2021-05-31 15:43:43.902,17044,17045,17044,3,-3
2021-05-31 15:43:51.223,17044,17045,17045,1,1
2021-05-31 15:43:51.392,17044,17045,17044,1,-1
2021-05-31 15:43:54.826,17044,17045,17044,1,-1
2021-05-31 15:43:57.005,17044,17045,17044,2,-2
2021-05-31 15:43:57.005,17044,17045,17044,1,-1
2021-05-31 15:44:02.246,17043,17044,17044,1,1
2021-05-31 15:44:16.328,17043,17044,17043,1,-1
2021-05-31 15:44:16.774,17043,17044,17043,1,-1
2021-05-31 15:44:18.330,17043,17044,17043,1,-1
2021-05-31 15:44:19.688,17043,17044,17044,1,1
2021-05-31 15:44:21.591,17043,17044,17043,2,-2
2021-05-31 15:44:29.225,17043,17044,17044,1,1
2021-05-31 15:44:29.226,17043,17044,17044,1,1
2021-05-31 15:44:35.354,17043,17045,17045,6,6
2021-05-31 15:44:35.354,17043,17045,17045,4,4
2021-05-31 15:44:36.420,17043,17045,17043,1,-1
2021-05-31 15:44:44.181,17044,17045,17044,1,1
2021-05-31 15:44:50.183,17043,17044,17043,1,-1
2021-05-31 15:44:53.218,17043,17044,17043,7,-7
2021-05-31 15:44:57.506,17042,17043,17043,1,1
2021-05-31 15:44:57.704,17042,17043,17043,1,1
2021-05-31 15:45:02.230,17043,17044,17044,2,2
2021-05-31 15:45:02.458,17044,17045,17045,1,1
2021-05-31 15:45:03.030,17045,17046,17045,1,-1
2021-05-31 15:45:06.842,17045,17046,17045,2,-2
2021-05-31 15:45:10.422,17045,17046,17045,1,-1
2021-05-31 15:45:11.147,17045,17046,17045,1,-1
2021-05-31 15:45:11.352,17045,17046,17046,1,1
2021-05-31 15:45:36.015,17045,17046,17046,3,3
2021-05-31 15:45:56.100,17046,17047,17046,1,-1
2021-05-31 15:46:13.515,17046,17047,17046,3,-3
2021-05-31 15:46:13.892,17045,17046,17046,1,1
2021-05-31 15:46:13.950,17045,17046,17047,1,1
2021-05-31 15:46:13.951,17045,17046,17047,1,1
2021-05-31 15:46:13.974,17045,17046,17047,1,1
2021-05-31 15:46:14.033,17045,17047,17047,1,1
2021-05-31 15:46:19.831,17046,17047,17046,1,-1
2021-05-31 15:46:26.547,17045,17046,17046,1,1
2021-05-31 15:46:32.584,17045,17046,17045,1,-1
2021-05-31 15:46:32.584,17045,17046,17045,3,-3
2021-05-31 15:46:37.536,17044,17045,17045,1,1
2021-05-31 15:46:37.536,17044,17045,17046,1,1
2021-05-31 15:46:40.265,17044,17045,17045,1,1
2021-05-31 15:46:56.530,17044,17045,17044,1,-1
2021-05-31 15:47:01.872,17044,17045,17044,1,-1
2021-05-31 15:47:11.063,17044,17045,17044,1,-1
2021-05-31 15:47:21.691,17043,17044,17043,1,-1
2021-05-31 15:47:23.828,17043,17044,17043,1,-1
2021-05-31 15:47:39.698,17043,17044,17044,1,1
2021-05-31 15:47:39.698,17043,17044,17044,1,1
2021-05-31 15:47:54.815,17044,17045,17045,3,3
2021-05-31 15:47:54.815,17044,17045,17045,1,1
2021-05-31 15:47:54.815,17044,17045,17045,3,3
2021-05-31 15:48:00.631,17044,17046,17045,1,-1
2021-05-31 15:48:14.821,17044,17045,17044,2,-2
2021-05-31 15:48:45.946,17043,17044,17044,1,1
2021-05-31 15:49:02.779,17043,17045,17044,1,-1
2021-05-31 15:49:08.119,17043,17045,17045,1,1
2021-05-31 15:49:10.780,17043,17044,17043,1,-1
2021-05-31 15:49:13.968,17043,17044,17043,3,-3
2021-05-31 15:49:14.733,17042,17043,17042,2,-2
2021-05-31 15:49:14.733,17042,17043,17042,6,-6
2021-05-31 15:49:14.733,17042,17043,17042,1,-1
2021-05-31 15:49:14.733,17042,17043,17042,1,-1
2021-05-31 15:49:14.733,17042,17043,17042,1,-1
2021-05-31 15:49:14.733,17042,17043,17042,1,-1
2021-05-31 15:49:14.733,17042,17043,17042,1,-1
2021-05-31 15:49:14.733,17042,17043,17042,3,-3
2021-05-31 15:49:16.896,17041,17042,17041,1,-1
2021-05-31 15:49:17.091,17041,17042,17041,1,-1
2021-05-31 15:49:20.309,17041,17042,17041,1,-1
2021-05-31 15:49:20.309,17041,17042,17041,1,-1
2021-05-31 15:49:21.833,17040,17041,17040,1,-1
2021-05-31 15:49:21.863,17040,17041,17040,2,-2
2021-05-31 15:49:21.877,17040,17041,17040,6,-6
2021-05-31 15:49:22.504,17040,17041,17040,2,-2
2021-05-31 15:49:23.571,17040,17041,17041,1,1
2021-05-31 15:49:23.679,17040,17041,17040,1,-1
2021-05-31 15:49:28.622,17040,17041,17040,2,-2
2021-05-31 15:49:30.601,17040,17041,17040,2,-2
2021-05-31 15:49:30.602,17040,17041,17040,2,-2
2021-05-31 15:49:35.381,17040,17041,17040,1,-1
2021-05-31 15:49:37.204,17040,17041,17041,2,2
2021-05-31 15:49:50.436,17041,17042,17042,2,2
2021-05-31 15:49:52.963,17042,17044,17042,1,-1
2021-05-31 15:49:52.965,17042,17044,17042,5,-5
2021-05-31 15:50:02.086,17042,17043,17042,3,-3
2021-05-31 15:50:02.087,17042,17043,17042,1,-1
2021-05-31 15:50:05.277,17042,17043,17042,1,-1
2021-05-31 15:50:05.630,17041,17043,17043,1,1
2021-05-31 15:50:16.591,17042,17043,17043,1,1
2021-05-31 15:50:17.573,17043,17044,17043,1,-1
2021-05-31 15:50:43.973,17043,17044,17043,1,-1
2021-05-31 15:50:44.871,17043,17044,17043,1,-1
2021-05-31 15:50:53.920,17042,17043,17042,10,-10
2021-05-31 15:50:54.046,17040,17041,17040,2,-2
2021-05-31 15:50:54.319,17040,17041,17040,1,-1
2021-05-31 15:50:55.251,17040,17041,17040,2,-2
2021-05-31 15:50:55.251,17040,17041,17040,1,-1
2021-05-31 15:50:55.456,17039,17040,17039,1,-1
2021-05-31 15:50:55.491,17039,17040,17039,2,-2
2021-05-31 15:50:55.491,17039,17040,17038,2,-2
2021-05-31 15:50:55.654,17038,17039,17038,1,-1
2021-05-31 15:50:55.655,17038,17039,17038,1,-1
2021-05-31 15:50:55.713,17038,17039,17038,1,-1
2021-05-31 15:50:55.850,17038,17039,17038,1,-1
2021-05-31 15:50:55.980,17038,17039,17038,1,-1
2021-05-31 15:50:56.011,17038,17039,17038,1,-1
2021-05-31 15:50:56.027,17038,17039,17038,1,-1
2021-05-31 15:50:56.102,17038,17039,17038,1,-1
2021-05-31 15:50:56.114,17038,17039,17038,1,-1
2021-05-31 15:50:57.109,17038,17040,17040,1,1
2021-05-31 15:50:57.608,17039,17041,17039,2,-2
2021-05-31 15:51:09.512,17038,17039,17038,2,-2
2021-05-31 15:51:09.512,17038,17039,17037,3,-3
2021-05-31 15:51:09.804,17037,17039,17038,1,1
2021-05-31 15:51:10.093,17038,17039,17039,1,1
2021-05-31 15:51:10.568,17038,17040,17038,1,-1
2021-05-31 15:51:16.644,17037,17039,17037,5,-5
2021-05-31 15:51:19.040,17038,17039,17039,1,1
2021-05-31 15:51:20.932,17039,17040,17039,4,-4
2021-05-31 15:51:20.932,17039,17040,17038,1,-1
2021-05-31 15:51:23.029,17038,17040,17038,1,-1
2021-05-31 15:51:24.548,17039,17040,17039,2,2
2021-05-31 15:51:34.746,17039,17040,17039,1,-1
2021-05-31 15:51:39.057,17039,17040,17040,1,1
2021-05-31 15:51:44.974,17039,17040,17039,1,-1
2021-05-31 15:51:53.322,17039,17040,17039,4,-4
2021-05-31 15:52:02.306,17039,17040,17040,1,1
2021-05-31 15:52:02.760,17039,17040,17040,1,1
2021-05-31 15:52:02.792,17039,17040,17040,1,1
2021-05-31 15:52:02.852,17039,17040,17040,4,4
2021-05-31 15:52:02.853,17039,17040,17040,1,1
2021-05-31 15:52:02.853,17039,17040,17040,2,2
2021-05-31 15:52:02.853,17039,17040,17040,1,1
2021-05-31 15:52:03.294,17040,17041,17041,2,2
2021-05-31 15:52:09.898,17040,17042,17040,4,-4
2021-05-31 15:52:09.899,17040,17042,17040,8,-8
2021-05-31 15:52:47.316,17040,17041,17041,1,1
2021-05-31 15:53:12.935,17041,17042,17042,4,4
2021-05-31 15:53:22.892,17041,17042,17042,1,1
2021-05-31 15:53:32.887,17041,17042,17041,3,-3
2021-05-31 15:54:16.012,17040,17041,17041,1,1
2021-05-31 15:54:16.437,17040,17041,17040,1,-1
2021-05-31 15:54:19.326,17040,17041,17040,2,-2
2021-05-31 15:54:25.531,17039,17040,17040,1,1
2021-05-31 15:54:27.556,17039,17040,17040,1,1
2021-05-31 15:54:29.680,17039,17040,17039,1,-1
2021-05-31 15:54:29.680,17039,17040,17039,1,-1
2021-05-31 15:54:47.952,17038,17039,17038,6,-6
2021-05-31 15:54:47.952,17038,17039,17037,4,-4
2021-05-31 15:54:48.098,17037,17038,17037,1,-1
2021-05-31 15:54:51.153,17037,17038,17037,1,-1
2021-05-31 15:54:52.140,17037,17038,17037,1,-1
2021-05-31 15:55:01.278,17037,17038,17037,1,-1
2021-05-31 15:55:01.542,17037,17038,17037,1,-1
2021-05-31 15:55:01.542,17037,17038,17037,1,-1
2021-05-31 15:55:01.542,17037,17038,17037,2,-2
2021-05-31 15:55:01.542,17037,17038,17037,2,-2
2021-05-31 15:55:01.542,17037,17038,17037,1,-1
2021-05-31 15:55:01.542,17037,17038,17037,1,-1
2021-05-31 15:55:09.260,17036,17037,17037,1,1
2021-05-31 15:55:10.549,17036,17037,17037,1,1
2021-05-31 15:55:18.384,17037,17038,17037,1,-1
2021-05-31 15:55:20.614,17037,17038,17038,1,1
2021-05-31 15:55:23.256,17038,17039,17038,2,-2
2021-05-31 15:55:40.438,17037,17038,17037,1,-1
2021-05-31 15:55:40.439,17037,17038,17037,1,-1
2021-05-31 15:55:40.439,17037,17038,17037,1,-1
2021-05-31 15:55:40.439,17037,17038,17037,1,-1
2021-05-31 15:55:40.452,17037,17038,17036,2,-2
2021-05-31 15:55:40.703,17036,17038,17036,1,-1
2021-05-31 15:55:41.037,17036,17038,17038,1,1
2021-05-31 15:55:49.642,17036,17038,17038,1,1
2021-05-31 15:55:59.055,17037,17038,17037,2,-2
2021-05-31 15:56:00.218,17037,17038,17038,2,2
2021-05-31 15:56:00.218,17037,17038,17038,1,1
2021-05-31 15:56:00.218,17037,17038,17038,1,1
2021-05-31 15:56:00.218,17037,17038,17038,1,1
2021-05-31 15:56:00.218,17037,17038,17038,1,1
2021-05-31 15:56:00.218,17037,17038,17038,1,1
2021-05-31 15:56:05.929,17038,17039,17038,1,-1
2021-05-31 15:56:08.615,17038,17039,17038,2,-2
2021-05-31 15:56:08.616,17038,17039,17038,3,-3
2021-05-31 15:56:10.767,17038,17039,17039,4,4
2021-05-31 15:56:16.066,17039,17040,17040,2,2
2021-05-31 15:56:27.980,17040,17041,17041,2,2
2021-05-31 15:56:27.980,17040,17041,17042,2,2
2021-05-31 15:56:30.020,17040,17042,17042,1,1
2021-05-31 15:56:39.399,17040,17042,17040,1,-1
2021-05-31 15:56:39.878,17040,17041,17041,1,1
2021-05-31 15:56:42.710,17041,17042,17041,1,-1
2021-05-31 15:56:54.581,17041,17042,17041,1,-1
2021-05-31 15:57:07.549,17040,17041,17041,1,1
2021-05-31 15:57:07.608,17040,17042,17042,3,3
2021-05-31 15:57:07.609,17040,17042,17042,1,1
2021-05-31 15:57:07.609,17040,17042,17042,1,1
2021-05-31 15:57:07.609,17040,17042,17042,2,2
2021-05-31 15:57:07.612,17040,17042,17043,2,2
2021-05-31 15:57:07.612,17040,17042,17043,2,2
2021-05-31 15:57:09.571,17041,17043,17043,1,1
2021-05-31 15:57:09.607,17041,17043,17043,3,3
2021-05-31 15:57:09.607,17041,17043,17044,1,1
2021-05-31 15:57:09.607,17041,17043,17044,1,1
2021-05-31 15:57:09.607,17041,17043,17044,2,2
2021-05-31 15:57:09.607,17041,17043,17044,2,2
2021-05-31 15:57:09.607,17041,17043,17044,1,1
2021-05-31 15:57:09.607,17041,17043,17044,1,1
2021-05-31 15:57:09.608,17041,17043,17044,1,1
2021-05-31 15:57:09.608,17041,17043,17045,1,1
2021-05-31 15:57:09.608,17041,17043,17044,1,1
2021-05-31 15:57:09.608,17041,17043,17044,1,1
2021-05-31 15:57:09.609,17041,17043,17044,1,1
2021-05-31 15:57:09.610,17041,17043,17045,1,1
2021-05-31 15:57:09.611,17041,17043,17045,1,1
2021-05-31 15:57:09.611,17041,17043,17045,1,1
2021-05-31 15:57:09.611,17041,17043,17045,1,1
2021-05-31 15:57:09.612,17041,17043,17045,1,1
2021-05-31 15:57:10.440,17043,17045,17045,1,1
2021-05-31 15:57:14.420,17043,17045,17045,1,1
2021-05-31 15:57:18.203,17043,17044,17043,1,-1
2021-05-31 15:57:18.550,17042,17044,17044,1,1
2021-05-31 15:57:25.218,17040,17042,17042,1,1
2021-05-31 15:57:25.232,17041,17042,17042,3,3
2021-05-31 15:57:25.232,17041,17042,17043,1,1
2021-05-31 15:57:25.232,17041,17042,17043,1,1
2021-05-31 15:57:25.233,17041,17042,17043,1,1
2021-05-31 15:57:25.233,17041,17042,17043,2,2
2021-05-31 15:57:25.233,17041,17042,17044,2,2
2021-05-31 15:57:25.234,17041,17042,17044,1,1
2021-05-31 15:57:25.234,17041,17042,17044,1,1
2021-05-31 15:57:25.234,17041,17042,17044,1,1
2021-05-31 15:57:25.234,17041,17042,17044,1,1
2021-05-31 15:57:25.234,17041,17042,17044,1,1
2021-05-31 15:57:25.234,17041,17042,17044,1,1
2021-05-31 15:57:25.234,17041,17042,17044,1,1
2021-05-31 15:57:25.235,17041,17042,17045,1,1
2021-05-31 15:57:25.235,17041,17042,17045,1,1
2021-05-31 15:57:25.236,17041,17042,17045,1,1
2021-05-31 15:57:25.237,17041,17042,17045,1,1
2021-05-31 15:57:25.237,17041,17042,17045,1,1
2021-05-31 15:57:25.237,17041,17042,17045,1,1
2021-05-31 15:57:25.237,17041,17042,17045,1,1
2021-05-31 15:57:25.239,17041,17042,17044,2,2
2021-05-31 15:57:25.239,17041,17042,17046,1,1
2021-05-31 15:57:37.736,17043,17044,17043,1,-1
2021-05-31 15:57:54.559,17043,17044,17044,1,1
2021-05-31 15:57:54.607,17043,17044,17044,2,2
2021-05-31 15:57:54.607,17043,17044,17045,1,1
2021-05-31 15:57:54.607,17043,17044,17045,1,1
2021-05-31 15:57:54.607,17043,17044,17045,1,1
2021-05-31 15:57:54.607,17043,17044,17045,1,1
2021-05-31 15:57:54.608,17043,17044,17045,2,2
2021-05-31 15:57:54.608,17043,17044,17046,1,1
2021-05-31 15:57:54.608,17043,17044,17046,2,2
2021-05-31 15:57:54.608,17043,17044,17045,1,1
2021-05-31 15:57:54.608,17043,17044,17045,1,1
2021-05-31 15:57:54.608,17043,17044,17046,1,1
2021-05-31 15:57:54.608,17043,17044,17046,1,1
2021-05-31 15:57:54.608,17043,17044,17046,1,1
2021-05-31 15:57:54.608,17043,17044,17046,1,1
2021-05-31 15:57:54.609,17043,17044,17046,1,1
2021-05-31 15:57:54.610,17043,17044,17046,1,1
2021-05-31 15:57:54.610,17043,17044,17046,1,1
2021-05-31 15:57:54.612,17043,17044,17046,1,1
2021-05-31 15:58:15.307,17045,17046,17045,1,-1
2021-05-31 15:58:15.357,17044,17045,17045,1,1
2021-05-31 15:58:15.358,17044,17045,17046,1,1
2021-05-31 15:58:15.358,17044,17045,17046,1,1
2021-05-31 15:58:15.359,17044,17045,17046,1,1
2021-05-31 15:58:15.362,17044,17045,17046,1,1
2021-05-31 15:58:36.236,17044,17045,17045,2,2
2021-05-31 15:58:36.357,17044,17045,17045,1,1
2021-05-31 15:58:46.272,17044,17045,17045,1,1
2021-05-31 15:58:46.691,17044,17045,17044,4,-4
2021-05-31 15:58:46.691,17044,17045,17044,2,-2
2021-05-31 15:59:28.442,17043,17044,17044,1,1
2021-05-31 15:59:33.594,17043,17044,17044,1,1
2021-05-31 15:59:40.702,17043,17044,17043,1,-1
2021-05-31 15:59:40.702,17043,17044,17043,3,-3
2021-05-31 15:59:44.921,17042,17043,17042,1,-1
2021-05-31 16:00:00.739,17042,17043,17042,1,-1
2021-05-31 16:00:00.740,17042,17043,17042,1,-1
2021-05-31 16:00:00.740,17042,17043,17042,5,-5
2021-05-31 16:00:01.197,17041,17043,17043,3,3
2021-05-31 16:00:01.197,17041,17043,17043,3,3
2021-05-31 16:00:01.224,17041,17043,17043,1,1
2021-05-31 16:00:01.224,17041,17043,17044,2,2
2021-05-31 16:00:01.363,17041,17043,17043,1,1
2021-05-31 16:00:01.363,17041,17043,17044,2,2
2021-05-31 16:00:01.839,17042,17043,17043,1,1
2021-05-31 16:00:02.332,17042,17044,17044,1,1
2021-05-31 16:00:02.365,17042,17044,17044,1,1
2021-05-31 16:00:02.403,17042,17044,17045,1,1
2021-05-31 16:00:02.511,17043,17044,17043,1,-1
2021-05-31 16:00:05.083,17042,17044,17042,1,-1
2021-05-31 16:00:09.453,17041,17044,17041,1,-1
2021-05-31 16:00:23.221,17041,17042,17041,1,-1
2021-05-31 16:00:34.523,17041,17042,17041,1,-1
2021-05-31 16:00:47.467,17041,17042,17041,1,-1
2021-05-31 16:00:51.765,17041,17042,17042,1,1
2021-05-31 16:01:12.489,17041,17043,17041,1,-1
2021-05-31 16:01:40.126,17040,17041,17040,1,-1
2021-05-31 16:01:41.902,17040,17041,17041,1,1
2021-05-31 16:01:42.962,17040,17041,17040,2,-2
2021-05-31 16:01:42.962,17040,17041,17040,1,-1
2021-05-31 16:01:42.963,17040,17041,17040,1,-1
2021-05-31 16:01:47.325,17039,17040,17039,1,-1
2021-05-31 16:01:47.325,17039,17040,17039,2,-2
2021-05-31 16:01:51.479,17038,17039,17038,3,-3
2021-05-31 16:01:56.728,17038,17039,17038,1,-1
2021-05-31 16:01:56.728,17038,17039,17037,3,-3
2021-05-31 16:01:56.728,17038,17039,17036,4,-4
2021-05-31 16:01:57.098,17036,17038,17036,1,-1
2021-05-31 16:02:02.358,17037,17038,17037,1,1
2021-05-31 16:02:05.272,17036,17038,17036,2,-2
2021-05-31 16:02:06.174,17037,17038,17037,1,1
2021-05-31 16:02:06.696,17036,17038,17036,2,-2
2021-05-31 16:02:08.361,17037,17039,17037,3,3
2021-05-31 16:02:08.361,17037,17039,17036,3,-3
2021-05-31 16:02:10.077,17036,17038,17036,1,-1
2021-05-31 16:02:13.724,17037,17038,17037,1,1
2021-05-31 16:02:14.172,17036,17038,17036,1,-1
2021-05-31 16:02:14.368,17036,17038,17036,1,-1
2021-05-31 16:02:19.705,17036,17037,17036,1,-1
2021-05-31 16:02:21.250,17036,17037,17036,1,-1
2021-05-31 16:02:26.098,17036,17037,17037,1,1
2021-05-31 16:02:31.479,17039,17041,17039,1,1
2021-05-31 16:02:36.679,17039,17041,17039,4,-4
2021-05-31 16:02:36.679,17039,17041,17039,1,-1
2021-05-31 16:02:40.158,17040,17041,17041,1,1
2021-05-31 16:02:40.797,17040,17042,17040,1,-1
2021-05-31 16:02:43.932,17040,17042,17042,2,2
2021-05-31 16:02:43.936,17040,17042,17040,1,-1
2021-05-31 16:02:50.131,17041,17042,17042,1,1
2021-05-31 16:02:54.074,17041,17042,17042,2,2
2021-05-31 16:02:59.645,17041,17042,17042,1,1
2021-05-31 16:03:03.014,17041,17042,17041,2,-2
2021-05-31 16:03:07.860,17040,17041,17040,2,-2
2021-05-31 16:03:10.989,17039,17040,17039,1,-1
2021-05-31 16:03:10.989,17039,17040,17039,1,-1
2021-05-31 16:03:17.639,17038,17039,17038,2,-2
2021-05-31 16:03:24.075,17038,17039,17038,1,-1
2021-05-31 16:03:28.547,17037,17038,17038,1,1
2021-05-31 16:03:30.556,17037,17038,17038,7,7
2021-05-31 16:03:30.556,17037,17038,17038,3,3
2021-05-31 16:03:31.775,17038,17039,17038,1,-1
2021-05-31 16:03:36.047,17038,17039,17039,1,1
2021-05-31 16:03:37.893,17039,17040,17040,1,1
2021-05-31 16:03:38.903,17039,17041,17039,1,-1
2021-05-31 16:03:50.151,17039,17040,17040,1,1
2021-05-31 16:03:50.910,17039,17041,17039,1,-1
2021-05-31 16:03:57.039,17039,17040,17039,1,-1
2021-05-31 16:04:10.157,17037,17039,17037,1,-1
2021-05-31 16:04:11.624,17037,17039,17037,1,-1
2021-05-31 16:04:12.770,17037,17039,17037,1,-1
2021-05-31 16:04:12.771,17037,17039,17037,1,-1
2021-05-31 16:04:20.219,17038,17040,17038,1,1
2021-05-31 16:04:29.922,17038,17040,17038,1,-1
2021-05-31 16:04:35.675,17037,17039,17039,2,2
2021-05-31 16:04:35.741,17037,17039,17039,1,1
2021-05-31 16:04:40.133,17037,17038,17038,1,1
2021-05-31 16:04:40.133,17037,17038,17039,1,1
2021-05-31 16:04:47.325,17037,17038,17037,1,-1
2021-05-31 16:04:47.842,17036,17037,17036,2,-2
2021-05-31 16:04:47.933,17036,17037,17037,1,1
2021-05-31 16:04:52.400,17036,17037,17036,3,-3
2021-05-31 16:04:52.497,17036,17037,17037,1,1
2021-05-31 16:05:00.459,17036,17038,17036,2,-2
2021-05-31 16:05:01.493,17036,17038,17036,2,-2
2021-05-31 16:05:01.493,17036,17038,17035,1,-1
2021-05-31 16:05:01.703,17035,17037,17035,1,-1
2021-05-31 16:05:01.771,17035,17037,17035,1,-1
2021-05-31 16:05:01.827,17035,17037,17035,1,-1
2021-05-31 16:05:05.814,17035,17036,17035,3,-3
2021-05-31 16:05:05.815,17035,17036,17035,1,-1
2021-05-31 16:05:09.214,17034,17035,17035,1,1
2021-05-31 16:05:27.763,17036,17037,17036,2,2
2021-05-31 16:05:31.722,17035,17036,17035,2,-2
2021-05-31 16:05:41.296,17035,17036,17035,3,-3
2021-05-31 16:05:44.892,17035,17036,17035,1,-1
2021-05-31 16:05:48.548,17035,17036,17035,1,-1
2021-05-31 16:05:48.572,17035,17036,17035,1,-1
2021-05-31 16:05:51.543,17034,17036,17035,1,-1
2021-05-31 16:05:54.938,17035,17036,17035,2,-2
2021-05-31 16:05:58.543,17035,17036,17035,3,-3
2021-05-31 16:05:58.544,17035,17036,17035,4,-4
2021-05-31 16:05:58.842,17035,17036,17035,1,-1
2021-05-31 16:05:58.925,17034,17036,17036,4,4
2021-05-31 16:05:58.926,17034,17036,17036,15,15
2021-05-31 16:05:58.926,17034,17036,17036,1,1
2021-05-31 16:06:04.614,17035,17037,17036,1,-1
2021-05-31 16:06:06.207,17035,17036,17036,2,2
2021-05-31 16:06:11.752,17035,17036,17036,1,1
2021-05-31 16:06:52.321,17037,17038,17037,1,1
2021-05-31 16:07:00.165,17037,17038,17038,2,2
2021-05-31 16:07:00.165,17037,17038,17038,2,2
2021-05-31 16:07:00.166,17037,17038,17038,3,3
2021-05-31 16:07:00.546,17038,17039,17038,1,-1
2021-05-31 16:07:09.274,17037,17038,17037,1,-1
2021-05-31 16:07:17.198,17037,17039,17037,1,-1
2021-05-31 16:07:32.716,17037,17039,17039,1,1
2021-05-31 16:07:38.418,17038,17039,17039,1,1
2021-05-31 16:07:57.627,17038,17039,17039,1,1
2021-05-31 16:07:57.627,17038,17039,17039,10,10
2021-05-31 16:08:00.967,17039,17040,17040,2,2
2021-05-31 16:08:07.719,17040,17041,17040,1,-1
2021-05-31 16:08:07.915,17040,17041,17040,1,-1
2021-05-31 16:08:08.416,17040,17041,17041,1,1
2021-05-31 16:08:12.344,17040,17041,17041,1,1
2021-05-31 16:08:14.189,17040,17041,17041,1,1
2021-05-31 16:08:20.536,17040,17041,17040,1,-1
2021-05-31 16:08:20.598,17040,17041,17041,1,1
2021-05-31 16:08:25.883,17040,17041,17040,1,-1
2021-05-31 16:08:26.280,17040,17041,17040,1,-1
2021-05-31 16:08:35.397,17040,17041,17040,1,-1
2021-05-31 16:08:44.696,17040,17041,17040,1,-1
2021-05-31 16:08:45.185,17039,17041,17039,1,-1
2021-05-31 16:08:45.808,17038,17040,17040,1,1
2021-05-31 16:08:53.628,17038,17039,17038,1,-1
2021-05-31 16:08:53.892,17037,17038,17037,1,-1
2021-05-31 16:08:54.697,17037,17038,17037,1,-1
2021-05-31 16:09:01.517,17037,17038,17037,1,-1
2021-05-31 16:09:09.152,17037,17038,17037,1,-1
2021-05-31 16:09:19.146,17037,17038,17037,1,-1
2021-05-31 16:09:27.972,17037,17038,17038,1,1
2021-05-31 16:09:27.972,17037,17038,17038,1,1
2021-05-31 16:09:27.972,17037,17038,17038,2,2
2021-05-31 16:09:27.972,17037,17038,17038,1,1
2021-05-31 16:09:43.575,17038,17039,17039,1,1
2021-05-31 16:09:43.590,17038,17039,17038,1,-1
2021-05-31 16:09:48.565,17038,17039,17038,1,-1
2021-05-31 16:09:54.806,17038,17039,17038,1,-1
