2020-04-30 15:00:00.053,10938,10939,10938,48,-48
2020-04-30 15:00:00.054,10938,10939,10938,1,-1
2020-04-30 15:00:00.055,10938,10939,10939,1,1
2020-04-30 15:00:00.281,10939,10940,10940,1,1
2020-04-30 15:00:00.303,10939,10940,10940,1,1
2020-04-30 15:00:00.325,10939,10940,10940,1,1
2020-04-30 15:00:00.352,10939,10940,10940,1,1
2020-04-30 15:00:00.376,10939,10940,10940,1,1
2020-04-30 15:00:00.376,10939,10940,10940,1,1
2020-04-30 15:00:00.484,10939,10941,10941,1,1
2020-04-30 15:00:00.746,10939,10940,10940,1,1
2020-04-30 15:00:00.798,10939,10940,10939,4,-4
2020-04-30 15:00:00.798,10939,10940,10938,1,-1
2020-04-30 15:00:00.912,10938,10940,10940,1,1
2020-04-30 15:00:00.948,10939,10941,10941,2,2
2020-04-30 15:00:01.135,10939,10941,10939,2,-2
2020-04-30 15:00:01.191,10939,10941,10939,1,-1
2020-04-30 15:00:01.566,10939,10941,10939,1,-1
2020-04-30 15:00:02.969,10939,10941,10940,2,2
2020-04-30 15:00:02.970,10939,10941,10940,2,-2
2020-04-30 15:00:02.997,10939,10941,10940,1,-1
2020-04-30 15:00:03.386,10939,10941,10939,6,-6
2020-04-30 15:00:04.155,10939,10941,10939,1,-1
2020-04-30 15:00:04.787,10939,10940,10940,1,1
2020-04-30 15:00:04.932,10939,10940,10940,1,1
2020-04-30 15:00:05.121,10939,10940,10939,1,-1
2020-04-30 15:00:05.595,10939,10940,10940,1,1
2020-04-30 15:00:05.808,10939,10940,10939,5,-5
2020-04-30 15:00:05.967,10939,10940,10939,2,-2
2020-04-30 15:00:06.112,10939,10940,10939,2,-2
2020-04-30 15:00:06.112,10939,10940,10939,5,-5
2020-04-30 15:00:06.199,10938,10939,10939,1,1
2020-04-30 15:00:06.387,10938,10939,10939,1,1
2020-04-30 15:00:06.833,10938,10939,10939,2,2
2020-04-30 15:00:06.833,10938,10939,10939,2,2
2020-04-30 15:00:06.999,10939,10940,10939,1,-1
2020-04-30 15:00:07.212,10938,10939,10938,4,-4
2020-04-30 15:00:07.212,10938,10939,10938,1,-1
2020-04-30 15:00:07.212,10938,10939,10938,15,-15
2020-04-30 15:00:07.212,10938,10939,10938,1,-1
2020-04-30 15:00:07.213,10938,10939,10938,2,-2
2020-04-30 15:00:07.213,10938,10939,10938,1,-1
2020-04-30 15:00:07.213,10938,10939,10938,1,-1
2020-04-30 15:00:07.213,10938,10939,10938,3,-3
2020-04-30 15:00:07.213,10938,10939,10938,1,-1
2020-04-30 15:00:07.213,10938,10939,10938,7,-7
2020-04-30 15:00:07.387,10937,10938,10938,5,5
2020-04-30 15:00:07.755,10938,10939,10938,2,-2
2020-04-30 15:00:07.908,10937,10938,10938,5,5
2020-04-30 15:00:08.139,10937,10939,10939,5,5
2020-04-30 15:00:08.479,10937,10938,10938,1,1
2020-04-30 15:00:08.746,10937,10938,10938,5,5
2020-04-30 15:00:09.115,10938,10939,10938,1,-1
2020-04-30 15:00:09.115,10938,10939,10937,9,-9
2020-04-30 15:00:09.757,10938,10939,10938,3,3
2020-04-30 15:00:09.849,10938,10939,10939,3,3
2020-04-30 15:00:10.814,10938,10939,10938,6,-6
2020-04-30 15:00:11.116,10938,10939,10938,10,-10
2020-04-30 15:00:11.117,10938,10939,10938,1,-1
2020-04-30 15:00:12.391,10937,10938,10937,1,-1
2020-04-30 15:00:12.582,10937,10938,10938,1,1
2020-04-30 15:00:12.618,10937,10938,10938,2,2
2020-04-30 15:00:12.748,10937,10939,10937,1,-1
2020-04-30 15:00:13.115,10937,10938,10937,10,-10
2020-04-30 15:00:13.116,10937,10938,10937,5,-5
2020-04-30 15:00:13.406,10936,10938,10938,1,1
2020-04-30 15:00:13.600,10936,10938,10938,1,1
2020-04-30 15:00:13.616,10936,10938,10938,5,5
2020-04-30 15:00:13.627,10936,10938,10938,2,2
2020-04-30 15:00:13.905,10938,10939,10939,2,2
2020-04-30 15:00:13.975,10938,10939,10938,2,-2
2020-04-30 15:00:14.062,10938,10939,10938,6,-6
2020-04-30 15:00:14.513,10936,10938,10936,4,-4
2020-04-30 15:00:14.666,10936,10938,10936,9,-9
2020-04-30 15:00:15.697,10937,10938,10937,2,2
2020-04-30 15:00:17.116,10936,10937,10936,8,-8
2020-04-30 15:00:17.118,10936,10937,10936,5,-5
2020-04-30 15:00:17.607,10935,10936,10936,5,5
2020-04-30 15:00:18.178,10935,10936,10935,3,-3
2020-04-30 15:00:18.795,10934,10936,10936,1,1
2020-04-30 15:00:19.366,10934,10935,10934,1,-1
2020-04-30 15:00:19.812,10934,10935,10934,3,-3
2020-04-30 15:00:20.513,10933,10935,10934,2,-2
2020-04-30 15:00:20.531,10933,10935,10934,1,-1
2020-04-30 15:00:20.759,10934,10935,10934,2,-2
2020-04-30 15:00:20.866,10933,10935,10933,1,-1
2020-04-30 15:00:20.999,10933,10935,10933,2,-2
2020-04-30 15:00:21.004,10933,10935,10933,5,-5
2020-04-30 15:00:21.053,10933,10935,10933,5,-5
2020-04-30 15:00:21.118,10933,10935,10933,1,-1
2020-04-30 15:00:21.363,10933,10934,10933,1,-1
2020-04-30 15:00:21.430,10933,10934,10933,1,-1
2020-04-30 15:00:21.509,10933,10934,10933,1,-1
2020-04-30 15:00:21.510,10933,10934,10933,1,-1
2020-04-30 15:00:22.747,10933,10934,10933,1,-1
2020-04-30 15:00:23.119,10932,10934,10932,2,-2
2020-04-30 15:00:23.479,10932,10933,10932,10,-10
2020-04-30 15:00:23.533,10932,10933,10933,1,1
2020-04-30 15:00:24.107,10932,10933,10932,9,-9
2020-04-30 15:00:25.386,10931,10932,10932,1,1
2020-04-30 15:00:25.571,10931,10932,10932,1,1
2020-04-30 15:00:25.998,10931,10932,10932,1,1
2020-04-30 15:00:27.233,10931,10932,10932,5,5
2020-04-30 15:00:27.618,10931,10932,10931,1,-1
2020-04-30 15:00:27.854,10931,10932,10932,2,2
2020-04-30 15:00:28.277,10931,10932,10931,1,-1
2020-04-30 15:00:28.960,10931,10932,10932,1,1
2020-04-30 15:00:29.543,10931,10932,10932,1,1
2020-04-30 15:00:29.702,10931,10932,10932,1,1
2020-04-30 15:00:30.549,10931,10932,10932,6,6
2020-04-30 15:00:30.954,10932,10933,10932,1,-1
2020-04-30 15:00:31.928,10932,10933,10932,2,-2
2020-04-30 15:00:32.153,10932,10933,10933,4,4
2020-04-30 15:00:32.653,10932,10934,10932,1,-1
2020-04-30 15:00:35.314,10933,10934,10933,2,2
2020-04-30 15:00:36.384,10932,10934,10932,1,-1
2020-04-30 15:00:38.528,10933,10934,10934,7,7
2020-04-30 15:00:39.509,10934,10935,10935,4,4
2020-04-30 15:00:39.509,10934,10935,10936,1,1
2020-04-30 15:00:39.583,10934,10936,10935,1,-1
2020-04-30 15:00:39.722,10934,10936,10936,5,5
2020-04-30 15:00:39.935,10935,10936,10936,4,4
2020-04-30 15:00:39.935,10935,10936,10937,1,1
2020-04-30 15:00:40.132,10935,10937,10937,4,4
2020-04-30 15:00:40.132,10935,10937,10938,1,1
2020-04-30 15:00:40.319,10936,10938,10938,5,5
2020-04-30 15:00:40.776,10937,10938,10937,2,-2
2020-04-30 15:00:40.776,10937,10938,10936,6,-6
2020-04-30 15:00:41.413,10937,10938,10937,1,1
2020-04-30 15:00:41.589,10936,10937,10936,1,-1
2020-04-30 15:00:41.624,10936,10937,10936,1,-1
2020-04-30 15:00:41.903,10935,10937,10935,1,-1
2020-04-30 15:00:42.177,10936,10937,10937,5,5
2020-04-30 15:00:42.523,10936,10938,10938,1,1
2020-04-30 15:00:42.718,10936,10938,10936,1,-1
2020-04-30 15:00:43.304,10936,10938,10936,1,-1
2020-04-30 15:00:43.428,10936,10938,10936,1,-1
2020-04-30 15:00:43.797,10936,10938,10936,1,-1
2020-04-30 15:00:46.465,10936,10937,10937,2,2
2020-04-30 15:00:46.584,10937,10938,10938,2,2
2020-04-30 15:00:47.079,10937,10938,10938,6,6
2020-04-30 15:00:51.609,10937,10938,10937,1,-1
2020-04-30 15:00:53.615,10936,10937,10936,1,-1
2020-04-30 15:00:53.999,10936,10937,10936,1,-1
2020-04-30 15:00:55.402,10935,10936,10935,1,-1
2020-04-30 15:00:57.321,10935,10936,10936,1,1
2020-04-30 15:00:58.245,10935,10936,10936,2,2
2020-04-30 15:00:58.886,10936,10937,10937,5,5
2020-04-30 15:01:00.010,10936,10937,10936,1,-1
2020-04-30 15:01:00.039,10936,10937,10936,1,-1
2020-04-30 15:01:00.046,10936,10937,10936,1,-1
2020-04-30 15:01:00.067,10936,10937,10936,1,-1
2020-04-30 15:01:00.128,10936,10937,10936,1,-1
2020-04-30 15:01:00.162,10936,10937,10936,2,-2
2020-04-30 15:01:00.172,10936,10937,10935,1,-1
2020-04-30 15:01:00.245,10935,10937,10937,1,1
2020-04-30 15:01:03.384,10936,10937,10936,1,-1
2020-04-30 15:01:08.113,10936,10937,10937,3,3
2020-04-30 15:01:08.187,10937,10938,10936,3,-3
2020-04-30 15:01:08.189,10937,10938,10936,1,-1
2020-04-30 15:01:08.190,10937,10938,10936,1,-1
2020-04-30 15:01:08.191,10937,10938,10936,1,-1
2020-04-30 15:01:08.192,10937,10938,10936,3,-3
2020-04-30 15:01:08.194,10937,10938,10936,9,-9
2020-04-30 15:01:08.202,10937,10938,10936,1,-1
2020-04-30 15:01:08.205,10937,10938,10936,1,-1
2020-04-30 15:01:08.208,10937,10938,10935,2,-2
2020-04-30 15:01:08.210,10937,10938,10935,2,-2
2020-04-30 15:01:08.212,10937,10938,10935,1,-1
2020-04-30 15:01:08.217,10937,10938,10935,1,-1
2020-04-30 15:01:08.227,10937,10938,10935,3,-3
2020-04-30 15:01:08.302,10937,10938,10936,1,1
2020-04-30 15:01:10.521,10935,10937,10935,1,-1
2020-04-30 15:01:11.534,10935,10936,10935,5,-5
2020-04-30 15:01:13.013,10933,10935,10933,1,-1
2020-04-30 15:01:13.681,10933,10935,10935,1,1
2020-04-30 15:01:14.942,10933,10935,10933,1,-1
2020-04-30 15:01:15.938,10933,10935,10933,1,-1
2020-04-30 15:01:16.932,10933,10934,10933,2,-2
2020-04-30 15:01:17.351,10933,10934,10933,6,-6
2020-04-30 15:01:17.351,10933,10934,10932,7,-7
2020-04-30 15:01:17.703,10933,10934,10934,1,1
2020-04-30 15:01:18.416,10933,10935,10935,1,1
2020-04-30 15:01:18.535,10933,10935,10933,2,-2
2020-04-30 15:01:22.372,10933,10935,10933,1,-1
2020-04-30 15:01:26.621,10933,10934,10933,1,-1
2020-04-30 15:01:27.632,10933,10934,10934,1,1
2020-04-30 15:01:27.722,10933,10935,10933,1,-1
2020-04-30 15:01:29.177,10933,10935,10933,1,-1
2020-04-30 15:01:30.005,10934,10935,10934,1,1
2020-04-30 15:01:32.682,10934,10935,10935,1,1
2020-04-30 15:01:32.682,10934,10935,10935,1,1
2020-04-30 15:01:32.682,10934,10935,10935,6,6
2020-04-30 15:01:33.482,10935,10936,10936,3,3
2020-04-30 15:01:35.682,10935,10937,10937,2,2
2020-04-30 15:01:38.152,10935,10937,10935,1,-1
2020-04-30 15:01:38.152,10935,10937,10934,1,-1
2020-04-30 15:01:40.616,10934,10936,10934,3,-3
2020-04-30 15:01:41.400,10934,10936,10936,1,1
2020-04-30 15:01:45.308,10934,10936,10936,2,2
2020-04-30 15:01:45.915,10934,10936,10936,1,1
2020-04-30 15:01:46.451,10934,10935,10934,1,-1
2020-04-30 15:01:46.489,10934,10935,10935,1,1
2020-04-30 15:01:49.128,10935,10937,10937,2,2
2020-04-30 15:01:49.140,10935,10937,10937,2,2
2020-04-30 15:02:00.520,10935,10936,10936,1,1
2020-04-30 15:02:01.437,10935,10936,10935,2,-2
2020-04-30 15:02:02.117,10935,10936,10935,1,-1
2020-04-30 15:02:02.137,10935,10936,10935,3,-3
2020-04-30 15:02:02.137,10935,10936,10934,2,-2
2020-04-30 15:02:02.366,10934,10936,10934,2,-2
2020-04-30 15:02:02.463,10934,10935,10935,4,4
2020-04-30 15:02:04.327,10935,10936,10935,3,-3
2020-04-30 15:02:04.327,10935,10936,10935,3,-3
2020-04-30 15:02:04.516,10934,10936,10936,1,1
2020-04-30 15:02:08.758,10935,10936,10936,1,1
2020-04-30 15:02:09.688,10935,10936,10935,3,-3
2020-04-30 15:02:13.303,10935,10936,10935,1,-1
2020-04-30 15:02:13.611,10935,10936,10936,3,3
2020-04-30 15:02:13.611,10935,10936,10936,5,5
2020-04-30 15:02:14.798,10935,10936,10936,1,1
2020-04-30 15:02:17.674,10935,10936,10936,1,1
2020-04-30 15:02:22.580,10935,10936,10935,2,-2
2020-04-30 15:02:23.924,10934,10935,10935,1,1
2020-04-30 15:02:24.335,10934,10935,10934,1,-1
2020-04-30 15:02:25.954,10934,10935,10934,10,-10
2020-04-30 15:02:26.537,10934,10935,10935,4,4
2020-04-30 15:02:27.951,10935,10936,10935,1,-1
2020-04-30 15:02:28.379,10935,10936,10936,2,2
2020-04-30 15:02:28.432,10935,10936,10936,14,14
2020-04-30 15:02:28.673,10936,10937,10937,5,5
2020-04-30 15:02:29.858,10936,10937,10937,1,1
2020-04-30 15:02:30.998,10937,10938,10937,1,-1
2020-04-30 15:02:31.925,10937,10938,10937,1,-1
2020-04-30 15:02:32.626,10937,10938,10938,2,2
2020-04-30 15:02:34.893,10937,10938,10938,1,1
2020-04-30 15:02:34.960,10937,10938,10938,3,3
2020-04-30 15:02:34.961,10937,10938,10938,2,2
2020-04-30 15:02:34.961,10937,10938,10938,3,3
2020-04-30 15:02:35.849,10937,10938,10938,2,2
2020-04-30 15:02:35.861,10937,10938,10938,2,2
2020-04-30 15:02:37.024,10938,10939,10939,2,2
2020-04-30 15:02:38.855,10938,10939,10938,1,-1
2020-04-30 15:02:41.208,10937,10938,10938,3,3
2020-04-30 15:02:42.372,10937,10938,10937,3,-3
2020-04-30 15:02:42.372,10937,10938,10936,2,-2
2020-04-30 15:02:48.336,10937,10938,10938,2,2
2020-04-30 15:02:48.778,10937,10939,10937,12,-12
2020-04-30 15:02:50.732,10936,10937,10936,2,-2
2020-04-30 15:02:53.134,10935,10936,10935,2,-2
2020-04-30 15:02:54.170,10935,10936,10935,1,-1
2020-04-30 15:02:56.571,10934,10935,10935,1,1
2020-04-30 15:02:56.854,10934,10935,10934,13,-13
2020-04-30 15:02:56.854,10934,10935,10933,9,-9
2020-04-30 15:02:58.353,10933,10935,10935,1,1
2020-04-30 15:03:00.064,10933,10935,10933,1,-1
2020-04-30 15:03:00.094,10933,10935,10933,6,-6
2020-04-30 15:03:00.485,10933,10935,10933,1,-1
2020-04-30 15:03:03.557,10934,10935,10935,1,1
2020-04-30 15:03:04.342,10934,10936,10936,1,1
2020-04-30 15:03:05.647,10934,10936,10934,1,-1
2020-04-30 15:03:05.747,10934,10936,10934,1,-1
2020-04-30 15:03:05.812,10934,10936,10934,2,-2
2020-04-30 15:03:05.822,10934,10936,10934,2,-2
2020-04-30 15:03:08.738,10934,10935,10934,1,-1
2020-04-30 15:03:08.944,10933,10935,10935,1,1
2020-04-30 15:03:10.446,10934,10935,10935,1,1
2020-04-30 15:03:15.858,10934,10935,10934,4,-4
2020-04-30 15:03:18.343,10933,10934,10933,11,-11
2020-04-30 15:03:18.598,10932,10933,10932,1,-1
2020-04-30 15:03:19.485,10932,10933,10932,1,-1
2020-04-30 15:03:21.143,10932,10933,10933,1,1
2020-04-30 15:03:22.735,10932,10933,10932,1,-1
2020-04-30 15:03:23.504,10932,10933,10933,1,1
2020-04-30 15:03:24.833,10932,10933,10932,1,-1
2020-04-30 15:03:25.864,10932,10933,10933,1,1
2020-04-30 15:03:27.170,10933,10934,10933,1,-1
2020-04-30 15:03:27.988,10933,10934,10933,1,-1
2020-04-30 15:03:30.152,10932,10934,10932,10,-10
2020-04-30 15:03:33.003,10932,10933,10932,1,-1
2020-04-30 15:03:33.961,10932,10933,10933,2,2
2020-04-30 15:03:35.126,10932,10933,10933,1,1
2020-04-30 15:03:35.126,10932,10933,10933,1,1
2020-04-30 15:03:35.126,10932,10933,10933,1,1
2020-04-30 15:03:37.803,10933,10934,10934,6,6
2020-04-30 15:03:39.866,10933,10934,10933,2,-2
2020-04-30 15:03:42.848,10933,10934,10933,1,-1
2020-04-30 15:03:44.525,10933,10934,10933,1,-1
2020-04-30 15:03:45.827,10933,10934,10934,1,1
2020-04-30 15:03:47.166,10933,10934,10933,3,-3
2020-04-30 15:03:55.182,10932,10933,10933,1,1
2020-04-30 15:03:55.541,10932,10933,10933,1,1
2020-04-30 15:03:58.175,10933,10934,10933,1,-1
2020-04-30 15:03:58.177,10933,10934,10933,1,-1
2020-04-30 15:03:59.875,10932,10933,10933,1,1
2020-04-30 15:04:02.160,10932,10933,10933,3,3
2020-04-30 15:04:02.395,10932,10933,10932,1,-1
2020-04-30 15:04:02.573,10932,10933,10932,14,-14
2020-04-30 15:04:02.574,10932,10933,10932,10,-10
2020-04-30 15:04:02.687,10931,10932,10932,1,1
2020-04-30 15:04:02.704,10931,10932,10931,1,-1
2020-04-30 15:04:03.081,10931,10932,10932,1,1
2020-04-30 15:04:03.268,10931,10932,10931,1,-1
2020-04-30 15:04:03.914,10931,10932,10931,25,-25
2020-04-30 15:04:03.914,10931,10932,10930,5,-5
2020-04-30 15:04:03.966,10930,10932,10930,1,-1
2020-04-30 15:04:04.213,10930,10932,10930,1,-1
2020-04-30 15:04:04.450,10930,10932,10932,1,1
2020-04-30 15:04:04.600,10930,10932,10930,1,-1
2020-04-30 15:04:05.926,10930,10931,10930,5,-5
2020-04-30 15:04:05.927,10930,10931,10930,4,-4
2020-04-30 15:04:05.927,10930,10931,10930,5,-5
2020-04-30 15:04:05.927,10930,10931,10930,4,-4
2020-04-30 15:04:05.928,10930,10931,10930,1,-1
2020-04-30 15:04:05.928,10930,10931,10930,1,-1
2020-04-30 15:04:05.958,10930,10931,10930,3,-3
2020-04-30 15:04:06.053,10930,10931,10930,20,-20
2020-04-30 15:04:06.053,10930,10931,10930,1,-1
2020-04-30 15:04:06.471,10929,10930,10929,1,-1
2020-04-30 15:04:07.251,10929,10930,10929,14,-14
2020-04-30 15:04:07.470,10928,10929,10929,1,1
2020-04-30 15:04:07.946,10928,10929,10929,1,1
2020-04-30 15:04:08.819,10928,10929,10928,2,-2
2020-04-30 15:04:09.032,10928,10929,10929,1,1
2020-04-30 15:04:11.492,10928,10929,10928,1,-1
2020-04-30 15:04:12.064,10928,10929,10928,2,-2
2020-04-30 15:04:13.652,10928,10929,10928,1,-1
2020-04-30 15:04:13.722,10928,10929,10928,1,-1
2020-04-30 15:04:14.257,10928,10929,10928,3,-3
2020-04-30 15:04:16.220,10928,10929,10928,2,-2
2020-04-30 15:04:17.535,10928,10929,10929,1,1
2020-04-30 15:04:17.692,10928,10929,10928,1,-1
2020-04-30 15:04:17.765,10928,10929,10928,1,-1
2020-04-30 15:04:17.778,10928,10929,10928,2,-2
2020-04-30 15:04:17.803,10928,10929,10928,2,-2
2020-04-30 15:04:18.720,10928,10929,10928,1,-1
2020-04-30 15:04:19.899,10928,10929,10928,1,-1
2020-04-30 15:04:21.327,10928,10929,10928,1,-1
2020-04-30 15:04:21.873,10928,10929,10928,6,-6
2020-04-30 15:04:22.140,10928,10929,10929,7,7
2020-04-30 15:04:22.463,10929,10930,10929,1,-1
2020-04-30 15:04:23.037,10929,10930,10930,9,9
2020-04-30 15:04:23.654,10930,10932,10931,1,1
2020-04-30 15:04:23.712,10931,10932,10932,1,1
2020-04-30 15:04:28.032,10931,10933,10931,1,-1
2020-04-30 15:04:28.185,10931,10932,10932,1,1
2020-04-30 15:04:28.356,10932,10933,10933,5,5
2020-04-30 15:04:28.605,10932,10933,10933,1,1
2020-04-30 15:04:28.882,10932,10933,10932,1,-1
2020-04-30 15:04:29.107,10932,10933,10932,1,-1
2020-04-30 15:04:29.717,10932,10933,10933,1,1
2020-04-30 15:04:31.448,10932,10933,10933,1,1
2020-04-30 15:04:32.048,10932,10933,10933,3,3
2020-04-30 15:04:32.221,10932,10934,10932,1,-1
2020-04-30 15:04:32.624,10932,10933,10933,1,1
2020-04-30 15:04:32.752,10932,10933,10933,1,1
2020-04-30 15:04:32.786,10932,10933,10932,1,-1
2020-04-30 15:04:35.182,10933,10934,10934,3,3
2020-04-30 15:04:35.460,10934,10935,10934,2,-2
2020-04-30 15:04:35.970,10933,10935,10935,1,1
2020-04-30 15:04:42.042,10933,10935,10933,1,-1
2020-04-30 15:04:43.182,10933,10935,10933,5,-5
2020-04-30 15:04:46.119,10932,10933,10933,1,1
2020-04-30 15:04:46.190,10932,10933,10932,1,-1
2020-04-30 15:04:46.772,10932,10933,10932,4,-4
2020-04-30 15:04:46.772,10932,10933,10931,1,-1
2020-04-30 15:04:47.911,10931,10933,10933,1,1
2020-04-30 15:04:49.034,10931,10933,10933,1,1
2020-04-30 15:04:52.904,10931,10932,10932,1,1
2020-04-30 15:04:56.973,10931,10933,10931,2,-2
2020-04-30 15:05:01.248,10932,10933,10932,1,1
2020-04-30 15:05:01.577,10932,10933,10932,1,-1
2020-04-30 15:05:02.309,10932,10933,10933,8,8
2020-04-30 15:05:02.309,10932,10933,10933,1,1
2020-04-30 15:05:02.310,10932,10933,10933,5,5
2020-04-30 15:05:02.477,10932,10934,10933,4,-4
2020-04-30 15:05:04.824,10933,10934,10934,2,2
2020-04-30 15:05:04.825,10933,10934,10934,1,1
2020-04-30 15:05:05.486,10933,10934,10934,1,1
2020-04-30 15:05:05.551,10933,10934,10934,1,1
2020-04-30 15:05:05.552,10933,10934,10934,10,10
2020-04-30 15:05:08.459,10934,10935,10934,1,-1
2020-04-30 15:05:09.358,10934,10935,10934,3,-3
2020-04-30 15:05:09.358,10934,10935,10933,2,-2
2020-04-30 15:05:12.033,10933,10934,10934,1,1
2020-04-30 15:05:12.272,10933,10935,10933,2,-2
2020-04-30 15:05:13.041,10933,10934,10934,2,2
2020-04-30 15:05:13.962,10934,10935,10935,5,5
2020-04-30 15:05:13.977,10934,10935,10935,5,5
2020-04-30 15:05:17.148,10934,10935,10934,1,-1
2020-04-30 15:05:17.169,10934,10935,10935,1,1
2020-04-30 15:05:20.479,10934,10935,10935,5,5
2020-04-30 15:05:23.376,10935,10936,10936,5,5
2020-04-30 15:05:23.519,10936,10937,10937,5,5
2020-04-30 15:05:23.541,10936,10937,10936,2,-2
2020-04-30 15:05:24.212,10936,10937,10937,2,2
2020-04-30 15:05:24.212,10936,10937,10937,5,5
2020-04-30 15:05:24.593,10937,10938,10937,2,-2
2020-04-30 15:05:25.579,10937,10938,10937,2,-2
2020-04-30 15:05:26.111,10936,10938,10936,3,-3
2020-04-30 15:05:26.439,10936,10938,10936,2,-2
2020-04-30 15:05:26.566,10936,10938,10937,1,1
2020-04-30 15:05:26.629,10936,10938,10936,1,-1
2020-04-30 15:05:27.362,10935,10937,10937,4,4
2020-04-30 15:05:27.671,10936,10937,10936,1,-1
2020-04-30 15:05:27.713,10936,10937,10936,1,-1
2020-04-30 15:05:28.326,10936,10937,10937,2,2
2020-04-30 15:05:29.793,10936,10937,10936,2,-2
2020-04-30 15:05:29.793,10936,10937,10936,1,-1
2020-04-30 15:05:32.111,10936,10937,10936,1,-1
2020-04-30 15:05:33.861,10936,10937,10937,4,4
2020-04-30 15:05:34.322,10936,10938,10936,4,-4
2020-04-30 15:05:34.767,10936,10937,10937,1,1
2020-04-30 15:05:36.309,10937,10938,10938,6,6
2020-04-30 15:05:38.246,10937,10938,10937,1,-1
2020-04-30 15:05:38.247,10937,10938,10937,1,-1
2020-04-30 15:05:39.335,10937,10938,10938,4,4
2020-04-30 15:05:39.860,10937,10939,10938,1,-1
2020-04-30 15:05:41.674,10937,10939,10938,1,-1
2020-04-30 15:05:43.530,10937,10939,10938,1,-1
2020-04-30 15:05:43.993,10937,10939,10939,1,1
2020-04-30 15:05:44.266,10937,10939,10939,3,3
2020-04-30 15:05:45.534,10938,10940,10940,5,5
2020-04-30 15:05:45.539,10938,10940,10940,10,10
2020-04-30 15:05:45.544,10938,10940,10940,2,2
2020-04-30 15:05:45.544,10938,10940,10941,3,3
2020-04-30 15:05:46.753,10939,10941,10941,1,1
2020-04-30 15:05:47.546,10939,10941,10939,2,-2
2020-04-30 15:05:48.354,10939,10940,10939,2,-2
2020-04-30 15:05:49.277,10939,10940,10939,2,-2
2020-04-30 15:05:50.435,10940,10941,10940,1,1
2020-04-30 15:05:50.502,10940,10941,10941,1,1
2020-04-30 15:05:50.509,10940,10941,10940,2,-2
2020-04-30 15:05:51.923,10940,10941,10941,1,1
2020-04-30 15:05:52.768,10940,10941,10940,5,-5
2020-04-30 15:05:52.831,10939,10941,10941,1,1
2020-04-30 15:05:54.736,10940,10941,10940,1,-1
2020-04-30 15:05:54.898,10940,10941,10940,1,-1
2020-04-30 15:05:56.033,10940,10941,10940,1,-1
2020-04-30 15:05:57.369,10940,10941,10940,1,-1
2020-04-30 15:05:57.415,10940,10941,10941,1,1
2020-04-30 15:05:57.712,10940,10941,10940,1,-1
2020-04-30 15:05:57.769,10940,10941,10940,3,-3
2020-04-30 15:05:57.786,10940,10941,10940,1,-1
2020-04-30 15:05:57.800,10940,10941,10940,3,-3
2020-04-30 15:05:57.921,10939,10940,10940,1,1
2020-04-30 15:05:57.983,10939,10940,10940,1,1
2020-04-30 15:05:58.849,10939,10940,10939,3,-3
2020-04-30 15:05:59.178,10938,10939,10939,1,1
2020-04-30 15:06:00.015,10938,10940,10938,1,-1
2020-04-30 15:06:00.025,10938,10940,10938,2,-2
2020-04-30 15:06:00.027,10938,10940,10938,2,-2
2020-04-30 15:06:00.036,10938,10940,10938,3,-3
2020-04-30 15:06:00.052,10938,10940,10938,1,-1
2020-04-30 15:06:00.063,10938,10939,10938,2,-2
2020-04-30 15:06:00.158,10938,10939,10939,1,1
2020-04-30 15:06:00.200,10938,10939,10939,3,3
2020-04-30 15:06:06.824,10939,10940,10940,2,2
2020-04-30 15:06:07.587,10940,10941,10941,9,9
2020-04-30 15:06:07.678,10940,10941,10941,4,4
2020-04-30 15:06:08.427,10940,10942,10942,1,1
2020-04-30 15:06:08.470,10940,10942,10942,1,1
2020-04-30 15:06:08.553,10941,10942,10942,12,12
2020-04-30 15:06:08.675,10941,10942,10943,1,1
2020-04-30 15:06:08.748,10942,10943,10943,1,1
2020-04-30 15:06:08.758,10942,10943,10943,1,1
2020-04-30 15:06:08.771,10942,10943,10943,2,2
2020-04-30 15:06:08.818,10942,10943,10943,1,1
2020-04-30 15:06:09.079,10942,10943,10942,1,-1
2020-04-30 15:06:09.273,10941,10943,10943,1,1
2020-04-30 15:06:09.329,10941,10943,10943,2,2
2020-04-30 15:06:09.336,10941,10943,10943,3,3
2020-04-30 15:06:09.875,10941,10942,10942,1,1
2020-04-30 15:06:11.254,10942,10943,10943,1,1
2020-04-30 15:06:11.299,10942,10943,10943,1,1
2020-04-30 15:06:11.332,10942,10943,10943,2,2
2020-04-30 15:06:11.332,10942,10943,10943,1,1
2020-04-30 15:06:12.357,10943,10944,10944,3,3
2020-04-30 15:06:12.874,10944,10945,10945,2,2
2020-04-30 15:06:12.875,10944,10945,10945,1,1
2020-04-30 15:06:12.886,10944,10945,10945,2,2
2020-04-30 15:06:12.897,10944,10945,10945,1,1
2020-04-30 15:06:12.899,10944,10945,10945,1,1
2020-04-30 15:06:13.237,10944,10946,10946,1,1
2020-04-30 15:06:13.267,10944,10946,10944,7,-7
2020-04-30 15:06:13.267,10944,10946,10943,3,-3
2020-04-30 15:06:13.692,10943,10945,10945,1,1
2020-04-30 15:06:13.755,10943,10945,10945,1,1
2020-04-30 15:06:14.504,10943,10944,10944,3,3
2020-04-30 15:06:14.527,10943,10944,10945,1,1
2020-04-30 15:06:14.544,10943,10944,10943,2,-2
2020-04-30 15:06:15.110,10943,10944,10943,1,-1
2020-04-30 15:06:15.433,10942,10944,10944,1,1
2020-04-30 15:06:16.044,10942,10944,10944,1,1
2020-04-30 15:06:16.222,10942,10944,10944,1,1
2020-04-30 15:06:17.908,10942,10943,10943,1,1
2020-04-30 15:06:19.639,10942,10943,10943,6,6
2020-04-30 15:06:19.765,10942,10943,10943,2,2
2020-04-30 15:06:19.765,10942,10943,10943,1,1
2020-04-30 15:06:19.765,10942,10943,10943,7,7
2020-04-30 15:06:20.207,10942,10944,10944,1,1
2020-04-30 15:06:20.434,10943,10944,10943,1,-1
2020-04-30 15:06:24.634,10943,10944,10944,3,3
2020-04-30 15:06:24.884,10943,10944,10944,2,2
2020-04-30 15:06:25.137,10943,10944,10944,2,2
2020-04-30 15:06:25.855,10943,10944,10943,1,-1
2020-04-30 15:06:26.783,10943,10944,10943,1,-1
2020-04-30 15:06:28.778,10943,10944,10944,1,1
2020-04-30 15:06:30.866,10943,10944,10943,2,-2
2020-04-30 15:06:31.157,10943,10944,10943,3,-3
2020-04-30 15:06:31.157,10943,10944,10943,2,-2
2020-04-30 15:06:31.158,10943,10944,10943,2,-2
2020-04-30 15:06:32.665,10942,10943,10942,1,-1
2020-04-30 15:06:32.665,10942,10943,10942,2,-2
2020-04-30 15:06:32.665,10942,10943,10942,1,-1
2020-04-30 15:06:32.666,10942,10943,10942,9,-9
2020-04-30 15:06:32.743,10941,10942,10941,1,-1
2020-04-30 15:06:33.151,10941,10942,10942,1,1
2020-04-30 15:06:35.706,10941,10942,10941,2,-2
2020-04-30 15:06:36.493,10941,10942,10941,1,-1
2020-04-30 15:06:37.011,10941,10942,10941,2,-2
2020-04-30 15:06:37.515,10941,10942,10942,1,1
2020-04-30 15:06:37.984,10941,10942,10941,3,-3
2020-04-30 15:06:38.984,10941,10942,10941,2,-2
2020-04-30 15:06:39.636,10941,10942,10942,1,1
2020-04-30 15:06:39.966,10941,10942,10941,2,-2
2020-04-30 15:06:40.863,10941,10942,10941,1,-1
2020-04-30 15:06:41.729,10941,10942,10941,1,-1
2020-04-30 15:06:42.356,10941,10942,10941,3,-3
2020-04-30 15:06:43.641,10940,10942,10942,1,1
2020-04-30 15:06:44.153,10940,10941,10940,2,-2
2020-04-30 15:06:45.723,10940,10942,10940,1,-1
2020-04-30 15:06:45.890,10940,10941,10941,1,1
2020-04-30 15:06:46.439,10940,10941,10940,1,-1
2020-04-30 15:06:49.346,10940,10941,10941,1,1
2020-04-30 15:06:51.052,10940,10941,10940,1,-1
2020-04-30 15:06:53.737,10940,10941,10940,3,-3
2020-04-30 15:06:55.658,10939,10940,10940,1,1
2020-04-30 15:06:55.701,10939,10940,10939,2,-2
2020-04-30 15:06:56.987,10939,10940,10939,1,-1
2020-04-30 15:07:02.378,10939,10940,10940,3,3
2020-04-30 15:07:02.757,10940,10941,10940,8,-8
2020-04-30 15:07:02.757,10940,10941,10939,5,-5
2020-04-30 15:07:02.972,10939,10941,10941,1,1
2020-04-30 15:07:03.208,10939,10941,10940,1,-1
2020-04-30 15:07:04.135,10940,10941,10940,1,-1
2020-04-30 15:07:06.692,10939,10941,10941,1,1
2020-04-30 15:07:10.836,10939,10940,10940,1,1
2020-04-30 15:07:11.248,10939,10940,10940,3,3
2020-04-30 15:07:19.572,10939,10940,10940,1,1
2020-04-30 15:07:20.189,10939,10940,10940,1,1
2020-04-30 15:07:22.185,10939,10940,10940,4,4
2020-04-30 15:07:25.536,10940,10941,10940,2,-2
2020-04-30 15:07:32.442,10940,10941,10941,5,5
2020-04-30 15:07:33.641,10941,10942,10942,4,4
2020-04-30 15:07:34.991,10941,10943,10943,1,1
2020-04-30 15:07:35.384,10942,10943,10942,1,-1
2020-04-30 15:07:35.384,10942,10943,10942,1,-1
2020-04-30 15:07:35.384,10942,10943,10942,1,-1
2020-04-30 15:07:35.385,10942,10943,10942,2,-2
2020-04-30 15:07:36.438,10941,10942,10942,1,1
2020-04-30 15:07:36.789,10941,10942,10942,1,1
2020-04-30 15:07:36.790,10941,10942,10942,1,1
2020-04-30 15:07:36.790,10941,10942,10942,2,2
2020-04-30 15:07:36.790,10941,10942,10942,1,1
2020-04-30 15:07:36.927,10942,10943,10943,2,2
2020-04-30 15:07:36.927,10942,10943,10944,3,3
2020-04-30 15:07:37.002,10942,10943,10942,1,-1
2020-04-30 15:07:37.712,10942,10944,10944,1,1
2020-04-30 15:07:37.726,10942,10944,10944,1,1
2020-04-30 15:07:37.762,10942,10944,10944,1,1
2020-04-30 15:07:37.774,10942,10944,10944,1,1
2020-04-30 15:07:37.873,10942,10944,10944,1,1
2020-04-30 15:07:37.938,10944,10945,10945,1,1
2020-04-30 15:07:38.089,10944,10945,10945,1,1
2020-04-30 15:07:39.547,10944,10946,10945,1,-1
2020-04-30 15:07:42.260,10944,10945,10945,1,1
2020-04-30 15:07:44.496,10944,10945,10945,1,1
2020-04-30 15:07:45.503,10944,10945,10945,4,4
2020-04-30 15:07:46.026,10944,10945,10944,2,-2
2020-04-30 15:07:47.835,10944,10945,10944,4,-4
2020-04-30 15:07:49.572,10942,10944,10944,1,1
2020-04-30 15:07:50.399,10942,10944,10944,1,1
2020-04-30 15:07:52.121,10942,10944,10944,3,3
2020-04-30 15:07:52.787,10942,10944,10944,1,1
2020-04-30 15:07:56.956,10943,10944,10944,1,1
2020-04-30 15:07:57.460,10943,10944,10943,1,-1
2020-04-30 15:07:59.727,10943,10944,10943,1,-1
2020-04-30 15:08:03.225,10943,10944,10943,2,-2
2020-04-30 15:08:03.225,10943,10944,10943,8,-8
2020-04-30 15:08:05.907,10942,10943,10943,1,1
2020-04-30 15:08:06.535,10942,10943,10943,4,4
2020-04-30 15:08:06.535,10942,10943,10943,1,1
2020-04-30 15:08:06.535,10942,10943,10943,1,1
2020-04-30 15:08:09.284,10942,10943,10942,5,-5
2020-04-30 15:08:09.669,10941,10943,10943,1,1
2020-04-30 15:08:14.858,10941,10943,10942,1,-1
2020-04-30 15:08:18.947,10941,10942,10941,1,-1
2020-04-30 15:08:29.970,10941,10942,10941,1,-1
2020-04-30 15:08:30.431,10941,10942,10941,1,-1
2020-04-30 15:08:34.917,10941,10942,10941,3,-3
2020-04-30 15:08:37.288,10941,10942,10942,2,2
2020-04-30 15:08:37.288,10941,10942,10942,3,3
2020-04-30 15:08:44.425,10941,10942,10941,1,-1
2020-04-30 15:08:45.125,10941,10942,10941,1,-1
2020-04-30 15:08:47.918,10941,10942,10941,1,-1
2020-04-30 15:08:47.919,10941,10942,10941,5,-5
2020-04-30 15:08:52.242,10940,10941,10941,1,1
2020-04-30 15:08:52.945,10940,10942,10942,1,1
2020-04-30 15:09:03.659,10941,10942,10941,1,-1
2020-04-30 15:09:04.040,10940,10941,10940,1,-1
2020-04-30 15:09:09.809,10940,10941,10940,1,-1
2020-04-30 15:09:10.542,10940,10941,10940,1,-1
2020-04-30 15:09:10.997,10940,10941,10940,1,-1
2020-04-30 15:09:11.480,10940,10941,10940,1,-1
2020-04-30 15:09:11.559,10940,10941,10940,17,-17
2020-04-30 15:09:11.595,10940,10941,10940,1,-1
2020-04-30 15:09:13.686,10939,10940,10940,2,2
2020-04-30 15:09:13.834,10940,10941,10939,2,-2
2020-04-30 15:09:17.147,10940,10942,10940,2,2
2020-04-30 15:09:19.025,10941,10942,10942,2,2
2020-04-30 15:09:19.030,10941,10942,10942,1,1
2020-04-30 15:09:19.042,10941,10942,10943,1,1
2020-04-30 15:09:19.060,10942,10943,10943,1,1
2020-04-30 15:09:19.100,10942,10943,10942,1,-1
2020-04-30 15:09:19.136,10942,10943,10942,1,-1
2020-04-30 15:09:20.870,10942,10943,10942,1,-1
2020-04-30 15:09:21.912,10942,10943,10942,1,-1
2020-04-30 15:09:23.558,10942,10943,10943,1,1
2020-04-30 15:09:23.558,10942,10943,10943,2,2
2020-04-30 15:09:23.559,10942,10943,10943,1,1
2020-04-30 15:09:27.793,10941,10943,10943,1,1
2020-04-30 15:09:31.790,10941,10942,10941,1,-1
2020-04-30 15:09:36.631,10941,10942,10941,2,-2
2020-04-30 15:09:38.517,10940,10941,10940,6,-6
2020-04-30 15:09:38.517,10940,10941,10940,2,-2
2020-04-30 15:09:38.517,10940,10941,10940,1,-1
2020-04-30 15:09:40.418,10939,10941,10939,3,-3
2020-04-30 15:09:44.056,10939,10940,10939,5,-5
2020-04-30 15:09:46.228,10939,10940,10939,1,-1
2020-04-30 15:09:46.228,10939,10940,10938,1,-1
2020-04-30 15:09:48.233,10939,10940,10939,2,2
2020-04-30 15:09:52.581,10938,10939,10939,1,1
2020-04-30 15:09:53.900,10938,10939,10938,1,-1
2020-04-30 15:09:59.665,10938,10939,10939,2,2
2020-04-30 15:10:01.410,10939,10940,10939,8,-8
2020-04-30 15:10:01.410,10939,10940,10938,2,-2
2020-04-30 15:10:05.474,10938,10939,10938,1,-1
2020-04-30 15:10:05.475,10938,10939,10938,13,-13
2020-04-30 15:10:05.478,10938,10939,10938,1,-1
2020-04-30 15:10:06.509,10937,10938,10937,1,-1
2020-04-30 15:10:06.882,10937,10938,10937,1,-1
2020-04-30 15:10:08.339,10937,10938,10938,1,1
2020-04-30 15:10:12.040,10937,10938,10937,1,-1
2020-04-30 15:10:14.327,10937,10938,10937,1,-1
2020-04-30 15:10:14.810,10937,10938,10937,1,-1
2020-04-30 15:10:21.288,10936,10937,10936,11,-11
2020-04-30 15:10:21.461,10935,10936,10935,1,-1
2020-04-30 15:10:21.463,10935,10936,10935,2,-2
2020-04-30 15:10:22.354,10935,10936,10936,1,1
2020-04-30 15:10:24.413,10935,10936,10936,1,1
2020-04-30 15:10:32.417,10935,10936,10935,1,-1
2020-04-30 15:10:33.580,10935,10936,10936,1,1
2020-04-30 15:10:33.580,10935,10936,10936,1,1
2020-04-30 15:10:33.580,10935,10936,10936,1,1
2020-04-30 15:10:33.581,10935,10936,10936,1,1
2020-04-30 15:10:34.100,10936,10937,10936,1,-1
2020-04-30 15:10:38.374,10935,10936,10936,1,1
2020-04-30 15:10:39.559,10935,10936,10935,6,-6
2020-04-30 15:10:44.433,10935,10936,10935,1,-1
2020-04-30 15:10:44.613,10934,10936,10934,1,-1
2020-04-30 15:10:44.784,10934,10936,10934,1,-1
2020-04-30 15:10:46.814,10934,10935,10935,1,1
2020-04-30 15:10:50.697,10934,10935,10934,1,-1
2020-04-30 15:10:58.879,10935,10936,10935,1,1
2020-04-30 15:10:59.500,10935,10936,10935,3,-3
2020-04-30 15:11:01.707,10935,10936,10936,4,4
2020-04-30 15:11:01.707,10935,10936,10936,1,1
2020-04-30 15:11:01.909,10936,10937,10936,1,-1
2020-04-30 15:11:05.603,10935,10937,10935,1,-1
2020-04-30 15:11:12.200,10935,10936,10935,4,-4
2020-04-30 15:11:12.200,10935,10936,10934,1,-1
2020-04-30 15:11:16.445,10935,10936,10935,1,1
2020-04-30 15:11:17.347,10935,10936,10935,1,-1
2020-04-30 15:11:22.984,10935,10936,10935,2,-2
2020-04-30 15:11:24.874,10935,10936,10935,3,-3
2020-04-30 15:11:24.961,10934,10935,10935,1,1
2020-04-30 15:11:26.452,10935,10936,10935,1,-1
2020-04-30 15:11:29.529,10935,10936,10935,1,-1
2020-04-30 15:11:32.251,10934,10935,10935,7,7
2020-04-30 15:11:33.053,10935,10936,10936,2,2
2020-04-30 15:11:33.376,10935,10937,10935,1,-1
2020-04-30 15:11:34.507,10935,10937,10935,1,-1
2020-04-30 15:11:39.749,10936,10937,10936,2,2
2020-04-30 15:11:41.649,10936,10937,10937,1,1
2020-04-30 15:11:41.650,10936,10937,10937,1,1
2020-04-30 15:11:41.650,10936,10937,10937,1,1
2020-04-30 15:11:41.668,10936,10937,10938,1,1
2020-04-30 15:11:41.685,10937,10938,10938,3,3
2020-04-30 15:11:41.709,10937,10938,10938,1,1
2020-04-30 15:11:45.856,10937,10939,10937,1,-1
2020-04-30 15:11:46.806,10937,10939,10937,1,-1
2020-04-30 15:11:49.291,10938,10939,10939,2,2
2020-04-30 15:11:59.039,10938,10939,10939,1,1
2020-04-30 15:11:59.221,10938,10939,10938,2,-2
2020-04-30 15:12:00.467,10937,10938,10938,1,1
2020-04-30 15:12:03.251,10937,10938,10937,5,-5
2020-04-30 15:12:03.251,10937,10938,10937,1,-1
2020-04-30 15:12:04.495,10936,10937,10937,2,2
2020-04-30 15:12:09.563,10936,10938,10938,1,1
2020-04-30 15:12:11.028,10936,10938,10936,5,-5
2020-04-30 15:12:21.301,10937,10938,10938,1,1
2020-04-30 15:12:24.427,10936,10938,10938,1,1
2020-04-30 15:12:29.891,10936,10937,10936,2,-2
2020-04-30 15:12:29.988,10935,10936,10936,2,2
2020-04-30 15:12:32.994,10935,10937,10937,1,1
2020-04-30 15:12:34.607,10936,10937,10937,1,1
2020-04-30 15:12:41.009,10936,10937,10936,1,-1
2020-04-30 15:12:49.853,10936,10937,10936,7,-7
2020-04-30 15:12:49.955,10935,10936,10936,2,2
2020-04-30 15:12:57.441,10936,10937,10936,1,-1
2020-04-30 15:12:57.881,10936,10937,10936,4,-4
2020-04-30 15:13:11.451,10936,10937,10936,1,-1
2020-04-30 15:13:12.044,10935,10937,10937,1,1
2020-04-30 15:13:13.352,10935,10936,10936,1,1
2020-04-30 15:13:20.410,10936,10937,10937,1,1
2020-04-30 15:13:20.410,10936,10937,10937,2,2
2020-04-30 15:13:38.488,10937,10938,10938,3,3
2020-04-30 15:13:47.386,10938,10939,10938,1,-1
2020-04-30 15:13:56.190,10938,10939,10939,1,1
2020-04-30 15:13:57.998,10938,10939,10939,1,1
2020-04-30 15:14:02.396,10938,10939,10939,1,1
2020-04-30 15:14:04.017,10938,10939,10939,1,1
2020-04-30 15:14:06.169,10938,10939,10939,1,1
2020-04-30 15:14:07.577,10938,10939,10939,1,1
2020-04-30 15:14:08.033,10938,10939,10939,1,1
2020-04-30 15:14:09.829,10938,10939,10939,1,1
2020-04-30 15:14:13.106,10938,10940,10938,5,-5
2020-04-30 15:14:20.683,10937,10938,10937,1,-1
2020-04-30 15:14:20.694,10937,10938,10937,4,-4
2020-04-30 15:14:20.714,10937,10938,10937,1,-1
2020-04-30 15:14:21.271,10936,10937,10937,2,2
2020-04-30 15:14:22.156,10936,10937,10936,2,-2
2020-04-30 15:14:22.156,10936,10937,10935,2,-2
2020-04-30 15:14:22.262,10935,10937,10935,1,-1
2020-04-30 15:14:22.418,10935,10937,10935,2,-2
2020-04-30 15:14:22.420,10935,10937,10935,1,-1
2020-04-30 15:14:22.421,10935,10937,10935,1,-1
2020-04-30 15:14:25.443,10935,10936,10935,3,-3
2020-04-30 15:14:27.276,10935,10936,10936,1,1
2020-04-30 15:14:29.082,10935,10936,10935,5,-5
2020-04-30 15:14:32.517,10934,10935,10934,10,-10
2020-04-30 15:14:32.552,10934,10935,10934,11,-11
2020-04-30 15:14:33.715,10933,10935,10935,1,1
2020-04-30 15:14:34.946,10934,10935,10934,1,-1
2020-04-30 15:14:36.592,10933,10934,10933,9,-9
2020-04-30 15:14:37.774,10933,10934,10934,1,1
2020-04-30 15:14:38.689,10933,10934,10933,1,-1
2020-04-30 15:14:39.693,10932,10934,10934,1,1
2020-04-30 15:14:40.223,10933,10934,10933,1,-1
2020-04-30 15:14:40.233,10933,10934,10933,1,-1
2020-04-30 15:14:43.645,10933,10934,10934,1,1
2020-04-30 15:14:43.674,10933,10934,10934,1,1
2020-04-30 15:14:44.191,10933,10935,10933,2,-2
2020-04-30 15:14:45.984,10933,10935,10933,1,-1
2020-04-30 15:14:47.621,10933,10934,10933,3,-3
2020-04-30 15:14:47.804,10933,10934,10934,1,1
2020-04-30 15:14:48.521,10934,10935,10935,3,3
2020-04-30 15:14:48.574,10935,10936,10936,2,2
2020-04-30 15:14:48.581,10935,10936,10936,2,2
2020-04-30 15:14:48.621,10935,10936,10937,1,1
2020-04-30 15:14:48.779,10935,10937,10937,1,1
2020-04-30 15:14:49.067,10935,10937,10937,1,1
2020-04-30 15:14:50.971,10936,10937,10937,1,1
2020-04-30 15:14:51.628,10936,10937,10936,4,-4
2020-04-30 15:14:52.833,10935,10937,10937,1,1
2020-04-30 15:15:01.319,10937,10939,10937,3,-3
2020-04-30 15:15:02.381,10938,10939,10938,1,1
2020-04-30 15:15:03.814,10938,10939,10939,1,1
2020-04-30 15:15:03.825,10938,10939,10939,1,1
2020-04-30 15:15:03.993,10938,10939,10939,1,1
2020-04-30 15:15:04.004,10938,10939,10939,1,1
2020-04-30 15:15:04.010,10938,10939,10940,1,1
2020-04-30 15:15:04.241,10938,10940,10940,1,1
2020-04-30 15:15:07.884,10939,10940,10939,1,-1
2020-04-30 15:15:08.345,10939,10940,10940,12,12
2020-04-30 15:15:08.345,10939,10940,10940,1,1
2020-04-30 15:15:08.381,10939,10940,10941,2,2
2020-04-30 15:15:10.812,10939,10940,10940,1,1
2020-04-30 15:15:10.812,10939,10940,10941,1,1
2020-04-30 15:15:12.808,10939,10940,10940,3,3
2020-04-30 15:15:12.809,10939,10940,10940,1,1
2020-04-30 15:15:12.809,10939,10940,10940,1,1
2020-04-30 15:15:13.942,10939,10940,10940,1,1
2020-04-30 15:15:17.623,10940,10941,10940,1,-1
2020-04-30 15:15:17.678,10940,10941,10940,1,-1
2020-04-30 15:15:19.450,10939,10940,10939,1,-1
2020-04-30 15:15:20.931,10939,10940,10939,1,-1
2020-04-30 15:15:21.476,10939,10940,10939,1,-1
2020-04-30 15:15:24.782,10938,10939,10938,2,-2
2020-04-30 15:15:31.782,10937,10938,10937,2,-2
2020-04-30 15:15:33.535,10936,10937,10936,2,-2
2020-04-30 15:15:33.703,10935,10936,10936,1,1
2020-04-30 15:15:34.899,10935,10936,10936,1,1
2020-04-30 15:15:35.116,10936,10937,10936,4,-4
2020-04-30 15:15:35.432,10935,10936,10936,1,1
2020-04-30 15:15:36.874,10935,10936,10935,3,-3
2020-04-30 15:15:36.951,10935,10936,10935,1,-1
2020-04-30 15:15:38.042,10934,10935,10935,1,1
2020-04-30 15:15:38.233,10934,10935,10934,1,-1
2020-04-30 15:15:38.982,10933,10934,10933,7,-7
2020-04-30 15:15:42.457,10933,10934,10933,2,-2
2020-04-30 15:15:44.548,10932,10933,10932,7,-7
2020-04-30 15:15:45.998,10932,10933,10932,2,-2
2020-04-30 15:15:46.760,10932,10933,10932,6,-6
2020-04-30 15:15:47.382,10932,10933,10932,2,-2
2020-04-30 15:15:50.927,10932,10933,10932,1,-1
2020-04-30 15:15:50.927,10932,10933,10932,1,-1
2020-04-30 15:15:50.944,10931,10933,10931,6,-6
2020-04-30 15:15:50.952,10931,10933,10931,1,-1
2020-04-30 15:15:50.996,10931,10933,10931,3,-3
2020-04-30 15:15:51.059,10931,10932,10932,1,1
2020-04-30 15:15:51.163,10931,10932,10931,1,-1
2020-04-30 15:15:52.298,10931,10932,10931,1,-1
2020-04-30 15:15:52.717,10931,10932,10931,1,-1
2020-04-30 15:15:52.898,10931,10932,10931,10,-10
2020-04-30 15:15:53.078,10930,10931,10930,2,-2
2020-04-30 15:15:53.080,10930,10931,10930,2,-2
2020-04-30 15:15:54.225,10930,10931,10931,1,1
2020-04-30 15:15:54.537,10930,10931,10930,1,-1
2020-04-30 15:15:54.663,10930,10931,10931,1,1
2020-04-30 15:15:56.312,10930,10931,10931,2,2
2020-04-30 15:15:56.458,10930,10931,10931,2,2
2020-04-30 15:15:56.553,10930,10931,10931,5,5
2020-04-30 15:15:56.553,10930,10931,10931,1,1
2020-04-30 15:15:57.859,10931,10932,10931,1,-1
2020-04-30 15:15:58.201,10930,10931,10930,1,-1
2020-04-30 15:15:58.385,10930,10931,10931,1,1
2020-04-30 15:15:59.015,10930,10931,10930,2,-2
2020-04-30 15:15:59.047,10930,10931,10931,1,1
2020-04-30 15:16:02.246,10930,10931,10931,1,1
2020-04-30 15:16:02.552,10930,10931,10930,4,-4
2020-04-30 15:16:02.958,10930,10931,10931,1,1
2020-04-30 15:16:03.065,10930,10931,10931,1,1
2020-04-30 15:16:03.330,10930,10931,10930,2,-2
2020-04-30 15:16:03.331,10930,10931,10930,5,-5
2020-04-30 15:16:03.331,10930,10931,10930,10,-10
2020-04-30 15:16:03.331,10930,10931,10930,3,-3
2020-04-30 15:16:03.332,10930,10931,10930,1,-1
2020-04-30 15:16:03.502,10929,10930,10929,2,-2
2020-04-30 15:16:03.638,10929,10930,10929,3,-3
2020-04-30 15:16:03.751,10928,10929,10928,4,-4
2020-04-30 15:16:04.167,10928,10929,10929,2,2
2020-04-30 15:16:04.281,10928,10929,10928,1,-1
2020-04-30 15:16:04.303,10928,10929,10928,1,-1
2020-04-30 15:16:04.308,10928,10929,10929,1,1
2020-04-30 15:16:04.847,10928,10929,10928,1,-1
2020-04-30 15:16:04.879,10928,10929,10928,1,-1
2020-04-30 15:16:04.971,10928,10929,10928,9,-9
2020-04-30 15:16:06.435,10927,10928,10928,2,2
2020-04-30 15:16:06.944,10927,10928,10927,1,-1
2020-04-30 15:16:07.152,10927,10928,10927,1,-1
2020-04-30 15:16:07.213,10927,10928,10927,2,-2
2020-04-30 15:16:07.351,10927,10928,10928,1,1
2020-04-30 15:16:08.304,10928,10929,10929,1,1
2020-04-30 15:16:08.432,10928,10929,10928,1,-1
2020-04-30 15:16:08.707,10928,10929,10929,4,4
2020-04-30 15:16:08.707,10928,10929,10930,6,6
2020-04-30 15:16:08.906,10929,10930,10929,1,-1
2020-04-30 15:16:09.084,10929,10930,10929,3,-3
2020-04-30 15:16:09.102,10929,10930,10929,1,-1
2020-04-30 15:16:13.486,10929,10930,10929,1,-1
2020-04-30 15:16:14.122,10928,10929,10929,1,1
2020-04-30 15:16:14.270,10929,10930,10930,2,2
2020-04-30 15:16:14.348,10930,10931,10929,1,-1
2020-04-30 15:16:18.711,10928,10929,10929,1,1
2020-04-30 15:16:19.179,10928,10929,10929,1,1
2020-04-30 15:16:19.269,10928,10929,10928,1,-1
2020-04-30 15:16:21.511,10928,10929,10928,1,-1
2020-04-30 15:16:22.422,10928,10929,10929,1,1
2020-04-30 15:16:22.497,10928,10929,10928,2,-2
2020-04-30 15:16:22.864,10928,10929,10928,5,-5
2020-04-30 15:16:23.127,10927,10928,10928,3,3
2020-04-30 15:16:24.315,10927,10928,10928,1,1
2020-04-30 15:16:26.550,10927,10928,10927,3,-3
2020-04-30 15:16:26.703,10927,10928,10927,1,-1
2020-04-30 15:16:27.661,10927,10928,10927,1,-1
2020-04-30 15:16:29.529,10927,10928,10927,1,-1
2020-04-30 15:16:31.836,10927,10928,10927,1,-1
2020-04-30 15:16:34.027,10927,10928,10927,1,-1
2020-04-30 15:16:35.633,10927,10928,10927,2,-2
2020-04-30 15:16:36.025,10927,10928,10927,1,-1
2020-04-30 15:16:36.361,10927,10928,10927,1,-1
2020-04-30 15:16:37.460,10927,10928,10927,1,-1
2020-04-30 15:16:38.726,10927,10928,10928,1,1
2020-04-30 15:16:38.726,10927,10928,10928,1,1
2020-04-30 15:16:38.726,10927,10928,10928,1,1
2020-04-30 15:16:38.726,10927,10928,10928,1,1
2020-04-30 15:16:38.726,10927,10928,10928,1,1
2020-04-30 15:16:38.726,10927,10928,10928,1,1
2020-04-30 15:16:38.726,10927,10928,10928,2,2
2020-04-30 15:16:39.586,10928,10929,10929,1,1
2020-04-30 15:16:39.877,10928,10929,10929,2,2
2020-04-30 15:16:39.929,10928,10929,10929,2,2
2020-04-30 15:16:40.206,10929,10930,10929,1,-1
2020-04-30 15:16:40.372,10928,10929,10928,1,-1
2020-04-30 15:16:40.386,10928,10929,10928,1,-1
2020-04-30 15:16:41.299,10928,10930,10928,1,-1
2020-04-30 15:16:41.974,10928,10930,10930,2,2
2020-04-30 15:16:42.139,10928,10930,10930,2,2
2020-04-30 15:16:43.128,10930,10931,10930,4,-4
2020-04-30 15:16:43.949,10929,10931,10929,1,-1
2020-04-30 15:16:45.918,10929,10930,10930,1,1
2020-04-30 15:16:46.789,10929,10930,10929,10,-10
2020-04-30 15:16:46.819,10928,10930,10930,1,1
2020-04-30 15:16:47.856,10929,10930,10929,1,-1
2020-04-30 15:16:47.950,10928,10929,10928,2,-2
2020-04-30 15:16:48.328,10927,10928,10928,1,1
2020-04-30 15:16:48.918,10927,10928,10928,2,2
2020-04-30 15:16:48.960,10927,10928,10927,1,-1
2020-04-30 15:16:49.102,10927,10928,10928,1,1
2020-04-30 15:16:49.513,10927,10928,10928,2,2
2020-04-30 15:16:50.249,10928,10930,10928,3,-3
2020-04-30 15:16:54.532,10929,10930,10929,1,1
2020-04-30 15:16:54.678,10929,10930,10929,1,-1
2020-04-30 15:16:55.487,10928,10929,10928,1,-1
2020-04-30 15:16:57.813,10928,10930,10928,1,-1
2020-04-30 15:17:00.549,10929,10930,10929,1,1
2020-04-30 15:17:00.707,10928,10929,10928,1,-1
2020-04-30 15:17:03.566,10928,10929,10928,2,-2
2020-04-30 15:17:03.566,10928,10929,10928,1,-1
2020-04-30 15:17:03.566,10928,10929,10928,1,-1
2020-04-30 15:17:03.957,10928,10929,10928,1,-1
2020-04-30 15:17:04.015,10928,10929,10928,1,-1
2020-04-30 15:17:04.892,10927,10928,10928,1,1
2020-04-30 15:17:07.908,10928,10929,10928,1,-1
2020-04-30 15:17:11.683,10927,10928,10928,1,1
2020-04-30 15:17:13.949,10927,10929,10929,1,1
2020-04-30 15:17:15.664,10927,10929,10927,1,-1
2020-04-30 15:17:16.146,10927,10928,10927,1,-1
2020-04-30 15:17:16.956,10927,10928,10927,1,-1
2020-04-30 15:17:18.216,10927,10928,10928,1,1
2020-04-30 15:17:21.043,10927,10928,10927,4,-4
2020-04-30 15:17:21.053,10927,10928,10927,10,-10
2020-04-30 15:17:21.332,10926,10928,10926,2,-2
2020-04-30 15:17:21.645,10927,10928,10927,1,1
2020-04-30 15:17:21.755,10927,10928,10927,2,-2
2020-04-30 15:17:21.778,10927,10928,10926,1,-1
2020-04-30 15:17:21.950,10926,10928,10926,1,-1
2020-04-30 15:17:22.640,10926,10928,10928,1,1
2020-04-30 15:17:23.006,10927,10928,10927,1,-1
2020-04-30 15:17:24.294,10926,10927,10926,3,-3
2020-04-30 15:17:24.303,10926,10927,10926,12,-12
2020-04-30 15:17:24.303,10926,10927,10926,1,-1
2020-04-30 15:17:24.865,10925,10927,10927,1,1
2020-04-30 15:17:33.248,10925,10926,10925,1,-1
2020-04-30 15:17:33.284,10925,10926,10925,4,-4
2020-04-30 15:17:33.284,10925,10926,10925,4,-4
2020-04-30 15:17:33.284,10925,10926,10925,3,-3
2020-04-30 15:17:33.285,10925,10926,10925,1,-1
2020-04-30 15:17:33.285,10925,10926,10925,3,-3
2020-04-30 15:17:33.285,10925,10926,10925,5,-5
2020-04-30 15:17:33.426,10924,10925,10925,1,1
2020-04-30 15:17:33.476,10924,10925,10924,1,-1
2020-04-30 15:17:33.506,10924,10925,10924,1,-1
2020-04-30 15:17:33.509,10924,10925,10924,1,-1
2020-04-30 15:17:33.594,10924,10925,10925,2,2
2020-04-30 15:17:33.605,10924,10925,10924,2,-2
2020-04-30 15:17:33.618,10924,10925,10924,3,-3
2020-04-30 15:17:33.618,10924,10925,10923,1,-1
2020-04-30 15:17:33.620,10924,10925,10923,1,-1
2020-04-30 15:17:33.742,10923,10925,10923,3,-3
2020-04-30 15:17:33.837,10923,10925,10923,1,-1
2020-04-30 15:17:33.839,10923,10925,10923,1,-1
2020-04-30 15:17:33.854,10923,10925,10923,1,-1
2020-04-30 15:17:33.903,10923,10925,10923,1,-1
2020-04-30 15:17:34.150,10923,10925,10925,1,1
2020-04-30 15:17:34.366,10923,10925,10923,1,-1
2020-04-30 15:17:34.533,10923,10924,10923,1,-1
2020-04-30 15:17:35.466,10923,10924,10923,1,-1
2020-04-30 15:17:35.821,10923,10924,10923,1,-1
2020-04-30 15:17:39.135,10923,10924,10923,1,-1
2020-04-30 15:17:39.668,10923,10924,10923,1,-1
2020-04-30 15:17:39.772,10923,10924,10924,9,9
2020-04-30 15:17:40.109,10924,10925,10924,1,-1
2020-04-30 15:17:40.625,10924,10925,10924,5,-5
2020-04-30 15:17:40.846,10924,10925,10925,1,1
2020-04-30 15:17:42.192,10924,10925,10924,2,-2
2020-04-30 15:17:42.529,10924,10925,10925,3,3
2020-04-30 15:17:42.998,10925,10926,10925,1,-1
2020-04-30 15:17:43.384,10925,10926,10925,1,-1
2020-04-30 15:17:46.104,10925,10926,10925,1,-1
2020-04-30 15:17:48.141,10925,10926,10926,1,1
2020-04-30 15:17:48.589,10925,10926,10926,2,2
2020-04-30 15:17:49.723,10925,10927,10925,1,-1
2020-04-30 15:17:50.691,10925,10927,10925,1,-1
2020-04-30 15:17:53.659,10925,10926,10925,10,-10
2020-04-30 15:17:55.392,10925,10926,10926,1,1
2020-04-30 15:17:55.394,10925,10926,10926,3,3
2020-04-30 15:17:55.394,10925,10926,10927,17,17
2020-04-30 15:17:56.096,10926,10927,10926,1,-1
2020-04-30 15:17:58.550,10927,10928,10928,1,1
2020-04-30 15:17:58.575,10927,10928,10928,2,2
2020-04-30 15:17:58.643,10927,10928,10927,1,-1
2020-04-30 15:17:59.199,10927,10928,10928,4,4
2020-04-30 15:17:59.199,10927,10928,10929,1,1
2020-04-30 15:17:59.350,10927,10929,10929,2,2
2020-04-30 15:17:59.608,10927,10928,10927,4,-4
2020-04-30 15:18:00.119,10926,10927,10926,2,-2
2020-04-30 15:18:03.054,10926,10928,10926,2,-2
2020-04-30 15:18:05.711,10927,10928,10928,3,3
2020-04-30 15:18:06.307,10928,10929,10928,1,-1
2020-04-30 15:18:07.094,10928,10929,10928,1,-1
2020-04-30 15:18:07.665,10927,10928,10928,1,1
2020-04-30 15:18:11.396,10927,10928,10928,1,1
2020-04-30 15:18:12.236,10927,10928,10928,1,1
2020-04-30 15:18:13.506,10927,10928,10928,1,1
2020-04-30 15:18:13.831,10928,10929,10928,1,-1
2020-04-30 15:18:13.835,10928,10929,10928,2,-2
2020-04-30 15:18:17.356,10927,10928,10928,2,2
2020-04-30 15:18:17.370,10927,10928,10928,1,1
2020-04-30 15:18:17.632,10928,10929,10928,1,-1
2020-04-30 15:18:18.014,10927,10929,10927,1,-1
2020-04-30 15:18:21.213,10927,10928,10928,1,1
2020-04-30 15:18:23.968,10928,10929,10928,1,-1
2020-04-30 15:18:25.689,10928,10929,10929,2,2
2020-04-30 15:18:26.923,10928,10930,10930,5,5
2020-04-30 15:18:28.397,10929,10930,10929,2,-2
2020-04-30 15:18:29.395,10929,10930,10929,1,-1
2020-04-30 15:18:33.916,10929,10930,10930,1,1
2020-04-30 15:18:36.758,10929,10930,10929,3,-3
2020-04-30 15:18:37.613,10929,10930,10929,1,-1
2020-04-30 15:18:38.155,10928,10929,10929,1,1
2020-04-30 15:18:38.263,10928,10930,10928,1,-1
2020-04-30 15:18:38.928,10928,10930,10930,3,3
2020-04-30 15:18:41.841,10928,10929,10928,1,-1
2020-04-30 15:18:44.695,10928,10929,10928,1,-1
2020-04-30 15:18:46.347,10928,10929,10929,1,1
2020-04-30 15:18:46.438,10928,10930,10930,2,2
2020-04-30 15:18:46.965,10928,10930,10930,5,5
2020-04-30 15:18:48.209,10928,10930,10930,1,1
2020-04-30 15:18:49.817,10928,10929,10929,1,1
2020-04-30 15:18:54.709,10928,10929,10928,9,-9
2020-04-30 15:18:58.669,10928,10929,10929,1,1
2020-04-30 15:18:58.669,10928,10929,10929,2,2
2020-04-30 15:19:01.050,10929,10930,10930,7,7
2020-04-30 15:19:01.636,10929,10931,10931,1,1
2020-04-30 15:19:01.845,10929,10931,10931,1,1
2020-04-30 15:19:02.814,10930,10931,10930,1,-1
2020-04-30 15:19:03.990,10929,10930,10930,1,1
2020-04-30 15:19:05.451,10929,10930,10930,2,2
2020-04-30 15:19:06.734,10929,10930,10929,1,-1
2020-04-30 15:19:06.802,10929,10930,10930,10,10
2020-04-30 15:19:07.217,10930,10931,10930,1,-1
2020-04-30 15:19:07.372,10929,10930,10930,1,1
2020-04-30 15:19:12.622,10929,10930,10930,2,2
2020-04-30 15:19:14.390,10929,10930,10930,1,1
2020-04-30 15:19:14.767,10929,10930,10929,1,-1
2020-04-30 15:19:20.218,10928,10929,10929,1,1
2020-04-30 15:19:22.022,10928,10929,10928,1,-1
2020-04-30 15:19:25.360,10928,10929,10929,5,5
2020-04-30 15:19:29.526,10929,10930,10929,6,-6
2020-04-30 15:19:29.526,10929,10930,10928,4,-4
2020-04-30 15:19:34.223,10928,10930,10930,1,1
2020-04-30 15:19:34.508,10928,10930,10928,2,-2
2020-04-30 15:19:41.991,10929,10930,10929,3,3
2020-04-30 15:19:41.993,10929,10930,10929,1,-1
2020-04-30 15:19:46.542,10929,10930,10929,1,-1
2020-04-30 15:19:47.258,10929,10930,10929,2,-2
2020-04-30 15:19:47.258,10929,10930,10929,1,-1
2020-04-30 15:19:53.886,10928,10929,10929,1,1
2020-04-30 15:19:57.000,10929,10930,10929,1,-1
2020-04-30 15:19:58.137,10928,10930,10930,1,1
2020-04-30 15:19:58.585,10929,10930,10930,2,2
2020-04-30 15:20:00.719,10929,10930,10929,1,-1
2020-04-30 15:20:06.900,10928,10929,10929,1,1
2020-04-30 15:20:07.452,10928,10929,10929,1,1
2020-04-30 15:20:09.115,10929,10930,10929,1,-1
2020-04-30 15:20:11.318,10929,10930,10930,1,1
2020-04-30 15:20:11.832,10929,10930,10930,5,5
2020-04-30 15:20:11.874,10929,10930,10930,10,10
2020-04-30 15:20:13.189,10930,10931,10930,1,-1
2020-04-30 15:20:13.189,10930,10931,10929,1,-1
2020-04-30 15:20:14.212,10929,10930,10930,2,2
2020-04-30 15:20:14.216,10929,10930,10930,1,1
2020-04-30 15:20:14.306,10930,10931,10931,8,8
2020-04-30 15:20:14.307,10930,10931,10931,12,12
2020-04-30 15:20:14.307,10930,10931,10931,1,1
2020-04-30 15:20:14.531,10931,10932,10931,1,-1
2020-04-30 15:20:14.532,10931,10932,10932,1,1
2020-04-30 15:20:14.582,10930,10932,10932,1,1
2020-04-30 15:20:14.671,10930,10932,10932,1,1
2020-04-30 15:20:16.626,10930,10931,10931,2,2
2020-04-30 15:20:17.956,10930,10931,10931,1,1
2020-04-30 15:20:20.525,10930,10931,10931,1,1
2020-04-30 15:20:21.685,10931,10932,10932,1,1
2020-04-30 15:20:22.211,10931,10932,10931,1,-1
2020-04-30 15:20:29.190,10930,10931,10931,1,1
2020-04-30 15:20:38.909,10930,10931,10930,9,-9
2020-04-30 15:20:40.079,10929,10930,10929,11,-11
2020-04-30 15:20:40.178,10929,10930,10929,1,-1
2020-04-30 15:20:43.380,10928,10929,10929,3,3
2020-04-30 15:20:44.511,10928,10929,10929,2,2
2020-04-30 15:20:45.158,10929,10930,10929,1,-1
2020-04-30 15:20:45.158,10929,10930,10929,1,-1
2020-04-30 15:20:57.520,10929,10930,10929,1,-1
2020-04-30 15:21:05.140,10929,10930,10929,3,-3
2020-04-30 15:21:12.387,10928,10929,10928,15,-15
2020-04-30 15:21:12.560,10927,10928,10927,2,-2
2020-04-30 15:21:13.142,10927,10928,10927,6,-6
2020-04-30 15:21:13.189,10926,10927,10926,1,-1
2020-04-30 15:21:13.656,10926,10927,10927,1,1
2020-04-30 15:21:14.811,10926,10927,10926,5,-5
2020-04-30 15:21:14.812,10926,10927,10926,2,-2
2020-04-30 15:21:16.212,10926,10927,10926,3,-3
2020-04-30 15:21:16.405,10925,10926,10925,5,-5
2020-04-30 15:21:16.571,10925,10926,10926,1,1
2020-04-30 15:21:16.638,10925,10926,10926,1,1
2020-04-30 15:21:17.517,10925,10926,10925,10,-10
2020-04-30 15:21:18.234,10925,10926,10925,4,-4
2020-04-30 15:21:19.742,10924,10925,10924,1,-1
2020-04-30 15:21:20.389,10924,10925,10924,6,-6
2020-04-30 15:21:20.389,10924,10925,10924,1,-1
2020-04-30 15:21:20.391,10924,10925,10924,1,-1
2020-04-30 15:21:20.391,10924,10925,10924,1,-1
2020-04-30 15:21:20.392,10924,10925,10924,13,-13
2020-04-30 15:21:20.865,10924,10925,10925,1,1
2020-04-30 15:21:23.130,10924,10925,10924,2,-2
2020-04-30 15:21:23.459,10924,10925,10924,1,-1
2020-04-30 15:21:24.635,10924,10925,10924,1,-1
2020-04-30 15:21:25.179,10924,10925,10924,6,-6
2020-04-30 15:21:26.559,10924,10925,10924,1,-1
2020-04-30 15:21:26.680,10924,10925,10924,1,-1
2020-04-30 15:21:26.887,10924,10925,10924,1,-1
2020-04-30 15:21:26.887,10924,10925,10924,4,-4
2020-04-30 15:21:31.091,10923,10924,10924,1,1
2020-04-30 15:21:32.274,10923,10924,10924,1,1
2020-04-30 15:21:32.490,10923,10924,10924,1,1
2020-04-30 15:21:33.332,10923,10924,10924,1,1
2020-04-30 15:21:37.094,10923,10924,10924,1,1
2020-04-30 15:21:37.198,10923,10924,10924,4,4
2020-04-30 15:21:38.909,10924,10925,10924,1,-1
2020-04-30 15:21:39.328,10924,10925,10924,1,-1
2020-04-30 15:21:41.479,10924,10925,10924,3,-3
2020-04-30 15:21:41.975,10923,10925,10925,1,1
2020-04-30 15:21:43.566,10923,10924,10924,1,1
2020-04-30 15:21:49.947,10923,10924,10924,1,1
2020-04-30 15:21:50.178,10923,10924,10923,1,-1
2020-04-30 15:21:51.103,10923,10924,10923,1,-1
2020-04-30 15:21:51.341,10923,10924,10924,1,1
2020-04-30 15:21:55.346,10923,10924,10924,1,1
2020-04-30 15:21:56.772,10923,10924,10923,1,-1
2020-04-30 15:21:57.029,10923,10924,10923,2,-2
2020-04-30 15:21:57.610,10923,10924,10923,1,-1
2020-04-30 15:21:59.521,10923,10924,10923,8,-8
2020-04-30 15:21:59.609,10923,10924,10923,5,-5
2020-04-30 15:21:59.609,10923,10924,10923,4,-4
2020-04-30 15:21:59.610,10923,10924,10923,2,-2
2020-04-30 15:21:59.610,10923,10924,10923,1,-1
2020-04-30 15:22:02.661,10922,10923,10922,1,-1
2020-04-30 15:22:03.102,10922,10923,10922,2,-2
2020-04-30 15:22:03.178,10922,10923,10922,2,-2
2020-04-30 15:22:03.204,10922,10923,10922,1,-1
2020-04-30 15:22:05.806,10922,10923,10923,3,3
2020-04-30 15:22:07.220,10922,10923,10922,2,-2
2020-04-30 15:22:07.493,10921,10922,10921,1,-1
2020-04-30 15:22:07.588,10921,10922,10921,5,-5
2020-04-30 15:22:07.710,10921,10922,10921,10,-10
2020-04-30 15:22:07.881,10921,10922,10921,1,-1
2020-04-30 15:22:08.157,10921,10922,10921,1,-1
2020-04-30 15:22:08.182,10920,10921,10920,2,-2
2020-04-30 15:22:08.194,10920,10921,10920,1,-1
2020-04-30 15:22:08.251,10920,10921,10920,1,-1
2020-04-30 15:22:08.260,10920,10921,10920,1,-1
2020-04-30 15:22:08.269,10920,10921,10920,2,-2
2020-04-30 15:22:08.271,10920,10921,10920,1,-1
2020-04-30 15:22:08.551,10920,10921,10920,2,-2
2020-04-30 15:22:08.557,10920,10921,10920,1,-1
2020-04-30 15:22:08.571,10920,10921,10920,2,-2
2020-04-30 15:22:08.583,10920,10921,10920,3,-3
2020-04-30 15:22:08.686,10920,10921,10920,3,-3
2020-04-30 15:22:08.740,10920,10921,10920,1,-1
2020-04-30 15:22:08.780,10920,10921,10921,1,1
2020-04-30 15:22:08.913,10920,10921,10921,1,1
2020-04-30 15:22:08.979,10920,10921,10920,1,-1
2020-04-30 15:22:09.006,10920,10921,10920,1,-1
2020-04-30 15:22:09.054,10920,10921,10920,2,-2
2020-04-30 15:22:09.144,10920,10921,10920,2,-2
2020-04-30 15:22:09.217,10919,10921,10919,2,-2
2020-04-30 15:22:09.319,10919,10920,10920,1,1
2020-04-30 15:22:09.349,10919,10920,10919,1,-1
2020-04-30 15:22:09.359,10919,10920,10919,1,-1
2020-04-30 15:22:09.372,10919,10920,10919,1,-1
2020-04-30 15:22:09.555,10919,10921,10919,4,-4
2020-04-30 15:22:09.562,10919,10921,10919,4,-4
2020-04-30 15:22:09.566,10919,10921,10919,2,-2
2020-04-30 15:22:09.571,10919,10921,10919,3,-3
2020-04-30 15:22:09.594,10919,10921,10919,2,-2
2020-04-30 15:22:09.643,10919,10921,10919,4,-4
2020-04-30 15:22:09.643,10919,10921,10918,2,-2
2020-04-30 15:22:09.677,10919,10921,10918,2,-2
2020-04-30 15:22:09.695,10918,10920,10918,2,-2
2020-04-30 15:22:09.888,10918,10920,10918,4,-4
2020-04-30 15:22:09.895,10918,10920,10919,1,1
2020-04-30 15:22:09.969,10918,10920,10918,2,-2
2020-04-30 15:22:10.029,10918,10920,10918,1,-1
2020-04-30 15:22:10.176,10918,10920,10920,1,1
2020-04-30 15:22:11.009,10919,10920,10919,1,-1
2020-04-30 15:22:11.534,10919,10920,10919,1,-1
2020-04-30 15:22:12.864,10919,10920,10919,6,-6
2020-04-30 15:22:12.864,10919,10920,10918,28,-28
2020-04-30 15:22:12.864,10919,10920,10919,1,1
2020-04-30 15:22:12.865,10919,10920,10919,1,-1
2020-04-30 15:22:12.894,10919,10920,10919,2,-2
2020-04-30 15:22:12.894,10919,10920,10919,1,-1
2020-04-30 15:22:14.763,10919,10920,10919,1,-1
2020-04-30 15:22:14.845,10919,10920,10920,2,2
2020-04-30 15:22:14.845,10919,10920,10920,1,1
2020-04-30 15:22:15.457,10919,10921,10919,5,-5
2020-04-30 15:22:16.179,10920,10921,10920,1,1
2020-04-30 15:22:16.205,10920,10921,10921,1,1
2020-04-30 15:22:16.214,10920,10921,10920,5,-5
2020-04-30 15:22:17.001,10920,10921,10920,1,-1
2020-04-30 15:22:17.828,10920,10921,10920,1,-1
2020-04-30 15:22:18.630,10920,10921,10920,1,-1
2020-04-30 15:22:18.769,10920,10921,10920,1,-1
2020-04-30 15:22:19.090,10920,10921,10920,2,-2
2020-04-30 15:22:19.234,10919,10920,10920,1,1
2020-04-30 15:22:23.418,10919,10920,10920,1,1
2020-04-30 15:22:24.794,10919,10920,10920,4,4
2020-04-30 15:22:24.939,10920,10921,10920,1,-1
2020-04-30 15:22:25.177,10920,10921,10920,3,-3
2020-04-30 15:22:25.250,10919,10921,10920,1,-1
2020-04-30 15:22:25.289,10919,10921,10919,3,-3
2020-04-30 15:22:26.778,10919,10920,10920,1,1
2020-04-30 15:22:27.749,10919,10920,10920,1,1
2020-04-30 15:22:28.062,10919,10921,10920,1,-1
2020-04-30 15:22:29.250,10919,10921,10919,1,-1
2020-04-30 15:22:30.352,10919,10920,10920,1,1
2020-04-30 15:22:33.974,10919,10920,10919,2,-2
2020-04-30 15:22:34.587,10919,10920,10919,1,-1
2020-04-30 15:22:34.593,10919,10920,10919,1,-1
2020-04-30 15:22:34.677,10919,10920,10920,1,1
2020-04-30 15:22:34.928,10919,10920,10920,2,2
2020-04-30 15:22:36.473,10920,10921,10920,1,-1
2020-04-30 15:22:38.564,10920,10921,10921,3,3
2020-04-30 15:22:38.583,10920,10921,10920,10,-10
2020-04-30 15:22:38.583,10920,10921,10919,20,-20
2020-04-30 15:22:41.513,10921,10922,10921,3,3
2020-04-30 15:22:43.396,10920,10922,10920,10,-10
2020-04-30 15:22:43.397,10920,10922,10920,1,-1
2020-04-30 15:22:43.397,10920,10922,10920,1,-1
2020-04-30 15:22:43.397,10920,10922,10920,1,-1
2020-04-30 15:22:43.397,10920,10922,10920,6,-6
2020-04-30 15:22:43.397,10920,10922,10920,2,-2
2020-04-30 15:22:43.398,10920,10922,10920,4,-4
2020-04-30 15:22:43.398,10920,10922,10920,6,-6
2020-04-30 15:22:43.402,10920,10922,10921,4,4
2020-04-30 15:22:44.214,10920,10921,10922,1,1
2020-04-30 15:22:44.907,10920,10922,10920,1,-1
2020-04-30 15:22:45.972,10921,10922,10921,1,1
2020-04-30 15:22:48.199,10921,10922,10921,1,-1
2020-04-30 15:22:48.643,10920,10921,10921,1,1
2020-04-30 15:22:48.818,10920,10921,10921,1,1
2020-04-30 15:22:49.909,10920,10921,10920,1,-1
2020-04-30 15:22:50.932,10920,10921,10921,1,1
2020-04-30 15:22:51.358,10920,10921,10920,6,-6
2020-04-30 15:22:51.717,10920,10921,10921,1,1
2020-04-30 15:22:52.091,10920,10921,10921,2,2
2020-04-30 15:22:54.373,10920,10921,10920,1,-1
2020-04-30 15:22:55.404,10920,10921,10920,4,-4
2020-04-30 15:22:58.823,10919,10920,10919,1,-1
2020-04-30 15:23:01.057,10919,10920,10920,11,11
2020-04-30 15:23:01.311,10920,10921,10920,14,-14
2020-04-30 15:23:01.311,10920,10921,10919,3,-3
2020-04-30 15:23:01.587,10919,10921,10919,1,-1
2020-04-30 15:23:02.375,10919,10921,10920,1,1
2020-04-30 15:23:02.606,10919,10921,10919,5,-5
2020-04-30 15:23:06.513,10919,10920,10920,1,1
2020-04-30 15:23:07.708,10919,10920,10919,1,-1
2020-04-30 15:23:08.005,10919,10920,10919,1,-1
2020-04-30 15:23:10.259,10919,10920,10919,1,-1
2020-04-30 15:23:10.852,10919,10920,10919,1,-1
2020-04-30 15:23:11.280,10919,10920,10919,1,-1
2020-04-30 15:23:12.106,10919,10920,10919,1,-1
2020-04-30 15:23:13.337,10919,10920,10919,2,-2
2020-04-30 15:23:13.603,10919,10920,10920,21,21
2020-04-30 15:23:18.123,10919,10920,10920,1,1
2020-04-30 15:23:18.678,10919,10920,10920,1,1
2020-04-30 15:23:21.170,10919,10920,10920,1,1
2020-04-30 15:23:22.827,10919,10920,10919,1,-1
2020-04-30 15:23:22.828,10919,10920,10919,1,-1
2020-04-30 15:23:22.828,10919,10920,10919,1,-1
2020-04-30 15:23:22.828,10919,10920,10919,2,-2
2020-04-30 15:23:24.493,10918,10919,10919,1,1
2020-04-30 15:23:24.992,10918,10919,10918,1,-1
2020-04-30 15:23:24.992,10918,10919,10918,3,-3
2020-04-30 15:23:24.992,10918,10919,10918,4,-4
2020-04-30 15:23:24.993,10918,10919,10918,1,-1
2020-04-30 15:23:25.576,10917,10918,10918,1,1
2020-04-30 15:23:26.843,10917,10918,10917,1,-1
2020-04-30 15:23:27.015,10917,10918,10917,2,-2
2020-04-30 15:23:27.258,10917,10918,10917,1,-1
2020-04-30 15:23:27.420,10917,10918,10917,4,-4
2020-04-30 15:23:27.449,10917,10918,10917,1,-1
2020-04-30 15:23:27.479,10917,10918,10917,1,-1
2020-04-30 15:23:27.486,10917,10918,10917,1,-1
2020-04-30 15:23:27.515,10917,10918,10918,1,1
2020-04-30 15:23:29.781,10917,10918,10918,1,1
2020-04-30 15:23:29.808,10917,10918,10918,1,1
2020-04-30 15:23:30.059,10917,10918,10918,3,3
2020-04-30 15:23:32.297,10918,10919,10918,1,-1
2020-04-30 15:23:32.937,10918,10919,10919,1,1
2020-04-30 15:23:33.214,10918,10919,10919,1,1
2020-04-30 15:23:33.251,10918,10919,10919,1,1
2020-04-30 15:23:33.433,10918,10919,10918,1,-1
2020-04-30 15:23:34.408,10918,10919,10919,3,3
2020-04-30 15:23:34.445,10919,10920,10919,5,-5
2020-04-30 15:23:34.592,10919,10920,10920,1,1
2020-04-30 15:23:37.348,10918,10919,10918,4,-4
2020-04-30 15:23:37.348,10918,10919,10917,1,-1
2020-04-30 15:23:38.266,10917,10919,10919,1,1
2020-04-30 15:23:38.328,10918,10919,10919,1,1
2020-04-30 15:23:39.691,10919,10920,10918,1,-1
2020-04-30 15:23:39.697,10919,10920,10918,2,-2
2020-04-30 15:23:41.286,10919,10920,10919,1,1
2020-04-30 15:23:43.533,10918,10919,10918,2,-2
2020-04-30 15:23:44.547,10918,10919,10918,4,-4
2020-04-30 15:23:45.148,10918,10919,10918,1,-1
2020-04-30 15:23:47.033,10918,10919,10918,1,-1
2020-04-30 15:23:47.033,10918,10919,10917,1,-1
2020-04-30 15:23:49.010,10917,10918,10917,2,-2
2020-04-30 15:23:51.366,10917,10918,10918,4,4
2020-04-30 15:23:52.107,10917,10919,10917,5,-5
2020-04-30 15:23:53.251,10917,10919,10917,5,-5
2020-04-30 15:23:54.148,10917,10918,10917,5,-5
2020-04-30 15:23:54.746,10917,10918,10917,5,-5
2020-04-30 15:23:54.803,10917,10918,10917,2,-2
2020-04-30 15:23:55.776,10916,10917,10917,1,1
2020-04-30 15:23:56.735,10916,10917,10916,10,-10
2020-04-30 15:23:56.736,10916,10917,10916,15,-15
2020-04-30 15:23:56.736,10916,10917,10916,1,-1
2020-04-30 15:23:56.933,10915,10916,10915,2,-2
2020-04-30 15:23:57.236,10915,10917,10915,5,-5
2020-04-30 15:23:57.321,10915,10916,10915,5,-5
2020-04-30 15:23:57.451,10915,10916,10915,1,-1
2020-04-30 15:23:58.788,10915,10916,10916,1,1
2020-04-30 15:23:58.791,10915,10916,10915,2,-2
2020-04-30 15:23:59.430,10915,10916,10915,3,-3
2020-04-30 15:23:59.909,10915,10916,10915,8,-8
2020-04-30 15:24:00.314,10914,10915,10914,6,-6
2020-04-30 15:24:00.314,10914,10915,10913,32,-32
2020-04-30 15:24:00.314,10914,10915,10912,20,-20
2020-04-30 15:24:00.315,10914,10915,10913,2,2
2020-04-30 15:24:00.316,10914,10915,10913,1,-1
2020-04-30 15:24:00.316,10914,10915,10913,1,-1
2020-04-30 15:24:00.330,10914,10915,10913,2,-2
2020-04-30 15:24:00.355,10914,10915,10913,2,-2
2020-04-30 15:24:00.380,10914,10915,10913,2,-2
2020-04-30 15:24:00.406,10914,10915,10913,2,-2
2020-04-30 15:24:00.429,10912,10913,10913,2,2
2020-04-30 15:24:00.484,10912,10913,10914,3,3
2020-04-30 15:24:00.490,10912,10913,10912,1,-1
2020-04-30 15:24:00.506,10912,10913,10912,1,-1
2020-04-30 15:24:00.576,10912,10913,10912,2,-2
2020-04-30 15:24:00.577,10912,10913,10912,1,-1
2020-04-30 15:24:00.613,10912,10913,10911,10,-10
2020-04-30 15:24:00.637,10912,10913,10911,1,-1
2020-04-30 15:24:00.651,10912,10913,10911,9,-9
2020-04-30 15:24:00.651,10912,10913,10910,1,-1
2020-04-30 15:24:00.780,10910,10912,10910,2,-2
2020-04-30 15:24:00.781,10910,10912,10910,2,-2
2020-04-30 15:24:00.783,10910,10912,10910,2,-2
2020-04-30 15:24:00.788,10910,10912,10910,4,-4
2020-04-30 15:24:00.797,10910,10912,10910,1,-1
2020-04-30 15:24:00.823,10910,10912,10912,3,3
2020-04-30 15:24:00.898,10910,10912,10910,1,-1
2020-04-30 15:24:00.904,10910,10912,10910,3,-3
2020-04-30 15:24:00.906,10910,10912,10910,1,-1
2020-04-30 15:24:00.912,10910,10912,10910,1,-1
2020-04-30 15:24:00.917,10910,10912,10910,3,-3
2020-04-30 15:24:00.925,10910,10912,10910,1,-1
2020-04-30 15:24:00.925,10910,10912,10909,3,-3
2020-04-30 15:24:00.961,10909,10911,10909,4,-4
2020-04-30 15:24:00.961,10909,10911,10908,1,-1
2020-04-30 15:24:00.977,10909,10911,10908,5,-5
2020-04-30 15:24:00.985,10909,10911,10907,4,-4
2020-04-30 15:24:01.065,10907,10909,10907,2,-2
2020-04-30 15:24:01.086,10907,10909,10907,2,-2
2020-04-30 15:24:01.096,10907,10909,10907,2,-2
2020-04-30 15:24:01.113,10907,10909,10906,10,-10
2020-04-30 15:24:01.127,10907,10909,10909,1,1
2020-04-30 15:24:01.185,10907,10910,10907,1,-1
2020-04-30 15:24:01.188,10907,10910,10907,1,-1
2020-04-30 15:24:01.208,10907,10910,10907,1,-1
2020-04-30 15:24:01.275,10907,10910,10909,3,3
2020-04-30 15:24:01.275,10907,10910,10910,1,1
2020-04-30 15:24:01.288,10907,10910,10908,1,-1
2020-04-30 15:24:01.296,10907,10910,10907,1,-1
2020-04-30 15:24:01.326,10907,10910,10908,1,1
2020-04-30 15:24:01.329,10907,10910,10907,1,-1
2020-04-30 15:24:01.343,10907,10910,10907,1,-1
2020-04-30 15:24:01.379,10907,10910,10907,3,-3
2020-04-30 15:24:01.379,10907,10910,10906,6,-6
2020-04-30 15:24:01.380,10907,10910,10906,1,-1
2020-04-30 15:24:01.393,10907,10910,10906,1,-1
2020-04-30 15:24:01.454,10906,10908,10906,3,-3
2020-04-30 15:24:01.465,10906,10908,10906,1,-1
2020-04-30 15:24:01.482,10906,10908,10906,6,-6
2020-04-30 15:24:01.482,10906,10908,10905,3,-3
2020-04-30 15:24:01.501,10906,10908,10905,4,-4
2020-04-30 15:24:01.508,10906,10908,10905,1,-1
2020-04-30 15:24:01.527,10906,10908,10905,1,-1
2020-04-30 15:24:01.530,10906,10908,10905,1,-1
2020-04-30 15:24:01.537,10906,10908,10905,2,-2
2020-04-30 15:24:01.539,10906,10908,10905,1,-1
2020-04-30 15:24:01.616,10905,10907,10905,5,-5
2020-04-30 15:24:01.622,10905,10907,10905,1,-1
2020-04-30 15:24:01.622,10905,10907,10904,1,-1
2020-04-30 15:24:01.691,10905,10907,10905,3,3
2020-04-30 15:24:01.691,10905,10907,10904,1,-1
2020-04-30 15:24:01.717,10905,10907,10904,1,-1
2020-04-30 15:24:01.752,10905,10907,10904,5,-5
2020-04-30 15:24:01.773,10905,10907,10904,6,-6
2020-04-30 15:24:01.773,10905,10907,10903,4,-4
2020-04-30 15:24:01.773,10905,10907,10903,4,-4
2020-04-30 15:24:01.786,10905,10907,10903,10,-10
2020-04-30 15:24:01.792,10905,10907,10903,1,-1
2020-04-30 15:24:01.812,10903,10905,10903,1,-1
2020-04-30 15:24:01.822,10903,10905,10903,2,-2
2020-04-30 15:24:01.846,10903,10905,10903,1,-1
2020-04-30 15:24:01.853,10903,10905,10903,1,-1
2020-04-30 15:24:01.868,10903,10905,10903,1,-1
2020-04-30 15:24:01.870,10903,10905,10903,1,-1
2020-04-30 15:24:01.877,10903,10905,10902,1,-1
2020-04-30 15:24:01.949,10902,10904,10904,2,2
2020-04-30 15:24:01.961,10902,10904,10904,1,1
2020-04-30 15:24:01.974,10902,10904,10903,1,-1
2020-04-30 15:24:01.974,10902,10904,10902,1,-1
2020-04-30 15:24:01.984,10902,10904,10904,1,1
2020-04-30 15:24:01.987,10902,10904,10903,1,-1
2020-04-30 15:24:01.987,10902,10904,10902,5,-5
2020-04-30 15:24:02.015,10902,10904,10902,2,-2
2020-04-30 15:24:02.058,10903,10904,10903,1,1
2020-04-30 15:24:02.120,10903,10904,10902,2,-2
2020-04-30 15:24:02.122,10903,10904,10902,1,-1
2020-04-30 15:24:02.123,10903,10904,10902,2,-2
2020-04-30 15:24:02.128,10903,10904,10902,3,-3
2020-04-30 15:24:02.149,10903,10904,10902,1,-1
2020-04-30 15:24:02.149,10903,10904,10901,3,-3
2020-04-30 15:24:02.166,10903,10904,10901,1,-1
2020-04-30 15:24:02.183,10901,10903,10901,1,-1
2020-04-30 15:24:02.185,10901,10903,10901,1,-1
2020-04-30 15:24:02.187,10901,10903,10901,1,-1
2020-04-30 15:24:02.188,10901,10903,10901,1,-1
2020-04-30 15:24:02.226,10901,10903,10902,1,1
2020-04-30 15:24:02.234,10901,10903,10901,1,-1
2020-04-30 15:24:02.246,10901,10903,10901,1,-1
2020-04-30 15:24:02.251,10901,10903,10901,1,-1
2020-04-30 15:24:02.261,10901,10903,10901,4,-4
2020-04-30 15:24:02.271,10901,10903,10901,2,-2
2020-04-30 15:24:02.273,10901,10903,10901,1,-1
2020-04-30 15:24:02.318,10901,10903,10901,1,-1
2020-04-30 15:24:02.345,10901,10903,10901,2,-2
2020-04-30 15:24:02.349,10901,10903,10902,1,1
2020-04-30 15:24:02.528,10901,10902,10901,1,-1
2020-04-30 15:24:02.619,10901,10903,10901,1,-1
2020-04-30 15:24:02.621,10901,10903,10900,1,-1
2020-04-30 15:24:02.669,10901,10903,10900,1,-1
2020-04-30 15:24:02.690,10900,10902,10900,1,-1
2020-04-30 15:24:02.699,10900,10902,10900,1,-1
2020-04-30 15:24:02.807,10900,10902,10902,1,1
2020-04-30 15:24:02.828,10900,10902,10901,1,-1
2020-04-30 15:24:02.925,10900,10902,10900,2,-2
2020-04-30 15:24:03.015,10900,10902,10900,1,-1
2020-04-30 15:24:03.103,10900,10902,10900,1,-1
2020-04-30 15:24:03.104,10900,10902,10900,2,-2
2020-04-30 15:24:03.163,10900,10902,10900,1,-1
2020-04-30 15:24:03.193,10900,10901,10900,2,-2
2020-04-30 15:24:03.264,10900,10901,10900,4,-4
2020-04-30 15:24:03.379,10900,10901,10900,1,-1
2020-04-30 15:24:03.434,10900,10901,10900,1,-1
2020-04-30 15:24:03.437,10900,10901,10900,1,-1
2020-04-30 15:24:03.463,10900,10901,10900,1,-1
2020-04-30 15:24:03.480,10900,10901,10900,21,-21
2020-04-30 15:24:03.480,10900,10901,10900,2,-2
2020-04-30 15:24:03.481,10900,10901,10900,2,-2
2020-04-30 15:24:03.481,10900,10901,10900,2,-2
2020-04-30 15:24:03.481,10900,10901,10900,2,-2
2020-04-30 15:24:03.617,10900,10901,10900,1,-1
2020-04-30 15:24:03.705,10900,10901,10900,2,-2
2020-04-30 15:24:03.713,10900,10901,10900,1,-1
2020-04-30 15:24:03.819,10900,10901,10900,1,-1
2020-04-30 15:24:03.896,10900,10901,10900,1,-1
2020-04-30 15:24:03.898,10900,10901,10901,1,1
2020-04-30 15:24:03.899,10900,10901,10900,1,-1
2020-04-30 15:24:04.012,10900,10901,10900,1,-1
2020-04-30 15:24:04.018,10900,10901,10900,1,-1
2020-04-30 15:24:04.107,10900,10901,10900,2,-2
2020-04-30 15:24:04.160,10900,10901,10900,1,-1
2020-04-30 15:24:04.191,10899,10900,10899,1,-1
2020-04-30 15:24:04.256,10899,10900,10899,1,-1
2020-04-30 15:24:04.339,10899,10900,10898,2,-2
2020-04-30 15:24:04.359,10899,10900,10898,1,-1
2020-04-30 15:24:04.381,10899,10900,10898,3,-3
2020-04-30 15:24:04.434,10898,10899,10898,2,-2
2020-04-30 15:24:04.438,10898,10899,10898,1,-1
2020-04-30 15:24:04.448,10898,10899,10898,1,-1
2020-04-30 15:24:04.537,10898,10899,10898,1,-1
2020-04-30 15:24:04.579,10898,10899,10899,1,1
2020-04-30 15:24:04.627,10898,10899,10898,1,-1
2020-04-30 15:24:04.627,10898,10899,10897,1,-1
2020-04-30 15:24:04.630,10898,10899,10897,1,-1
2020-04-30 15:24:04.665,10898,10899,10897,1,-1
2020-04-30 15:24:04.681,10897,10899,10897,2,-2
2020-04-30 15:24:04.693,10897,10899,10897,4,-4
2020-04-30 15:24:04.716,10897,10899,10897,1,-1
2020-04-30 15:24:04.716,10897,10899,10896,2,-2
2020-04-30 15:24:04.735,10897,10899,10896,2,-2
2020-04-30 15:24:04.808,10896,10898,10896,5,-5
2020-04-30 15:24:04.971,10896,10897,10896,1,-1
2020-04-30 15:24:05.092,10895,10897,10895,1,-1
2020-04-30 15:24:05.119,10895,10897,10895,2,-2
2020-04-30 15:24:05.127,10895,10897,10895,8,-8
2020-04-30 15:24:05.138,10895,10897,10895,2,-2
2020-04-30 15:24:05.139,10895,10897,10895,1,-1
2020-04-30 15:24:05.184,10894,10896,10894,1,-1
2020-04-30 15:24:05.200,10894,10896,10894,5,-5
2020-04-30 15:24:05.200,10894,10896,10893,3,-3
2020-04-30 15:24:05.268,10894,10896,10894,3,3
2020-04-30 15:24:05.268,10894,10896,10893,3,-3
2020-04-30 15:24:05.404,10894,10895,10895,10,10
2020-04-30 15:24:05.405,10894,10895,10895,2,2
2020-04-30 15:24:05.475,10895,10896,10895,2,-2
2020-04-30 15:24:05.475,10895,10896,10894,3,-3
2020-04-30 15:24:05.530,10895,10896,10896,1,1
2020-04-30 15:24:05.534,10895,10896,10895,2,-2
2020-04-30 15:24:05.548,10895,10896,10895,2,-2
2020-04-30 15:24:05.616,10895,10897,10896,1,1
2020-04-30 15:24:05.626,10895,10897,10895,1,-1
2020-04-30 15:24:05.682,10895,10896,10895,1,-1
2020-04-30 15:24:05.724,10895,10896,10895,1,-1
2020-04-30 15:24:05.994,10895,10896,10894,1,-1
2020-04-30 15:24:06.000,10895,10896,10896,7,7
2020-04-30 15:24:06.000,10895,10896,10897,3,3
2020-04-30 15:24:06.045,10895,10896,10896,1,1
2020-04-30 15:24:06.055,10895,10897,10895,1,-1
2020-04-30 15:24:06.181,10895,10897,10895,1,-1
2020-04-30 15:24:06.326,10896,10897,10896,1,1
2020-04-30 15:24:06.355,10896,10897,10896,1,-1
2020-04-30 15:24:06.356,10896,10897,10896,1,-1
2020-04-30 15:24:06.364,10896,10897,10896,1,-1
2020-04-30 15:24:06.623,10896,10897,10897,1,1
2020-04-30 15:24:06.623,10896,10897,10898,1,1
2020-04-30 15:24:06.662,10896,10897,10897,1,1
2020-04-30 15:24:06.885,10896,10898,10898,3,3
2020-04-30 15:24:06.885,10896,10898,10899,2,2
2020-04-30 15:24:06.960,10897,10899,10897,1,-1
2020-04-30 15:24:06.980,10897,10899,10899,2,2
2020-04-30 15:24:07.002,10897,10899,10898,1,-1
2020-04-30 15:24:07.446,10897,10899,10899,1,1
2020-04-30 15:24:08.305,10899,10900,10899,1,-1
2020-04-30 15:24:08.428,10899,10900,10900,5,5
2020-04-30 15:24:08.429,10899,10900,10900,1,1
2020-04-30 15:24:08.487,10899,10900,10901,3,3
2020-04-30 15:24:08.778,10901,10903,10903,4,4
2020-04-30 15:24:09.546,10903,10905,10905,1,1
2020-04-30 15:24:09.674,10904,10906,10904,1,-1
2020-04-30 15:24:09.873,10904,10906,10904,1,-1
2020-04-30 15:24:10.153,10904,10905,10904,1,-1
2020-04-30 15:24:10.334,10904,10905,10905,1,1
2020-04-30 15:24:11.480,10904,10905,10904,2,-2
2020-04-30 15:24:11.480,10904,10905,10904,2,-2
2020-04-30 15:24:11.517,10904,10905,10905,1,1
2020-04-30 15:24:12.092,10903,10905,10905,1,1
2020-04-30 15:24:12.328,10903,10905,10903,1,-1
2020-04-30 15:24:12.647,10902,10904,10904,1,1
2020-04-30 15:24:13.083,10903,10904,10904,1,1
2020-04-30 15:24:13.155,10903,10904,10903,1,-1
2020-04-30 15:24:13.181,10903,10905,10905,2,2
2020-04-30 15:24:13.467,10903,10905,10905,1,1
2020-04-30 15:24:14.263,10904,10905,10904,1,-1
2020-04-30 15:24:14.529,10904,10905,10904,1,-1
2020-04-30 15:24:14.697,10904,10905,10904,1,-1
2020-04-30 15:24:14.961,10904,10905,10904,1,-1
2020-04-30 15:24:14.994,10904,10905,10905,1,1
2020-04-30 15:24:15.268,10904,10905,10904,2,-2
2020-04-30 15:24:15.268,10904,10905,10903,4,-4
2020-04-30 15:24:15.967,10903,10905,10903,1,-1
2020-04-30 15:24:16.203,10903,10905,10905,2,2
2020-04-30 15:24:16.588,10904,10905,10905,1,1
2020-04-30 15:24:16.776,10904,10906,10904,1,-1
2020-04-30 15:24:18.079,10905,10906,10906,6,6
2020-04-30 15:24:18.748,10906,10907,10906,1,-1
2020-04-30 15:24:19.282,10905,10907,10905,1,-1
2020-04-30 15:24:19.436,10906,10907,10906,1,1
2020-04-30 15:24:19.601,10906,10907,10907,1,1
2020-04-30 15:24:19.787,10906,10908,10906,2,-2
2020-04-30 15:24:20.186,10906,10908,10906,1,-1
2020-04-30 15:24:20.505,10907,10908,10907,3,3
2020-04-30 15:24:21.442,10906,10908,10906,1,-1
2020-04-30 15:24:21.753,10906,10908,10907,1,1
2020-04-30 15:24:21.969,10907,10908,10908,2,2
2020-04-30 15:24:21.969,10907,10908,10909,3,3
2020-04-30 15:24:22.662,10907,10909,10907,1,-1
2020-04-30 15:24:22.974,10908,10909,10908,1,1
2020-04-30 15:24:23.869,10907,10909,10907,1,-1
2020-04-30 15:24:24.287,10907,10909,10907,3,-3
2020-04-30 15:24:24.868,10907,10909,10907,1,-1
2020-04-30 15:24:26.045,10907,10909,10908,1,1
2020-04-30 15:24:26.617,10907,10908,10907,1,-1
2020-04-30 15:24:28.345,10907,10908,10908,2,2
2020-04-30 15:24:28.845,10907,10908,10907,1,-1
2020-04-30 15:24:29.801,10907,10908,10907,1,-1
2020-04-30 15:24:29.992,10907,10908,10907,1,-1
2020-04-30 15:24:30.432,10907,10908,10907,1,-1
2020-04-30 15:24:30.745,10906,10907,10908,2,2
2020-04-30 15:24:32.019,10906,10908,10906,1,-1
2020-04-30 15:24:32.022,10906,10908,10907,2,2
2020-04-30 15:24:32.438,10906,10907,10906,1,-1
2020-04-30 15:24:32.439,10906,10907,10906,1,-1
2020-04-30 15:24:32.636,10905,10906,10906,1,1
2020-04-30 15:24:32.760,10905,10906,10906,1,1
2020-04-30 15:24:32.959,10905,10906,10906,1,1
2020-04-30 15:24:33.472,10905,10906,10906,2,2
2020-04-30 15:24:33.557,10906,10907,10907,2,2
2020-04-30 15:24:33.920,10906,10907,10906,1,-1
2020-04-30 15:24:36.505,10905,10906,10906,2,2
2020-04-30 15:24:36.856,10905,10907,10905,1,-1
2020-04-30 15:24:37.473,10905,10907,10907,1,1
2020-04-30 15:24:37.533,10905,10907,10905,2,-2
2020-04-30 15:24:38.041,10905,10907,10907,4,4
2020-04-30 15:24:38.042,10905,10907,10907,1,1
2020-04-30 15:24:39.521,10906,10908,10906,1,-1
2020-04-30 15:24:39.682,10907,10908,10908,1,1
2020-04-30 15:24:39.706,10907,10908,10907,1,-1
2020-04-30 15:24:39.833,10907,10908,10907,2,-2
2020-04-30 15:24:40.261,10907,10908,10907,5,-5
2020-04-30 15:24:40.746,10906,10908,10906,1,-1
2020-04-30 15:24:41.464,10907,10908,10908,10,10
2020-04-30 15:24:41.720,10908,10909,10909,6,6
2020-04-30 15:24:46.096,10907,10909,10909,2,2
2020-04-30 15:24:47.825,10908,10909,10909,1,1
2020-04-30 15:24:47.872,10908,10909,10909,1,1
2020-04-30 15:24:51.248,10908,10909,10909,1,1
2020-04-30 15:24:51.363,10908,10909,10909,1,1
2020-04-30 15:24:51.901,10908,10909,10909,4,4
2020-04-30 15:24:52.062,10908,10909,10908,4,-4
2020-04-30 15:24:52.064,10908,10909,10908,6,-6
2020-04-30 15:24:52.244,10907,10909,10907,1,-1
2020-04-30 15:24:52.334,10907,10909,10909,1,1
2020-04-30 15:24:53.825,10908,10909,10909,1,1
2020-04-30 15:24:54.411,10908,10909,10908,1,-1
2020-04-30 15:24:54.543,10908,10909,10909,1,1
2020-04-30 15:24:54.592,10908,10909,10909,1,1
2020-04-30 15:24:54.593,10908,10909,10909,6,6
2020-04-30 15:24:54.744,10909,10910,10909,1,-1
2020-04-30 15:24:54.752,10909,10910,10909,1,-1
2020-04-30 15:24:54.752,10909,10910,10908,4,-4
2020-04-30 15:24:54.860,10908,10909,10908,2,-2
2020-04-30 15:24:55.027,10907,10909,10907,1,-1
2020-04-30 15:24:56.441,10908,10909,10908,1,1
2020-04-30 15:24:56.512,10908,10909,10907,2,-2
2020-04-30 15:24:57.271,10907,10909,10908,3,3
2020-04-30 15:24:57.881,10907,10908,10907,2,-2
2020-04-30 15:24:58.343,10907,10908,10908,1,1
2020-04-30 15:25:00.764,10907,10908,10907,1,-1
2020-04-30 15:25:00.764,10907,10908,10907,3,-3
2020-04-30 15:25:01.411,10906,10907,10906,2,-2
2020-04-30 15:25:01.412,10906,10907,10906,2,-2
2020-04-30 15:25:01.439,10905,10907,10905,2,-2
2020-04-30 15:25:01.561,10905,10906,10905,1,-1
2020-04-30 15:25:01.561,10905,10906,10905,1,-1
2020-04-30 15:25:01.561,10905,10906,10904,1,-1
2020-04-30 15:25:01.563,10905,10906,10904,1,-1
2020-04-30 15:25:01.565,10905,10906,10904,4,-4
2020-04-30 15:25:01.565,10905,10906,10903,4,-4
2020-04-30 15:25:01.568,10905,10906,10903,1,-1
2020-04-30 15:25:01.570,10905,10906,10903,1,-1
2020-04-30 15:25:01.574,10905,10906,10903,2,-2
2020-04-30 15:25:01.576,10905,10906,10903,1,-1
2020-04-30 15:25:01.579,10905,10906,10903,3,-3
2020-04-30 15:25:01.581,10905,10906,10903,1,-1
2020-04-30 15:25:01.587,10905,10906,10903,2,-2
2020-04-30 15:25:01.588,10905,10906,10903,1,-1
2020-04-30 15:25:01.589,10905,10906,10903,1,-1
2020-04-30 15:25:01.590,10905,10906,10904,2,2
2020-04-30 15:25:01.591,10905,10906,10903,1,-1
2020-04-30 15:25:01.599,10905,10906,10903,1,-1
2020-04-30 15:25:01.612,10905,10906,10902,5,-5
2020-04-30 15:25:02.116,10903,10904,10903,1,1
2020-04-30 15:25:02.123,10903,10904,10904,4,4
2020-04-30 15:25:03.108,10903,10905,10905,2,2
2020-04-30 15:25:03.547,10903,10905,10905,1,1
2020-04-30 15:25:04.833,10903,10904,10903,1,-1
2020-04-30 15:25:04.882,10903,10904,10903,2,-2
2020-04-30 15:25:06.791,10903,10904,10903,1,-1
2020-04-30 15:25:07.104,10902,10903,10903,1,1
2020-04-30 15:25:08.094,10902,10903,10903,1,1
2020-04-30 15:25:09.158,10902,10903,10903,5,5
2020-04-30 15:25:09.398,10902,10903,10903,1,1
2020-04-30 15:25:09.534,10902,10903,10903,1,1
2020-04-30 15:25:09.553,10902,10903,10903,1,1
2020-04-30 15:25:10.394,10903,10904,10903,1,-1
2020-04-30 15:25:10.677,10903,10904,10903,1,-1
2020-04-30 15:25:12.729,10903,10904,10903,1,-1
2020-04-30 15:25:12.993,10903,10904,10903,1,-1
2020-04-30 15:25:13.300,10903,10904,10903,8,-8
2020-04-30 15:25:13.315,10902,10903,10902,1,-1
2020-04-30 15:25:13.525,10902,10903,10902,6,-6
2020-04-30 15:25:13.647,10902,10903,10903,3,3
2020-04-30 15:25:15.459,10902,10904,10904,1,1
2020-04-30 15:25:15.482,10902,10904,10904,1,1
2020-04-30 15:25:16.152,10902,10904,10902,2,-2
2020-04-30 15:25:16.620,10902,10903,10902,5,-5
2020-04-30 15:25:16.655,10902,10903,10901,2,-2
2020-04-30 15:25:16.709,10901,10903,10903,1,1
2020-04-30 15:25:16.848,10901,10903,10903,1,1
2020-04-30 15:25:17.081,10901,10903,10903,1,1
2020-04-30 15:25:17.183,10901,10903,10901,1,-1
2020-04-30 15:25:17.713,10901,10903,10903,1,1
2020-04-30 15:25:17.887,10901,10903,10902,1,-1
2020-04-30 15:25:18.363,10901,10903,10903,1,1
2020-04-30 15:25:19.538,10902,10903,10902,1,-1
2020-04-30 15:25:19.538,10902,10903,10901,3,-3
2020-04-30 15:25:20.250,10902,10903,10903,1,1
2020-04-30 15:25:20.490,10902,10903,10902,1,-1
2020-04-30 15:25:20.734,10902,10903,10902,2,-2
2020-04-30 15:25:21.484,10901,10903,10903,1,1
2020-04-30 15:25:23.305,10902,10903,10902,1,-1
2020-04-30 15:25:23.305,10902,10903,10902,1,-1
2020-04-30 15:25:23.928,10902,10903,10902,1,-1
2020-04-30 15:25:24.476,10902,10903,10903,1,1
2020-04-30 15:25:24.546,10902,10903,10902,1,-1
2020-04-30 15:25:25.578,10902,10903,10902,8,-8
2020-04-30 15:25:27.264,10901,10902,10901,1,-1
2020-04-30 15:25:27.843,10901,10902,10901,5,-5
2020-04-30 15:25:27.980,10900,10902,10901,1,-1
2020-04-30 15:25:28.246,10900,10902,10900,4,-4
2020-04-30 15:25:28.339,10900,10901,10899,2,-2
2020-04-30 15:25:28.606,10899,10901,10899,2,-2
2020-04-30 15:25:28.745,10899,10901,10901,1,1
2020-04-30 15:25:28.807,10899,10901,10901,1,1
2020-04-30 15:25:28.955,10899,10900,10900,1,1
2020-04-30 15:25:29.056,10900,10901,10901,3,3
2020-04-30 15:25:29.263,10900,10902,10902,17,17
2020-04-30 15:25:30.170,10902,10903,10902,1,-1
2020-04-30 15:25:30.656,10902,10903,10903,14,14
2020-04-30 15:25:30.874,10903,10904,10903,2,-2
2020-04-30 15:25:31.122,10903,10904,10904,3,3
2020-04-30 15:25:31.123,10903,10904,10904,2,2
2020-04-30 15:25:31.267,10903,10905,10903,1,-1
2020-04-30 15:25:32.294,10903,10905,10903,1,-1
2020-04-30 15:25:33.177,10903,10905,10905,1,1
2020-04-30 15:25:33.734,10903,10905,10903,1,-1
2020-04-30 15:25:34.522,10903,10905,10903,1,-1
2020-04-30 15:25:35.455,10903,10905,10903,1,-1
2020-04-30 15:25:36.257,10903,10905,10904,2,2
2020-04-30 15:25:37.843,10904,10905,10905,1,1
2020-04-30 15:25:39.224,10904,10905,10904,1,-1
2020-04-30 15:25:39.284,10904,10905,10904,1,-1
2020-04-30 15:25:39.493,10904,10905,10904,1,-1
2020-04-30 15:25:40.975,10904,10905,10905,1,1
2020-04-30 15:25:41.122,10904,10905,10905,11,11
2020-04-30 15:25:41.235,10905,10906,10905,1,-1
2020-04-30 15:25:41.445,10905,10906,10906,1,1
2020-04-30 15:25:41.710,10905,10907,10907,2,2
2020-04-30 15:25:41.716,10905,10907,10907,1,1
2020-04-30 15:25:41.733,10905,10907,10907,1,1
2020-04-30 15:25:41.738,10905,10907,10907,1,1
2020-04-30 15:25:41.839,10905,10907,10907,1,1
2020-04-30 15:25:41.850,10905,10907,10907,1,1
2020-04-30 15:25:41.850,10905,10907,10907,1,1
2020-04-30 15:25:42.285,10905,10907,10905,1,-1
2020-04-30 15:25:43.012,10905,10907,10905,1,-1
2020-04-30 15:25:43.389,10904,10906,10906,1,1
2020-04-30 15:25:48.504,10904,10905,10905,1,1
2020-04-30 15:25:51.010,10904,10905,10904,1,-1
2020-04-30 15:25:51.132,10903,10905,10903,1,-1
2020-04-30 15:25:51.831,10904,10905,10905,1,1
2020-04-30 15:25:52.562,10904,10905,10904,1,-1
2020-04-30 15:25:52.769,10903,10904,10904,3,3
2020-04-30 15:25:55.651,10903,10904,10903,4,-4
2020-04-30 15:25:58.699,10903,10904,10904,1,1
2020-04-30 15:25:59.527,10903,10904,10904,2,2
2020-04-30 15:25:59.530,10903,10904,10903,1,-1
2020-04-30 15:25:59.845,10903,10904,10904,1,1
2020-04-30 15:26:00.472,10904,10905,10905,11,11
2020-04-30 15:26:00.814,10905,10906,10905,6,-6
2020-04-30 15:26:00.902,10905,10906,10905,4,-4
2020-04-30 15:26:00.902,10905,10906,10904,2,-2
2020-04-30 15:26:00.973,10905,10906,10905,2,2
2020-04-30 15:26:01.731,10905,10906,10905,1,-1
2020-04-30 15:26:01.829,10905,10906,10905,1,-1
2020-04-30 15:26:01.934,10905,10906,10905,3,-3
2020-04-30 15:26:01.935,10905,10906,10904,1,-1
2020-04-30 15:26:01.937,10905,10906,10904,1,-1
2020-04-30 15:26:01.939,10905,10906,10904,1,-1
2020-04-30 15:26:01.944,10905,10906,10904,1,-1
2020-04-30 15:26:01.947,10905,10906,10904,1,-1
2020-04-30 15:26:01.948,10905,10906,10903,1,-1
2020-04-30 15:26:05.688,10904,10905,10904,1,1
2020-04-30 15:26:07.782,10903,10904,10903,4,-4
2020-04-30 15:26:07.782,10903,10904,10903,6,-6
2020-04-30 15:26:07.783,10903,10904,10903,1,-1
2020-04-30 15:26:10.317,10903,10904,10904,5,5
2020-04-30 15:26:10.797,10903,10904,10904,2,2
2020-04-30 15:26:11.483,10902,10904,10904,2,2
2020-04-30 15:26:12.529,10903,10904,10903,1,-1
2020-04-30 15:26:13.899,10902,10904,10904,8,8
2020-04-30 15:26:13.899,10902,10904,10905,5,5
2020-04-30 15:26:15.826,10903,10904,10904,2,2
2020-04-30 15:26:17.045,10903,10904,10904,1,1
2020-04-30 15:26:21.620,10903,10904,10903,1,-1
2020-04-30 15:26:22.554,10903,10904,10904,1,1
2020-04-30 15:26:25.086,10903,10904,10903,1,-1
2020-04-30 15:26:27.388,10903,10904,10904,1,1
2020-04-30 15:26:27.475,10903,10904,10903,1,-1
2020-04-30 15:26:31.215,10903,10904,10904,11,11
2020-04-30 15:26:33.529,10904,10905,10904,1,-1
2020-04-30 15:26:42.465,10904,10905,10905,2,2
2020-04-30 15:26:43.621,10904,10905,10904,3,-3
2020-04-30 15:26:45.426,10903,10904,10903,5,-5
2020-04-30 15:26:45.427,10903,10904,10903,13,-13
2020-04-30 15:26:45.427,10903,10904,10903,1,-1
2020-04-30 15:26:45.962,10902,10903,10903,6,6
2020-04-30 15:26:45.962,10902,10903,10904,4,4
2020-04-30 15:26:46.352,10902,10903,10903,1,1
2020-04-30 15:26:47.656,10902,10904,10904,10,10
2020-04-30 15:26:48.313,10903,10904,10904,1,1
2020-04-30 15:26:57.280,10902,10904,10904,1,1
2020-04-30 15:27:01.241,10903,10904,10904,21,21
2020-04-30 15:27:01.241,10903,10904,10904,1,1
2020-04-30 15:27:01.645,10904,10905,10904,1,-1
2020-04-30 15:27:01.662,10904,10905,10904,1,-1
2020-04-30 15:27:02.009,10903,10905,10903,1,-1
2020-04-30 15:27:02.293,10903,10905,10905,2,2
2020-04-30 15:27:02.313,10904,10905,10904,1,-1
2020-04-30 15:27:02.313,10904,10905,10904,1,-1
2020-04-30 15:27:02.315,10904,10905,10904,2,-2
2020-04-30 15:27:02.317,10904,10905,10903,1,-1
2020-04-30 15:27:02.324,10904,10905,10903,1,-1
2020-04-30 15:27:02.324,10904,10905,10903,1,-1
2020-04-30 15:27:04.691,10903,10904,10903,16,-16
2020-04-30 15:27:05.072,10902,10903,10903,1,1
2020-04-30 15:27:05.177,10902,10903,10903,2,2
2020-04-30 15:27:05.692,10902,10903,10903,1,1
2020-04-30 15:27:07.238,10902,10903,10903,1,1
2020-04-30 15:27:07.829,10902,10903,10902,5,-5
2020-04-30 15:27:09.939,10902,10903,10903,7,7
2020-04-30 15:27:13.196,10902,10903,10902,11,-11
2020-04-30 15:27:13.282,10902,10903,10901,5,-5
2020-04-30 15:27:15.795,10901,10902,10901,10,-10
2020-04-30 15:27:15.803,10900,10901,10901,2,2
2020-04-30 15:27:17.221,10900,10901,10901,1,1
2020-04-30 15:27:18.163,10900,10901,10901,1,1
2020-04-30 15:27:18.502,10900,10901,10901,1,1
2020-04-30 15:27:18.933,10900,10901,10900,1,-1
2020-04-30 15:27:19.087,10900,10901,10900,1,-1
2020-04-30 15:27:19.548,10900,10901,10900,6,-6
2020-04-30 15:27:19.549,10900,10901,10900,5,-5
2020-04-30 15:27:19.549,10900,10901,10900,9,-9
2020-04-30 15:27:20.186,10900,10901,10901,1,1
2020-04-30 15:27:23.111,10900,10901,10900,1,-1
2020-04-30 15:27:23.193,10900,10901,10901,2,2
2020-04-30 15:27:23.319,10901,10902,10901,3,-3
2020-04-30 15:27:23.735,10901,10902,10901,1,-1
2020-04-30 15:27:24.057,10900,10901,10901,1,1
2020-04-30 15:27:24.542,10900,10901,10900,1,-1
2020-04-30 15:27:26.812,10900,10901,10900,1,-1
2020-04-30 15:27:26.812,10900,10901,10899,4,-4
2020-04-30 15:27:27.742,10900,10901,10900,1,1
2020-04-30 15:27:27.852,10900,10901,10900,1,-1
2020-04-30 15:27:28.258,10900,10901,10900,1,-1
2020-04-30 15:27:34.419,10899,10900,10899,1,-1
2020-04-30 15:27:34.803,10899,10900,10899,1,-1
2020-04-30 15:27:35.972,10899,10900,10899,3,-3
2020-04-30 15:27:36.281,10898,10899,10899,1,1
2020-04-30 15:27:36.478,10899,10900,10899,1,-1
2020-04-30 15:27:37.113,10899,10900,10899,1,-1
2020-04-30 15:27:38.637,10899,10900,10899,4,-4
2020-04-30 15:27:38.637,10899,10900,10898,1,-1
2020-04-30 15:27:38.999,10898,10900,10900,15,15
2020-04-30 15:27:39.708,10900,10901,10901,9,9
2020-04-30 15:27:39.708,10900,10901,10901,7,7
2020-04-30 15:27:39.757,10900,10901,10901,1,1
2020-04-30 15:27:39.820,10901,10902,10900,1,-1
2020-04-30 15:27:39.971,10900,10902,10900,1,-1
2020-04-30 15:27:40.355,10901,10902,10901,2,2
2020-04-30 15:27:40.612,10901,10902,10901,1,-1
2020-04-30 15:27:40.612,10901,10902,10900,4,-4
2020-04-30 15:27:40.700,10900,10902,10900,3,-3
2020-04-30 15:27:41.156,10901,10902,10901,1,1
2020-04-30 15:27:41.199,10901,10902,10901,1,-1
2020-04-30 15:27:44.563,10899,10900,10899,2,-2
2020-04-30 15:27:44.992,10899,10900,10900,2,2
2020-04-30 15:27:45.102,10899,10900,10900,1,1
2020-04-30 15:27:46.454,10899,10901,10901,2,2
2020-04-30 15:27:46.698,10899,10901,10899,1,-1
2020-04-30 15:27:47.533,10899,10901,10901,9,9
2020-04-30 15:27:47.534,10899,10901,10901,1,1
2020-04-30 15:27:47.535,10899,10901,10901,1,1
2020-04-30 15:27:47.572,10900,10901,10901,1,1
2020-04-30 15:27:47.897,10901,10902,10900,1,-1
2020-04-30 15:27:51.265,10901,10902,10901,1,1
2020-04-30 15:27:54.820,10901,10902,10902,2,2
2020-04-30 15:27:56.547,10901,10903,10903,1,1
2020-04-30 15:27:57.882,10901,10902,10901,2,-2
2020-04-30 15:27:58.758,10901,10903,10902,1,1
2020-04-30 15:27:59.448,10901,10902,10902,1,1
2020-04-30 15:28:03.169,10902,10903,10903,5,5
2020-04-30 15:28:03.621,10902,10904,10902,1,-1
2020-04-30 15:28:03.624,10902,10904,10902,1,-1
2020-04-30 15:28:04.313,10902,10903,10902,4,-4
2020-04-30 15:28:05.633,10902,10903,10903,1,1
2020-04-30 15:28:05.633,10902,10903,10904,1,1
2020-04-30 15:28:05.683,10902,10904,10902,1,-1
2020-04-30 15:28:05.686,10902,10904,10902,1,-1
2020-04-30 15:28:05.688,10902,10904,10902,1,-1
2020-04-30 15:28:05.689,10902,10904,10902,1,-1
2020-04-30 15:28:05.693,10902,10904,10902,1,-1
2020-04-30 15:28:05.693,10902,10904,10901,1,-1
2020-04-30 15:28:06.744,10901,10902,10903,1,1
2020-04-30 15:28:08.776,10901,10903,10902,1,-1
2020-04-30 15:28:13.553,10902,10903,10903,3,3
2020-04-30 15:28:14.528,10903,10904,10903,1,-1
2020-04-30 15:28:16.153,10903,10904,10904,1,1
2020-04-30 15:28:17.277,10903,10904,10904,6,6
2020-04-30 15:28:17.278,10903,10904,10904,5,5
2020-04-30 15:28:17.278,10903,10904,10904,4,4
2020-04-30 15:28:17.278,10903,10904,10904,2,2
2020-04-30 15:28:17.278,10903,10904,10904,2,2
2020-04-30 15:28:17.278,10903,10904,10904,1,1
2020-04-30 15:28:17.279,10903,10904,10904,1,1
2020-04-30 15:28:17.303,10903,10904,10904,19,19
2020-04-30 15:28:17.304,10903,10904,10904,2,2
2020-04-30 15:28:17.582,10903,10905,10905,1,1
2020-04-30 15:28:17.896,10903,10905,10905,1,1
2020-04-30 15:28:21.721,10904,10905,10905,2,2
2020-04-30 15:28:22.155,10904,10905,10905,1,1
2020-04-30 15:28:23.171,10904,10905,10905,1,1
2020-04-30 15:28:25.393,10904,10905,10905,1,1
2020-04-30 15:28:25.838,10904,10905,10905,10,10
2020-04-30 15:28:27.619,10904,10905,10905,3,3
2020-04-30 15:28:28.329,10905,10906,10905,1,-1
2020-04-30 15:28:28.384,10905,10906,10905,2,-2
2020-04-30 15:28:28.396,10905,10906,10904,1,-1
2020-04-30 15:28:28.409,10905,10906,10904,2,-2
2020-04-30 15:28:28.417,10905,10906,10905,1,1
2020-04-30 15:28:36.996,10905,10906,10906,1,1
2020-04-30 15:28:39.661,10905,10906,10905,14,-14
2020-04-30 15:28:39.662,10905,10906,10905,1,-1
2020-04-30 15:28:41.242,10904,10905,10905,1,1
2020-04-30 15:28:41.374,10904,10905,10904,3,-3
2020-04-30 15:28:46.555,10903,10904,10904,1,1
2020-04-30 15:28:51.046,10905,10906,10905,1,1
2020-04-30 15:28:51.497,10904,10905,10905,1,1
2020-04-30 15:28:57.261,10904,10905,10904,1,-1
2020-04-30 15:28:58.340,10904,10905,10904,2,-2
2020-04-30 15:28:59.600,10903,10904,10903,3,-3
2020-04-30 15:29:02.285,10902,10903,10903,1,1
2020-04-30 15:29:11.006,10902,10903,10903,1,1
2020-04-30 15:29:13.065,10902,10903,10902,12,-12
2020-04-30 15:29:14.236,10901,10902,10901,2,-2
2020-04-30 15:29:14.322,10901,10902,10902,2,2
2020-04-30 15:29:14.573,10901,10902,10902,1,1
2020-04-30 15:29:14.892,10901,10902,10902,1,1
2020-04-30 15:29:15.821,10901,10902,10901,1,-1
2020-04-30 15:29:16.784,10901,10902,10901,1,-1
2020-04-30 15:29:18.819,10901,10902,10901,2,-2
2020-04-30 15:29:18.819,10901,10902,10901,1,-1
2020-04-30 15:29:18.910,10901,10902,10901,1,-1
2020-04-30 15:29:18.913,10901,10902,10901,1,-1
2020-04-30 15:29:19.559,10901,10902,10901,1,-1
2020-04-30 15:29:20.244,10900,10902,10901,1,-1
2020-04-30 15:29:21.344,10900,10902,10901,1,-1
2020-04-30 15:29:23.393,10900,10902,10900,5,-5
2020-04-30 15:29:24.274,10900,10901,10900,1,-1
2020-04-30 15:29:24.320,10900,10901,10900,1,-1
2020-04-30 15:29:24.484,10900,10901,10900,6,-6
2020-04-30 15:29:24.486,10900,10901,10900,6,-6
2020-04-30 15:29:24.488,10900,10901,10900,6,-6
2020-04-30 15:29:24.604,10900,10901,10900,6,-6
2020-04-30 15:29:24.605,10900,10901,10900,6,-6
2020-04-30 15:29:24.609,10900,10901,10900,6,-6
2020-04-30 15:29:24.678,10900,10901,10900,26,-26
2020-04-30 15:29:24.679,10900,10901,10900,2,-2
2020-04-30 15:29:24.921,10899,10900,10899,1,-1
2020-04-30 15:29:25.020,10899,10901,10901,1,1
2020-04-30 15:29:27.252,10899,10900,10900,1,1
2020-04-30 15:29:27.978,10899,10900,10900,1,1
2020-04-30 15:29:28.554,10899,10900,10900,1,1
2020-04-30 15:29:31.213,10899,10900,10900,3,3
2020-04-30 15:29:31.214,10899,10900,10900,2,2
2020-04-30 15:29:31.214,10899,10900,10900,2,2
2020-04-30 15:29:31.538,10900,10901,10901,2,2
2020-04-30 15:29:32.190,10900,10901,10901,1,1
2020-04-30 15:29:32.288,10900,10901,10900,1,-1
2020-04-30 15:29:37.684,10899,10900,10899,6,-6
2020-04-30 15:29:37.712,10899,10900,10899,2,-2
2020-04-30 15:29:38.020,10898,10899,10899,1,1
2020-04-30 15:29:38.629,10898,10899,10898,4,-4
2020-04-30 15:29:39.353,10898,10899,10899,1,1
2020-04-30 15:29:40.238,10898,10899,10898,1,-1
2020-04-30 15:29:40.238,10898,10899,10898,1,-1
2020-04-30 15:29:40.238,10898,10899,10898,2,-2
2020-04-30 15:29:40.239,10898,10899,10898,2,-2
2020-04-30 15:29:40.239,10898,10899,10898,1,-1
2020-04-30 15:29:40.303,10898,10899,10898,1,-1
2020-04-30 15:29:41.054,10897,10898,10898,1,1
2020-04-30 15:29:41.101,10897,10898,10898,1,1
2020-04-30 15:29:41.358,10897,10898,10898,2,2
2020-04-30 15:29:41.748,10897,10898,10898,1,1
2020-04-30 15:29:42.852,10897,10898,10898,1,1
2020-04-30 15:29:42.856,10897,10898,10899,10,10
2020-04-30 15:29:42.898,10897,10898,10898,1,1
2020-04-30 15:29:44.419,10897,10898,10897,1,-1
2020-04-30 15:29:44.476,10897,10898,10897,1,-1
2020-04-30 15:29:44.860,10897,10898,10897,1,-1
2020-04-30 15:29:45.047,10897,10898,10898,1,1
2020-04-30 15:29:45.282,10897,10898,10897,2,-2
2020-04-30 15:29:45.843,10897,10898,10898,1,1
2020-04-30 15:29:46.018,10897,10898,10897,1,-1
2020-04-30 15:29:46.056,10896,10898,10896,3,-3
2020-04-30 15:29:46.354,10896,10898,10896,1,-1
2020-04-30 15:29:46.374,10896,10898,10896,2,-2
2020-04-30 15:29:47.344,10896,10898,10896,1,-1
2020-04-30 15:29:48.955,10897,10898,10897,2,2
2020-04-30 15:29:48.955,10897,10898,10896,1,-1
2020-04-30 15:29:50.111,10897,10898,10897,7,7
2020-04-30 15:29:50.111,10897,10898,10896,13,-13
2020-04-30 15:29:50.544,10896,10897,10897,1,1
2020-04-30 15:29:52.775,10896,10897,10897,1,1
2020-04-30 15:29:53.070,10896,10898,10896,1,-1
2020-04-30 15:29:53.614,10896,10898,10896,1,-1
2020-04-30 15:29:53.967,10896,10897,10896,1,-1
2020-04-30 15:29:54.270,10896,10897,10897,1,1
2020-04-30 15:29:54.829,10896,10897,10896,3,-3
2020-04-30 15:29:56.386,10896,10897,10897,1,1
2020-04-30 15:29:58.540,10895,10897,10897,1,1
2020-04-30 15:29:59.106,10896,10897,10896,1,-1
2020-04-30 15:30:00.808,10896,10897,10896,3,-3
2020-04-30 15:30:01.151,10895,10896,10895,1,-1
2020-04-30 15:30:01.171,10895,10896,10895,1,-1
2020-04-30 15:30:01.177,10895,10896,10895,1,-1
2020-04-30 15:30:01.200,10895,10896,10895,1,-1
2020-04-30 15:30:01.202,10895,10896,10895,1,-1
2020-04-30 15:30:01.260,10895,10896,10895,1,-1
2020-04-30 15:30:01.312,10895,10896,10895,1,-1
2020-04-30 15:30:01.317,10895,10896,10895,1,-1
2020-04-30 15:30:01.321,10895,10896,10895,1,-1
2020-04-30 15:30:01.322,10895,10896,10895,1,-1
2020-04-30 15:30:01.402,10895,10896,10896,1,1
2020-04-30 15:30:01.729,10895,10896,10895,1,-1
2020-04-30 15:30:01.734,10895,10896,10895,1,-1
2020-04-30 15:30:01.759,10895,10896,10895,2,-2
2020-04-30 15:30:01.803,10895,10896,10895,10,-10
2020-04-30 15:30:01.883,10895,10896,10895,2,-2
2020-04-30 15:30:02.175,10895,10896,10896,1,1
2020-04-30 15:30:02.197,10895,10896,10895,1,-1
2020-04-30 15:30:02.199,10895,10896,10895,2,-2
2020-04-30 15:30:02.199,10895,10896,10894,2,-2
2020-04-30 15:30:02.326,10894,10896,10896,1,1
2020-04-30 15:30:02.684,10895,10896,10896,3,3
2020-04-30 15:30:02.704,10895,10896,10897,1,1
2020-04-30 15:30:02.722,10895,10896,10897,1,1
2020-04-30 15:30:03.109,10896,10897,10896,1,-1
2020-04-30 15:30:03.436,10896,10897,10897,21,21
2020-04-30 15:30:03.593,10897,10898,10897,1,-1
2020-04-30 15:30:03.658,10897,10898,10897,2,-2
2020-04-30 15:30:04.145,10897,10898,10898,1,1
2020-04-30 15:30:04.646,10898,10899,10898,1,-1
2020-04-30 15:30:04.734,10898,10899,10899,1,1
2020-04-30 15:30:05.469,10897,10899,10897,1,-1
2020-04-30 15:30:06.642,10897,10899,10897,1,-1
2020-04-30 15:30:06.806,10897,10899,10897,1,-1
2020-04-30 15:30:08.784,10897,10899,10897,1,-1
2020-04-30 15:30:09.539,10897,10898,10898,1,1
2020-04-30 15:30:10.726,10897,10898,10898,2,2
2020-04-30 15:30:10.729,10897,10898,10899,1,1
2020-04-30 15:30:11.844,10898,10899,10899,1,1
2020-04-30 15:30:12.121,10898,10900,10898,1,-1
2020-04-30 15:30:12.657,10898,10900,10900,2,2
2020-04-30 15:30:13.809,10899,10900,10899,10,-10
2020-04-30 15:30:14.809,10899,10900,10900,2,2
2020-04-30 15:30:16.532,10900,10901,10900,1,-1
2020-04-30 15:30:16.672,10900,10901,10901,1,1
2020-04-30 15:30:18.876,10901,10902,10901,1,-1
2020-04-30 15:30:20.177,10901,10902,10901,1,-1
2020-04-30 15:30:20.630,10901,10902,10902,1,1
2020-04-30 15:30:21.873,10901,10902,10902,1,1
2020-04-30 15:30:22.568,10901,10902,10901,1,-1
2020-04-30 15:30:23.420,10901,10902,10901,1,-1
2020-04-30 15:30:24.131,10901,10902,10902,1,1
2020-04-30 15:30:24.929,10901,10902,10902,1,1
2020-04-30 15:30:25.165,10901,10902,10902,1,1
2020-04-30 15:30:25.506,10901,10902,10902,1,1
2020-04-30 15:30:25.673,10901,10902,10902,1,1
2020-04-30 15:30:28.072,10902,10903,10903,3,3
2020-04-30 15:30:28.871,10903,10904,10903,1,-1
2020-04-30 15:30:29.952,10903,10904,10904,8,8
2020-04-30 15:30:29.952,10903,10904,10905,2,2
2020-04-30 15:30:30.635,10903,10904,10904,1,1
2020-04-30 15:30:36.270,10903,10904,10904,1,1
2020-04-30 15:30:38.415,10903,10904,10904,1,1
2020-04-30 15:30:39.841,10903,10904,10904,1,1
2020-04-30 15:30:42.616,10903,10904,10903,1,-1
2020-04-30 15:30:42.699,10903,10904,10904,1,1
2020-04-30 15:30:42.882,10903,10904,10904,1,1
2020-04-30 15:30:52.789,10903,10904,10904,1,1
2020-04-30 15:30:54.280,10903,10904,10903,2,-2
2020-04-30 15:30:54.280,10903,10904,10902,3,-3
2020-04-30 15:30:54.280,10903,10904,10903,1,1
2020-04-30 15:30:59.492,10902,10903,10903,1,1
2020-04-30 15:31:01.224,10902,10903,10903,1,1
2020-04-30 15:31:02.265,10902,10903,10902,3,-3
2020-04-30 15:31:03.181,10901,10902,10901,1,-1
2020-04-30 15:31:04.491,10901,10902,10901,2,-2
2020-04-30 15:31:05.372,10900,10902,10902,1,1
2020-04-30 15:31:05.787,10900,10902,10901,1,-1
2020-04-30 15:31:08.320,10901,10902,10901,3,-3
2020-04-30 15:31:08.656,10901,10902,10901,1,-1
2020-04-30 15:31:09.292,10900,10901,10901,1,1
2020-04-30 15:31:09.532,10901,10902,10901,1,-1
2020-04-30 15:31:09.700,10901,10902,10902,1,1
2020-04-30 15:31:10.614,10901,10902,10901,5,-5
2020-04-30 15:31:16.151,10901,10902,10901,1,-1
2020-04-30 15:31:17.003,10901,10902,10901,1,-1
2020-04-30 15:31:21.747,10901,10902,10902,1,1
2020-04-30 15:31:22.456,10901,10902,10902,2,2
2020-04-30 15:31:24.455,10901,10902,10902,1,1
2020-04-30 15:31:26.717,10901,10902,10902,2,2
2020-04-30 15:31:28.787,10901,10903,10902,1,-1
2020-04-30 15:31:32.968,10902,10903,10902,7,-7
2020-04-30 15:31:32.968,10902,10903,10901,3,-3
2020-04-30 15:31:33.553,10902,10903,10903,8,8
2020-04-30 15:31:33.744,10903,10904,10904,1,1
2020-04-30 15:31:34.290,10903,10904,10904,1,1
2020-04-30 15:31:34.624,10903,10904,10904,7,7
2020-04-30 15:31:36.114,10904,10905,10904,1,-1
2020-04-30 15:31:40.723,10904,10905,10905,2,2
2020-04-30 15:31:40.723,10904,10905,10905,1,1
2020-04-30 15:31:40.847,10904,10905,10905,1,1
