2021-06-16 15:00:00.018,17257,17259,17257,148
2021-06-16 15:00:00.019,17256,17257,17256,2
2021-06-16 15:00:00.130,17255,17257,17257,2
2021-06-16 15:00:00.131,17255,17257,17255,2
2021-06-16 15:00:00.208,17254,17255,17255,1
2021-06-16 15:00:00.208,17254,17255,17257,1
2021-06-16 15:00:00.209,17254,17255,17254,2
2021-06-16 15:00:00.246,17254,17255,17257,3
2021-06-16 15:00:00.310,17253,17257,17257,2
2021-06-16 15:00:00.318,17253,17257,17257,2
2021-06-16 15:00:00.370,17253,17257,17257,1
2021-06-16 15:00:00.388,17253,17257,17257,1
2021-06-16 15:00:00.388,17253,17257,17257,2
2021-06-16 15:00:00.393,17253,17257,17257,2
2021-06-16 15:00:00.401,17253,17257,17253,1
2021-06-16 15:00:00.417,17253,17257,17257,1
2021-06-16 15:00:00.480,17253,17257,17253,2
2021-06-16 15:00:00.490,17253,17257,17255,1
2021-06-16 15:00:00.499,17253,17257,17257,2
2021-06-16 15:00:00.502,17253,17257,17252,1
2021-06-16 15:00:00.504,17253,17257,17257,1
2021-06-16 15:00:00.547,17253,17257,17256,1
2021-06-16 15:00:00.555,17253,17257,17257,1
2021-06-16 15:00:00.577,17253,17257,17257,1
2021-06-16 15:00:00.661,17253,17257,17252,2
2021-06-16 15:00:00.661,17253,17257,17251,1
2021-06-16 15:00:00.662,17253,17257,17254,1
2021-06-16 15:00:00.662,17253,17257,17255,1
2021-06-16 15:00:00.690,17252,17253,17252,1
2021-06-16 15:00:00.690,17252,17253,17251,1
2021-06-16 15:00:00.693,17252,17253,17253,2
2021-06-16 15:00:00.693,17252,17253,17256,1
2021-06-16 15:00:00.760,17252,17253,17255,1
2021-06-16 15:00:00.794,17252,17253,17255,1
2021-06-16 15:00:00.800,17252,17253,17253,1
2021-06-16 15:00:00.800,17252,17253,17252,1
2021-06-16 15:00:00.824,17252,17256,17252,1
2021-06-16 15:00:00.960,17252,17254,17255,1
2021-06-16 15:00:01.086,17252,17253,17253,2
2021-06-16 15:00:01.104,17252,17253,17253,2
2021-06-16 15:00:01.104,17252,17253,17256,2
2021-06-16 15:00:01.189,17252,17256,17256,1
2021-06-16 15:00:01.190,17252,17256,17257,1
2021-06-16 15:00:01.239,17252,17256,17253,1
2021-06-16 15:00:01.787,17254,17257,17257,1
2021-06-16 15:00:01.894,17254,17257,17257,1
2021-06-16 15:00:01.894,17254,17257,17258,4
2021-06-16 15:00:01.894,17254,17257,17258,2
2021-06-16 15:00:02.653,17255,17257,17255,5
2021-06-16 15:00:02.671,17255,17257,17253,1
2021-06-16 15:00:02.734,17253,17255,17254,1
2021-06-16 15:00:02.734,17253,17255,17253,1
2021-06-16 15:00:02.835,17253,17256,17253,2
2021-06-16 15:00:02.887,17253,17256,17253,1
2021-06-16 15:00:02.908,17253,17256,17253,1
2021-06-16 15:00:02.946,17253,17256,17253,1
2021-06-16 15:00:02.957,17253,17256,17252,1
2021-06-16 15:00:02.978,17253,17256,17252,1
2021-06-16 15:00:03.041,17253,17256,17252,1
2021-06-16 15:00:03.051,17253,17256,17252,1
2021-06-16 15:00:03.051,17253,17256,17251,1
2021-06-16 15:00:03.134,17251,17256,17256,1
2021-06-16 15:00:03.220,17251,17256,17251,1
2021-06-16 15:00:03.248,17251,17256,17251,2
2021-06-16 15:00:03.576,17251,17256,17251,1
2021-06-16 15:00:03.640,17251,17256,17251,1
2021-06-16 15:00:03.658,17251,17256,17251,2
2021-06-16 15:00:03.749,17251,17256,17251,1
2021-06-16 15:00:03.760,17251,17256,17251,1
2021-06-16 15:00:03.821,17251,17256,17251,2
2021-06-16 15:00:03.890,17251,17256,17256,1
2021-06-16 15:00:04.492,17252,17254,17254,1
2021-06-16 15:00:04.746,17252,17256,17256,1
2021-06-16 15:00:04.762,17252,17256,17252,1
2021-06-16 15:00:06.125,17251,17255,17251,1
2021-06-16 15:00:08.448,17252,17254,17254,1
2021-06-16 15:00:08.448,17252,17254,17256,1
2021-06-16 15:00:08.593,17253,17256,17253,1
2021-06-16 15:00:08.593,17253,17256,17252,1
2021-06-16 15:00:08.750,17252,17255,17252,1
2021-06-16 15:00:08.750,17252,17255,17251,1
2021-06-16 15:00:08.913,17251,17255,17255,1
2021-06-16 15:00:08.913,17251,17255,17256,1
2021-06-16 15:00:08.991,17252,17256,17254,1
2021-06-16 15:00:09.048,17252,17256,17256,1
2021-06-16 15:00:09.055,17252,17256,17251,1
2021-06-16 15:00:09.145,17251,17255,17256,1
2021-06-16 15:00:09.210,17253,17256,17253,5
2021-06-16 15:00:09.210,17253,17256,17252,1
2021-06-16 15:00:09.322,17252,17256,17256,1
2021-06-16 15:00:09.322,17252,17256,17257,1
2021-06-16 15:00:09.367,17252,17256,17257,2
2021-06-16 15:00:09.499,17253,17257,17253,1
2021-06-16 15:00:09.499,17253,17257,17252,1
2021-06-16 15:00:09.499,17253,17257,17252,1
2021-06-16 15:00:09.499,17253,17257,17251,1
2021-06-16 15:00:09.502,17253,17257,17251,7
2021-06-16 15:00:09.645,17251,17256,17256,1
2021-06-16 15:00:09.645,17251,17256,17257,1
2021-06-16 15:00:09.680,17251,17256,17257,2
2021-06-16 15:00:10.327,17253,17255,17255,1
2021-06-16 15:00:10.461,17253,17255,17255,1
2021-06-16 15:00:10.461,17253,17255,17256,1
2021-06-16 15:00:10.607,17253,17256,17253,2
2021-06-16 15:00:10.836,17253,17256,17256,2
2021-06-16 15:00:10.976,17253,17255,17255,1
2021-06-16 15:00:10.976,17253,17255,17257,1
2021-06-16 15:00:11.473,17253,17257,17254,1
2021-06-16 15:00:11.473,17253,17257,17253,1
2021-06-16 15:00:12.391,17254,17257,17254,1
2021-06-16 15:00:13.344,17254,17256,17254,1
2021-06-16 15:00:15.339,17254,17255,17255,2
2021-06-16 15:00:15.339,17254,17255,17256,1
2021-06-16 15:00:15.339,17254,17255,17257,2
2021-06-16 15:00:15.346,17254,17255,17254,1
2021-06-16 15:00:15.662,17254,17256,17254,1
2021-06-16 15:00:15.680,17254,17256,17256,1
2021-06-16 15:00:15.700,17253,17257,17257,1
2021-06-16 15:00:17.547,17255,17256,17255,1
2021-06-16 15:00:17.656,17254,17256,17256,1
2021-06-16 15:00:18.334,17254,17256,17254,1
2021-06-16 15:00:19.884,17255,17256,17256,1
2021-06-16 15:00:20.518,17255,17256,17256,1
2021-06-16 15:00:20.558,17255,17256,17256,2
2021-06-16 15:00:20.617,17255,17256,17255,1
2021-06-16 15:00:21.433,17256,17257,17257,8
2021-06-16 15:00:21.434,17256,17257,17257,2
2021-06-16 15:00:21.784,17256,17258,17257,1
2021-06-16 15:00:23.801,17256,17258,17256,1
2021-06-16 15:00:24.320,17256,17258,17257,1
2021-06-16 15:00:25.452,17256,17257,17256,1
2021-06-16 15:00:25.452,17256,17257,17257,1
2021-06-16 15:00:26.375,17256,17258,17257,1
2021-06-16 15:00:26.375,17256,17258,17258,14
2021-06-16 15:00:26.375,17256,17258,17259,30
2021-06-16 15:00:26.376,17256,17258,17259,5
2021-06-16 15:00:26.434,17257,17259,17259,1
2021-06-16 15:00:26.471,17257,17259,17259,1
2021-06-16 15:00:26.597,17257,17260,17257,2
2021-06-16 15:00:27.145,17256,17259,17256,1
2021-06-16 15:00:27.396,17256,17259,17259,1
2021-06-16 15:00:27.396,17256,17259,17260,39
2021-06-16 15:00:27.397,17256,17259,17261,7
2021-06-16 15:00:27.397,17256,17259,17260,10
2021-06-16 15:00:27.397,17256,17259,17261,1
2021-06-16 15:00:27.527,17257,17262,17261,1
2021-06-16 15:00:27.746,17257,17260,17258,1
2021-06-16 15:00:27.938,17257,17260,17257,2
2021-06-16 15:00:28.300,17256,17260,17260,3
2021-06-16 15:00:29.156,17258,17260,17260,1
2021-06-16 15:00:29.525,17258,17261,17258,1
2021-06-16 15:00:29.546,17258,17261,17261,2
2021-06-16 15:00:30.849,17259,17261,17259,1
2021-06-16 15:00:31.019,17259,17261,17260,1
2021-06-16 15:00:31.224,17259,17261,17259,2
2021-06-16 15:00:31.495,17259,17261,17261,1
2021-06-16 15:00:31.725,17259,17261,17261,1
2021-06-16 15:00:32.975,17260,17261,17260,1
2021-06-16 15:00:33.272,17260,17261,17260,1
2021-06-16 15:00:33.936,17260,17261,17261,6
2021-06-16 15:00:34.044,17260,17261,17261,1
2021-06-16 15:00:34.479,17260,17262,17260,1
2021-06-16 15:00:34.625,17259,17262,17259,1
2021-06-16 15:00:34.750,17259,17262,17262,1
2021-06-16 15:00:34.939,17259,17262,17259,1
2021-06-16 15:00:35.050,17259,17262,17260,1
2021-06-16 15:00:35.320,17259,17262,17262,1
2021-06-16 15:00:35.329,17259,17262,17262,1
2021-06-16 15:00:35.337,17259,17262,17262,1
2021-06-16 15:00:35.386,17259,17262,17262,1
2021-06-16 15:00:35.915,17259,17261,17261,1
2021-06-16 15:00:36.378,17261,17262,17261,1
2021-06-16 15:00:36.486,17261,17262,17262,1
2021-06-16 15:00:36.670,17261,17262,17261,4
2021-06-16 15:00:36.799,17260,17261,17260,1
2021-06-16 15:00:37.038,17259,17261,17261,1
2021-06-16 15:00:37.323,17260,17261,17260,1
2021-06-16 15:00:38.287,17259,17260,17260,2
2021-06-16 15:00:39.376,17259,17261,17259,1
2021-06-16 15:00:39.827,17259,17260,17260,1
2021-06-16 15:00:40.299,17260,17261,17260,1
2021-06-16 15:00:40.683,17260,17261,17260,1
2021-06-16 15:00:40.723,17260,17261,17261,1
2021-06-16 15:00:40.795,17260,17261,17261,1
2021-06-16 15:00:41.183,17260,17261,17260,1
2021-06-16 15:00:41.351,17259,17260,17260,1
2021-06-16 15:00:41.871,17259,17260,17259,7
2021-06-16 15:00:41.872,17259,17260,17258,1
2021-06-16 15:00:41.872,17259,17260,17258,1
2021-06-16 15:00:41.872,17259,17260,17258,1
2021-06-16 15:00:42.497,17257,17259,17257,1
2021-06-16 15:00:43.309,17258,17259,17259,1
2021-06-16 15:00:43.763,17258,17260,17260,1
2021-06-16 15:00:44.808,17258,17259,17258,1
2021-06-16 15:00:45.461,17257,17259,17258,1
2021-06-16 15:00:45.583,17257,17259,17259,1
2021-06-16 15:00:45.583,17257,17259,17260,1
2021-06-16 15:00:47.808,17258,17259,17258,1
2021-06-16 15:00:49.904,17257,17258,17258,4
2021-06-16 15:00:50.341,17257,17258,17257,10
2021-06-16 15:00:50.663,17257,17258,17258,6
2021-06-16 15:00:50.663,17257,17258,17258,1
2021-06-16 15:00:51.459,17257,17259,17259,1
2021-06-16 15:00:52.350,17257,17259,17260,2
2021-06-16 15:00:53.355,17258,17259,17258,1
2021-06-16 15:00:53.433,17258,17259,17258,1
2021-06-16 15:00:53.846,17257,17259,17257,1
2021-06-16 15:00:57.823,17256,17257,17257,2
2021-06-16 15:00:57.941,17257,17258,17258,1
2021-06-16 15:00:58.362,17257,17258,17257,1
2021-06-16 15:00:59.581,17257,17258,17258,1
2021-06-16 15:00:59.624,17257,17258,17257,2
2021-06-16 15:01:00.006,17257,17259,17259,1
2021-06-16 15:01:00.042,17257,17259,17259,1
2021-06-16 15:01:00.049,17257,17259,17259,2
2021-06-16 15:01:00.084,17257,17259,17259,1
2021-06-16 15:01:00.483,17257,17259,17257,1
2021-06-16 15:01:01.527,17257,17259,17257,2
2021-06-16 15:01:02.206,17256,17257,17257,1
2021-06-16 15:01:02.208,17256,17257,17257,1
2021-06-16 15:01:03.090,17257,17258,17258,1
2021-06-16 15:01:03.090,17257,17258,17259,1
2021-06-16 15:01:03.999,17257,17259,17259,1
2021-06-16 15:01:04.055,17257,17259,17259,1
2021-06-16 15:01:04.055,17257,17259,17259,3
2021-06-16 15:01:04.055,17257,17259,17259,1
2021-06-16 15:01:04.055,17257,17259,17259,1
2021-06-16 15:01:04.086,17258,17259,17259,1
2021-06-16 15:01:04.213,17258,17259,17259,1
2021-06-16 15:01:04.214,17258,17259,17259,6
2021-06-16 15:01:04.219,17258,17259,17260,3
2021-06-16 15:01:04.388,17259,17260,17259,3
2021-06-16 15:01:04.425,17259,17260,17258,1
2021-06-16 15:01:04.994,17258,17260,17260,6
2021-06-16 15:01:04.996,17258,17260,17261,1
2021-06-16 15:01:04.996,17258,17260,17261,1
2021-06-16 15:01:05.104,17259,17261,17259,1
2021-06-16 15:01:05.220,17259,17261,17261,1
2021-06-16 15:01:05.357,17259,17261,17259,1
2021-06-16 15:01:05.515,17259,17261,17261,3
2021-06-16 15:01:05.584,17259,17261,17260,1
2021-06-16 15:01:06.001,17259,17260,17260,1
2021-06-16 15:01:06.002,17259,17260,17261,1
2021-06-16 15:01:06.002,17259,17260,17261,1
2021-06-16 15:01:06.002,17259,17260,17261,3
2021-06-16 15:01:06.087,17259,17261,17261,8
2021-06-16 15:01:06.087,17259,17261,17262,1
2021-06-16 15:01:06.091,17259,17261,17262,5
2021-06-16 15:01:06.216,17260,17262,17262,3
2021-06-16 15:01:06.217,17260,17262,17262,3
2021-06-16 15:01:06.217,17260,17262,17262,4
2021-06-16 15:01:06.217,17260,17262,17263,5
2021-06-16 15:01:06.341,17260,17263,17260,1
2021-06-16 15:01:06.364,17260,17263,17262,2
2021-06-16 15:01:06.364,17260,17263,17263,11
2021-06-16 15:01:07.002,17260,17263,17263,8
2021-06-16 15:01:07.092,17261,17263,17263,6
2021-06-16 15:01:07.093,17261,17263,17264,1
2021-06-16 15:01:07.213,17262,17264,17264,15
2021-06-16 15:01:07.213,17262,17264,17265,9
2021-06-16 15:01:07.264,17262,17264,17263,3
2021-06-16 15:01:07.264,17262,17264,17262,3
2021-06-16 15:01:07.264,17262,17264,17261,4
2021-06-16 15:01:07.264,17262,17264,17261,16
2021-06-16 15:01:07.265,17262,17264,17261,14
2021-06-16 15:01:07.433,17261,17264,17263,3
2021-06-16 15:01:07.962,17261,17264,17264,3
2021-06-16 15:01:07.962,17261,17264,17265,2
2021-06-16 15:01:07.981,17261,17264,17265,5
2021-06-16 15:01:07.987,17261,17264,17266,2
2021-06-16 15:01:08.004,17261,17264,17266,3
2021-06-16 15:01:08.042,17261,17264,17266,5
2021-06-16 15:01:08.093,17264,17266,17266,3
2021-06-16 15:01:08.093,17264,17266,17266,1
2021-06-16 15:01:08.093,17264,17266,17267,2
2021-06-16 15:01:08.166,17264,17266,17266,1
2021-06-16 15:01:08.219,17264,17266,17266,1
2021-06-16 15:01:08.219,17264,17266,17267,6
2021-06-16 15:01:08.219,17264,17266,17267,5
2021-06-16 15:01:08.297,17264,17266,17267,2
2021-06-16 15:01:08.297,17264,17266,17268,3
2021-06-16 15:01:08.512,17264,17266,17266,3
2021-06-16 15:01:09.089,17264,17266,17266,3
2021-06-16 15:01:09.215,17264,17266,17266,2
2021-06-16 15:01:09.215,17264,17266,17267,1
2021-06-16 15:01:09.215,17264,17266,17267,2
2021-06-16 15:01:09.215,17264,17266,17267,1
2021-06-16 15:01:09.215,17264,17266,17268,15
2021-06-16 15:01:09.434,17266,17268,17266,1
2021-06-16 15:01:09.504,17266,17268,17265,2
2021-06-16 15:01:09.558,17264,17265,17264,2
2021-06-16 15:01:09.934,17264,17265,17265,1
2021-06-16 15:01:09.996,17264,17265,17265,1
2021-06-16 15:01:10.065,17264,17265,17265,1
2021-06-16 15:01:10.091,17264,17265,17266,1
2021-06-16 15:01:10.092,17264,17265,17267,2
2021-06-16 15:01:10.221,17265,17267,17267,2
2021-06-16 15:01:10.746,17265,17267,17267,1
2021-06-16 15:01:11.091,17265,17268,17268,1
2021-06-16 15:01:11.091,17265,17268,17268,1
2021-06-16 15:01:11.091,17265,17268,17268,3
2021-06-16 15:01:11.227,17266,17269,17266,1
2021-06-16 15:01:11.229,17266,17269,17266,1
2021-06-16 15:01:11.511,17265,17268,17268,4
2021-06-16 15:01:11.511,17265,17268,17269,5
2021-06-16 15:01:11.998,17265,17268,17268,2
2021-06-16 15:01:11.999,17265,17268,17268,2
2021-06-16 15:01:11.999,17265,17268,17269,3
2021-06-16 15:01:12.017,17265,17268,17268,1
2021-06-16 15:01:12.086,17267,17269,17269,1
2021-06-16 15:01:12.087,17267,17269,17269,1
2021-06-16 15:01:12.170,17267,17269,17268,1
2021-06-16 15:01:12.172,17267,17269,17268,1
2021-06-16 15:01:12.193,17267,17269,17267,2
2021-06-16 15:01:12.348,17266,17269,17266,1
2021-06-16 15:01:12.828,17266,17268,17268,1
2021-06-16 15:01:13.089,17266,17268,17268,3
2021-06-16 15:01:13.093,17266,17268,17269,1
2021-06-16 15:01:13.222,17266,17269,17269,1
2021-06-16 15:01:13.222,17266,17269,17269,4
2021-06-16 15:01:13.222,17266,17269,17269,13
2021-06-16 15:01:13.580,17267,17269,17267,2
2021-06-16 15:01:13.580,17267,17269,17266,1
2021-06-16 15:01:14.306,17266,17268,17268,4
2021-06-16 15:01:14.306,17266,17268,17269,1
2021-06-16 15:01:14.987,17266,17269,17268,2
2021-06-16 15:01:15.154,17266,17268,17266,1
2021-06-16 15:01:16.481,17266,17268,17268,1
2021-06-16 15:01:16.481,17266,17268,17266,2
2021-06-16 15:01:16.949,17265,17267,17265,1
2021-06-16 15:01:17.638,17264,17266,17266,1
2021-06-16 15:01:17.687,17264,17266,17264,1
2021-06-16 15:01:17.688,17264,17266,17263,1
2021-06-16 15:01:17.699,17264,17266,17265,1
2021-06-16 15:01:17.724,17264,17266,17265,3
2021-06-16 15:01:18.326,17263,17265,17265,1
2021-06-16 15:01:18.570,17263,17266,17266,2
2021-06-16 15:01:18.622,17263,17266,17266,4
2021-06-16 15:01:19.646,17264,17266,17264,1
2021-06-16 15:01:19.647,17264,17266,17264,1
2021-06-16 15:01:19.830,17263,17266,17266,5
2021-06-16 15:01:20.625,17264,17267,17267,5
2021-06-16 15:01:20.835,17265,17268,17268,1
2021-06-16 15:01:23.532,17265,17267,17265,2
2021-06-16 15:01:23.642,17265,17267,17267,4
2021-06-16 15:01:25.158,17265,17266,17266,1
2021-06-16 15:01:25.324,17265,17267,17265,1
2021-06-16 15:01:26.100,17265,17267,17266,1
2021-06-16 15:01:26.399,17265,17267,17265,3
2021-06-16 15:01:26.867,17264,17266,17266,1
2021-06-16 15:01:26.870,17264,17266,17265,1
2021-06-16 15:01:27.874,17264,17266,17265,1
2021-06-16 15:01:28.314,17264,17266,17264,1
2021-06-16 15:01:28.359,17264,17266,17266,2
2021-06-16 15:01:28.809,17264,17266,17266,3
2021-06-16 15:01:28.809,17264,17266,17267,16
2021-06-16 15:01:28.809,17264,17266,17268,1
2021-06-16 15:01:30.510,17265,17266,17265,3
2021-06-16 15:01:31.000,17265,17266,17266,1
2021-06-16 15:01:31.509,17265,17266,17266,1
2021-06-16 15:01:31.518,17265,17266,17266,1
2021-06-16 15:01:31.518,17265,17266,17268,1
2021-06-16 15:01:31.670,17265,17268,17268,2
2021-06-16 15:01:31.831,17265,17268,17265,1
2021-06-16 15:01:32.088,17265,17268,17268,2
2021-06-16 15:01:32.139,17265,17268,17265,1
2021-06-16 15:01:33.987,17265,17268,17268,1
2021-06-16 15:01:33.997,17265,17268,17268,1
2021-06-16 15:01:34.012,17265,17268,17266,1
2021-06-16 15:01:34.215,17266,17268,17268,1
2021-06-16 15:01:34.340,17266,17267,17266,1
2021-06-16 15:01:34.514,17265,17267,17267,1
2021-06-16 15:01:34.514,17265,17267,17268,1
2021-06-16 15:01:35.004,17265,17267,17267,1
2021-06-16 15:01:35.004,17265,17267,17268,1
2021-06-16 15:01:36.096,17266,17267,17267,2
2021-06-16 15:01:36.096,17266,17267,17267,1
2021-06-16 15:01:36.096,17266,17267,17268,1
2021-06-16 15:01:36.096,17266,17267,17268,3
2021-06-16 15:01:36.223,17266,17268,17268,1
2021-06-16 15:01:37.005,17266,17268,17268,5
2021-06-16 15:01:37.005,17266,17268,17269,1
2021-06-16 15:01:37.060,17266,17269,17266,1
2021-06-16 15:01:37.060,17266,17269,17266,1
2021-06-16 15:01:38.002,17265,17267,17267,1
2021-06-16 15:01:38.087,17265,17268,17268,1
2021-06-16 15:01:38.090,17265,17268,17268,1
2021-06-16 15:01:38.220,17266,17269,17269,1
2021-06-16 15:01:38.220,17266,17269,17269,4
2021-06-16 15:01:38.220,17266,17269,17269,3
2021-06-16 15:01:38.391,17267,17269,17267,1
2021-06-16 15:01:38.625,17267,17269,17269,1
2021-06-16 15:01:38.999,17267,17270,17270,1
2021-06-16 15:01:39.088,17267,17270,17270,1
2021-06-16 15:01:39.089,17267,17270,17270,2
2021-06-16 15:01:39.089,17267,17270,17270,2
2021-06-16 15:01:39.096,17267,17270,17270,1
2021-06-16 15:01:39.221,17268,17270,17270,1
2021-06-16 15:01:39.221,17268,17270,17270,3
2021-06-16 15:01:39.237,17268,17270,17268,2
2021-06-16 15:01:39.237,17268,17270,17267,1
2021-06-16 15:01:39.404,17267,17270,17268,1
2021-06-16 15:01:40.004,17267,17269,17269,4
2021-06-16 15:01:40.007,17267,17269,17269,1
2021-06-16 15:01:40.217,17267,17270,17270,13
2021-06-16 15:01:40.222,17267,17270,17270,5
2021-06-16 15:01:40.222,17267,17270,17271,1
2021-06-16 15:01:40.560,17269,17271,17269,1
2021-06-16 15:01:40.773,17268,17271,17268,1
2021-06-16 15:01:41.001,17268,17271,17271,4
2021-06-16 15:01:41.054,17268,17271,17269,1
2021-06-16 15:01:41.218,17268,17271,17271,1
2021-06-16 15:01:41.402,17268,17271,17268,1
2021-06-16 15:01:42.091,17268,17270,17270,2
2021-06-16 15:01:42.096,17268,17270,17270,2
2021-06-16 15:01:42.096,17268,17270,17271,4
2021-06-16 15:01:42.150,17268,17270,17268,2
2021-06-16 15:01:42.224,17267,17270,17269,1
2021-06-16 15:01:42.224,17267,17270,17270,1
2021-06-16 15:01:42.224,17267,17270,17270,2
2021-06-16 15:01:42.224,17267,17270,17271,7
2021-06-16 15:01:42.518,17270,17272,17272,6
2021-06-16 15:01:42.698,17270,17272,17272,1
2021-06-16 15:01:42.998,17270,17272,17270,1
2021-06-16 15:01:43.003,17270,17272,17272,2
2021-06-16 15:01:43.092,17270,17272,17272,1
2021-06-16 15:01:43.220,17270,17272,17272,3
2021-06-16 15:01:43.509,17270,17272,17270,1
2021-06-16 15:01:43.535,17270,17272,17270,3
2021-06-16 15:01:44.495,17270,17272,17272,1
2021-06-16 15:01:45.089,17270,17272,17272,1
2021-06-16 15:01:45.224,17270,17272,17272,9
2021-06-16 15:01:46.094,17270,17271,17271,1
2021-06-16 15:01:46.740,17270,17271,17271,1
2021-06-16 15:01:46.740,17270,17271,17271,1
2021-06-16 15:01:48.096,17270,17271,17271,1
2021-06-16 15:01:48.185,17270,17272,17270,1
2021-06-16 15:01:48.416,17270,17272,17270,1
2021-06-16 15:01:48.892,17270,17272,17270,1
2021-06-16 15:01:49.225,17270,17272,17270,3
2021-06-16 15:01:49.609,17269,17271,17269,1
2021-06-16 15:01:49.932,17269,17271,17271,1
2021-06-16 15:01:50.837,17269,17271,17271,1
2021-06-16 15:01:51.136,17269,17271,17271,1
2021-06-16 15:01:51.661,17270,17271,17270,1
2021-06-16 15:01:51.792,17269,17271,17271,1
2021-06-16 15:01:54.778,17269,17270,17270,1
2021-06-16 15:01:55.651,17269,17270,17270,1
2021-06-16 15:01:55.651,17269,17270,17271,1
2021-06-16 15:01:56.619,17269,17270,17269,2
2021-06-16 15:01:57.318,17268,17270,17270,1
2021-06-16 15:01:57.435,17268,17270,17268,1
2021-06-16 15:01:57.523,17268,17270,17270,2
2021-06-16 15:01:57.523,17268,17270,17270,8
2021-06-16 15:01:58.934,17268,17270,17270,1
2021-06-16 15:02:00.042,17269,17270,17270,1
2021-06-16 15:02:00.134,17269,17270,17270,1
2021-06-16 15:02:00.839,17269,17270,17270,1
2021-06-16 15:02:01.137,17269,17271,17269,1
2021-06-16 15:02:02.521,17269,17270,17270,1
2021-06-16 15:02:02.521,17269,17270,17270,1
2021-06-16 15:02:02.953,17270,17271,17271,5
2021-06-16 15:02:02.954,17270,17271,17271,6
2021-06-16 15:02:03.048,17270,17271,17272,5
2021-06-16 15:02:03.093,17271,17272,17272,5
2021-06-16 15:02:03.093,17271,17272,17272,13
2021-06-16 15:02:03.094,17271,17272,17272,1
2021-06-16 15:02:03.094,17271,17272,17272,1
2021-06-16 15:02:03.094,17271,17272,17272,1
2021-06-16 15:02:03.094,17271,17272,17272,2
2021-06-16 15:02:03.094,17271,17272,17272,1
2021-06-16 15:02:03.095,17271,17272,17272,1
2021-06-16 15:02:03.096,17271,17272,17272,3
2021-06-16 15:02:03.217,17271,17273,17273,5
2021-06-16 15:02:03.238,17271,17273,17273,8
2021-06-16 15:02:03.238,17271,17273,17274,5
2021-06-16 15:02:03.338,17271,17274,17274,5
2021-06-16 15:02:03.464,17272,17275,17275,5
2021-06-16 15:02:03.536,17272,17275,17275,1
2021-06-16 15:02:03.688,17272,17275,17275,1
2021-06-16 15:02:03.707,17272,17275,17275,1
2021-06-16 15:02:03.708,17272,17275,17275,4
2021-06-16 15:02:03.812,17272,17275,17275,5
2021-06-16 15:02:04.037,17273,17275,17275,5
2021-06-16 15:02:04.223,17273,17275,17275,3
2021-06-16 15:02:04.223,17273,17275,17276,2
2021-06-16 15:02:04.487,17273,17274,17274,1
2021-06-16 15:02:04.531,17273,17274,17275,1
2021-06-16 15:02:04.669,17273,17275,17272,1
2021-06-16 15:02:05.032,17272,17274,17274,1
2021-06-16 15:02:05.406,17272,17274,17272,1
2021-06-16 15:02:07.339,17271,17274,17271,5
2021-06-16 15:02:07.339,17271,17274,17270,1
2021-06-16 15:02:09.227,17270,17272,17272,1
2021-06-16 15:02:10.259,17270,17273,17273,1
2021-06-16 15:02:12.224,17271,17272,17272,2
2021-06-16 15:02:12.224,17271,17272,17273,1
2021-06-16 15:02:12.492,17272,17273,17272,1
2021-06-16 15:02:12.813,17272,17273,17273,3
2021-06-16 15:02:12.813,17272,17273,17274,2
2021-06-16 15:02:13.221,17272,17273,17273,1
2021-06-16 15:02:14.005,17273,17274,17274,1
2021-06-16 15:02:14.682,17273,17274,17274,1
2021-06-16 15:02:15.090,17273,17274,17274,1
2021-06-16 15:02:15.565,17273,17274,17274,1
2021-06-16 15:02:15.973,17273,17274,17274,1
2021-06-16 15:02:16.993,17273,17274,17273,1
2021-06-16 15:02:17.004,17273,17274,17274,2
2021-06-16 15:02:17.375,17273,17274,17273,1
2021-06-16 15:02:18.074,17272,17274,17274,3
2021-06-16 15:02:19.078,17272,17274,17274,1
2021-06-16 15:02:20.171,17272,17273,17272,1
2021-06-16 15:02:20.679,17271,17273,17272,1
2021-06-16 15:02:21.732,17271,17272,17272,1
2021-06-16 15:02:22.629,17272,17273,17272,1
2021-06-16 15:02:24.452,17271,17272,17272,1
2021-06-16 15:02:25.091,17271,17272,17272,2
2021-06-16 15:02:26.208,17271,17272,17271,1
2021-06-16 15:02:27.442,17271,17272,17272,1
2021-06-16 15:02:28.449,17271,17272,17272,3
2021-06-16 15:02:28.449,17271,17272,17273,2
2021-06-16 15:02:33.136,17271,17272,17272,2
2021-06-16 15:02:34.254,17271,17273,17271,3
2021-06-16 15:02:36.489,17271,17272,17271,1
2021-06-16 15:02:38.268,17271,17272,17271,10
2021-06-16 15:02:39.648,17270,17271,17271,1
2021-06-16 15:02:40.034,17270,17272,17272,1
2021-06-16 15:02:41.798,17271,17272,17272,1
2021-06-16 15:02:47.231,17271,17272,17272,1
2021-06-16 15:02:47.693,17271,17272,17271,1
2021-06-16 15:02:47.808,17271,17272,17272,4
2021-06-16 15:02:48.692,17271,17272,17271,1
2021-06-16 15:02:49.638,17271,17272,17272,2
2021-06-16 15:02:50.393,17272,17273,17272,1
2021-06-16 15:02:51.206,17271,17272,17271,3
2021-06-16 15:02:51.206,17271,17272,17270,1
2021-06-16 15:02:53.203,17270,17272,17270,1
2021-06-16 15:02:55.622,17270,17272,17271,1
2021-06-16 15:02:57.404,17270,17271,17270,2
2021-06-16 15:02:57.405,17270,17271,17270,16
2021-06-16 15:02:57.786,17269,17271,17271,1
2021-06-16 15:02:58.541,17270,17271,17271,1
2021-06-16 15:03:01.579,17270,17271,17271,1
2021-06-16 15:03:04.725,17271,17272,17271,1
2021-06-16 15:03:05.842,17270,17272,17270,1
2021-06-16 15:03:07.250,17270,17271,17270,1
2021-06-16 15:03:08.272,17270,17271,17271,1
2021-06-16 15:03:11.935,17270,17271,17270,1
2021-06-16 15:03:12.166,17270,17271,17270,3
2021-06-16 15:03:12.758,17269,17270,17270,1
2021-06-16 15:03:12.775,17269,17270,17270,2
2021-06-16 15:03:12.781,17269,17270,17270,1
2021-06-16 15:03:13.919,17269,17270,17270,1
2021-06-16 15:03:18.784,17270,17271,17270,1
2021-06-16 15:03:19.218,17270,17271,17270,1
2021-06-16 15:03:19.219,17270,17271,17270,4
2021-06-16 15:03:21.699,17269,17270,17269,1
2021-06-16 15:03:25.245,17269,17270,17269,1
2021-06-16 15:03:27.286,17269,17270,17269,1
2021-06-16 15:03:27.923,17269,17270,17269,1
2021-06-16 15:03:27.923,17269,17270,17269,31
2021-06-16 15:03:28.006,17268,17269,17268,4
2021-06-16 15:03:28.006,17268,17269,17268,1
2021-06-16 15:03:28.006,17268,17269,17268,1
2021-06-16 15:03:28.006,17268,17269,17268,10
2021-06-16 15:03:28.006,17268,17269,17268,4
2021-06-16 15:03:28.227,17267,17269,17269,13
2021-06-16 15:03:28.227,17267,17269,17270,7
2021-06-16 15:03:31.320,17267,17269,17267,1
2021-06-16 15:03:35.387,17267,17269,17267,1
2021-06-16 15:03:42.660,17268,17269,17269,1
2021-06-16 15:03:42.833,17268,17269,17268,1
2021-06-16 15:03:43.487,17268,17269,17268,1
2021-06-16 15:03:46.019,17268,17269,17268,1
2021-06-16 15:03:48.556,17268,17269,17269,2
2021-06-16 15:03:48.854,17268,17269,17268,2
2021-06-16 15:03:48.854,17268,17269,17267,2
2021-06-16 15:03:49.042,17267,17269,17267,1
2021-06-16 15:03:50.346,17267,17268,17267,4
2021-06-16 15:03:50.879,17267,17268,17268,1
2021-06-16 15:03:51.835,17267,17268,17268,1
2021-06-16 15:03:55.036,17267,17269,17267,2
2021-06-16 15:03:55.075,17267,17269,17267,1
2021-06-16 15:03:56.223,17267,17269,17269,1
2021-06-16 15:03:58.272,17267,17269,17269,1
2021-06-16 15:03:58.837,17267,17268,17267,2
2021-06-16 15:04:00.226,17266,17268,17268,4
2021-06-16 15:04:00.226,17266,17268,17269,2
2021-06-16 15:04:00.926,17267,17268,17267,1
2021-06-16 15:04:00.926,17267,17268,17266,3
2021-06-16 15:04:02.773,17266,17268,17266,1
2021-06-16 15:04:05.634,17266,17268,17268,1
2021-06-16 15:04:07.091,17266,17268,17266,4
2021-06-16 15:04:08.011,17266,17268,17268,6
2021-06-16 15:04:08.011,17266,17268,17268,1
2021-06-16 15:04:08.011,17266,17268,17268,1
2021-06-16 15:04:08.011,17266,17268,17268,1
2021-06-16 15:04:08.012,17266,17268,17268,1
2021-06-16 15:04:08.070,17266,17269,17266,1
2021-06-16 15:04:08.946,17267,17268,17267,2
2021-06-16 15:04:10.000,17266,17268,17268,1
2021-06-16 15:04:15.212,17268,17269,17268,1
2021-06-16 15:04:15.311,17268,17269,17268,1
2021-06-16 15:04:15.315,17268,17269,17269,1
2021-06-16 15:04:15.317,17268,17269,17268,3
2021-06-16 15:04:15.573,17268,17269,17268,2
2021-06-16 15:04:16.265,17268,17269,17268,1
2021-06-16 15:04:16.323,17268,17269,17268,1
2021-06-16 15:04:17.256,17267,17269,17269,1
2021-06-16 15:04:22.009,17267,17268,17267,1
2021-06-16 15:04:23.720,17267,17268,17267,1
2021-06-16 15:04:25.504,17267,17268,17268,1
2021-06-16 15:04:27.855,17267,17269,17267,1
2021-06-16 15:04:31.646,17268,17269,17268,1
2021-06-16 15:04:32.365,17268,17269,17269,3
2021-06-16 15:04:33.791,17268,17270,17268,1
2021-06-16 15:04:33.945,17268,17270,17270,1
2021-06-16 15:04:34.433,17269,17270,17269,1
2021-06-16 15:04:35.113,17268,17270,17270,1
2021-06-16 15:04:37.222,17268,17270,17268,1
2021-06-16 15:04:41.010,17268,17269,17269,1
2021-06-16 15:04:41.851,17268,17269,17268,2
2021-06-16 15:04:42.773,17267,17268,17268,1
2021-06-16 15:04:43.424,17267,17268,17268,1
2021-06-16 15:04:49.653,17268,17269,17268,1
2021-06-16 15:04:51.381,17268,17269,17268,2
2021-06-16 15:04:52.522,17268,17269,17268,3
2021-06-16 15:04:53.757,17268,17269,17268,1
2021-06-16 15:04:53.757,17268,17269,17267,4
2021-06-16 15:04:57.827,17267,17268,17268,1
2021-06-16 15:04:58.734,17267,17268,17268,1
2021-06-16 15:05:00.723,17267,17268,17268,1
2021-06-16 15:05:00.724,17267,17268,17268,1
2021-06-16 15:05:00.859,17268,17269,17269,1
2021-06-16 15:05:00.978,17268,17269,17269,5
2021-06-16 15:05:01.460,17268,17270,17268,1
2021-06-16 15:05:01.561,17267,17270,17267,1
2021-06-16 15:05:02.011,17267,17270,17267,1
2021-06-16 15:05:05.170,17267,17269,17267,5
2021-06-16 15:05:09.871,17267,17268,17268,1
2021-06-16 15:05:10.100,17267,17268,17267,2
2021-06-16 15:05:13.331,17267,17268,17268,1
2021-06-16 15:05:13.683,17267,17268,17267,9
2021-06-16 15:05:14.282,17267,17268,17267,1
2021-06-16 15:05:16.786,17267,17268,17268,1
2021-06-16 15:05:22.546,17267,17268,17267,1
2021-06-16 15:05:22.560,17267,17268,17267,1
2021-06-16 15:05:22.562,17267,17268,17267,1
2021-06-16 15:05:25.042,17266,17268,17268,1
2021-06-16 15:05:26.649,17267,17268,17268,1
2021-06-16 15:05:26.789,17267,17268,17267,1
2021-06-16 15:05:26.811,17266,17268,17266,1
2021-06-16 15:05:26.860,17266,17268,17266,1
2021-06-16 15:05:26.888,17266,17268,17266,2
2021-06-16 15:05:28.566,17266,17267,17267,1
2021-06-16 15:05:31.206,17266,17267,17267,1
2021-06-16 15:05:32.402,17267,17268,17267,1
2021-06-16 15:05:33.632,17266,17267,17267,1
2021-06-16 15:05:35.924,17266,17267,17267,6
2021-06-16 15:05:35.986,17267,17268,17268,1
2021-06-16 15:05:35.986,17267,17268,17268,12
2021-06-16 15:05:36.253,17268,17269,17269,1
2021-06-16 15:05:38.679,17267,17270,17268,1
2021-06-16 15:05:40.880,17267,17270,17270,1
2021-06-16 15:05:44.183,17268,17269,17269,3
2021-06-16 15:05:44.369,17268,17270,17268,1
2021-06-16 15:05:54.953,17268,17270,17270,1
2021-06-16 15:06:00.558,17269,17270,17270,5
2021-06-16 15:06:00.559,17269,17270,17270,42
2021-06-16 15:06:00.560,17269,17270,17270,1
2021-06-16 15:06:00.560,17269,17270,17270,1
2021-06-16 15:06:00.560,17269,17270,17270,3
2021-06-16 15:06:00.561,17269,17270,17271,1
2021-06-16 15:06:00.561,17269,17270,17271,4
2021-06-16 15:06:00.681,17269,17270,17272,1
2021-06-16 15:06:00.688,17271,17272,17271,1
2021-06-16 15:06:03.525,17270,17272,17270,3
2021-06-16 15:06:12.170,17270,17271,17271,2
2021-06-16 15:06:12.212,17270,17271,17270,1
2021-06-16 15:06:16.054,17270,17271,17271,3
2021-06-16 15:06:17.537,17270,17271,17271,1
2021-06-16 15:06:18.687,17270,17271,17270,1
2021-06-16 15:06:21.151,17270,17271,17271,2
2021-06-16 15:06:25.884,17271,17272,17272,3
2021-06-16 15:06:27.392,17271,17272,17271,1
2021-06-16 15:06:28.231,17271,17272,17271,1
2021-06-16 15:06:28.518,17271,17272,17271,3
2021-06-16 15:06:36.397,17270,17271,17271,7
2021-06-16 15:06:36.398,17270,17271,17271,1
2021-06-16 15:06:36.477,17271,17272,17272,1
2021-06-16 15:06:37.261,17270,17272,17271,1
2021-06-16 15:06:38.503,17271,17272,17271,2
2021-06-16 15:06:41.094,17270,17271,17271,1
2021-06-16 15:06:41.239,17270,17271,17271,2
2021-06-16 15:06:42.323,17270,17271,17271,1
2021-06-16 15:06:45.109,17270,17271,17271,5
2021-06-16 15:06:51.979,17270,17271,17270,1
2021-06-16 15:06:53.821,17270,17271,17271,2
2021-06-16 15:06:56.719,17270,17271,17271,1
2021-06-16 15:06:58.291,17270,17271,17271,4
2021-06-16 15:06:58.427,17271,17272,17271,6
2021-06-16 15:06:59.780,17270,17271,17271,1
2021-06-16 15:06:59.780,17270,17271,17272,1
2021-06-16 15:07:01.993,17271,17272,17272,10
2021-06-16 15:07:02.243,17271,17272,17272,1
2021-06-16 15:07:03.265,17271,17272,17272,7
2021-06-16 15:07:03.343,17272,17273,17273,1
2021-06-16 15:07:04.550,17272,17273,17273,20
2021-06-16 15:07:04.552,17272,17273,17273,1
2021-06-16 15:07:04.552,17272,17273,17273,4
2021-06-16 15:07:05.491,17272,17274,17272,1
2021-06-16 15:07:05.569,17272,17274,17272,1
2021-06-16 15:07:06.251,17272,17274,17272,1
2021-06-16 15:07:07.808,17273,17274,17273,1
2021-06-16 15:07:10.196,17273,17274,17274,10
2021-06-16 15:07:11.406,17273,17274,17274,2
2021-06-16 15:07:11.930,17273,17274,17273,1
2021-06-16 15:07:14.806,17273,17274,17273,1
2021-06-16 15:07:15.939,17273,17274,17274,6
2021-06-16 15:07:15.939,17273,17274,17275,4
2021-06-16 15:07:17.281,17274,17275,17274,2
2021-06-16 15:07:18.169,17273,17274,17274,1
2021-06-16 15:07:18.535,17274,17275,17274,1
2021-06-16 15:07:19.656,17273,17275,17275,1
2021-06-16 15:07:20.459,17274,17275,17275,1
2021-06-16 15:07:20.475,17274,17275,17275,1
2021-06-16 15:07:21.365,17274,17275,17275,10
2021-06-16 15:07:22.046,17274,17275,17274,10
2021-06-16 15:07:22.548,17273,17274,17274,2
2021-06-16 15:07:26.645,17273,17274,17274,1
2021-06-16 15:07:27.800,17273,17274,17273,6
2021-06-16 15:07:27.801,17273,17274,17273,2
2021-06-16 15:07:34.842,17272,17273,17273,2
2021-06-16 15:07:34.956,17272,17273,17273,1
2021-06-16 15:07:35.825,17272,17273,17273,1
2021-06-16 15:07:37.706,17272,17273,17273,1
2021-06-16 15:07:42.395,17272,17273,17273,1
2021-06-16 15:07:43.275,17272,17273,17272,1
2021-06-16 15:07:44.591,17272,17273,17273,1
2021-06-16 15:07:47.987,17272,17273,17273,3
2021-06-16 15:07:47.987,17272,17273,17273,1
2021-06-16 15:07:52.664,17273,17274,17273,1
2021-06-16 15:08:01.159,17272,17273,17273,1
2021-06-16 15:08:01.245,17272,17273,17272,2
2021-06-16 15:08:01.247,17272,17273,17272,7
2021-06-16 15:08:05.590,17271,17273,17271,1
2021-06-16 15:08:08.302,17271,17273,17271,1
2021-06-16 15:08:08.553,17271,17273,17273,5
2021-06-16 15:08:08.553,17271,17273,17273,5
2021-06-16 15:08:10.929,17272,17273,17272,1
2021-06-16 15:08:12.894,17272,17273,17272,2
2021-06-16 15:08:16.761,17272,17273,17272,1
2021-06-16 15:08:17.292,17272,17273,17272,1
2021-06-16 15:08:18.804,17272,17273,17272,1
2021-06-16 15:08:19.465,17272,17273,17272,1
2021-06-16 15:08:23.251,17272,17273,17272,1
2021-06-16 15:08:26.756,17272,17273,17272,4
2021-06-16 15:08:27.423,17271,17273,17272,1
2021-06-16 15:08:38.222,17271,17272,17272,1
2021-06-16 15:08:38.811,17271,17272,17271,17
2021-06-16 15:08:38.813,17271,17272,17270,18
2021-06-16 15:08:38.827,17271,17272,17270,1
2021-06-16 15:08:39.466,17269,17271,17271,1
2021-06-16 15:08:42.521,17269,17271,17269,1
2021-06-16 15:08:45.834,17269,17270,17270,3
2021-06-16 15:08:45.834,17269,17270,17271,2
2021-06-16 15:08:48.838,17269,17271,17271,4
2021-06-16 15:08:48.838,17269,17271,17272,1
2021-06-16 15:08:49.643,17269,17272,17272,1
2021-06-16 15:08:56.588,17270,17271,17271,3
2021-06-16 15:08:59.090,17270,17272,17270,1
2021-06-16 15:08:59.579,17270,17271,17270,1
2021-06-16 15:09:00.430,17269,17271,17271,1
2021-06-16 15:09:09.318,17270,17271,17271,1
2021-06-16 15:09:10.748,17270,17271,17270,3
2021-06-16 15:09:12.927,17269,17270,17270,1
2021-06-16 15:09:16.936,17269,17270,17270,1
2021-06-16 15:09:18.703,17269,17270,17269,1
2021-06-16 15:09:20.593,17269,17270,17270,5
2021-06-16 15:09:26.393,17269,17270,17269,19
2021-06-16 15:09:26.393,17269,17270,17269,1
2021-06-16 15:09:31.135,17268,17270,17270,1
2021-06-16 15:09:35.045,17269,17270,17269,2
2021-06-16 15:09:35.340,17268,17269,17269,1
2021-06-16 15:09:37.351,17269,17270,17269,1
2021-06-16 15:09:39.725,17269,17270,17270,1
2021-06-16 15:09:39.850,17269,17270,17269,1
2021-06-16 15:09:39.854,17269,17270,17269,1
2021-06-16 15:09:40.039,17269,17270,17269,1
2021-06-16 15:09:40.122,17269,17270,17269,2
2021-06-16 15:09:44.489,17268,17270,17268,1
2021-06-16 15:09:47.633,17269,17270,17270,1
2021-06-16 15:09:50.805,17269,17270,17270,1
2021-06-16 15:09:57.115,17269,17270,17270,5
2021-06-16 15:09:59.090,17269,17270,17270,5
2021-06-16 15:10:00.735,17269,17270,17270,4
2021-06-16 15:10:01.151,17270,17271,17270,1
2021-06-16 15:10:04.697,17269,17270,17269,3
2021-06-16 15:10:04.989,17268,17269,17268,2
2021-06-16 15:10:04.990,17268,17269,17268,3
2021-06-16 15:10:04.990,17268,17269,17268,9
2021-06-16 15:10:06.469,17267,17269,17267,1
2021-06-16 15:10:13.486,17267,17269,17269,1
2021-06-16 15:10:14.894,17267,17269,17269,1
2021-06-16 15:10:16.960,17267,17269,17267,1
2021-06-16 15:10:18.500,17267,17269,17267,1
2021-06-16 15:10:21.888,17267,17268,17268,1
2021-06-16 15:10:25.106,17267,17269,17267,1
2021-06-16 15:10:27.129,17268,17269,17268,1
2021-06-16 15:10:30.755,17268,17269,17268,1
2021-06-16 15:10:32.365,17268,17269,17268,1
2021-06-16 15:10:33.817,17268,17269,17268,1
2021-06-16 15:10:36.615,17268,17269,17268,6
2021-06-16 15:10:37.305,17267,17268,17267,1
2021-06-16 15:10:46.871,17267,17268,17268,2
2021-06-16 15:10:48.917,17267,17268,17267,1
2021-06-16 15:10:53.416,17267,17268,17267,1
2021-06-16 15:10:55.345,17267,17268,17267,1
2021-06-16 15:10:55.688,17267,17268,17267,5
2021-06-16 15:11:00.113,17267,17268,17267,1
2021-06-16 15:11:06.758,17267,17268,17268,1
2021-06-16 15:11:06.758,17267,17268,17268,1
2021-06-16 15:11:06.972,17267,17269,17268,1
2021-06-16 15:11:07.058,17268,17269,17268,1
2021-06-16 15:11:11.289,17268,17269,17268,3
2021-06-16 15:11:12.581,17267,17269,17267,1
2021-06-16 15:11:15.408,17267,17269,17267,1
2021-06-16 15:11:23.350,17267,17268,17268,1
2021-06-16 15:11:25.941,17267,17268,17268,3
2021-06-16 15:11:28.058,17268,17269,17268,1
2021-06-16 15:11:28.868,17267,17269,17267,2
2021-06-16 15:11:30.357,17267,17268,17268,1
2021-06-16 15:11:30.964,17267,17268,17267,1
2021-06-16 15:11:31.865,17267,17268,17267,1
2021-06-16 15:11:32.811,17267,17268,17268,1
2021-06-16 15:11:38.284,17268,17269,17268,1
2021-06-16 15:11:40.109,17267,17269,17267,1
2021-06-16 15:11:46.865,17268,17269,17269,4
2021-06-16 15:11:51.380,17269,17270,17269,1
2021-06-16 15:11:59.977,17268,17269,17269,1
2021-06-16 15:12:00.521,17268,17270,17268,1
2021-06-16 15:12:00.704,17268,17270,17270,1
2021-06-16 15:12:00.833,17269,17270,17270,1
2021-06-16 15:12:00.833,17269,17270,17270,8
2021-06-16 15:12:00.872,17269,17270,17269,1
2021-06-16 15:12:01.037,17269,17271,17271,1
2021-06-16 15:12:01.692,17269,17271,17269,1
2021-06-16 15:12:09.286,17269,17270,17270,1
2021-06-16 15:12:17.601,17269,17270,17269,1
2021-06-16 15:12:19.353,17268,17269,17269,1
2021-06-16 15:12:31.150,17268,17269,17268,1
2021-06-16 15:12:31.390,17268,17269,17269,1
2021-06-16 15:12:45.757,17268,17269,17268,4
2021-06-16 15:12:45.898,17267,17268,17268,1
2021-06-16 15:12:45.898,17267,17268,17269,2
2021-06-16 15:12:47.301,17267,17269,17269,1
2021-06-16 15:12:58.433,17268,17269,17268,3
2021-06-16 15:13:02.102,17267,17269,17267,4
2021-06-16 15:13:02.381,17267,17269,17267,3
2021-06-16 15:13:02.396,17267,17269,17267,2
2021-06-16 15:13:09.824,17267,17268,17268,3
2021-06-16 15:13:10.100,17268,17269,17269,1
2021-06-16 15:13:11.335,17268,17269,17269,4
2021-06-16 15:13:11.335,17268,17269,17269,1
2021-06-16 15:13:11.335,17268,17269,17269,1
2021-06-16 15:13:13.690,17268,17270,17270,1
2021-06-16 15:13:29.312,17268,17270,17270,1
2021-06-16 15:13:29.664,17268,17270,17270,1
2021-06-16 15:13:38.402,17268,17270,17270,1
2021-06-16 15:13:55.002,17269,17270,17269,1
2021-06-16 15:13:55.060,17269,17270,17270,1
2021-06-16 15:13:58.775,17269,17270,17269,1
2021-06-16 15:14:00.153,17268,17270,17270,3
2021-06-16 15:14:00.759,17269,17270,17270,1
2021-06-16 15:14:00.767,17269,17270,17269,1
2021-06-16 15:14:00.767,17269,17270,17268,4
2021-06-16 15:14:00.900,17268,17270,17268,3
2021-06-16 15:14:03.479,17269,17270,17269,1
2021-06-16 15:14:19.252,17268,17269,17268,1
2021-06-16 15:14:19.607,17267,17269,17269,3
2021-06-16 15:14:21.792,17267,17269,17267,1
2021-06-16 15:14:21.792,17267,17269,17267,4
2021-06-16 15:14:21.792,17267,17269,17267,1
2021-06-16 15:14:21.792,17267,17269,17267,1
2021-06-16 15:14:21.792,17267,17269,17267,1
2021-06-16 15:14:22.058,17266,17267,17267,3
2021-06-16 15:14:22.076,17266,17267,17268,1
2021-06-16 15:14:22.162,17266,17267,17266,2
2021-06-16 15:14:23.689,17266,17268,17266,2
2021-06-16 15:14:24.011,17266,17268,17266,1
2021-06-16 15:14:25.762,17266,17268,17266,1
2021-06-16 15:14:32.346,17266,17267,17266,1
2021-06-16 15:14:34.903,17266,17267,17266,1
2021-06-16 15:14:35.757,17266,17267,17266,5
2021-06-16 15:14:35.758,17266,17267,17266,1
2021-06-16 15:14:35.758,17266,17267,17266,1
2021-06-16 15:14:35.758,17266,17267,17266,1
2021-06-16 15:14:42.379,17266,17267,17266,1
2021-06-16 15:14:42.668,17266,17267,17267,3
2021-06-16 15:14:42.860,17266,17268,17267,1
2021-06-16 15:14:52.368,17266,17267,17267,1
2021-06-16 15:14:52.898,17266,17268,17266,1
2021-06-16 15:14:59.304,17267,17268,17267,1
2021-06-16 15:14:59.304,17267,17268,17266,1
2021-06-16 15:15:00.409,17266,17268,17268,1
2021-06-16 15:15:00.561,17267,17268,17268,1
2021-06-16 15:15:00.649,17267,17268,17268,1
2021-06-16 15:15:00.649,17267,17268,17267,2
2021-06-16 15:15:00.653,17267,17268,17268,2
2021-06-16 15:15:00.691,17268,17269,17268,1
2021-06-16 15:15:00.691,17268,17269,17267,2
2021-06-16 15:15:03.963,17268,17269,17269,2
2021-06-16 15:15:05.964,17268,17270,17268,1
2021-06-16 15:15:12.287,17268,17269,17268,3
2021-06-16 15:15:12.287,17268,17269,17268,2
2021-06-16 15:15:15.988,17268,17269,17268,1
2021-06-16 15:15:16.259,17267,17268,17268,1
2021-06-16 15:15:17.002,17267,17268,17268,1
2021-06-16 15:15:17.333,17267,17268,17268,1
2021-06-16 15:15:23.577,17267,17268,17268,2
2021-06-16 15:15:24.596,17268,17269,17268,1
2021-06-16 15:15:25.477,17268,17269,17268,1
2021-06-16 15:15:26.003,17267,17269,17269,1
2021-06-16 15:15:26.088,17268,17269,17269,1
2021-06-16 15:15:26.390,17268,17269,17268,1
2021-06-16 15:15:26.390,17268,17269,17267,3
2021-06-16 15:15:32.939,17267,17268,17268,1
2021-06-16 15:15:33.312,17267,17269,17269,3
2021-06-16 15:15:36.439,17267,17269,17267,1
2021-06-16 15:15:40.397,17268,17269,17269,1
2021-06-16 15:15:52.643,17268,17269,17268,1
2021-06-16 15:15:57.950,17268,17269,17269,1
2021-06-16 15:15:58.461,17268,17269,17268,1
2021-06-16 15:15:59.347,17268,17269,17268,1
2021-06-16 15:16:03.601,17268,17269,17268,1
2021-06-16 15:16:06.860,17267,17268,17268,1
2021-06-16 15:16:06.938,17267,17269,17269,1
2021-06-16 15:16:08.890,17267,17269,17267,1
2021-06-16 15:16:08.935,17267,17269,17269,1
2021-06-16 15:16:08.935,17267,17269,17269,1
2021-06-16 15:16:11.275,17267,17269,17268,2
2021-06-16 15:16:11.530,17267,17269,17269,1
2021-06-16 15:16:16.519,17268,17269,17268,1
2021-06-16 15:16:22.153,17267,17269,17267,1
2021-06-16 15:16:22.185,17267,17269,17269,1
2021-06-16 15:16:22.411,17267,17269,17269,4
2021-06-16 15:16:24.929,17267,17269,17269,1
2021-06-16 15:16:27.747,17267,17268,17268,2
2021-06-16 15:16:27.975,17267,17268,17268,2
2021-06-16 15:16:28.302,17267,17268,17268,2
2021-06-16 15:16:28.310,17267,17268,17268,1
2021-06-16 15:16:28.310,17267,17268,17268,1
2021-06-16 15:16:28.311,17267,17268,17269,1
2021-06-16 15:16:29.114,17268,17269,17268,1
2021-06-16 15:16:31.227,17268,17269,17269,2
2021-06-16 15:16:35.267,17268,17269,17268,1
2021-06-16 15:16:35.585,17268,17269,17268,1
2021-06-16 15:16:35.750,17267,17269,17267,1
2021-06-16 15:16:35.808,17267,17268,17267,3
2021-06-16 15:16:37.499,17266,17268,17268,2
2021-06-16 15:16:38.507,17266,17268,17268,2
2021-06-16 15:16:38.561,17266,17269,17269,1
2021-06-16 15:16:39.975,17266,17269,17268,2
2021-06-16 15:16:40.219,17267,17268,17267,1
2021-06-16 15:16:48.360,17266,17267,17267,1
2021-06-16 15:16:49.984,17266,17267,17267,1
2021-06-16 15:16:51.437,17266,17268,17266,25
2021-06-16 15:16:51.439,17266,17268,17266,2
2021-06-16 15:16:51.558,17265,17266,17265,2
2021-06-16 15:16:51.559,17265,17266,17265,3
2021-06-16 15:16:51.559,17265,17266,17265,1
2021-06-16 15:16:51.559,17265,17266,17265,2
2021-06-16 15:16:51.560,17265,17266,17265,7
2021-06-16 15:16:51.560,17265,17266,17265,1
2021-06-16 15:16:51.840,17264,17265,17264,1
2021-06-16 15:16:52.075,17264,17265,17264,1
2021-06-16 15:16:52.075,17264,17265,17264,1
2021-06-16 15:16:53.166,17263,17265,17263,1
2021-06-16 15:16:59.176,17263,17264,17263,5
2021-06-16 15:16:59.176,17263,17264,17262,13
2021-06-16 15:16:59.177,17263,17264,17262,5
2021-06-16 15:16:59.342,17261,17263,17261,1
2021-06-16 15:17:04.226,17263,17264,17263,1
2021-06-16 15:17:05.490,17263,17264,17264,2
2021-06-16 15:17:05.690,17264,17265,17265,1
2021-06-16 15:17:05.795,17264,17265,17264,1
2021-06-16 15:17:07.229,17264,17266,17264,6
2021-06-16 15:17:07.229,17264,17266,17263,12
2021-06-16 15:17:07.229,17264,17266,17262,22
2021-06-16 15:17:07.229,17264,17266,17261,9
2021-06-16 15:17:13.132,17263,17265,17263,2
2021-06-16 15:17:13.294,17263,17265,17265,1
2021-06-16 15:17:18.091,17264,17265,17265,3
2021-06-16 15:17:18.349,17264,17266,17264,1
2021-06-16 15:17:20.410,17264,17266,17264,1
2021-06-16 15:17:21.893,17264,17266,17266,1
2021-06-16 15:17:31.345,17265,17267,17266,1
2021-06-16 15:17:31.693,17265,17266,17266,1
2021-06-16 15:17:31.693,17265,17266,17267,2
2021-06-16 15:17:32.365,17265,17267,17265,1
2021-06-16 15:17:33.376,17264,17267,17264,1
2021-06-16 15:17:38.037,17265,17267,17265,1
2021-06-16 15:17:39.303,17265,17267,17265,1
2021-06-16 15:17:46.273,17265,17266,17265,1
2021-06-16 15:17:49.423,17264,17266,17266,1
2021-06-16 15:17:51.964,17265,17266,17265,1
2021-06-16 15:17:51.964,17265,17266,17264,1
2021-06-16 15:17:56.269,17264,17266,17264,1
2021-06-16 15:17:59.601,17264,17266,17266,1
2021-06-16 15:17:59.871,17265,17266,17266,1
2021-06-16 15:18:00.591,17265,17266,17265,1
2021-06-16 15:18:07.236,17264,17266,17264,5
2021-06-16 15:18:07.955,17264,17266,17264,2
2021-06-16 15:18:08.009,17264,17266,17266,1
2021-06-16 15:18:15.578,17265,17266,17266,1
2021-06-16 15:18:15.968,17265,17267,17265,1
2021-06-16 15:18:18.435,17265,17267,17265,2
2021-06-16 15:18:18.757,17264,17266,17266,1
2021-06-16 15:18:18.757,17264,17266,17267,1
2021-06-16 15:18:23.794,17264,17267,17264,5
2021-06-16 15:18:32.490,17264,17266,17265,1
2021-06-16 15:18:45.977,17265,17266,17265,2
2021-06-16 15:18:55.680,17264,17266,17264,4
2021-06-16 15:19:05.101,17263,17265,17265,7
2021-06-16 15:19:05.101,17263,17265,17265,3
2021-06-16 15:19:12.997,17263,17264,17264,1
2021-06-16 15:19:14.647,17263,17264,17264,1
2021-06-16 15:19:21.284,17264,17265,17265,1
2021-06-16 15:19:21.686,17264,17265,17264,1
2021-06-16 15:19:23.747,17263,17264,17263,4
2021-06-16 15:19:23.747,17263,17264,17263,1
2021-06-16 15:19:23.747,17263,17264,17263,2
2021-06-16 15:19:23.748,17263,17264,17263,1
2021-06-16 15:19:23.748,17263,17264,17263,1
2021-06-16 15:19:23.748,17263,17264,17263,1
2021-06-16 15:19:23.748,17263,17264,17263,1
2021-06-16 15:19:23.748,17263,17264,17263,1
2021-06-16 15:19:26.972,17262,17263,17262,2
2021-06-16 15:19:26.972,17262,17263,17262,5
2021-06-16 15:19:26.972,17262,17263,17262,2
2021-06-16 15:19:29.117,17261,17262,17262,1
2021-06-16 15:19:31.888,17261,17262,17262,1
2021-06-16 15:19:36.716,17261,17262,17262,1
2021-06-16 15:19:40.097,17261,17262,17261,3
2021-06-16 15:19:40.097,17261,17262,17261,3
2021-06-16 15:19:40.097,17261,17262,17261,2
2021-06-16 15:19:40.097,17261,17262,17261,3
2021-06-16 15:19:40.129,17261,17262,17261,1
2021-06-16 15:19:43.710,17260,17262,17262,1
2021-06-16 15:19:48.176,17260,17262,17260,3
2021-06-16 15:19:48.220,17260,17262,17260,1
2021-06-16 15:19:48.229,17260,17262,17260,2
2021-06-16 15:19:52.239,17261,17262,17261,2
2021-06-16 15:19:52.239,17261,17262,17260,2
2021-06-16 15:19:54.235,17261,17262,17261,2
2021-06-16 15:19:55.493,17261,17262,17261,1
2021-06-16 15:19:55.723,17261,17262,17262,1
2021-06-16 15:19:55.911,17261,17263,17263,1
2021-06-16 15:19:56.303,17261,17263,17261,1
2021-06-16 15:19:58.197,17261,17263,17261,4
2021-06-16 15:19:59.091,17261,17263,17263,1
2021-06-16 15:20:01.433,17261,17262,17262,1
2021-06-16 15:20:05.230,17261,17262,17262,1
2021-06-16 15:20:08.355,17261,17263,17261,1
2021-06-16 15:20:14.132,17261,17263,17262,1
2021-06-16 15:20:14.908,17261,17263,17261,2
2021-06-16 15:20:18.153,17261,17263,17261,1
2021-06-16 15:20:20.073,17261,17262,17262,2
2021-06-16 15:20:20.183,17261,17262,17262,3
2021-06-16 15:20:21.277,17261,17263,17261,2
2021-06-16 15:20:24.027,17261,17263,17261,1
2021-06-16 15:20:27.396,17261,17263,17261,1
2021-06-16 15:20:27.558,17261,17262,17262,1
2021-06-16 15:20:28.058,17261,17262,17262,1
2021-06-16 15:20:29.340,17261,17263,17263,1
2021-06-16 15:20:29.467,17261,17263,17263,1
2021-06-16 15:20:32.968,17261,17263,17261,1
2021-06-16 15:20:34.817,17261,17263,17261,2
2021-06-16 15:20:36.628,17262,17263,17262,2
2021-06-16 15:20:36.808,17261,17262,17262,2
2021-06-16 15:20:37.245,17261,17262,17262,1
2021-06-16 15:20:39.130,17261,17263,17261,1
2021-06-16 15:20:42.124,17262,17263,17262,1
2021-06-16 15:20:42.776,17261,17263,17261,1
2021-06-16 15:20:43.731,17261,17263,17261,1
2021-06-16 15:20:53.441,17261,17262,17261,4
2021-06-16 15:20:54.919,17260,17261,17261,3
2021-06-16 15:20:54.959,17261,17262,17262,1
2021-06-16 15:20:56.384,17261,17262,17262,1
2021-06-16 15:21:00.752,17261,17262,17261,1
2021-06-16 15:21:01.692,17260,17261,17261,1
2021-06-16 15:21:02.723,17260,17262,17262,6
2021-06-16 15:21:02.723,17260,17262,17263,8
2021-06-16 15:21:02.893,17261,17263,17263,1
2021-06-16 15:21:03.239,17261,17263,17262,1
2021-06-16 15:21:04.084,17261,17263,17261,2
2021-06-16 15:21:05.592,17261,17263,17261,2
2021-06-16 15:21:05.592,17261,17263,17260,4
2021-06-16 15:21:11.023,17260,17262,17262,1
2021-06-16 15:21:12.525,17260,17262,17260,1
2021-06-16 15:21:20.933,17261,17262,17261,1
2021-06-16 15:21:26.367,17260,17262,17262,1
2021-06-16 15:21:26.851,17260,17262,17261,1
2021-06-16 15:21:29.845,17261,17262,17262,1
2021-06-16 15:21:29.845,17261,17262,17262,9
2021-06-16 15:21:29.933,17262,17263,17262,1
2021-06-16 15:21:30.183,17261,17263,17261,1
2021-06-16 15:21:37.557,17261,17263,17261,1
2021-06-16 15:21:42.378,17261,17263,17261,1
2021-06-16 15:21:44.219,17261,17263,17261,1
2021-06-16 15:21:46.245,17262,17263,17263,1
2021-06-16 15:21:46.305,17262,17263,17262,1
2021-06-16 15:21:49.239,17261,17263,17261,1
2021-06-16 15:21:49.378,17261,17263,17263,1
2021-06-16 15:21:49.897,17262,17263,17263,1
2021-06-16 15:21:49.897,17262,17263,17264,3
2021-06-16 15:21:54.513,17262,17264,17262,2
2021-06-16 15:22:07.690,17262,17263,17263,6
2021-06-16 15:22:07.879,17262,17264,17264,1
2021-06-16 15:22:11.054,17263,17264,17264,1
2021-06-16 15:22:11.525,17263,17264,17263,1
2021-06-16 15:22:13.186,17263,17264,17264,3
2021-06-16 15:22:13.187,17263,17264,17264,9
2021-06-16 15:22:15.901,17263,17264,17263,1
2021-06-16 15:22:16.138,17263,17264,17264,1
2021-06-16 15:22:18.452,17263,17264,17263,1
2021-06-16 15:22:21.497,17263,17264,17264,1
2021-06-16 15:22:26.207,17263,17265,17265,1
2021-06-16 15:22:32.724,17263,17264,17264,1
2021-06-16 15:22:33.839,17263,17264,17264,3
2021-06-16 15:22:33.840,17263,17264,17264,1
2021-06-16 15:23:07.601,17263,17264,17263,2
2021-06-16 15:23:11.583,17263,17264,17264,2
2021-06-16 15:23:15.737,17263,17264,17264,2
2021-06-16 15:23:15.737,17263,17264,17264,3
2021-06-16 15:23:26.101,17264,17265,17264,1
2021-06-16 15:23:26.101,17264,17265,17263,1
2021-06-16 15:23:42.580,17263,17264,17263,7
2021-06-16 15:23:42.581,17263,17264,17263,2
2021-06-16 15:23:46.349,17262,17263,17262,2
2021-06-16 15:23:59.762,17262,17263,17262,1
2021-06-16 15:24:01.050,17262,17263,17263,1
2021-06-16 15:24:13.663,17262,17263,17262,2
2021-06-16 15:24:14.025,17262,17263,17262,1
2021-06-16 15:24:14.025,17262,17263,17262,1
2021-06-16 15:24:20.474,17261,17262,17261,2
2021-06-16 15:24:22.768,17261,17262,17261,2
2021-06-16 15:24:24.728,17260,17261,17261,2
2021-06-16 15:24:29.981,17261,17262,17261,1
2021-06-16 15:24:31.268,17260,17262,17261,1
2021-06-16 15:24:34.381,17260,17262,17260,1
2021-06-16 15:24:35.299,17260,17261,17261,1
2021-06-16 15:24:39.572,17261,17262,17262,4
2021-06-16 15:24:41.093,17261,17263,17261,1
2021-06-16 15:24:54.467,17261,17262,17261,1
2021-06-16 15:25:00.939,17261,17262,17261,3
2021-06-16 15:25:00.939,17261,17262,17260,4
2021-06-16 15:25:06.046,17260,17262,17261,1
2021-06-16 15:25:10.186,17260,17261,17261,2
2021-06-16 15:25:14.929,17261,17262,17262,2
2021-06-16 15:25:26.484,17262,17263,17263,1
2021-06-16 15:25:37.686,17262,17263,17263,1
2021-06-16 15:25:41.471,17262,17263,17262,2
2021-06-16 15:25:54.279,17261,17263,17261,1
2021-06-16 15:26:05.966,17261,17262,17261,1
2021-06-16 15:26:06.309,17261,17262,17261,1
2021-06-16 15:26:06.322,17261,17262,17261,1
2021-06-16 15:26:06.674,17261,17262,17261,2
2021-06-16 15:26:13.933,17261,17262,17261,2
2021-06-16 15:26:30.702,17261,17262,17262,1
2021-06-16 15:26:42.618,17261,17262,17261,1
2021-06-16 15:26:51.375,17260,17262,17262,1
2021-06-16 15:26:55.751,17260,17262,17260,2
2021-06-16 15:27:03.478,17260,17261,17261,1
2021-06-16 15:27:03.792,17260,17262,17260,2
2021-06-16 15:27:03.821,17260,17262,17260,1
2021-06-16 15:27:04.199,17260,17262,17260,1
2021-06-16 15:27:04.209,17260,17262,17260,1
2021-06-16 15:27:04.315,17260,17262,17260,2
2021-06-16 15:27:04.336,17260,17262,17260,14
2021-06-16 15:27:04.338,17260,17262,17260,1
2021-06-16 15:27:04.600,17259,17261,17259,1
2021-06-16 15:27:07.213,17259,17261,17259,1
2021-06-16 15:27:09.168,17259,17261,17259,2
2021-06-16 15:27:09.571,17259,17261,17259,1
2021-06-16 15:27:15.558,17259,17260,17260,4
2021-06-16 15:27:16.033,17260,17262,17260,1
2021-06-16 15:27:16.243,17259,17262,17262,1
2021-06-16 15:27:36.549,17261,17262,17261,1
2021-06-16 15:27:36.550,17261,17262,17261,2
2021-06-16 15:27:47.995,17260,17261,17261,1
2021-06-16 15:27:50.104,17260,17261,17261,1
2021-06-16 15:27:54.247,17261,17262,17262,1
2021-06-16 15:27:54.373,17261,17262,17261,1
2021-06-16 15:27:54.495,17261,17262,17261,1
2021-06-16 15:27:54.584,17260,17262,17260,1
2021-06-16 15:27:54.594,17260,17262,17260,1
2021-06-16 15:27:54.611,17260,17262,17260,1
2021-06-16 15:27:58.629,17260,17261,17260,2
2021-06-16 15:28:02.158,17259,17260,17260,1
2021-06-16 15:28:04.179,17259,17261,17259,1
2021-06-16 15:28:12.486,17259,17260,17260,1
2021-06-16 15:28:12.768,17259,17260,17259,1
2021-06-16 15:28:16.959,17259,17260,17259,6
2021-06-16 15:28:16.959,17259,17260,17259,11
2021-06-16 15:28:16.959,17259,17260,17259,3
2021-06-16 15:28:19.565,17258,17259,17258,1
2021-06-16 15:28:23.121,17258,17259,17258,1
2021-06-16 15:28:25.163,17258,17260,17260,1
2021-06-16 15:28:28.974,17258,17259,17259,2
2021-06-16 15:28:29.058,17259,17260,17259,2
2021-06-16 15:28:37.046,17259,17260,17259,1
2021-06-16 15:28:37.393,17258,17260,17260,1
2021-06-16 15:28:45.175,17259,17260,17260,1
2021-06-16 15:28:46.365,17259,17260,17260,2
2021-06-16 15:28:59.385,17259,17260,17259,1
2021-06-16 15:28:59.417,17259,17260,17260,1
2021-06-16 15:29:02.836,17259,17260,17260,1
2021-06-16 15:29:04.431,17259,17260,17259,1
2021-06-16 15:29:04.434,17259,17260,17259,3
2021-06-16 15:29:04.434,17259,17260,17259,1
2021-06-16 15:29:11.678,17258,17260,17258,1
2021-06-16 15:29:12.560,17258,17260,17260,1
2021-06-16 15:29:23.748,17259,17260,17259,1
2021-06-16 15:29:36.930,17259,17260,17259,1
2021-06-16 15:29:36.984,17259,17260,17259,1
2021-06-16 15:29:44.478,17258,17259,17259,1
2021-06-16 15:29:47.058,17259,17260,17259,1
2021-06-16 15:29:50.235,17259,17260,17259,1
2021-06-16 15:29:53.959,17258,17260,17259,1
2021-06-16 15:29:56.554,17259,17260,17259,1
2021-06-16 15:29:58.202,17259,17260,17260,6
2021-06-16 15:29:59.058,17260,17261,17260,1
2021-06-16 15:30:00.581,17260,17261,17261,1
2021-06-16 15:30:01.033,17260,17261,17260,1
2021-06-16 15:30:01.060,17260,17261,17261,1
2021-06-16 15:30:01.060,17260,17261,17261,1
2021-06-16 15:30:01.155,17260,17261,17261,1
2021-06-16 15:30:01.156,17260,17261,17261,9
2021-06-16 15:30:01.414,17261,17262,17262,1
2021-06-16 15:30:01.414,17261,17262,17262,1
2021-06-16 15:30:01.415,17261,17262,17262,1
2021-06-16 15:30:01.416,17261,17262,17262,2
2021-06-16 15:30:01.455,17261,17262,17262,2
2021-06-16 15:30:01.455,17261,17262,17262,2
2021-06-16 15:30:01.456,17261,17262,17262,2
2021-06-16 15:30:01.464,17261,17262,17261,1
2021-06-16 15:30:01.482,17261,17262,17261,2
2021-06-16 15:30:01.552,17261,17262,17262,1
2021-06-16 15:30:01.724,17261,17263,17261,1
2021-06-16 15:30:02.242,17261,17263,17263,1
2021-06-16 15:30:07.933,17262,17263,17262,1
2021-06-16 15:30:12.848,17262,17263,17262,1
2021-06-16 15:30:12.935,17261,17263,17263,1
2021-06-16 15:30:12.936,17261,17263,17263,1
2021-06-16 15:30:12.937,17261,17263,17263,4
2021-06-16 15:30:13.187,17261,17263,17261,1
2021-06-16 15:30:13.516,17261,17263,17261,1
2021-06-16 15:30:13.572,17261,17263,17261,1
2021-06-16 15:30:13.588,17261,17263,17261,1
2021-06-16 15:30:13.601,17261,17263,17260,1
2021-06-16 15:30:13.735,17260,17262,17262,1
2021-06-16 15:30:15.683,17262,17263,17262,1
2021-06-16 15:30:17.092,17261,17263,17263,1
2021-06-16 15:30:20.057,17262,17263,17262,1
2021-06-16 15:30:20.057,17262,17263,17261,1
2021-06-16 15:30:20.065,17261,17263,17261,2
2021-06-16 15:30:20.102,17261,17263,17261,1
2021-06-16 15:30:28.489,17261,17263,17263,5
2021-06-16 15:30:30.311,17261,17262,17262,2
2021-06-16 15:30:30.444,17261,17263,17263,2
2021-06-16 15:30:35.637,17262,17263,17263,2
2021-06-16 15:30:36.042,17262,17263,17262,1
2021-06-16 15:30:39.799,17262,17263,17263,3
2021-06-16 15:30:39.839,17262,17264,17264,3
2021-06-16 15:30:40.093,17262,17264,17262,1
2021-06-16 15:30:44.875,17262,17264,17264,4
2021-06-16 15:30:44.875,17262,17264,17264,13
2021-06-16 15:30:44.876,17262,17264,17264,1
2021-06-16 15:30:44.876,17262,17264,17264,1
2021-06-16 15:30:51.848,17263,17264,17264,1
2021-06-16 15:30:51.848,17263,17264,17265,1
2021-06-16 15:30:54.493,17263,17264,17263,1
2021-06-16 15:30:54.606,17263,17264,17263,2
2021-06-16 15:30:54.606,17263,17264,17262,1
2021-06-16 15:30:54.611,17263,17264,17262,1
2021-06-16 15:30:56.044,17262,17264,17264,1
2021-06-16 15:31:00.843,17262,17264,17263,1
2021-06-16 15:31:01.146,17262,17264,17264,1
2021-06-16 15:31:02.071,17263,17265,17265,2
2021-06-16 15:31:10.492,17264,17265,17264,2
2021-06-16 15:31:10.493,17264,17265,17264,1
2021-06-16 15:31:11.711,17262,17264,17262,2
2021-06-16 15:31:11.725,17262,17264,17262,1
2021-06-16 15:31:11.740,17262,17264,17261,2
2021-06-16 15:31:19.945,17262,17265,17262,5
2021-06-16 15:31:21.723,17261,17264,17264,4
2021-06-16 15:31:21.820,17262,17264,17264,3
2021-06-16 15:31:21.820,17262,17264,17265,2
2021-06-16 15:31:47.600,17264,17265,17264,3
2021-06-16 15:31:47.774,17263,17264,17263,1
2021-06-16 15:31:48.320,17263,17264,17263,1
2021-06-16 15:31:59.447,17263,17264,17263,1
2021-06-16 15:31:59.448,17263,17264,17263,3
2021-06-16 15:31:59.460,17263,17264,17262,2
2021-06-16 15:31:59.460,17263,17264,17261,1
2021-06-16 15:32:15.940,17261,17263,17261,1
2021-06-16 15:32:39.584,17262,17263,17262,1
2021-06-16 15:32:41.307,17262,17263,17262,1
2021-06-16 15:32:43.333,17262,17263,17262,1
2021-06-16 15:32:43.985,17262,17263,17262,1
2021-06-16 15:32:47.773,17261,17263,17262,1
2021-06-16 15:33:13.285,17261,17262,17262,5
2021-06-16 15:33:13.285,17261,17262,17262,1
2021-06-16 15:33:13.286,17261,17262,17262,3
2021-06-16 15:33:13.286,17261,17262,17262,1
2021-06-16 15:33:13.991,17261,17262,17261,2
2021-06-16 15:33:14.812,17261,17262,17262,2
2021-06-16 15:33:28.922,17261,17262,17262,1
2021-06-16 15:33:31.346,17261,17262,17262,3
2021-06-16 15:33:31.853,17262,17263,17262,1
2021-06-16 15:33:42.784,17262,17263,17263,3
2021-06-16 15:33:45.395,17263,17264,17263,1
2021-06-16 15:33:45.395,17263,17264,17263,1
2021-06-16 15:33:45.624,17262,17263,17263,1
2021-06-16 15:33:59.456,17262,17264,17264,1
2021-06-16 15:34:15.418,17263,17264,17264,1
2021-06-16 15:34:23.072,17263,17264,17263,1
2021-06-16 15:34:41.077,17263,17264,17264,5
2021-06-16 15:34:51.459,17263,17264,17264,1
2021-06-16 15:34:52.107,17263,17264,17264,1
2021-06-16 15:34:56.442,17263,17264,17264,1
2021-06-16 15:35:00.577,17263,17264,17263,1
2021-06-16 15:35:04.061,17263,17264,17263,2
2021-06-16 15:35:06.188,17263,17264,17263,1
2021-06-16 15:35:06.188,17263,17264,17262,3
2021-06-16 15:35:08.726,17262,17263,17262,1
2021-06-16 15:35:08.772,17262,17263,17262,1
2021-06-16 15:35:08.802,17262,17263,17262,3
2021-06-16 15:35:08.802,17262,17263,17262,2
2021-06-16 15:35:20.033,17261,17262,17262,1
2021-06-16 15:35:31.441,17262,17263,17263,2
2021-06-16 15:35:50.920,17263,17264,17263,1
2021-06-16 15:36:02.306,17263,17264,17263,1
2021-06-16 15:36:18.221,17263,17264,17264,4
2021-06-16 15:36:18.221,17263,17264,17264,2
2021-06-16 15:36:22.379,17264,17265,17265,1
2021-06-16 15:36:27.288,17264,17265,17265,2
2021-06-16 15:36:33.392,17264,17265,17264,1
2021-06-16 15:36:47.136,17264,17265,17264,1
2021-06-16 15:36:47.772,17264,17265,17264,1
2021-06-16 15:36:50.323,17263,17264,17263,2
2021-06-16 15:36:50.397,17263,17264,17263,1
2021-06-16 15:36:50.415,17263,17264,17262,1
2021-06-16 15:37:06.450,17262,17264,17262,3
2021-06-16 15:37:08.130,17262,17264,17262,3
2021-06-16 15:37:29.556,17263,17264,17263,1
2021-06-16 15:38:00.916,17262,17263,17263,1
2021-06-16 15:38:03.713,17262,17263,17263,1
2021-06-16 15:38:14.473,17262,17263,17263,1
2021-06-16 15:38:39.186,17263,17264,17264,1
2021-06-16 15:38:45.344,17263,17264,17263,1
2021-06-16 15:39:16.407,17263,17264,17263,1
2021-06-16 15:39:29.386,17262,17263,17263,1
2021-06-16 15:39:29.937,17263,17264,17263,4
2021-06-16 15:39:29.984,17263,17264,17263,1
2021-06-16 15:39:29.984,17263,17264,17262,3
2021-06-16 15:39:30.086,17262,17264,17262,4
2021-06-16 15:40:06.355,17262,17264,17262,10
2021-06-16 15:40:06.555,17262,17264,17262,1
2021-06-16 15:40:23.979,17262,17263,17263,1
2021-06-16 15:40:53.862,17262,17263,17262,4
2021-06-16 15:41:03.600,17261,17262,17261,17
2021-06-16 15:41:03.600,17261,17262,17261,5
2021-06-16 15:41:03.808,17260,17261,17260,8
2021-06-16 15:41:13.013,17260,17261,17260,1
2021-06-16 15:41:24.794,17260,17261,17260,1
2021-06-16 15:41:33.783,17260,17261,17261,1
2021-06-16 15:41:35.591,17260,17261,17261,1
2021-06-16 15:41:44.676,17260,17262,17260,1
2021-06-16 15:41:50.269,17260,17262,17262,1
2021-06-16 15:42:34.261,17261,17262,17262,2
2021-06-16 15:42:39.094,17261,17262,17262,1
2021-06-16 15:43:04.707,17262,17263,17262,1
2021-06-16 15:43:11.591,17262,17263,17262,1
2021-06-16 15:44:11.871,17261,17262,17262,3
2021-06-16 15:44:29.362,17261,17262,17262,1
2021-06-16 15:44:55.061,17261,17262,17261,14
2021-06-16 15:45:07.831,17261,17262,17261,1
2021-06-16 15:45:08.010,17260,17262,17261,1
2021-06-16 15:45:13.138,17261,17262,17261,1
2021-06-16 15:45:28.462,17261,17262,17261,5
2021-06-16 15:45:30.042,17261,17262,17261,1
2021-06-16 15:45:30.856,17260,17261,17261,1
2021-06-16 15:45:30.856,17260,17261,17262,1
2021-06-16 15:45:37.340,17261,17262,17262,1
2021-06-16 15:45:54.344,17261,17263,17262,1
2021-06-16 15:46:09.528,17261,17262,17262,1
2021-06-16 15:46:11.461,17262,17263,17263,8
2021-06-16 15:46:11.461,17262,17263,17263,1
2021-06-16 15:46:11.461,17262,17263,17263,1
2021-06-16 15:46:11.461,17262,17263,17263,9
2021-06-16 15:46:11.461,17262,17263,17263,1
2021-06-16 15:46:11.461,17262,17263,17263,1
2021-06-16 15:46:32.968,17262,17264,17263,1
2021-06-16 15:46:37.489,17262,17263,17263,1
2021-06-16 15:46:40.273,17262,17264,17262,1
2021-06-16 15:46:52.225,17263,17264,17264,1
2021-06-16 15:46:59.747,17263,17264,17263,1
2021-06-16 15:46:59.748,17263,17264,17263,1
2021-06-16 15:47:26.421,17263,17264,17263,2
2021-06-16 15:48:10.085,17262,17263,17263,1
2021-06-16 15:48:10.325,17262,17264,17262,1
2021-06-16 15:48:47.562,17262,17263,17262,1
2021-06-16 15:48:47.685,17262,17263,17263,1
2021-06-16 15:49:01.595,17262,17263,17262,4
2021-06-16 15:49:04.828,17261,17262,17262,1
2021-06-16 15:49:06.923,17261,17263,17261,3
2021-06-16 15:49:15.513,17261,17262,17261,1
2021-06-16 15:49:15.560,17260,17262,17262,1
2021-06-16 15:49:15.561,17260,17262,17262,1
2021-06-16 15:49:33.552,17261,17262,17261,1
2021-06-16 15:49:35.459,17261,17262,17262,1
2021-06-16 15:49:35.560,17261,17262,17262,1
2021-06-16 15:49:35.561,17261,17262,17263,1
2021-06-16 15:49:53.850,17261,17263,17261,1
2021-06-16 15:49:56.570,17261,17263,17263,1
2021-06-16 15:50:05.416,17261,17263,17262,1
2021-06-16 15:50:05.962,17261,17263,17262,1
2021-06-16 15:50:15.002,17262,17263,17263,1
2021-06-16 15:50:27.584,17262,17263,17262,1
2021-06-16 15:50:53.262,17262,17263,17262,1
2021-06-16 15:50:57.552,17262,17263,17262,1
2021-06-16 15:51:05.670,17262,17263,17262,1
2021-06-16 15:51:14.339,17262,17263,17263,1
2021-06-16 15:51:14.551,17262,17263,17263,2
2021-06-16 15:51:24.825,17262,17263,17262,1
2021-06-16 15:51:25.447,17261,17262,17261,7
2021-06-16 15:51:25.447,17261,17262,17261,5
2021-06-16 15:51:25.447,17261,17262,17261,1
2021-06-16 15:51:25.447,17261,17262,17261,4
2021-06-16 15:51:29.227,17260,17262,17260,1
2021-06-16 15:51:29.317,17260,17262,17260,1
2021-06-16 15:51:29.595,17260,17262,17260,1
2021-06-16 15:51:29.678,17260,17262,17260,1
2021-06-16 15:51:29.690,17260,17262,17260,1
2021-06-16 15:51:29.695,17260,17262,17260,1
2021-06-16 15:51:29.697,17260,17262,17260,1
2021-06-16 15:51:29.698,17260,17262,17260,1
2021-06-16 15:51:42.348,17260,17261,17261,2
2021-06-16 15:52:10.685,17260,17261,17260,1
2021-06-16 15:52:10.686,17260,17261,17260,10
2021-06-16 15:52:10.690,17260,17261,17260,1
2021-06-16 15:52:17.436,17259,17260,17259,1
2021-06-16 15:52:17.448,17259,17260,17259,2
2021-06-16 15:52:17.560,17259,17260,17259,2
2021-06-16 15:52:22.291,17259,17260,17259,2
2021-06-16 15:52:22.291,17259,17260,17259,1
2021-06-16 15:52:22.291,17259,17260,17259,6
2021-06-16 15:52:23.556,17258,17259,17258,2
2021-06-16 15:52:23.652,17258,17259,17258,1
2021-06-16 15:52:28.120,17258,17259,17258,3
2021-06-16 15:52:28.793,17258,17259,17258,1
2021-06-16 15:52:28.794,17258,17259,17258,6
2021-06-16 15:52:28.800,17258,17259,17258,12
2021-06-16 15:52:28.800,17258,17259,17258,1
2021-06-16 15:52:28.800,17258,17259,17258,1
2021-06-16 15:52:28.801,17258,17259,17258,1
2021-06-16 15:52:30.270,17257,17258,17257,3
2021-06-16 15:52:30.485,17257,17258,17257,1
2021-06-16 15:52:31.608,17257,17258,17257,1
2021-06-16 15:52:32.558,17257,17258,17257,16
2021-06-16 15:52:35.023,17256,17257,17256,3
2021-06-16 15:52:35.778,17256,17257,17256,3
2021-06-16 15:52:40.066,17256,17257,17256,1
2021-06-16 15:52:40.782,17256,17257,17256,4
2021-06-16 15:52:41.514,17256,17257,17256,1
2021-06-16 15:52:44.373,17256,17257,17257,2
2021-06-16 15:52:58.324,17257,17258,17257,1
2021-06-16 15:53:03.656,17257,17258,17257,1
2021-06-16 15:53:03.747,17257,17258,17257,1
2021-06-16 15:53:04.009,17257,17258,17257,1
2021-06-16 15:53:04.197,17257,17258,17257,6
2021-06-16 15:53:04.546,17257,17258,17257,1
2021-06-16 15:53:06.330,17256,17258,17258,1
2021-06-16 15:53:07.340,17256,17257,17256,5
2021-06-16 15:53:07.901,17256,17257,17256,3
2021-06-16 15:53:07.951,17255,17256,17255,2
2021-06-16 15:53:08.163,17255,17256,17255,1
2021-06-16 15:53:08.237,17255,17256,17255,1
2021-06-16 15:53:08.245,17255,17256,17255,1
2021-06-16 15:53:08.567,17255,17256,17255,2
2021-06-16 15:53:08.782,17255,17256,17255,1
2021-06-16 15:53:13.132,17256,17257,17256,1
2021-06-16 15:53:14.365,17255,17257,17256,2
2021-06-16 15:53:19.456,17256,17258,17256,1
2021-06-16 15:53:22.561,17256,17258,17257,1
2021-06-16 15:53:23.485,17256,17258,17256,1
2021-06-16 15:53:24.053,17256,17258,17256,4
2021-06-16 15:53:26.208,17256,17258,17256,1
2021-06-16 15:53:29.011,17256,17258,17256,1
2021-06-16 15:53:31.545,17256,17258,17257,1
2021-06-16 15:53:36.721,17256,17258,17256,1
2021-06-16 15:53:39.503,17256,17257,17256,1
2021-06-16 15:53:39.765,17256,17257,17256,4
2021-06-16 15:53:39.765,17256,17257,17255,1
2021-06-16 15:53:44.976,17255,17257,17255,5
2021-06-16 15:53:45.568,17255,17257,17255,1
2021-06-16 15:53:47.330,17255,17257,17256,1
2021-06-16 15:53:47.666,17256,17257,17256,1
2021-06-16 15:53:48.161,17255,17257,17255,3
2021-06-16 15:53:48.195,17255,17257,17255,1
2021-06-16 15:53:53.562,17255,17257,17255,1
2021-06-16 15:53:58.082,17255,17256,17256,1
2021-06-16 15:54:05.152,17256,17257,17256,2
2021-06-16 15:54:05.152,17256,17257,17255,3
2021-06-16 15:54:08.767,17255,17257,17255,2
2021-06-16 15:54:12.327,17255,17257,17255,1
2021-06-16 15:54:18.042,17255,17256,17255,1
2021-06-16 15:54:18.175,17255,17256,17255,1
2021-06-16 15:54:22.716,17255,17256,17255,1
2021-06-16 15:54:27.578,17255,17256,17255,2
2021-06-16 15:54:35.696,17255,17256,17256,1
2021-06-16 15:54:35.696,17255,17256,17256,1
2021-06-16 15:54:35.696,17255,17256,17256,1
2021-06-16 15:54:35.696,17255,17256,17256,1
2021-06-16 15:54:35.696,17255,17256,17256,2
2021-06-16 15:54:35.696,17255,17256,17256,1
2021-06-16 15:54:36.109,17256,17257,17256,1
2021-06-16 15:54:36.807,17256,17257,17256,2
2021-06-16 15:54:36.807,17256,17257,17255,1
2021-06-16 15:54:46.172,17256,17257,17256,5
2021-06-16 15:54:47.282,17256,17257,17256,1
2021-06-16 15:54:49.642,17255,17256,17256,1
2021-06-16 15:54:55.095,17255,17256,17255,1
2021-06-16 15:54:56.030,17255,17256,17255,1
2021-06-16 15:54:59.389,17255,17256,17255,1
2021-06-16 15:55:05.698,17255,17256,17255,1
2021-06-16 15:55:06.098,17255,17256,17256,2
2021-06-16 15:55:09.447,17255,17256,17255,4
2021-06-16 15:55:10.773,17254,17255,17255,1
2021-06-16 15:55:10.780,17254,17255,17255,2
2021-06-16 15:55:15.945,17255,17256,17256,1
2021-06-16 15:55:24.516,17255,17256,17255,5
2021-06-16 15:55:26.247,17254,17255,17255,1
2021-06-16 15:55:32.434,17254,17255,17254,1
2021-06-16 15:55:33.556,17254,17255,17255,1
2021-06-16 15:55:37.622,17254,17255,17254,1
2021-06-16 15:55:43.758,17254,17255,17254,5
2021-06-16 15:55:44.292,17254,17255,17254,1
2021-06-16 15:55:45.733,17254,17255,17254,1
2021-06-16 15:55:47.271,17254,17255,17254,10
2021-06-16 15:55:47.308,17254,17255,17254,4
2021-06-16 15:55:59.420,17253,17254,17254,1
2021-06-16 15:56:00.949,17253,17254,17254,1
2021-06-16 15:56:03.087,17253,17254,17254,1
2021-06-16 15:56:04.401,17253,17254,17253,1
2021-06-16 15:56:04.456,17253,17254,17253,1
2021-06-16 15:56:04.460,17253,17254,17253,2
2021-06-16 15:56:04.482,17253,17254,17253,1
2021-06-16 15:56:04.500,17253,17254,17253,2
2021-06-16 15:56:04.712,17253,17254,17253,1
2021-06-16 15:56:09.342,17253,17254,17253,1
2021-06-16 15:56:13.105,17253,17254,17253,2
2021-06-16 15:56:19.606,17253,17254,17253,1
2021-06-16 15:56:22.153,17253,17254,17254,1
2021-06-16 15:56:22.399,17253,17254,17253,1
2021-06-16 15:56:22.934,17253,17254,17254,2
2021-06-16 15:56:38.197,17253,17254,17253,1
2021-06-16 15:56:41.032,17253,17254,17253,3
2021-06-16 15:56:41.032,17253,17254,17253,1
2021-06-16 15:56:41.033,17253,17254,17253,1
2021-06-16 15:56:41.033,17253,17254,17253,1
2021-06-16 15:56:41.033,17253,17254,17253,1
2021-06-16 15:56:41.033,17253,17254,17253,7
2021-06-16 15:56:41.033,17253,17254,17253,2
2021-06-16 15:56:41.236,17252,17253,17252,1
2021-06-16 15:56:41.357,17252,17253,17252,1
2021-06-16 15:56:43.371,17252,17253,17253,2
2021-06-16 15:56:57.498,17252,17253,17253,1
2021-06-16 15:56:59.572,17252,17253,17253,1
2021-06-16 15:57:00.910,17252,17253,17253,2
2021-06-16 15:57:00.910,17252,17253,17253,1
2021-06-16 15:57:01.502,17252,17254,17253,1
2021-06-16 15:57:02.982,17253,17254,17253,1
2021-06-16 15:57:10.683,17252,17253,17252,26
2021-06-16 15:57:12.223,17251,17252,17251,1
2021-06-16 15:57:12.334,17251,17252,17251,2
2021-06-16 15:57:12.334,17251,17252,17251,2
2021-06-16 15:57:12.554,17251,17252,17251,2
2021-06-16 15:57:12.556,17251,17252,17251,1
2021-06-16 15:57:12.557,17251,17252,17251,1
2021-06-16 15:57:12.558,17251,17252,17251,2
2021-06-16 15:57:12.561,17251,17252,17251,1
2021-06-16 15:57:12.564,17251,17252,17251,5
2021-06-16 15:57:12.564,17251,17252,17251,4
2021-06-16 15:57:12.564,17251,17252,17251,2
2021-06-16 15:57:12.611,17251,17252,17250,2
2021-06-16 15:57:12.612,17251,17252,17250,2
2021-06-16 15:57:12.612,17251,17252,17250,1
2021-06-16 15:57:12.612,17251,17252,17250,1
2021-06-16 15:57:12.612,17251,17252,17250,2
2021-06-16 15:57:12.612,17251,17252,17250,2
2021-06-16 15:57:12.612,17251,17252,17250,6
2021-06-16 15:57:12.613,17251,17252,17250,1
2021-06-16 15:57:12.613,17251,17252,17250,1
2021-06-16 15:57:12.613,17251,17252,17250,1
2021-06-16 15:57:12.613,17251,17252,17250,1
2021-06-16 15:57:12.613,17251,17252,17250,1
2021-06-16 15:57:12.613,17251,17252,17250,1
2021-06-16 15:57:12.620,17251,17252,17250,1
2021-06-16 15:57:12.710,17250,17251,17250,1
2021-06-16 15:57:12.722,17250,17251,17250,1
2021-06-16 15:57:12.762,17250,17251,17250,1
2021-06-16 15:57:12.894,17250,17251,17250,1
2021-06-16 15:57:13.042,17250,17251,17250,7
2021-06-16 15:57:13.354,17250,17251,17250,4
2021-06-16 15:57:13.434,17249,17251,17251,1
2021-06-16 15:57:13.457,17249,17251,17251,1
2021-06-16 15:57:16.099,17250,17251,17250,2
2021-06-16 15:57:16.221,17249,17251,17249,1
2021-06-16 15:57:16.347,17249,17251,17249,1
2021-06-16 15:57:16.380,17249,17251,17251,1
2021-06-16 15:57:16.387,17249,17251,17250,1
2021-06-16 15:57:18.078,17249,17251,17249,1
2021-06-16 15:57:19.123,17249,17251,17249,4
2021-06-16 15:57:19.334,17249,17251,17249,1
2021-06-16 15:57:19.388,17249,17251,17251,1
2021-06-16 15:57:24.216,17248,17249,17249,1
2021-06-16 15:57:26.704,17248,17250,17250,1
2021-06-16 15:57:29.258,17249,17250,17250,1
2021-06-16 15:57:30.662,17250,17251,17250,1
2021-06-16 15:57:36.488,17250,17251,17250,2
2021-06-16 15:57:36.743,17250,17251,17250,1
2021-06-16 15:57:36.743,17250,17251,17249,2
2021-06-16 15:57:43.419,17250,17251,17250,2
2021-06-16 15:57:43.420,17250,17251,17250,4
2021-06-16 15:57:46.373,17249,17250,17249,1
2021-06-16 15:57:46.381,17249,17250,17250,1
2021-06-16 15:57:49.740,17249,17250,17250,1
2021-06-16 15:57:50.019,17249,17250,17250,1
2021-06-16 15:57:50.414,17249,17250,17250,1
2021-06-16 15:57:51.268,17249,17250,17249,1
2021-06-16 15:57:55.175,17249,17250,17250,2
2021-06-16 15:57:58.357,17249,17250,17249,1
2021-06-16 15:58:04.445,17249,17250,17250,10
2021-06-16 15:58:04.445,17249,17250,17250,1
2021-06-16 15:58:04.586,17249,17251,17249,2
2021-06-16 15:58:05.438,17249,17251,17249,15
2021-06-16 15:58:07.723,17249,17250,17250,1
2021-06-16 15:58:16.145,17249,17250,17250,1
2021-06-16 15:58:21.819,17249,17250,17249,1
2021-06-16 15:58:31.161,17249,17250,17249,2
2021-06-16 15:58:32.108,17249,17250,17249,1
2021-06-16 15:58:33.633,17249,17250,17249,2
2021-06-16 15:58:39.403,17249,17250,17250,3
2021-06-16 15:58:39.403,17249,17250,17250,1
2021-06-16 15:58:39.403,17249,17250,17250,2
2021-06-16 15:58:39.403,17249,17250,17250,6
2021-06-16 15:58:41.335,17250,17251,17250,1
2021-06-16 15:58:41.514,17250,17251,17250,3
2021-06-16 15:58:42.234,17250,17251,17250,1
2021-06-16 15:58:42.801,17250,17251,17250,2
2021-06-16 15:58:43.556,17250,17251,17250,2
2021-06-16 15:58:43.742,17250,17251,17251,14
2021-06-16 15:58:43.742,17250,17251,17251,1
2021-06-16 15:58:43.743,17250,17251,17251,2
2021-06-16 15:58:54.191,17251,17252,17251,1
2021-06-16 15:59:00.494,17251,17252,17252,3
2021-06-16 15:59:00.561,17251,17252,17252,1
2021-06-16 15:59:00.563,17251,17252,17252,1
2021-06-16 15:59:00.563,17251,17252,17252,1
2021-06-16 15:59:00.563,17251,17252,17252,6
2021-06-16 15:59:05.617,17251,17252,17252,1
2021-06-16 15:59:07.723,17251,17253,17253,1
2021-06-16 15:59:07.884,17252,17253,17252,3
2021-06-16 15:59:07.886,17252,17253,17252,2
2021-06-16 15:59:11.344,17251,17253,17252,1
2021-06-16 15:59:11.435,17252,17253,17253,1
2021-06-16 15:59:11.436,17252,17253,17253,1
2021-06-16 15:59:11.436,17252,17253,17253,1
2021-06-16 15:59:15.220,17252,17253,17253,1
2021-06-16 15:59:16.030,17252,17253,17253,1
2021-06-16 15:59:18.137,17252,17254,17252,8
2021-06-16 15:59:18.137,17252,17254,17251,24
2021-06-16 15:59:18.479,17251,17253,17251,4
2021-06-16 15:59:31.048,17252,17253,17252,1
2021-06-16 15:59:50.415,17251,17252,17252,1
2021-06-16 15:59:50.435,17251,17252,17252,1
2021-06-16 15:59:56.887,17252,17253,17253,2
2021-06-16 15:59:56.935,17252,17253,17253,1
2021-06-16 15:59:57.227,17252,17253,17253,2
2021-06-16 15:59:58.354,17253,17254,17254,1
2021-06-16 15:59:59.778,17253,17254,17254,2
2021-06-16 16:00:00.611,17253,17254,17254,1
2021-06-16 16:00:00.691,17253,17254,17253,1
2021-06-16 16:00:00.693,17253,17254,17253,1
2021-06-16 16:00:00.693,17253,17254,17253,1
2021-06-16 16:00:00.694,17253,17254,17253,1
2021-06-16 16:00:00.695,17253,17254,17253,1
2021-06-16 16:00:00.696,17253,17254,17252,1
2021-06-16 16:00:00.937,17252,17253,17252,1
2021-06-16 16:00:00.955,17252,17253,17251,1
2021-06-16 16:00:00.956,17252,17253,17251,1
2021-06-16 16:00:00.956,17252,17253,17251,2
2021-06-16 16:00:00.964,17252,17253,17253,1
2021-06-16 16:00:00.965,17252,17253,17251,2
2021-06-16 16:00:00.966,17252,17253,17251,1
2021-06-16 16:00:01.048,17252,17253,17251,1
2021-06-16 16:00:01.061,17251,17253,17251,1
2021-06-16 16:00:01.061,17251,17253,17251,1
2021-06-16 16:00:01.139,17251,17253,17253,1
2021-06-16 16:00:01.252,17251,17253,17253,1
2021-06-16 16:00:01.455,17251,17253,17251,1
2021-06-16 16:00:01.470,17251,17253,17251,1
2021-06-16 16:00:01.710,17251,17253,17253,1
2021-06-16 16:00:01.790,17251,17253,17251,3
2021-06-16 16:00:01.792,17251,17253,17253,3
2021-06-16 16:00:07.410,17252,17253,17253,1
2021-06-16 16:00:13.454,17253,17254,17253,2
2021-06-16 16:00:13.560,17253,17254,17253,1
2021-06-16 16:00:13.560,17253,17254,17252,1
2021-06-16 16:00:13.560,17253,17254,17252,1
2021-06-16 16:00:16.006,17252,17254,17252,2
2021-06-16 16:00:18.577,17251,17252,17252,1
2021-06-16 16:00:18.685,17252,17254,17252,1
2021-06-16 16:00:18.685,17252,17254,17252,1
2021-06-16 16:00:18.686,17252,17254,17251,1
2021-06-16 16:00:18.686,17252,17254,17251,1
2021-06-16 16:00:33.231,17253,17254,17253,1
2021-06-16 16:00:40.875,17252,17253,17253,1
2021-06-16 16:00:40.935,17253,17254,17253,1
2021-06-16 16:00:41.314,17253,17254,17254,3
2021-06-16 16:00:41.435,17253,17254,17253,1
2021-06-16 16:00:41.435,17253,17254,17252,1
2021-06-16 16:00:41.435,17253,17254,17252,1
2021-06-16 16:00:41.436,17253,17254,17252,1
2021-06-16 16:00:41.436,17253,17254,17252,1
2021-06-16 16:00:46.039,17253,17254,17253,3
2021-06-16 16:00:47.637,17252,17253,17253,2
2021-06-16 16:00:48.012,17252,17253,17253,2
2021-06-16 16:00:50.190,17252,17253,17253,1
2021-06-16 16:00:53.027,17252,17254,17254,1
2021-06-16 16:00:55.542,17253,17254,17254,3
2021-06-16 16:00:55.974,17253,17254,17254,3
2021-06-16 16:00:56.294,17253,17254,17254,2
2021-06-16 16:00:56.484,17254,17255,17254,1
2021-06-16 16:01:00.158,17253,17254,17254,1
2021-06-16 16:01:03.160,17253,17254,17254,1
2021-06-16 16:01:03.443,17253,17254,17254,1
2021-06-16 16:01:04.216,17253,17254,17254,1
2021-06-16 16:01:05.523,17253,17254,17254,1
2021-06-16 16:01:05.770,17253,17254,17254,1
2021-06-16 16:01:07.988,17253,17254,17253,1
2021-06-16 16:01:08.969,17253,17254,17253,1
2021-06-16 16:01:09.309,17253,17254,17253,2
2021-06-16 16:01:11.269,17252,17253,17253,1
2021-06-16 16:01:11.269,17252,17253,17254,1
2021-06-16 16:01:16.317,17252,17253,17252,2
2021-06-16 16:01:16.318,17252,17253,17252,2
2021-06-16 16:01:21.317,17251,17253,17251,2
2021-06-16 16:01:24.454,17251,17252,17251,1
2021-06-16 16:01:25.267,17251,17252,17252,1
2021-06-16 16:01:26.475,17251,17252,17252,1
2021-06-16 16:01:32.034,17252,17253,17252,1
2021-06-16 16:01:33.257,17251,17253,17251,1
2021-06-16 16:01:39.774,17251,17252,17251,1
2021-06-16 16:01:46.786,17251,17252,17251,1
2021-06-16 16:01:48.311,17251,17252,17252,1
2021-06-16 16:01:48.660,17251,17252,17251,2
2021-06-16 16:01:56.484,17251,17252,17251,2
2021-06-16 16:01:58.981,17251,17252,17251,1
2021-06-16 16:01:59.826,17251,17252,17251,2
2021-06-16 16:02:00.883,17251,17252,17251,1
2021-06-16 16:02:07.168,17251,17252,17251,1
2021-06-16 16:02:32.961,17251,17252,17252,5
2021-06-16 16:02:40.455,17252,17253,17252,1
2021-06-16 16:02:58.126,17252,17254,17252,1
2021-06-16 16:03:03.690,17253,17254,17253,1
2021-06-16 16:03:03.815,17252,17254,17254,1
2021-06-16 16:03:18.837,17252,17253,17253,1
2021-06-16 16:03:27.316,17252,17253,17253,1
2021-06-16 16:03:28.102,17252,17253,17253,1
2021-06-16 16:03:28.245,17252,17253,17253,1
2021-06-16 16:03:29.750,17252,17253,17253,1
2021-06-16 16:03:30.437,17252,17253,17253,1
2021-06-16 16:03:31.577,17252,17253,17253,1
2021-06-16 16:03:33.958,17252,17253,17253,1
2021-06-16 16:03:36.013,17252,17253,17253,1
2021-06-16 16:03:36.664,17252,17254,17252,6
2021-06-16 16:03:36.664,17252,17254,17251,2
2021-06-16 16:03:45.505,17251,17253,17251,1
2021-06-16 16:03:49.050,17251,17253,17251,2
2021-06-16 16:03:58.130,17251,17252,17252,3
2021-06-16 16:03:58.316,17251,17253,17251,1
2021-06-16 16:03:59.841,17251,17252,17252,1
2021-06-16 16:04:00.330,17251,17252,17251,1
2021-06-16 16:04:00.330,17251,17252,17251,3
2021-06-16 16:04:00.396,17251,17252,17251,1
2021-06-16 16:04:10.613,17250,17251,17251,1
2021-06-16 16:04:14.099,17250,17251,17250,1
2021-06-16 16:04:20.584,17250,17251,17250,2
2021-06-16 16:04:20.584,17250,17251,17250,6
2021-06-16 16:04:20.585,17250,17251,17250,1
2021-06-16 16:04:20.585,17250,17251,17250,6
2021-06-16 16:04:20.585,17250,17251,17250,6
2021-06-16 16:04:20.585,17250,17251,17250,4
2021-06-16 16:04:26.890,17249,17251,17249,5
2021-06-16 16:04:37.885,17249,17250,17250,1
2021-06-16 16:04:41.853,17249,17250,17250,6
2021-06-16 16:04:42.228,17250,17251,17250,3
2021-06-16 16:04:42.285,17250,17251,17250,1
2021-06-16 16:04:44.863,17250,17251,17250,1
2021-06-16 16:04:45.319,17250,17251,17250,1
2021-06-16 16:04:50.491,17250,17251,17250,1
2021-06-16 16:05:01.701,17250,17251,17250,4
2021-06-16 16:05:14.340,17250,17251,17250,2
2021-06-16 16:05:14.638,17250,17251,17250,1
2021-06-16 16:05:21.595,17250,17251,17250,2
2021-06-16 16:05:22.525,17250,17251,17250,1
2021-06-16 16:05:27.946,17250,17251,17250,1
2021-06-16 16:05:30.549,17250,17251,17250,1
2021-06-16 16:05:33.109,17249,17250,17249,1
2021-06-16 16:05:38.763,17249,17250,17249,1
2021-06-16 16:05:45.906,17249,17250,17249,1
2021-06-16 16:05:48.693,17249,17250,17250,4
2021-06-16 16:05:49.230,17249,17251,17249,4
2021-06-16 16:05:54.161,17249,17250,17249,1
2021-06-16 16:05:54.604,17249,17250,17249,4
2021-06-16 16:05:58.106,17249,17250,17249,1
2021-06-16 16:06:02.751,17248,17249,17249,1
2021-06-16 16:06:03.194,17248,17250,17248,1
2021-06-16 16:06:03.415,17248,17250,17250,1
2021-06-16 16:06:37.990,17249,17250,17250,1
2021-06-16 16:06:39.694,17249,17250,17250,1
2021-06-16 16:07:03.768,17249,17250,17249,1
2021-06-16 16:07:13.550,17249,17250,17249,2
2021-06-16 16:07:15.322,17249,17250,17249,1
2021-06-16 16:07:15.466,17249,17250,17249,1
2021-06-16 16:07:20.443,17249,17250,17249,2
2021-06-16 16:07:20.558,17249,17250,17249,1
2021-06-16 16:07:22.319,17248,17250,17248,1
2021-06-16 16:07:27.878,17248,17249,17249,1
2021-06-16 16:07:31.640,17249,17250,17249,1
2021-06-16 16:07:36.113,17249,17250,17250,1
2021-06-16 16:07:36.835,17249,17250,17249,2
2021-06-16 16:07:36.835,17249,17250,17248,25
2021-06-16 16:07:36.933,17247,17248,17247,10
2021-06-16 16:07:37.110,17246,17248,17246,1
2021-06-16 16:07:37.284,17246,17248,17246,1
2021-06-16 16:07:37.387,17246,17248,17246,1
2021-06-16 16:07:46.755,17246,17247,17246,3
2021-06-16 16:07:49.126,17246,17247,17246,22
2021-06-16 16:07:49.492,17245,17246,17245,1
2021-06-16 16:07:49.520,17245,17246,17245,2
2021-06-16 16:07:49.576,17245,17246,17245,3
2021-06-16 16:07:49.641,17245,17246,17245,3
2021-06-16 16:07:50.032,17244,17246,17246,1
2021-06-16 16:07:50.181,17244,17246,17244,1
2021-06-16 16:07:50.206,17244,17246,17244,4
2021-06-16 16:07:50.777,17244,17246,17244,1
2021-06-16 16:07:55.706,17245,17246,17246,1
2021-06-16 16:07:56.302,17245,17246,17245,2
2021-06-16 16:07:57.220,17245,17246,17245,1
2021-06-16 16:07:58.131,17245,17246,17246,10
2021-06-16 16:07:58.728,17246,17247,17246,5
2021-06-16 16:08:01.896,17246,17247,17246,4
2021-06-16 16:08:01.897,17246,17247,17246,39
2021-06-16 16:08:01.898,17246,17247,17246,3
2021-06-16 16:08:02.242,17246,17247,17246,1
2021-06-16 16:08:02.251,17246,17247,17246,1
2021-06-16 16:08:04.379,17246,17247,17246,1
2021-06-16 16:08:06.184,17246,17247,17247,2
2021-06-16 16:08:08.053,17246,17248,17246,1
2021-06-16 16:08:08.139,17246,17248,17246,1
2021-06-16 16:08:08.560,17246,17247,17247,1
2021-06-16 16:08:12.324,17246,17247,17246,1
2021-06-16 16:08:12.479,17246,17247,17246,1
2021-06-16 16:08:14.422,17245,17247,17246,1
2021-06-16 16:08:20.025,17246,17247,17246,1
2021-06-16 16:08:21.670,17246,17247,17246,1
2021-06-16 16:08:23.573,17246,17247,17246,2
2021-06-16 16:08:24.299,17246,17247,17246,1
2021-06-16 16:08:31.137,17245,17246,17246,10
2021-06-16 16:08:32.010,17246,17247,17246,1
2021-06-16 16:08:33.794,17246,17247,17246,1
2021-06-16 16:08:40.370,17245,17246,17246,1
2021-06-16 16:08:43.563,17246,17247,17246,1
2021-06-16 16:08:48.033,17246,17247,17246,1
2021-06-16 16:08:54.108,17246,17247,17246,1
2021-06-16 16:08:54.236,17246,17247,17246,1
2021-06-16 16:08:54.903,17245,17247,17245,1
2021-06-16 16:09:02.003,17245,17246,17246,1
2021-06-16 16:09:02.484,17245,17246,17246,1
2021-06-16 16:09:02.578,17245,17247,17247,1
2021-06-16 16:09:10.151,17246,17247,17247,1
2021-06-16 16:09:10.417,17246,17247,17246,1
2021-06-16 16:09:10.624,17246,17247,17246,1
2021-06-16 16:09:12.048,17246,17247,17247,2
2021-06-16 16:09:13.543,17246,17247,17247,1
2021-06-16 16:09:22.846,17247,17248,17248,1
2021-06-16 16:09:29.083,17247,17248,17248,5
2021-06-16 16:09:32.766,17247,17248,17248,1
2021-06-16 16:09:45.864,17248,17249,17248,1
2021-06-16 16:09:46.649,17248,17249,17249,2
2021-06-16 16:09:47.735,17248,17249,17249,1
2021-06-16 16:09:54.021,17249,17250,17249,1
2021-06-16 16:09:54.335,17248,17250,17248,3
2021-06-16 16:10:08.251,17248,17249,17249,1
2021-06-16 16:10:08.251,17248,17249,17250,4
2021-06-16 16:10:08.485,17248,17250,17248,1
2021-06-16 16:10:09.691,17248,17250,17250,1
2021-06-16 16:10:09.874,17248,17250,17250,5
2021-06-16 16:10:17.860,17249,17250,17250,3
2021-06-16 16:10:20.305,17249,17250,17250,2
2021-06-16 16:10:22.102,17249,17250,17249,2
2021-06-16 16:10:22.102,17249,17250,17248,6
2021-06-16 16:10:23.300,17248,17249,17248,1
2021-06-16 16:10:24.256,17247,17249,17249,1
2021-06-16 16:10:27.177,17247,17249,17247,1
2021-06-16 16:10:27.200,17247,17249,17247,1
2021-06-16 16:10:28.104,17247,17249,17249,1
2021-06-16 16:10:35.084,17248,17249,17248,1
2021-06-16 16:10:35.084,17248,17249,17247,7
2021-06-16 16:10:35.280,17246,17249,17246,3
2021-06-16 16:10:35.366,17246,17248,17248,1
2021-06-16 16:10:36.304,17246,17248,17248,4
2021-06-16 16:10:38.645,17247,17249,17247,1
2021-06-16 16:10:38.829,17247,17249,17247,4
2021-06-16 16:10:41.016,17247,17249,17247,1
2021-06-16 16:10:48.232,17247,17249,17249,1
2021-06-16 16:10:49.491,17247,17249,17247,2
2021-06-16 16:11:03.789,17248,17249,17248,1
2021-06-16 16:11:06.788,17248,17249,17249,1
2021-06-16 16:11:06.978,17248,17250,17248,5
2021-06-16 16:11:11.777,17248,17249,17248,1
2021-06-16 16:11:12.760,17248,17249,17248,3
2021-06-16 16:11:20.804,17248,17249,17248,2
2021-06-16 16:11:20.938,17248,17249,17249,1
2021-06-16 16:11:28.710,17248,17249,17249,1
2021-06-16 16:11:29.266,17248,17249,17249,1
2021-06-16 16:11:45.422,17249,17250,17250,1
2021-06-16 16:11:45.708,17249,17250,17250,1
2021-06-16 16:11:53.617,17249,17250,17250,1
2021-06-16 16:11:58.335,17249,17250,17250,1
2021-06-16 16:12:26.974,17249,17250,17250,4
2021-06-16 16:12:47.893,17250,17251,17250,1
2021-06-16 16:12:55.879,17250,17251,17250,1
2021-06-16 16:12:57.383,17250,17251,17250,5
2021-06-16 16:12:59.465,17250,17251,17251,2
2021-06-16 16:13:04.283,17250,17251,17251,1
2021-06-16 16:13:07.642,17250,17251,17251,1
2021-06-16 16:13:09.730,17250,17251,17251,1
2021-06-16 16:13:16.281,17250,17251,17251,1
2021-06-16 16:13:16.393,17250,17251,17251,2
2021-06-16 16:13:16.393,17250,17251,17251,1
2021-06-16 16:13:16.393,17250,17251,17251,2
2021-06-16 16:13:16.393,17250,17251,17251,4
2021-06-16 16:13:17.782,17250,17252,17250,5
2021-06-16 16:13:22.349,17250,17251,17250,1
2021-06-16 16:13:25.717,17250,17251,17250,1
2021-06-16 16:13:31.881,17249,17251,17251,1
2021-06-16 16:14:00.801,17249,17250,17249,1
2021-06-16 16:14:00.801,17249,17250,17249,6
2021-06-16 16:14:01.150,17248,17249,17248,1
2021-06-16 16:14:01.183,17248,17249,17248,5
2021-06-16 16:14:01.324,17247,17248,17247,5
2021-06-16 16:14:02.120,17247,17248,17247,2
2021-06-16 16:14:02.534,17247,17248,17247,2
2021-06-16 16:14:08.981,17247,17248,17247,2
2021-06-16 16:14:36.939,17247,17248,17247,3
2021-06-16 16:14:40.696,17246,17247,17247,1
2021-06-16 16:14:47.745,17246,17247,17247,1
2021-06-16 16:14:51.609,17246,17247,17247,1
2021-06-16 16:14:58.085,17246,17247,17247,1
2021-06-16 16:15:09.320,17246,17247,17247,1
2021-06-16 16:15:09.443,17246,17247,17247,1
2021-06-16 16:15:09.443,17246,17247,17247,1
2021-06-16 16:15:09.443,17246,17247,17247,2
2021-06-16 16:15:09.450,17246,17247,17248,1
2021-06-16 16:15:09.450,17246,17247,17248,1
2021-06-16 16:15:12.405,17247,17248,17248,2
2021-06-16 16:15:12.435,17247,17249,17249,1
2021-06-16 16:15:12.435,17247,17249,17249,1
2021-06-16 16:15:12.435,17247,17249,17249,1
2021-06-16 16:15:12.435,17247,17249,17249,1
2021-06-16 16:15:12.436,17247,17249,17249,1
2021-06-16 16:15:12.437,17247,17249,17249,1
2021-06-16 16:15:15.065,17246,17249,17246,1
2021-06-16 16:15:23.634,17247,17249,17247,1
2021-06-16 16:15:52.329,17248,17249,17249,1
2021-06-16 16:15:52.329,17248,17249,17249,1
2021-06-16 16:15:52.435,17248,17250,17250,1
2021-06-16 16:15:52.435,17248,17250,17250,1
2021-06-16 16:15:52.436,17248,17250,17250,1
2021-06-16 16:15:52.436,17248,17250,17251,1
2021-06-16 16:16:04.587,17248,17251,17248,1
2021-06-16 16:16:04.685,17248,17251,17251,1
2021-06-16 16:16:04.686,17248,17251,17251,1
2021-06-16 16:16:04.686,17248,17251,17251,1
2021-06-16 16:16:04.686,17248,17251,17251,1
2021-06-16 16:16:04.686,17248,17251,17251,1
2021-06-16 16:16:15.202,17250,17251,17250,1
2021-06-16 16:16:15.310,17250,17251,17251,1
2021-06-16 16:16:15.311,17250,17251,17251,1
2021-06-16 16:16:15.311,17250,17251,17251,1
2021-06-16 16:16:15.312,17250,17251,17251,1
2021-06-16 16:16:15.312,17250,17251,17251,1
2021-06-16 16:16:15.312,17250,17251,17251,1
2021-06-16 16:16:15.312,17250,17251,17251,1
2021-06-16 16:16:23.077,17250,17251,17251,4
2021-06-16 16:16:33.047,17250,17251,17251,2
2021-06-16 16:16:36.656,17250,17251,17250,1
2021-06-16 16:16:47.319,17250,17251,17250,1
2021-06-16 16:16:49.197,17250,17251,17250,1
2021-06-16 16:16:49.754,17250,17251,17250,1
2021-06-16 16:16:56.562,17249,17251,17251,2
2021-06-16 16:16:56.668,17249,17251,17251,2
2021-06-16 16:16:56.773,17249,17251,17251,2
2021-06-16 16:17:01.686,17249,17250,17250,1
2021-06-16 16:17:04.218,17249,17250,17250,1
2021-06-16 16:17:08.894,17250,17251,17250,1
2021-06-16 16:17:10.098,17250,17251,17250,1
2021-06-16 16:17:14.232,17250,17251,17250,1
2021-06-16 16:17:14.339,17250,17251,17250,1
2021-06-16 16:17:26.647,17249,17250,17250,1
2021-06-16 16:17:44.109,17249,17250,17249,1
2021-06-16 16:17:48.838,17249,17250,17250,2
2021-06-16 16:17:48.838,17249,17250,17250,1
2021-06-16 16:17:57.394,17249,17251,17249,1
2021-06-16 16:18:14.723,17249,17250,17249,1
2021-06-16 16:18:24.569,17249,17250,17249,1
2021-06-16 16:18:31.691,17249,17250,17249,1
2021-06-16 16:18:57.300,17249,17250,17249,1
2021-06-16 16:19:03.033,17249,17250,17249,1
2021-06-16 16:19:16.800,17249,17250,17249,1
2021-06-16 16:19:28.729,17249,17250,17250,1
2021-06-16 16:19:28.729,17249,17250,17250,2
2021-06-16 16:19:28.729,17249,17250,17250,2
2021-06-16 16:19:28.729,17249,17250,17250,6
2021-06-16 16:19:38.645,17250,17251,17251,7
2021-06-16 16:19:41.283,17251,17252,17251,1
2021-06-16 16:19:43.487,17250,17251,17251,1
2021-06-16 16:19:46.670,17251,17252,17252,1
2021-06-16 16:19:49.608,17251,17252,17252,1
2021-06-16 16:19:49.766,17251,17252,17252,1
2021-06-16 16:19:49.914,17251,17252,17252,1
2021-06-16 16:19:51.618,17251,17252,17252,1
2021-06-16 16:19:54.285,17252,17253,17253,1
2021-06-16 16:20:00.910,17252,17253,17252,1
2021-06-16 16:20:07.171,17252,17253,17252,1
2021-06-16 16:20:11.619,17251,17253,17253,1
2021-06-16 16:20:19.332,17251,17253,17253,1
2021-06-16 16:20:22.257,17251,17253,17253,2
2021-06-16 16:20:45.022,17252,17253,17252,3
2021-06-16 16:20:45.259,17251,17252,17251,3
2021-06-16 16:20:45.278,17251,17252,17251,1
2021-06-16 16:20:45.278,17251,17252,17250,2
2021-06-16 16:20:51.066,17250,17251,17250,1
2021-06-16 16:21:04.897,17250,17251,17251,3
2021-06-16 16:21:24.821,17251,17253,17251,1
2021-06-16 16:21:31.738,17251,17253,17251,1
2021-06-16 16:21:32.058,17252,17253,17252,1
2021-06-16 16:21:48.971,17251,17252,17252,1
2021-06-16 16:21:56.469,17251,17252,17252,2
2021-06-16 16:22:20.042,17251,17252,17252,1
2021-06-16 16:22:20.053,17251,17252,17252,1
2021-06-16 16:22:20.089,17251,17253,17253,1
2021-06-16 16:22:20.196,17251,17253,17253,1
2021-06-16 16:22:20.204,17251,17253,17253,1
2021-06-16 16:22:20.272,17251,17253,17253,1
2021-06-16 16:22:41.295,17251,17252,17251,8
2021-06-16 16:22:41.296,17251,17252,17251,1
2021-06-16 16:22:41.296,17251,17252,17251,1
2021-06-16 16:22:41.308,17251,17252,17251,3
2021-06-16 16:22:49.115,17250,17252,17250,1
2021-06-16 16:22:59.435,17250,17251,17250,10
2021-06-16 16:22:59.863,17250,17251,17251,1
2021-06-16 16:23:04.476,17250,17251,17250,1
2021-06-16 16:23:06.140,17249,17250,17250,1
2021-06-16 16:23:10.584,17249,17250,17249,1
2021-06-16 16:23:11.433,17249,17250,17250,2
2021-06-16 16:23:13.544,17249,17250,17250,1
2021-06-16 16:23:20.071,17249,17250,17250,1
2021-06-16 16:23:26.318,17249,17250,17249,1
2021-06-16 16:23:28.795,17249,17250,17250,1
2021-06-16 16:23:37.345,17249,17250,17249,1
2021-06-16 16:23:50.174,17249,17250,17249,4
2021-06-16 16:23:50.174,17249,17250,17249,2
2021-06-16 16:23:50.183,17248,17249,17248,2
2021-06-16 16:23:50.416,17247,17249,17247,1
2021-06-16 16:23:50.423,17247,17249,17247,4
2021-06-16 16:23:51.190,17247,17249,17247,1
2021-06-16 16:23:51.479,17247,17249,17247,2
2021-06-16 16:23:51.479,17247,17249,17246,1
2021-06-16 16:23:57.917,17246,17248,17246,1
2021-06-16 16:24:16.728,17247,17248,17247,1
2021-06-16 16:24:17.093,17246,17248,17248,1
2021-06-16 16:24:17.143,17246,17248,17246,3
2021-06-16 16:24:18.791,17246,17248,17246,1
2021-06-16 16:24:25.142,17246,17248,17246,3
2021-06-16 16:24:26.922,17246,17247,17246,1
2021-06-16 16:24:34.452,17246,17247,17247,1
2021-06-16 16:24:41.407,17247,17248,17248,1
2021-06-16 16:24:41.438,17247,17248,17248,1
2021-06-16 16:24:42.424,17247,17248,17248,1
2021-06-16 16:24:53.922,17247,17249,17249,1
2021-06-16 16:25:00.217,17247,17248,17247,3
2021-06-16 16:25:23.199,17247,17248,17247,5
2021-06-16 16:25:23.731,17247,17248,17248,1
2021-06-16 16:25:23.832,17247,17248,17248,1
2021-06-16 16:25:32.846,17247,17249,17247,1
2021-06-16 16:26:19.273,17248,17249,17249,1
2021-06-16 16:26:38.545,17249,17250,17249,5
2021-06-16 16:26:51.892,17248,17249,17249,1
2021-06-16 16:26:59.603,17248,17249,17249,1
2021-06-16 16:27:16.752,17248,17249,17249,2
2021-06-16 16:27:18.953,17248,17249,17249,2
2021-06-16 16:27:23.807,17248,17249,17249,2
2021-06-16 16:27:24.712,17248,17249,17248,1
2021-06-16 16:27:24.857,17248,17249,17249,2
2021-06-16 16:27:28.312,17248,17249,17249,2
2021-06-16 16:27:32.264,17248,17249,17249,2
2021-06-16 16:27:32.310,17248,17250,17248,1
2021-06-16 16:27:32.311,17248,17250,17248,1
2021-06-16 16:27:32.311,17248,17250,17248,1
2021-06-16 16:27:32.311,17248,17250,17248,1
2021-06-16 16:27:32.311,17248,17250,17248,1
2021-06-16 16:27:32.312,17248,17250,17248,1
2021-06-16 16:27:32.312,17248,17250,17248,1
2021-06-16 16:27:33.540,17247,17249,17249,2
2021-06-16 16:27:37.367,17247,17249,17249,2
2021-06-16 16:27:43.885,17247,17249,17249,1
2021-06-16 16:27:46.055,17247,17249,17247,5
2021-06-16 16:27:50.433,17247,17248,17247,5
2021-06-16 16:27:51.361,17246,17247,17246,1
2021-06-16 16:27:51.388,17246,17247,17246,1
2021-06-16 16:27:51.488,17246,17247,17246,1
2021-06-16 16:27:51.488,17246,17247,17245,2
2021-06-16 16:27:51.983,17245,17247,17245,1
2021-06-16 16:27:56.488,17245,17246,17245,2
2021-06-16 16:27:56.867,17245,17246,17245,1
2021-06-16 16:28:00.224,17245,17246,17245,1
2021-06-16 16:28:02.955,17245,17246,17245,1
2021-06-16 16:28:14.720,17245,17247,17245,2
2021-06-16 16:28:16.764,17245,17247,17247,1
2021-06-16 16:28:16.770,17245,17247,17247,1
2021-06-16 16:28:27.758,17245,17247,17247,3
2021-06-16 16:28:27.759,17245,17247,17247,2
2021-06-16 16:28:40.295,17246,17247,17247,1
2021-06-16 16:28:42.542,17246,17247,17246,1
2021-06-16 16:28:52.712,17245,17246,17246,1
2021-06-16 16:28:54.767,17245,17246,17246,1
2021-06-16 16:29:04.540,17245,17246,17245,5
2021-06-16 16:29:04.541,17245,17246,17245,8
2021-06-16 16:29:04.541,17245,17246,17245,3
2021-06-16 16:29:04.541,17245,17246,17245,1
2021-06-16 16:29:04.541,17245,17246,17245,1
2021-06-16 16:29:16.116,17244,17245,17244,1
2021-06-16 16:29:16.116,17244,17245,17244,4
2021-06-16 16:29:16.116,17244,17245,17244,1
2021-06-16 16:29:16.116,17244,17245,17244,1
2021-06-16 16:29:16.116,17244,17245,17244,1
2021-06-16 16:29:16.116,17244,17245,17244,5
2021-06-16 16:29:16.385,17243,17244,17243,2
2021-06-16 16:29:16.385,17243,17244,17243,5
2021-06-16 16:29:16.385,17243,17244,17243,1
2021-06-16 16:29:16.386,17243,17244,17243,1
2021-06-16 16:29:16.443,17242,17243,17242,1
2021-06-16 16:29:16.473,17242,17243,17242,1
2021-06-16 16:29:16.523,17242,17243,17242,5
2021-06-16 16:29:16.585,17241,17243,17241,1
2021-06-16 16:29:16.756,17241,17243,17243,1
2021-06-16 16:29:16.903,17241,17243,17241,2
2021-06-16 16:29:21.003,17241,17244,17241,1
2021-06-16 16:29:21.269,17241,17244,17241,1
2021-06-16 16:29:36.433,17242,17243,17242,3
2021-06-16 16:29:37.286,17242,17243,17242,1
2021-06-16 16:29:40.862,17241,17243,17241,1
2021-06-16 16:29:41.565,17241,17242,17242,1
2021-06-16 16:29:43.146,17242,17243,17242,1
2021-06-16 16:29:48.271,17242,17243,17243,3
2021-06-16 16:29:48.271,17242,17243,17244,1
2021-06-16 16:29:55.788,17242,17244,17242,2
2021-06-16 16:29:59.772,17241,17242,17242,1
2021-06-16 16:30:02.812,17242,17244,17242,2
2021-06-16 16:30:03.246,17241,17243,17241,1
2021-06-16 16:30:03.310,17241,17243,17241,1
2021-06-16 16:30:03.402,17241,17243,17241,1
2021-06-16 16:30:03.508,17241,17243,17241,2
2021-06-16 16:30:03.560,17241,17243,17241,2
2021-06-16 16:30:03.574,17241,17243,17241,2
2021-06-16 16:30:03.852,17242,17243,17242,1
2021-06-16 16:30:03.869,17242,17243,17241,1
2021-06-16 16:30:03.879,17242,17243,17241,1
2021-06-16 16:30:03.885,17242,17243,17241,1
2021-06-16 16:30:03.891,17242,17243,17241,1
2021-06-16 16:30:04.619,17241,17243,17241,1
2021-06-16 16:30:07.336,17241,17243,17241,2
2021-06-16 16:30:10.281,17241,17242,17241,1
2021-06-16 16:30:10.308,17241,17242,17242,1
2021-06-16 16:30:13.085,17241,17242,17242,2
2021-06-16 16:30:15.049,17242,17243,17243,2
2021-06-16 16:30:25.639,17242,17243,17242,2
2021-06-16 16:30:25.709,17242,17243,17243,1
2021-06-16 16:30:29.562,17242,17243,17242,1
2021-06-16 16:30:30.466,17242,17243,17243,1
2021-06-16 16:30:30.467,17242,17243,17243,5
2021-06-16 16:30:33.424,17243,17244,17243,1
2021-06-16 16:30:33.748,17243,17244,17243,1
2021-06-16 16:30:34.024,17243,17244,17243,1
2021-06-16 16:30:42.567,17242,17244,17242,1
2021-06-16 16:30:48.988,17242,17243,17242,1
2021-06-16 16:30:49.061,17242,17243,17242,1
2021-06-16 16:30:53.237,17242,17243,17243,1
2021-06-16 16:30:57.058,17243,17244,17243,1
2021-06-16 16:30:58.558,17243,17244,17243,1
2021-06-16 16:31:03.304,17243,17244,17243,1
2021-06-16 16:31:03.479,17242,17243,17242,1
2021-06-16 16:31:04.604,17242,17244,17242,1
2021-06-16 16:31:07.574,17242,17244,17242,1
2021-06-16 16:31:12.282,17242,17244,17242,1
2021-06-16 16:31:17.852,17242,17244,17244,1
2021-06-16 16:31:18.164,17242,17244,17242,1
2021-06-16 16:31:21.193,17242,17244,17242,1
2021-06-16 16:31:21.521,17242,17244,17242,1
2021-06-16 16:31:21.566,17242,17244,17242,1
2021-06-16 16:31:21.593,17242,17244,17242,1
2021-06-16 16:31:21.615,17242,17244,17242,2
2021-06-16 16:31:26.596,17241,17244,17241,5
2021-06-16 16:31:26.966,17241,17244,17241,1
2021-06-16 16:31:27.017,17241,17244,17241,1
2021-06-16 16:31:27.023,17241,17244,17241,1
2021-06-16 16:31:27.050,17241,17244,17241,1
2021-06-16 16:31:27.756,17241,17243,17241,5
2021-06-16 16:31:30.944,17241,17243,17241,4
2021-06-16 16:31:35.589,17241,17242,17241,3
2021-06-16 16:31:36.157,17241,17242,17241,1
2021-06-16 16:31:36.280,17241,17242,17242,1
2021-06-16 16:31:38.408,17241,17243,17241,1
2021-06-16 16:31:44.017,17241,17243,17241,1
2021-06-16 16:31:45.090,17241,17243,17241,10
2021-06-16 16:31:46.598,17241,17243,17241,1
2021-06-16 16:31:47.671,17241,17243,17241,1
2021-06-16 16:31:50.000,17241,17242,17241,1
2021-06-16 16:31:50.001,17241,17242,17241,2
2021-06-16 16:31:52.635,17241,17242,17241,1
2021-06-16 16:31:56.229,17240,17241,17240,1
2021-06-16 16:32:00.515,17240,17241,17241,4
2021-06-16 16:32:00.558,17241,17242,17241,2
2021-06-16 16:32:03.587,17241,17242,17241,2
2021-06-16 16:32:07.443,17241,17242,17241,3
2021-06-16 16:32:07.443,17241,17242,17241,1
2021-06-16 16:32:07.444,17241,17242,17241,1
2021-06-16 16:32:08.349,17241,17242,17241,1
2021-06-16 16:32:08.351,17241,17242,17241,9
2021-06-16 16:32:08.815,17240,17242,17241,1
2021-06-16 16:32:08.816,17240,17242,17241,1
2021-06-16 16:32:08.816,17240,17242,17241,6
2021-06-16 16:32:08.816,17240,17242,17241,1
2021-06-16 16:32:08.816,17240,17242,17241,1
2021-06-16 16:32:11.425,17240,17242,17240,2
2021-06-16 16:32:13.341,17240,17242,17241,1
2021-06-16 16:32:14.690,17241,17242,17241,1
2021-06-16 16:32:14.690,17241,17242,17240,2
2021-06-16 16:32:16.258,17240,17242,17241,2
2021-06-16 16:32:17.987,17240,17242,17240,2
2021-06-16 16:32:20.288,17241,17242,17241,2
2021-06-16 16:32:21.133,17241,17242,17241,1
2021-06-16 16:32:21.142,17241,17242,17241,1
2021-06-16 16:32:26.044,17241,17242,17241,5
