2025-01-17 15:00:00.001,23224,23224,23224,106,0
2025-01-17 15:00:00.001,23218,23218,23218,2,-2
2025-01-17 15:00:00.001,23218,23218,23218,2,0
2025-01-17 15:00:00.001,23221,23221,23221,8,8
2025-01-17 15:00:00.001,23224,23224,23224,6,6
2025-01-17 15:00:00.001,23225,23225,23225,4,4
2025-01-17 15:00:00.001,23224,23224,23224,2,-2
2025-01-17 15:00:00.001,23224,23224,23224,2,0
2025-01-17 15:00:00.001,23222,23222,23222,2,-2
2025-01-17 15:00:00.001,23222,23222,23222,2,0
2025-01-17 15:00:00.001,23225,23225,23225,8,8
2025-01-17 15:00:00.001,23225,23225,23225,2,0
2025-01-17 15:00:00.001,23225,23225,23225,2,0
2025-01-17 15:00:00.001,23225,23225,23225,2,0
2025-01-17 15:00:00.001,23225,23225,23225,2,0
2025-01-17 15:00:00.001,23224,23224,23224,2,-2
2025-01-17 15:00:00.001,23224,23224,23224,2,0
2025-01-17 15:00:00.001,23225,23225,23225,2,2
2025-01-17 15:00:00.001,23226,23226,23226,2,2
2025-01-17 15:00:00.001,23226,23226,23226,4,0
2025-01-17 15:00:00.001,23226,23226,23226,4,0
2025-01-17 15:00:00.001,23226,23226,23226,8,0
2025-01-17 15:00:00.001,23226,23226,23226,8,0
2025-01-17 15:00:00.001,23227,23227,23227,4,4
2025-01-17 15:00:00.001,23225,23225,23225,2,-2
2025-01-17 15:00:00.001,23224,23224,23224,4,-4
2025-01-17 15:00:00.001,23228,23228,23228,2,2
2025-01-17 15:00:00.001,23228,23228,23228,2,0
2025-01-17 15:00:00.001,23225,23225,23225,2,-2
2025-01-17 15:00:00.001,23225,23225,23225,2,0
2025-01-17 15:00:00.001,23227,23227,23227,2,2
2025-01-17 15:00:00.001,23228,23228,23228,4,4
2025-01-17 15:00:00.001,23229,23229,23229,2,2
2025-01-17 15:00:00.001,23227,23227,23227,2,-2
2025-01-17 15:00:00.001,23229,23229,23229,2,2
2025-01-17 15:00:00.001,23230,23230,23230,2,2
2025-01-17 15:00:00.001,23225,23225,23225,2,-2
2025-01-17 15:00:00.001,23230,23230,23230,4,4
2025-01-17 15:00:00.001,23230,23230,23230,2,0
2025-01-17 15:00:00.001,23230,23230,23230,2,0
2025-01-17 15:00:00.001,23226,23226,23226,2,-2
2025-01-17 15:00:00.001,23225,23225,23225,2,-2
2025-01-17 15:00:00.001,23231,23231,23231,2,2
2025-01-17 15:00:00.001,23226,23226,23226,2,-2
2025-01-17 15:00:00.001,23226,23226,23226,2,0
2025-01-17 15:00:00.001,23231,23231,23231,2,2
2025-01-17 15:00:00.001,23226,23226,23226,2,-2
2025-01-17 15:00:00.001,23226,23226,23226,6,0
2025-01-17 15:00:00.001,23231,23231,23231,2,2
2025-01-17 15:00:00.001,23230,23230,23230,2,-2
2025-01-17 15:00:00.001,23230,23230,23230,2,0
2025-01-17 15:00:00.001,23231,23231,23231,2,2
2025-01-17 15:00:00.001,23227,23227,23227,2,-2
2025-01-17 15:00:00.001,23231,23231,23231,4,4
2025-01-17 15:00:00.001,23231,23231,23231,2,0
2025-01-17 15:00:00.001,23232,23232,23232,2,2
2025-01-17 15:00:00.001,23231,23231,23231,2,-2
2025-01-17 15:00:00.001,23228,23228,23228,2,-2
2025-01-17 15:00:00.001,23228,23228,23228,6,0
2025-01-17 15:00:00.001,23230,23230,23230,2,2
2025-01-17 15:00:01.001,23227,23227,23227,2,-2
2025-01-17 15:00:01.001,23230,23230,23230,4,4
2025-01-17 15:00:01.001,23231,23231,23231,2,2
2025-01-17 15:00:01.001,23232,23232,23232,2,2
2025-01-17 15:00:01.001,23233,23233,23233,2,2
2025-01-17 15:00:01.001,23229,23229,23229,2,-2
2025-01-17 15:00:01.001,23233,23233,23233,2,2
2025-01-17 15:00:01.001,23234,23234,23234,4,4
2025-01-17 15:00:01.001,23235,23235,23235,4,4
2025-01-17 15:00:01.001,23232,23232,23232,2,-2
2025-01-17 15:00:01.001,23235,23235,23235,4,4
2025-01-17 15:00:01.001,23232,23232,23232,2,-2
2025-01-17 15:00:01.001,23235,23235,23235,2,2
2025-01-17 15:00:01.001,23232,23232,23232,2,-2
2025-01-17 15:00:01.001,23235,23235,23235,2,2
2025-01-17 15:00:01.001,23232,23232,23232,2,-2
2025-01-17 15:00:01.001,23232,23232,23232,2,0
2025-01-17 15:00:01.001,23231,23231,23231,2,-2
2025-01-17 15:00:01.001,23231,23231,23231,2,0
2025-01-17 15:00:01.001,23229,23229,23229,2,-2
2025-01-17 15:00:01.001,23228,23228,23228,2,-2
2025-01-17 15:00:01.001,23224,23224,23224,2,-2
2025-01-17 15:00:01.001,23230,23230,23230,4,4
2025-01-17 15:00:01.001,23230,23230,23230,2,0
2025-01-17 15:00:02.001,23227,23227,23227,2,-2
2025-01-17 15:00:02.001,23224,23224,23224,2,-2
2025-01-17 15:00:02.001,23228,23228,23228,2,2
2025-01-17 15:00:02.001,23226,23226,23226,2,-2
2025-01-17 15:00:02.001,23223,23223,23223,2,-2
2025-01-17 15:00:02.001,23220,23220,23220,2,-2
2025-01-17 15:00:02.001,23220,23220,23220,2,0
2025-01-17 15:00:02.001,23221,23221,23221,2,2
2025-01-17 15:00:03.001,23221,23221,23221,2,0
2025-01-17 15:00:03.001,23219,23219,23219,2,-2
2025-01-17 15:00:04.001,23220,23220,23220,2,2
2025-01-17 15:00:04.001,23221,23221,23221,2,2
2025-01-17 15:00:05.001,23218,23218,23218,2,-2
2025-01-17 15:00:05.001,23218,23218,23218,2,0
2025-01-17 15:00:05.001,23217,23217,23217,2,-2
2025-01-17 15:00:05.001,23217,23217,23217,2,0
2025-01-17 15:00:05.001,23217,23217,23217,2,0
2025-01-17 15:00:05.001,23216,23216,23216,2,-2
2025-01-17 15:00:05.001,23215,23215,23215,2,-2
2025-01-17 15:00:05.001,23215,23215,23215,2,0
2025-01-17 15:00:05.001,23215,23215,23215,2,0
2025-01-17 15:00:06.001,23216,23216,23216,2,2
2025-01-17 15:00:06.001,23215,23215,23215,2,-2
2025-01-17 15:00:06.001,23216,23216,23216,2,2
2025-01-17 15:00:07.001,23213,23213,23213,2,-2
2025-01-17 15:00:07.001,23213,23213,23213,2,0
2025-01-17 15:00:07.001,23215,23215,23215,2,2
2025-01-17 15:00:07.001,23214,23214,23214,2,-2
2025-01-17 15:00:09.001,23220,23220,23220,2,2
2025-01-17 15:00:10.001,23219,23219,23219,2,-2
2025-01-17 15:00:10.001,23217,23217,23217,2,-2
2025-01-17 15:00:10.001,23216,23216,23216,2,-2
2025-01-17 15:00:10.001,23218,23218,23218,2,2
2025-01-17 15:00:12.001,23219,23219,23219,2,2
2025-01-17 15:00:13.001,23217,23217,23217,2,-2
2025-01-17 15:00:13.001,23215,23215,23215,2,-2
2025-01-17 15:00:13.001,23215,23215,23215,2,0
2025-01-17 15:00:13.001,23214,23214,23214,2,-2
2025-01-17 15:00:14.001,23217,23217,23217,2,2
2025-01-17 15:00:15.001,23219,23219,23219,2,2
2025-01-17 15:00:15.001,23219,23219,23219,2,0
2025-01-17 15:00:15.001,23219,23219,23219,4,0
2025-01-17 15:00:15.001,23220,23220,23220,2,2
2025-01-17 15:00:16.001,23220,23220,23220,2,0
2025-01-17 15:00:17.001,23221,23221,23221,4,4
2025-01-17 15:00:17.001,23223,23223,23223,6,6
2025-01-17 15:00:17.001,23223,23223,23223,2,0
2025-01-17 15:00:17.001,23221,23221,23221,2,-2
2025-01-17 15:00:18.001,23220,23220,23220,2,-2
2025-01-17 15:00:18.001,23223,23223,23223,2,2
2025-01-17 15:00:18.001,23220,23220,23220,2,-2
2025-01-17 15:00:19.001,23220,23220,23220,2,0
2025-01-17 15:00:19.001,23220,23220,23220,2,0
2025-01-17 15:00:19.001,23220,23220,23220,2,0
2025-01-17 15:00:21.001,23220,23220,23220,2,0
2025-01-17 15:00:21.001,23222,23222,23222,2,2
2025-01-17 15:00:21.001,23223,23223,23223,2,2
2025-01-17 15:00:22.001,23223,23223,23223,2,0
2025-01-17 15:00:22.001,23224,23224,23224,2,2
2025-01-17 15:00:22.001,23222,23222,23222,2,-2
2025-01-17 15:00:22.001,23224,23224,23224,2,2
2025-01-17 15:00:22.001,23224,23224,23224,2,0
2025-01-17 15:00:24.001,23224,23224,23224,2,0
2025-01-17 15:00:24.001,23225,23225,23225,2,2
2025-01-17 15:00:24.001,23225,23225,23225,2,0
2025-01-17 15:00:24.001,23226,23226,23226,2,2
2025-01-17 15:00:25.001,23224,23224,23224,2,-2
2025-01-17 15:00:26.001,23223,23223,23223,2,-2
2025-01-17 15:00:26.001,23223,23223,23223,2,0
2025-01-17 15:00:29.001,23224,23224,23224,4,4
2025-01-17 15:00:29.001,23224,23224,23224,6,0
2025-01-17 15:00:29.001,23224,23224,23224,2,0
2025-01-17 15:00:30.001,23225,23225,23225,2,2
2025-01-17 15:00:30.001,23225,23225,23225,2,0
2025-01-17 15:00:30.001,23223,23223,23223,2,-2
2025-01-17 15:00:31.001,23225,23225,23225,2,2
2025-01-17 15:00:31.001,23224,23224,23224,2,-2
2025-01-17 15:00:32.001,23224,23224,23224,2,0
2025-01-17 15:00:34.001,23225,23225,23225,10,10
2025-01-17 15:00:34.001,23226,23226,23226,2,2
2025-01-17 15:00:34.001,23227,23227,23227,2,2
2025-01-17 15:00:34.001,23228,23228,23228,6,6
2025-01-17 15:00:34.001,23227,23227,23227,2,-2
2025-01-17 15:00:34.001,23226,23226,23226,2,-2
2025-01-17 15:00:34.001,23228,23228,23228,4,4
2025-01-17 15:00:35.001,23226,23226,23226,2,-2
2025-01-17 15:00:35.001,23226,23226,23226,2,0
2025-01-17 15:00:35.001,23226,23226,23226,2,0
2025-01-17 15:00:35.001,23225,23225,23225,2,-2
2025-01-17 15:00:35.001,23225,23225,23225,2,0
2025-01-17 15:00:35.001,23224,23224,23224,2,-2
2025-01-17 15:00:35.001,23224,23224,23224,2,0
2025-01-17 15:00:35.001,23224,23224,23224,2,0
2025-01-17 15:00:35.001,23224,23224,23224,4,0
2025-01-17 15:00:37.001,23224,23224,23224,2,0
2025-01-17 15:00:38.001,23224,23224,23224,2,0
2025-01-17 15:00:39.001,23224,23224,23224,2,0
2025-01-17 15:00:41.001,23223,23223,23223,2,-2
2025-01-17 15:00:42.001,23226,23226,23226,2,2
2025-01-17 15:00:43.001,23227,23227,23227,2,2
2025-01-17 15:00:44.001,23224,23224,23224,2,-2
2025-01-17 15:00:45.001,23224,23224,23224,4,0
2025-01-17 15:00:46.001,23224,23224,23224,2,0
2025-01-17 15:00:51.001,23223,23223,23223,2,-2
2025-01-17 15:00:51.001,23222,23222,23222,2,-2
2025-01-17 15:00:51.001,23225,23225,23225,2,2
2025-01-17 15:00:55.001,23224,23224,23224,2,-2
2025-01-17 15:00:55.001,23225,23225,23225,2,2
2025-01-17 15:00:59.001,23225,23225,23225,4,0
2025-01-17 15:00:59.001,23226,23226,23226,6,6
2025-01-17 15:00:59.001,23227,23227,23227,2,2
2025-01-17 15:00:59.001,23227,23227,23227,2,0
2025-01-17 15:01:00.001,23227,23227,23227,6,0
2025-01-17 15:01:00.001,23227,23227,23227,12,0
2025-01-17 15:01:00.001,23228,23228,23228,6,6
2025-01-17 15:01:00.001,23229,23229,23229,4,4
2025-01-17 15:01:00.001,23229,23229,23229,2,0
2025-01-17 15:01:00.001,23230,23230,23230,2,2
2025-01-17 15:01:00.001,23230,23230,23230,2,0
2025-01-17 15:01:00.001,23230,23230,23230,2,0
2025-01-17 15:01:00.001,23230,23230,23230,2,0
2025-01-17 15:01:00.001,23230,23230,23230,4,0
2025-01-17 15:01:00.001,23230,23230,23230,6,0
2025-01-17 15:01:00.001,23231,23231,23231,4,4
2025-01-17 15:01:00.001,23232,23232,23232,2,2
2025-01-17 15:01:00.001,23232,23232,23232,2,0
2025-01-17 15:01:00.001,23233,23233,23233,2,2
2025-01-17 15:01:00.001,23234,23234,23234,2,2
2025-01-17 15:01:00.001,23235,23235,23235,2,2
2025-01-17 15:01:00.001,23235,23235,23235,2,0
2025-01-17 15:01:00.001,23235,23235,23235,4,0
2025-01-17 15:01:00.001,23236,23236,23236,2,2
2025-01-17 15:01:00.001,23236,23236,23236,2,0
2025-01-17 15:01:00.001,23237,23237,23237,8,8
2025-01-17 15:01:00.001,23238,23238,23238,2,2
2025-01-17 15:01:00.001,23238,23238,23238,6,0
2025-01-17 15:01:00.001,23239,23239,23239,4,4
2025-01-17 15:01:00.001,23239,23239,23239,4,0
2025-01-17 15:01:00.001,23238,23238,23238,2,-2
2025-01-17 15:01:00.001,23240,23240,23240,2,2
2025-01-17 15:01:00.001,23239,23239,23239,2,-2
2025-01-17 15:01:00.001,23239,23239,23239,2,0
2025-01-17 15:01:00.001,23239,23239,23239,2,0
2025-01-17 15:01:00.001,23239,23239,23239,2,0
2025-01-17 15:01:00.001,23237,23237,23237,2,-2
2025-01-17 15:01:00.001,23237,23237,23237,2,0
2025-01-17 15:01:00.001,23236,23236,23236,2,-2
2025-01-17 15:01:00.001,23236,23236,23236,2,0
2025-01-17 15:01:00.001,23235,23235,23235,2,-2
2025-01-17 15:01:00.001,23235,23235,23235,2,0
2025-01-17 15:01:00.001,23235,23235,23235,2,0
2025-01-17 15:01:00.001,23238,23238,23238,2,2
2025-01-17 15:01:00.001,23239,23239,23239,4,4
2025-01-17 15:01:00.001,23240,23240,23240,2,2
2025-01-17 15:01:00.001,23240,23240,23240,2,0
2025-01-17 15:01:00.001,23240,23240,23240,2,0
2025-01-17 15:01:00.001,23241,23241,23241,10,10
2025-01-17 15:01:00.001,23242,23242,23242,2,2
2025-01-17 15:01:00.001,23242,23242,23242,2,0
2025-01-17 15:01:00.001,23241,23241,23241,4,-4
2025-01-17 15:01:00.001,23241,23241,23241,2,0
2025-01-17 15:01:00.001,23243,23243,23243,2,2
2025-01-17 15:01:00.001,23241,23241,23241,2,-2
2025-01-17 15:01:00.001,23243,23243,23243,2,2
2025-01-17 15:01:00.001,23241,23241,23241,4,-4
2025-01-17 15:01:00.001,23241,23241,23241,2,0
2025-01-17 15:01:00.001,23241,23241,23241,4,0
2025-01-17 15:01:00.001,23241,23241,23241,2,0
2025-01-17 15:01:00.001,23241,23241,23241,14,0
2025-01-17 15:01:00.001,23240,23240,23240,4,-4
2025-01-17 15:01:00.001,23240,23240,23240,2,0
2025-01-17 15:01:00.001,23242,23242,23242,4,4
2025-01-17 15:01:00.001,23243,23243,23243,4,4
2025-01-17 15:01:00.001,23238,23238,23238,2,-2
2025-01-17 15:01:00.001,23237,23237,23237,2,-2
2025-01-17 15:01:00.001,23236,23236,23236,2,-2
2025-01-17 15:01:00.001,23236,23236,23236,2,0
2025-01-17 15:01:00.001,23240,23240,23240,4,4
2025-01-17 15:01:00.001,23241,23241,23241,8,8
2025-01-17 15:01:00.001,23239,23239,23239,4,-4
2025-01-17 15:01:00.001,23242,23242,23242,4,4
2025-01-17 15:01:00.001,23243,23243,23243,2,2
2025-01-17 15:01:00.001,23244,23244,23244,6,6
2025-01-17 15:01:00.001,23243,23243,23243,2,-2
2025-01-17 15:01:00.001,23242,23242,23242,2,-2
2025-01-17 15:01:00.001,23243,23243,23243,2,2
2025-01-17 15:01:00.001,23243,23243,23243,2,0
2025-01-17 15:01:00.001,23244,23244,23244,2,2
2025-01-17 15:01:01.001,23243,23243,23243,2,-2
2025-01-17 15:01:01.001,23243,23243,23243,6,0
2025-01-17 15:01:01.001,23244,23244,23244,78,78
2025-01-17 15:01:01.001,23243,23243,23243,2,-2
2025-01-17 15:01:01.001,23243,23243,23243,2,0
2025-01-17 15:01:01.001,23244,23244,23244,2,2
2025-01-17 15:01:01.001,23245,23245,23245,2,2
2025-01-17 15:01:01.001,23245,23245,23245,2,0
2025-01-17 15:01:01.001,23246,23246,23246,2,2
2025-01-17 15:01:01.001,23246,23246,23246,2,0
2025-01-17 15:01:01.001,23247,23247,23247,2,2
2025-01-17 15:01:01.001,23243,23243,23243,2,-2
2025-01-17 15:01:01.001,23244,23244,23244,6,6
2025-01-17 15:01:01.001,23239,23239,23239,2,-2
2025-01-17 15:01:01.001,23241,23241,23241,4,4
2025-01-17 15:01:01.001,23242,23242,23242,4,4
2025-01-17 15:01:01.001,23238,23238,23238,2,-2
2025-01-17 15:01:01.001,23240,23240,23240,6,6
2025-01-17 15:01:01.001,23241,23241,23241,2,2
2025-01-17 15:01:02.001,23237,23237,23237,2,-2
2025-01-17 15:01:02.001,23237,23237,23237,2,0
2025-01-17 15:01:02.001,23234,23234,23234,2,-2
2025-01-17 15:01:02.001,23233,23233,23233,2,-2
2025-01-17 15:01:02.001,23233,23233,23233,2,0
2025-01-17 15:01:02.001,23232,23232,23232,2,-2
2025-01-17 15:01:02.001,23236,23236,23236,2,2
2025-01-17 15:01:02.001,23236,23236,23236,2,0
2025-01-17 15:01:03.001,23237,23237,23237,2,2
2025-01-17 15:01:04.001,23234,23234,23234,2,-2
2025-01-17 15:01:04.001,23234,23234,23234,2,0
2025-01-17 15:01:04.001,23233,23233,23233,2,-2
2025-01-17 15:01:04.001,23231,23231,23231,2,-2
2025-01-17 15:01:04.001,23231,23231,23231,2,0
2025-01-17 15:01:05.001,23233,23233,23233,2,2
2025-01-17 15:01:05.001,23230,23230,23230,2,-2
2025-01-17 15:01:05.001,23233,23233,23233,2,2
2025-01-17 15:01:05.001,23234,23234,23234,2,2
2025-01-17 15:01:05.001,23234,23234,23234,2,0
2025-01-17 15:01:05.001,23235,23235,23235,2,2
2025-01-17 15:01:08.001,23233,23233,23233,2,-2
2025-01-17 15:01:10.001,23232,23232,23232,2,-2
2025-01-17 15:01:10.001,23235,23235,23235,2,2
2025-01-17 15:01:10.001,23235,23235,23235,2,0
2025-01-17 15:01:10.001,23236,23236,23236,2,2
2025-01-17 15:01:10.001,23236,23236,23236,2,0
2025-01-17 15:01:10.001,23237,23237,23237,2,2
2025-01-17 15:01:11.001,23234,23234,23234,2,-2
2025-01-17 15:01:11.001,23235,23235,23235,2,2
2025-01-17 15:01:11.001,23233,23233,23233,2,-2
2025-01-17 15:01:12.001,23234,23234,23234,2,2
2025-01-17 15:01:13.001,23232,23232,23232,4,-4
2025-01-17 15:01:13.001,23231,23231,23231,2,-2
2025-01-17 15:01:15.001,23232,23232,23232,2,2
2025-01-17 15:01:15.001,23232,23232,23232,2,0
2025-01-17 15:01:15.001,23232,23232,23232,2,0
2025-01-17 15:01:15.001,23231,23231,23231,2,-2
2025-01-17 15:01:15.001,23231,23231,23231,2,0
2025-01-17 15:01:17.001,23234,23234,23234,8,8
2025-01-17 15:01:17.001,23232,23232,23232,2,-2
2025-01-17 15:01:17.001,23231,23231,23231,2,-2
2025-01-17 15:01:18.001,23233,23233,23233,2,2
2025-01-17 15:01:18.001,23234,23234,23234,2,2
2025-01-17 15:01:18.001,23235,23235,23235,2,2
2025-01-17 15:01:18.001,23235,23235,23235,2,0
2025-01-17 15:01:18.001,23235,23235,23235,2,0
2025-01-17 15:01:18.001,23235,23235,23235,2,0
2025-01-17 15:01:18.001,23236,23236,23236,2,2
2025-01-17 15:01:18.001,23236,23236,23236,2,0
2025-01-17 15:01:18.001,23233,23233,23233,2,-2
2025-01-17 15:01:19.001,23232,23232,23232,2,-2
2025-01-17 15:01:20.001,23231,23231,23231,2,-2
2025-01-17 15:01:20.001,23231,23231,23231,2,0
2025-01-17 15:01:22.001,23231,23231,23231,2,0
2025-01-17 15:01:22.001,23230,23230,23230,4,-4
2025-01-17 15:01:23.001,23231,23231,23231,2,2
2025-01-17 15:01:27.001,23232,23232,23232,2,2
2025-01-17 15:01:28.001,23230,23230,23230,2,-2
2025-01-17 15:01:28.001,23231,23231,23231,2,2
2025-01-17 15:01:28.001,23231,23231,23231,2,0
2025-01-17 15:01:28.001,23232,23232,23232,2,2
2025-01-17 15:01:28.001,23233,23233,23233,2,2
2025-01-17 15:01:29.001,23232,23232,23232,2,-2
2025-01-17 15:01:29.001,23233,23233,23233,2,2
2025-01-17 15:01:30.001,23235,23235,23235,4,4
2025-01-17 15:01:30.001,23236,23236,23236,4,4
2025-01-17 15:01:30.001,23236,23236,23236,6,0
2025-01-17 15:01:30.001,23237,23237,23237,4,4
2025-01-17 15:01:30.001,23234,23234,23234,2,-2
2025-01-17 15:01:30.001,23237,23237,23237,2,2
2025-01-17 15:01:31.001,23234,23234,23234,2,-2
2025-01-17 15:01:32.001,23235,23235,23235,2,2
2025-01-17 15:01:33.001,23234,23234,23234,2,-2
2025-01-17 15:01:37.001,23237,23237,23237,2,2
2025-01-17 15:01:42.001,23234,23234,23234,2,-2
2025-01-17 15:01:42.001,23235,23235,23235,2,2
2025-01-17 15:01:42.001,23236,23236,23236,2,2
2025-01-17 15:01:42.001,23236,23236,23236,2,0
2025-01-17 15:01:45.001,23235,23235,23235,6,-6
2025-01-17 15:01:47.001,23235,23235,23235,2,0
2025-01-17 15:01:47.001,23236,23236,23236,2,2
2025-01-17 15:01:50.001,23234,23234,23234,2,-2
2025-01-17 15:01:50.001,23236,23236,23236,2,2
2025-01-17 15:01:51.001,23236,23236,23236,10,0
2025-01-17 15:01:51.001,23237,23237,23237,2,2
2025-01-17 15:01:52.001,23236,23236,23236,2,-2
2025-01-17 15:01:54.001,23236,23236,23236,2,0
2025-01-17 15:01:54.001,23237,23237,23237,2,2
2025-01-17 15:01:55.001,23238,23238,23238,10,10
2025-01-17 15:01:55.001,23240,23240,23240,8,8
2025-01-17 15:01:55.001,23240,23240,23240,2,0
2025-01-17 15:01:55.001,23239,23239,23239,2,-2
2025-01-17 15:01:55.001,23239,23239,23239,2,0
2025-01-17 15:01:55.001,23238,23238,23238,2,-2
2025-01-17 15:01:55.001,23241,23241,23241,6,6
2025-01-17 15:01:55.001,23242,23242,23242,8,8
2025-01-17 15:01:55.001,23243,23243,23243,8,8
2025-01-17 15:01:56.001,23239,23239,23239,2,-2
2025-01-17 15:01:57.001,23240,23240,23240,4,4
2025-01-17 15:01:57.001,23241,23241,23241,2,2
2025-01-17 15:02:00.001,23240,23240,23240,2,-2
2025-01-17 15:02:00.001,23242,23242,23242,2,2
2025-01-17 15:02:00.001,23242,23242,23242,2,0
2025-01-17 15:02:00.001,23242,23242,23242,2,0
2025-01-17 15:02:00.001,23242,23242,23242,2,0
2025-01-17 15:02:00.001,23241,23241,23241,2,-2
2025-01-17 15:02:00.001,23240,23240,23240,2,-2
2025-01-17 15:02:00.001,23242,23242,23242,2,2
2025-01-17 15:02:00.001,23242,23242,23242,2,0
2025-01-17 15:02:02.001,23241,23241,23241,2,-2
2025-01-17 15:02:02.001,23241,23241,23241,2,0
2025-01-17 15:02:02.001,23241,23241,23241,2,0
2025-01-17 15:02:02.001,23238,23238,23238,2,-2
2025-01-17 15:02:02.001,23240,23240,23240,2,2
2025-01-17 15:02:02.001,23240,23240,23240,2,0
2025-01-17 15:02:02.001,23240,23240,23240,2,0
2025-01-17 15:02:02.001,23241,23241,23241,2,2
2025-01-17 15:02:02.001,23241,23241,23241,2,0
2025-01-17 15:02:02.001,23242,23242,23242,2,2
2025-01-17 15:02:05.001,23241,23241,23241,2,-2
2025-01-17 15:02:06.001,23238,23238,23238,2,-2
2025-01-17 15:02:08.001,23240,23240,23240,4,4
2025-01-17 15:02:08.001,23240,23240,23240,2,0
2025-01-17 15:02:09.001,23237,23237,23237,2,-2
2025-01-17 15:02:10.001,23236,23236,23236,2,-2
2025-01-17 15:02:10.001,23236,23236,23236,2,0
2025-01-17 15:02:10.001,23236,23236,23236,2,0
2025-01-17 15:02:10.001,23235,23235,23235,2,-2
2025-01-17 15:02:10.001,23234,23234,23234,2,-2
2025-01-17 15:02:10.001,23235,23235,23235,2,2
2025-01-17 15:02:11.001,23235,23235,23235,2,0
2025-01-17 15:02:11.001,23238,23238,23238,2,2
2025-01-17 15:02:11.001,23236,23236,23236,2,-2
2025-01-17 15:02:11.001,23236,23236,23236,2,0
2025-01-17 15:02:11.001,23236,23236,23236,2,0
2025-01-17 15:02:12.001,23235,23235,23235,2,-2
2025-01-17 15:02:12.001,23234,23234,23234,2,-2
2025-01-17 15:02:15.001,23233,23233,23233,2,-2
2025-01-17 15:02:15.001,23233,23233,23233,2,0
2025-01-17 15:02:15.001,23235,23235,23235,2,2
2025-01-17 15:02:19.001,23235,23235,23235,6,0
2025-01-17 15:02:20.001,23238,23238,23238,2,2
2025-01-17 15:02:20.001,23238,23238,23238,2,0
2025-01-17 15:02:20.001,23238,23238,23238,2,0
2025-01-17 15:02:20.001,23238,23238,23238,2,0
2025-01-17 15:02:20.001,23238,23238,23238,2,0
2025-01-17 15:02:20.001,23239,23239,23239,2,2
2025-01-17 15:02:20.001,23239,23239,23239,2,0
2025-01-17 15:02:20.001,23239,23239,23239,2,0
2025-01-17 15:02:20.001,23239,23239,23239,2,0
2025-01-17 15:02:20.001,23239,23239,23239,2,0
2025-01-17 15:02:20.001,23239,23239,23239,2,0
2025-01-17 15:02:20.001,23240,23240,23240,2,2
2025-01-17 15:02:20.001,23240,23240,23240,2,0
2025-01-17 15:02:20.001,23240,23240,23240,2,0
2025-01-17 15:02:20.001,23240,23240,23240,2,0
2025-01-17 15:02:20.001,23240,23240,23240,2,0
2025-01-17 15:02:20.001,23240,23240,23240,2,0
2025-01-17 15:02:20.001,23240,23240,23240,2,0
2025-01-17 15:02:21.001,23239,23239,23239,2,-2
2025-01-17 15:02:21.001,23240,23240,23240,2,2
2025-01-17 15:02:21.001,23241,23241,23241,12,12
2025-01-17 15:02:21.001,23242,23242,23242,6,6
2025-01-17 15:02:21.001,23239,23239,23239,2,-2
2025-01-17 15:02:21.001,23239,23239,23239,2,0
2025-01-17 15:02:21.001,23238,23238,23238,2,-2
2025-01-17 15:02:24.001,23238,23238,23238,2,0
2025-01-17 15:02:25.001,23236,23236,23236,2,-2
2025-01-17 15:02:25.001,23235,23235,23235,2,-2
2025-01-17 15:02:25.001,23235,23235,23235,2,0
2025-01-17 15:02:25.001,23235,23235,23235,2,0
2025-01-17 15:02:25.001,23235,23235,23235,2,0
2025-01-17 15:02:26.001,23237,23237,23237,2,2
2025-01-17 15:02:28.001,23236,23236,23236,2,-2
2025-01-17 15:02:28.001,23238,23238,23238,2,2
2025-01-17 15:02:31.001,23238,23238,23238,2,0
2025-01-17 15:02:33.001,23235,23235,23235,2,-2
2025-01-17 15:02:33.001,23235,23235,23235,2,0
2025-01-17 15:02:33.001,23235,23235,23235,2,0
2025-01-17 15:02:34.001,23235,23235,23235,10,0
2025-01-17 15:02:34.001,23234,23234,23234,2,-2
2025-01-17 15:02:35.001,23233,23233,23233,2,-2
2025-01-17 15:02:36.001,23233,23233,23233,2,0
2025-01-17 15:02:36.001,23235,23235,23235,2,2
2025-01-17 15:02:41.001,23235,23235,23235,4,0
2025-01-17 15:02:41.001,23233,23233,23233,2,-2
2025-01-17 15:02:45.001,23232,23232,23232,2,-2
2025-01-17 15:02:45.001,23232,23232,23232,2,0
2025-01-17 15:02:45.001,23232,23232,23232,2,0
2025-01-17 15:02:45.001,23231,23231,23231,4,-4
2025-01-17 15:02:46.001,23231,23231,23231,2,0
2025-01-17 15:02:47.001,23230,23230,23230,2,-2
2025-01-17 15:02:47.001,23230,23230,23230,2,0
2025-01-17 15:02:51.001,23231,23231,23231,2,2
2025-01-17 15:02:53.001,23232,23232,23232,2,2
2025-01-17 15:02:53.001,23233,23233,23233,4,4
2025-01-17 15:02:58.001,23233,23233,23233,2,0
2025-01-17 15:03:00.001,23234,23234,23234,2,2
2025-01-17 15:03:03.001,23231,23231,23231,2,-2
2025-01-17 15:03:03.001,23230,23230,23230,2,-2
2025-01-17 15:03:03.001,23230,23230,23230,2,0
2025-01-17 15:03:03.001,23230,23230,23230,2,0
2025-01-17 15:03:03.001,23230,23230,23230,2,0
2025-01-17 15:03:03.001,23230,23230,23230,8,0
2025-01-17 15:03:03.001,23230,23230,23230,2,0
2025-01-17 15:03:03.001,23230,23230,23230,2,0
2025-01-17 15:03:03.001,23230,23230,23230,4,0
2025-01-17 15:03:03.001,23230,23230,23230,2,0
2025-01-17 15:03:03.001,23230,23230,23230,4,0
2025-01-17 15:03:03.001,23230,23230,23230,18,0
2025-01-17 15:03:03.001,23230,23230,23230,2,0
2025-01-17 15:03:04.001,23230,23230,23230,2,0
2025-01-17 15:03:06.001,23230,23230,23230,2,0
2025-01-17 15:03:09.001,23230,23230,23230,2,0
2025-01-17 15:03:10.001,23230,23230,23230,2,0
2025-01-17 15:03:12.001,23232,23232,23232,2,2
2025-01-17 15:03:12.001,23232,23232,23232,2,0
2025-01-17 15:03:17.001,23232,23232,23232,2,0
2025-01-17 15:03:17.001,23232,23232,23232,4,0
2025-01-17 15:03:17.001,23232,23232,23232,2,0
2025-01-17 15:03:17.001,23232,23232,23232,2,0
2025-01-17 15:03:24.001,23232,23232,23232,4,0
2025-01-17 15:03:24.001,23234,23234,23234,2,2
2025-01-17 15:03:26.001,23231,23231,23231,2,-2
2025-01-17 15:03:32.001,23230,23230,23230,2,-2
2025-01-17 15:03:32.001,23230,23230,23230,2,0
2025-01-17 15:03:32.001,23231,23231,23231,2,2
2025-01-17 15:03:32.001,23231,23231,23231,2,0
2025-01-17 15:03:32.001,23231,23231,23231,4,0
2025-01-17 15:03:34.001,23230,23230,23230,4,-4
2025-01-17 15:03:36.001,23230,23230,23230,2,0
2025-01-17 15:03:36.001,23230,23230,23230,2,0
2025-01-17 15:03:36.001,23230,23230,23230,2,0
2025-01-17 15:03:37.001,23230,23230,23230,2,0
2025-01-17 15:03:37.001,23229,23229,23229,2,-2
2025-01-17 15:03:37.001,23229,23229,23229,80,0
2025-01-17 15:03:37.001,23229,23229,23229,4,0
2025-01-17 15:03:37.001,23229,23229,23229,2,0
2025-01-17 15:03:37.001,23228,23228,23228,2,-2
2025-01-17 15:03:37.001,23228,23228,23228,2,0
2025-01-17 15:03:37.001,23228,23228,23228,8,0
2025-01-17 15:03:37.001,23228,23228,23228,2,0
2025-01-17 15:03:37.001,23227,23227,23227,2,-2
2025-01-17 15:03:37.001,23226,23226,23226,2,-2
2025-01-17 15:03:37.001,23226,23226,23226,2,0
2025-01-17 15:03:37.001,23225,23225,23225,2,-2
2025-01-17 15:03:37.001,23227,23227,23227,2,2
2025-01-17 15:03:37.001,23228,23228,23228,2,2
2025-01-17 15:03:37.001,23228,23228,23228,2,0
2025-01-17 15:03:42.001,23228,23228,23228,2,0
2025-01-17 15:03:43.001,23227,23227,23227,2,-2
2025-01-17 15:03:43.001,23227,23227,23227,4,0
2025-01-17 15:03:45.001,23226,23226,23226,2,-2
2025-01-17 15:03:46.001,23228,23228,23228,2,2
2025-01-17 15:03:48.001,23225,23225,23225,2,-2
2025-01-17 15:03:49.001,23225,23225,23225,2,0
2025-01-17 15:03:49.001,23225,23225,23225,2,0
2025-01-17 15:03:49.001,23225,23225,23225,2,0
2025-01-17 15:03:49.001,23224,23224,23224,2,-2
2025-01-17 15:03:49.001,23224,23224,23224,2,0
2025-01-17 15:03:49.001,23223,23223,23223,2,-2
2025-01-17 15:03:49.001,23223,23223,23223,2,0
2025-01-17 15:03:49.001,23223,23223,23223,2,0
2025-01-17 15:03:49.001,23222,23222,23222,20,-20
2025-01-17 15:03:49.001,23222,23222,23222,2,0
2025-01-17 15:03:49.001,23222,23222,23222,2,0
2025-01-17 15:03:49.001,23222,23222,23222,2,0
2025-01-17 15:03:51.001,23222,23222,23222,2,0
2025-01-17 15:03:52.001,23220,23220,23220,2,-2
2025-01-17 15:03:52.001,23220,23220,23220,2,0
2025-01-17 15:03:52.001,23220,23220,23220,2,0
2025-01-17 15:03:52.001,23220,23220,23220,2,0
2025-01-17 15:03:54.001,23220,23220,23220,2,0
2025-01-17 15:03:55.001,23216,23216,23216,2,-2
2025-01-17 15:03:56.001,23216,23216,23216,2,0
2025-01-17 15:04:01.001,23217,23217,23217,2,2
2025-01-17 15:04:01.001,23219,23219,23219,2,2
2025-01-17 15:04:01.001,23219,23219,23219,2,0
2025-01-17 15:04:04.001,23220,23220,23220,2,2
2025-01-17 15:04:06.001,23218,23218,23218,2,-2
2025-01-17 15:04:10.001,23217,23217,23217,2,-2
2025-01-17 15:04:10.001,23217,23217,23217,2,0
2025-01-17 15:04:10.001,23216,23216,23216,2,-2
2025-01-17 15:04:10.001,23216,23216,23216,2,0
2025-01-17 15:04:10.001,23216,23216,23216,4,0
2025-01-17 15:04:10.001,23217,23217,23217,10,10
2025-01-17 15:04:10.001,23215,23215,23215,2,-2
2025-01-17 15:04:11.001,23214,23214,23214,2,-2
2025-01-17 15:04:11.001,23214,23214,23214,2,0
2025-01-17 15:04:12.001,23214,23214,23214,2,0
2025-01-17 15:04:14.001,23217,23217,23217,2,2
2025-01-17 15:04:14.001,23214,23214,23214,2,-2
2025-01-17 15:04:14.001,23214,23214,23214,8,0
2025-01-17 15:04:14.001,23214,23214,23214,2,0
2025-01-17 15:04:14.001,23214,23214,23214,2,0
2025-01-17 15:04:14.001,23213,23213,23213,2,-2
2025-01-17 15:04:15.001,23215,23215,23215,4,4
2025-01-17 15:04:16.001,23215,23215,23215,2,0
2025-01-17 15:04:20.001,23217,23217,23217,2,2
2025-01-17 15:04:21.001,23215,23215,23215,2,-2
2025-01-17 15:04:21.001,23215,23215,23215,2,0
2025-01-17 15:04:23.001,23214,23214,23214,2,-2
2025-01-17 15:04:24.001,23214,23214,23214,2,0
2025-01-17 15:04:25.001,23215,23215,23215,2,2
2025-01-17 15:04:25.001,23215,23215,23215,2,0
2025-01-17 15:04:25.001,23216,23216,23216,2,2
2025-01-17 15:04:29.001,23215,23215,23215,6,-6
2025-01-17 15:04:30.001,23217,23217,23217,2,2
2025-01-17 15:04:31.001,23214,23214,23214,2,-2
2025-01-17 15:04:33.001,23214,23214,23214,2,0
2025-01-17 15:04:34.001,23214,23214,23214,2,0
2025-01-17 15:04:34.001,23214,23214,23214,2,0
2025-01-17 15:04:36.001,23214,23214,23214,2,0
2025-01-17 15:04:37.001,23214,23214,23214,2,0
2025-01-17 15:04:39.001,23215,23215,23215,2,2
2025-01-17 15:04:39.001,23215,23215,23215,2,0
2025-01-17 15:04:41.001,23216,23216,23216,2,2
2025-01-17 15:04:41.001,23216,23216,23216,2,0
2025-01-17 15:04:41.001,23216,23216,23216,2,0
2025-01-17 15:04:41.001,23216,23216,23216,2,0
2025-01-17 15:04:42.001,23220,23220,23220,2,2
2025-01-17 15:04:43.001,23220,23220,23220,2,0
2025-01-17 15:04:43.001,23220,23220,23220,6,0
2025-01-17 15:04:43.001,23221,23221,23221,8,8
2025-01-17 15:04:43.001,23222,23222,23222,8,8
2025-01-17 15:04:45.001,23220,23220,23220,2,-2
2025-01-17 15:04:47.001,23219,23219,23219,2,-2
2025-01-17 15:04:55.001,23218,23218,23218,2,-2
2025-01-17 15:05:00.001,23221,23221,23221,2,2
2025-01-17 15:05:00.001,23221,23221,23221,2,0
2025-01-17 15:05:00.001,23222,23222,23222,2,2
2025-01-17 15:05:00.001,23223,23223,23223,6,6
2025-01-17 15:05:00.001,23224,23224,23224,14,14
2025-01-17 15:05:00.001,23224,23224,23224,6,0
2025-01-17 15:05:00.001,23222,23222,23222,2,-2
2025-01-17 15:05:01.001,23224,23224,23224,2,2
2025-01-17 15:05:01.001,23224,23224,23224,10,0
2025-01-17 15:05:01.001,23221,23221,23221,2,-2
2025-01-17 15:05:01.001,23224,23224,23224,4,4
2025-01-17 15:05:01.001,23224,23224,23224,2,0
2025-01-17 15:05:01.001,23222,23222,23222,2,-2
2025-01-17 15:05:03.001,23222,23222,23222,2,0
2025-01-17 15:05:04.001,23222,23222,23222,2,0
2025-01-17 15:05:04.001,23220,23220,23220,2,-2
2025-01-17 15:05:04.001,23220,23220,23220,4,0
2025-01-17 15:05:04.001,23219,23219,23219,2,-2
2025-01-17 15:05:04.001,23219,23219,23219,2,0
2025-01-17 15:05:04.001,23218,23218,23218,2,-2
2025-01-17 15:05:04.001,23218,23218,23218,2,0
2025-01-17 15:05:04.001,23218,23218,23218,2,0
2025-01-17 15:05:04.001,23217,23217,23217,4,-4
2025-01-17 15:05:05.001,23220,23220,23220,2,2
2025-01-17 15:05:05.001,23218,23218,23218,2,-2
2025-01-17 15:05:08.001,23216,23216,23216,2,-2
2025-01-17 15:05:12.001,23218,23218,23218,2,2
2025-01-17 15:05:12.001,23219,23219,23219,2,2
2025-01-17 15:05:12.001,23219,23219,23219,2,0
2025-01-17 15:05:12.001,23219,23219,23219,2,0
2025-01-17 15:05:15.001,23219,23219,23219,2,0
2025-01-17 15:05:18.001,23217,23217,23217,2,-2
2025-01-17 15:05:19.001,23215,23215,23215,2,-2
2025-01-17 15:05:19.001,23215,23215,23215,2,0
2025-01-17 15:05:20.001,23214,23214,23214,2,-2
2025-01-17 15:05:22.001,23215,23215,23215,2,2
2025-01-17 15:05:24.001,23213,23213,23213,2,-2
2025-01-17 15:05:32.001,23214,23214,23214,2,2
2025-01-17 15:05:32.001,23214,23214,23214,2,0
2025-01-17 15:05:34.001,23215,23215,23215,2,2
2025-01-17 15:05:34.001,23217,23217,23217,2,2
2025-01-17 15:05:35.001,23215,23215,23215,2,-2
2025-01-17 15:05:35.001,23215,23215,23215,2,0
2025-01-17 15:05:35.001,23215,23215,23215,2,0
2025-01-17 15:05:40.001,23216,23216,23216,2,2
2025-01-17 15:05:40.001,23217,23217,23217,2,2
2025-01-17 15:05:42.001,23215,23215,23215,2,-2
2025-01-17 15:05:44.001,23216,23216,23216,2,2
2025-01-17 15:05:47.001,23215,23215,23215,2,-2
2025-01-17 15:05:54.001,23215,23215,23215,2,0
2025-01-17 15:05:55.001,23215,23215,23215,6,0
2025-01-17 15:06:00.001,23215,23215,23215,2,0
2025-01-17 15:06:02.001,23215,23215,23215,2,0
2025-01-17 15:06:03.001,23214,23214,23214,2,-2
2025-01-17 15:06:07.001,23215,23215,23215,2,2
2025-01-17 15:06:07.001,23215,23215,23215,4,0
2025-01-17 15:06:11.001,23217,23217,23217,2,2
2025-01-17 15:06:11.001,23217,23217,23217,2,0
2025-01-17 15:06:11.001,23217,23217,23217,2,0
2025-01-17 15:06:11.001,23217,23217,23217,4,0
2025-01-17 15:06:17.001,23219,23219,23219,2,2
2025-01-17 15:06:20.001,23217,23217,23217,2,-2
2025-01-17 15:06:24.001,23219,23219,23219,10,10
2025-01-17 15:06:24.001,23220,23220,23220,12,12
2025-01-17 15:06:24.001,23221,23221,23221,12,12
2025-01-17 15:06:24.001,23222,23222,23222,6,6
2025-01-17 15:06:25.001,23222,23222,23222,2,0
2025-01-17 15:06:25.001,23223,23223,23223,16,16
2025-01-17 15:06:25.001,23224,23224,23224,4,4
2025-01-17 15:06:26.001,23221,23221,23221,2,-2
2025-01-17 15:06:31.001,23221,23221,23221,2,0
2025-01-17 15:06:31.001,23221,23221,23221,2,0
2025-01-17 15:06:31.001,23221,23221,23221,2,0
2025-01-17 15:06:32.001,23223,23223,23223,2,2
2025-01-17 15:06:32.001,23224,23224,23224,2,2
2025-01-17 15:06:32.001,23221,23221,23221,2,-2
2025-01-17 15:06:32.001,23222,23222,23222,4,4
2025-01-17 15:06:33.001,23221,23221,23221,2,-2
2025-01-17 15:06:36.001,23223,23223,23223,4,4
2025-01-17 15:06:36.001,23224,23224,23224,6,6
2025-01-17 15:06:39.001,23225,23225,23225,4,4
2025-01-17 15:06:39.001,23225,23225,23225,4,0
2025-01-17 15:06:39.001,23225,23225,23225,2,0
2025-01-17 15:06:39.001,23224,23224,23224,2,-2
2025-01-17 15:06:45.001,23224,23224,23224,2,0
2025-01-17 15:06:48.001,23221,23221,23221,2,-2
2025-01-17 15:06:48.001,23220,23220,23220,2,-2
2025-01-17 15:06:52.001,23223,23223,23223,2,2
2025-01-17 15:06:52.001,23224,23224,23224,2,2
2025-01-17 15:06:53.001,23221,23221,23221,2,-2
2025-01-17 15:06:58.001,23223,23223,23223,2,2
2025-01-17 15:06:59.001,23226,23226,23226,6,6
2025-01-17 15:07:02.001,23224,23224,23224,2,-2
2025-01-17 15:07:02.001,23224,23224,23224,2,0
2025-01-17 15:07:02.001,23224,23224,23224,2,0
2025-01-17 15:07:03.001,23226,23226,23226,4,4
2025-01-17 15:07:03.001,23223,23223,23223,2,-2
2025-01-17 15:07:03.001,23223,23223,23223,2,0
2025-01-17 15:07:03.001,23222,23222,23222,2,-2
2025-01-17 15:07:03.001,23222,23222,23222,2,0
2025-01-17 15:07:03.001,23222,23222,23222,2,0
2025-01-17 15:07:03.001,23221,23221,23221,2,-2
2025-01-17 15:07:03.001,23221,23221,23221,2,0
2025-01-17 15:07:03.001,23221,23221,23221,2,0
2025-01-17 15:07:03.001,23221,23221,23221,2,0
2025-01-17 15:07:03.001,23220,23220,23220,2,-2
2025-01-17 15:07:04.001,23223,23223,23223,2,2
2025-01-17 15:07:10.001,23224,23224,23224,2,2
2025-01-17 15:07:10.001,23223,23223,23223,2,-2
2025-01-17 15:07:11.001,23224,23224,23224,2,2
2025-01-17 15:07:14.001,23222,23222,23222,2,-2
2025-01-17 15:07:22.001,23222,23222,23222,2,0
2025-01-17 15:07:25.001,23224,23224,23224,2,2
2025-01-17 15:07:31.001,23223,23223,23223,2,-2
2025-01-17 15:07:31.001,23222,23222,23222,2,-2
2025-01-17 15:07:43.001,23221,23221,23221,2,-2
2025-01-17 15:07:43.001,23221,23221,23221,2,0
2025-01-17 15:07:43.001,23221,23221,23221,2,0
2025-01-17 15:07:43.001,23220,23220,23220,2,-2
2025-01-17 15:07:43.001,23220,23220,23220,2,0
2025-01-17 15:07:43.001,23220,23220,23220,2,0
2025-01-17 15:07:43.001,23220,23220,23220,2,0
2025-01-17 15:07:43.001,23220,23220,23220,2,0
2025-01-17 15:07:43.001,23220,23220,23220,2,0
2025-01-17 15:07:43.001,23220,23220,23220,2,0
2025-01-17 15:07:43.001,23219,23219,23219,2,-2
2025-01-17 15:07:43.001,23219,23219,23219,2,0
2025-01-17 15:07:43.001,23219,23219,23219,2,0
2025-01-17 15:07:43.001,23219,23219,23219,2,0
2025-01-17 15:07:43.001,23219,23219,23219,2,0
2025-01-17 15:07:43.001,23219,23219,23219,2,0
2025-01-17 15:07:43.001,23218,23218,23218,2,-2
2025-01-17 15:07:43.001,23218,23218,23218,2,0
2025-01-17 15:07:43.001,23218,23218,23218,2,0
2025-01-17 15:07:43.001,23218,23218,23218,2,0
2025-01-17 15:07:43.001,23218,23218,23218,2,0
2025-01-17 15:07:43.001,23218,23218,23218,2,0
2025-01-17 15:07:43.001,23217,23217,23217,2,-2
2025-01-17 15:07:44.001,23218,23218,23218,2,2
2025-01-17 15:07:45.001,23218,23218,23218,2,0
2025-01-17 15:07:47.001,23217,23217,23217,2,-2
2025-01-17 15:07:51.001,23219,23219,23219,2,2
2025-01-17 15:07:51.001,23217,23217,23217,2,-2
2025-01-17 15:07:52.001,23217,23217,23217,2,0
2025-01-17 15:07:52.001,23217,23217,23217,2,0
2025-01-17 15:07:55.001,23218,23218,23218,2,2
2025-01-17 15:07:56.001,23219,23219,23219,2,2
2025-01-17 15:08:02.001,23219,23219,23219,4,0
2025-01-17 15:08:02.001,23220,23220,23220,2,2
2025-01-17 15:08:02.001,23220,23220,23220,2,0
2025-01-17 15:08:02.001,23222,23222,23222,2,2
2025-01-17 15:08:03.001,23221,23221,23221,2,-2
2025-01-17 15:08:03.001,23224,23224,23224,2,2
2025-01-17 15:08:08.001,23223,23223,23223,2,-2
2025-01-17 15:08:08.001,23223,23223,23223,2,0
2025-01-17 15:08:08.001,23222,23222,23222,2,-2
2025-01-17 15:08:08.001,23222,23222,23222,2,0
2025-01-17 15:08:08.001,23222,23222,23222,2,0
2025-01-17 15:08:08.001,23222,23222,23222,2,0
2025-01-17 15:08:08.001,23221,23221,23221,2,-2
2025-01-17 15:08:08.001,23221,23221,23221,2,0
2025-01-17 15:08:08.001,23221,23221,23221,2,0
2025-01-17 15:08:08.001,23221,23221,23221,2,0
2025-01-17 15:08:08.001,23221,23221,23221,2,0
2025-01-17 15:08:08.001,23221,23221,23221,2,0
2025-01-17 15:08:08.001,23221,23221,23221,2,0
2025-01-17 15:08:08.001,23220,23220,23220,4,-4
2025-01-17 15:08:08.001,23220,23220,23220,2,0
2025-01-17 15:08:08.001,23220,23220,23220,2,0
2025-01-17 15:08:08.001,23220,23220,23220,2,0
2025-01-17 15:08:08.001,23220,23220,23220,2,0
2025-01-17 15:08:08.001,23220,23220,23220,2,0
2025-01-17 15:08:08.001,23220,23220,23220,2,0
2025-01-17 15:08:08.001,23219,23219,23219,2,-2
2025-01-17 15:08:08.001,23220,23220,23220,42,42
2025-01-17 15:08:08.001,23220,23220,23220,2,0
2025-01-17 15:08:12.001,23222,23222,23222,2,2
2025-01-17 15:08:12.001,23222,23222,23222,2,0
2025-01-17 15:08:26.001,23221,23221,23221,8,-8
2025-01-17 15:08:32.001,23223,23223,23223,2,2
2025-01-17 15:08:33.001,23223,23223,23223,2,0
2025-01-17 15:08:43.001,23223,23223,23223,2,0
2025-01-17 15:08:47.001,23222,23222,23222,2,-2
2025-01-17 15:09:06.001,23223,23223,23223,2,2
2025-01-17 15:09:07.001,23225,23225,23225,10,10
2025-01-17 15:09:08.001,23226,23226,23226,2,2
2025-01-17 15:09:12.001,23223,23223,23223,2,-2
2025-01-17 15:09:12.001,23223,23223,23223,2,0
2025-01-17 15:09:17.001,23223,23223,23223,2,0
2025-01-17 15:09:26.001,23223,23223,23223,2,0
2025-01-17 15:09:29.001,23221,23221,23221,2,-2
2025-01-17 15:09:29.001,23221,23221,23221,2,0
2025-01-17 15:09:29.001,23221,23221,23221,2,0
2025-01-17 15:09:33.001,23220,23220,23220,2,-2
2025-01-17 15:09:39.001,23220,23220,23220,2,0
2025-01-17 15:09:40.001,23221,23221,23221,4,4
2025-01-17 15:09:41.001,23221,23221,23221,2,0
2025-01-17 15:09:42.001,23220,23220,23220,2,-2
2025-01-17 15:09:42.001,23220,23220,23220,2,0
2025-01-17 15:09:56.001,23220,23220,23220,2,0
2025-01-17 15:09:56.001,23220,23220,23220,2,0
2025-01-17 15:10:00.001,23219,23219,23219,2,-2
2025-01-17 15:10:01.001,23219,23219,23219,2,0
2025-01-17 15:10:01.001,23219,23219,23219,2,0
2025-01-17 15:10:01.001,23219,23219,23219,2,0
2025-01-17 15:10:01.001,23218,23218,23218,2,-2
2025-01-17 15:10:01.001,23218,23218,23218,2,0
2025-01-17 15:10:01.001,23218,23218,23218,2,0
2025-01-17 15:10:01.001,23218,23218,23218,2,0
2025-01-17 15:10:01.001,23218,23218,23218,2,0
2025-01-17 15:10:01.001,23218,23218,23218,2,0
2025-01-17 15:10:03.001,23218,23218,23218,2,0
2025-01-17 15:10:05.001,23217,23217,23217,2,-2
2025-01-17 15:10:10.001,23216,23216,23216,2,-2
2025-01-17 15:10:10.001,23216,23216,23216,2,0
2025-01-17 15:10:10.001,23215,23215,23215,2,-2
2025-01-17 15:10:11.001,23216,23216,23216,2,2
2025-01-17 15:10:11.001,23215,23215,23215,2,-2
2025-01-17 15:10:14.001,23215,23215,23215,2,0
2025-01-17 15:10:17.001,23215,23215,23215,2,0
2025-01-17 15:10:17.001,23215,23215,23215,2,0
2025-01-17 15:10:17.001,23215,23215,23215,2,0
2025-01-17 15:10:20.001,23215,23215,23215,2,0
2025-01-17 15:10:22.001,23214,23214,23214,2,-2
2025-01-17 15:10:22.001,23214,23214,23214,2,0
2025-01-17 15:10:24.001,23215,23215,23215,2,2
2025-01-17 15:10:36.001,23214,23214,23214,2,-2
2025-01-17 15:10:36.001,23214,23214,23214,2,0
2025-01-17 15:10:36.001,23214,23214,23214,2,0
2025-01-17 15:10:36.001,23213,23213,23213,2,-2
2025-01-17 15:10:36.001,23213,23213,23213,2,0
2025-01-17 15:10:36.001,23213,23213,23213,2,0
2025-01-17 15:10:36.001,23213,23213,23213,6,0
2025-01-17 15:10:36.001,23213,23213,23213,8,0
2025-01-17 15:10:36.001,23213,23213,23213,2,0
2025-01-17 15:10:37.001,23213,23213,23213,2,0
2025-01-17 15:10:41.001,23212,23212,23212,2,-2
2025-01-17 15:10:41.001,23212,23212,23212,4,0
2025-01-17 15:10:44.001,23211,23211,23211,2,-2
2025-01-17 15:10:46.001,23212,23212,23212,2,2
2025-01-17 15:10:46.001,23212,23212,23212,2,0
2025-01-17 15:10:48.001,23211,23211,23211,2,-2
2025-01-17 15:10:49.001,23212,23212,23212,2,2
2025-01-17 15:10:52.001,23213,23213,23213,2,2
2025-01-17 15:10:55.001,23215,23215,23215,4,4
2025-01-17 15:10:55.001,23216,23216,23216,4,4
2025-01-17 15:10:57.001,23214,23214,23214,2,-2
2025-01-17 15:10:59.001,23214,23214,23214,2,0
2025-01-17 15:10:59.001,23217,23217,23217,4,4
2025-01-17 15:11:00.001,23216,23216,23216,2,-2
2025-01-17 15:11:02.001,23218,23218,23218,2,2
2025-01-17 15:11:04.001,23218,23218,23218,2,0
2025-01-17 15:11:04.001,23218,23218,23218,2,0
2025-01-17 15:11:05.001,23214,23214,23214,2,-2
2025-01-17 15:11:06.001,23217,23217,23217,2,2
2025-01-17 15:11:07.001,23216,23216,23216,2,-2
2025-01-17 15:11:07.001,23216,23216,23216,2,0
2025-01-17 15:11:13.001,23217,23217,23217,2,2
2025-01-17 15:11:13.001,23216,23216,23216,2,-2
2025-01-17 15:11:19.001,23218,23218,23218,2,2
2025-01-17 15:11:19.001,23217,23217,23217,2,-2
2025-01-17 15:11:23.001,23218,23218,23218,2,2
2025-01-17 15:11:23.001,23218,23218,23218,2,0
2025-01-17 15:11:25.001,23217,23217,23217,2,-2
2025-01-17 15:11:50.001,23217,23217,23217,2,0
2025-01-17 15:11:50.001,23217,23217,23217,2,0
2025-01-17 15:11:50.001,23216,23216,23216,2,-2
2025-01-17 15:11:52.001,23217,23217,23217,2,2
2025-01-17 15:11:55.001,23217,23217,23217,2,0
2025-01-17 15:12:03.001,23217,23217,23217,4,0
2025-01-17 15:12:03.001,23218,23218,23218,10,10
2025-01-17 15:12:12.001,23216,23216,23216,2,-2
2025-01-17 15:12:19.001,23216,23216,23216,2,0
2025-01-17 15:12:20.001,23215,23215,23215,2,-2
2025-01-17 15:12:20.001,23215,23215,23215,2,0
2025-01-17 15:12:23.001,23214,23214,23214,2,-2
2025-01-17 15:12:25.001,23213,23213,23213,2,-2
2025-01-17 15:12:30.001,23212,23212,23212,2,-2
2025-01-17 15:12:32.001,23213,23213,23213,2,2
2025-01-17 15:12:32.001,23213,23213,23213,2,0
2025-01-17 15:12:32.001,23213,23213,23213,2,0
2025-01-17 15:12:36.001,23212,23212,23212,2,-2
2025-01-17 15:12:36.001,23212,23212,23212,2,0
2025-01-17 15:12:36.001,23211,23211,23211,2,-2
2025-01-17 15:12:36.001,23211,23211,23211,2,0
2025-01-17 15:12:36.001,23211,23211,23211,2,0
2025-01-17 15:12:36.001,23211,23211,23211,2,0
2025-01-17 15:12:36.001,23211,23211,23211,2,0
2025-01-17 15:12:36.001,23211,23211,23211,2,0
2025-01-17 15:12:36.001,23211,23211,23211,2,0
2025-01-17 15:12:36.001,23210,23210,23210,2,-2
2025-01-17 15:12:36.001,23210,23210,23210,2,0
2025-01-17 15:12:36.001,23210,23210,23210,2,0
2025-01-17 15:12:36.001,23210,23210,23210,2,0
2025-01-17 15:12:36.001,23210,23210,23210,2,0
2025-01-17 15:12:36.001,23210,23210,23210,2,0
2025-01-17 15:12:39.001,23212,23212,23212,2,2
2025-01-17 15:12:41.001,23211,23211,23211,2,-2
2025-01-17 15:12:42.001,23211,23211,23211,2,0
2025-01-17 15:12:42.001,23211,23211,23211,2,0
2025-01-17 15:12:46.001,23212,23212,23212,2,2
2025-01-17 15:12:47.001,23213,23213,23213,2,2
2025-01-17 15:12:50.001,23211,23211,23211,2,-2
2025-01-17 15:12:52.001,23213,23213,23213,2,2
2025-01-17 15:12:54.001,23213,23213,23213,2,0
2025-01-17 15:12:54.001,23213,23213,23213,2,0
2025-01-17 15:12:54.001,23213,23213,23213,16,0
2025-01-17 15:12:59.001,23214,23214,23214,2,2
2025-01-17 15:13:13.001,23214,23214,23214,2,0
2025-01-17 15:13:13.001,23215,23215,23215,2,2
2025-01-17 15:13:15.001,23213,23213,23213,2,-2
2025-01-17 15:13:15.001,23214,23214,23214,2,2
2025-01-17 15:13:15.001,23214,23214,23214,2,0
2025-01-17 15:13:21.001,23213,23213,23213,2,-2
2025-01-17 15:13:51.001,23213,23213,23213,2,0
2025-01-17 15:13:51.001,23212,23212,23212,2,-2
2025-01-17 15:13:51.001,23212,23212,23212,2,0
2025-01-17 15:13:51.001,23212,23212,23212,2,0
2025-01-17 15:13:51.001,23211,23211,23211,2,-2
2025-01-17 15:13:56.001,23213,23213,23213,2,2
2025-01-17 15:13:56.001,23213,23213,23213,2,0
2025-01-17 15:13:56.001,23213,23213,23213,2,0
2025-01-17 15:13:56.001,23212,23212,23212,2,-2
2025-01-17 15:14:04.001,23212,23212,23212,2,0
2025-01-17 15:14:04.001,23213,23213,23213,2,2
2025-01-17 15:14:05.001,23211,23211,23211,2,-2
2025-01-17 15:14:06.001,23212,23212,23212,2,2
2025-01-17 15:14:06.001,23212,23212,23212,2,0
2025-01-17 15:14:10.001,23212,23212,23212,6,0
2025-01-17 15:14:11.001,23214,23214,23214,6,6
2025-01-17 15:14:12.001,23213,23213,23213,2,-2
2025-01-17 15:14:13.001,23213,23213,23213,2,0
2025-01-17 15:14:13.001,23214,23214,23214,2,2
2025-01-17 15:14:17.001,23214,23214,23214,2,0
2025-01-17 15:14:17.001,23215,23215,23215,2,2
2025-01-17 15:14:19.001,23216,23216,23216,2,2
2025-01-17 15:14:22.001,23216,23216,23216,2,0
2025-01-17 15:14:23.001,23216,23216,23216,2,0
2025-01-17 15:14:24.001,23216,23216,23216,2,0
2025-01-17 15:14:28.001,23217,23217,23217,4,4
2025-01-17 15:14:31.001,23218,23218,23218,14,14
2025-01-17 15:14:39.001,23218,23218,23218,2,0
2025-01-17 15:14:41.001,23219,23219,23219,2,2
2025-01-17 15:14:44.001,23220,23220,23220,2,2
2025-01-17 15:14:44.001,23221,23221,23221,2,2
2025-01-17 15:14:44.001,23221,23221,23221,2,0
2025-01-17 15:14:44.001,23222,23222,23222,2,2
2025-01-17 15:14:44.001,23223,23223,23223,2,2
2025-01-17 15:14:45.001,23224,23224,23224,12,12
2025-01-17 15:14:45.001,23225,23225,23225,10,10
2025-01-17 15:14:45.001,23226,23226,23226,2,2
2025-01-17 15:14:45.001,23224,23224,23224,2,-2
2025-01-17 15:14:53.001,23222,23222,23222,2,-2
2025-01-17 15:15:00.001,23222,23222,23222,2,0
2025-01-17 15:15:00.001,23222,23222,23222,2,0
2025-01-17 15:15:00.001,23222,23222,23222,2,0
2025-01-17 15:15:01.001,23221,23221,23221,2,-2
2025-01-17 15:15:01.001,23222,23222,23222,2,2
2025-01-17 15:15:01.001,23223,23223,23223,2,2
2025-01-17 15:15:10.001,23221,23221,23221,2,-2
2025-01-17 15:15:10.001,23221,23221,23221,6,0
2025-01-17 15:15:10.001,23221,23221,23221,2,0
2025-01-17 15:15:10.001,23220,23220,23220,80,-80
2025-01-17 15:15:10.001,23220,23220,23220,2,0
2025-01-17 15:15:10.001,23219,23219,23219,2,-2
2025-01-17 15:15:10.001,23219,23219,23219,2,0
2025-01-17 15:15:10.001,23218,23218,23218,2,-2
2025-01-17 15:15:10.001,23218,23218,23218,4,0
2025-01-17 15:15:10.001,23218,23218,23218,2,0
2025-01-17 15:15:10.001,23217,23217,23217,2,-2
2025-01-17 15:15:16.001,23215,23215,23215,4,-4
2025-01-17 15:15:16.001,23214,23214,23214,2,-2
2025-01-17 15:15:16.001,23217,23217,23217,2,2
2025-01-17 15:15:23.001,23217,23217,23217,4,0
2025-01-17 15:15:36.001,23219,23219,23219,2,2
2025-01-17 15:15:36.001,23220,23220,23220,2,2
2025-01-17 15:15:36.001,23221,23221,23221,2,2
2025-01-17 15:15:36.001,23221,23221,23221,2,0
2025-01-17 15:15:36.001,23220,23220,23220,2,-2
2025-01-17 15:15:36.001,23219,23219,23219,2,-2
2025-01-17 15:15:46.001,23220,23220,23220,2,2
2025-01-17 15:15:48.001,23220,23220,23220,2,0
2025-01-17 15:15:53.001,23220,23220,23220,2,0
2025-01-17 15:16:01.001,23220,23220,23220,2,0
2025-01-17 15:16:01.001,23220,23220,23220,2,0
2025-01-17 15:16:04.001,23218,23218,23218,8,-8
2025-01-17 15:16:04.001,23217,23217,23217,2,-2
2025-01-17 15:16:04.001,23217,23217,23217,2,0
2025-01-17 15:16:04.001,23217,23217,23217,2,0
2025-01-17 15:16:04.001,23216,23216,23216,2,-2
2025-01-17 15:16:05.001,23215,23215,23215,2,-2
2025-01-17 15:16:09.001,23214,23214,23214,2,-2
2025-01-17 15:16:09.001,23214,23214,23214,2,0
2025-01-17 15:16:12.001,23213,23213,23213,4,-4
2025-01-17 15:16:13.001,23213,23213,23213,2,0
2025-01-17 15:16:15.001,23213,23213,23213,2,0
2025-01-17 15:16:16.001,23212,23212,23212,2,-2
2025-01-17 15:16:18.001,23211,23211,23211,2,-2
2025-01-17 15:16:18.001,23211,23211,23211,2,0
2025-01-17 15:16:23.001,23211,23211,23211,2,0
2025-01-17 15:16:23.001,23212,23212,23212,2,2
2025-01-17 15:16:23.001,23213,23213,23213,2,2
2025-01-17 15:16:25.001,23213,23213,23213,2,0
2025-01-17 15:16:27.001,23211,23211,23211,2,-2
2025-01-17 15:16:27.001,23211,23211,23211,2,0
2025-01-17 15:16:30.001,23211,23211,23211,2,0
2025-01-17 15:16:41.001,23211,23211,23211,2,0
2025-01-17 15:16:41.001,23212,23212,23212,2,2
2025-01-17 15:16:56.001,23212,23212,23212,2,0
2025-01-17 15:16:56.001,23213,23213,23213,2,2
2025-01-17 15:17:00.001,23212,23212,23212,2,-2
2025-01-17 15:17:00.001,23211,23211,23211,2,-2
2025-01-17 15:17:00.001,23211,23211,23211,2,0
2025-01-17 15:17:02.001,23212,23212,23212,2,2
2025-01-17 15:17:04.001,23210,23210,23210,4,-4
2025-01-17 15:17:04.001,23210,23210,23210,2,0
2025-01-17 15:17:04.001,23210,23210,23210,2,0
2025-01-17 15:17:04.001,23209,23209,23209,2,-2
2025-01-17 15:17:04.001,23208,23208,23208,2,-2
2025-01-17 15:17:04.001,23210,23210,23210,2,2
2025-01-17 15:17:05.001,23211,23211,23211,2,2
2025-01-17 15:17:06.001,23211,23211,23211,2,0
2025-01-17 15:17:07.001,23212,23212,23212,2,2
2025-01-17 15:17:09.001,23211,23211,23211,2,-2
2025-01-17 15:17:11.001,23213,23213,23213,2,2
2025-01-17 15:17:12.001,23211,23211,23211,2,-2
2025-01-17 15:17:13.001,23212,23212,23212,2,2
2025-01-17 15:17:13.001,23212,23212,23212,2,0
2025-01-17 15:17:13.001,23212,23212,23212,2,0
2025-01-17 15:17:13.001,23211,23211,23211,2,-2
2025-01-17 15:17:15.001,23212,23212,23212,2,2
2025-01-17 15:17:19.001,23211,23211,23211,2,-2
2025-01-17 15:17:22.001,23211,23211,23211,2,0
2025-01-17 15:17:38.001,23212,23212,23212,2,2
2025-01-17 15:17:41.001,23211,23211,23211,4,-4
2025-01-17 15:17:52.001,23210,23210,23210,2,-2
2025-01-17 15:17:52.001,23210,23210,23210,2,0
2025-01-17 15:17:52.001,23210,23210,23210,2,0
2025-01-17 15:17:54.001,23211,23211,23211,2,2
2025-01-17 15:17:56.001,23211,23211,23211,4,0
2025-01-17 15:18:01.001,23211,23211,23211,2,0
2025-01-17 15:18:01.001,23210,23210,23210,2,-2
2025-01-17 15:18:01.001,23212,23212,23212,2,2
2025-01-17 15:18:01.001,23212,23212,23212,2,0
2025-01-17 15:18:01.001,23212,23212,23212,2,0
2025-01-17 15:18:10.001,23211,23211,23211,2,-2
2025-01-17 15:18:10.001,23210,23210,23210,2,-2
2025-01-17 15:18:10.001,23210,23210,23210,2,0
2025-01-17 15:18:11.001,23209,23209,23209,2,-2
2025-01-17 15:18:11.001,23209,23209,23209,2,0
2025-01-17 15:18:12.001,23208,23208,23208,2,-2
2025-01-17 15:18:12.001,23208,23208,23208,4,0
2025-01-17 15:18:15.001,23210,23210,23210,2,2
2025-01-17 15:18:19.001,23210,23210,23210,2,0
2025-01-17 15:18:19.001,23209,23209,23209,2,-2
2025-01-17 15:18:19.001,23210,23210,23210,4,4
2025-01-17 15:18:20.001,23209,23209,23209,2,-2
2025-01-17 15:18:35.001,23208,23208,23208,2,-2
2025-01-17 15:18:40.001,23210,23210,23210,2,2
2025-01-17 15:18:40.001,23211,23211,23211,6,6
2025-01-17 15:18:40.001,23212,23212,23212,2,2
2025-01-17 15:18:40.001,23213,23213,23213,2,2
2025-01-17 15:18:40.001,23213,23213,23213,2,0
2025-01-17 15:18:40.001,23211,23211,23211,2,-2
2025-01-17 15:18:47.001,23211,23211,23211,2,0
2025-01-17 15:18:47.001,23211,23211,23211,2,0
2025-01-17 15:19:09.001,23211,23211,23211,2,0
2025-01-17 15:19:09.001,23210,23210,23210,2,-2
2025-01-17 15:19:09.001,23212,23212,23212,2,2
2025-01-17 15:19:09.001,23212,23212,23212,2,0
2025-01-17 15:19:09.001,23213,23213,23213,2,2
2025-01-17 15:19:09.001,23210,23210,23210,2,-2
2025-01-17 15:19:09.001,23212,23212,23212,2,2
2025-01-17 15:19:16.001,23213,23213,23213,2,2
2025-01-17 15:19:26.001,23210,23210,23210,2,-2
2025-01-17 15:19:39.001,23210,23210,23210,6,0
2025-01-17 15:19:39.001,23211,23211,23211,2,2
2025-01-17 15:19:39.001,23211,23211,23211,2,0
2025-01-17 15:19:39.001,23212,23212,23212,2,2
2025-01-17 15:19:41.001,23212,23212,23212,2,0
2025-01-17 15:19:42.001,23213,23213,23213,4,4
2025-01-17 15:19:55.001,23214,23214,23214,6,6
2025-01-17 15:20:00.001,23215,23215,23215,2,2
2025-01-17 15:20:01.001,23218,23218,23218,2,2
2025-01-17 15:20:01.001,23216,23216,23216,2,-2
2025-01-17 15:20:01.001,23218,23218,23218,2,2
2025-01-17 15:20:01.001,23218,23218,23218,2,0
2025-01-17 15:20:01.001,23218,23218,23218,2,0
2025-01-17 15:20:01.001,23218,23218,23218,2,0
2025-01-17 15:20:01.001,23218,23218,23218,2,0
2025-01-17 15:20:01.001,23218,23218,23218,2,0
2025-01-17 15:20:02.001,23219,23219,23219,2,2
2025-01-17 15:20:02.001,23219,23219,23219,2,0
2025-01-17 15:20:02.001,23219,23219,23219,2,0
2025-01-17 15:20:02.001,23219,23219,23219,2,0
2025-01-17 15:20:02.001,23219,23219,23219,2,0
2025-01-17 15:20:02.001,23219,23219,23219,2,0
2025-01-17 15:20:03.001,23220,23220,23220,2,2
2025-01-17 15:20:03.001,23220,23220,23220,2,0
2025-01-17 15:20:03.001,23220,23220,23220,2,0
2025-01-17 15:20:03.001,23220,23220,23220,2,0
2025-01-17 15:20:03.001,23220,23220,23220,2,0
2025-01-17 15:20:03.001,23220,23220,23220,2,0
2025-01-17 15:20:03.001,23220,23220,23220,2,0
2025-01-17 15:20:04.001,23220,23220,23220,2,0
2025-01-17 15:20:08.001,23220,23220,23220,2,0
2025-01-17 15:20:09.001,23219,23219,23219,2,-2
2025-01-17 15:20:11.001,23217,23217,23217,2,-2
2025-01-17 15:20:11.001,23217,23217,23217,2,0
2025-01-17 15:20:26.001,23219,23219,23219,2,2
2025-01-17 15:20:26.001,23219,23219,23219,2,0
2025-01-17 15:20:26.001,23218,23218,23218,2,-2
2025-01-17 15:20:31.001,23218,23218,23218,2,0
2025-01-17 15:20:32.001,23220,23220,23220,2,2
2025-01-17 15:20:32.001,23221,23221,23221,6,6
2025-01-17 15:20:36.001,23222,23222,23222,4,4
2025-01-17 15:20:36.001,23223,23223,23223,2,2
2025-01-17 15:20:36.001,23224,23224,23224,6,6
2025-01-17 15:20:36.001,23224,23224,23224,2,0
2025-01-17 15:20:38.001,23225,23225,23225,2,2
2025-01-17 15:20:38.001,23225,23225,23225,2,0
2025-01-17 15:20:38.001,23224,23224,23224,2,-2
2025-01-17 15:20:38.001,23225,23225,23225,2,2
2025-01-17 15:20:40.001,23225,23225,23225,2,0
2025-01-17 15:20:40.001,23223,23223,23223,2,-2
2025-01-17 15:20:42.001,23221,23221,23221,2,-2
2025-01-17 15:20:47.001,23221,23221,23221,2,0
2025-01-17 15:20:49.001,23222,23222,23222,4,4
2025-01-17 15:20:57.001,23224,23224,23224,4,4
2025-01-17 15:21:01.001,23224,23224,23224,2,0
2025-01-17 15:21:01.001,23225,23225,23225,2,2
2025-01-17 15:21:01.001,23226,23226,23226,6,6
2025-01-17 15:21:01.001,23226,23226,23226,4,0
2025-01-17 15:21:01.001,23225,23225,23225,2,-2
2025-01-17 15:21:05.001,23227,23227,23227,2,2
2025-01-17 15:21:05.001,23228,23228,23228,6,6
2025-01-17 15:21:05.001,23228,23228,23228,2,0
2025-01-17 15:21:05.001,23229,23229,23229,2,2
2025-01-17 15:21:05.001,23230,23230,23230,4,4
2025-01-17 15:21:05.001,23228,23228,23228,2,-2
2025-01-17 15:21:05.001,23230,23230,23230,2,2
2025-01-17 15:21:06.001,23228,23228,23228,2,-2
2025-01-17 15:21:06.001,23230,23230,23230,2,2
2025-01-17 15:21:07.001,23226,23226,23226,2,-2
2025-01-17 15:21:10.001,23226,23226,23226,2,0
2025-01-17 15:21:10.001,23224,23224,23224,2,-2
2025-01-17 15:21:10.001,23224,23224,23224,2,0
2025-01-17 15:21:13.001,23225,23225,23225,2,2
2025-01-17 15:21:15.001,23225,23225,23225,2,0
2025-01-17 15:21:15.001,23226,23226,23226,2,2
2025-01-17 15:21:18.001,23225,23225,23225,2,-2
2025-01-17 15:21:18.001,23226,23226,23226,2,2
2025-01-17 15:21:19.001,23226,23226,23226,4,0
2025-01-17 15:21:22.001,23226,23226,23226,4,0
2025-01-17 15:21:23.001,23227,23227,23227,6,6
2025-01-17 15:21:23.001,23228,23228,23228,6,6
2025-01-17 15:21:25.001,23228,23228,23228,4,0
2025-01-17 15:21:26.001,23229,23229,23229,4,4
2025-01-17 15:21:29.001,23229,23229,23229,2,0
2025-01-17 15:21:30.001,23229,23229,23229,2,0
2025-01-17 15:21:30.001,23230,23230,23230,4,4
2025-01-17 15:21:32.001,23229,23229,23229,2,-2
2025-01-17 15:21:33.001,23229,23229,23229,2,0
2025-01-17 15:21:34.001,23229,23229,23229,2,0
2025-01-17 15:21:34.001,23227,23227,23227,2,-2
2025-01-17 15:21:38.001,23230,23230,23230,6,6
2025-01-17 15:21:38.001,23230,23230,23230,2,0
2025-01-17 15:21:41.001,23230,23230,23230,4,0
2025-01-17 15:21:41.001,23230,23230,23230,6,0
2025-01-17 15:21:41.001,23230,23230,23230,2,0
2025-01-17 15:21:41.001,23231,23231,23231,2,2
2025-01-17 15:21:41.001,23231,23231,23231,2,0
2025-01-17 15:21:44.001,23230,23230,23230,2,-2
2025-01-17 15:21:44.001,23231,23231,23231,2,2
2025-01-17 15:21:45.001,23229,23229,23229,4,-4
2025-01-17 15:21:48.001,23230,23230,23230,2,2
2025-01-17 15:21:48.001,23230,23230,23230,2,0
2025-01-17 15:21:50.001,23230,23230,23230,4,0
2025-01-17 15:21:50.001,23230,23230,23230,2,0
2025-01-17 15:21:50.001,23230,23230,23230,2,0
2025-01-17 15:21:52.001,23229,23229,23229,2,-2
2025-01-17 15:21:52.001,23228,23228,23228,2,-2
2025-01-17 15:21:53.001,23229,23229,23229,2,2
2025-01-17 15:21:55.001,23229,23229,23229,2,0
2025-01-17 15:22:02.001,23228,23228,23228,2,-2
2025-01-17 15:22:05.001,23226,23226,23226,2,-2
2025-01-17 15:22:05.001,23226,23226,23226,2,0
2025-01-17 15:22:05.001,23226,23226,23226,4,0
2025-01-17 15:22:05.001,23226,23226,23226,2,0
2025-01-17 15:22:06.001,23227,23227,23227,2,2
2025-01-17 15:22:10.001,23226,23226,23226,2,-2
2025-01-17 15:22:10.001,23227,23227,23227,2,2
2025-01-17 15:22:14.001,23228,23228,23228,4,4
2025-01-17 15:22:17.001,23226,23226,23226,2,-2
2025-01-17 15:22:17.001,23227,23227,23227,2,2
2025-01-17 15:22:20.001,23227,23227,23227,2,0
2025-01-17 15:22:20.001,23225,23225,23225,2,-2
2025-01-17 15:22:22.001,23225,23225,23225,2,0
2025-01-17 15:22:28.001,23225,23225,23225,2,0
2025-01-17 15:22:28.001,23225,23225,23225,2,0
2025-01-17 15:22:28.001,23226,23226,23226,2,2
2025-01-17 15:22:29.001,23226,23226,23226,2,0
2025-01-17 15:22:31.001,23226,23226,23226,4,0
2025-01-17 15:22:31.001,23227,23227,23227,2,2
2025-01-17 15:22:31.001,23228,23228,23228,2,2
2025-01-17 15:22:31.001,23229,23229,23229,4,4
2025-01-17 15:22:31.001,23230,23230,23230,6,6
2025-01-17 15:22:31.001,23230,23230,23230,16,0
2025-01-17 15:22:31.001,23232,23232,23232,2,2
2025-01-17 15:22:31.001,23232,23232,23232,4,0
2025-01-17 15:22:31.001,23232,23232,23232,2,0
2025-01-17 15:22:31.001,23232,23232,23232,2,0
2025-01-17 15:22:31.001,23233,23233,23233,2,2
2025-01-17 15:22:31.001,23233,23233,23233,2,0
2025-01-17 15:22:31.001,23234,23234,23234,2,2
2025-01-17 15:22:31.001,23234,23234,23234,2,0
2025-01-17 15:22:31.001,23234,23234,23234,2,0
2025-01-17 15:22:31.001,23234,23234,23234,2,0
2025-01-17 15:22:31.001,23235,23235,23235,2,2
2025-01-17 15:22:31.001,23235,23235,23235,4,0
2025-01-17 15:22:31.001,23235,23235,23235,2,0
2025-01-17 15:22:31.001,23235,23235,23235,2,0
2025-01-17 15:22:31.001,23235,23235,23235,2,0
2025-01-17 15:22:31.001,23235,23235,23235,2,0
2025-01-17 15:22:31.001,23235,23235,23235,2,0
2025-01-17 15:22:31.001,23235,23235,23235,2,0
2025-01-17 15:22:31.001,23235,23235,23235,4,0
2025-01-17 15:22:31.001,23235,23235,23235,2,0
2025-01-17 15:22:31.001,23235,23235,23235,2,0
2025-01-17 15:22:31.001,23235,23235,23235,2,0
2025-01-17 15:22:31.001,23236,23236,23236,2,2
2025-01-17 15:22:31.001,23234,23234,23234,2,-2
2025-01-17 15:22:31.001,23234,23234,23234,2,0
2025-01-17 15:22:31.001,23234,23234,23234,2,0
2025-01-17 15:22:31.001,23234,23234,23234,2,0
2025-01-17 15:22:32.001,23233,23233,23233,2,-2
2025-01-17 15:22:32.001,23233,23233,23233,2,0
2025-01-17 15:22:32.001,23233,23233,23233,2,0
2025-01-17 15:22:32.001,23233,23233,23233,2,0
2025-01-17 15:22:32.001,23233,23233,23233,2,0
2025-01-17 15:22:32.001,23233,23233,23233,2,0
2025-01-17 15:22:32.001,23234,23234,23234,2,2
2025-01-17 15:22:32.001,23234,23234,23234,2,0
2025-01-17 15:22:33.001,23232,23232,23232,2,-2
2025-01-17 15:22:33.001,23232,23232,23232,2,0
2025-01-17 15:22:37.001,23230,23230,23230,2,-2
2025-01-17 15:22:37.001,23230,23230,23230,2,0
2025-01-17 15:22:37.001,23230,23230,23230,2,0
2025-01-17 15:22:37.001,23231,23231,23231,2,2
2025-01-17 15:22:37.001,23231,23231,23231,2,0
2025-01-17 15:22:38.001,23231,23231,23231,2,0
2025-01-17 15:22:38.001,23232,23232,23232,2,2
2025-01-17 15:22:38.001,23230,23230,23230,2,-2
2025-01-17 15:22:38.001,23232,23232,23232,4,4
2025-01-17 15:22:39.001,23230,23230,23230,2,-2
2025-01-17 15:22:45.001,23231,23231,23231,2,2
2025-01-17 15:22:46.001,23230,23230,23230,2,-2
2025-01-17 15:22:54.001,23231,23231,23231,6,6
2025-01-17 15:22:54.001,23232,23232,23232,2,2
2025-01-17 15:22:54.001,23232,23232,23232,6,0
2025-01-17 15:22:55.001,23233,23233,23233,2,2
2025-01-17 15:22:55.001,23233,23233,23233,2,0
2025-01-17 15:22:57.001,23233,23233,23233,2,0
2025-01-17 15:22:58.001,23234,23234,23234,2,2
2025-01-17 15:22:58.001,23234,23234,23234,2,0
2025-01-17 15:23:00.001,23234,23234,23234,2,0
2025-01-17 15:23:05.001,23233,23233,23233,2,-2
2025-01-17 15:23:05.001,23233,23233,23233,2,0
2025-01-17 15:23:07.001,23234,23234,23234,2,2
2025-01-17 15:23:07.001,23234,23234,23234,2,0
2025-01-17 15:23:08.001,23235,23235,23235,2,2
2025-01-17 15:23:08.001,23236,23236,23236,2,2
2025-01-17 15:23:08.001,23236,23236,23236,4,0
2025-01-17 15:23:10.001,23237,23237,23237,2,2
2025-01-17 15:23:10.001,23238,23238,23238,2,2
2025-01-17 15:23:13.001,23238,23238,23238,2,0
2025-01-17 15:23:13.001,23238,23238,23238,2,0
2025-01-17 15:23:16.001,23238,23238,23238,2,0
2025-01-17 15:23:17.001,23238,23238,23238,2,0
2025-01-17 15:23:18.001,23237,23237,23237,2,-2
2025-01-17 15:23:18.001,23238,23238,23238,2,2
2025-01-17 15:23:18.001,23237,23237,23237,2,-2
2025-01-17 15:23:18.001,23236,23236,23236,2,-2
2025-01-17 15:23:19.001,23237,23237,23237,2,2
2025-01-17 15:23:21.001,23237,23237,23237,2,0
2025-01-17 15:23:22.001,23236,23236,23236,2,-2
2025-01-17 15:23:24.001,23237,23237,23237,6,6
2025-01-17 15:23:24.001,23237,23237,23237,2,0
2025-01-17 15:23:25.001,23237,23237,23237,2,0
2025-01-17 15:23:30.001,23236,23236,23236,2,-2
2025-01-17 15:23:34.001,23237,23237,23237,2,2
2025-01-17 15:23:35.001,23238,23238,23238,2,2
2025-01-17 15:23:36.001,23237,23237,23237,2,-2
2025-01-17 15:23:36.001,23237,23237,23237,2,0
2025-01-17 15:23:37.001,23238,23238,23238,6,6
2025-01-17 15:23:37.001,23239,23239,23239,4,4
2025-01-17 15:23:37.001,23240,23240,23240,2,2
2025-01-17 15:23:40.001,23238,23238,23238,2,-2
2025-01-17 15:23:41.001,23238,23238,23238,2,0
2025-01-17 15:23:46.001,23238,23238,23238,2,0
2025-01-17 15:23:46.001,23238,23238,23238,2,0
2025-01-17 15:23:47.001,23237,23237,23237,2,-2
2025-01-17 15:23:52.001,23238,23238,23238,6,6
2025-01-17 15:23:53.001,23238,23238,23238,2,0
2025-01-17 15:23:54.001,23239,23239,23239,2,2
2025-01-17 15:23:54.001,23239,23239,23239,2,0
2025-01-17 15:23:54.001,23240,23240,23240,4,4
2025-01-17 15:23:54.001,23240,23240,23240,2,0
2025-01-17 15:23:54.001,23240,23240,23240,2,0
2025-01-17 15:23:54.001,23240,23240,23240,2,0
2025-01-17 15:23:55.001,23241,23241,23241,2,2
2025-01-17 15:23:56.001,23241,23241,23241,2,0
2025-01-17 15:23:57.001,23242,23242,23242,2,2
2025-01-17 15:23:58.001,23241,23241,23241,2,-2
2025-01-17 15:23:59.001,23242,23242,23242,2,2
2025-01-17 15:24:00.001,23241,23241,23241,2,-2
2025-01-17 15:24:00.001,23242,23242,23242,2,2
2025-01-17 15:24:00.001,23242,23242,23242,2,0
2025-01-17 15:24:00.001,23242,23242,23242,2,0
2025-01-17 15:24:00.001,23242,23242,23242,6,0
2025-01-17 15:24:00.001,23242,23242,23242,2,0
2025-01-17 15:24:01.001,23242,23242,23242,2,0
2025-01-17 15:24:01.001,23242,23242,23242,2,0
2025-01-17 15:24:01.001,23241,23241,23241,2,-2
2025-01-17 15:24:01.001,23241,23241,23241,2,0
2025-01-17 15:24:01.001,23242,23242,23242,2,2
2025-01-17 15:24:01.001,23242,23242,23242,2,0
2025-01-17 15:24:01.001,23243,23243,23243,2,2
2025-01-17 15:24:01.001,23244,23244,23244,2,2
2025-01-17 15:24:01.001,23243,23243,23243,2,-2
2025-01-17 15:24:02.001,23244,23244,23244,10,10
2025-01-17 15:24:02.001,23242,23242,23242,2,-2
2025-01-17 15:24:03.001,23242,23242,23242,2,0
2025-01-17 15:24:03.001,23244,23244,23244,2,2
2025-01-17 15:24:05.001,23245,23245,23245,2,2
2025-01-17 15:24:06.001,23245,23245,23245,2,0
2025-01-17 15:24:07.001,23244,23244,23244,2,-2
2025-01-17 15:24:07.001,23244,23244,23244,2,0
2025-01-17 15:24:09.001,23245,23245,23245,2,2
2025-01-17 15:24:11.001,23245,23245,23245,4,0
2025-01-17 15:24:11.001,23244,23244,23244,2,-2
2025-01-17 15:24:11.001,23244,23244,23244,2,0
2025-01-17 15:24:12.001,23245,23245,23245,2,2
2025-01-17 15:24:13.001,23244,23244,23244,2,-2
2025-01-17 15:24:15.001,23242,23242,23242,2,-2
2025-01-17 15:24:16.001,23241,23241,23241,2,-2
2025-01-17 15:24:16.001,23242,23242,23242,2,2
2025-01-17 15:24:19.001,23241,23241,23241,2,-2
2025-01-17 15:24:26.001,23239,23239,23239,2,-2
2025-01-17 15:24:29.001,23240,23240,23240,2,2
2025-01-17 15:24:32.001,23239,23239,23239,2,-2
2025-01-17 15:24:34.001,23239,23239,23239,2,0
2025-01-17 15:24:36.001,23239,23239,23239,2,0
2025-01-17 15:24:39.001,23242,23242,23242,2,2
2025-01-17 15:24:41.001,23241,23241,23241,2,-2
2025-01-17 15:24:44.001,23242,23242,23242,2,2
2025-01-17 15:24:45.001,23240,23240,23240,2,-2
2025-01-17 15:24:51.001,23240,23240,23240,2,0
2025-01-17 15:24:52.001,23239,23239,23239,2,-2
2025-01-17 15:24:53.001,23240,23240,23240,6,6
2025-01-17 15:24:55.001,23242,23242,23242,4,4
2025-01-17 15:25:00.001,23240,23240,23240,2,-2
2025-01-17 15:25:02.001,23240,23240,23240,2,0
2025-01-17 15:25:02.001,23240,23240,23240,2,0
2025-01-17 15:25:02.001,23239,23239,23239,2,-2
2025-01-17 15:25:02.001,23239,23239,23239,4,0
2025-01-17 15:25:02.001,23239,23239,23239,4,0
2025-01-17 15:25:02.001,23240,23240,23240,2,2
2025-01-17 15:25:03.001,23238,23238,23238,2,-2
2025-01-17 15:25:04.001,23237,23237,23237,2,-2
2025-01-17 15:25:04.001,23238,23238,23238,4,4
2025-01-17 15:25:06.001,23236,23236,23236,2,-2
2025-01-17 15:25:14.001,23235,23235,23235,10,-10
2025-01-17 15:25:15.001,23234,23234,23234,2,-2
2025-01-17 15:25:16.001,23233,23233,23233,2,-2
2025-01-17 15:25:16.001,23231,23231,23231,2,-2
2025-01-17 15:25:17.001,23233,23233,23233,2,2
2025-01-17 15:25:17.001,23234,23234,23234,4,4
2025-01-17 15:25:18.001,23231,23231,23231,2,-2
2025-01-17 15:25:21.001,23232,23232,23232,2,2
2025-01-17 15:25:24.001,23233,23233,23233,8,8
2025-01-17 15:25:26.001,23233,23233,23233,2,0
2025-01-17 15:25:31.001,23235,23235,23235,2,2
2025-01-17 15:25:32.001,23233,23233,23233,2,-2
2025-01-17 15:25:34.001,23233,23233,23233,2,0
2025-01-17 15:25:36.001,23233,23233,23233,6,0
2025-01-17 15:25:41.001,23231,23231,23231,2,-2
2025-01-17 15:25:41.001,23231,23231,23231,2,0
2025-01-17 15:25:41.001,23231,23231,23231,2,0
2025-01-17 15:25:41.001,23232,23232,23232,2,2
2025-01-17 15:25:42.001,23230,23230,23230,2,-2
2025-01-17 15:25:42.001,23230,23230,23230,2,0
2025-01-17 15:25:42.001,23230,23230,23230,2,0
2025-01-17 15:25:42.001,23230,23230,23230,2,0
2025-01-17 15:25:42.001,23230,23230,23230,2,0
2025-01-17 15:25:45.001,23230,23230,23230,2,0
2025-01-17 15:25:48.001,23230,23230,23230,2,0
2025-01-17 15:25:48.001,23229,23229,23229,4,-4
2025-01-17 15:25:48.001,23229,23229,23229,2,0
2025-01-17 15:25:48.001,23229,23229,23229,2,0
2025-01-17 15:25:50.001,23228,23228,23228,2,-2
2025-01-17 15:25:50.001,23228,23228,23228,4,0
2025-01-17 15:25:50.001,23228,23228,23228,4,0
2025-01-17 15:25:50.001,23228,23228,23228,2,0
2025-01-17 15:25:59.001,23227,23227,23227,2,-2
2025-01-17 15:25:59.001,23227,23227,23227,2,0
2025-01-17 15:25:59.001,23227,23227,23227,2,0
2025-01-17 15:25:59.001,23227,23227,23227,2,0
2025-01-17 15:25:59.001,23227,23227,23227,2,0
2025-01-17 15:25:59.001,23226,23226,23226,2,-2
2025-01-17 15:25:59.001,23226,23226,23226,2,0
2025-01-17 15:26:04.001,23228,23228,23228,4,4
2025-01-17 15:26:04.001,23227,23227,23227,2,-2
2025-01-17 15:26:07.001,23226,23226,23226,2,-2
2025-01-17 15:26:07.001,23225,23225,23225,2,-2
2025-01-17 15:26:08.001,23225,23225,23225,2,0
2025-01-17 15:26:09.001,23224,23224,23224,2,-2
2025-01-17 15:26:09.001,23224,23224,23224,2,0
2025-01-17 15:26:16.001,23223,23223,23223,2,-2
2025-01-17 15:26:16.001,23222,23222,23222,2,-2
2025-01-17 15:26:17.001,23221,23221,23221,2,-2
2025-01-17 15:26:17.001,23221,23221,23221,2,0
2025-01-17 15:26:17.001,23221,23221,23221,2,0
2025-01-17 15:26:17.001,23221,23221,23221,2,0
2025-01-17 15:26:17.001,23220,23220,23220,2,-2
2025-01-17 15:26:17.001,23220,23220,23220,2,0
2025-01-17 15:26:17.001,23220,23220,23220,2,0
2025-01-17 15:26:17.001,23220,23220,23220,2,0
2025-01-17 15:26:17.001,23219,23219,23219,2,-2
2025-01-17 15:26:17.001,23218,23218,23218,2,-2
2025-01-17 15:26:17.001,23218,23218,23218,2,0
2025-01-17 15:26:18.001,23219,23219,23219,2,2
2025-01-17 15:26:19.001,23220,23220,23220,2,2
2025-01-17 15:26:24.001,23220,23220,23220,2,0
2025-01-17 15:26:26.001,23220,23220,23220,6,0
2025-01-17 15:26:31.001,23221,23221,23221,2,2
2025-01-17 15:26:31.001,23221,23221,23221,2,0
2025-01-17 15:26:31.001,23221,23221,23221,2,0
2025-01-17 15:26:32.001,23220,23220,23220,2,-2
2025-01-17 15:26:35.001,23220,23220,23220,2,0
2025-01-17 15:26:35.001,23220,23220,23220,2,0
2025-01-17 15:26:35.001,23220,23220,23220,6,0
2025-01-17 15:26:35.001,23221,23221,23221,2,2
2025-01-17 15:26:38.001,23221,23221,23221,2,0
2025-01-17 15:26:38.001,23220,23220,23220,2,-2
2025-01-17 15:26:38.001,23220,23220,23220,2,0
2025-01-17 15:26:38.001,23220,23220,23220,2,0
2025-01-17 15:26:38.001,23220,23220,23220,4,0
2025-01-17 15:26:40.001,23220,23220,23220,2,0
2025-01-17 15:26:50.001,23219,23219,23219,2,-2
2025-01-17 15:26:50.001,23219,23219,23219,2,0
2025-01-17 15:26:50.001,23218,23218,23218,2,-2
2025-01-17 15:26:51.001,23219,23219,23219,2,2
2025-01-17 15:26:53.001,23218,23218,23218,2,-2
2025-01-17 15:26:53.001,23217,23217,23217,2,-2
2025-01-17 15:26:55.001,23219,23219,23219,2,2
2025-01-17 15:26:56.001,23220,23220,23220,2,2
2025-01-17 15:26:57.001,23220,23220,23220,2,0
2025-01-17 15:27:00.001,23220,23220,23220,2,0
2025-01-17 15:27:09.001,23221,23221,23221,2,2
2025-01-17 15:27:12.001,23220,23220,23220,2,-2
2025-01-17 15:27:12.001,23220,23220,23220,2,0
2025-01-17 15:27:12.001,23220,23220,23220,6,0
2025-01-17 15:27:19.001,23219,23219,23219,2,-2
2025-01-17 15:27:19.001,23217,23217,23217,2,-2
2025-01-17 15:27:19.001,23217,23217,23217,2,0
2025-01-17 15:27:19.001,23217,23217,23217,2,0
2025-01-17 15:27:19.001,23217,23217,23217,2,0
2025-01-17 15:27:19.001,23217,23217,23217,2,0
2025-01-17 15:27:19.001,23216,23216,23216,2,-2
2025-01-17 15:27:21.001,23215,23215,23215,4,-4
2025-01-17 15:27:21.001,23215,23215,23215,2,0
2025-01-17 15:27:21.001,23215,23215,23215,2,0
2025-01-17 15:27:22.001,23214,23214,23214,2,-2
2025-01-17 15:27:22.001,23214,23214,23214,2,0
2025-01-17 15:27:22.001,23214,23214,23214,2,0
2025-01-17 15:27:23.001,23215,23215,23215,2,2
2025-01-17 15:27:23.001,23214,23214,23214,2,-2
2025-01-17 15:27:27.001,23214,23214,23214,2,0
2025-01-17 15:27:27.001,23214,23214,23214,2,0
2025-01-17 15:27:27.001,23215,23215,23215,2,2
2025-01-17 15:27:28.001,23215,23215,23215,2,0
2025-01-17 15:27:32.001,23216,23216,23216,2,2
2025-01-17 15:27:37.001,23218,23218,23218,2,2
2025-01-17 15:27:37.001,23218,23218,23218,2,0
2025-01-17 15:27:37.001,23218,23218,23218,2,0
2025-01-17 15:27:45.001,23218,23218,23218,2,0
2025-01-17 15:27:45.001,23218,23218,23218,2,0
2025-01-17 15:27:49.001,23216,23216,23216,2,-2
2025-01-17 15:27:53.001,23217,23217,23217,2,2
2025-01-17 15:28:20.001,23217,23217,23217,2,0
2025-01-17 15:28:23.001,23216,23216,23216,2,-2
2025-01-17 15:28:24.001,23215,23215,23215,2,-2
2025-01-17 15:28:24.001,23215,23215,23215,2,0
2025-01-17 15:28:24.001,23215,23215,23215,2,0
2025-01-17 15:28:26.001,23214,23214,23214,2,-2
2025-01-17 15:28:29.001,23214,23214,23214,2,0
2025-01-17 15:28:29.001,23214,23214,23214,2,0
2025-01-17 15:28:29.001,23214,23214,23214,2,0
2025-01-17 15:28:29.001,23214,23214,23214,2,0
2025-01-17 15:28:30.001,23213,23213,23213,2,-2
2025-01-17 15:28:30.001,23213,23213,23213,2,0
2025-01-17 15:28:33.001,23212,23212,23212,2,-2
2025-01-17 15:28:35.001,23212,23212,23212,2,0
2025-01-17 15:28:35.001,23212,23212,23212,2,0
2025-01-17 15:28:35.001,23212,23212,23212,2,0
2025-01-17 15:28:35.001,23212,23212,23212,2,0
2025-01-17 15:28:35.001,23212,23212,23212,2,0
2025-01-17 15:28:35.001,23212,23212,23212,2,0
2025-01-17 15:28:35.001,23211,23211,23211,2,-2
2025-01-17 15:28:35.001,23211,23211,23211,2,0
2025-01-17 15:28:35.001,23211,23211,23211,4,0
2025-01-17 15:28:36.001,23212,23212,23212,2,2
2025-01-17 15:28:39.001,23210,23210,23210,2,-2
2025-01-17 15:28:39.001,23210,23210,23210,2,0
2025-01-17 15:28:39.001,23210,23210,23210,2,0
2025-01-17 15:28:40.001,23210,23210,23210,2,0
2025-01-17 15:28:41.001,23211,23211,23211,2,2
2025-01-17 15:28:41.001,23212,23212,23212,4,4
2025-01-17 15:28:42.001,23215,23215,23215,4,4
2025-01-17 15:28:47.001,23215,23215,23215,2,0
2025-01-17 15:29:15.001,23217,23217,23217,2,2
2025-01-17 15:29:15.001,23217,23217,23217,2,0
2025-01-17 15:29:15.001,23217,23217,23217,2,0
2025-01-17 15:29:15.001,23215,23215,23215,4,-4
2025-01-17 15:29:15.001,23215,23215,23215,2,0
2025-01-17 15:29:17.001,23212,23212,23212,2,-2
2025-01-17 15:29:17.001,23212,23212,23212,2,0
2025-01-17 15:29:17.001,23212,23212,23212,10,0
2025-01-17 15:29:17.001,23212,23212,23212,2,0
2025-01-17 15:29:17.001,23212,23212,23212,2,0
2025-01-17 15:29:17.001,23212,23212,23212,2,0
2025-01-17 15:29:19.001,23213,23213,23213,2,2
2025-01-17 15:29:22.001,23213,23213,23213,2,0
2025-01-17 15:29:22.001,23213,23213,23213,2,0
2025-01-17 15:29:22.001,23213,23213,23213,2,0
2025-01-17 15:29:22.001,23213,23213,23213,2,0
2025-01-17 15:29:23.001,23216,23216,23216,2,2
2025-01-17 15:29:32.001,23216,23216,23216,2,0
2025-01-17 15:29:46.001,23213,23213,23213,2,-2
2025-01-17 15:29:50.001,23214,23214,23214,2,2
2025-01-17 15:29:52.001,23213,23213,23213,2,-2
2025-01-17 15:29:52.001,23213,23213,23213,2,0
2025-01-17 15:29:52.001,23213,23213,23213,2,0
2025-01-17 15:29:52.001,23214,23214,23214,2,2
2025-01-17 15:29:57.001,23213,23213,23213,2,-2
2025-01-17 15:29:57.001,23213,23213,23213,2,0
2025-01-17 15:29:59.001,23212,23212,23212,2,-2
2025-01-17 15:29:59.001,23213,23213,23213,2,2
2025-01-17 15:30:01.001,23213,23213,23213,2,0
2025-01-17 15:30:01.001,23213,23213,23213,2,0
2025-01-17 15:30:01.001,23213,23213,23213,2,0
2025-01-17 15:30:01.001,23215,23215,23215,2,2
2025-01-17 15:30:01.001,23215,23215,23215,2,0
2025-01-17 15:30:01.001,23216,23216,23216,2,2
2025-01-17 15:30:01.001,23217,23217,23217,2,2
2025-01-17 15:30:01.001,23218,23218,23218,2,2
2025-01-17 15:30:03.001,23213,23213,23213,2,-2
2025-01-17 15:30:03.001,23213,23213,23213,2,0
2025-01-17 15:30:13.001,23212,23212,23212,12,-12
2025-01-17 15:30:13.001,23212,23212,23212,2,0
2025-01-17 15:30:13.001,23212,23212,23212,2,0
2025-01-17 15:30:13.001,23213,23213,23213,2,2
2025-01-17 15:30:24.001,23213,23213,23213,12,0
2025-01-17 15:30:59.001,23216,23216,23216,2,2
2025-01-17 15:30:59.001,23213,23213,23213,2,-2
2025-01-17 15:31:03.001,23215,23215,23215,2,2
2025-01-17 15:31:14.001,23216,23216,23216,2,2
2025-01-17 15:31:37.001,23216,23216,23216,2,0
2025-01-17 15:31:53.001,23218,23218,23218,2,2
2025-01-17 15:31:53.001,23218,23218,23218,2,0
2025-01-17 15:32:01.001,23219,23219,23219,2,2
2025-01-17 15:32:04.001,23217,23217,23217,10,-10
2025-01-17 15:32:04.001,23217,23217,23217,2,0
2025-01-17 15:32:04.001,23217,23217,23217,4,0
2025-01-17 15:32:10.001,23219,23219,23219,2,2
2025-01-17 15:32:11.001,23220,23220,23220,6,6
2025-01-17 15:32:11.001,23220,23220,23220,2,0
2025-01-17 15:32:17.001,23220,23220,23220,2,0
2025-01-17 15:32:24.001,23219,23219,23219,2,-2
2025-01-17 15:32:33.001,23218,23218,23218,2,-2
2025-01-17 15:32:34.001,23218,23218,23218,2,0
2025-01-17 15:32:34.001,23217,23217,23217,2,-2
2025-01-17 15:32:35.001,23219,23219,23219,2,2
2025-01-17 15:32:46.001,23219,23219,23219,2,0
2025-01-17 15:32:49.001,23218,23218,23218,2,-2
2025-01-17 15:32:51.001,23218,23218,23218,2,0
2025-01-17 15:32:51.001,23218,23218,23218,8,0
2025-01-17 15:32:52.001,23219,23219,23219,2,2
2025-01-17 15:32:52.001,23219,23219,23219,2,0
2025-01-17 15:32:52.001,23219,23219,23219,2,0
2025-01-17 15:32:58.001,23221,23221,23221,4,4
2025-01-17 15:32:59.001,23222,23222,23222,4,4
2025-01-17 15:33:01.001,23221,23221,23221,4,-4
2025-01-17 15:33:10.001,23222,23222,23222,2,2
2025-01-17 15:33:10.001,23223,23223,23223,6,6
2025-01-17 15:33:10.001,23224,23224,23224,2,2
2025-01-17 15:33:10.001,23224,23224,23224,2,0
2025-01-17 15:33:10.001,23223,23223,23223,2,-2
2025-01-17 15:33:10.001,23222,23222,23222,2,-2
2025-01-17 15:33:10.001,23222,23222,23222,2,0
2025-01-17 15:33:10.001,23222,23222,23222,2,0
2025-01-17 15:33:10.001,23221,23221,23221,2,-2
2025-01-17 15:33:15.001,23223,23223,23223,2,2
2025-01-17 15:33:15.001,23224,23224,23224,4,4
2025-01-17 15:33:17.001,23225,23225,23225,2,2
2025-01-17 15:33:17.001,23225,23225,23225,4,0
2025-01-17 15:33:19.001,23226,23226,23226,2,2
2025-01-17 15:33:19.001,23225,23225,23225,2,-2
2025-01-17 15:33:19.001,23225,23225,23225,2,0
2025-01-17 15:33:21.001,23224,23224,23224,2,-2
2025-01-17 15:33:23.001,23225,23225,23225,2,2
2025-01-17 15:33:27.001,23224,23224,23224,2,-2
2025-01-17 15:33:27.001,23224,23224,23224,4,0
2025-01-17 15:33:27.001,23224,23224,23224,10,0
2025-01-17 15:33:27.001,23223,23223,23223,2,-2
2025-01-17 15:33:27.001,23222,23222,23222,2,-2
2025-01-17 15:33:27.001,23221,23221,23221,2,-2
2025-01-17 15:33:28.001,23223,23223,23223,4,4
2025-01-17 15:33:49.001,23223,23223,23223,2,0
2025-01-17 15:33:49.001,23222,23222,23222,2,-2
2025-01-17 15:33:51.001,23222,23222,23222,2,0
2025-01-17 15:33:59.001,23221,23221,23221,2,-2
2025-01-17 15:33:59.001,23221,23221,23221,2,0
2025-01-17 15:34:01.001,23223,23223,23223,2,2
2025-01-17 15:34:06.001,23223,23223,23223,2,0
2025-01-17 15:34:06.001,23222,23222,23222,2,-2
2025-01-17 15:34:11.001,23221,23221,23221,2,-2
2025-01-17 15:34:17.001,23220,23220,23220,2,-2
2025-01-17 15:34:18.001,23219,23219,23219,2,-2
2025-01-17 15:34:21.001,23217,23217,23217,2,-2
2025-01-17 15:34:21.001,23217,23217,23217,2,0
2025-01-17 15:34:21.001,23217,23217,23217,2,0
2025-01-17 15:34:21.001,23217,23217,23217,2,0
2025-01-17 15:34:25.001,23216,23216,23216,2,-2
2025-01-17 15:34:28.001,23214,23214,23214,2,-2
2025-01-17 15:34:28.001,23213,23213,23213,2,-2
2025-01-17 15:34:28.001,23213,23213,23213,10,0
2025-01-17 15:34:28.001,23213,23213,23213,2,0
2025-01-17 15:34:28.001,23213,23213,23213,2,0
2025-01-17 15:34:28.001,23213,23213,23213,2,0
2025-01-17 15:34:29.001,23212,23212,23212,2,-2
2025-01-17 15:34:29.001,23212,23212,23212,2,0
2025-01-17 15:34:29.001,23212,23212,23212,4,0
2025-01-17 15:34:30.001,23211,23211,23211,2,-2
2025-01-17 15:34:30.001,23211,23211,23211,4,0
2025-01-17 15:34:30.001,23210,23210,23210,2,-2
2025-01-17 15:34:30.001,23210,23210,23210,2,0
2025-01-17 15:34:30.001,23210,23210,23210,2,0
2025-01-17 15:34:30.001,23210,23210,23210,2,0
2025-01-17 15:34:30.001,23209,23209,23209,2,-2
2025-01-17 15:34:30.001,23209,23209,23209,2,0
2025-01-17 15:34:30.001,23208,23208,23208,2,-2
2025-01-17 15:34:30.001,23208,23208,23208,2,0
2025-01-17 15:34:30.001,23208,23208,23208,2,0
2025-01-17 15:34:30.001,23208,23208,23208,2,0
2025-01-17 15:34:30.001,23208,23208,23208,2,0
2025-01-17 15:34:30.001,23208,23208,23208,2,0
2025-01-17 15:34:30.001,23208,23208,23208,2,0
2025-01-17 15:34:30.001,23209,23209,23209,2,2
2025-01-17 15:34:30.001,23209,23209,23209,2,0
2025-01-17 15:34:30.001,23209,23209,23209,2,0
2025-01-17 15:34:30.001,23209,23209,23209,2,0
2025-01-17 15:34:30.001,23207,23207,23207,2,-2
2025-01-17 15:34:30.001,23206,23206,23206,2,-2
2025-01-17 15:34:30.001,23206,23206,23206,2,0
2025-01-17 15:34:30.001,23206,23206,23206,2,0
2025-01-17 15:34:30.001,23206,23206,23206,2,0
2025-01-17 15:34:32.001,23207,23207,23207,4,4
2025-01-17 15:34:33.001,23206,23206,23206,2,-2
2025-01-17 15:34:36.001,23206,23206,23206,4,0
2025-01-17 15:34:36.001,23206,23206,23206,2,0
2025-01-17 15:34:36.001,23205,23205,23205,8,-8
2025-01-17 15:34:36.001,23205,23205,23205,2,0
2025-01-17 15:34:36.001,23205,23205,23205,2,0
2025-01-17 15:34:36.001,23205,23205,23205,2,0
2025-01-17 15:34:36.001,23205,23205,23205,2,0
2025-01-17 15:34:36.001,23205,23205,23205,2,0
2025-01-17 15:34:36.001,23204,23204,23204,2,-2
2025-01-17 15:34:36.001,23204,23204,23204,2,0
2025-01-17 15:34:37.001,23205,23205,23205,2,2
2025-01-17 15:34:41.001,23206,23206,23206,4,4
2025-01-17 15:34:42.001,23205,23205,23205,2,-2
2025-01-17 15:34:42.001,23205,23205,23205,2,0
2025-01-17 15:34:44.001,23206,23206,23206,2,2
2025-01-17 15:34:47.001,23206,23206,23206,2,0
2025-01-17 15:34:47.001,23205,23205,23205,2,-2
2025-01-17 15:34:47.001,23205,23205,23205,2,0
2025-01-17 15:34:47.001,23205,23205,23205,2,0
2025-01-17 15:34:47.001,23205,23205,23205,2,0
2025-01-17 15:34:47.001,23205,23205,23205,2,0
2025-01-17 15:34:49.001,23205,23205,23205,6,0
2025-01-17 15:34:49.001,23205,23205,23205,2,0
2025-01-17 15:34:57.001,23206,23206,23206,2,2
2025-01-17 15:35:03.001,23206,23206,23206,2,0
2025-01-17 15:35:03.001,23207,23207,23207,12,12
2025-01-17 15:35:03.001,23206,23206,23206,2,-2
2025-01-17 15:35:04.001,23206,23206,23206,2,0
2025-01-17 15:35:04.001,23206,23206,23206,2,0
2025-01-17 15:35:04.001,23206,23206,23206,2,0
2025-01-17 15:35:10.001,23206,23206,23206,2,0
2025-01-17 15:35:14.001,23206,23206,23206,2,0
2025-01-17 15:35:15.001,23206,23206,23206,2,0
2025-01-17 15:35:15.001,23206,23206,23206,2,0
2025-01-17 15:35:15.001,23205,23205,23205,2,-2
2025-01-17 15:35:16.001,23205,23205,23205,2,0
2025-01-17 15:35:17.001,23206,23206,23206,2,2
2025-01-17 15:35:19.001,23204,23204,23204,2,-2
2025-01-17 15:35:21.001,23204,23204,23204,2,0
2025-01-17 15:35:21.001,23203,23203,23203,2,-2
2025-01-17 15:35:21.001,23203,23203,23203,2,0
2025-01-17 15:35:22.001,23202,23202,23202,2,-2
2025-01-17 15:35:22.001,23202,23202,23202,2,0
2025-01-17 15:35:22.001,23202,23202,23202,2,0
2025-01-17 15:35:22.001,23202,23202,23202,2,0
2025-01-17 15:35:22.001,23202,23202,23202,2,0
2025-01-17 15:35:22.001,23201,23201,23201,2,-2
2025-01-17 15:35:22.001,23201,23201,23201,2,0
2025-01-17 15:35:22.001,23201,23201,23201,2,0
2025-01-17 15:35:22.001,23201,23201,23201,2,0
2025-01-17 15:35:22.001,23200,23200,23200,2,-2
2025-01-17 15:35:22.001,23200,23200,23200,2,0
2025-01-17 15:35:22.001,23200,23200,23200,2,0
2025-01-17 15:35:22.001,23200,23200,23200,2,0
2025-01-17 15:35:22.001,23200,23200,23200,2,0
2025-01-17 15:35:22.001,23200,23200,23200,2,0
2025-01-17 15:35:22.001,23200,23200,23200,2,0
2025-01-17 15:35:22.001,23200,23200,23200,2,0
2025-01-17 15:35:22.001,23200,23200,23200,2,0
2025-01-17 15:35:22.001,23199,23199,23199,2,-2
2025-01-17 15:35:23.001,23198,23198,23198,2,-2
2025-01-17 15:35:24.001,23198,23198,23198,2,0
2025-01-17 15:35:24.001,23198,23198,23198,2,0
2025-01-17 15:35:25.001,23198,23198,23198,2,0
2025-01-17 15:35:25.001,23199,23199,23199,6,6
2025-01-17 15:35:28.001,23199,23199,23199,2,0
2025-01-17 15:35:28.001,23198,23198,23198,2,-2
2025-01-17 15:35:30.001,23198,23198,23198,2,0
2025-01-17 15:35:30.001,23198,23198,23198,2,0
2025-01-17 15:35:30.001,23198,23198,23198,2,0
2025-01-17 15:35:30.001,23198,23198,23198,2,0
2025-01-17 15:35:30.001,23197,23197,23197,2,-2
2025-01-17 15:35:30.001,23197,23197,23197,2,0
2025-01-17 15:35:30.001,23197,23197,23197,2,0
2025-01-17 15:35:30.001,23199,23199,23199,2,2
2025-01-17 15:35:33.001,23198,23198,23198,2,-2
2025-01-17 15:35:39.001,23197,23197,23197,2,-2
2025-01-17 15:35:41.001,23197,23197,23197,2,0
2025-01-17 15:35:42.001,23196,23196,23196,2,-2
2025-01-17 15:35:43.001,23196,23196,23196,2,0
2025-01-17 15:35:47.001,23198,23198,23198,4,4
2025-01-17 15:35:49.001,23198,23198,23198,2,0
2025-01-17 15:35:53.001,23199,23199,23199,8,8
2025-01-17 15:35:53.001,23201,23201,23201,2,2
2025-01-17 15:36:00.001,23202,23202,23202,2,2
2025-01-17 15:36:05.001,23198,23198,23198,2,-2
2025-01-17 15:36:05.001,23198,23198,23198,2,0
2025-01-17 15:36:06.001,23199,23199,23199,2,2
2025-01-17 15:36:18.001,23199,23199,23199,2,0
2025-01-17 15:36:18.001,23199,23199,23199,2,0
2025-01-17 15:36:19.001,23198,23198,23198,2,-2
2025-01-17 15:36:19.001,23198,23198,23198,2,0
2025-01-17 15:36:24.001,23197,23197,23197,2,-2
2025-01-17 15:36:24.001,23197,23197,23197,2,0
2025-01-17 15:36:24.001,23196,23196,23196,2,-2
2025-01-17 15:36:24.001,23196,23196,23196,2,0
2025-01-17 15:36:27.001,23196,23196,23196,2,0
2025-01-17 15:36:28.001,23200,23200,23200,2,2
2025-01-17 15:36:28.001,23197,23197,23197,2,-2
2025-01-17 15:36:28.001,23197,23197,23197,2,0
2025-01-17 15:36:28.001,23197,23197,23197,2,0
2025-01-17 15:36:28.001,23197,23197,23197,2,0
2025-01-17 15:36:28.001,23197,23197,23197,2,0
2025-01-17 15:36:32.001,23196,23196,23196,2,-2
2025-01-17 15:36:35.001,23196,23196,23196,2,0
2025-01-17 15:36:35.001,23195,23195,23195,2,-2
2025-01-17 15:36:35.001,23195,23195,23195,2,0
2025-01-17 15:36:35.001,23194,23194,23194,2,-2
2025-01-17 15:36:35.001,23195,23195,23195,2,2
2025-01-17 15:36:37.001,23195,23195,23195,2,0
2025-01-17 15:36:41.001,23194,23194,23194,2,-2
2025-01-17 15:36:41.001,23193,23193,23193,2,-2
2025-01-17 15:36:43.001,23195,23195,23195,4,4
2025-01-17 15:36:44.001,23194,23194,23194,2,-2
2025-01-17 15:36:53.001,23193,23193,23193,4,-4
2025-01-17 15:36:53.001,23193,23193,23193,2,0
2025-01-17 15:36:54.001,23192,23192,23192,2,-2
2025-01-17 15:36:54.001,23192,23192,23192,2,0
2025-01-17 15:36:54.001,23191,23191,23191,2,-2
2025-01-17 15:36:54.001,23191,23191,23191,2,0
2025-01-17 15:36:54.001,23191,23191,23191,2,0
2025-01-17 15:36:54.001,23191,23191,23191,2,0
2025-01-17 15:36:54.001,23193,23193,23193,2,2
2025-01-17 15:36:54.001,23194,23194,23194,10,10
2025-01-17 15:36:55.001,23193,23193,23193,2,-2
2025-01-17 15:36:57.001,23195,23195,23195,4,4
2025-01-17 15:36:57.001,23195,23195,23195,2,0
2025-01-17 15:37:03.001,23195,23195,23195,2,0
2025-01-17 15:37:03.001,23195,23195,23195,2,0
2025-01-17 15:37:06.001,23196,23196,23196,2,2
2025-01-17 15:37:06.001,23197,23197,23197,4,4
2025-01-17 15:37:06.001,23198,23198,23198,2,2
2025-01-17 15:37:07.001,23198,23198,23198,2,0
2025-01-17 15:37:11.001,23198,23198,23198,2,0
2025-01-17 15:37:14.001,23198,23198,23198,2,0
2025-01-17 15:37:14.001,23198,23198,23198,2,0
2025-01-17 15:37:14.001,23197,23197,23197,2,-2
2025-01-17 15:37:22.001,23198,23198,23198,2,2
2025-01-17 15:37:24.001,23199,23199,23199,2,2
2025-01-17 15:37:26.001,23199,23199,23199,2,0
2025-01-17 15:37:32.001,23199,23199,23199,2,0
2025-01-17 15:37:36.001,23196,23196,23196,2,-2
2025-01-17 15:37:36.001,23196,23196,23196,2,0
2025-01-17 15:37:48.001,23199,23199,23199,2,2
2025-01-17 15:37:49.001,23200,23200,23200,4,4
2025-01-17 15:37:49.001,23200,23200,23200,6,0
2025-01-17 15:37:49.001,23201,23201,23201,2,2
2025-01-17 15:37:49.001,23202,23202,23202,2,2
2025-01-17 15:37:51.001,23202,23202,23202,2,0
2025-01-17 15:37:53.001,23202,23202,23202,2,0
2025-01-17 15:38:01.001,23200,23200,23200,2,-2
2025-01-17 15:38:02.001,23202,23202,23202,6,6
2025-01-17 15:38:02.001,23203,23203,23203,2,2
2025-01-17 15:38:04.001,23203,23203,23203,4,0
2025-01-17 15:38:07.001,23202,23202,23202,2,-2
2025-01-17 15:38:07.001,23202,23202,23202,2,0
2025-01-17 15:38:07.001,23202,23202,23202,2,0
2025-01-17 15:38:13.001,23204,23204,23204,2,2
2025-01-17 15:38:13.001,23203,23203,23203,2,-2
2025-01-17 15:38:14.001,23205,23205,23205,4,4
2025-01-17 15:38:14.001,23205,23205,23205,6,0
2025-01-17 15:38:15.001,23204,23204,23204,2,-2
2025-01-17 15:38:15.001,23204,23204,23204,2,0
2025-01-17 15:38:18.001,23205,23205,23205,2,2
2025-01-17 15:38:22.001,23206,23206,23206,2,2
2025-01-17 15:38:23.001,23205,23205,23205,2,-2
2025-01-17 15:38:23.001,23205,23205,23205,2,0
2025-01-17 15:38:23.001,23206,23206,23206,2,2
2025-01-17 15:38:23.001,23206,23206,23206,2,0
2025-01-17 15:38:23.001,23207,23207,23207,2,2
2025-01-17 15:38:23.001,23208,23208,23208,2,2
2025-01-17 15:38:23.001,23208,23208,23208,2,0
2025-01-17 15:38:23.001,23208,23208,23208,2,0
2025-01-17 15:38:23.001,23208,23208,23208,2,0
2025-01-17 15:38:23.001,23209,23209,23209,2,2
2025-01-17 15:38:23.001,23209,23209,23209,2,0
2025-01-17 15:38:26.001,23208,23208,23208,2,-2
2025-01-17 15:38:26.001,23208,23208,23208,2,0
2025-01-17 15:38:26.001,23210,23210,23210,6,6
2025-01-17 15:38:27.001,23208,23208,23208,2,-2
2025-01-17 15:38:27.001,23208,23208,23208,2,0
2025-01-17 15:38:31.001,23207,23207,23207,2,-2
2025-01-17 15:38:31.001,23207,23207,23207,2,0
2025-01-17 15:38:31.001,23207,23207,23207,2,0
2025-01-17 15:38:31.001,23207,23207,23207,2,0
2025-01-17 15:38:34.001,23206,23206,23206,2,-2
2025-01-17 15:38:39.001,23207,23207,23207,2,2
2025-01-17 15:38:41.001,23206,23206,23206,2,-2
2025-01-17 15:38:41.001,23206,23206,23206,2,0
2025-01-17 15:38:41.001,23206,23206,23206,2,0
2025-01-17 15:38:45.001,23206,23206,23206,2,0
2025-01-17 15:38:49.001,23206,23206,23206,2,0
2025-01-17 15:38:50.001,23206,23206,23206,2,0
2025-01-17 15:38:58.001,23207,23207,23207,2,2
2025-01-17 15:38:58.001,23207,23207,23207,2,0
2025-01-17 15:38:58.001,23208,23208,23208,6,6
2025-01-17 15:39:04.001,23208,23208,23208,2,0
2025-01-17 15:39:04.001,23209,23209,23209,4,4
2025-01-17 15:39:10.001,23213,23213,23213,4,4
2025-01-17 15:39:17.001,23212,23212,23212,4,-4
2025-01-17 15:39:18.001,23212,23212,23212,2,0
2025-01-17 15:39:19.001,23213,23213,23213,2,2
2025-01-17 15:39:20.001,23213,23213,23213,2,0
2025-01-17 15:39:23.001,23213,23213,23213,2,0
2025-01-17 15:39:28.001,23213,23213,23213,2,0
2025-01-17 15:39:28.001,23214,23214,23214,2,2
2025-01-17 15:39:28.001,23214,23214,23214,4,0
2025-01-17 15:39:28.001,23214,23214,23214,2,0
2025-01-17 15:39:29.001,23215,23215,23215,6,6
2025-01-17 15:39:29.001,23216,23216,23216,6,6
2025-01-17 15:39:29.001,23217,23217,23217,2,2
2025-01-17 15:39:29.001,23218,23218,23218,2,2
2025-01-17 15:39:34.001,23215,23215,23215,2,-2
2025-01-17 15:39:35.001,23217,23217,23217,2,2
2025-01-17 15:39:37.001,23217,23217,23217,2,0
2025-01-17 15:39:37.001,23217,23217,23217,14,0
2025-01-17 15:39:38.001,23218,23218,23218,4,4
2025-01-17 15:39:39.001,23219,23219,23219,6,6
2025-01-17 15:39:41.001,23219,23219,23219,6,0
2025-01-17 15:39:45.001,23220,23220,23220,8,8
2025-01-17 15:39:45.001,23218,23218,23218,2,-2
2025-01-17 15:39:45.001,23218,23218,23218,2,0
2025-01-17 15:39:46.001,23218,23218,23218,2,0
2025-01-17 15:39:49.001,23219,23219,23219,4,4
2025-01-17 15:39:52.001,23218,23218,23218,2,-2
2025-01-17 15:39:52.001,23218,23218,23218,2,0
2025-01-17 15:39:52.001,23219,23219,23219,8,8
2025-01-17 15:39:55.001,23219,23219,23219,6,0
2025-01-17 15:39:58.001,23219,23219,23219,2,0
2025-01-17 15:39:58.001,23219,23219,23219,2,0
2025-01-17 15:39:59.001,23220,23220,23220,2,2
2025-01-17 15:39:59.001,23220,23220,23220,4,0
2025-01-17 15:39:59.001,23220,23220,23220,2,0
2025-01-17 15:39:59.001,23221,23221,23221,2,2
2025-01-17 15:40:01.001,23222,23222,23222,4,4
2025-01-17 15:40:03.001,23220,23220,23220,2,-2
2025-01-17 15:40:04.001,23222,23222,23222,6,6
2025-01-17 15:40:04.001,23220,23220,23220,2,-2
2025-01-17 15:40:04.001,23221,23221,23221,4,4
2025-01-17 15:40:05.001,23222,23222,23222,2,2
2025-01-17 15:40:05.001,23222,23222,23222,4,0
2025-01-17 15:40:05.001,23223,23223,23223,4,4
2025-01-17 15:40:10.001,23225,23225,23225,6,6
2025-01-17 15:40:10.001,23225,23225,23225,2,0
2025-01-17 15:40:10.001,23226,23226,23226,2,2
2025-01-17 15:40:10.001,23225,23225,23225,4,-4
2025-01-17 15:40:11.001,23225,23225,23225,2,0
2025-01-17 15:40:14.001,23225,23225,23225,2,0
2025-01-17 15:40:17.001,23227,23227,23227,6,6
2025-01-17 15:40:17.001,23225,23225,23225,2,-2
2025-01-17 15:40:17.001,23225,23225,23225,2,0
2025-01-17 15:40:17.001,23225,23225,23225,2,0
2025-01-17 15:40:21.001,23225,23225,23225,2,0
2025-01-17 15:40:21.001,23225,23225,23225,2,0
2025-01-17 15:40:22.001,23226,23226,23226,6,6
2025-01-17 15:40:23.001,23225,23225,23225,2,-2
2025-01-17 15:40:24.001,23226,23226,23226,2,2
2025-01-17 15:40:29.001,23224,23224,23224,2,-2
2025-01-17 15:40:29.001,23224,23224,23224,2,0
2025-01-17 15:40:29.001,23224,23224,23224,2,0
2025-01-17 15:40:33.001,23224,23224,23224,2,0
2025-01-17 15:40:33.001,23223,23223,23223,2,-2
2025-01-17 15:40:33.001,23223,23223,23223,2,0
2025-01-17 15:40:33.001,23224,23224,23224,2,2
2025-01-17 15:40:43.001,23224,23224,23224,2,0
2025-01-17 15:40:43.001,23224,23224,23224,2,0
2025-01-17 15:40:45.001,23223,23223,23223,2,-2
2025-01-17 15:40:45.001,23223,23223,23223,2,0
2025-01-17 15:40:45.001,23222,23222,23222,2,-2
2025-01-17 15:40:45.001,23222,23222,23222,2,0
2025-01-17 15:40:45.001,23222,23222,23222,2,0
2025-01-17 15:40:45.001,23222,23222,23222,2,0
2025-01-17 15:40:48.001,23221,23221,23221,2,-2
2025-01-17 15:40:48.001,23221,23221,23221,2,0
2025-01-17 15:40:48.001,23220,23220,23220,2,-2
2025-01-17 15:40:48.001,23220,23220,23220,2,0
2025-01-17 15:40:51.001,23218,23218,23218,4,-4
2025-01-17 15:40:55.001,23218,23218,23218,2,0
2025-01-17 15:41:00.001,23218,23218,23218,2,0
2025-01-17 15:41:08.001,23217,23217,23217,2,-2
2025-01-17 15:41:08.001,23216,23216,23216,2,-2
2025-01-17 15:41:15.001,23216,23216,23216,2,0
2025-01-17 15:41:15.001,23216,23216,23216,2,0
2025-01-17 15:41:18.001,23215,23215,23215,2,-2
2025-01-17 15:41:18.001,23215,23215,23215,2,0
2025-01-17 15:41:18.001,23214,23214,23214,2,-2
2025-01-17 15:41:18.001,23214,23214,23214,2,0
2025-01-17 15:41:18.001,23214,23214,23214,2,0
2025-01-17 15:41:18.001,23214,23214,23214,2,0
2025-01-17 15:41:18.001,23214,23214,23214,2,0
2025-01-17 15:41:18.001,23215,23215,23215,2,2
2025-01-17 15:41:20.001,23215,23215,23215,4,0
2025-01-17 15:41:22.001,23215,23215,23215,2,0
2025-01-17 15:41:28.001,23213,23213,23213,2,-2
2025-01-17 15:41:28.001,23213,23213,23213,2,0
2025-01-17 15:41:32.001,23215,23215,23215,12,12
2025-01-17 15:41:38.001,23218,23218,23218,2,2
2025-01-17 15:41:38.001,23218,23218,23218,2,0
2025-01-17 15:41:38.001,23219,23219,23219,2,2
2025-01-17 15:41:44.001,23217,23217,23217,2,-2
2025-01-17 15:41:51.001,23220,23220,23220,2,2
2025-01-17 15:41:54.001,23220,23220,23220,2,0
2025-01-17 15:41:58.001,23217,23217,23217,2,-2
2025-01-17 15:42:04.001,23217,23217,23217,2,0
2025-01-17 15:42:04.001,23218,23218,23218,2,2
2025-01-17 15:42:24.001,23217,23217,23217,20,-20
2025-01-17 15:42:24.001,23217,23217,23217,2,0
2025-01-17 15:42:24.001,23216,23216,23216,2,-2
2025-01-17 15:42:24.001,23216,23216,23216,2,0
2025-01-17 15:42:26.001,23215,23215,23215,2,-2
2025-01-17 15:42:29.001,23217,23217,23217,4,4
2025-01-17 15:42:30.001,23217,23217,23217,2,0
2025-01-17 15:42:30.001,23217,23217,23217,2,0
2025-01-17 15:42:35.001,23216,23216,23216,2,-2
2025-01-17 15:42:42.001,23215,23215,23215,2,-2
2025-01-17 15:42:43.001,23215,23215,23215,2,0
2025-01-17 15:42:47.001,23215,23215,23215,2,0
2025-01-17 15:42:47.001,23215,23215,23215,2,0
2025-01-17 15:42:47.001,23215,23215,23215,2,0
2025-01-17 15:42:47.001,23215,23215,23215,4,0
2025-01-17 15:42:47.001,23215,23215,23215,2,0
2025-01-17 15:42:50.001,23216,23216,23216,2,2
2025-01-17 15:42:58.001,23215,23215,23215,2,-2
2025-01-17 15:43:12.001,23215,23215,23215,2,0
2025-01-17 15:43:53.001,23215,23215,23215,2,0
2025-01-17 15:43:56.001,23215,23215,23215,2,0
2025-01-17 15:44:27.001,23215,23215,23215,2,0
2025-01-17 15:45:10.001,23214,23214,23214,2,-2
2025-01-17 15:45:10.001,23215,23215,23215,2,2
2025-01-17 15:45:10.001,23213,23213,23213,2,-2
2025-01-17 15:45:10.001,23212,23212,23212,2,-2
2025-01-17 15:45:10.001,23213,23213,23213,2,2
2025-01-17 15:45:12.001,23212,23212,23212,2,-2
2025-01-17 15:45:13.001,23215,23215,23215,2,2
2025-01-17 15:45:13.001,23215,23215,23215,2,0
2025-01-17 15:45:13.001,23215,23215,23215,2,0
2025-01-17 15:45:13.001,23215,23215,23215,2,0
2025-01-17 15:45:13.001,23215,23215,23215,2,0
2025-01-17 15:45:13.001,23215,23215,23215,2,0
2025-01-17 15:45:13.001,23215,23215,23215,2,0
2025-01-17 15:45:13.001,23215,23215,23215,2,0
2025-01-17 15:45:13.001,23215,23215,23215,2,0
2025-01-17 15:45:13.001,23216,23216,23216,2,2
2025-01-17 15:45:13.001,23216,23216,23216,6,0
2025-01-17 15:45:24.001,23216,23216,23216,2,0
2025-01-17 15:45:39.001,23214,23214,23214,2,-2
2025-01-17 15:45:39.001,23215,23215,23215,2,2
2025-01-17 15:45:39.001,23215,23215,23215,2,0
2025-01-17 15:45:39.001,23216,23216,23216,2,2
2025-01-17 15:45:39.001,23216,23216,23216,2,0
2025-01-17 15:45:39.001,23216,23216,23216,2,0
2025-01-17 15:45:39.001,23216,23216,23216,2,0
2025-01-17 15:45:39.001,23216,23216,23216,2,0
2025-01-17 15:45:39.001,23215,23215,23215,2,-2
2025-01-17 15:45:57.001,23217,23217,23217,2,2
2025-01-17 15:45:57.001,23218,23218,23218,6,6
2025-01-17 15:45:57.001,23218,23218,23218,2,0
2025-01-17 15:45:57.001,23219,23219,23219,2,2
2025-01-17 15:46:03.001,23219,23219,23219,2,0
2025-01-17 15:46:03.001,23219,23219,23219,2,0
2025-01-17 15:46:05.001,23220,23220,23220,2,2
2025-01-17 15:46:15.001,23219,23219,23219,2,-2
2025-01-17 15:46:15.001,23219,23219,23219,2,0
2025-01-17 15:46:15.001,23219,23219,23219,2,0
2025-01-17 15:46:15.001,23219,23219,23219,2,0
2025-01-17 15:46:16.001,23220,23220,23220,28,28
2025-01-17 15:46:16.001,23221,23221,23221,2,2
2025-01-17 15:46:16.001,23221,23221,23221,2,0
2025-01-17 15:46:16.001,23222,23222,23222,2,2
2025-01-17 15:46:16.001,23222,23222,23222,2,0
2025-01-17 15:46:16.001,23222,23222,23222,2,0
2025-01-17 15:46:16.001,23222,23222,23222,8,0
2025-01-17 15:46:16.001,23222,23222,23222,8,0
2025-01-17 15:46:16.001,23222,23222,23222,4,0
2025-01-17 15:46:16.001,23222,23222,23222,14,0
2025-01-17 15:46:16.001,23222,23222,23222,22,0
2025-01-17 15:46:16.001,23222,23222,23222,2,0
2025-01-17 15:46:16.001,23222,23222,23222,2,0
2025-01-17 15:46:16.001,23222,23222,23222,18,0
2025-01-17 15:46:16.001,23223,23223,23223,2,2
2025-01-17 15:46:19.001,23222,23222,23222,2,-2
2025-01-17 15:46:20.001,23223,23223,23223,2,2
2025-01-17 15:46:24.001,23223,23223,23223,2,0
2025-01-17 15:46:24.001,23223,23223,23223,2,0
2025-01-17 15:46:40.001,23223,23223,23223,4,0
2025-01-17 15:46:43.001,23224,23224,23224,4,4
2025-01-17 15:46:45.001,23224,23224,23224,4,0
2025-01-17 15:46:45.001,23224,23224,23224,2,0
2025-01-17 15:46:45.001,23224,23224,23224,2,0
2025-01-17 15:46:45.001,23224,23224,23224,8,0
2025-01-17 15:46:45.001,23224,23224,23224,2,0
2025-01-17 15:46:45.001,23224,23224,23224,4,0
2025-01-17 15:46:45.001,23224,23224,23224,14,0
2025-01-17 15:46:45.001,23225,23225,23225,2,2
2025-01-17 15:46:45.001,23225,23225,23225,2,0
2025-01-17 15:46:45.001,23225,23225,23225,2,0
2025-01-17 15:46:45.001,23225,23225,23225,2,0
2025-01-17 15:46:45.001,23225,23225,23225,2,0
2025-01-17 15:46:45.001,23225,23225,23225,2,0
2025-01-17 15:46:45.001,23227,23227,23227,2,2
2025-01-17 15:46:46.001,23226,23226,23226,2,-2
2025-01-17 15:46:46.001,23225,23225,23225,2,-2
2025-01-17 15:46:46.001,23225,23225,23225,2,0
2025-01-17 15:46:46.001,23225,23225,23225,2,0
2025-01-17 15:46:46.001,23226,23226,23226,2,2
2025-01-17 15:46:50.001,23227,23227,23227,2,2
2025-01-17 15:46:51.001,23227,23227,23227,2,0
2025-01-17 15:46:51.001,23228,23228,23228,4,4
2025-01-17 15:46:51.001,23228,23228,23228,4,0
2025-01-17 15:46:54.001,23228,23228,23228,2,0
2025-01-17 15:46:54.001,23226,23226,23226,2,-2
2025-01-17 15:46:56.001,23227,23227,23227,2,2
2025-01-17 15:46:57.001,23228,23228,23228,2,2
2025-01-17 15:46:59.001,23228,23228,23228,4,0
2025-01-17 15:47:02.001,23227,23227,23227,6,-6
2025-01-17 15:47:04.001,23226,23226,23226,6,-6
2025-01-17 15:47:05.001,23225,23225,23225,2,-2
2025-01-17 15:47:05.001,23224,23224,23224,2,-2
2025-01-17 15:47:14.001,23224,23224,23224,2,0
2025-01-17 15:47:14.001,23224,23224,23224,4,0
2025-01-17 15:47:20.001,23223,23223,23223,2,-2
2025-01-17 15:47:28.001,23223,23223,23223,4,0
2025-01-17 15:47:28.001,23223,23223,23223,2,0
2025-01-17 15:47:38.001,23223,23223,23223,4,0
2025-01-17 15:47:45.001,23223,23223,23223,2,0
2025-01-17 15:47:47.001,23222,23222,23222,2,-2
2025-01-17 15:47:47.001,23222,23222,23222,2,0
2025-01-17 15:47:57.001,23223,23223,23223,2,2
2025-01-17 15:47:59.001,23224,23224,23224,2,2
2025-01-17 15:48:08.001,23224,23224,23224,2,0
2025-01-17 15:48:09.001,23224,23224,23224,2,0
2025-01-17 15:48:10.001,23225,23225,23225,2,2
2025-01-17 15:48:16.001,23225,23225,23225,2,0
2025-01-17 15:48:29.001,23226,23226,23226,2,2
2025-01-17 15:49:15.001,23226,23226,23226,4,0
2025-01-17 15:49:20.001,23226,23226,23226,2,0
2025-01-17 15:49:20.001,23226,23226,23226,2,0
2025-01-17 15:49:23.001,23226,23226,23226,2,0
2025-01-17 15:49:26.001,23226,23226,23226,2,0
2025-01-17 15:49:41.001,23226,23226,23226,2,0
2025-01-17 15:49:43.001,23227,23227,23227,4,4
2025-01-17 15:49:43.001,23227,23227,23227,4,0
2025-01-17 15:49:45.001,23228,23228,23228,2,2
2025-01-17 15:49:53.001,23227,23227,23227,2,-2
2025-01-17 15:50:00.001,23228,23228,23228,2,2
2025-01-17 15:50:00.001,23228,23228,23228,2,0
2025-01-17 15:50:00.001,23228,23228,23228,2,0
2025-01-17 15:50:04.001,23229,23229,23229,4,4
2025-01-17 15:50:04.001,23230,23230,23230,20,20
2025-01-17 15:50:04.001,23229,23229,23229,2,-2
2025-01-17 15:50:04.001,23228,23228,23228,2,-2
2025-01-17 15:50:10.001,23230,23230,23230,2,2
2025-01-17 15:50:19.001,23228,23228,23228,2,-2
2025-01-17 15:50:19.001,23230,23230,23230,8,8
2025-01-17 15:50:19.001,23231,23231,23231,2,2
2025-01-17 15:50:19.001,23231,23231,23231,4,0
2025-01-17 15:50:19.001,23230,23230,23230,2,-2
2025-01-17 15:50:34.001,23232,23232,23232,2,2
2025-01-17 15:50:34.001,23232,23232,23232,6,0
2025-01-17 15:50:34.001,23233,23233,23233,4,4
2025-01-17 15:50:41.001,23232,23232,23232,6,-6
2025-01-17 15:50:45.001,23232,23232,23232,2,0
2025-01-17 15:50:46.001,23231,23231,23231,2,-2
2025-01-17 15:50:51.001,23230,23230,23230,2,-2
2025-01-17 15:50:51.001,23230,23230,23230,2,0
2025-01-17 15:50:51.001,23231,23231,23231,2,2
2025-01-17 15:50:53.001,23229,23229,23229,2,-2
2025-01-17 15:50:56.001,23231,23231,23231,2,2
2025-01-17 15:51:14.001,23230,23230,23230,2,-2
2025-01-17 15:51:19.001,23229,23229,23229,2,-2
2025-01-17 15:51:19.001,23229,23229,23229,2,0
