2020-11-05 15:00:00.014,12891,12893,12891,47
2020-11-05 15:00:00.047,12891,12892,12891,1
2020-11-05 15:00:00.047,12891,12892,12891,1
2020-11-05 15:00:00.369,12891,12892,12892,1
2020-11-05 15:00:00.398,12891,12892,12891,2
2020-11-05 15:00:00.453,12891,12892,12891,1
2020-11-05 15:00:00.487,12891,12892,12892,1
2020-11-05 15:00:00.532,12891,12892,12892,2
2020-11-05 15:00:00.541,12891,12892,12891,1
2020-11-05 15:00:00.548,12891,12892,12891,1
2020-11-05 15:00:00.565,12891,12892,12891,3
2020-11-05 15:00:00.671,12891,12892,12892,3
2020-11-05 15:00:00.671,12891,12892,12893,2
2020-11-05 15:00:00.776,12892,12893,12893,1
2020-11-05 15:00:00.974,12892,12893,12893,1
2020-11-05 15:00:00.987,12892,12893,12893,1
2020-11-05 15:00:00.995,12892,12893,12893,1
2020-11-05 15:00:01.001,12892,12893,12892,1
2020-11-05 15:00:01.049,12892,12893,12892,1
2020-11-05 15:00:01.050,12892,12893,12892,2
2020-11-05 15:00:01.065,12892,12893,12893,1
2020-11-05 15:00:01.226,12892,12893,12892,1
2020-11-05 15:00:01.239,12892,12893,12892,1
2020-11-05 15:00:01.295,12892,12893,12892,1
2020-11-05 15:00:01.339,12892,12893,12892,1
2020-11-05 15:00:01.383,12891,12893,12891,2
2020-11-05 15:00:01.385,12891,12893,12891,1
2020-11-05 15:00:01.745,12892,12893,12893,4
2020-11-05 15:00:01.800,12892,12893,12892,1
2020-11-05 15:00:01.829,12892,12893,12893,4
2020-11-05 15:00:01.858,12892,12894,12892,4
2020-11-05 15:00:01.859,12892,12894,12893,4
2020-11-05 15:00:02.605,12892,12893,12893,1
2020-11-05 15:00:03.073,12893,12894,12893,2
2020-11-05 15:00:03.121,12893,12894,12893,1
2020-11-05 15:00:03.557,12893,12894,12894,2
2020-11-05 15:00:03.568,12893,12894,12894,2
2020-11-05 15:00:03.795,12893,12894,12893,10
2020-11-05 15:00:04.106,12892,12893,12892,1
2020-11-05 15:00:04.117,12892,12893,12891,1
2020-11-05 15:00:04.256,12891,12892,12891,1
2020-11-05 15:00:04.536,12891,12892,12891,2
2020-11-05 15:00:04.740,12891,12892,12891,4
2020-11-05 15:00:04.741,12891,12892,12891,5
2020-11-05 15:00:04.896,12890,12891,12891,2
2020-11-05 15:00:05.091,12890,12891,12891,2
2020-11-05 15:00:05.181,12890,12891,12890,2
2020-11-05 15:00:05.185,12890,12891,12890,2
2020-11-05 15:00:05.186,12890,12891,12890,6
2020-11-05 15:00:05.187,12890,12891,12890,12
2020-11-05 15:00:05.187,12890,12891,12890,4
2020-11-05 15:00:05.187,12890,12891,12890,19
2020-11-05 15:00:05.305,12889,12890,12889,5
2020-11-05 15:00:05.312,12889,12890,12889,1
2020-11-05 15:00:05.429,12889,12890,12890,1
2020-11-05 15:00:05.464,12889,12890,12889,2
2020-11-05 15:00:05.476,12889,12890,12890,2
2020-11-05 15:00:05.497,12889,12890,12890,2
2020-11-05 15:00:05.543,12889,12890,12889,2
2020-11-05 15:00:05.642,12889,12890,12889,2
2020-11-05 15:00:06.178,12888,12890,12888,1
2020-11-05 15:00:07.023,12889,12890,12890,1
2020-11-05 15:00:08.118,12890,12891,12890,1
2020-11-05 15:00:08.518,12889,12891,12889,2
2020-11-05 15:00:08.938,12889,12890,12889,1
2020-11-05 15:00:09.071,12889,12890,12890,1
2020-11-05 15:00:09.352,12889,12890,12889,1
2020-11-05 15:00:09.868,12888,12890,12888,1
2020-11-05 15:00:10.795,12888,12889,12889,1
2020-11-05 15:00:10.826,12888,12889,12889,1
2020-11-05 15:00:11.491,12889,12890,12889,1
2020-11-05 15:00:13.095,12888,12890,12888,2
2020-11-05 15:00:13.848,12888,12889,12889,3
2020-11-05 15:00:13.866,12888,12889,12888,4
2020-11-05 15:00:14.348,12888,12889,12889,2
2020-11-05 15:00:17.314,12888,12889,12888,1
2020-11-05 15:00:17.651,12888,12889,12889,3
2020-11-05 15:00:18.297,12888,12889,12889,1
2020-11-05 15:00:18.530,12888,12889,12889,1
2020-11-05 15:00:19.160,12888,12889,12888,1
2020-11-05 15:00:19.453,12888,12889,12889,1
2020-11-05 15:00:19.454,12888,12889,12889,13
2020-11-05 15:00:20.466,12889,12890,12889,1
2020-11-05 15:00:21.070,12889,12890,12889,1
2020-11-05 15:00:21.192,12889,12890,12889,1
2020-11-05 15:00:21.693,12889,12890,12890,1
2020-11-05 15:00:21.804,12889,12890,12889,1
2020-11-05 15:00:22.208,12889,12890,12889,3
2020-11-05 15:00:25.628,12889,12890,12889,2
2020-11-05 15:00:26.289,12889,12890,12890,2
2020-11-05 15:00:28.219,12889,12890,12890,3
2020-11-05 15:00:29.699,12889,12890,12890,1
2020-11-05 15:00:29.992,12889,12890,12890,18
2020-11-05 15:00:29.992,12889,12890,12890,20
2020-11-05 15:00:30.158,12890,12891,12890,1
2020-11-05 15:00:30.370,12890,12891,12891,2
2020-11-05 15:00:30.514,12891,12892,12891,1
2020-11-05 15:00:31.218,12891,12892,12891,1
2020-11-05 15:00:33.474,12891,12892,12891,2
2020-11-05 15:00:36.773,12891,12892,12891,1
2020-11-05 15:00:37.342,12891,12892,12892,1
2020-11-05 15:00:37.364,12891,12892,12892,4
2020-11-05 15:00:37.691,12892,12893,12892,1
2020-11-05 15:00:38.748,12892,12893,12892,1
2020-11-05 15:00:40.577,12892,12893,12892,2
2020-11-05 15:00:41.295,12892,12893,12893,1
2020-11-05 15:00:42.627,12892,12893,12893,1
2020-11-05 15:00:43.673,12892,12893,12893,2
2020-11-05 15:00:49.992,12892,12893,12893,1
2020-11-05 15:00:51.351,12892,12893,12893,2
2020-11-05 15:00:51.577,12892,12893,12893,1
2020-11-05 15:00:53.999,12892,12893,12892,1
2020-11-05 15:00:54.271,12892,12893,12892,4
2020-11-05 15:00:54.271,12892,12893,12892,2
2020-11-05 15:00:54.363,12891,12892,12892,1
2020-11-05 15:00:56.909,12891,12892,12892,3
2020-11-05 15:01:00.110,12891,12892,12892,1
2020-11-05 15:01:00.964,12891,12892,12892,1
2020-11-05 15:01:01.823,12891,12892,12891,4
2020-11-05 15:01:02.812,12891,12892,12891,1
2020-11-05 15:01:02.812,12891,12892,12891,1
2020-11-05 15:01:04.723,12890,12891,12891,5
2020-11-05 15:01:05.117,12890,12892,12891,2
2020-11-05 15:01:12.521,12891,12892,12891,2
2020-11-05 15:01:12.918,12890,12891,12891,1
2020-11-05 15:01:17.994,12890,12891,12891,1
2020-11-05 15:01:18.098,12890,12892,12890,1
2020-11-05 15:01:18.099,12890,12892,12890,1
2020-11-05 15:01:19.789,12890,12891,12890,1
2020-11-05 15:01:25.578,12890,12891,12890,1
2020-11-05 15:01:26.944,12890,12891,12891,2
2020-11-05 15:01:28.072,12890,12891,12891,1
2020-11-05 15:01:28.099,12890,12891,12890,1
2020-11-05 15:01:30.160,12890,12891,12891,1
2020-11-05 15:01:31.298,12890,12891,12891,1
2020-11-05 15:01:31.298,12890,12891,12891,3
2020-11-05 15:01:31.604,12891,12892,12892,1
2020-11-05 15:01:33.076,12891,12892,12891,1
2020-11-05 15:01:33.251,12891,12892,12891,1
2020-11-05 15:01:40.203,12891,12892,12891,1
2020-11-05 15:01:42.265,12891,12892,12891,1
2020-11-05 15:01:42.349,12891,12892,12891,1
2020-11-05 15:01:42.350,12891,12892,12891,1
2020-11-05 15:01:43.136,12891,12892,12892,1
2020-11-05 15:01:43.625,12891,12892,12891,3
2020-11-05 15:01:44.462,12891,12892,12891,1
2020-11-05 15:01:44.519,12891,12892,12891,1
2020-11-05 15:01:55.115,12891,12892,12892,8
2020-11-05 15:01:57.349,12891,12892,12892,1
2020-11-05 15:01:58.385,12892,12893,12892,1
2020-11-05 15:02:02.510,12892,12893,12893,6
2020-11-05 15:02:04.865,12892,12893,12893,1
2020-11-05 15:02:06.450,12892,12893,12892,2
2020-11-05 15:02:08.033,12892,12893,12893,10
2020-11-05 15:02:13.604,12892,12893,12893,6
2020-11-05 15:02:14.720,12893,12894,12893,2
2020-11-05 15:02:16.409,12893,12894,12893,1
2020-11-05 15:02:17.499,12893,12894,12894,1
2020-11-05 15:02:17.607,12893,12894,12893,1
2020-11-05 15:02:20.279,12893,12894,12893,6
2020-11-05 15:02:22.795,12893,12894,12893,1
2020-11-05 15:02:24.347,12893,12894,12894,8
2020-11-05 15:02:24.988,12894,12895,12895,1
2020-11-05 15:02:25.770,12894,12895,12895,1
2020-11-05 15:02:27.496,12894,12895,12895,14
2020-11-05 15:02:27.598,12895,12896,12896,32
2020-11-05 15:02:27.599,12895,12896,12896,1
2020-11-05 15:02:27.599,12895,12896,12896,2
2020-11-05 15:02:28.021,12896,12897,12896,1
2020-11-05 15:02:28.275,12896,12897,12897,16
2020-11-05 15:02:28.368,12896,12898,12896,2
2020-11-05 15:02:28.533,12896,12898,12896,1
2020-11-05 15:02:28.698,12896,12898,12898,1
2020-11-05 15:02:29.294,12897,12898,12898,5
2020-11-05 15:02:29.303,12897,12898,12898,9
2020-11-05 15:02:30.405,12898,12899,12899,8
2020-11-05 15:02:30.701,12898,12899,12899,1
2020-11-05 15:02:30.764,12898,12899,12899,1
2020-11-05 15:02:30.779,12898,12899,12899,1
2020-11-05 15:02:30.850,12898,12899,12899,1
2020-11-05 15:02:31.110,12898,12900,12900,1
2020-11-05 15:02:31.124,12898,12900,12898,1
2020-11-05 15:02:31.243,12898,12900,12900,2
2020-11-05 15:02:31.299,12898,12900,12899,2
2020-11-05 15:02:31.346,12898,12900,12900,1
2020-11-05 15:02:31.373,12898,12900,12900,2
2020-11-05 15:02:31.462,12898,12900,12900,1
2020-11-05 15:02:31.470,12898,12900,12900,1
2020-11-05 15:02:31.472,12899,12900,12900,2
2020-11-05 15:02:31.605,12899,12900,12900,1
2020-11-05 15:02:31.718,12899,12900,12901,1
2020-11-05 15:02:31.746,12899,12901,12899,2
2020-11-05 15:02:31.997,12899,12901,12901,1
2020-11-05 15:02:32.028,12899,12901,12901,3
2020-11-05 15:02:32.030,12899,12901,12901,2
2020-11-05 15:02:32.043,12899,12901,12901,1
2020-11-05 15:02:32.071,12899,12901,12901,1
2020-11-05 15:02:32.156,12899,12901,12901,1
2020-11-05 15:02:32.285,12899,12901,12901,1
2020-11-05 15:02:32.913,12899,12901,12899,2
2020-11-05 15:02:32.927,12899,12901,12899,1
2020-11-05 15:02:33.616,12899,12900,12900,1
2020-11-05 15:02:34.270,12899,12901,12899,1
2020-11-05 15:02:35.413,12899,12900,12900,1
2020-11-05 15:02:36.106,12900,12901,12900,1
2020-11-05 15:02:36.119,12900,12901,12900,2
2020-11-05 15:02:37.924,12900,12901,12900,1
2020-11-05 15:02:38.223,12900,12901,12901,1
2020-11-05 15:02:38.269,12900,12901,12900,3
2020-11-05 15:02:38.316,12900,12901,12900,1
2020-11-05 15:02:38.317,12900,12901,12900,4
2020-11-05 15:02:38.352,12899,12901,12901,1
2020-11-05 15:02:39.565,12900,12901,12900,1
2020-11-05 15:02:39.764,12900,12901,12901,1
2020-11-05 15:02:41.139,12900,12901,12901,1
2020-11-05 15:02:41.472,12900,12901,12900,1
2020-11-05 15:02:42.201,12900,12901,12901,1
2020-11-05 15:02:43.071,12900,12901,12901,6
2020-11-05 15:02:43.302,12901,12902,12902,1
2020-11-05 15:02:43.303,12901,12902,12902,7
2020-11-05 15:02:43.421,12902,12903,12903,2
2020-11-05 15:02:43.421,12902,12903,12903,7
2020-11-05 15:02:43.503,12903,12904,12904,1
2020-11-05 15:02:43.602,12903,12904,12904,1
2020-11-05 15:02:43.635,12903,12904,12904,2
2020-11-05 15:02:43.641,12903,12904,12904,8
2020-11-05 15:02:43.642,12903,12904,12904,10
2020-11-05 15:02:43.644,12903,12904,12905,2
2020-11-05 15:02:43.729,12903,12905,12905,3
2020-11-05 15:02:43.777,12903,12905,12905,3
2020-11-05 15:02:43.963,12903,12905,12905,1
2020-11-05 15:02:44.272,12903,12905,12905,1
2020-11-05 15:02:44.308,12903,12905,12905,3
2020-11-05 15:02:44.350,12903,12905,12903,1
2020-11-05 15:02:44.352,12903,12905,12905,1
2020-11-05 15:02:44.448,12903,12905,12905,1
2020-11-05 15:02:44.953,12904,12905,12905,4
2020-11-05 15:02:45.588,12905,12906,12905,1
2020-11-05 15:02:45.919,12904,12905,12904,3
2020-11-05 15:02:46.306,12903,12905,12903,1
2020-11-05 15:02:46.343,12903,12905,12905,1
2020-11-05 15:02:46.363,12903,12905,12903,4
2020-11-05 15:02:46.365,12903,12905,12903,4
2020-11-05 15:02:46.832,12903,12905,12904,1
2020-11-05 15:02:46.910,12903,12905,12903,1
2020-11-05 15:02:47.105,12903,12905,12904,1
2020-11-05 15:02:47.734,12903,12905,12903,1
2020-11-05 15:02:47.970,12903,12905,12903,1
2020-11-05 15:02:49.190,12903,12905,12905,1
2020-11-05 15:02:49.483,12903,12905,12905,4
2020-11-05 15:02:49.863,12903,12905,12903,1
2020-11-05 15:02:50.924,12903,12904,12904,1
2020-11-05 15:02:51.750,12904,12905,12904,1
2020-11-05 15:02:53.300,12904,12905,12904,1
2020-11-05 15:02:53.302,12904,12905,12904,1
2020-11-05 15:02:54.535,12904,12905,12905,1
2020-11-05 15:02:54.580,12904,12905,12905,2
2020-11-05 15:02:54.601,12904,12905,12905,2
2020-11-05 15:02:54.602,12904,12905,12905,2
2020-11-05 15:02:55.129,12905,12906,12905,2
2020-11-05 15:02:56.286,12905,12906,12905,1
2020-11-05 15:02:56.513,12905,12906,12906,3
2020-11-05 15:02:56.964,12905,12906,12905,1
2020-11-05 15:02:57.116,12905,12906,12906,4
2020-11-05 15:02:57.116,12905,12906,12907,1
2020-11-05 15:02:57.541,12906,12907,12907,2
2020-11-05 15:02:57.872,12906,12907,12906,1
2020-11-05 15:02:58.489,12906,12907,12906,3
2020-11-05 15:02:58.520,12906,12907,12906,1
2020-11-05 15:02:58.952,12905,12906,12906,1
2020-11-05 15:02:59.137,12906,12907,12906,2
2020-11-05 15:02:59.834,12906,12907,12907,9
2020-11-05 15:02:59.835,12906,12907,12907,4
2020-11-05 15:03:00.237,12906,12908,12906,1
2020-11-05 15:03:00.362,12906,12907,12907,1
2020-11-05 15:03:00.362,12906,12907,12908,1
2020-11-05 15:03:00.362,12906,12907,12908,2
2020-11-05 15:03:00.379,12906,12907,12908,2
2020-11-05 15:03:00.653,12907,12908,12908,1
2020-11-05 15:03:00.717,12907,12908,12908,1
2020-11-05 15:03:00.846,12907,12908,12908,1
2020-11-05 15:03:01.199,12906,12907,12907,1
2020-11-05 15:03:01.224,12906,12908,12908,1
2020-11-05 15:03:01.224,12906,12908,12908,1
2020-11-05 15:03:01.227,12906,12908,12908,1
2020-11-05 15:03:01.566,12906,12907,12907,1
2020-11-05 15:03:01.667,12906,12907,12907,1
2020-11-05 15:03:01.701,12906,12907,12907,1
2020-11-05 15:03:01.701,12906,12907,12908,2
2020-11-05 15:03:01.852,12906,12907,12906,1
2020-11-05 15:03:02.486,12906,12907,12907,1
2020-11-05 15:03:02.508,12906,12907,12907,2
2020-11-05 15:03:02.650,12906,12907,12907,3
2020-11-05 15:03:02.664,12906,12907,12908,1
2020-11-05 15:03:03.494,12906,12907,12907,3
2020-11-05 15:03:04.598,12906,12907,12907,1
2020-11-05 15:03:05.222,12906,12907,12907,1
2020-11-05 15:03:05.598,12906,12907,12906,4
2020-11-05 15:03:06.117,12905,12906,12906,2
2020-11-05 15:03:07.188,12905,12906,12906,1
2020-11-05 15:03:07.224,12905,12906,12906,2
2020-11-05 15:03:07.224,12905,12906,12906,1
2020-11-05 15:03:07.224,12905,12906,12907,1
2020-11-05 15:03:07.344,12905,12906,12907,1
2020-11-05 15:03:07.580,12906,12907,12907,1
2020-11-05 15:03:07.602,12906,12907,12907,2
2020-11-05 15:03:08.661,12906,12907,12907,1
2020-11-05 15:03:09.616,12906,12908,12906,1
2020-11-05 15:03:10.833,12906,12907,12906,1
2020-11-05 15:03:10.885,12906,12907,12907,3
2020-11-05 15:03:12.210,12906,12908,12908,2
2020-11-05 15:03:13.664,12906,12907,12907,1
2020-11-05 15:03:14.096,12906,12908,12907,1
2020-11-05 15:03:14.873,12907,12908,12907,1
2020-11-05 15:03:15.961,12906,12908,12908,1
2020-11-05 15:03:16.924,12906,12907,12906,2
2020-11-05 15:03:17.217,12906,12907,12907,1
2020-11-05 15:03:17.224,12906,12907,12907,2
2020-11-05 15:03:17.225,12906,12907,12907,2
2020-11-05 15:03:17.225,12906,12907,12908,1
2020-11-05 15:03:17.225,12906,12907,12908,1
2020-11-05 15:03:17.226,12906,12907,12908,1
2020-11-05 15:03:17.226,12906,12907,12908,1
2020-11-05 15:03:17.226,12906,12907,12908,1
2020-11-05 15:03:17.228,12906,12907,12908,1
2020-11-05 15:03:17.229,12906,12907,12908,1
2020-11-05 15:03:17.229,12906,12907,12908,1
2020-11-05 15:03:17.230,12906,12907,12908,1
2020-11-05 15:03:17.232,12906,12907,12908,1
2020-11-05 15:03:17.233,12906,12907,12908,1
2020-11-05 15:03:17.233,12906,12907,12908,1
2020-11-05 15:03:17.301,12906,12907,12908,6
2020-11-05 15:03:17.328,12906,12907,12907,1
2020-11-05 15:03:17.686,12907,12909,12907,2
2020-11-05 15:03:18.899,12907,12909,12907,1
2020-11-05 15:03:20.189,12907,12909,12908,1
2020-11-05 15:03:21.456,12908,12909,12908,1
2020-11-05 15:03:23.479,12908,12909,12909,1
2020-11-05 15:03:23.834,12908,12909,12908,2
2020-11-05 15:03:24.095,12908,12909,12909,4
2020-11-05 15:03:24.096,12908,12909,12909,9
2020-11-05 15:03:24.096,12908,12909,12909,1
2020-11-05 15:03:24.096,12908,12909,12909,1
2020-11-05 15:03:24.123,12909,12910,12910,2
2020-11-05 15:03:24.164,12909,12910,12909,1
2020-11-05 15:03:24.169,12909,12910,12909,1
2020-11-05 15:03:24.733,12908,12910,12908,1
2020-11-05 15:03:25.218,12908,12910,12910,3
2020-11-05 15:03:25.411,12909,12910,12910,15
2020-11-05 15:03:26.102,12909,12911,12909,1
2020-11-05 15:03:26.487,12909,12911,12911,1
2020-11-05 15:03:26.667,12909,12911,12911,1
2020-11-05 15:03:26.681,12909,12911,12911,1
2020-11-05 15:03:26.701,12909,12911,12911,1
2020-11-05 15:03:26.761,12909,12911,12911,1
2020-11-05 15:03:26.801,12909,12911,12912,1
2020-11-05 15:03:26.807,12909,12911,12912,1
2020-11-05 15:03:26.812,12909,12911,12912,2
2020-11-05 15:03:26.920,12910,12912,12912,2
2020-11-05 15:03:26.989,12910,12912,12912,1
2020-11-05 15:03:27.114,12911,12912,12912,5
2020-11-05 15:03:27.146,12911,12912,12912,1
2020-11-05 15:03:27.172,12911,12912,12912,2
2020-11-05 15:03:27.224,12911,12912,12912,2
2020-11-05 15:03:27.224,12911,12912,12912,2
2020-11-05 15:03:27.227,12911,12912,12912,1
2020-11-05 15:03:27.288,12911,12912,12913,4
2020-11-05 15:03:27.294,12911,12912,12913,1
2020-11-05 15:03:27.433,12912,12913,12912,1
2020-11-05 15:03:27.486,12912,12913,12913,1
2020-11-05 15:03:27.511,12912,12913,12912,3
2020-11-05 15:03:27.523,12912,12913,12912,1
2020-11-05 15:03:27.674,12911,12913,12913,1
2020-11-05 15:03:27.688,12911,12913,12913,1
2020-11-05 15:03:28.091,12912,12914,12914,2
2020-11-05 15:03:28.134,12912,12914,12914,5
2020-11-05 15:03:28.434,12912,12914,12914,1
2020-11-05 15:03:28.654,12912,12913,12913,2
2020-11-05 15:03:28.803,12912,12914,12912,1
2020-11-05 15:03:30.263,12912,12913,12913,3
2020-11-05 15:03:30.514,12912,12913,12912,1
2020-11-05 15:03:30.719,12912,12913,12912,1
2020-11-05 15:03:32.600,12912,12913,12913,1
2020-11-05 15:03:32.927,12912,12913,12913,1
2020-11-05 15:03:33.657,12912,12913,12912,2
2020-11-05 15:03:33.737,12911,12912,12912,1
2020-11-05 15:03:34.049,12912,12913,12913,1
2020-11-05 15:03:34.230,12912,12913,12913,1
2020-11-05 15:03:34.314,12912,12913,12912,1
2020-11-05 15:03:35.094,12912,12913,12912,1
2020-11-05 15:03:35.266,12912,12913,12913,1
2020-11-05 15:03:36.130,12912,12913,12913,1
2020-11-05 15:03:36.642,12912,12913,12912,1
2020-11-05 15:03:37.608,12912,12913,12912,1
2020-11-05 15:03:37.723,12912,12913,12913,1
2020-11-05 15:03:37.723,12912,12913,12913,2
2020-11-05 15:03:37.724,12912,12913,12913,2
2020-11-05 15:03:37.724,12912,12913,12914,1
2020-11-05 15:03:37.724,12912,12913,12914,1
2020-11-05 15:03:37.724,12912,12913,12914,1
2020-11-05 15:03:37.725,12912,12913,12914,1
2020-11-05 15:03:37.725,12912,12913,12914,1
2020-11-05 15:03:37.725,12912,12913,12914,1
2020-11-05 15:03:37.726,12912,12913,12914,1
2020-11-05 15:03:37.727,12912,12913,12914,1
2020-11-05 15:03:37.727,12912,12913,12914,1
2020-11-05 15:03:37.727,12912,12913,12914,1
2020-11-05 15:03:37.728,12912,12913,12914,1
2020-11-05 15:03:38.208,12913,12914,12914,9
2020-11-05 15:03:39.018,12913,12915,12913,3
2020-11-05 15:03:39.491,12913,12915,12914,1
2020-11-05 15:03:40.480,12913,12914,12913,1
2020-11-05 15:03:41.753,12913,12914,12913,2
2020-11-05 15:03:42.123,12912,12914,12913,1
2020-11-05 15:03:42.163,12912,12914,12912,1
2020-11-05 15:03:42.729,12912,12914,12913,1
2020-11-05 15:03:43.590,12913,12914,12913,4
2020-11-05 15:03:43.931,12913,12914,12914,1
2020-11-05 15:03:45.018,12913,12914,12914,2
2020-11-05 15:03:45.241,12913,12914,12914,1
2020-11-05 15:03:46.429,12913,12914,12913,1
2020-11-05 15:03:46.884,12913,12914,12913,1
2020-11-05 15:03:47.174,12913,12914,12914,3
2020-11-05 15:03:47.223,12913,12914,12914,1
2020-11-05 15:03:47.226,12913,12914,12914,1
2020-11-05 15:03:48.355,12913,12914,12914,3
2020-11-05 15:03:49.565,12913,12915,12915,1
2020-11-05 15:03:50.041,12913,12914,12914,1
2020-11-05 15:03:52.069,12913,12914,12913,4
2020-11-05 15:03:52.718,12912,12914,12914,5
2020-11-05 15:03:54.532,12912,12913,12912,20
2020-11-05 15:03:54.532,12912,12913,12912,1
2020-11-05 15:03:54.532,12912,12913,12912,4
2020-11-05 15:03:54.574,12912,12913,12912,2
2020-11-05 15:03:54.851,12911,12912,12911,1
2020-11-05 15:03:56.807,12910,12911,12910,1
2020-11-05 15:03:56.811,12910,12911,12911,1
2020-11-05 15:03:57.643,12910,12911,12911,1
2020-11-05 15:04:00.356,12912,12913,12912,1
2020-11-05 15:04:01.181,12913,12914,12913,1
2020-11-05 15:04:01.224,12913,12914,12914,1
2020-11-05 15:04:01.536,12913,12914,12913,1
2020-11-05 15:04:02.088,12913,12914,12913,3
2020-11-05 15:04:02.405,12913,12914,12913,1
2020-11-05 15:04:02.494,12913,12914,12914,1
2020-11-05 15:04:02.753,12913,12914,12913,1
2020-11-05 15:04:06.446,12912,12913,12912,1
2020-11-05 15:04:07.248,12911,12913,12912,1
2020-11-05 15:04:08.565,12911,12912,12912,1
2020-11-05 15:04:09.430,12911,12913,12913,1
2020-11-05 15:04:11.725,12912,12913,12913,1
2020-11-05 15:04:12.100,12912,12913,12912,1
2020-11-05 15:04:12.262,12911,12912,12912,1
2020-11-05 15:04:12.386,12911,12912,12911,1
2020-11-05 15:04:13.360,12911,12912,12911,1
2020-11-05 15:04:14.294,12911,12912,12911,4
2020-11-05 15:04:14.294,12911,12912,12911,8
2020-11-05 15:04:15.597,12911,12912,12911,2
2020-11-05 15:04:15.772,12910,12912,12910,3
2020-11-05 15:04:18.492,12910,12911,12910,1
2020-11-05 15:04:18.669,12910,12911,12910,1
2020-11-05 15:04:18.957,12910,12911,12910,1
2020-11-05 15:04:19.973,12910,12911,12910,1
2020-11-05 15:04:22.228,12910,12911,12911,1
2020-11-05 15:04:22.423,12910,12911,12910,2
2020-11-05 15:04:23.484,12910,12911,12910,1
2020-11-05 15:04:24.112,12909,12910,12909,2
2020-11-05 15:04:24.112,12909,12910,12909,7
2020-11-05 15:04:26.055,12908,12909,12909,1
2020-11-05 15:04:26.055,12908,12909,12910,1
2020-11-05 15:04:26.849,12909,12910,12910,4
2020-11-05 15:04:29.317,12909,12910,12909,1
2020-11-05 15:04:31.842,12909,12910,12909,1
2020-11-05 15:04:32.858,12909,12910,12909,2
2020-11-05 15:04:33.707,12909,12910,12910,3
2020-11-05 15:04:33.761,12909,12910,12909,11
2020-11-05 15:04:33.762,12909,12910,12909,4
2020-11-05 15:04:34.713,12908,12909,12909,2
2020-11-05 15:04:34.961,12908,12910,12910,5
2020-11-05 15:04:43.636,12909,12910,12909,1
2020-11-05 15:04:49.862,12909,12910,12910,4
2020-11-05 15:04:50.908,12909,12910,12910,2
2020-11-05 15:04:53.877,12909,12910,12909,1
2020-11-05 15:04:55.001,12909,12910,12909,1
2020-11-05 15:05:00.563,12909,12910,12909,1
2020-11-05 15:05:01.415,12909,12910,12909,4
2020-11-05 15:05:01.415,12909,12910,12909,2
2020-11-05 15:05:01.420,12909,12910,12909,1
2020-11-05 15:05:01.822,12908,12909,12908,9
2020-11-05 15:05:06.403,12908,12909,12908,1
2020-11-05 15:05:06.620,12907,12909,12908,1
2020-11-05 15:05:07.978,12908,12909,12908,1
2020-11-05 15:05:10.803,12908,12909,12908,1
2020-11-05 15:05:12.416,12908,12909,12908,2
2020-11-05 15:05:14.805,12907,12909,12908,1
2020-11-05 15:05:16.039,12908,12909,12908,1
2020-11-05 15:05:18.453,12908,12909,12909,6
2020-11-05 15:05:27.355,12909,12910,12909,2
2020-11-05 15:05:30.100,12909,12910,12909,1
2020-11-05 15:05:31.088,12909,12910,12910,14
2020-11-05 15:05:31.088,12909,12910,12910,4
2020-11-05 15:05:31.089,12909,12910,12910,2
2020-11-05 15:05:38.135,12910,12911,12910,1
2020-11-05 15:05:42.664,12910,12911,12910,1
2020-11-05 15:05:54.701,12909,12910,12910,11
2020-11-05 15:05:56.650,12910,12911,12910,1
2020-11-05 15:05:57.219,12910,12911,12910,1
2020-11-05 15:05:57.219,12910,12911,12910,2
2020-11-05 15:05:57.907,12909,12910,12910,2
2020-11-05 15:05:58.254,12909,12910,12910,1
2020-11-05 15:06:00.100,12909,12911,12911,1
2020-11-05 15:06:00.107,12909,12911,12911,1
2020-11-05 15:06:00.123,12909,12911,12911,1
2020-11-05 15:06:00.125,12909,12911,12911,1
2020-11-05 15:06:00.131,12909,12911,12911,1
2020-11-05 15:06:00.143,12909,12911,12911,1
2020-11-05 15:06:00.155,12909,12911,12911,1
2020-11-05 15:06:00.480,12910,12911,12911,1
2020-11-05 15:06:00.480,12910,12911,12911,3
2020-11-05 15:06:00.628,12910,12912,12910,1
2020-11-05 15:06:01.079,12910,12911,12911,1
2020-11-05 15:06:01.296,12910,12911,12910,1
2020-11-05 15:06:02.894,12910,12912,12912,1
2020-11-05 15:06:13.570,12910,12911,12911,1
2020-11-05 15:06:17.725,12910,12911,12911,1
2020-11-05 15:06:19.420,12910,12912,12910,1
2020-11-05 15:06:20.191,12910,12911,12911,1
2020-11-05 15:06:21.547,12910,12911,12910,1
2020-11-05 15:06:24.132,12910,12911,12910,1
2020-11-05 15:06:24.858,12910,12911,12911,1
2020-11-05 15:06:30.433,12910,12911,12911,1
2020-11-05 15:06:31.933,12910,12911,12910,1
2020-11-05 15:06:31.973,12910,12911,12911,1
2020-11-05 15:06:32.231,12910,12911,12911,1
2020-11-05 15:06:32.231,12910,12911,12911,1
2020-11-05 15:06:32.231,12910,12911,12911,3
2020-11-05 15:06:33.142,12911,12912,12912,2
2020-11-05 15:06:33.143,12911,12912,12912,18
2020-11-05 15:06:34.059,12912,12913,12912,1
2020-11-05 15:06:34.789,12912,12913,12912,1
2020-11-05 15:06:37.533,12911,12912,12911,3
2020-11-05 15:06:40.959,12911,12912,12911,1
2020-11-05 15:06:42.783,12910,12911,12911,9
2020-11-05 15:06:45.756,12911,12912,12912,1
2020-11-05 15:06:46.800,12911,12912,12912,3
2020-11-05 15:06:50.926,12911,12912,12911,2
2020-11-05 15:06:52.472,12911,12912,12911,1
2020-11-05 15:06:53.888,12910,12911,12911,2
2020-11-05 15:07:00.512,12910,12911,12911,1
2020-11-05 15:07:00.600,12910,12911,12911,5
2020-11-05 15:07:03.966,12910,12911,12910,11
2020-11-05 15:07:04.722,12909,12910,12910,1
2020-11-05 15:07:05.594,12909,12910,12909,1
2020-11-05 15:07:05.675,12909,12910,12910,2
2020-11-05 15:07:05.840,12909,12911,12911,1
2020-11-05 15:07:09.415,12910,12911,12911,2
2020-11-05 15:07:16.303,12910,12911,12911,2
2020-11-05 15:07:17.942,12911,12912,12911,1
2020-11-05 15:07:22.705,12911,12912,12912,1
2020-11-05 15:07:23.035,12911,12912,12912,1
2020-11-05 15:07:23.036,12911,12912,12912,7
2020-11-05 15:07:23.090,12911,12912,12912,1
2020-11-05 15:07:23.619,12912,12913,12912,1
2020-11-05 15:07:25.303,12912,12913,12912,1
2020-11-05 15:07:26.351,12911,12913,12911,2
2020-11-05 15:07:32.500,12911,12912,12911,1
2020-11-05 15:07:32.501,12911,12912,12911,4
2020-11-05 15:07:33.942,12910,12911,12910,1
2020-11-05 15:07:34.204,12910,12911,12910,4
2020-11-05 15:07:34.317,12909,12910,12910,1
2020-11-05 15:07:38.416,12909,12911,12911,1
2020-11-05 15:07:39.860,12910,12911,12910,1
2020-11-05 15:07:50.158,12909,12910,12910,1
2020-11-05 15:07:50.537,12909,12910,12909,4
2020-11-05 15:07:50.537,12909,12910,12909,2
2020-11-05 15:07:52.210,12908,12909,12909,2
2020-11-05 15:07:57.550,12908,12909,12909,3
2020-11-05 15:08:06.652,12909,12910,12909,2
2020-11-05 15:08:06.652,12909,12910,12909,5
2020-11-05 15:08:09.399,12908,12909,12908,3
2020-11-05 15:08:09.704,12908,12909,12908,1
2020-11-05 15:08:14.138,12908,12909,12909,1
2020-11-05 15:08:15.250,12909,12910,12909,1
2020-11-05 15:08:15.379,12909,12910,12909,1
2020-11-05 15:08:17.864,12908,12909,12908,1
2020-11-05 15:08:18.699,12908,12909,12908,1
2020-11-05 15:08:20.012,12908,12909,12908,4
2020-11-05 15:08:20.012,12908,12909,12908,6
2020-11-05 15:08:21.436,12907,12908,12907,1
2020-11-05 15:08:21.673,12907,12908,12907,1
2020-11-05 15:08:21.733,12907,12908,12907,5
2020-11-05 15:08:21.742,12907,12908,12907,1
2020-11-05 15:08:26.839,12907,12908,12907,1
2020-11-05 15:08:27.697,12907,12908,12907,1
2020-11-05 15:08:27.865,12907,12908,12907,1
2020-11-05 15:08:27.960,12907,12908,12907,1
2020-11-05 15:08:28.342,12907,12908,12907,2
2020-11-05 15:08:28.342,12907,12908,12907,3
2020-11-05 15:08:30.138,12906,12907,12906,1
2020-11-05 15:08:30.455,12906,12907,12906,1
2020-11-05 15:08:30.628,12906,12907,12906,1
2020-11-05 15:08:33.345,12906,12907,12906,2
2020-11-05 15:08:33.411,12906,12907,12906,1
2020-11-05 15:08:35.344,12905,12906,12905,1
2020-11-05 15:08:35.392,12905,12906,12905,3
2020-11-05 15:08:36.240,12905,12906,12905,1
2020-11-05 15:08:36.460,12905,12906,12905,2
2020-11-05 15:08:38.426,12905,12906,12905,1
2020-11-05 15:08:43.544,12904,12905,12904,1
2020-11-05 15:08:43.806,12904,12905,12904,3
2020-11-05 15:08:43.810,12904,12905,12903,16
2020-11-05 15:08:44.380,12903,12904,12903,1
2020-11-05 15:08:46.291,12903,12904,12903,1
2020-11-05 15:08:46.448,12903,12904,12903,1
2020-11-05 15:08:48.999,12903,12904,12903,1
2020-11-05 15:08:50.561,12903,12904,12903,1
2020-11-05 15:08:52.012,12903,12904,12904,1
2020-11-05 15:08:52.326,12903,12904,12904,1
2020-11-05 15:08:52.347,12903,12904,12904,2
2020-11-05 15:08:53.477,12903,12904,12903,1
2020-11-05 15:08:55.003,12903,12904,12903,1
2020-11-05 15:08:56.018,12903,12904,12903,1
2020-11-05 15:08:58.225,12903,12904,12904,1
2020-11-05 15:09:05.618,12903,12904,12904,1
2020-11-05 15:09:06.508,12903,12904,12903,2
2020-11-05 15:09:06.597,12903,12904,12903,3
2020-11-05 15:09:07.161,12902,12903,12903,1
2020-11-05 15:09:07.172,12902,12903,12902,3
2020-11-05 15:09:07.398,12902,12903,12902,1
2020-11-05 15:09:09.995,12902,12903,12903,1
2020-11-05 15:09:10.097,12902,12903,12903,3
2020-11-05 15:09:10.515,12903,12904,12903,4
2020-11-05 15:09:11.490,12903,12904,12903,1
2020-11-05 15:09:14.881,12903,12904,12903,2
2020-11-05 15:09:18.990,12903,12904,12903,2
2020-11-05 15:09:20.161,12903,12904,12903,1
2020-11-05 15:09:21.852,12902,12903,12902,1
2020-11-05 15:09:23.722,12902,12903,12903,3
2020-11-05 15:09:24.002,12903,12904,12903,1
2020-11-05 15:09:24.988,12903,12904,12903,2
2020-11-05 15:09:28.568,12902,12903,12902,1
2020-11-05 15:09:30.593,12902,12903,12903,1
2020-11-05 15:09:35.451,12902,12903,12903,25
2020-11-05 15:09:35.516,12903,12904,12903,1
2020-11-05 15:09:37.423,12903,12904,12904,3
2020-11-05 15:09:39.089,12903,12904,12904,1
2020-11-05 15:09:40.523,12903,12904,12904,2
2020-11-05 15:09:40.523,12903,12904,12904,1
2020-11-05 15:09:40.523,12903,12904,12904,4
2020-11-05 15:09:40.523,12903,12904,12904,2
2020-11-05 15:09:40.523,12903,12904,12904,3
2020-11-05 15:09:45.372,12904,12905,12904,1
2020-11-05 15:09:45.907,12903,12904,12903,1
2020-11-05 15:09:47.906,12903,12904,12904,1
2020-11-05 15:09:49.790,12903,12904,12903,4
2020-11-05 15:09:53.507,12903,12904,12904,1
2020-11-05 15:09:53.764,12903,12904,12903,1
2020-11-05 15:09:55.467,12903,12904,12903,2
2020-11-05 15:10:01.978,12903,12904,12903,1
2020-11-05 15:10:01.979,12903,12904,12903,5
2020-11-05 15:10:01.979,12903,12904,12903,3
2020-11-05 15:10:02.518,12902,12903,12903,4
2020-11-05 15:10:02.613,12902,12903,12903,1
2020-11-05 15:10:02.613,12902,12903,12904,1
2020-11-05 15:10:02.745,12902,12904,12904,2
2020-11-05 15:10:02.936,12902,12903,12903,2
2020-11-05 15:10:02.936,12902,12903,12904,2
2020-11-05 15:10:03.363,12903,12904,12904,2
2020-11-05 15:10:03.414,12903,12904,12905,2
2020-11-05 15:10:03.448,12903,12904,12905,2
2020-11-05 15:10:03.452,12903,12904,12905,2
2020-11-05 15:10:03.486,12903,12905,12905,1
2020-11-05 15:10:03.512,12903,12905,12905,1
2020-11-05 15:10:09.183,12903,12904,12904,3
2020-11-05 15:10:09.183,12903,12904,12904,2
2020-11-05 15:10:14.050,12904,12905,12905,8
2020-11-05 15:10:14.050,12904,12905,12905,1
2020-11-05 15:10:19.508,12905,12906,12906,1
2020-11-05 15:10:19.509,12905,12906,12906,1
2020-11-05 15:10:25.733,12906,12907,12907,2
2020-11-05 15:10:30.121,12906,12907,12907,1
2020-11-05 15:10:30.157,12906,12907,12907,1
2020-11-05 15:10:30.624,12907,12908,12908,1
2020-11-05 15:10:30.624,12907,12908,12908,2
2020-11-05 15:10:30.624,12907,12908,12908,1
2020-11-05 15:10:31.257,12908,12909,12909,1
2020-11-05 15:10:36.195,12908,12909,12909,1
2020-11-05 15:10:36.195,12908,12909,12909,1
2020-11-05 15:10:37.289,12907,12909,12907,1
2020-11-05 15:10:50.017,12908,12909,12908,1
2020-11-05 15:10:52.325,12908,12909,12908,4
2020-11-05 15:10:56.482,12907,12908,12908,5
2020-11-05 15:10:57.814,12907,12908,12908,2
2020-11-05 15:11:00.557,12907,12908,12908,2
2020-11-05 15:11:03.596,12908,12909,12909,1
2020-11-05 15:11:03.596,12908,12909,12909,5
2020-11-05 15:11:06.277,12908,12910,12910,1
2020-11-05 15:11:11.650,12908,12909,12909,2
2020-11-05 15:11:11.650,12908,12909,12909,3
2020-11-05 15:11:12.296,12909,12910,12909,1
2020-11-05 15:11:12.545,12909,12910,12910,4
2020-11-05 15:11:12.545,12909,12910,12910,9
2020-11-05 15:11:12.713,12910,12911,12910,1
2020-11-05 15:11:12.912,12910,12911,12910,1
2020-11-05 15:11:15.919,12910,12911,12910,1
2020-11-05 15:11:17.783,12910,12911,12910,4
2020-11-05 15:11:17.783,12910,12911,12910,1
2020-11-05 15:11:17.783,12910,12911,12910,11
2020-11-05 15:11:19.207,12908,12910,12908,1
2020-11-05 15:11:22.518,12908,12910,12910,1
2020-11-05 15:11:29.894,12908,12909,12909,4
2020-11-05 15:11:30.145,12909,12910,12909,8
2020-11-05 15:11:36.804,12908,12909,12908,4
2020-11-05 15:11:36.804,12908,12909,12908,4
2020-11-05 15:11:37.762,12907,12908,12907,2
2020-11-05 15:11:40.326,12908,12909,12909,3
2020-11-05 15:11:41.005,12909,12910,12909,1
2020-11-05 15:11:41.427,12909,12910,12910,5
2020-11-05 15:11:42.223,12910,12911,12910,1
2020-11-05 15:11:43.136,12910,12911,12910,1
2020-11-05 15:11:44.369,12910,12911,12911,1
2020-11-05 15:11:44.928,12910,12911,12910,1
2020-11-05 15:11:47.343,12910,12911,12911,1
2020-11-05 15:11:50.650,12910,12911,12911,2
2020-11-05 15:11:50.650,12910,12911,12911,2
2020-11-05 15:11:53.820,12911,12912,12912,2
2020-11-05 15:11:54.521,12911,12912,12912,1
2020-11-05 15:11:54.706,12911,12912,12912,1
2020-11-05 15:12:00.075,12911,12912,12912,4
2020-11-05 15:12:00.191,12912,12913,12913,3
2020-11-05 15:12:00.226,12912,12913,12913,1
2020-11-05 15:12:00.266,12912,12913,12913,2
2020-11-05 15:12:00.578,12912,12913,12912,2
2020-11-05 15:12:00.800,12912,12913,12912,1
2020-11-05 15:12:00.971,12912,12913,12912,1
2020-11-05 15:12:02.780,12912,12913,12912,4
2020-11-05 15:12:02.780,12912,12913,12912,10
2020-11-05 15:12:03.497,12911,12912,12911,2
2020-11-05 15:12:04.847,12911,12912,12911,2
2020-11-05 15:12:04.848,12911,12912,12911,6
2020-11-05 15:12:04.848,12911,12912,12911,1
2020-11-05 15:12:05.266,12910,12912,12910,1
2020-11-05 15:12:06.495,12910,12912,12910,2
2020-11-05 15:12:09.672,12910,12911,12910,2
2020-11-05 15:12:10.377,12910,12911,12910,1
2020-11-05 15:12:13.550,12910,12911,12911,1
2020-11-05 15:12:17.425,12911,12912,12911,1
2020-11-05 15:12:19.253,12911,12912,12911,2
2020-11-05 15:12:19.389,12910,12911,12910,2
2020-11-05 15:12:21.148,12909,12910,12909,1
2020-11-05 15:12:28.945,12908,12909,12908,1
2020-11-05 15:12:29.455,12908,12909,12908,1
2020-11-05 15:12:29.632,12908,12909,12908,1
2020-11-05 15:12:31.649,12908,12909,12908,1
2020-11-05 15:12:33.455,12907,12908,12907,1
2020-11-05 15:12:39.407,12907,12909,12907,1
2020-11-05 15:12:39.864,12907,12909,12907,1
2020-11-05 15:12:40.976,12908,12909,12908,4
2020-11-05 15:12:44.493,12908,12909,12909,2
2020-11-05 15:12:45.240,12908,12910,12908,1
2020-11-05 15:12:54.932,12907,12908,12907,1
2020-11-05 15:12:55.727,12907,12908,12908,1
2020-11-05 15:12:56.886,12907,12908,12908,1
2020-11-05 15:12:56.886,12907,12908,12909,9
2020-11-05 15:12:58.966,12908,12909,12909,1
2020-11-05 15:13:00.211,12908,12910,12908,1
2020-11-05 15:13:01.213,12908,12910,12910,3
2020-11-05 15:13:04.206,12909,12910,12910,1
2020-11-05 15:13:05.004,12910,12911,12910,1
2020-11-05 15:13:13.390,12911,12912,12912,6
2020-11-05 15:13:15.887,12911,12912,12911,1
2020-11-05 15:13:16.415,12911,12912,12912,6
2020-11-05 15:13:21.185,12911,12912,12911,1
2020-11-05 15:13:28.992,12910,12911,12911,3
2020-11-05 15:13:30.362,12910,12911,12911,2
2020-11-05 15:13:32.895,12910,12911,12910,1
2020-11-05 15:13:33.857,12910,12911,12910,1
2020-11-05 15:13:35.612,12910,12911,12911,8
2020-11-05 15:13:35.612,12910,12911,12912,8
2020-11-05 15:13:35.810,12911,12912,12911,1
2020-11-05 15:13:39.182,12910,12911,12911,1
2020-11-05 15:13:39.767,12911,12912,12911,1
2020-11-05 15:13:39.822,12911,12912,12911,1
2020-11-05 15:13:40.644,12910,12912,12910,3
2020-11-05 15:13:46.167,12911,12912,12911,1
2020-11-05 15:13:47.038,12911,12912,12912,6
2020-11-05 15:13:51.987,12912,12913,12912,1
2020-11-05 15:13:53.494,12911,12913,12913,12
2020-11-05 15:13:56.179,12912,12913,12912,1
2020-11-05 15:13:56.421,12912,12913,12912,1
2020-11-05 15:14:04.371,12912,12913,12912,1
2020-11-05 15:14:06.706,12912,12913,12912,3
2020-11-05 15:14:06.919,12911,12912,12912,1
2020-11-05 15:14:08.947,12911,12913,12913,8
2020-11-05 15:14:09.501,12912,12913,12912,1
2020-11-05 15:14:10.294,12911,12913,12912,1
2020-11-05 15:14:11.282,12912,12913,12913,2
2020-11-05 15:14:12.499,12911,12912,12912,1
2020-11-05 15:14:16.096,12912,12913,12913,2
2020-11-05 15:14:17.544,12912,12913,12912,1
2020-11-05 15:14:20.181,12912,12913,12913,1
2020-11-05 15:14:21.496,12912,12913,12913,3
2020-11-05 15:14:22.760,12912,12913,12913,5
2020-11-05 15:14:22.937,12913,12914,12913,1
2020-11-05 15:14:24.925,12913,12914,12913,1
2020-11-05 15:14:25.484,12913,12914,12914,1
2020-11-05 15:14:26.951,12913,12914,12914,1
2020-11-05 15:14:27.271,12913,12914,12913,1
2020-11-05 15:14:29.045,12913,12914,12913,2
2020-11-05 15:14:29.677,12912,12913,12913,1
2020-11-05 15:14:32.844,12912,12913,12913,5
2020-11-05 15:14:32.844,12912,12913,12914,1
2020-11-05 15:14:34.166,12913,12914,12913,3
2020-11-05 15:14:36.913,12913,12914,12914,2
2020-11-05 15:14:39.206,12913,12914,12914,3
2020-11-05 15:14:39.206,12913,12914,12914,11
2020-11-05 15:14:39.207,12913,12914,12914,1
2020-11-05 15:14:41.406,12914,12915,12914,2
2020-11-05 15:14:47.213,12914,12915,12915,1
2020-11-05 15:14:47.246,12914,12915,12915,5
2020-11-05 15:14:47.250,12914,12915,12915,10
2020-11-05 15:14:47.323,12914,12915,12914,1
2020-11-05 15:14:47.401,12914,12915,12915,6
2020-11-05 15:14:47.426,12914,12915,12915,2
2020-11-05 15:14:47.443,12914,12915,12915,4
2020-11-05 15:14:47.886,12914,12915,12915,1
2020-11-05 15:14:50.322,12915,12916,12915,1
2020-11-05 15:14:53.032,12915,12916,12915,1
2020-11-05 15:14:53.271,12914,12915,12915,3
2020-11-05 15:14:53.435,12914,12916,12916,3
2020-11-05 15:14:53.562,12914,12916,12916,1
2020-11-05 15:14:53.575,12914,12916,12916,1
2020-11-05 15:14:53.632,12915,12916,12916,1
2020-11-05 15:14:53.827,12915,12916,12915,1
2020-11-05 15:14:54.099,12915,12916,12916,1
2020-11-05 15:14:56.783,12915,12916,12916,5
2020-11-05 15:14:57.748,12915,12916,12916,10
2020-11-05 15:14:57.749,12915,12916,12916,4
2020-11-05 15:14:57.749,12915,12916,12916,5
2020-11-05 15:14:57.749,12915,12916,12916,8
2020-11-05 15:14:58.133,12916,12917,12916,1
2020-11-05 15:14:58.516,12916,12917,12916,1
2020-11-05 15:15:00.333,12916,12917,12917,1
2020-11-05 15:15:00.431,12916,12917,12917,10
2020-11-05 15:15:00.480,12916,12917,12917,1
2020-11-05 15:15:00.561,12916,12917,12917,6
2020-11-05 15:15:00.566,12916,12917,12917,4
2020-11-05 15:15:00.566,12916,12917,12917,3
2020-11-05 15:15:00.598,12917,12918,12918,2
2020-11-05 15:15:00.617,12917,12918,12918,4
2020-11-05 15:15:00.838,12917,12918,12918,4
2020-11-05 15:15:00.896,12916,12918,12918,1
2020-11-05 15:15:01.058,12916,12918,12918,1
2020-11-05 15:15:01.686,12917,12918,12918,3
2020-11-05 15:15:01.826,12917,12918,12917,1
2020-11-05 15:15:02.193,12917,12918,12918,2
2020-11-05 15:15:02.194,12917,12918,12917,1
2020-11-05 15:15:02.277,12917,12918,12918,3
2020-11-05 15:15:02.331,12917,12918,12918,1
2020-11-05 15:15:02.348,12917,12918,12917,5
2020-11-05 15:15:02.407,12917,12918,12918,1
2020-11-05 15:15:03.128,12917,12918,12917,1
2020-11-05 15:15:03.378,12916,12917,12917,1
2020-11-05 15:15:04.330,12916,12917,12917,1
2020-11-05 15:15:04.820,12916,12917,12917,1
2020-11-05 15:15:05.058,12916,12917,12917,2
2020-11-05 15:15:07.165,12916,12917,12917,3
2020-11-05 15:15:10.821,12917,12918,12918,2
2020-11-05 15:15:11.069,12917,12918,12918,6
2020-11-05 15:15:11.339,12917,12918,12918,1
2020-11-05 15:15:11.367,12917,12918,12918,1
2020-11-05 15:15:13.007,12917,12918,12918,1
2020-11-05 15:15:14.845,12917,12918,12917,1
2020-11-05 15:15:14.992,12917,12918,12918,5
2020-11-05 15:15:15.033,12917,12918,12917,2
2020-11-05 15:15:18.607,12917,12918,12918,2
2020-11-05 15:15:20.528,12917,12918,12918,1
2020-11-05 15:15:21.790,12917,12918,12918,2
2020-11-05 15:15:21.880,12918,12919,12919,1
2020-11-05 15:15:21.898,12918,12919,12919,3
2020-11-05 15:15:21.912,12918,12919,12919,9
2020-11-05 15:15:21.932,12918,12919,12919,1
2020-11-05 15:15:22.163,12918,12919,12918,1
2020-11-05 15:15:23.094,12918,12919,12918,1
2020-11-05 15:15:23.521,12918,12919,12918,3
2020-11-05 15:15:25.165,12918,12919,12918,1
2020-11-05 15:15:25.725,12918,12919,12918,1
2020-11-05 15:15:26.543,12918,12919,12918,2
2020-11-05 15:15:29.954,12918,12919,12918,1
2020-11-05 15:15:29.974,12917,12919,12919,1
2020-11-05 15:15:30.443,12917,12919,12919,1
2020-11-05 15:15:31.759,12917,12918,12918,1
2020-11-05 15:15:32.813,12918,12919,12918,3
2020-11-05 15:15:33.013,12917,12918,12917,1
2020-11-05 15:15:36.988,12917,12918,12918,1
2020-11-05 15:15:37.092,12917,12918,12918,4
2020-11-05 15:15:37.093,12917,12918,12918,1
2020-11-05 15:15:37.456,12917,12918,12918,4
2020-11-05 15:15:37.456,12917,12918,12919,6
2020-11-05 15:15:38.156,12917,12918,12917,1
2020-11-05 15:15:39.027,12917,12918,12918,3
2020-11-05 15:15:40.532,12917,12918,12917,10
2020-11-05 15:15:40.846,12916,12917,12917,1
2020-11-05 15:15:40.856,12916,12917,12917,1
2020-11-05 15:15:42.793,12917,12918,12917,5
2020-11-05 15:15:43.083,12916,12918,12917,1
2020-11-05 15:15:46.959,12916,12917,12916,1
2020-11-05 15:15:47.680,12916,12917,12916,1
2020-11-05 15:15:47.681,12916,12917,12916,4
2020-11-05 15:15:47.681,12916,12917,12916,7
2020-11-05 15:15:50.613,12915,12916,12915,1
2020-11-05 15:15:52.040,12915,12916,12916,1
2020-11-05 15:15:54.896,12916,12917,12916,1
2020-11-05 15:15:59.594,12915,12916,12915,2
2020-11-05 15:15:59.762,12915,12916,12915,1
2020-11-05 15:16:02.442,12915,12916,12916,1
2020-11-05 15:16:05.516,12916,12917,12916,1
2020-11-05 15:16:09.082,12916,12917,12917,3
2020-11-05 15:16:09.439,12917,12918,12917,1
2020-11-05 15:16:10.332,12916,12918,12916,1
2020-11-05 15:16:10.349,12916,12918,12918,1
2020-11-05 15:16:18.808,12916,12917,12917,1
2020-11-05 15:16:19.465,12916,12917,12917,1
2020-11-05 15:16:19.474,12916,12917,12917,1
2020-11-05 15:16:19.475,12916,12917,12917,1
2020-11-05 15:16:19.477,12916,12917,12917,1
2020-11-05 15:16:25.116,12916,12917,12917,2
2020-11-05 15:16:26.272,12916,12917,12917,1
2020-11-05 15:16:27.967,12916,12917,12916,2
2020-11-05 15:16:27.974,12915,12916,12916,1
2020-11-05 15:16:27.974,12915,12916,12916,1
2020-11-05 15:16:31.197,12915,12916,12916,2
2020-11-05 15:16:37.588,12915,12916,12916,2
2020-11-05 15:16:43.378,12915,12916,12916,1
2020-11-05 15:16:47.124,12915,12917,12915,17
2020-11-05 15:16:47.125,12915,12917,12915,2
2020-11-05 15:16:47.125,12915,12917,12915,1
2020-11-05 15:16:52.328,12914,12916,12914,9
2020-11-05 15:16:52.329,12914,12916,12914,1
2020-11-05 15:16:52.329,12914,12916,12914,10
2020-11-05 15:16:57.529,12913,12914,12914,1
2020-11-05 15:17:00.054,12913,12915,12913,11
2020-11-05 15:17:00.055,12913,12915,12913,6
2020-11-05 15:17:01.505,12913,12914,12914,1
2020-11-05 15:17:12.679,12913,12914,12914,1
2020-11-05 15:17:13.231,12914,12915,12914,1
2020-11-05 15:17:13.799,12913,12914,12914,1
2020-11-05 15:17:15.883,12913,12914,12914,4
2020-11-05 15:17:15.883,12913,12914,12915,14
2020-11-05 15:17:15.884,12913,12914,12915,2
2020-11-05 15:17:18.182,12913,12914,12913,1
2020-11-05 15:17:18.395,12913,12914,12913,1
2020-11-05 15:17:19.096,12913,12914,12913,2
2020-11-05 15:17:20.077,12912,12913,12912,1
2020-11-05 15:17:20.079,12912,12913,12912,10
2020-11-05 15:17:22.655,12912,12913,12913,1
2020-11-05 15:17:25.843,12912,12913,12913,1
2020-11-05 15:17:26.068,12912,12914,12912,1
2020-11-05 15:17:27.828,12912,12913,12913,1
2020-11-05 15:17:27.828,12912,12913,12914,11
2020-11-05 15:17:27.829,12912,12913,12914,1
2020-11-05 15:17:27.830,12912,12913,12914,1
2020-11-05 15:17:27.830,12912,12913,12914,1
2020-11-05 15:17:27.830,12912,12913,12914,6
2020-11-05 15:17:27.830,12912,12913,12914,2
2020-11-05 15:17:37.663,12912,12914,12914,4
2020-11-05 15:17:38.660,12912,12913,12913,4
2020-11-05 15:17:40.668,12912,12914,12914,1
2020-11-05 15:17:42.001,12912,12914,12914,2
2020-11-05 15:17:43.050,12912,12913,12913,1
2020-11-05 15:17:45.171,12913,12914,12914,3
2020-11-05 15:17:49.712,12913,12915,12915,5
2020-11-05 15:17:49.713,12913,12915,12915,1
2020-11-05 15:17:52.732,12914,12916,12916,6
2020-11-05 15:17:53.283,12914,12916,12916,2
2020-11-05 15:17:53.646,12914,12916,12915,1
2020-11-05 15:17:54.497,12914,12916,12915,1
2020-11-05 15:17:55.335,12914,12916,12914,1
2020-11-05 15:17:57.069,12915,12916,12915,6
2020-11-05 15:17:57.479,12914,12915,12915,1
2020-11-05 15:17:57.748,12914,12916,12916,2
2020-11-05 15:18:02.626,12914,12915,12915,1
2020-11-05 15:18:03.128,12914,12916,12916,2
2020-11-05 15:18:03.610,12914,12916,12915,1
2020-11-05 15:18:03.825,12914,12916,12914,1
2020-11-05 15:18:05.074,12914,12916,12916,1
2020-11-05 15:18:07.282,12914,12916,12916,1
2020-11-05 15:18:11.306,12915,12916,12915,1
2020-11-05 15:18:13.151,12914,12916,12916,1
2020-11-05 15:18:16.498,12914,12915,12915,1
2020-11-05 15:18:18.312,12915,12916,12915,1
2020-11-05 15:18:18.695,12914,12916,12916,2
2020-11-05 15:18:18.702,12914,12916,12916,2
2020-11-05 15:18:18.714,12914,12916,12916,1
2020-11-05 15:18:18.838,12916,12917,12917,2
2020-11-05 15:18:21.060,12916,12917,12916,1
2020-11-05 15:18:27.696,12915,12917,12915,2
2020-11-05 15:18:33.489,12915,12916,12915,3
2020-11-05 15:18:37.336,12915,12916,12916,1
2020-11-05 15:18:39.735,12915,12916,12915,1
2020-11-05 15:18:45.306,12915,12916,12915,1
2020-11-05 15:18:49.230,12915,12916,12916,2
2020-11-05 15:18:56.299,12915,12916,12915,1
2020-11-05 15:18:57.834,12915,12916,12915,6
2020-11-05 15:18:59.518,12914,12915,12915,1
2020-11-05 15:19:02.257,12914,12915,12914,1
2020-11-05 15:19:03.186,12914,12915,12915,1
2020-11-05 15:19:05.834,12914,12915,12914,5
2020-11-05 15:19:06.886,12913,12914,12913,3
2020-11-05 15:19:07.037,12912,12913,12913,2
2020-11-05 15:19:07.248,12912,12913,12913,2
2020-11-05 15:19:07.791,12912,12913,12913,3
2020-11-05 15:19:12.587,12912,12913,12913,1
2020-11-05 15:19:23.779,12913,12914,12914,1
2020-11-05 15:19:24.883,12914,12915,12914,1
2020-11-05 15:19:26.312,12914,12915,12915,1
2020-11-05 15:19:32.801,12914,12916,12914,1
2020-11-05 15:19:38.079,12913,12915,12913,1
2020-11-05 15:19:42.561,12913,12915,12914,1
2020-11-05 15:19:43.488,12914,12915,12914,1
2020-11-05 15:19:44.948,12914,12915,12914,1
2020-11-05 15:19:48.618,12913,12914,12914,1
2020-11-05 15:19:55.323,12913,12915,12913,1
2020-11-05 15:20:02.705,12913,12914,12914,3
2020-11-05 15:20:02.736,12913,12914,12914,1
2020-11-05 15:20:08.213,12913,12914,12913,2
2020-11-05 15:20:08.550,12913,12914,12914,1
2020-11-05 15:20:09.788,12914,12915,12914,1
2020-11-05 15:20:09.849,12914,12915,12915,1
2020-11-05 15:20:09.849,12914,12915,12915,1
2020-11-05 15:20:09.849,12914,12915,12915,1
2020-11-05 15:20:09.850,12914,12915,12915,1
2020-11-05 15:20:09.850,12914,12915,12915,1
2020-11-05 15:20:09.850,12914,12915,12915,1
2020-11-05 15:20:09.851,12914,12915,12916,1
2020-11-05 15:20:09.851,12914,12915,12915,2
2020-11-05 15:20:09.851,12914,12915,12916,1
2020-11-05 15:20:09.908,12914,12915,12914,2
2020-11-05 15:20:15.352,12914,12915,12914,1
2020-11-05 15:20:15.530,12914,12915,12915,1
2020-11-05 15:20:16.955,12914,12915,12914,1
2020-11-05 15:20:24.568,12914,12915,12914,1
2020-11-05 15:20:25.747,12914,12915,12915,1
2020-11-05 15:20:26.429,12914,12916,12914,2
2020-11-05 15:20:33.486,12914,12915,12914,4
2020-11-05 15:20:33.599,12913,12914,12914,1
2020-11-05 15:20:33.599,12913,12914,12915,1
2020-11-05 15:20:49.389,12915,12916,12916,4
2020-11-05 15:20:49.390,12915,12916,12916,4
2020-11-05 15:20:51.369,12916,12917,12916,1
2020-11-05 15:21:01.767,12916,12917,12916,1
2020-11-05 15:21:02.055,12915,12917,12917,1
2020-11-05 15:21:02.171,12915,12917,12917,4
2020-11-05 15:21:02.470,12916,12917,12917,2
2020-11-05 15:21:02.471,12916,12917,12917,4
2020-11-05 15:21:02.471,12916,12917,12917,1
2020-11-05 15:21:02.472,12916,12917,12917,2
2020-11-05 15:21:02.472,12916,12917,12917,1
2020-11-05 15:21:06.031,12916,12918,12916,1
2020-11-05 15:21:09.934,12916,12917,12916,2
2020-11-05 15:21:12.623,12915,12917,12915,2
2020-11-05 15:21:19.966,12915,12917,12915,1
2020-11-05 15:21:37.313,12915,12916,12915,4
2020-11-05 15:21:47.566,12914,12915,12915,1
2020-11-05 15:21:48.581,12914,12915,12915,1
2020-11-05 15:21:49.597,12915,12916,12915,1
2020-11-05 15:21:56.424,12914,12915,12915,1
2020-11-05 15:22:01.436,12914,12915,12914,1
2020-11-05 15:22:01.819,12914,12915,12914,4
2020-11-05 15:22:07.675,12914,12915,12914,1
2020-11-05 15:22:08.154,12914,12915,12915,1
2020-11-05 15:22:09.258,12914,12915,12914,5
2020-11-05 15:22:10.963,12914,12915,12915,1
2020-11-05 15:22:16.505,12914,12915,12914,1
2020-11-05 15:22:16.505,12914,12915,12913,1
2020-11-05 15:22:18.789,12914,12915,12915,5
2020-11-05 15:22:19.728,12914,12916,12916,2
2020-11-05 15:22:23.932,12914,12916,12916,1
2020-11-05 15:22:24.007,12914,12916,12916,2
2020-11-05 15:22:24.024,12914,12916,12916,1
2020-11-05 15:22:24.237,12915,12917,12917,2
2020-11-05 15:22:24.448,12915,12917,12917,2
2020-11-05 15:22:24.564,12915,12917,12917,2
2020-11-05 15:22:24.658,12915,12917,12915,1
2020-11-05 15:22:25.493,12915,12917,12917,2
2020-11-05 15:22:25.648,12915,12917,12917,2
2020-11-05 15:22:30.662,12915,12917,12915,1
2020-11-05 15:22:38.649,12915,12916,12915,2
2020-11-05 15:22:51.766,12915,12916,12915,1
2020-11-05 15:22:51.849,12914,12915,12915,1
2020-11-05 15:22:55.299,12914,12915,12915,1
2020-11-05 15:22:59.850,12915,12916,12915,1
2020-11-05 15:23:08.131,12915,12916,12916,6
2020-11-05 15:23:08.132,12915,12916,12916,1
2020-11-05 15:23:14.800,12915,12917,12915,1
2020-11-05 15:23:15.204,12915,12917,12915,1
2020-11-05 15:23:20.716,12915,12917,12915,1
2020-11-05 15:23:24.056,12915,12917,12916,1
2020-11-05 15:23:24.099,12915,12917,12917,1
2020-11-05 15:23:32.639,12916,12917,12917,2
2020-11-05 15:23:32.870,12916,12917,12917,2
2020-11-05 15:23:32.915,12916,12917,12917,2
2020-11-05 15:23:33.120,12916,12917,12917,1
2020-11-05 15:23:33.177,12916,12917,12917,2
2020-11-05 15:23:33.177,12916,12917,12917,1
2020-11-05 15:23:33.177,12916,12917,12917,1
2020-11-05 15:23:33.407,12917,12918,12918,2
2020-11-05 15:23:33.538,12917,12918,12918,1
2020-11-05 15:23:33.623,12917,12918,12918,2
2020-11-05 15:23:35.589,12917,12918,12918,16
2020-11-05 15:23:35.590,12917,12918,12918,1
2020-11-05 15:23:43.087,12918,12919,12919,1
2020-11-05 15:23:43.104,12918,12919,12919,5
2020-11-05 15:23:43.909,12918,12919,12919,1
2020-11-05 15:23:45.216,12918,12919,12919,1
2020-11-05 15:23:49.995,12918,12919,12919,1
2020-11-05 15:23:50.085,12918,12919,12919,12
2020-11-05 15:23:52.199,12919,12920,12920,2
2020-11-05 15:23:52.199,12919,12920,12920,4
2020-11-05 15:23:52.199,12919,12920,12920,21
2020-11-05 15:23:52.200,12919,12920,12920,6
2020-11-05 15:23:52.200,12919,12920,12920,2
2020-11-05 15:23:52.200,12919,12920,12920,2
2020-11-05 15:23:52.200,12919,12920,12920,1
2020-11-05 15:23:52.200,12919,12920,12920,1
2020-11-05 15:23:52.200,12919,12920,12920,4
2020-11-05 15:23:52.718,12920,12921,12921,2
2020-11-05 15:23:52.744,12920,12921,12921,1
2020-11-05 15:23:52.796,12920,12921,12921,1
2020-11-05 15:23:52.872,12920,12921,12921,1
2020-11-05 15:23:53.091,12920,12921,12921,1
2020-11-05 15:23:53.239,12920,12921,12921,1
2020-11-05 15:23:53.397,12920,12921,12921,2
2020-11-05 15:23:54.069,12919,12921,12921,1
2020-11-05 15:23:54.498,12919,12921,12919,1
2020-11-05 15:23:54.503,12919,12921,12921,1
2020-11-05 15:23:58.418,12920,12921,12921,1
2020-11-05 15:23:58.610,12920,12921,12921,4
2020-11-05 15:23:59.691,12921,12922,12921,1
2020-11-05 15:24:00.125,12921,12922,12922,1
2020-11-05 15:24:00.244,12921,12922,12922,2
2020-11-05 15:24:00.447,12921,12922,12922,1
2020-11-05 15:24:00.554,12921,12922,12922,2
2020-11-05 15:24:00.633,12921,12922,12922,1
2020-11-05 15:24:00.734,12921,12922,12922,2
2020-11-05 15:24:00.790,12921,12922,12922,1
2020-11-05 15:24:00.924,12921,12922,12921,1
2020-11-05 15:24:00.950,12921,12922,12922,4
2020-11-05 15:24:01.136,12921,12922,12922,2
2020-11-05 15:24:01.136,12921,12922,12922,2
2020-11-05 15:24:01.180,12921,12922,12923,2
2020-11-05 15:24:01.180,12921,12922,12923,2
2020-11-05 15:24:01.255,12922,12923,12922,1
2020-11-05 15:24:01.267,12922,12923,12923,1
2020-11-05 15:24:01.267,12922,12923,12923,1
2020-11-05 15:24:01.267,12922,12923,12923,1
2020-11-05 15:24:01.267,12922,12923,12923,1
2020-11-05 15:24:01.269,12922,12923,12922,1
2020-11-05 15:24:01.277,12922,12923,12923,1
2020-11-05 15:24:01.870,12922,12923,12923,1
2020-11-05 15:24:02.834,12922,12923,12923,1
2020-11-05 15:24:03.089,12922,12923,12922,1
2020-11-05 15:24:04.399,12921,12922,12922,1
2020-11-05 15:24:06.495,12921,12922,12922,1
2020-11-05 15:24:08.306,12921,12922,12922,2
2020-11-05 15:24:08.349,12922,12923,12923,1
2020-11-05 15:24:08.352,12922,12923,12923,1
2020-11-05 15:24:08.352,12922,12923,12923,1
2020-11-05 15:24:08.354,12922,12923,12923,1
2020-11-05 15:24:08.947,12922,12923,12922,1
2020-11-05 15:24:10.637,12921,12922,12922,5
2020-11-05 15:24:10.782,12922,12923,12922,1
2020-11-05 15:24:11.812,12922,12923,12923,1
2020-11-05 15:24:12.028,12922,12923,12923,3
2020-11-05 15:24:12.924,12922,12923,12923,5
2020-11-05 15:24:12.948,12922,12923,12923,1
2020-11-05 15:24:12.948,12922,12923,12924,1
2020-11-05 15:24:12.999,12922,12924,12924,4
2020-11-05 15:24:13.116,12922,12924,12924,2
2020-11-05 15:24:13.164,12922,12924,12924,1
2020-11-05 15:24:13.172,12922,12924,12922,1
2020-11-05 15:24:13.233,12922,12924,12924,1
2020-11-05 15:24:13.321,12922,12924,12924,1
2020-11-05 15:24:13.324,12922,12924,12924,1
2020-11-05 15:24:13.324,12922,12924,12924,1
2020-11-05 15:24:13.349,12922,12924,12922,1
2020-11-05 15:24:13.431,12922,12924,12924,1
2020-11-05 15:24:13.445,12922,12924,12924,1
2020-11-05 15:24:14.649,12922,12924,12924,1
2020-11-05 15:24:15.116,12922,12923,12923,1
2020-11-05 15:24:15.116,12922,12923,12924,1
2020-11-05 15:24:16.893,12922,12924,12924,1
2020-11-05 15:24:19.736,12922,12923,12922,1
2020-11-05 15:24:21.320,12922,12923,12923,1
2020-11-05 15:24:21.561,12922,12924,12924,2
2020-11-05 15:24:23.873,12922,12923,12923,2
2020-11-05 15:24:24.004,12922,12923,12923,1
2020-11-05 15:24:25.045,12923,12924,12923,2
2020-11-05 15:24:25.164,12923,12924,12923,1
2020-11-05 15:24:25.164,12923,12924,12923,1
2020-11-05 15:24:25.164,12923,12924,12923,2
2020-11-05 15:24:25.625,12922,12923,12923,1
2020-11-05 15:24:27.130,12923,12924,12924,3
2020-11-05 15:24:29.691,12923,12924,12923,1
2020-11-05 15:24:29.724,12923,12924,12924,1
2020-11-05 15:24:30.049,12923,12924,12924,12
2020-11-05 15:24:31.310,12923,12924,12923,1
2020-11-05 15:24:31.850,12923,12924,12924,2
2020-11-05 15:24:34.209,12923,12924,12924,1
2020-11-05 15:24:34.559,12923,12924,12923,2
2020-11-05 15:24:36.613,12923,12924,12923,1
2020-11-05 15:24:36.613,12923,12924,12923,1
2020-11-05 15:24:36.613,12923,12924,12923,3
2020-11-05 15:24:36.613,12923,12924,12923,3
2020-11-05 15:24:37.211,12922,12924,12924,1
2020-11-05 15:24:37.282,12922,12924,12924,4
2020-11-05 15:24:38.996,12922,12924,12924,2
2020-11-05 15:24:39.061,12922,12924,12924,2
2020-11-05 15:24:39.184,12922,12924,12924,2
2020-11-05 15:24:39.315,12922,12924,12923,2
2020-11-05 15:24:39.429,12922,12924,12924,2
2020-11-05 15:24:39.510,12922,12924,12924,1
2020-11-05 15:24:40.028,12922,12924,12924,1
2020-11-05 15:24:40.604,12922,12924,12924,1
2020-11-05 15:24:40.734,12922,12924,12924,1
2020-11-05 15:24:41.875,12922,12924,12924,1
2020-11-05 15:24:44.169,12923,12924,12923,1
2020-11-05 15:24:45.212,12923,12924,12924,1
2020-11-05 15:24:45.212,12923,12924,12924,3
2020-11-05 15:24:45.212,12923,12924,12924,1
2020-11-05 15:24:45.617,12923,12924,12924,1
2020-11-05 15:24:47.577,12924,12925,12924,1
2020-11-05 15:24:47.581,12924,12925,12925,1
2020-11-05 15:24:47.610,12924,12925,12925,3
2020-11-05 15:24:47.630,12924,12925,12925,2
2020-11-05 15:24:47.756,12924,12925,12925,1
2020-11-05 15:24:47.796,12924,12925,12924,1
2020-11-05 15:24:48.120,12924,12925,12925,1
2020-11-05 15:24:48.161,12924,12925,12925,7
2020-11-05 15:24:49.565,12924,12925,12924,2
2020-11-05 15:24:49.872,12924,12925,12925,2
2020-11-05 15:24:51.622,12924,12925,12925,1
2020-11-05 15:24:52.281,12924,12925,12925,17
2020-11-05 15:24:52.347,12924,12925,12925,1
2020-11-05 15:24:52.779,12924,12926,12926,5
2020-11-05 15:24:52.877,12925,12926,12926,51
2020-11-05 15:24:52.878,12925,12926,12926,1
2020-11-05 15:24:53.053,12925,12927,12927,1
2020-11-05 15:24:53.096,12925,12927,12927,1
2020-11-05 15:24:53.103,12925,12927,12927,25
2020-11-05 15:24:53.104,12925,12927,12928,5
2020-11-05 15:24:53.105,12925,12927,12928,5
2020-11-05 15:24:53.247,12927,12928,12928,3
2020-11-05 15:24:53.266,12927,12928,12928,1
2020-11-05 15:24:53.300,12927,12928,12928,2
2020-11-05 15:24:53.373,12927,12928,12928,1
2020-11-05 15:24:53.473,12927,12928,12928,2
2020-11-05 15:24:53.483,12927,12928,12928,4
2020-11-05 15:24:53.490,12927,12928,12928,6
2020-11-05 15:24:53.490,12927,12928,12928,9
2020-11-05 15:24:53.490,12927,12928,12928,2
2020-11-05 15:24:53.490,12927,12928,12928,2
2020-11-05 15:24:53.509,12927,12928,12929,1
2020-11-05 15:24:53.540,12927,12928,12929,1
2020-11-05 15:24:53.560,12927,12928,12929,2
2020-11-05 15:24:53.630,12927,12929,12929,3
2020-11-05 15:24:53.696,12927,12929,12929,2
2020-11-05 15:24:53.698,12927,12929,12929,1
2020-11-05 15:24:53.750,12927,12929,12929,1
2020-11-05 15:24:53.755,12927,12929,12929,1
2020-11-05 15:24:53.786,12927,12929,12929,1
2020-11-05 15:24:53.789,12927,12929,12929,2
2020-11-05 15:24:53.809,12927,12929,12929,1
2020-11-05 15:24:53.845,12927,12929,12929,2
2020-11-05 15:24:53.865,12927,12929,12929,1
2020-11-05 15:24:53.933,12927,12929,12929,1
2020-11-05 15:24:53.955,12927,12929,12929,2
2020-11-05 15:24:53.970,12927,12929,12929,2
2020-11-05 15:24:54.005,12927,12929,12929,2
2020-11-05 15:24:54.142,12927,12929,12929,1
2020-11-05 15:24:54.210,12927,12929,12929,1
2020-11-05 15:24:54.354,12927,12929,12929,1
2020-11-05 15:24:54.496,12927,12929,12929,1
2020-11-05 15:24:54.560,12927,12929,12929,2
2020-11-05 15:24:54.775,12927,12929,12927,1
2020-11-05 15:24:54.967,12927,12928,12928,1
2020-11-05 15:24:55.014,12927,12928,12928,1
2020-11-05 15:24:55.181,12927,12929,12929,1
2020-11-05 15:24:55.982,12927,12929,12929,1
2020-11-05 15:24:56.099,12927,12929,12929,1
2020-11-05 15:24:56.130,12927,12929,12929,2
2020-11-05 15:24:56.167,12927,12929,12929,1
2020-11-05 15:24:56.294,12927,12929,12929,1
2020-11-05 15:24:57.349,12927,12928,12928,4
2020-11-05 15:24:57.349,12927,12928,12929,29
2020-11-05 15:24:57.350,12927,12928,12929,1
2020-11-05 15:24:57.474,12927,12929,12929,1
2020-11-05 15:25:00.351,12927,12928,12928,2
2020-11-05 15:25:00.351,12927,12928,12929,1
2020-11-05 15:25:00.732,12927,12928,12928,1
2020-11-05 15:25:00.732,12927,12928,12929,1
2020-11-05 15:25:01.195,12927,12928,12927,1
2020-11-05 15:25:01.421,12927,12928,12927,1
2020-11-05 15:25:01.627,12926,12928,12928,1
2020-11-05 15:25:01.627,12926,12928,12928,1
2020-11-05 15:25:01.937,12926,12928,12927,1
2020-11-05 15:25:02.224,12926,12927,12927,1
2020-11-05 15:25:02.354,12926,12927,12926,5
2020-11-05 15:25:02.423,12926,12927,12927,1
2020-11-05 15:25:02.594,12926,12927,12926,5
2020-11-05 15:25:02.835,12926,12927,12925,5
2020-11-05 15:25:03.074,12925,12926,12925,5
2020-11-05 15:25:03.197,12925,12926,12926,1
2020-11-05 15:25:04.221,12925,12926,12925,5
2020-11-05 15:25:04.448,12925,12926,12926,3
2020-11-05 15:25:04.832,12925,12926,12926,1
2020-11-05 15:25:04.957,12925,12926,12925,5
2020-11-05 15:25:05.551,12925,12926,12925,4
2020-11-05 15:25:05.552,12925,12926,12925,1
2020-11-05 15:25:05.931,12924,12926,12926,1
2020-11-05 15:25:07.443,12925,12926,12926,1
2020-11-05 15:25:07.505,12925,12926,12926,1
2020-11-05 15:25:08.042,12926,12927,12926,1
2020-11-05 15:25:09.971,12926,12927,12926,1
2020-11-05 15:25:10.043,12925,12926,12926,2
2020-11-05 15:25:10.120,12925,12927,12925,1
2020-11-05 15:25:12.417,12925,12926,12925,9
2020-11-05 15:25:12.638,12924,12925,12925,1
2020-11-05 15:25:13.381,12924,12926,12925,1
2020-11-05 15:25:13.417,12924,12926,12926,2
2020-11-05 15:25:13.603,12925,12926,12926,1
2020-11-05 15:25:14.522,12925,12926,12926,3
2020-11-05 15:25:16.181,12925,12926,12925,1
2020-11-05 15:25:17.820,12925,12926,12926,1
2020-11-05 15:25:22.104,12925,12926,12925,1
2020-11-05 15:25:22.146,12925,12926,12926,3
2020-11-05 15:25:22.396,12925,12926,12926,1
2020-11-05 15:25:24.718,12925,12926,12925,5
2020-11-05 15:25:24.720,12925,12926,12925,4
2020-11-05 15:25:26.310,12924,12925,12924,5
2020-11-05 15:25:28.300,12924,12925,12925,3
2020-11-05 15:25:29.728,12924,12925,12925,3
2020-11-05 15:25:29.728,12924,12925,12926,7
2020-11-05 15:25:30.690,12925,12926,12925,1
2020-11-05 15:25:31.332,12924,12925,12925,1
2020-11-05 15:25:34.364,12924,12925,12924,8
2020-11-05 15:25:34.807,12923,12924,12924,1
2020-11-05 15:25:35.140,12923,12924,12923,1
2020-11-05 15:25:35.186,12923,12924,12924,2
2020-11-05 15:25:36.182,12923,12924,12924,1
2020-11-05 15:25:36.599,12923,12925,12923,1
2020-11-05 15:25:36.612,12923,12925,12923,20
2020-11-05 15:25:38.627,12923,12924,12924,1
2020-11-05 15:25:38.723,12923,12925,12925,1
2020-11-05 15:25:39.828,12923,12924,12924,1
2020-11-05 15:25:44.211,12924,12925,12924,4
2020-11-05 15:25:44.212,12924,12925,12924,5
2020-11-05 15:25:46.384,12924,12925,12924,1
2020-11-05 15:25:49.754,12924,12925,12924,1
2020-11-05 15:25:50.969,12923,12924,12924,1
2020-11-05 15:25:51.494,12923,12924,12924,1
2020-11-05 15:25:53.297,12923,12925,12925,1
2020-11-05 15:25:58.202,12923,12924,12924,1
2020-11-05 15:26:00.233,12923,12924,12923,1
2020-11-05 15:26:01.807,12923,12924,12923,2
2020-11-05 15:26:02.395,12923,12924,12924,3
2020-11-05 15:26:04.930,12923,12924,12924,1
2020-11-05 15:26:06.072,12923,12924,12923,1
2020-11-05 15:26:06.072,12923,12924,12923,1
2020-11-05 15:26:06.122,12923,12924,12923,1
2020-11-05 15:26:06.123,12923,12924,12923,1
2020-11-05 15:26:06.801,12923,12924,12923,2
2020-11-05 15:26:09.688,12923,12924,12923,7
2020-11-05 15:26:12.291,12922,12923,12922,1
2020-11-05 15:26:14.572,12922,12923,12923,1
2020-11-05 15:26:14.759,12922,12923,12922,1
2020-11-05 15:26:14.895,12922,12923,12922,1
2020-11-05 15:26:15.373,12922,12923,12923,1
2020-11-05 15:26:22.624,12922,12923,12923,1
2020-11-05 15:26:23.224,12922,12923,12923,2
2020-11-05 15:26:23.349,12922,12923,12923,1
2020-11-05 15:26:24.985,12922,12923,12923,4
2020-11-05 15:26:24.986,12922,12923,12923,7
2020-11-05 15:26:25.812,12923,12924,12923,1
2020-11-05 15:26:26.713,12923,12924,12923,4
2020-11-05 15:26:26.713,12923,12924,12922,23
2020-11-05 15:26:26.747,12922,12923,12922,1
2020-11-05 15:26:26.798,12922,12923,12922,1
2020-11-05 15:26:26.848,12922,12923,12922,1
2020-11-05 15:26:26.848,12922,12923,12922,1
2020-11-05 15:26:34.949,12923,12924,12923,1
2020-11-05 15:26:35.012,12922,12923,12922,1
2020-11-05 15:26:35.391,12922,12923,12922,1
2020-11-05 15:26:35.868,12922,12923,12922,1
2020-11-05 15:26:37.248,12922,12923,12923,1
2020-11-05 15:26:38.481,12922,12923,12923,1
2020-11-05 15:26:42.079,12922,12923,12922,1
2020-11-05 15:26:51.047,12922,12923,12922,1
2020-11-05 15:26:54.799,12922,12923,12922,2
2020-11-05 15:26:56.877,12922,12923,12922,1
2020-11-05 15:26:57.719,12922,12923,12922,1
2020-11-05 15:26:58.254,12922,12923,12922,2
2020-11-05 15:26:58.671,12922,12923,12922,2
2020-11-05 15:26:59.720,12921,12922,12922,2
2020-11-05 15:27:00.273,12921,12923,12922,1
2020-11-05 15:27:03.329,12921,12922,12922,1
2020-11-05 15:27:07.212,12922,12923,12922,1
2020-11-05 15:27:12.003,12922,12923,12923,1
2020-11-05 15:27:14.033,12922,12923,12922,1
2020-11-05 15:27:21.148,12922,12923,12923,1
2020-11-05 15:27:21.978,12922,12923,12923,1
2020-11-05 15:27:24.830,12922,12923,12923,1
2020-11-05 15:27:24.850,12922,12923,12923,1
2020-11-05 15:27:25.431,12922,12923,12923,1
2020-11-05 15:27:26.148,12922,12923,12922,1
2020-11-05 15:27:31.106,12922,12923,12923,2
2020-11-05 15:27:31.106,12922,12923,12923,1
2020-11-05 15:27:31.224,12923,12924,12924,1
2020-11-05 15:27:31.224,12923,12924,12924,1
2020-11-05 15:27:31.224,12923,12924,12924,1
2020-11-05 15:27:31.224,12923,12924,12924,1
2020-11-05 15:27:31.226,12923,12924,12924,1
2020-11-05 15:27:31.226,12923,12924,12925,1
2020-11-05 15:27:31.226,12923,12924,12925,1
2020-11-05 15:27:31.226,12923,12924,12925,1
2020-11-05 15:27:31.226,12923,12924,12925,1
2020-11-05 15:27:31.226,12923,12924,12925,1
2020-11-05 15:27:31.271,12923,12924,12925,1
2020-11-05 15:27:38.096,12923,12924,12924,1
2020-11-05 15:27:41.397,12924,12925,12924,1
2020-11-05 15:27:44.553,12924,12925,12925,1
2020-11-05 15:27:45.358,12924,12925,12925,1
2020-11-05 15:27:48.405,12924,12925,12925,1
2020-11-05 15:27:49.839,12924,12925,12925,1
2020-11-05 15:27:50.310,12924,12925,12925,1
2020-11-05 15:27:50.456,12924,12925,12925,1
2020-11-05 15:27:50.456,12924,12925,12925,1
2020-11-05 15:27:50.605,12924,12925,12925,3
2020-11-05 15:27:50.884,12924,12926,12924,1
2020-11-05 15:27:52.820,12925,12926,12925,1
2020-11-05 15:27:55.063,12925,12926,12926,5
2020-11-05 15:27:58.888,12925,12926,12926,8
2020-11-05 15:28:01.536,12925,12926,12926,1
2020-11-05 15:28:01.814,12925,12926,12926,1
2020-11-05 15:28:01.814,12925,12926,12926,1
2020-11-05 15:28:02.009,12925,12927,12927,4
2020-11-05 15:28:02.011,12925,12927,12927,1
2020-11-05 15:28:02.702,12926,12927,12926,1
2020-11-05 15:28:05.224,12926,12927,12927,1
2020-11-05 15:28:05.433,12926,12927,12927,3
2020-11-05 15:28:05.717,12926,12927,12927,1
2020-11-05 15:28:05.730,12926,12927,12927,2
2020-11-05 15:28:05.736,12926,12927,12927,1
2020-11-05 15:28:05.736,12926,12927,12928,2
2020-11-05 15:28:06.224,12927,12928,12928,1
2020-11-05 15:28:06.230,12927,12928,12928,1
2020-11-05 15:28:06.260,12927,12928,12928,2
2020-11-05 15:28:06.261,12927,12928,12928,1
2020-11-05 15:28:06.544,12927,12928,12928,1
2020-11-05 15:28:06.808,12927,12928,12928,2
2020-11-05 15:28:06.910,12927,12928,12928,2
2020-11-05 15:28:09.218,12926,12928,12928,1
2020-11-05 15:28:12.403,12927,12928,12928,1
2020-11-05 15:28:16.621,12927,12928,12927,1
2020-11-05 15:28:16.621,12927,12928,12927,2
2020-11-05 15:28:16.622,12927,12928,12927,5
2020-11-05 15:28:16.622,12927,12928,12927,2
2020-11-05 15:28:18.195,12926,12927,12927,2
2020-11-05 15:28:20.885,12926,12927,12926,1
2020-11-05 15:28:21.212,12925,12926,12926,1
2020-11-05 15:28:23.096,12925,12927,12925,14
2020-11-05 15:28:23.097,12924,12926,12925,2
2020-11-05 15:28:33.443,12924,12925,12925,1
2020-11-05 15:28:34.184,12924,12925,12925,1
2020-11-05 15:28:34.803,12925,12926,12925,1
2020-11-05 15:28:35.267,12925,12926,12925,1
2020-11-05 15:28:35.560,12925,12926,12926,4
2020-11-05 15:28:41.074,12925,12926,12926,1
2020-11-05 15:28:43.637,12925,12927,12927,3
2020-11-05 15:28:50.631,12926,12927,12927,1
2020-11-05 15:28:53.561,12925,12927,12926,1
2020-11-05 15:28:53.616,12926,12927,12926,4
2020-11-05 15:28:56.328,12926,12927,12926,1
2020-11-05 15:28:56.698,12926,12927,12927,1
2020-11-05 15:28:57.934,12926,12927,12926,1
2020-11-05 15:28:59.877,12926,12927,12927,1
2020-11-05 15:29:00.568,12926,12927,12926,1
2020-11-05 15:29:00.821,12926,12927,12927,1
2020-11-05 15:29:02.486,12926,12927,12927,5
2020-11-05 15:29:02.891,12927,12928,12927,4
2020-11-05 15:29:05.995,12926,12927,12926,1
2020-11-05 15:29:11.216,12926,12927,12926,7
2020-11-05 15:29:12.357,12925,12926,12926,1
2020-11-05 15:29:17.666,12926,12927,12927,1
2020-11-05 15:29:18.342,12926,12927,12926,1
2020-11-05 15:29:21.698,12926,12927,12927,1
2020-11-05 15:29:21.699,12926,12927,12927,3
2020-11-05 15:29:21.699,12926,12927,12927,4
2020-11-05 15:29:29.587,12927,12928,12927,2
2020-11-05 15:29:30.578,12926,12927,12926,5
2020-11-05 15:29:30.599,12926,12927,12927,1
2020-11-05 15:29:33.171,12926,12927,12926,1
2020-11-05 15:29:34.036,12926,12927,12926,1
2020-11-05 15:29:34.069,12926,12927,12926,1
2020-11-05 15:29:34.089,12926,12927,12926,1
2020-11-05 15:29:34.105,12926,12927,12926,1
2020-11-05 15:29:34.126,12926,12927,12926,2
2020-11-05 15:29:34.126,12926,12927,12926,1
2020-11-05 15:29:34.131,12926,12927,12925,2
2020-11-05 15:29:36.582,12925,12926,12926,1
2020-11-05 15:29:47.713,12926,12927,12927,2
2020-11-05 15:29:47.714,12926,12927,12927,3
2020-11-05 15:29:48.026,12927,12928,12927,1
2020-11-05 15:29:48.044,12927,12928,12927,1
2020-11-05 15:29:56.305,12926,12927,12927,6
2020-11-05 15:30:01.071,12926,12927,12927,1
2020-11-05 15:30:01.073,12926,12927,12927,1
2020-11-05 15:30:01.259,12926,12927,12927,1
2020-11-05 15:30:01.339,12926,12927,12928,1
2020-11-05 15:30:01.355,12926,12928,12928,1
2020-11-05 15:30:01.423,12926,12928,12927,1
2020-11-05 15:30:01.711,12926,12928,12928,1
2020-11-05 15:30:01.750,12926,12928,12928,1
2020-11-05 15:30:02.157,12926,12928,12928,4
2020-11-05 15:30:03.514,12927,12928,12928,1
2020-11-05 15:30:08.417,12927,12928,12927,1
2020-11-05 15:30:08.417,12927,12928,12927,2
2020-11-05 15:30:08.417,12927,12928,12927,2
2020-11-05 15:30:08.417,12927,12928,12927,4
2020-11-05 15:30:08.417,12927,12928,12927,1
2020-11-05 15:30:08.541,12926,12927,12927,3
2020-11-05 15:30:08.801,12926,12927,12927,4
2020-11-05 15:30:10.016,12926,12927,12927,5
2020-11-05 15:30:10.017,12926,12927,12927,3
2020-11-05 15:30:10.017,12926,12927,12927,1
2020-11-05 15:30:10.017,12926,12927,12927,9
2020-11-05 15:30:10.017,12926,12927,12927,2
2020-11-05 15:30:19.648,12926,12927,12927,6
2020-11-05 15:30:20.458,12926,12927,12927,2
2020-11-05 15:30:20.563,12926,12927,12926,1
2020-11-05 15:30:21.319,12926,12927,12926,2
2020-11-05 15:30:21.740,12926,12927,12926,1
2020-11-05 15:30:21.740,12926,12927,12926,3
2020-11-05 15:30:21.740,12926,12927,12926,5
2020-11-05 15:30:23.672,12925,12926,12926,1
2020-11-05 15:30:27.139,12926,12927,12926,1
2020-11-05 15:30:28.357,12925,12926,12926,1
2020-11-05 15:30:29.780,12925,12926,12925,23
2020-11-05 15:30:30.521,12924,12926,12926,17
2020-11-05 15:30:30.521,12924,12926,12927,8
2020-11-05 15:30:30.544,12924,12926,12926,1
2020-11-05 15:30:30.847,12925,12927,12925,2
2020-11-05 15:30:32.013,12925,12927,12925,1
2020-11-05 15:30:36.187,12926,12927,12926,1
2020-11-05 15:30:36.187,12926,12927,12925,1
2020-11-05 15:30:39.507,12925,12927,12925,1
2020-11-05 15:30:40.519,12925,12926,12925,1
2020-11-05 15:30:41.050,12925,12926,12926,4
2020-11-05 15:30:41.050,12925,12926,12927,2
2020-11-05 15:30:44.918,12925,12926,12926,1
2020-11-05 15:30:46.410,12926,12927,12927,2
2020-11-05 15:30:47.650,12926,12927,12926,1
2020-11-05 15:30:48.830,12926,12927,12926,1
2020-11-05 15:30:49.315,12926,12927,12926,1
2020-11-05 15:30:54.097,12925,12926,12926,1
2020-11-05 15:30:55.050,12925,12926,12926,1
2020-11-05 15:30:58.302,12926,12927,12926,1
2020-11-05 15:31:01.295,12926,12927,12926,1
2020-11-05 15:31:01.371,12925,12926,12925,1
2020-11-05 15:31:02.259,12925,12926,12926,1
2020-11-05 15:31:02.479,12925,12926,12926,4
2020-11-05 15:31:07.050,12925,12926,12925,1
2020-11-05 15:31:07.059,12925,12926,12925,1
2020-11-05 15:31:07.522,12924,12925,12925,3
2020-11-05 15:31:07.522,12924,12925,12926,1
2020-11-05 15:31:07.586,12924,12925,12926,2
2020-11-05 15:31:10.768,12924,12926,12925,1
2020-11-05 15:31:17.227,12924,12925,12925,1
2020-11-05 15:31:17.426,12924,12926,12926,2
2020-11-05 15:31:18.731,12924,12925,12925,1
2020-11-05 15:31:22.474,12925,12926,12926,8
2020-11-05 15:31:23.570,12925,12926,12926,1
2020-11-05 15:31:33.728,12926,12927,12926,1
2020-11-05 15:31:35.755,12926,12927,12926,3
2020-11-05 15:31:35.756,12926,12927,12926,3
2020-11-05 15:31:38.111,12926,12927,12927,5
2020-11-05 15:31:38.143,12926,12927,12927,1
2020-11-05 15:31:38.375,12926,12927,12926,1
2020-11-05 15:31:39.861,12926,12927,12926,1
2020-11-05 15:31:44.435,12926,12927,12927,1
2020-11-05 15:31:45.456,12926,12927,12927,4
2020-11-05 15:31:45.457,12926,12927,12927,1
2020-11-05 15:31:45.457,12926,12927,12927,1
2020-11-05 15:31:45.668,12926,12928,12926,1
2020-11-05 15:31:50.665,12926,12927,12926,1
2020-11-05 15:31:50.666,12926,12927,12926,13
2020-11-05 15:31:51.775,12925,12926,12925,1
2020-11-05 15:31:51.952,12925,12926,12925,1
2020-11-05 15:31:51.952,12925,12926,12925,1
2020-11-05 15:31:51.952,12925,12926,12925,4
2020-11-05 15:31:51.952,12925,12926,12925,2
2020-11-05 15:31:56.740,12924,12925,12924,1
2020-11-05 15:31:57.274,12924,12925,12924,1
2020-11-05 15:31:57.275,12924,12925,12924,2
2020-11-05 15:31:57.520,12924,12925,12924,2
2020-11-05 15:31:57.837,12924,12925,12924,2
2020-11-05 15:31:57.837,12924,12925,12924,2
2020-11-05 15:31:57.837,12924,12925,12924,1
2020-11-05 15:31:58.173,12923,12924,12924,1
2020-11-05 15:32:04.936,12923,12924,12924,6
2020-11-05 15:32:05.059,12923,12924,12924,1
2020-11-05 15:32:05.209,12923,12924,12924,3
2020-11-05 15:32:06.428,12923,12924,12923,1
2020-11-05 15:32:10.203,12923,12924,12923,1
2020-11-05 15:32:12.546,12923,12924,12923,1
2020-11-05 15:32:13.714,12923,12924,12924,1
2020-11-05 15:32:13.917,12923,12924,12924,2
2020-11-05 15:32:13.918,12923,12924,12924,2
2020-11-05 15:32:22.055,12923,12924,12924,2
2020-11-05 15:32:22.820,12923,12925,12925,1
2020-11-05 15:32:24.737,12924,12925,12924,1
2020-11-05 15:32:25.408,12924,12925,12925,2
2020-11-05 15:32:25.408,12924,12925,12925,1
2020-11-05 15:32:28.685,12924,12925,12925,2
2020-11-05 15:32:28.685,12924,12925,12926,2
2020-11-05 15:32:30.809,12924,12926,12925,1
2020-11-05 15:32:31.820,12925,12926,12925,1
2020-11-05 15:32:33.377,12925,12926,12926,1
2020-11-05 15:32:33.378,12925,12926,12926,2
2020-11-05 15:32:33.378,12925,12926,12926,16
2020-11-05 15:32:33.378,12925,12926,12926,1
2020-11-05 15:32:33.378,12925,12926,12926,1
2020-11-05 15:32:33.943,12926,12927,12926,1
2020-11-05 15:32:37.785,12926,12927,12926,1
2020-11-05 15:32:38.086,12926,12927,12926,2
2020-11-05 15:32:44.080,12926,12927,12926,1
2020-11-05 15:32:44.692,12926,12927,12926,2
2020-11-05 15:32:46.280,12924,12926,12926,5
2020-11-05 15:32:51.216,12924,12925,12925,1
2020-11-05 15:32:51.287,12924,12925,12925,1
2020-11-05 15:32:57.399,12924,12925,12924,13
2020-11-05 15:32:57.769,12923,12924,12923,1
2020-11-05 15:32:57.826,12923,12924,12923,1
2020-11-05 15:32:57.956,12923,12924,12923,2
2020-11-05 15:32:58.537,12923,12924,12923,1
2020-11-05 15:33:00.112,12922,12923,12923,1
2020-11-05 15:33:01.078,12922,12924,12923,1
2020-11-05 15:33:02.456,12922,12923,12922,5
2020-11-05 15:33:02.457,12922,12923,12922,4
2020-11-05 15:33:02.837,12921,12923,12921,1
2020-11-05 15:33:03.007,12921,12923,12921,1
2020-11-05 15:33:03.127,12921,12923,12921,1
2020-11-05 15:33:04.073,12921,12923,12921,4
2020-11-05 15:33:04.343,12921,12923,12921,2
2020-11-05 15:33:05.355,12921,12923,12923,1
2020-11-05 15:33:11.601,12922,12923,12923,4
2020-11-05 15:33:12.804,12923,12924,12924,5
2020-11-05 15:33:14.752,12923,12924,12924,5
2020-11-05 15:33:14.752,12923,12924,12924,2
2020-11-05 15:33:16.638,12925,12926,12925,1
2020-11-05 15:33:17.150,12924,12925,12925,1
2020-11-05 15:33:18.635,12925,12926,12925,1
2020-11-05 15:33:20.715,12924,12925,12924,1
2020-11-05 15:33:20.770,12924,12925,12924,2
2020-11-05 15:33:23.234,12923,12924,12923,1
2020-11-05 15:33:26.104,12923,12924,12924,1
2020-11-05 15:33:28.951,12923,12924,12923,2
2020-11-05 15:33:34.482,12923,12924,12924,1
2020-11-05 15:33:34.537,12923,12924,12923,1
2020-11-05 15:33:36.611,12923,12924,12923,1
2020-11-05 15:33:37.257,12923,12924,12923,1
2020-11-05 15:33:42.660,12923,12924,12923,2
2020-11-05 15:33:51.155,12923,12924,12923,2
2020-11-05 15:33:51.323,12923,12924,12923,1
2020-11-05 15:33:52.731,12923,12924,12923,1
2020-11-05 15:33:52.731,12923,12924,12922,1
2020-11-05 15:33:57.472,12922,12923,12923,1
2020-11-05 15:33:59.173,12922,12923,12922,1
2020-11-05 15:34:01.667,12922,12923,12923,1
2020-11-05 15:34:02.295,12922,12923,12922,3
2020-11-05 15:34:04.953,12922,12923,12922,1
2020-11-05 15:34:05.736,12922,12923,12923,1
2020-11-05 15:34:05.737,12922,12923,12923,3
2020-11-05 15:34:06.016,12923,12924,12923,1
2020-11-05 15:34:08.592,12923,12924,12924,1
2020-11-05 15:34:09.197,12923,12924,12923,3
2020-11-05 15:34:10.509,12923,12924,12923,1
2020-11-05 15:34:10.843,12923,12924,12924,4
2020-11-05 15:34:10.843,12923,12924,12924,1
2020-11-05 15:34:11.395,12924,12925,12924,2
2020-11-05 15:34:18.446,12923,12925,12923,1
2020-11-05 15:34:30.038,12923,12924,12923,1
2020-11-05 15:34:30.262,12923,12924,12923,1
2020-11-05 15:34:33.476,12923,12924,12923,1
2020-11-05 15:34:33.566,12923,12924,12923,1
2020-11-05 15:34:39.929,12923,12924,12923,1
2020-11-05 15:34:43.019,12923,12924,12923,1
2020-11-05 15:34:47.278,12922,12924,12922,3
2020-11-05 15:34:49.508,12923,12924,12923,1
2020-11-05 15:34:51.091,12923,12924,12923,1
2020-11-05 15:34:54.328,12923,12924,12923,1
2020-11-05 15:35:07.545,12923,12924,12923,1
2020-11-05 15:35:07.793,12923,12924,12924,1
2020-11-05 15:35:08.083,12923,12924,12923,2
2020-11-05 15:35:08.099,12923,12924,12924,1
2020-11-05 15:35:08.100,12923,12924,12924,1
2020-11-05 15:35:08.100,12923,12924,12925,1
2020-11-05 15:35:17.622,12924,12925,12925,1
2020-11-05 15:35:22.738,12922,12924,12924,2
2020-11-05 15:35:22.848,12923,12925,12925,1
2020-11-05 15:35:23.138,12923,12925,12923,1
2020-11-05 15:35:33.169,12924,12925,12925,1
2020-11-05 15:35:33.169,12924,12925,12925,2
2020-11-05 15:35:41.744,12925,12926,12925,1
2020-11-05 15:35:46.842,12925,12926,12925,1
2020-11-05 15:35:52.460,12925,12926,12926,1
2020-11-05 15:36:00.544,12923,12925,12925,1
2020-11-05 15:36:00.604,12923,12925,12925,1
2020-11-05 15:36:00.605,12923,12925,12925,1
2020-11-05 15:36:00.605,12923,12925,12925,1
2020-11-05 15:36:00.606,12923,12925,12925,1
2020-11-05 15:36:00.848,12923,12925,12925,2
2020-11-05 15:36:00.864,12923,12925,12926,1
2020-11-05 15:36:00.898,12923,12925,12926,1
2020-11-05 15:36:00.916,12923,12925,12926,1
2020-11-05 15:36:00.978,12924,12926,12926,1
2020-11-05 15:36:00.979,12924,12926,12926,1
2020-11-05 15:36:01.075,12924,12926,12926,1
2020-11-05 15:36:01.079,12924,12926,12926,1
2020-11-05 15:36:01.099,12925,12926,12926,1
2020-11-05 15:36:01.100,12925,12926,12926,1
2020-11-05 15:36:01.121,12925,12926,12926,1
2020-11-05 15:36:01.465,12925,12926,12926,4
2020-11-05 15:36:01.587,12925,12926,12926,1
2020-11-05 15:36:01.919,12925,12926,12926,1
2020-11-05 15:36:05.934,12923,12925,12925,1
2020-11-05 15:36:21.107,12924,12925,12925,2
2020-11-05 15:36:24.536,12925,12926,12925,1
2020-11-05 15:36:24.598,12924,12925,12925,2
2020-11-05 15:36:24.599,12924,12925,12925,2
2020-11-05 15:36:24.601,12924,12925,12926,1
2020-11-05 15:36:24.602,12924,12925,12926,1
2020-11-05 15:36:24.936,12925,12926,12925,1
2020-11-05 15:36:30.778,12925,12926,12926,3
2020-11-05 15:36:37.584,12926,12927,12927,7
2020-11-05 15:36:37.584,12926,12927,12927,3
2020-11-05 15:36:37.584,12926,12927,12927,1
2020-11-05 15:36:37.599,12927,12928,12928,2
2020-11-05 15:36:37.599,12927,12928,12928,2
2020-11-05 15:36:37.599,12927,12928,12928,1
2020-11-05 15:36:37.600,12927,12928,12928,1
2020-11-05 15:36:37.600,12927,12928,12928,1
2020-11-05 15:36:37.601,12927,12928,12928,1
2020-11-05 15:36:37.602,12927,12928,12928,1
2020-11-05 15:36:37.603,12927,12928,12928,1
2020-11-05 15:36:37.844,12927,12928,12927,4
2020-11-05 15:36:39.431,12926,12927,12926,1
2020-11-05 15:36:39.861,12926,12927,12927,1
2020-11-05 15:36:44.252,12925,12927,12927,3
2020-11-05 15:36:46.916,12926,12927,12927,3
2020-11-05 15:36:49.969,12926,12927,12927,1
2020-11-05 15:36:49.973,12926,12927,12927,1
2020-11-05 15:36:49.974,12926,12927,12927,1
2020-11-05 15:37:02.138,12926,12927,12927,1
2020-11-05 15:37:02.287,12926,12927,12927,1
2020-11-05 15:37:02.517,12926,12927,12927,1
2020-11-05 15:37:02.606,12926,12927,12927,1
2020-11-05 15:37:04.277,12926,12927,12927,1
2020-11-05 15:37:05.394,12926,12927,12926,1
2020-11-05 15:37:05.394,12926,12927,12926,2
2020-11-05 15:37:05.394,12926,12927,12926,2
2020-11-05 15:37:08.754,12925,12926,12925,3
2020-11-05 15:37:13.209,12924,12925,12925,1
2020-11-05 15:37:15.897,12924,12925,12925,1
2020-11-05 15:37:18.091,12924,12926,12924,1
2020-11-05 15:37:19.031,12924,12925,12924,1
2020-11-05 15:37:19.764,12924,12925,12925,1
2020-11-05 15:37:21.212,12924,12925,12924,1
2020-11-05 15:37:22.566,12923,12924,12923,1
2020-11-05 15:37:23.998,12923,12924,12923,2
2020-11-05 15:37:24.713,12922,12924,12923,1
2020-11-05 15:37:34.853,12923,12925,12923,1
2020-11-05 15:37:42.077,12924,12925,12925,1
2020-11-05 15:37:49.680,12924,12926,12926,1
2020-11-05 15:38:12.005,12924,12925,12925,1
2020-11-05 15:38:22.723,12924,12925,12925,1
2020-11-05 15:38:26.766,12924,12926,12926,5
2020-11-05 15:38:28.412,12925,12926,12925,1
2020-11-05 15:38:31.556,12924,12926,12926,1
2020-11-05 15:38:35.928,12924,12926,12924,1
2020-11-05 15:38:54.828,12924,12925,12924,3
2020-11-05 15:38:55.659,12924,12925,12924,1
2020-11-05 15:39:02.120,12923,12924,12923,1
2020-11-05 15:39:02.120,12923,12924,12923,7
2020-11-05 15:39:02.120,12923,12924,12923,1
2020-11-05 15:39:02.120,12923,12924,12923,4
2020-11-05 15:39:02.817,12922,12923,12922,1
2020-11-05 15:39:03.004,12922,12923,12922,2
2020-11-05 15:39:05.209,12922,12923,12922,1
2020-11-05 15:39:08.215,12922,12923,12922,1
2020-11-05 15:39:13.711,12922,12923,12922,4
2020-11-05 15:39:20.277,12922,12923,12922,2
2020-11-05 15:39:25.844,12922,12923,12922,1
2020-11-05 15:39:28.590,12922,12923,12922,1
2020-11-05 15:39:30.471,12921,12922,12922,1
2020-11-05 15:39:32.502,12922,12923,12922,1
2020-11-05 15:39:33.226,12922,12923,12922,1
2020-11-05 15:39:36.880,12922,12923,12922,1
2020-11-05 15:39:43.854,12922,12923,12922,2
2020-11-05 15:39:45.330,12922,12923,12923,1
2020-11-05 15:39:46.212,12922,12923,12923,1
2020-11-05 15:39:46.212,12922,12923,12923,3
2020-11-05 15:39:46.212,12922,12923,12923,2
2020-11-05 15:39:46.212,12922,12923,12923,1
2020-11-05 15:39:46.212,12922,12923,12923,2
2020-11-05 15:39:46.212,12922,12923,12923,2
2020-11-05 15:39:46.752,12923,12924,12923,5
2020-11-05 15:39:47.019,12923,12924,12923,2
2020-11-05 15:39:54.704,12922,12923,12923,1
2020-11-05 15:40:05.866,12922,12923,12923,1
2020-11-05 15:40:05.981,12923,12924,12923,1
2020-11-05 15:40:05.983,12923,12924,12923,1
2020-11-05 15:40:05.983,12923,12924,12923,1
2020-11-05 15:40:06.368,12923,12924,12923,1
2020-11-05 15:40:06.474,12923,12924,12923,1
2020-11-05 15:40:06.474,12923,12924,12923,1
2020-11-05 15:40:08.156,12923,12924,12923,1
2020-11-05 15:40:08.223,12923,12924,12923,1
2020-11-05 15:40:08.224,12923,12924,12923,1
2020-11-05 15:40:10.619,12922,12923,12923,1
2020-11-05 15:40:10.997,12923,12924,12924,3
2020-11-05 15:40:11.136,12924,12925,12924,1
2020-11-05 15:40:17.439,12924,12925,12924,1
2020-11-05 15:40:18.429,12924,12925,12925,6
2020-11-05 15:40:18.474,12924,12925,12924,1
2020-11-05 15:40:18.474,12924,12925,12924,1
2020-11-05 15:40:18.476,12924,12925,12924,1
2020-11-05 15:40:18.476,12924,12925,12924,1
2020-11-05 15:40:18.476,12924,12925,12924,1
2020-11-05 15:40:18.478,12924,12925,12923,1
2020-11-05 15:40:25.923,12923,12924,12924,1
2020-11-05 15:40:34.087,12924,12925,12925,2
2020-11-05 15:40:42.953,12925,12926,12926,5
2020-11-05 15:40:42.953,12925,12926,12926,14
2020-11-05 15:40:42.953,12925,12926,12926,3
2020-11-05 15:40:42.974,12926,12927,12926,1
2020-11-05 15:40:42.976,12926,12927,12926,1
2020-11-05 15:40:44.210,12926,12927,12926,2
2020-11-05 15:40:44.223,12926,12927,12926,1
2020-11-05 15:40:46.358,12926,12927,12926,2
2020-11-05 15:40:51.735,12925,12926,12926,1
2020-11-05 15:41:02.232,12925,12926,12926,3
2020-11-05 15:41:02.987,12925,12926,12926,6
2020-11-05 15:41:03.013,12925,12926,12926,1
2020-11-05 15:41:05.029,12925,12926,12925,2
2020-11-05 15:41:05.101,12925,12926,12926,2
2020-11-05 15:41:07.257,12925,12926,12925,3
2020-11-05 15:41:11.703,12924,12925,12924,1
2020-11-05 15:41:12.293,12923,12924,12924,1
2020-11-05 15:41:12.293,12923,12924,12925,2
2020-11-05 15:41:12.809,12924,12925,12925,1
2020-11-05 15:41:13.837,12924,12925,12925,1
2020-11-05 15:41:20.416,12924,12925,12925,1
2020-11-05 15:41:28.814,12925,12926,12925,1
2020-11-05 15:41:28.849,12924,12925,12924,1
2020-11-05 15:41:28.851,12924,12925,12924,1
2020-11-05 15:41:28.854,12924,12925,12923,1
2020-11-05 15:41:37.323,12924,12925,12925,1
2020-11-05 15:41:38.515,12925,12926,12926,1
2020-11-05 15:41:38.515,12925,12926,12926,3
2020-11-05 15:41:38.515,12925,12926,12926,2
2020-11-05 15:41:39.961,12925,12927,12925,2
2020-11-05 15:41:46.917,12925,12926,12925,1
2020-11-05 15:41:47.361,12924,12925,12925,1
2020-11-05 15:41:53.595,12925,12926,12925,1
2020-11-05 15:42:02.333,12924,12925,12924,1
2020-11-05 15:42:02.333,12924,12925,12924,4
2020-11-05 15:42:02.557,12923,12925,12925,1
2020-11-05 15:42:02.572,12923,12925,12925,1
2020-11-05 15:42:02.610,12923,12925,12925,2
2020-11-05 15:42:05.831,12923,12924,12923,2
2020-11-05 15:42:05.831,12923,12924,12923,1
2020-11-05 15:42:11.252,12922,12923,12923,2
2020-11-05 15:42:15.897,12922,12923,12923,1
2020-11-05 15:42:18.404,12922,12923,12923,2
2020-11-05 15:42:25.870,12922,12923,12923,1
2020-11-05 15:42:25.870,12922,12923,12923,3
2020-11-05 15:42:25.870,12922,12923,12923,1
2020-11-05 15:42:27.735,12923,12924,12924,1
2020-11-05 15:42:33.071,12923,12924,12923,1
2020-11-05 15:42:48.417,12922,12923,12923,1
2020-11-05 15:42:49.067,12922,12923,12923,2
2020-11-05 15:42:52.117,12922,12923,12923,1
2020-11-05 15:42:53.107,12922,12924,12922,10
2020-11-05 15:43:01.262,12922,12923,12922,1
2020-11-05 15:43:02.274,12922,12923,12922,3
2020-11-05 15:43:02.762,12922,12923,12922,3
2020-11-05 15:43:02.762,12922,12923,12922,2
2020-11-05 15:43:10.977,12921,12922,12921,2
2020-11-05 15:43:11.105,12921,12922,12921,2
2020-11-05 15:43:11.127,12921,12922,12922,1
2020-11-05 15:43:11.127,12921,12922,12923,3
2020-11-05 15:43:17.416,12922,12923,12923,1
2020-11-05 15:43:22.371,12921,12923,12923,1
2020-11-05 15:43:29.025,12922,12923,12922,1
2020-11-05 15:43:36.921,12921,12922,12921,18
2020-11-05 15:43:36.922,12921,12922,12921,4
2020-11-05 15:43:36.922,12921,12922,12921,2
2020-11-05 15:43:36.922,12921,12922,12921,4
2020-11-05 15:43:38.774,12920,12921,12920,7
2020-11-05 15:43:38.775,12920,12921,12920,33
2020-11-05 15:43:38.775,12920,12921,12920,1
2020-11-05 15:43:38.775,12920,12921,12920,1
2020-11-05 15:43:38.881,12919,12920,12919,1
2020-11-05 15:43:38.897,12919,12920,12919,1
2020-11-05 15:43:38.942,12919,12920,12919,1
2020-11-05 15:43:39.035,12919,12920,12919,3
2020-11-05 15:43:39.048,12919,12920,12918,1
2020-11-05 15:43:39.198,12918,12920,12918,1
2020-11-05 15:43:39.240,12918,12920,12918,1
2020-11-05 15:43:40.551,12918,12920,12919,1
2020-11-05 15:43:41.949,12918,12920,12918,1
2020-11-05 15:43:42.829,12918,12920,12918,1
2020-11-05 15:43:44.193,12918,12919,12918,1
2020-11-05 15:43:44.541,12918,12919,12918,1
2020-11-05 15:43:45.154,12918,12919,12919,1
2020-11-05 15:43:45.797,12919,12921,12921,1
2020-11-05 15:43:54.288,12921,12922,12921,1
2020-11-05 15:43:54.919,12921,12922,12921,1
2020-11-05 15:43:54.919,12921,12922,12920,1
2020-11-05 15:44:03.743,12920,12921,12920,1
2020-11-05 15:44:03.855,12920,12921,12921,1
2020-11-05 15:44:03.856,12920,12921,12921,1
2020-11-05 15:44:03.857,12920,12921,12922,1
2020-11-05 15:44:08.990,12920,12921,12921,1
2020-11-05 15:44:09.098,12920,12921,12921,1
2020-11-05 15:44:09.099,12920,12921,12921,1
2020-11-05 15:44:09.101,12920,12921,12921,1
2020-11-05 15:44:09.101,12920,12921,12921,1
2020-11-05 15:44:09.223,12920,12921,12921,1
2020-11-05 15:44:09.224,12920,12921,12921,1
2020-11-05 15:44:09.224,12920,12921,12922,1
2020-11-05 15:44:09.225,12920,12921,12921,1
2020-11-05 15:44:09.225,12920,12921,12922,1
2020-11-05 15:44:09.225,12920,12921,12922,1
2020-11-05 15:44:09.226,12920,12921,12922,1
2020-11-05 15:44:09.227,12920,12921,12922,1
2020-11-05 15:44:10.512,12920,12922,12922,1
2020-11-05 15:44:11.736,12921,12923,12921,2
2020-11-05 15:44:13.071,12921,12923,12923,1
2020-11-05 15:44:15.037,12922,12923,12923,2
2020-11-05 15:44:16.162,12922,12923,12923,1
2020-11-05 15:44:20.217,12922,12923,12923,4
2020-11-05 15:44:20.223,12923,12924,12924,1
2020-11-05 15:44:20.224,12923,12924,12924,1
2020-11-05 15:44:25.572,12922,12923,12923,3
2020-11-05 15:44:27.691,12922,12924,12924,1
2020-11-05 15:44:43.722,12922,12923,12923,1
2020-11-05 15:44:43.849,12922,12924,12924,1
2020-11-05 15:44:43.851,12922,12924,12924,1
2020-11-05 15:44:43.851,12922,12924,12924,1
2020-11-05 15:44:52.174,12922,12924,12924,1
2020-11-05 15:44:52.223,12922,12924,12924,1
2020-11-05 15:45:20.085,12923,12924,12924,11
2020-11-05 15:45:20.655,12924,12925,12925,1
2020-11-05 15:45:20.667,12924,12925,12925,1
2020-11-05 15:45:20.750,12924,12925,12925,2
2020-11-05 15:45:24.326,12924,12925,12925,2
2020-11-05 15:45:25.251,12925,12926,12926,1
2020-11-05 15:45:29.930,12925,12926,12926,10
2020-11-05 15:45:30.730,12925,12926,12926,1
2020-11-05 15:45:30.935,12925,12926,12926,1
2020-11-05 15:45:31.613,12925,12926,12926,3
2020-11-05 15:45:37.832,12925,12926,12925,1
2020-11-05 15:45:51.734,12924,12925,12925,1
2020-11-05 15:45:51.849,12924,12926,12926,1
2020-11-05 15:45:58.332,12924,12925,12925,1
2020-11-05 15:45:59.101,12924,12925,12925,1
2020-11-05 15:46:06.548,12924,12925,12924,1
2020-11-05 15:46:06.549,12924,12925,12924,2
2020-11-05 15:46:06.549,12924,12925,12924,4
2020-11-05 15:46:20.416,12924,12925,12924,1
2020-11-05 15:46:24.191,12923,12924,12925,1
2020-11-05 15:46:30.583,12924,12925,12925,4
2020-11-05 15:46:34.204,12925,12926,12925,1
2020-11-05 15:46:34.210,12925,12926,12925,1
2020-11-05 15:46:36.625,12925,12926,12926,1
2020-11-05 15:46:37.360,12925,12926,12925,1
2020-11-05 15:46:39.667,12925,12926,12926,2
2020-11-05 15:46:39.668,12925,12926,12926,5
2020-11-05 15:46:41.475,12926,12927,12926,5
2020-11-05 15:46:49.978,12925,12926,12925,1
2020-11-05 15:46:53.852,12925,12926,12926,4
2020-11-05 15:46:56.833,12926,12927,12926,1
2020-11-05 15:47:01.301,12926,12927,12927,1
2020-11-05 15:47:01.527,12926,12927,12927,1
2020-11-05 15:47:01.687,12926,12927,12926,1
2020-11-05 15:47:01.687,12926,12927,12926,3
2020-11-05 15:47:02.265,12925,12926,12926,1
2020-11-05 15:47:05.996,12925,12926,12926,5
2020-11-05 15:47:05.996,12925,12926,12927,7
2020-11-05 15:47:06.689,12926,12927,12927,2
2020-11-05 15:47:06.689,12926,12927,12927,6
2020-11-05 15:47:08.296,12927,12928,12927,1
2020-11-05 15:47:08.423,12927,12928,12927,1
2020-11-05 15:47:08.692,12927,12928,12927,1
2020-11-05 15:47:11.336,12926,12927,12927,1
2020-11-05 15:47:11.336,12926,12927,12928,5
2020-11-05 15:47:11.727,12926,12928,12928,2
2020-11-05 15:47:16.461,12927,12928,12928,4
2020-11-05 15:47:16.641,12927,12928,12928,1
2020-11-05 15:47:16.696,12927,12928,12928,1
2020-11-05 15:47:17.540,12927,12928,12928,1
2020-11-05 15:47:17.540,12927,12928,12928,1
2020-11-05 15:47:17.540,12927,12928,12928,4
2020-11-05 15:47:17.540,12927,12928,12928,2
2020-11-05 15:47:22.542,12927,12929,12929,1
2020-11-05 15:47:22.546,12927,12929,12929,1
2020-11-05 15:47:22.674,12927,12929,12929,1
2020-11-05 15:47:22.678,12927,12929,12929,1
2020-11-05 15:47:22.847,12928,12929,12929,1
2020-11-05 15:47:22.996,12928,12929,12929,3
2020-11-05 15:47:23.151,12928,12929,12929,1
2020-11-05 15:47:23.298,12928,12929,12928,1
2020-11-05 15:47:23.311,12928,12929,12928,1
2020-11-05 15:47:23.760,12928,12929,12929,2
2020-11-05 15:47:27.226,12927,12929,12929,3
2020-11-05 15:47:27.234,12927,12929,12929,1
2020-11-05 15:47:27.527,12927,12929,12929,1
2020-11-05 15:47:28.515,12927,12929,12927,1
2020-11-05 15:47:33.252,12926,12928,12928,1
2020-11-05 15:47:38.888,12926,12928,12928,1
2020-11-05 15:47:44.471,12927,12928,12927,1
2020-11-05 15:47:53.112,12926,12927,12926,1
2020-11-05 15:47:53.112,12926,12927,12926,2
2020-11-05 15:47:53.112,12926,12927,12926,4
2020-11-05 15:47:53.247,12925,12926,12925,1
2020-11-05 15:47:55.255,12925,12926,12926,1
2020-11-05 15:47:55.646,12925,12926,12926,1
2020-11-05 15:47:58.593,12925,12926,12925,1
2020-11-05 15:47:58.951,12924,12926,12926,1
2020-11-05 15:48:04.879,12925,12926,12926,1
2020-11-05 15:48:14.256,12925,12926,12926,1
2020-11-05 15:48:23.532,12925,12926,12926,3
2020-11-05 15:48:24.535,12926,12927,12926,1
2020-11-05 15:48:26.294,12926,12927,12927,1
2020-11-05 15:48:26.450,12926,12927,12926,1
2020-11-05 15:48:26.451,12926,12927,12926,1
2020-11-05 15:48:26.452,12926,12927,12926,1
2020-11-05 15:48:26.452,12926,12927,12926,3
2020-11-05 15:48:32.701,12925,12926,12925,1
2020-11-05 15:48:32.712,12925,12926,12925,1
2020-11-05 15:48:36.409,12925,12926,12925,1
2020-11-05 15:48:37.417,12924,12926,12924,1
2020-11-05 15:48:51.759,12924,12925,12924,3
2020-11-05 15:48:56.775,12923,12924,12923,4
2020-11-05 15:48:56.776,12923,12924,12923,2
2020-11-05 15:49:00.757,12923,12924,12923,1
2020-11-05 15:49:02.366,12923,12924,12924,3
2020-11-05 15:49:07.345,12922,12923,12922,1
2020-11-05 15:49:07.711,12922,12923,12922,1
2020-11-05 15:49:12.908,12922,12923,12922,1
2020-11-05 15:49:13.999,12922,12923,12922,1
2020-11-05 15:49:16.886,12922,12923,12923,1
2020-11-05 15:49:18.463,12922,12923,12922,5
2020-11-05 15:49:19.450,12922,12923,12922,1
2020-11-05 15:49:31.404,12923,12924,12924,1
2020-11-05 15:49:33.022,12923,12924,12924,1
2020-11-05 15:49:33.022,12923,12924,12924,4
2020-11-05 15:49:40.380,12923,12924,12924,1
2020-11-05 15:49:53.626,12923,12924,12924,1
2020-11-05 15:50:08.580,12922,12923,12922,1
2020-11-05 15:50:08.581,12922,12923,12922,2
2020-11-05 15:50:08.581,12922,12923,12922,2
2020-11-05 15:50:19.022,12921,12922,12922,1
2020-11-05 15:50:19.347,12922,12923,12922,1
2020-11-05 15:50:21.282,12922,12923,12922,1
2020-11-05 15:50:21.335,12922,12923,12922,1
2020-11-05 15:50:22.830,12922,12923,12922,1
2020-11-05 15:50:24.682,12922,12923,12922,1
2020-11-05 15:50:44.350,12922,12923,12923,1
2020-11-05 15:50:46.879,12922,12923,12923,1
2020-11-05 15:50:50.660,12922,12923,12922,1
2020-11-05 15:50:51.532,12922,12923,12923,1
2020-11-05 15:50:54.002,12923,12924,12923,1
2020-11-05 15:51:06.567,12922,12923,12922,1
2020-11-05 15:51:06.568,12922,12923,12922,2
2020-11-05 15:51:07.795,12921,12922,12921,1
2020-11-05 15:51:07.795,12921,12922,12921,4
2020-11-05 15:51:07.795,12921,12922,12921,1
2020-11-05 15:51:07.796,12921,12922,12921,1
2020-11-05 15:51:07.796,12921,12922,12921,1
2020-11-05 15:51:13.548,12921,12923,12923,1
2020-11-05 15:51:15.704,12921,12923,12921,5
2020-11-05 15:51:26.468,12921,12923,12921,1
2020-11-05 15:51:31.162,12921,12922,12921,1
2020-11-05 15:51:31.232,12920,12921,12921,1
2020-11-05 15:51:37.976,12921,12922,12922,1
2020-11-05 15:51:37.976,12921,12922,12922,1
2020-11-05 15:51:38.384,12922,12923,12922,1
2020-11-05 15:51:38.815,12922,12923,12922,1
2020-11-05 15:51:42.164,12921,12922,12922,2
2020-11-05 15:51:49.719,12922,12923,12923,1
2020-11-05 15:51:49.719,12922,12923,12923,1
2020-11-05 15:51:49.719,12922,12923,12923,1
2020-11-05 15:51:49.719,12922,12923,12923,3
2020-11-05 15:52:00.409,12921,12922,12922,1
2020-11-05 15:52:02.640,12921,12922,12922,1
2020-11-05 15:52:15.032,12921,12922,12921,3
2020-11-05 15:52:15.032,12921,12922,12921,2
2020-11-05 15:52:17.623,12920,12921,12920,5
2020-11-05 15:52:17.623,12920,12921,12920,4
2020-11-05 15:52:17.623,12920,12921,12920,1
2020-11-05 15:52:17.623,12920,12921,12920,1
2020-11-05 15:52:17.624,12920,12921,12920,2
2020-11-05 15:52:32.270,12919,12920,12919,3
2020-11-05 15:52:39.324,12919,12920,12919,10
2020-11-05 15:52:41.219,12919,12920,12919,1
2020-11-05 15:52:42.283,12919,12920,12919,1
2020-11-05 15:52:44.477,12919,12920,12919,3
2020-11-05 15:52:45.207,12919,12920,12920,1
2020-11-05 15:52:46.535,12919,12920,12920,1
2020-11-05 15:52:51.007,12919,12920,12919,4
2020-11-05 15:52:51.007,12919,12920,12919,1
2020-11-05 15:52:53.604,12918,12919,12919,2
2020-11-05 15:52:54.679,12918,12919,12918,2
2020-11-05 15:52:56.082,12918,12919,12919,1
2020-11-05 15:52:57.705,12918,12920,12919,1
2020-11-05 15:53:00.962,12918,12920,12920,5
2020-11-05 15:53:01.127,12919,12920,12919,1
2020-11-05 15:53:04.336,12918,12920,12920,2
2020-11-05 15:53:10.670,12919,12920,12919,1
2020-11-05 15:53:11.461,12919,12920,12920,1
2020-11-05 15:53:11.462,12919,12920,12920,11
2020-11-05 15:53:11.462,12919,12920,12920,5
2020-11-05 15:53:11.462,12919,12920,12920,2
2020-11-05 15:53:13.406,12920,12921,12920,2
2020-11-05 15:53:15.180,12920,12921,12920,2
2020-11-05 15:53:15.359,12919,12921,12919,1
2020-11-05 15:53:20.524,12919,12920,12920,1
2020-11-05 15:53:30.338,12919,12920,12919,1
2020-11-05 15:53:34.289,12919,12920,12919,1
2020-11-05 15:53:37.718,12919,12920,12919,1
2020-11-05 15:53:40.877,12919,12920,12919,2
2020-11-05 15:53:46.942,12919,12920,12919,2
2020-11-05 15:53:46.942,12919,12920,12919,1
2020-11-05 15:53:52.126,12918,12919,12919,1
2020-11-05 15:54:01.531,12919,12920,12919,1
2020-11-05 15:54:01.578,12919,12920,12918,1
2020-11-05 15:54:01.710,12918,12919,12918,1
2020-11-05 15:54:02.329,12918,12919,12919,1
2020-11-05 15:54:02.615,12919,12920,12919,1
2020-11-05 15:54:02.615,12919,12920,12918,1
2020-11-05 15:54:06.294,12919,12920,12919,1
2020-11-05 15:54:06.384,12919,12920,12919,1
2020-11-05 15:54:06.917,12918,12920,12920,1
2020-11-05 15:54:11.858,12918,12920,12918,1
2020-11-05 15:54:13.134,12919,12920,12919,1
2020-11-05 15:54:15.236,12919,12920,12919,1
2020-11-05 15:54:26.857,12918,12919,12919,1
2020-11-05 15:54:27.234,12918,12919,12919,1
2020-11-05 15:54:29.120,12918,12919,12919,1
2020-11-05 15:54:39.032,12918,12919,12919,1
2020-11-05 15:54:39.512,12918,12919,12919,1
2020-11-05 15:54:50.320,12918,12919,12918,1
2020-11-05 15:54:55.883,12918,12919,12918,1
2020-11-05 15:54:57.011,12918,12919,12918,1
2020-11-05 15:54:59.121,12918,12919,12919,3
2020-11-05 15:54:59.122,12918,12919,12919,2
2020-11-05 15:54:59.122,12918,12919,12919,2
2020-11-05 15:55:03.883,12919,12920,12919,1
2020-11-05 15:55:11.791,12919,12920,12920,1
2020-11-05 15:55:12.248,12919,12920,12920,1
2020-11-05 15:55:14.426,12919,12920,12919,1
2020-11-05 15:55:15.366,12919,12920,12919,1
2020-11-05 15:55:16.451,12919,12920,12919,1
2020-11-05 15:55:16.755,12919,12920,12919,1
2020-11-05 15:55:17.119,12919,12920,12919,1
2020-11-05 15:55:18.913,12919,12920,12919,1
2020-11-05 15:55:22.517,12919,12920,12920,1
2020-11-05 15:55:26.221,12919,12920,12920,1
2020-11-05 15:55:29.494,12919,12920,12920,1
2020-11-05 15:55:34.070,12919,12920,12920,2
2020-11-05 15:55:35.834,12919,12920,12920,1
2020-11-05 15:55:35.834,12919,12920,12920,11
2020-11-05 15:55:35.834,12919,12920,12920,2
2020-11-05 15:55:37.891,12920,12921,12920,1
2020-11-05 15:55:38.379,12920,12921,12921,2
2020-11-05 15:55:40.682,12920,12922,12922,1
2020-11-05 15:55:44.067,12921,12922,12922,1
2020-11-05 15:55:44.957,12921,12922,12922,1
2020-11-05 15:55:51.430,12922,12923,12922,1
2020-11-05 15:55:52.201,12921,12922,12921,1
2020-11-05 15:55:57.943,12921,12922,12921,1
2020-11-05 15:55:58.747,12921,12922,12922,1
2020-11-05 15:55:58.937,12921,12922,12922,1
2020-11-05 15:55:59.313,12921,12922,12921,4
2020-11-05 15:55:59.314,12921,12922,12921,1
2020-11-05 15:55:59.314,12921,12922,12921,5
2020-11-05 15:56:04.136,12921,12922,12921,2
2020-11-05 15:56:04.448,12920,12921,12921,1
2020-11-05 15:56:06.232,12920,12921,12920,2
2020-11-05 15:56:14.806,12921,12922,12921,1
2020-11-05 15:56:20.031,12920,12921,12920,1
2020-11-05 15:56:30.238,12920,12921,12920,3
2020-11-05 15:56:40.125,12920,12921,12921,1
2020-11-05 15:56:47.313,12920,12921,12920,2
2020-11-05 15:56:49.949,12919,12920,12919,1
2020-11-05 15:56:49.949,12919,12920,12919,1
2020-11-05 15:56:49.950,12919,12920,12919,2
2020-11-05 15:56:49.950,12919,12920,12919,2
2020-11-05 15:56:49.950,12919,12920,12919,5
2020-11-05 15:56:49.950,12919,12920,12919,2
2020-11-05 15:56:49.950,12919,12920,12919,1
2020-11-05 15:56:57.851,12918,12920,12920,1
2020-11-05 15:57:04.355,12918,12920,12920,1
2020-11-05 15:57:05.030,12918,12920,12920,1
2020-11-05 15:57:12.736,12919,12920,12919,1
2020-11-05 15:57:16.533,12918,12919,12919,1
2020-11-05 15:57:25.604,12918,12919,12919,1
2020-11-05 15:57:37.956,12918,12919,12918,2
2020-11-05 15:57:40.255,12918,12919,12918,2
2020-11-05 15:57:40.386,12918,12919,12918,1
2020-11-05 15:57:40.386,12918,12919,12918,1
2020-11-05 15:57:40.386,12918,12919,12918,1
2020-11-05 15:57:40.386,12918,12919,12918,2
2020-11-05 15:57:40.386,12918,12919,12918,1
2020-11-05 15:57:40.387,12918,12919,12918,11
2020-11-05 15:57:49.005,12917,12918,12917,2
2020-11-05 15:57:51.864,12917,12918,12917,11
2020-11-05 15:57:53.088,12916,12917,12916,1
2020-11-05 15:57:53.129,12916,12917,12916,1
2020-11-05 15:57:53.185,12916,12917,12916,1
2020-11-05 15:57:58.276,12916,12918,12916,1
2020-11-05 15:57:58.580,12916,12918,12916,1
2020-11-05 15:57:58.629,12916,12918,12916,2
2020-11-05 15:58:02.827,12916,12918,12918,2
2020-11-05 15:58:03.583,12916,12918,12917,1
2020-11-05 15:58:05.458,12916,12917,12917,2
2020-11-05 15:58:05.459,12916,12917,12917,2
2020-11-05 15:58:09.523,12916,12917,12917,1
2020-11-05 15:58:17.171,12916,12917,12917,1
2020-11-05 15:58:17.429,12916,12917,12916,3
2020-11-05 15:58:17.467,12916,12917,12916,1
2020-11-05 15:58:17.997,12916,12917,12917,1
2020-11-05 15:58:19.717,12917,12918,12917,1
2020-11-05 15:58:21.329,12917,12918,12918,1
2020-11-05 15:58:21.330,12917,12918,12918,4
2020-11-05 15:58:24.566,12917,12919,12917,1
2020-11-05 15:58:26.867,12917,12918,12918,1
2020-11-05 15:58:29.963,12917,12918,12918,1
2020-11-05 15:58:40.525,12917,12918,12918,1
2020-11-05 15:58:43.411,12917,12918,12918,2
2020-11-05 15:58:43.412,12917,12918,12918,2
2020-11-05 15:58:43.412,12917,12918,12918,2
2020-11-05 15:58:44.272,12918,12919,12918,1
2020-11-05 15:58:47.187,12918,12919,12918,1
2020-11-05 15:58:47.188,12918,12919,12918,1
2020-11-05 15:59:00.112,12917,12918,12917,1
2020-11-05 15:59:01.461,12917,12918,12917,1
2020-11-05 15:59:01.461,12917,12918,12917,2
2020-11-05 15:59:02.358,12916,12917,12917,8
2020-11-05 15:59:13.953,12917,12918,12917,1
2020-11-05 15:59:16.514,12917,12918,12917,1
2020-11-05 15:59:25.429,12917,12918,12918,1
2020-11-05 15:59:25.429,12917,12918,12918,1
2020-11-05 15:59:25.429,12917,12918,12918,2
2020-11-05 15:59:25.429,12917,12918,12918,1
2020-11-05 15:59:25.429,12917,12918,12918,6
2020-11-05 15:59:25.715,12918,12919,12918,1
2020-11-05 15:59:29.066,12918,12919,12919,2
