2023-02-07 15:00:00,15400,15400,15400,78,0
2023-02-07 15:00:00,15399,15399,15399,2,-2
2023-02-07 15:00:00,15398,15398,15398,2,-2
2023-02-07 15:00:00,15400,15400,15400,2,2
2023-02-07 15:00:00,15398,15398,15398,2,-2
2023-02-07 15:00:00,15398,15398,15398,2,0
2023-02-07 15:00:01,15397,15397,15397,2,-2
2023-02-07 15:00:01,15397,15397,15397,2,0
2023-02-07 15:00:01,15397,15397,15397,4,0
2023-02-07 15:00:01,15397,15397,15397,2,0
2023-02-07 15:00:01,15398,15398,15398,2,2
2023-02-07 15:00:02,15396,15396,15396,2,-2
2023-02-07 15:00:02,15396,15396,15396,2,0
2023-02-07 15:00:02,15396,15396,15396,2,0
2023-02-07 15:00:02,15396,15396,15396,2,0
2023-02-07 15:00:02,15395,15395,15395,2,-2
2023-02-07 15:00:03,15398,15398,15398,2,2
2023-02-07 15:00:04,15396,15396,15396,2,-2
2023-02-07 15:00:05,15398,15398,15398,2,2
2023-02-07 15:00:09,15397,15397,15397,6,-6
2023-02-07 15:00:11,15397,15397,15397,2,0
2023-02-07 15:00:13,15397,15397,15397,2,0
2023-02-07 15:00:16,15397,15397,15397,10,0
2023-02-07 15:00:17,15397,15397,15397,2,0
2023-02-07 15:00:17,15397,15397,15397,2,0
2023-02-07 15:00:17,15397,15397,15397,2,0
2023-02-07 15:00:17,15397,15397,15397,4,0
2023-02-07 15:00:18,15396,15396,15396,6,-6
2023-02-07 15:00:20,15396,15396,15396,2,0
2023-02-07 15:00:22,15396,15396,15396,2,0
2023-02-07 15:00:22,15395,15395,15395,4,-4
2023-02-07 15:00:22,15395,15395,15395,2,0
2023-02-07 15:00:22,15395,15395,15395,2,0
2023-02-07 15:00:23,15395,15395,15395,2,0
2023-02-07 15:00:28,15396,15396,15396,2,2
2023-02-07 15:00:31,15396,15396,15396,2,0
2023-02-07 15:00:32,15396,15396,15396,10,0
2023-02-07 15:00:33,15396,15396,15396,2,0
2023-02-07 15:00:33,15396,15396,15396,2,0
2023-02-07 15:00:33,15396,15396,15396,2,0
2023-02-07 15:00:38,15397,15397,15397,4,4
2023-02-07 15:00:38,15397,15397,15397,30,0
2023-02-07 15:00:38,15396,15396,15396,2,-2
2023-02-07 15:00:38,15396,15396,15396,2,0
2023-02-07 15:00:38,15396,15396,15396,4,0
2023-02-07 15:00:38,15396,15396,15396,2,0
2023-02-07 15:00:39,15397,15397,15397,2,2
2023-02-07 15:00:39,15397,15397,15397,2,0
2023-02-07 15:00:39,15398,15398,15398,2,2
2023-02-07 15:00:40,15398,15398,15398,22,0
2023-02-07 15:00:40,15399,15399,15399,4,4
2023-02-07 15:00:40,15399,15399,15399,24,0
2023-02-07 15:00:40,15400,15400,15400,2,2
2023-02-07 15:00:40,15400,15400,15400,2,0
2023-02-07 15:00:44,15398,15398,15398,2,-2
2023-02-07 15:00:45,15398,15398,15398,2,0
2023-02-07 15:00:46,15397,15397,15397,2,-2
2023-02-07 15:00:46,15399,15399,15399,18,18
2023-02-07 15:00:48,15399,15399,15399,4,0
2023-02-07 15:00:50,15399,15399,15399,6,0
2023-02-07 15:00:51,15399,15399,15399,2,0
2023-02-07 15:00:51,15399,15399,15399,10,0
2023-02-07 15:00:51,15398,15398,15398,2,-2
2023-02-07 15:00:52,15398,15398,15398,10,0
2023-02-07 15:00:55,15398,15398,15398,16,0
2023-02-07 15:00:55,15398,15398,15398,2,0
2023-02-07 15:00:55,15398,15398,15398,4,0
2023-02-07 15:00:55,15398,15398,15398,6,0
2023-02-07 15:00:57,15397,15397,15397,4,-4
2023-02-07 15:00:57,15397,15397,15397,2,0
2023-02-07 15:00:57,15397,15397,15397,2,0
2023-02-07 15:00:57,15397,15397,15397,4,0
2023-02-07 15:00:58,15397,15397,15397,2,0
2023-02-07 15:01:00,15396,15396,15396,2,-2
2023-02-07 15:01:01,15396,15396,15396,2,0
2023-02-07 15:01:01,15396,15396,15396,2,0
2023-02-07 15:01:01,15396,15396,15396,2,0
2023-02-07 15:01:01,15396,15396,15396,2,0
2023-02-07 15:01:01,15396,15396,15396,2,0
2023-02-07 15:01:01,15396,15396,15396,2,0
2023-02-07 15:01:01,15396,15396,15396,2,0
2023-02-07 15:01:03,15396,15396,15396,6,0
2023-02-07 15:01:04,15396,15396,15396,2,0
2023-02-07 15:01:04,15397,15397,15397,2,2
2023-02-07 15:01:06,15398,15398,15398,2,2
2023-02-07 15:01:06,15398,15398,15398,12,0
2023-02-07 15:01:07,15399,15399,15399,2,2
2023-02-07 15:01:10,15398,15398,15398,2,-2
2023-02-07 15:01:11,15399,15399,15399,4,4
2023-02-07 15:01:11,15400,15400,15400,2,2
2023-02-07 15:01:11,15399,15399,15399,2,-2
2023-02-07 15:01:12,15399,15399,15399,2,0
2023-02-07 15:01:12,15399,15399,15399,2,0
2023-02-07 15:01:18,15399,15399,15399,2,0
2023-02-07 15:01:19,15399,15399,15399,2,0
2023-02-07 15:01:19,15399,15399,15399,2,0
2023-02-07 15:01:21,15399,15399,15399,2,0
2023-02-07 15:01:23,15399,15399,15399,2,0
2023-02-07 15:01:24,15399,15399,15399,2,0
2023-02-07 15:01:24,15399,15399,15399,2,0
2023-02-07 15:01:30,15400,15400,15400,6,6
2023-02-07 15:01:32,15400,15400,15400,2,0
2023-02-07 15:01:32,15400,15400,15400,2,0
2023-02-07 15:01:33,15400,15400,15400,2,0
2023-02-07 15:01:34,15399,15399,15399,2,-2
2023-02-07 15:01:34,15399,15399,15399,2,0
2023-02-07 15:01:34,15399,15399,15399,4,0
2023-02-07 15:01:38,15399,15399,15399,2,0
2023-02-07 15:01:38,15398,15398,15398,2,-2
2023-02-07 15:01:39,15399,15399,15399,2,2
2023-02-07 15:01:41,15399,15399,15399,2,0
2023-02-07 15:01:45,15399,15399,15399,2,0
2023-02-07 15:01:48,15399,15399,15399,2,0
2023-02-07 15:01:50,15399,15399,15399,2,0
2023-02-07 15:01:56,15399,15399,15399,4,0
2023-02-07 15:01:58,15400,15400,15400,4,4
2023-02-07 15:02:04,15398,15398,15398,2,-2
2023-02-07 15:02:04,15398,15398,15398,2,0
2023-02-07 15:02:04,15398,15398,15398,2,0
2023-02-07 15:02:23,15399,15399,15399,2,2
2023-02-07 15:02:23,15399,15399,15399,4,0
2023-02-07 15:02:23,15399,15399,15399,2,0
2023-02-07 15:02:23,15399,15399,15399,2,0
2023-02-07 15:02:25,15399,15399,15399,2,0
2023-02-07 15:02:32,15399,15399,15399,2,0
2023-02-07 15:02:34,15399,15399,15399,2,0
2023-02-07 15:02:36,15399,15399,15399,4,0
2023-02-07 15:02:38,15399,15399,15399,2,0
2023-02-07 15:02:40,15400,15400,15400,2,2
2023-02-07 15:02:46,15399,15399,15399,4,-4
2023-02-07 15:02:50,15399,15399,15399,2,0
2023-02-07 15:02:51,15400,15400,15400,26,26
2023-02-07 15:02:52,15400,15400,15400,2,0
2023-02-07 15:02:52,15400,15400,15400,2,0
2023-02-07 15:02:52,15400,15400,15400,4,0
2023-02-07 15:02:52,15400,15400,15400,2,0
2023-02-07 15:02:52,15400,15400,15400,2,0
2023-02-07 15:02:52,15400,15400,15400,2,0
2023-02-07 15:02:52,15400,15400,15400,2,0
2023-02-07 15:02:54,15401,15401,15401,2,2
2023-02-07 15:02:59,15401,15401,15401,2,0
2023-02-07 15:03:02,15400,15400,15400,2,-2
2023-02-07 15:03:02,15400,15400,15400,2,0
2023-02-07 15:03:02,15400,15400,15400,2,0
2023-02-07 15:03:02,15400,15400,15400,2,0
2023-02-07 15:03:06,15400,15400,15400,2,0
2023-02-07 15:03:12,15400,15400,15400,2,0
2023-02-07 15:03:20,15401,15401,15401,2,2
2023-02-07 15:03:21,15401,15401,15401,2,0
2023-02-07 15:03:24,15400,15400,15400,2,-2
2023-02-07 15:03:24,15400,15400,15400,2,0
2023-02-07 15:03:44,15401,15401,15401,26,26
2023-02-07 15:03:44,15402,15402,15402,8,8
2023-02-07 15:03:45,15402,15402,15402,2,0
2023-02-07 15:03:56,15402,15402,15402,2,0
2023-02-07 15:03:56,15401,15401,15401,2,-2
2023-02-07 15:03:56,15401,15401,15401,2,0
2023-02-07 15:04:08,15402,15402,15402,8,8
2023-02-07 15:04:09,15402,15402,15402,2,0
2023-02-07 15:04:19,15401,15401,15401,2,-2
2023-02-07 15:04:19,15401,15401,15401,2,0
2023-02-07 15:04:23,15401,15401,15401,2,0
2023-02-07 15:04:25,15401,15401,15401,2,0
2023-02-07 15:04:25,15400,15400,15400,2,-2
2023-02-07 15:04:25,15400,15400,15400,4,0
2023-02-07 15:04:25,15400,15400,15400,4,0
2023-02-07 15:04:25,15400,15400,15400,10,0
2023-02-07 15:04:25,15400,15400,15400,2,0
2023-02-07 15:04:25,15400,15400,15400,24,0
2023-02-07 15:04:25,15400,15400,15400,2,0
2023-02-07 15:04:25,15399,15399,15399,2,-2
2023-02-07 15:04:25,15399,15399,15399,4,0
2023-02-07 15:04:25,15399,15399,15399,2,0
2023-02-07 15:04:25,15399,15399,15399,4,0
2023-02-07 15:04:28,15399,15399,15399,2,0
2023-02-07 15:04:28,15399,15399,15399,2,0
2023-02-07 15:04:28,15399,15399,15399,2,0
2023-02-07 15:04:33,15399,15399,15399,2,0
2023-02-07 15:04:46,15399,15399,15399,2,0
2023-02-07 15:04:55,15398,15398,15398,2,-2
2023-02-07 15:04:55,15398,15398,15398,2,0
2023-02-07 15:04:55,15398,15398,15398,2,0
2023-02-07 15:04:55,15398,15398,15398,2,0
2023-02-07 15:04:55,15398,15398,15398,4,0
2023-02-07 15:04:55,15398,15398,15398,2,0
2023-02-07 15:04:55,15398,15398,15398,2,0
2023-02-07 15:05:00,15398,15398,15398,4,0
2023-02-07 15:05:00,15397,15397,15397,4,-4
2023-02-07 15:05:00,15397,15397,15397,4,0
2023-02-07 15:05:00,15397,15397,15397,2,0
2023-02-07 15:05:01,15398,15398,15398,2,2
2023-02-07 15:05:01,15398,15398,15398,2,0
2023-02-07 15:05:01,15399,15399,15399,2,2
2023-02-07 15:05:02,15398,15398,15398,2,-2
2023-02-07 15:05:03,15398,15398,15398,2,0
2023-02-07 15:05:10,15398,15398,15398,2,0
2023-02-07 15:05:10,15398,15398,15398,2,0
2023-02-07 15:05:10,15398,15398,15398,2,0
2023-02-07 15:05:10,15398,15398,15398,2,0
2023-02-07 15:05:10,15398,15398,15398,2,0
2023-02-07 15:05:10,15398,15398,15398,2,0
2023-02-07 15:05:10,15398,15398,15398,4,0
2023-02-07 15:05:10,15398,15398,15398,2,0
2023-02-07 15:05:10,15398,15398,15398,6,0
2023-02-07 15:05:10,15398,15398,15398,2,0
2023-02-07 15:05:10,15400,15400,15400,2,2
2023-02-07 15:05:12,15400,15400,15400,4,0
2023-02-07 15:05:16,15401,15401,15401,2,2
2023-02-07 15:05:20,15401,15401,15401,2,0
2023-02-07 15:05:28,15402,15402,15402,20,20
2023-02-07 15:05:31,15402,15402,15402,14,0
2023-02-07 15:05:38,15403,15403,15403,2,2
2023-02-07 15:05:39,15403,15403,15403,2,0
2023-02-07 15:05:44,15402,15402,15402,2,-2
2023-02-07 15:05:52,15402,15402,15402,2,0
2023-02-07 15:05:52,15402,15402,15402,2,0
2023-02-07 15:05:52,15402,15402,15402,2,0
2023-02-07 15:05:52,15402,15402,15402,2,0
2023-02-07 15:06:15,15402,15402,15402,2,0
2023-02-07 15:06:19,15402,15402,15402,2,0
2023-02-07 15:06:25,15402,15402,15402,2,0
2023-02-07 15:06:40,15403,15403,15403,2,2
2023-02-07 15:06:41,15403,15403,15403,2,0
2023-02-07 15:06:41,15402,15402,15402,4,-4
2023-02-07 15:06:49,15402,15402,15402,2,0
2023-02-07 15:06:49,15402,15402,15402,2,0
2023-02-07 15:06:49,15402,15402,15402,2,0
2023-02-07 15:06:49,15402,15402,15402,2,0
2023-02-07 15:07:09,15401,15401,15401,2,-2
2023-02-07 15:07:09,15401,15401,15401,2,0
2023-02-07 15:07:09,15401,15401,15401,4,0
2023-02-07 15:07:09,15401,15401,15401,2,0
2023-02-07 15:07:09,15401,15401,15401,2,0
2023-02-07 15:07:10,15401,15401,15401,4,0
2023-02-07 15:07:15,15400,15400,15400,8,-8
2023-02-07 15:07:15,15400,15400,15400,2,0
2023-02-07 15:07:15,15400,15400,15400,2,0
2023-02-07 15:07:15,15400,15400,15400,2,0
2023-02-07 15:07:15,15400,15400,15400,10,0
2023-02-07 15:07:15,15400,15400,15400,2,0
2023-02-07 15:07:15,15400,15400,15400,6,0
2023-02-07 15:07:15,15400,15400,15400,34,0
2023-02-07 15:07:15,15400,15400,15400,2,0
2023-02-07 15:07:15,15400,15400,15400,2,0
2023-02-07 15:07:16,15399,15399,15399,2,-2
2023-02-07 15:07:16,15399,15399,15399,2,0
2023-02-07 15:07:43,15398,15398,15398,2,-2
2023-02-07 15:07:46,15398,15398,15398,2,0
2023-02-07 15:07:46,15398,15398,15398,2,0
2023-02-07 15:07:49,15399,15399,15399,6,6
2023-02-07 15:07:49,15399,15399,15399,2,0
2023-02-07 15:07:49,15400,15400,15400,4,4
2023-02-07 15:07:49,15400,15400,15400,2,0
2023-02-07 15:07:52,15399,15399,15399,2,-2
2023-02-07 15:07:57,15399,15399,15399,2,0
2023-02-07 15:08:03,15400,15400,15400,4,4
2023-02-07 15:08:07,15401,15401,15401,2,2
2023-02-07 15:08:11,15401,15401,15401,2,0
2023-02-07 15:08:11,15401,15401,15401,2,0
2023-02-07 15:08:17,15400,15400,15400,2,-2
2023-02-07 15:08:22,15400,15400,15400,2,0
2023-02-07 15:08:26,15400,15400,15400,2,0
2023-02-07 15:08:32,15400,15400,15400,2,0
2023-02-07 15:08:41,15401,15401,15401,2,2
2023-02-07 15:09:03,15400,15400,15400,2,-2
2023-02-07 15:09:04,15400,15400,15400,2,0
2023-02-07 15:09:28,15400,15400,15400,2,0
2023-02-07 15:09:36,15401,15401,15401,4,4
2023-02-07 15:09:41,15400,15400,15400,8,-8
2023-02-07 15:10:03,15400,15400,15400,2,0
2023-02-07 15:10:07,15400,15400,15400,4,0
2023-02-07 15:10:07,15400,15400,15400,16,0
2023-02-07 15:10:07,15400,15400,15400,2,0
2023-02-07 15:10:07,15400,15400,15400,2,0
2023-02-07 15:10:09,15401,15401,15401,6,6
2023-02-07 15:10:29,15401,15401,15401,2,0
2023-02-07 15:10:29,15401,15401,15401,2,0
2023-02-07 15:10:31,15400,15400,15400,2,-2
2023-02-07 15:10:34,15400,15400,15400,2,0
2023-02-07 15:10:46,15399,15399,15399,30,-30
2023-02-07 15:10:46,15399,15399,15399,8,0
2023-02-07 15:10:46,15399,15399,15399,2,0
2023-02-07 15:10:46,15399,15399,15399,6,0
2023-02-07 15:10:49,15398,15398,15398,2,-2
2023-02-07 15:10:49,15398,15398,15398,2,0
2023-02-07 15:10:49,15398,15398,15398,2,0
2023-02-07 15:10:49,15398,15398,15398,2,0
2023-02-07 15:10:49,15398,15398,15398,2,0
2023-02-07 15:10:49,15398,15398,15398,2,0
2023-02-07 15:11:08,15397,15397,15397,2,-2
2023-02-07 15:11:08,15397,15397,15397,4,0
2023-02-07 15:11:08,15397,15397,15397,2,0
2023-02-07 15:11:08,15397,15397,15397,2,0
2023-02-07 15:11:08,15397,15397,15397,2,0
2023-02-07 15:11:08,15397,15397,15397,2,0
2023-02-07 15:11:08,15397,15397,15397,2,0
2023-02-07 15:11:08,15397,15397,15397,6,0
2023-02-07 15:11:08,15397,15397,15397,4,0
2023-02-07 15:11:08,15397,15397,15397,2,0
2023-02-07 15:11:08,15397,15397,15397,2,0
2023-02-07 15:11:08,15397,15397,15397,2,0
2023-02-07 15:11:08,15397,15397,15397,20,0
2023-02-07 15:11:08,15397,15397,15397,2,0
2023-02-07 15:11:08,15397,15397,15397,2,0
2023-02-07 15:11:08,15396,15396,15396,2,-2
2023-02-07 15:11:09,15397,15397,15397,2,2
2023-02-07 15:11:11,15396,15396,15396,2,-2
2023-02-07 15:11:11,15396,15396,15396,2,0
2023-02-07 15:11:11,15396,15396,15396,2,0
2023-02-07 15:11:14,15396,15396,15396,2,0
2023-02-07 15:11:14,15396,15396,15396,2,0
2023-02-07 15:11:14,15396,15396,15396,2,0
2023-02-07 15:11:25,15396,15396,15396,2,0
2023-02-07 15:11:25,15396,15396,15396,2,0
2023-02-07 15:11:25,15396,15396,15396,2,0
2023-02-07 15:11:25,15396,15396,15396,2,0
2023-02-07 15:11:25,15396,15396,15396,2,0
2023-02-07 15:11:25,15395,15395,15395,26,-26
2023-02-07 15:11:25,15395,15395,15395,2,0
2023-02-07 15:11:25,15395,15395,15395,4,0
2023-02-07 15:11:25,15395,15395,15395,2,0
2023-02-07 15:11:25,15395,15395,15395,4,0
2023-02-07 15:11:25,15395,15395,15395,14,0
2023-02-07 15:11:25,15395,15395,15395,2,0
2023-02-07 15:11:25,15395,15395,15395,10,0
2023-02-07 15:11:25,15395,15395,15395,2,0
2023-02-07 15:11:28,15395,15395,15395,2,0
2023-02-07 15:11:28,15394,15394,15394,2,-2
2023-02-07 15:11:29,15394,15394,15394,2,0
2023-02-07 15:11:29,15394,15394,15394,2,0
2023-02-07 15:11:29,15394,15394,15394,2,0
2023-02-07 15:11:29,15393,15393,15393,4,-4
2023-02-07 15:11:29,15393,15393,15393,2,0
2023-02-07 15:11:29,15393,15393,15393,2,0
2023-02-07 15:11:29,15393,15393,15393,2,0
2023-02-07 15:11:29,15393,15393,15393,2,0
2023-02-07 15:11:29,15393,15393,15393,2,0
2023-02-07 15:11:29,15393,15393,15393,2,0
2023-02-07 15:11:29,15393,15393,15393,2,0
2023-02-07 15:11:29,15393,15393,15393,2,0
2023-02-07 15:11:29,15393,15393,15393,2,0
2023-02-07 15:11:29,15393,15393,15393,2,0
2023-02-07 15:11:29,15393,15393,15393,2,0
2023-02-07 15:11:31,15393,15393,15393,2,0
2023-02-07 15:11:31,15393,15393,15393,2,0
2023-02-07 15:11:32,15393,15393,15393,2,0
2023-02-07 15:11:32,15393,15393,15393,2,0
2023-02-07 15:11:33,15394,15394,15394,2,2
2023-02-07 15:11:34,15394,15394,15394,2,0
2023-02-07 15:11:39,15393,15393,15393,2,-2
2023-02-07 15:11:40,15393,15393,15393,2,0
2023-02-07 15:11:40,15393,15393,15393,2,0
2023-02-07 15:11:40,15393,15393,15393,2,0
2023-02-07 15:11:41,15393,15393,15393,2,0
2023-02-07 15:11:42,15393,15393,15393,4,0
2023-02-07 15:11:48,15394,15394,15394,4,4
2023-02-07 15:11:48,15395,15395,15395,2,2
2023-02-07 15:11:49,15394,15394,15394,2,-2
2023-02-07 15:11:49,15394,15394,15394,2,0
2023-02-07 15:11:51,15395,15395,15395,2,2
2023-02-07 15:11:55,15395,15395,15395,4,0
2023-02-07 15:11:55,15395,15395,15395,2,0
2023-02-07 15:11:57,15395,15395,15395,2,0
2023-02-07 15:12:00,15395,15395,15395,2,0
2023-02-07 15:12:01,15395,15395,15395,2,0
2023-02-07 15:12:01,15395,15395,15395,2,0
2023-02-07 15:12:02,15394,15394,15394,2,-2
2023-02-07 15:12:02,15394,15394,15394,2,0
2023-02-07 15:12:02,15394,15394,15394,2,0
2023-02-07 15:12:02,15393,15393,15393,2,-2
2023-02-07 15:12:02,15393,15393,15393,2,0
2023-02-07 15:12:02,15393,15393,15393,2,0
2023-02-07 15:12:02,15393,15393,15393,2,0
2023-02-07 15:12:02,15393,15393,15393,2,0
2023-02-07 15:12:06,15393,15393,15393,2,0
2023-02-07 15:12:06,15393,15393,15393,2,0
2023-02-07 15:12:06,15393,15393,15393,4,0
2023-02-07 15:12:06,15393,15393,15393,4,0
2023-02-07 15:12:06,15393,15393,15393,2,0
2023-02-07 15:12:06,15393,15393,15393,2,0
2023-02-07 15:12:06,15393,15393,15393,2,0
2023-02-07 15:12:06,15393,15393,15393,2,0
2023-02-07 15:12:07,15393,15393,15393,2,0
2023-02-07 15:12:09,15393,15393,15393,2,0
2023-02-07 15:12:11,15393,15393,15393,6,0
2023-02-07 15:12:15,15393,15393,15393,2,0
2023-02-07 15:12:16,15393,15393,15393,2,0
2023-02-07 15:12:18,15392,15392,15392,2,-2
2023-02-07 15:12:18,15392,15392,15392,2,0
2023-02-07 15:12:18,15392,15392,15392,2,0
2023-02-07 15:12:19,15392,15392,15392,2,0
2023-02-07 15:12:19,15392,15392,15392,2,0
2023-02-07 15:12:19,15392,15392,15392,2,0
2023-02-07 15:12:19,15391,15391,15391,2,-2
2023-02-07 15:12:19,15392,15392,15392,10,10
2023-02-07 15:12:19,15393,15393,15393,2,2
2023-02-07 15:12:22,15392,15392,15392,2,-2
2023-02-07 15:12:22,15392,15392,15392,2,0
2023-02-07 15:12:22,15391,15391,15391,4,-4
2023-02-07 15:12:22,15391,15391,15391,4,0
2023-02-07 15:12:22,15392,15392,15392,2,2
2023-02-07 15:12:22,15392,15392,15392,2,0
2023-02-07 15:12:22,15392,15392,15392,2,0
2023-02-07 15:12:22,15391,15391,15391,2,-2
2023-02-07 15:12:22,15391,15391,15391,2,0
2023-02-07 15:12:23,15391,15391,15391,2,0
2023-02-07 15:12:23,15391,15391,15391,2,0
2023-02-07 15:12:23,15391,15391,15391,2,0
2023-02-07 15:12:23,15391,15391,15391,4,0
2023-02-07 15:12:23,15391,15391,15391,2,0
2023-02-07 15:12:23,15391,15391,15391,2,0
2023-02-07 15:12:23,15391,15391,15391,2,0
2023-02-07 15:12:23,15391,15391,15391,2,0
2023-02-07 15:12:23,15391,15391,15391,2,0
2023-02-07 15:12:23,15391,15391,15391,2,0
2023-02-07 15:12:23,15391,15391,15391,2,0
2023-02-07 15:12:23,15391,15391,15391,4,0
2023-02-07 15:12:26,15391,15391,15391,2,0
2023-02-07 15:12:26,15391,15391,15391,2,0
2023-02-07 15:12:26,15390,15390,15390,2,-2
2023-02-07 15:12:26,15390,15390,15390,2,0
2023-02-07 15:12:26,15390,15390,15390,2,0
2023-02-07 15:12:26,15390,15390,15390,2,0
2023-02-07 15:12:26,15391,15391,15391,2,2
2023-02-07 15:12:26,15391,15391,15391,2,0
2023-02-07 15:12:26,15392,15392,15392,2,2
2023-02-07 15:12:29,15392,15392,15392,2,0
2023-02-07 15:12:33,15392,15392,15392,2,0
2023-02-07 15:12:44,15393,15393,15393,14,14
2023-02-07 15:12:49,15394,15394,15394,2,2
2023-02-07 15:12:49,15394,15394,15394,2,0
2023-02-07 15:12:49,15394,15394,15394,2,0
2023-02-07 15:12:49,15394,15394,15394,2,0
2023-02-07 15:12:49,15394,15394,15394,2,0
2023-02-07 15:12:51,15395,15395,15395,10,10
2023-02-07 15:12:51,15395,15395,15395,2,0
2023-02-07 15:12:53,15395,15395,15395,8,0
2023-02-07 15:12:53,15395,15395,15395,2,0
2023-02-07 15:12:53,15395,15395,15395,2,0
2023-02-07 15:12:53,15394,15394,15394,4,-4
2023-02-07 15:12:53,15394,15394,15394,2,0
2023-02-07 15:13:00,15394,15394,15394,2,0
2023-02-07 15:13:00,15394,15394,15394,4,0
2023-02-07 15:13:02,15396,15396,15396,2,2
2023-02-07 15:13:09,15395,15395,15395,2,-2
2023-02-07 15:13:12,15395,15395,15395,2,0
2023-02-07 15:13:13,15396,15396,15396,2,2
2023-02-07 15:13:20,15396,15396,15396,2,0
2023-02-07 15:13:21,15396,15396,15396,4,0
2023-02-07 15:13:35,15395,15395,15395,2,-2
2023-02-07 15:13:39,15395,15395,15395,8,0
2023-02-07 15:13:43,15396,15396,15396,12,12
2023-02-07 15:13:43,15397,15397,15397,12,12
2023-02-07 15:13:49,15397,15397,15397,12,0
2023-02-07 15:13:52,15397,15397,15397,12,0
2023-02-07 15:13:53,15397,15397,15397,10,0
2023-02-07 15:13:53,15397,15397,15397,2,0
2023-02-07 15:13:54,15397,15397,15397,10,0
2023-02-07 15:14:00,15398,15398,15398,8,8
2023-02-07 15:14:00,15397,15397,15397,2,-2
2023-02-07 15:14:00,15397,15397,15397,2,0
2023-02-07 15:14:00,15398,15398,15398,8,8
2023-02-07 15:14:03,15398,15398,15398,8,0
2023-02-07 15:14:03,15398,15398,15398,2,0
2023-02-07 15:14:05,15398,15398,15398,4,0
2023-02-07 15:14:08,15398,15398,15398,2,0
2023-02-07 15:14:10,15398,15398,15398,2,0
2023-02-07 15:14:11,15398,15398,15398,10,0
2023-02-07 15:14:11,15398,15398,15398,2,0
2023-02-07 15:14:14,15398,15398,15398,10,0
2023-02-07 15:14:14,15398,15398,15398,2,0
2023-02-07 15:14:14,15397,15397,15397,2,-2
2023-02-07 15:14:16,15398,15398,15398,2,2
2023-02-07 15:14:18,15398,15398,15398,2,0
2023-02-07 15:14:20,15399,15399,15399,12,12
2023-02-07 15:14:25,15399,15399,15399,6,0
2023-02-07 15:14:30,15399,15399,15399,4,0
2023-02-07 15:14:34,15399,15399,15399,2,0
2023-02-07 15:14:38,15399,15399,15399,2,0
2023-02-07 15:14:42,15399,15399,15399,2,0
2023-02-07 15:14:42,15399,15399,15399,2,0
2023-02-07 15:14:45,15398,15398,15398,2,-2
2023-02-07 15:14:54,15398,15398,15398,2,0
2023-02-07 15:14:57,15398,15398,15398,2,0
2023-02-07 15:14:57,15398,15398,15398,2,0
2023-02-07 15:15:04,15398,15398,15398,2,0
2023-02-07 15:15:26,15398,15398,15398,2,0
2023-02-07 15:15:30,15398,15398,15398,2,0
2023-02-07 15:15:32,15399,15399,15399,2,2
2023-02-07 15:15:50,15397,15397,15397,4,-4
2023-02-07 15:15:50,15397,15397,15397,4,0
2023-02-07 15:15:50,15397,15397,15397,2,0
2023-02-07 15:16:00,15396,15396,15396,2,-2
2023-02-07 15:16:00,15396,15396,15396,2,0
2023-02-07 15:16:00,15396,15396,15396,2,0
2023-02-07 15:16:05,15396,15396,15396,2,0
2023-02-07 15:16:18,15395,15395,15395,4,-4
2023-02-07 15:16:23,15396,15396,15396,8,8
2023-02-07 15:16:23,15396,15396,15396,2,0
2023-02-07 15:16:41,15396,15396,15396,2,0
2023-02-07 15:16:51,15394,15394,15394,2,-2
2023-02-07 15:16:51,15396,15396,15396,2,2
2023-02-07 15:17:00,15395,15395,15395,2,-2
2023-02-07 15:17:00,15395,15395,15395,2,0
2023-02-07 15:17:02,15396,15396,15396,6,6
2023-02-07 15:17:05,15395,15395,15395,2,-2
2023-02-07 15:17:52,15396,15396,15396,2,2
2023-02-07 15:17:52,15397,15397,15397,2,2
2023-02-07 15:17:52,15397,15397,15397,2,0
2023-02-07 15:17:52,15397,15397,15397,2,0
2023-02-07 15:17:52,15397,15397,15397,2,0
2023-02-07 15:17:52,15397,15397,15397,4,0
2023-02-07 15:17:52,15398,15398,15398,6,6
2023-02-07 15:17:52,15399,15399,15399,2,2
2023-02-07 15:17:52,15399,15399,15399,8,0
2023-02-07 15:17:53,15398,15398,15398,2,-2
2023-02-07 15:17:53,15397,15397,15397,2,-2
2023-02-07 15:18:02,15399,15399,15399,2,2
2023-02-07 15:18:02,15399,15399,15399,2,0
2023-02-07 15:18:02,15398,15398,15398,2,-2
2023-02-07 15:18:02,15398,15398,15398,2,0
2023-02-07 15:18:04,15398,15398,15398,2,0
2023-02-07 15:18:07,15399,15399,15399,2,2
2023-02-07 15:18:09,15399,15399,15399,2,0
2023-02-07 15:18:18,15400,15400,15400,2,2
2023-02-07 15:18:18,15400,15400,15400,2,0
2023-02-07 15:18:24,15400,15400,15400,2,0
2023-02-07 15:18:26,15400,15400,15400,2,0
2023-02-07 15:18:28,15400,15400,15400,2,0
2023-02-07 15:18:29,15400,15400,15400,2,0
2023-02-07 15:18:30,15400,15400,15400,2,0
2023-02-07 15:18:31,15400,15400,15400,8,0
2023-02-07 15:18:31,15401,15401,15401,10,10
2023-02-07 15:18:34,15401,15401,15401,2,0
2023-02-07 15:18:36,15400,15400,15400,2,-2
2023-02-07 15:18:37,15400,15400,15400,2,0
2023-02-07 15:18:37,15400,15400,15400,2,0
2023-02-07 15:18:37,15400,15400,15400,2,0
2023-02-07 15:18:37,15400,15400,15400,2,0
2023-02-07 15:18:41,15400,15400,15400,6,0
2023-02-07 15:18:44,15400,15400,15400,2,0
2023-02-07 15:18:48,15399,15399,15399,2,-2
2023-02-07 15:18:48,15399,15399,15399,4,0
2023-02-07 15:19:00,15399,15399,15399,2,0
2023-02-07 15:19:05,15400,15400,15400,2,2
2023-02-07 15:19:06,15399,15399,15399,2,-2
2023-02-07 15:19:06,15399,15399,15399,2,0
2023-02-07 15:19:15,15398,15398,15398,2,-2
2023-02-07 15:19:15,15398,15398,15398,2,0
2023-02-07 15:19:15,15398,15398,15398,2,0
2023-02-07 15:19:15,15398,15398,15398,2,0
2023-02-07 15:19:15,15397,15397,15397,2,-2
2023-02-07 15:19:17,15397,15397,15397,4,0
2023-02-07 15:19:20,15398,15398,15398,2,2
2023-02-07 15:19:23,15399,15399,15399,2,2
2023-02-07 15:19:45,15400,15400,15400,2,2
2023-02-07 15:19:45,15400,15400,15400,2,0
2023-02-07 15:19:45,15400,15400,15400,2,0
2023-02-07 15:19:51,15401,15401,15401,4,4
2023-02-07 15:19:58,15401,15401,15401,4,0
2023-02-07 15:20:05,15401,15401,15401,2,0
2023-02-07 15:20:05,15402,15402,15402,4,4
2023-02-07 15:20:06,15400,15400,15400,2,-2
2023-02-07 15:20:11,15402,15402,15402,4,4
2023-02-07 15:20:11,15402,15402,15402,4,0
2023-02-07 15:20:11,15402,15402,15402,2,0
2023-02-07 15:20:11,15402,15402,15402,6,0
2023-02-07 15:20:11,15402,15402,15402,2,0
2023-02-07 15:20:11,15402,15402,15402,2,0
2023-02-07 15:20:11,15402,15402,15402,10,0
2023-02-07 15:20:11,15402,15402,15402,2,0
2023-02-07 15:20:13,15403,15403,15403,2,2
2023-02-07 15:20:13,15403,15403,15403,2,0
2023-02-07 15:20:13,15403,15403,15403,2,0
2023-02-07 15:20:13,15403,15403,15403,4,0
2023-02-07 15:20:13,15403,15403,15403,4,0
2023-02-07 15:20:13,15404,15404,15404,2,2
2023-02-07 15:20:14,15404,15404,15404,2,0
2023-02-07 15:20:17,15404,15404,15404,2,0
2023-02-07 15:20:19,15404,15404,15404,2,0
2023-02-07 15:20:20,15404,15404,15404,4,0
2023-02-07 15:20:22,15404,15404,15404,2,0
2023-02-07 15:20:23,15404,15404,15404,2,0
2023-02-07 15:20:23,15404,15404,15404,4,0
2023-02-07 15:20:30,15404,15404,15404,2,0
2023-02-07 15:20:30,15403,15403,15403,2,-2
2023-02-07 15:20:30,15403,15403,15403,2,0
2023-02-07 15:20:30,15403,15403,15403,2,0
2023-02-07 15:20:30,15402,15402,15402,2,-2
2023-02-07 15:20:41,15403,15403,15403,2,2
2023-02-07 15:20:43,15403,15403,15403,2,0
2023-02-07 15:20:59,15403,15403,15403,2,0
2023-02-07 15:21:02,15402,15402,15402,2,-2
2023-02-07 15:21:02,15402,15402,15402,4,0
2023-02-07 15:21:02,15401,15401,15401,2,-2
2023-02-07 15:21:02,15401,15401,15401,2,0
2023-02-07 15:21:18,15402,15402,15402,2,2
2023-02-07 15:21:18,15401,15401,15401,2,-2
2023-02-07 15:21:29,15402,15402,15402,2,2
2023-02-07 15:21:32,15402,15402,15402,4,0
2023-02-07 15:21:32,15400,15400,15400,2,-2
2023-02-07 15:21:33,15402,15402,15402,2,2
2023-02-07 15:21:57,15402,15402,15402,4,0
2023-02-07 15:21:57,15402,15402,15402,10,0
2023-02-07 15:22:00,15402,15402,15402,2,0
2023-02-07 15:22:00,15402,15402,15402,2,0
2023-02-07 15:22:05,15401,15401,15401,2,-2
2023-02-07 15:22:20,15401,15401,15401,2,0
2023-02-07 15:22:20,15401,15401,15401,4,0
2023-02-07 15:22:20,15401,15401,15401,2,0
2023-02-07 15:22:20,15401,15401,15401,2,0
2023-02-07 15:22:32,15402,15402,15402,4,4
2023-02-07 15:22:56,15402,15402,15402,2,0
2023-02-07 15:23:00,15402,15402,15402,2,0
2023-02-07 15:23:26,15402,15402,15402,2,0
2023-02-07 15:23:35,15401,15401,15401,2,-2
2023-02-07 15:23:36,15401,15401,15401,2,0
2023-02-07 15:23:44,15400,15400,15400,2,-2
2023-02-07 15:23:44,15400,15400,15400,2,0
2023-02-07 15:23:44,15400,15400,15400,4,0
2023-02-07 15:23:44,15400,15400,15400,2,0
2023-02-07 15:23:44,15400,15400,15400,4,0
2023-02-07 15:23:44,15400,15400,15400,2,0
2023-02-07 15:24:04,15400,15400,15400,4,0
2023-02-07 15:24:29,15400,15400,15400,2,0
2023-02-07 15:24:29,15400,15400,15400,2,0
2023-02-07 15:24:29,15400,15400,15400,2,0
2023-02-07 15:24:45,15400,15400,15400,2,0
2023-02-07 15:24:49,15401,15401,15401,2,2
2023-02-07 15:25:02,15402,15402,15402,2,2
2023-02-07 15:25:04,15400,15400,15400,2,-2
2023-02-07 15:25:04,15400,15400,15400,2,0
2023-02-07 15:25:50,15400,15400,15400,2,0
2023-02-07 15:25:50,15400,15400,15400,2,0
2023-02-07 15:25:50,15400,15400,15400,2,0
2023-02-07 15:25:50,15399,15399,15399,2,-2
2023-02-07 15:25:50,15399,15399,15399,2,0
2023-02-07 15:25:50,15399,15399,15399,2,0
2023-02-07 15:26:03,15399,15399,15399,2,0
2023-02-07 15:26:03,15399,15399,15399,2,0
2023-02-07 15:26:03,15399,15399,15399,2,0
2023-02-07 15:26:16,15399,15399,15399,2,0
2023-02-07 15:26:16,15398,15398,15398,2,-2
2023-02-07 15:26:16,15398,15398,15398,2,0
2023-02-07 15:26:34,15398,15398,15398,2,0
2023-02-07 15:26:41,15398,15398,15398,4,0
2023-02-07 15:26:45,15399,15399,15399,2,2
2023-02-07 15:26:45,15398,15398,15398,2,-2
2023-02-07 15:27:00,15398,15398,15398,2,0
2023-02-07 15:27:02,15398,15398,15398,2,0
2023-02-07 15:27:03,15398,15398,15398,2,0
2023-02-07 15:27:12,15398,15398,15398,2,0
2023-02-07 15:27:28,15398,15398,15398,2,0
2023-02-07 15:27:28,15398,15398,15398,2,0
2023-02-07 15:27:33,15398,15398,15398,2,0
2023-02-07 15:27:43,15398,15398,15398,2,0
2023-02-07 15:27:47,15399,15399,15399,2,2
2023-02-07 15:28:08,15399,15399,15399,6,0
2023-02-07 15:28:12,15398,15398,15398,2,-2
2023-02-07 15:28:12,15399,15399,15399,2,2
2023-02-07 15:28:19,15399,15399,15399,2,0
2023-02-07 15:28:19,15399,15399,15399,2,0
2023-02-07 15:28:19,15399,15399,15399,2,0
2023-02-07 15:28:19,15399,15399,15399,2,0
2023-02-07 15:28:32,15400,15400,15400,24,24
2023-02-07 15:28:34,15399,15399,15399,2,-2
2023-02-07 15:28:45,15402,15402,15402,4,4
2023-02-07 15:28:46,15402,15402,15402,2,0
2023-02-07 15:29:09,15402,15402,15402,2,0
2023-02-07 15:29:15,15402,15402,15402,2,0
2023-02-07 15:29:25,15402,15402,15402,2,0
2023-02-07 15:29:47,15402,15402,15402,2,0
2023-02-07 15:30:06,15401,15401,15401,2,-2
2023-02-07 15:30:07,15401,15401,15401,4,0
2023-02-07 15:30:20,15400,15400,15400,2,-2
2023-02-07 15:30:20,15400,15400,15400,2,0
2023-02-07 15:30:26,15402,15402,15402,2,2
2023-02-07 15:30:43,15402,15402,15402,4,0
2023-02-07 15:31:00,15401,15401,15401,2,-2
2023-02-07 15:31:02,15401,15401,15401,2,0
2023-02-07 15:31:14,15400,15400,15400,2,-2
2023-02-07 15:31:15,15402,15402,15402,2,2
2023-02-07 15:31:41,15401,15401,15401,2,-2
2023-02-07 15:32:16,15401,15401,15401,2,0
2023-02-07 15:32:16,15401,15401,15401,4,0
2023-02-07 15:32:16,15401,15401,15401,2,0
2023-02-07 15:32:16,15401,15401,15401,2,0
2023-02-07 15:32:16,15402,15402,15402,2,2
2023-02-07 15:32:35,15401,15401,15401,2,-2
2023-02-07 15:32:45,15400,15400,15400,2,-2
2023-02-07 15:32:45,15400,15400,15400,4,0
2023-02-07 15:32:45,15400,15400,15400,4,0
2023-02-07 15:32:45,15400,15400,15400,2,0
2023-02-07 15:32:58,15400,15400,15400,4,0
2023-02-07 15:32:59,15399,15399,15399,4,-4
2023-02-07 15:32:59,15399,15399,15399,2,0
2023-02-07 15:33:20,15400,15400,15400,6,6
2023-02-07 15:33:20,15400,15400,15400,2,0
2023-02-07 15:33:29,15400,15400,15400,2,0
2023-02-07 15:33:29,15400,15400,15400,2,0
2023-02-07 15:33:29,15400,15400,15400,2,0
2023-02-07 15:33:56,15400,15400,15400,2,0
2023-02-07 15:33:56,15400,15400,15400,2,0
2023-02-07 15:34:00,15399,15399,15399,2,-2
2023-02-07 15:34:04,15399,15399,15399,4,0
2023-02-07 15:34:25,15399,15399,15399,4,0
2023-02-07 15:34:25,15399,15399,15399,2,0
2023-02-07 15:34:25,15399,15399,15399,4,0
2023-02-07 15:34:25,15399,15399,15399,2,0
2023-02-07 15:35:02,15398,15398,15398,2,-2
2023-02-07 15:35:03,15398,15398,15398,2,0
2023-02-07 15:35:17,15398,15398,15398,4,0
2023-02-07 15:35:34,15397,15397,15397,2,-2
2023-02-07 15:35:40,15397,15397,15397,2,0
2023-02-07 15:35:41,15397,15397,15397,2,0
2023-02-07 15:35:41,15397,15397,15397,8,0
2023-02-07 15:35:41,15397,15397,15397,6,0
2023-02-07 15:35:41,15397,15397,15397,4,0
2023-02-07 15:35:41,15397,15397,15397,2,0
2023-02-07 15:35:41,15397,15397,15397,14,0
2023-02-07 15:35:41,15397,15397,15397,4,0
2023-02-07 15:35:41,15397,15397,15397,2,0
2023-02-07 15:35:41,15397,15397,15397,2,0
2023-02-07 15:35:41,15397,15397,15397,4,0
2023-02-07 15:35:42,15396,15396,15396,4,-4
2023-02-07 15:35:42,15397,15397,15397,24,24
2023-02-07 15:35:46,15396,15396,15396,2,-2
2023-02-07 15:35:46,15396,15396,15396,2,0
2023-02-07 15:35:46,15396,15396,15396,4,0
2023-02-07 15:35:46,15396,15396,15396,2,0
2023-02-07 15:35:46,15396,15396,15396,2,0
2023-02-07 15:35:46,15396,15396,15396,2,0
2023-02-07 15:35:46,15395,15395,15395,2,-2
2023-02-07 15:35:46,15395,15395,15395,2,0
2023-02-07 15:35:46,15395,15395,15395,2,0
2023-02-07 15:35:46,15396,15396,15396,2,2
2023-02-07 15:35:47,15397,15397,15397,2,2
2023-02-07 15:36:00,15396,15396,15396,2,-2
2023-02-07 15:36:00,15396,15396,15396,2,0
2023-02-07 15:36:09,15396,15396,15396,2,0
2023-02-07 15:36:10,15397,15397,15397,10,10
2023-02-07 15:36:15,15397,15397,15397,2,0
2023-02-07 15:36:15,15397,15397,15397,2,0
2023-02-07 15:36:19,15397,15397,15397,2,0
2023-02-07 15:36:22,15398,15398,15398,10,10
2023-02-07 15:36:22,15398,15398,15398,2,0
2023-02-07 15:36:22,15398,15398,15398,10,0
2023-02-07 15:36:22,15398,15398,15398,2,0
2023-02-07 15:36:36,15397,15397,15397,2,-2
2023-02-07 15:36:45,15398,15398,15398,2,2
2023-02-07 15:36:45,15398,15398,15398,8,0
2023-02-07 15:36:54,15398,15398,15398,2,0
2023-02-07 15:37:00,15398,15398,15398,6,0
2023-02-07 15:37:00,15398,15398,15398,2,0
2023-02-07 15:37:00,15398,15398,15398,2,0
2023-02-07 15:37:00,15397,15397,15397,4,-4
2023-02-07 15:37:21,15398,15398,15398,2,2
2023-02-07 15:38:01,15399,15399,15399,28,28
2023-02-07 15:38:01,15399,15399,15399,2,0
2023-02-07 15:38:29,15397,15397,15397,2,-2
2023-02-07 15:38:29,15397,15397,15397,4,0
2023-02-07 15:38:32,15399,15399,15399,4,4
2023-02-07 15:38:40,15398,15398,15398,2,-2
2023-02-07 15:39:00,15397,15397,15397,2,-2
2023-02-07 15:39:07,15397,15397,15397,2,0
2023-02-07 15:39:07,15397,15397,15397,2,0
2023-02-07 15:39:18,15397,15397,15397,2,0
2023-02-07 15:39:18,15397,15397,15397,4,0
2023-02-07 15:39:18,15397,15397,15397,2,0
2023-02-07 15:39:18,15397,15397,15397,4,0
2023-02-07 15:39:18,15396,15396,15396,4,-4
2023-02-07 15:39:18,15396,15396,15396,2,0
2023-02-07 15:39:18,15396,15396,15396,2,0
2023-02-07 15:39:25,15396,15396,15396,2,0
2023-02-07 15:39:36,15396,15396,15396,2,0
2023-02-07 15:39:36,15396,15396,15396,2,0
2023-02-07 15:39:36,15396,15396,15396,2,0
2023-02-07 15:39:36,15396,15396,15396,2,0
2023-02-07 15:39:36,15396,15396,15396,2,0
2023-02-07 15:39:42,15396,15396,15396,4,0
2023-02-07 15:39:46,15395,15395,15395,2,-2
2023-02-07 15:40:08,15395,15395,15395,2,0
2023-02-07 15:40:25,15396,15396,15396,2,2
2023-02-07 15:40:25,15396,15396,15396,2,0
2023-02-07 15:40:25,15396,15396,15396,2,0
2023-02-07 15:40:25,15396,15396,15396,2,0
2023-02-07 15:40:28,15397,15397,15397,2,2
2023-02-07 15:40:58,15395,15395,15395,2,-2
2023-02-07 15:40:58,15395,15395,15395,2,0
2023-02-07 15:40:58,15395,15395,15395,2,0
2023-02-07 15:40:58,15395,15395,15395,4,0
2023-02-07 15:40:58,15395,15395,15395,2,0
2023-02-07 15:40:58,15395,15395,15395,2,0
2023-02-07 15:40:58,15395,15395,15395,2,0
2023-02-07 15:40:58,15395,15395,15395,2,0
2023-02-07 15:40:58,15395,15395,15395,4,0
2023-02-07 15:40:58,15395,15395,15395,2,0
2023-02-07 15:40:58,15395,15395,15395,2,0
2023-02-07 15:41:00,15394,15394,15394,4,-4
2023-02-07 15:41:00,15394,15394,15394,2,0
2023-02-07 15:41:01,15394,15394,15394,2,0
2023-02-07 15:41:01,15394,15394,15394,2,0
2023-02-07 15:41:01,15394,15394,15394,2,0
2023-02-07 15:41:11,15393,15393,15393,2,-2
2023-02-07 15:41:11,15393,15393,15393,2,0
2023-02-07 15:41:11,15393,15393,15393,2,0
2023-02-07 15:41:11,15393,15393,15393,2,0
2023-02-07 15:41:11,15393,15393,15393,4,0
2023-02-07 15:41:11,15393,15393,15393,2,0
2023-02-07 15:41:11,15393,15393,15393,2,0
2023-02-07 15:41:11,15393,15393,15393,2,0
2023-02-07 15:41:11,15393,15393,15393,4,0
2023-02-07 15:41:11,15393,15393,15393,2,0
2023-02-07 15:41:11,15393,15393,15393,2,0
2023-02-07 15:41:11,15393,15393,15393,2,0
2023-02-07 15:41:11,15393,15393,15393,2,0
2023-02-07 15:41:19,15394,15394,15394,2,2
2023-02-07 15:41:22,15394,15394,15394,2,0
2023-02-07 15:41:26,15394,15394,15394,2,0
2023-02-07 15:41:26,15394,15394,15394,2,0
2023-02-07 15:41:29,15395,15395,15395,2,2
2023-02-07 15:41:29,15395,15395,15395,2,0
2023-02-07 15:41:33,15395,15395,15395,2,0
2023-02-07 15:41:45,15396,15396,15396,2,2
2023-02-07 15:41:55,15396,15396,15396,2,0
2023-02-07 15:41:57,15395,15395,15395,2,-2
2023-02-07 15:41:57,15395,15395,15395,2,0
2023-02-07 15:41:57,15395,15395,15395,2,0
2023-02-07 15:42:17,15395,15395,15395,2,0
2023-02-07 15:42:19,15394,15394,15394,2,-2
2023-02-07 15:42:19,15394,15394,15394,2,0
2023-02-07 15:42:19,15394,15394,15394,2,0
2023-02-07 15:42:19,15394,15394,15394,2,0
2023-02-07 15:42:19,15394,15394,15394,4,0
2023-02-07 15:42:19,15394,15394,15394,2,0
2023-02-07 15:42:23,15393,15393,15393,2,-2
2023-02-07 15:42:23,15393,15393,15393,2,0
2023-02-07 15:42:28,15393,15393,15393,2,0
2023-02-07 15:42:30,15393,15393,15393,2,0
2023-02-07 15:42:31,15393,15393,15393,2,0
2023-02-07 15:42:35,15393,15393,15393,2,0
2023-02-07 15:42:46,15394,15394,15394,2,2
2023-02-07 15:42:48,15394,15394,15394,2,0
2023-02-07 15:42:49,15393,15393,15393,2,-2
2023-02-07 15:42:55,15394,15394,15394,2,2
2023-02-07 15:42:55,15394,15394,15394,2,0
2023-02-07 15:43:01,15393,15393,15393,2,-2
2023-02-07 15:43:01,15393,15393,15393,2,0
2023-02-07 15:43:01,15393,15393,15393,2,0
2023-02-07 15:43:01,15393,15393,15393,2,0
2023-02-07 15:43:01,15393,15393,15393,2,0
2023-02-07 15:43:04,15393,15393,15393,4,0
2023-02-07 15:43:04,15394,15394,15394,2,2
2023-02-07 15:43:09,15392,15392,15392,2,-2
2023-02-07 15:43:15,15392,15392,15392,2,0
2023-02-07 15:43:15,15392,15392,15392,2,0
2023-02-07 15:43:18,15393,15393,15393,2,2
2023-02-07 15:43:19,15392,15392,15392,2,-2
2023-02-07 15:43:19,15392,15392,15392,2,0
2023-02-07 15:43:19,15392,15392,15392,6,0
2023-02-07 15:43:19,15392,15392,15392,4,0
2023-02-07 15:43:19,15392,15392,15392,2,0
2023-02-07 15:43:19,15392,15392,15392,2,0
2023-02-07 15:43:19,15392,15392,15392,2,0
2023-02-07 15:43:20,15391,15391,15391,2,-2
2023-02-07 15:43:20,15391,15391,15391,2,0
2023-02-07 15:43:21,15391,15391,15391,2,0
2023-02-07 15:43:21,15391,15391,15391,2,0
2023-02-07 15:43:31,15391,15391,15391,2,0
2023-02-07 15:43:33,15392,15392,15392,2,2
2023-02-07 15:43:33,15392,15392,15392,2,0
2023-02-07 15:43:41,15391,15391,15391,2,-2
2023-02-07 15:43:41,15391,15391,15391,2,0
2023-02-07 15:43:47,15392,15392,15392,12,12
2023-02-07 15:43:47,15392,15392,15392,2,0
2023-02-07 15:43:47,15392,15392,15392,2,0
2023-02-07 15:43:47,15392,15392,15392,2,0
2023-02-07 15:43:52,15392,15392,15392,4,0
2023-02-07 15:43:57,15391,15391,15391,2,-2
2023-02-07 15:43:57,15391,15391,15391,2,0
2023-02-07 15:43:59,15391,15391,15391,2,0
2023-02-07 15:44:02,15391,15391,15391,2,0
2023-02-07 15:44:09,15392,15392,15392,6,6
2023-02-07 15:44:10,15391,15391,15391,2,-2
2023-02-07 15:44:21,15391,15391,15391,2,0
2023-02-07 15:44:31,15392,15392,15392,2,2
2023-02-07 15:44:31,15391,15391,15391,2,-2
2023-02-07 15:44:54,15392,15392,15392,2,2
2023-02-07 15:44:54,15391,15391,15391,2,-2
2023-02-07 15:44:54,15391,15391,15391,2,0
2023-02-07 15:44:56,15392,15392,15392,10,10
2023-02-07 15:45:03,15391,15391,15391,2,-2
2023-02-07 15:45:03,15391,15391,15391,2,0
2023-02-07 15:45:03,15391,15391,15391,2,0
2023-02-07 15:45:03,15391,15391,15391,2,0
2023-02-07 15:45:03,15390,15390,15390,2,-2
2023-02-07 15:45:03,15390,15390,15390,2,0
2023-02-07 15:45:03,15390,15390,15390,2,0
2023-02-07 15:45:03,15390,15390,15390,2,0
2023-02-07 15:45:03,15390,15390,15390,2,0
2023-02-07 15:45:03,15390,15390,15390,2,0
2023-02-07 15:45:03,15390,15390,15390,2,0
2023-02-07 15:45:03,15390,15390,15390,2,0
2023-02-07 15:45:03,15390,15390,15390,2,0
2023-02-07 15:45:03,15390,15390,15390,2,0
2023-02-07 15:45:03,15390,15390,15390,2,0
2023-02-07 15:45:03,15390,15390,15390,2,0
2023-02-07 15:45:03,15390,15390,15390,4,0
2023-02-07 15:45:03,15390,15390,15390,2,0
2023-02-07 15:45:03,15390,15390,15390,2,0
2023-02-07 15:45:03,15390,15390,15390,2,0
2023-02-07 15:45:03,15390,15390,15390,2,0
2023-02-07 15:45:03,15390,15390,15390,2,0
2023-02-07 15:45:03,15390,15390,15390,2,0
2023-02-07 15:45:03,15390,15390,15390,2,0
2023-02-07 15:45:03,15390,15390,15390,2,0
2023-02-07 15:45:03,15390,15390,15390,6,0
2023-02-07 15:45:03,15389,15389,15389,2,-2
2023-02-07 15:45:04,15389,15389,15389,2,0
2023-02-07 15:45:04,15389,15389,15389,2,0
2023-02-07 15:45:04,15389,15389,15389,2,0
2023-02-07 15:45:04,15389,15389,15389,2,0
2023-02-07 15:45:04,15389,15389,15389,2,0
2023-02-07 15:45:04,15389,15389,15389,4,0
2023-02-07 15:45:04,15388,15388,15388,2,-2
2023-02-07 15:45:04,15388,15388,15388,2,0
2023-02-07 15:45:04,15388,15388,15388,2,0
2023-02-07 15:45:04,15388,15388,15388,2,0
2023-02-07 15:45:04,15388,15388,15388,2,0
2023-02-07 15:45:05,15390,15390,15390,2,2
2023-02-07 15:45:06,15392,15392,15392,2,2
2023-02-07 15:45:08,15392,15392,15392,4,0
2023-02-07 15:45:16,15392,15392,15392,4,0
2023-02-07 15:45:16,15392,15392,15392,4,0
2023-02-07 15:45:20,15392,15392,15392,2,0
2023-02-07 15:45:25,15393,15393,15393,2,2
2023-02-07 15:45:40,15392,15392,15392,2,-2
2023-02-07 15:45:40,15392,15392,15392,2,0
2023-02-07 15:45:40,15391,15391,15391,2,-2
2023-02-07 15:45:40,15391,15391,15391,2,0
2023-02-07 15:45:40,15390,15390,15390,2,-2
2023-02-07 15:45:40,15390,15390,15390,2,0
2023-02-07 15:45:51,15389,15389,15389,10,-10
2023-02-07 15:45:51,15389,15389,15389,2,0
2023-02-07 15:45:51,15388,15388,15388,2,-2
2023-02-07 15:45:51,15388,15388,15388,2,0
2023-02-07 15:45:51,15388,15388,15388,2,0
2023-02-07 15:45:51,15388,15388,15388,4,0
2023-02-07 15:45:51,15388,15388,15388,2,0
2023-02-07 15:45:51,15388,15388,15388,2,0
2023-02-07 15:45:51,15388,15388,15388,2,0
2023-02-07 15:45:51,15388,15388,15388,4,0
2023-02-07 15:45:51,15388,15388,15388,10,0
2023-02-07 15:45:51,15388,15388,15388,2,0
2023-02-07 15:45:51,15388,15388,15388,2,0
2023-02-07 15:45:51,15388,15388,15388,4,0
2023-02-07 15:45:51,15388,15388,15388,4,0
2023-02-07 15:45:51,15388,15388,15388,4,0
2023-02-07 15:45:51,15388,15388,15388,2,0
2023-02-07 15:45:51,15387,15387,15387,2,-2
2023-02-07 15:45:51,15387,15387,15387,4,0
2023-02-07 15:45:51,15387,15387,15387,6,0
2023-02-07 15:45:51,15387,15387,15387,6,0
2023-02-07 15:45:51,15387,15387,15387,2,0
2023-02-07 15:45:51,15387,15387,15387,2,0
2023-02-07 15:45:51,15387,15387,15387,4,0
2023-02-07 15:45:51,15387,15387,15387,4,0
2023-02-07 15:45:51,15387,15387,15387,2,0
2023-02-07 15:45:51,15387,15387,15387,10,0
2023-02-07 15:45:51,15387,15387,15387,10,0
2023-02-07 15:45:51,15387,15387,15387,10,0
2023-02-07 15:45:51,15387,15387,15387,4,0
2023-02-07 15:45:51,15387,15387,15387,2,0
2023-02-07 15:45:51,15387,15387,15387,6,0
2023-02-07 15:45:51,15387,15387,15387,2,0
2023-02-07 15:45:51,15386,15386,15386,2,-2
2023-02-07 15:45:51,15386,15386,15386,2,0
2023-02-07 15:45:51,15386,15386,15386,2,0
2023-02-07 15:45:51,15386,15386,15386,2,0
2023-02-07 15:45:51,15386,15386,15386,2,0
2023-02-07 15:45:51,15386,15386,15386,2,0
2023-02-07 15:45:51,15386,15386,15386,2,0
2023-02-07 15:45:51,15386,15386,15386,2,0
2023-02-07 15:45:51,15386,15386,15386,2,0
2023-02-07 15:45:51,15386,15386,15386,2,0
2023-02-07 15:45:51,15386,15386,15386,2,0
2023-02-07 15:45:53,15386,15386,15386,2,0
2023-02-07 15:45:53,15386,15386,15386,2,0
2023-02-07 15:45:53,15386,15386,15386,2,0
2023-02-07 15:45:53,15386,15386,15386,2,0
2023-02-07 15:45:53,15386,15386,15386,2,0
2023-02-07 15:45:53,15385,15385,15385,6,-6
2023-02-07 15:45:53,15385,15385,15385,2,0
2023-02-07 15:45:53,15386,15386,15386,2,2
2023-02-07 15:45:53,15386,15386,15386,2,0
2023-02-07 15:45:53,15386,15386,15386,2,0
2023-02-07 15:45:53,15386,15386,15386,2,0
2023-02-07 15:45:53,15386,15386,15386,2,0
2023-02-07 15:45:53,15386,15386,15386,2,0
2023-02-07 15:45:55,15386,15386,15386,2,0
2023-02-07 15:45:55,15386,15386,15386,2,0
2023-02-07 15:45:59,15386,15386,15386,2,0
2023-02-07 15:45:59,15386,15386,15386,2,0
2023-02-07 15:46:00,15387,15387,15387,2,2
2023-02-07 15:46:00,15387,15387,15387,4,0
2023-02-07 15:46:00,15387,15387,15387,2,0
2023-02-07 15:46:00,15387,15387,15387,8,0
2023-02-07 15:46:00,15387,15387,15387,12,0
2023-02-07 15:46:00,15387,15387,15387,2,0
2023-02-07 15:46:00,15387,15387,15387,2,0
2023-02-07 15:46:00,15387,15387,15387,4,0
2023-02-07 15:46:00,15387,15387,15387,2,0
2023-02-07 15:46:00,15387,15387,15387,2,0
2023-02-07 15:46:00,15387,15387,15387,2,0
2023-02-07 15:46:00,15387,15387,15387,2,0
2023-02-07 15:46:00,15387,15387,15387,2,0
2023-02-07 15:46:02,15387,15387,15387,4,0
2023-02-07 15:46:02,15387,15387,15387,4,0
2023-02-07 15:46:02,15387,15387,15387,2,0
2023-02-07 15:46:02,15387,15387,15387,4,0
2023-02-07 15:46:02,15387,15387,15387,2,0
2023-02-07 15:46:02,15387,15387,15387,2,0
2023-02-07 15:46:02,15387,15387,15387,2,0
2023-02-07 15:46:02,15387,15387,15387,2,0
2023-02-07 15:46:03,15387,15387,15387,2,0
2023-02-07 15:46:03,15387,15387,15387,2,0
2023-02-07 15:46:05,15387,15387,15387,2,0
2023-02-07 15:46:05,15387,15387,15387,4,0
2023-02-07 15:46:07,15388,15388,15388,2,2
2023-02-07 15:46:11,15388,15388,15388,6,0
2023-02-07 15:46:13,15387,15387,15387,4,-4
2023-02-07 15:46:13,15387,15387,15387,2,0
2023-02-07 15:46:13,15387,15387,15387,2,0
2023-02-07 15:46:13,15387,15387,15387,2,0
2023-02-07 15:46:13,15387,15387,15387,2,0
2023-02-07 15:46:13,15387,15387,15387,6,0
2023-02-07 15:46:13,15387,15387,15387,2,0
2023-02-07 15:46:19,15388,15388,15388,2,2
2023-02-07 15:46:23,15388,15388,15388,2,0
2023-02-07 15:46:34,15388,15388,15388,2,0
2023-02-07 15:46:36,15389,15389,15389,2,2
2023-02-07 15:46:36,15388,15388,15388,2,-2
2023-02-07 15:46:36,15388,15388,15388,6,0
2023-02-07 15:46:36,15388,15388,15388,2,0
2023-02-07 15:46:36,15388,15388,15388,2,0
2023-02-07 15:46:36,15387,15387,15387,2,-2
2023-02-07 15:46:40,15387,15387,15387,2,0
2023-02-07 15:46:47,15388,15388,15388,4,4
2023-02-07 15:46:48,15387,15387,15387,2,-2
2023-02-07 15:46:51,15388,15388,15388,4,4
2023-02-07 15:46:51,15389,15389,15389,8,8
2023-02-07 15:46:53,15389,15389,15389,2,0
2023-02-07 15:46:54,15389,15389,15389,2,0
2023-02-07 15:46:57,15390,15390,15390,18,18
2023-02-07 15:47:15,15390,15390,15390,6,0
2023-02-07 15:47:20,15390,15390,15390,2,0
2023-02-07 15:47:20,15391,15391,15391,8,8
2023-02-07 15:47:22,15390,15390,15390,2,-2
2023-02-07 15:47:22,15391,15391,15391,6,6
2023-02-07 15:47:27,15390,15390,15390,2,-2
2023-02-07 15:47:27,15389,15389,15389,2,-2
2023-02-07 15:47:27,15389,15389,15389,2,0
2023-02-07 15:47:27,15391,15391,15391,2,2
2023-02-07 15:47:28,15391,15391,15391,2,0
2023-02-07 15:47:33,15391,15391,15391,4,0
2023-02-07 15:47:34,15392,15392,15392,10,10
2023-02-07 15:47:34,15392,15392,15392,2,0
2023-02-07 15:47:40,15391,15391,15391,6,-6
2023-02-07 15:47:40,15392,15392,15392,6,6
2023-02-07 15:47:41,15392,15392,15392,2,0
2023-02-07 15:47:46,15392,15392,15392,2,0
2023-02-07 15:47:55,15392,15392,15392,2,0
2023-02-07 15:47:58,15392,15392,15392,2,0
2023-02-07 15:48:01,15392,15392,15392,2,0
2023-02-07 15:48:04,15392,15392,15392,4,0
2023-02-07 15:48:07,15392,15392,15392,2,0
2023-02-07 15:48:07,15392,15392,15392,2,0
2023-02-07 15:48:07,15392,15392,15392,2,0
2023-02-07 15:48:07,15392,15392,15392,12,0
2023-02-07 15:48:11,15393,15393,15393,2,2
2023-02-07 15:48:15,15393,15393,15393,2,0
2023-02-07 15:48:26,15393,15393,15393,6,0
2023-02-07 15:48:32,15394,15394,15394,2,2
2023-02-07 15:48:44,15393,15393,15393,2,-2
2023-02-07 15:48:49,15394,15394,15394,2,2
2023-02-07 15:48:58,15395,15395,15395,14,14
2023-02-07 15:49:00,15396,15396,15396,2,2
2023-02-07 15:49:00,15395,15395,15395,2,-2
2023-02-07 15:49:01,15396,15396,15396,2,2
2023-02-07 15:49:02,15396,15396,15396,2,0
2023-02-07 15:49:04,15395,15395,15395,2,-2
2023-02-07 15:49:04,15395,15395,15395,2,0
2023-02-07 15:49:04,15395,15395,15395,2,0
2023-02-07 15:49:04,15394,15394,15394,2,-2
2023-02-07 15:49:04,15395,15395,15395,2,2
2023-02-07 15:49:05,15395,15395,15395,2,0
2023-02-07 15:49:06,15394,15394,15394,4,-4
2023-02-07 15:49:13,15394,15394,15394,2,0
2023-02-07 15:49:13,15393,15393,15393,6,-6
2023-02-07 15:49:13,15393,15393,15393,2,0
2023-02-07 15:49:13,15393,15393,15393,2,0
2023-02-07 15:49:13,15393,15393,15393,2,0
2023-02-07 15:49:13,15393,15393,15393,2,0
2023-02-07 15:49:13,15393,15393,15393,2,0
2023-02-07 15:49:14,15393,15393,15393,2,0
2023-02-07 15:49:38,15394,15394,15394,2,2
2023-02-07 15:49:38,15394,15394,15394,2,0
2023-02-07 15:49:40,15394,15394,15394,2,0
2023-02-07 15:49:57,15394,15394,15394,2,0
2023-02-07 15:50:08,15395,15395,15395,2,2
2023-02-07 15:50:18,15393,15393,15393,10,-10
2023-02-07 15:50:18,15393,15393,15393,4,0
2023-02-07 15:50:18,15393,15393,15393,2,0
2023-02-07 15:50:18,15393,15393,15393,2,0
2023-02-07 15:50:18,15393,15393,15393,2,0
2023-02-07 15:50:18,15393,15393,15393,2,0
2023-02-07 15:50:21,15393,15393,15393,4,0
2023-02-07 15:50:32,15394,15394,15394,4,4
2023-02-07 15:50:32,15394,15394,15394,2,0
2023-02-07 15:50:36,15394,15394,15394,2,0
2023-02-07 15:50:36,15394,15394,15394,4,0
2023-02-07 15:50:36,15395,15395,15395,8,8
2023-02-07 15:50:36,15396,15396,15396,2,2
2023-02-07 15:50:36,15396,15396,15396,8,0
2023-02-07 15:50:41,15397,15397,15397,4,4
2023-02-07 15:50:41,15396,15396,15396,2,-2
2023-02-07 15:50:41,15395,15395,15395,2,-2
2023-02-07 15:50:41,15395,15395,15395,2,0
2023-02-07 15:50:43,15397,15397,15397,2,2
2023-02-07 15:50:54,15397,15397,15397,8,0
2023-02-07 15:51:00,15397,15397,15397,2,0
2023-02-07 15:51:06,15398,15398,15398,2,2
2023-02-07 15:51:06,15398,15398,15398,8,0
2023-02-07 15:51:06,15398,15398,15398,2,0
2023-02-07 15:51:06,15398,15398,15398,4,0
2023-02-07 15:51:07,15397,15397,15397,2,-2
2023-02-07 15:51:07,15397,15397,15397,2,0
2023-02-07 15:51:16,15397,15397,15397,2,0
2023-02-07 15:51:19,15398,15398,15398,2,2
2023-02-07 15:51:24,15398,15398,15398,2,0
2023-02-07 15:51:24,15399,15399,15399,2,2
2023-02-07 15:51:26,15397,15397,15397,2,-2
2023-02-07 15:51:27,15399,15399,15399,2,2
2023-02-07 15:51:30,15398,15398,15398,2,-2
2023-02-07 15:51:32,15398,15398,15398,2,0
2023-02-07 15:51:34,15397,15397,15397,2,-2
2023-02-07 15:51:45,15398,15398,15398,2,2
2023-02-07 15:51:55,15398,15398,15398,2,0
2023-02-07 15:51:59,15398,15398,15398,2,0
2023-02-07 15:52:01,15398,15398,15398,2,0
2023-02-07 15:52:10,15399,15399,15399,2,2
2023-02-07 15:52:25,15398,15398,15398,2,-2
2023-02-07 15:52:37,15398,15398,15398,2,0
2023-02-07 15:52:37,15398,15398,15398,2,0
2023-02-07 15:52:37,15398,15398,15398,2,0
2023-02-07 15:52:37,15398,15398,15398,2,0
2023-02-07 15:52:40,15399,15399,15399,2,2
2023-02-07 15:52:45,15398,15398,15398,2,-2
2023-02-07 15:52:45,15398,15398,15398,2,0
2023-02-07 15:52:58,15399,15399,15399,4,4
2023-02-07 15:53:00,15398,15398,15398,2,-2
2023-02-07 15:53:00,15398,15398,15398,2,0
2023-02-07 15:53:00,15398,15398,15398,2,0
2023-02-07 15:53:05,15398,15398,15398,2,0
2023-02-07 15:53:05,15398,15398,15398,2,0
2023-02-07 15:53:05,15398,15398,15398,2,0
2023-02-07 15:53:30,15398,15398,15398,2,0
2023-02-07 15:53:33,15398,15398,15398,2,0
2023-02-07 15:53:38,15397,15397,15397,4,-4
2023-02-07 15:53:38,15397,15397,15397,2,0
2023-02-07 15:53:38,15397,15397,15397,2,0
2023-02-07 15:53:38,15397,15397,15397,2,0
2023-02-07 15:53:38,15397,15397,15397,2,0
2023-02-07 15:53:38,15397,15397,15397,2,0
2023-02-07 15:53:38,15397,15397,15397,2,0
2023-02-07 15:53:38,15397,15397,15397,4,0
2023-02-07 15:53:38,15398,15398,15398,2,2
2023-02-07 15:53:59,15397,15397,15397,2,-2
2023-02-07 15:54:02,15398,15398,15398,2,2
2023-02-07 15:54:06,15397,15397,15397,2,-2
2023-02-07 15:54:08,15397,15397,15397,2,0
2023-02-07 15:54:30,15397,15397,15397,2,0
2023-02-07 15:54:32,15397,15397,15397,2,0
2023-02-07 15:54:32,15397,15397,15397,6,0
2023-02-07 15:54:36,15397,15397,15397,2,0
2023-02-07 15:54:52,15395,15395,15395,2,-2
2023-02-07 15:54:52,15394,15394,15394,2,-2
2023-02-07 15:54:52,15394,15394,15394,2,0
2023-02-07 15:54:52,15394,15394,15394,2,0
2023-02-07 15:54:59,15394,15394,15394,2,0
2023-02-07 15:55:01,15394,15394,15394,12,0
2023-02-07 15:55:01,15394,15394,15394,4,0
2023-02-07 15:55:01,15394,15394,15394,2,0
2023-02-07 15:55:02,15393,15393,15393,14,-14
2023-02-07 15:55:02,15393,15393,15393,2,0
2023-02-07 15:55:02,15393,15393,15393,2,0
2023-02-07 15:55:02,15393,15393,15393,2,0
2023-02-07 15:55:02,15392,15392,15392,4,-4
2023-02-07 15:55:02,15392,15392,15392,2,0
2023-02-07 15:55:02,15392,15392,15392,2,0
2023-02-07 15:55:02,15392,15392,15392,2,0
2023-02-07 15:55:02,15392,15392,15392,4,0
2023-02-07 15:55:02,15391,15391,15391,2,-2
2023-02-07 15:55:02,15392,15392,15392,2,2
2023-02-07 15:55:02,15393,15393,15393,2,2
2023-02-07 15:55:05,15393,15393,15393,2,0
2023-02-07 15:55:12,15393,15393,15393,2,0
2023-02-07 15:55:12,15393,15393,15393,2,0
2023-02-07 15:55:13,15392,15392,15392,2,-2
2023-02-07 15:55:14,15393,15393,15393,2,2
2023-02-07 15:55:28,15393,15393,15393,4,0
2023-02-07 15:55:28,15393,15393,15393,2,0
2023-02-07 15:55:28,15393,15393,15393,2,0
2023-02-07 15:55:28,15393,15393,15393,4,0
2023-02-07 15:55:28,15393,15393,15393,4,0
2023-02-07 15:55:28,15393,15393,15393,2,0
2023-02-07 15:55:28,15393,15393,15393,2,0
2023-02-07 15:55:28,15393,15393,15393,6,0
2023-02-07 15:55:45,15392,15392,15392,2,-2
2023-02-07 15:55:45,15392,15392,15392,2,0
2023-02-07 15:55:49,15392,15392,15392,2,0
2023-02-07 15:55:59,15392,15392,15392,2,0
2023-02-07 15:56:00,15392,15392,15392,2,0
2023-02-07 15:56:00,15392,15392,15392,2,0
2023-02-07 15:56:04,15392,15392,15392,2,0
2023-02-07 15:56:33,15393,15393,15393,14,14
2023-02-07 15:56:58,15394,15394,15394,2,2
2023-02-07 15:56:58,15394,15394,15394,2,0
2023-02-07 15:56:58,15394,15394,15394,2,0
2023-02-07 15:56:58,15394,15394,15394,2,0
2023-02-07 15:56:58,15394,15394,15394,4,0
2023-02-07 15:56:58,15395,15395,15395,8,8
2023-02-07 15:57:03,15397,15397,15397,6,6
2023-02-07 15:57:13,15397,15397,15397,2,0
2023-02-07 15:57:26,15397,15397,15397,2,0
2023-02-07 15:57:33,15396,15396,15396,2,-2
2023-02-07 15:57:36,15397,15397,15397,2,2
2023-02-07 15:57:42,15396,15396,15396,2,-2
2023-02-07 15:58:00,15396,15396,15396,2,0
2023-02-07 15:58:00,15396,15396,15396,2,0
2023-02-07 15:58:00,15396,15396,15396,2,0
2023-02-07 15:58:00,15396,15396,15396,2,0
2023-02-07 15:58:00,15395,15395,15395,2,-2
2023-02-07 15:58:00,15395,15395,15395,2,0
2023-02-07 15:58:00,15395,15395,15395,2,0
2023-02-07 15:58:00,15395,15395,15395,2,0
2023-02-07 15:58:04,15395,15395,15395,4,0
2023-02-07 15:58:23,15395,15395,15395,2,0
2023-02-07 15:58:23,15395,15395,15395,2,0
2023-02-07 15:58:23,15395,15395,15395,2,0
2023-02-07 15:58:31,15395,15395,15395,2,0
2023-02-07 15:58:33,15395,15395,15395,2,0
2023-02-07 15:58:50,15395,15395,15395,2,0
2023-02-07 15:59:14,15395,15395,15395,2,0
2023-02-07 15:59:25,15396,15396,15396,2,2
2023-02-07 15:59:31,15395,15395,15395,2,-2
2023-02-07 15:59:31,15395,15395,15395,2,0
2023-02-07 15:59:48,15395,15395,15395,4,0
2023-02-07 16:00:11,15394,15394,15394,2,-2
2023-02-07 16:00:12,15394,15394,15394,2,0
2023-02-07 16:00:12,15394,15394,15394,2,0
2023-02-07 16:00:13,15394,15394,15394,2,0
2023-02-07 16:00:15,15394,15394,15394,2,0
2023-02-07 16:00:16,15393,15393,15393,2,-2
2023-02-07 16:00:28,15394,15394,15394,2,2
2023-02-07 16:00:28,15394,15394,15394,2,0
2023-02-07 16:00:40,15393,15393,15393,2,-2
2023-02-07 16:00:40,15393,15393,15393,2,0
2023-02-07 16:00:40,15393,15393,15393,2,0
2023-02-07 16:00:44,15393,15393,15393,2,0
2023-02-07 16:00:48,15393,15393,15393,2,0
2023-02-07 16:00:59,15395,15395,15395,2,2
2023-02-07 16:00:59,15394,15394,15394,2,-2
2023-02-07 16:01:11,15395,15395,15395,2,2
2023-02-07 16:01:26,15396,15396,15396,2,2
2023-02-07 16:01:30,15396,15396,15396,2,0
2023-02-07 16:01:37,15396,15396,15396,2,0
2023-02-07 16:01:38,15397,15397,15397,2,2
2023-02-07 16:01:38,15397,15397,15397,4,0
2023-02-07 16:01:38,15397,15397,15397,4,0
2023-02-07 16:01:38,15397,15397,15397,6,0
2023-02-07 16:01:38,15397,15397,15397,2,0
2023-02-07 16:01:38,15397,15397,15397,2,0
2023-02-07 16:01:40,15398,15398,15398,12,12
2023-02-07 16:01:41,15398,15398,15398,4,0
2023-02-07 16:01:42,15398,15398,15398,2,0
2023-02-07 16:01:42,15398,15398,15398,2,0
2023-02-07 16:01:46,15399,15399,15399,2,2
2023-02-07 16:01:47,15398,15398,15398,2,-2
2023-02-07 16:01:48,15398,15398,15398,2,0
2023-02-07 16:01:52,15397,15397,15397,4,-4
2023-02-07 16:01:57,15397,15397,15397,2,0
2023-02-07 16:02:07,15398,15398,15398,4,4
2023-02-07 16:02:11,15397,15397,15397,2,-2
2023-02-07 16:02:11,15397,15397,15397,2,0
2023-02-07 16:02:15,15398,15398,15398,2,2
2023-02-07 16:02:20,15397,15397,15397,2,-2
2023-02-07 16:02:28,15397,15397,15397,2,0
2023-02-07 16:02:29,15397,15397,15397,2,0
2023-02-07 16:02:33,15398,15398,15398,2,2
2023-02-07 16:02:34,15397,15397,15397,2,-2
2023-02-07 16:02:44,15398,15398,15398,2,2
2023-02-07 16:02:52,15397,15397,15397,10,-10
2023-02-07 16:02:52,15397,15397,15397,4,0
2023-02-07 16:02:52,15397,15397,15397,2,0
2023-02-07 16:02:52,15397,15397,15397,2,0
2023-02-07 16:02:52,15397,15397,15397,2,0
2023-02-07 16:02:58,15398,15398,15398,6,6
2023-02-07 16:03:12,15398,15398,15398,2,0
2023-02-07 16:03:15,15398,15398,15398,4,0
2023-02-07 16:03:15,15398,15398,15398,2,0
2023-02-07 16:03:15,15398,15398,15398,2,0
2023-02-07 16:03:15,15398,15398,15398,2,0
2023-02-07 16:03:15,15398,15398,15398,2,0
2023-02-07 16:03:15,15398,15398,15398,2,0
2023-02-07 16:03:15,15398,15398,15398,4,0
2023-02-07 16:03:25,15398,15398,15398,2,0
2023-02-07 16:03:32,15398,15398,15398,2,0
2023-02-07 16:03:32,15399,15399,15399,2,2
2023-02-07 16:03:34,15398,15398,15398,4,-4
2023-02-07 16:03:34,15398,15398,15398,10,0
2023-02-07 16:03:45,15398,15398,15398,4,0
2023-02-07 16:03:45,15398,15398,15398,4,0
2023-02-07 16:03:46,15398,15398,15398,2,0
2023-02-07 16:03:46,15398,15398,15398,2,0
2023-02-07 16:03:46,15398,15398,15398,2,0
2023-02-07 16:03:46,15398,15398,15398,2,0
2023-02-07 16:03:56,15398,15398,15398,2,0
2023-02-07 16:04:00,15397,15397,15397,8,-8
2023-02-07 16:04:00,15397,15397,15397,2,0
2023-02-07 16:04:00,15397,15397,15397,2,0
2023-02-07 16:04:05,15397,15397,15397,2,0
2023-02-07 16:04:06,15397,15397,15397,2,0
2023-02-07 16:04:08,15398,15398,15398,2,2
2023-02-07 16:04:16,15398,15398,15398,2,0
2023-02-07 16:04:28,15398,15398,15398,2,0
2023-02-07 16:04:34,15397,15397,15397,2,-2
2023-02-07 16:04:34,15397,15397,15397,2,0
2023-02-07 16:04:34,15397,15397,15397,4,0
2023-02-07 16:04:34,15397,15397,15397,2,0
2023-02-07 16:04:34,15397,15397,15397,2,0
2023-02-07 16:04:34,15397,15397,15397,4,0
2023-02-07 16:04:40,15396,15396,15396,2,-2
2023-02-07 16:04:50,15396,15396,15396,2,0
2023-02-07 16:04:50,15396,15396,15396,10,0
2023-02-07 16:04:51,15396,15396,15396,2,0
2023-02-07 16:04:54,15396,15396,15396,10,0
2023-02-07 16:05:00,15395,15395,15395,2,-2
2023-02-07 16:05:00,15395,15395,15395,16,0
2023-02-07 16:05:00,15395,15395,15395,2,0
2023-02-07 16:05:00,15396,15396,15396,2,2
2023-02-07 16:05:00,15396,15396,15396,2,0
2023-02-07 16:05:02,15394,15394,15394,2,-2
2023-02-07 16:05:04,15393,15393,15393,2,-2
2023-02-07 16:05:05,15392,15392,15392,4,-4
2023-02-07 16:05:05,15392,15392,15392,2,0
2023-02-07 16:05:05,15392,15392,15392,2,0
2023-02-07 16:05:05,15392,15392,15392,4,0
2023-02-07 16:05:05,15392,15392,15392,2,0
2023-02-07 16:05:05,15391,15391,15391,2,-2
2023-02-07 16:05:05,15391,15391,15391,2,0
2023-02-07 16:05:05,15391,15391,15391,2,0
2023-02-07 16:05:06,15390,15390,15390,2,-2
2023-02-07 16:05:06,15390,15390,15390,2,0
2023-02-07 16:05:06,15390,15390,15390,2,0
2023-02-07 16:05:06,15390,15390,15390,2,0
2023-02-07 16:05:06,15390,15390,15390,2,0
2023-02-07 16:05:06,15390,15390,15390,2,0
2023-02-07 16:05:06,15390,15390,15390,2,0
2023-02-07 16:05:06,15390,15390,15390,2,0
2023-02-07 16:05:06,15389,15389,15389,2,-2
2023-02-07 16:05:06,15389,15389,15389,2,0
2023-02-07 16:05:06,15389,15389,15389,2,0
2023-02-07 16:05:06,15389,15389,15389,2,0
2023-02-07 16:05:06,15389,15389,15389,4,0
2023-02-07 16:05:06,15389,15389,15389,2,0
2023-02-07 16:05:06,15389,15389,15389,2,0
2023-02-07 16:05:07,15389,15389,15389,2,0
2023-02-07 16:05:07,15389,15389,15389,2,0
2023-02-07 16:05:07,15388,15388,15388,2,-2
2023-02-07 16:05:07,15388,15388,15388,2,0
2023-02-07 16:05:07,15388,15388,15388,4,0
2023-02-07 16:05:07,15388,15388,15388,2,0
2023-02-07 16:05:07,15388,15388,15388,2,0
2023-02-07 16:05:07,15388,15388,15388,2,0
2023-02-07 16:05:07,15388,15388,15388,6,0
2023-02-07 16:05:07,15388,15388,15388,2,0
2023-02-07 16:05:08,15388,15388,15388,2,0
2023-02-07 16:05:08,15388,15388,15388,2,0
2023-02-07 16:05:11,15387,15387,15387,2,-2
2023-02-07 16:05:11,15387,15387,15387,2,0
2023-02-07 16:05:11,15387,15387,15387,2,0
2023-02-07 16:05:11,15387,15387,15387,2,0
2023-02-07 16:05:11,15387,15387,15387,2,0
2023-02-07 16:05:11,15386,15386,15386,4,-4
2023-02-07 16:05:11,15386,15386,15386,2,0
2023-02-07 16:05:12,15386,15386,15386,2,0
2023-02-07 16:05:12,15386,15386,15386,2,0
2023-02-07 16:05:12,15387,15387,15387,6,6
2023-02-07 16:05:12,15388,15388,15388,20,20
2023-02-07 16:05:12,15388,15388,15388,2,0
2023-02-07 16:05:12,15388,15388,15388,2,0
2023-02-07 16:05:12,15387,15387,15387,4,-4
2023-02-07 16:05:13,15387,15387,15387,4,0
2023-02-07 16:05:14,15388,15388,15388,2,2
2023-02-07 16:05:14,15387,15387,15387,2,-2
2023-02-07 16:05:15,15387,15387,15387,2,0
2023-02-07 16:05:15,15387,15387,15387,2,0
2023-02-07 16:05:18,15387,15387,15387,2,0
2023-02-07 16:05:18,15387,15387,15387,2,0
2023-02-07 16:05:20,15386,15386,15386,10,-10
2023-02-07 16:05:20,15387,15387,15387,2,2
2023-02-07 16:05:23,15386,15386,15386,2,-2
2023-02-07 16:05:25,15386,15386,15386,2,0
2023-02-07 16:05:25,15386,15386,15386,4,0
2023-02-07 16:05:25,15386,15386,15386,2,0
2023-02-07 16:05:27,15386,15386,15386,4,0
2023-02-07 16:05:28,15387,15387,15387,2,2
2023-02-07 16:05:30,15386,15386,15386,2,-2
2023-02-07 16:05:30,15386,15386,15386,2,0
2023-02-07 16:05:30,15386,15386,15386,2,0
2023-02-07 16:05:30,15386,15386,15386,8,0
2023-02-07 16:05:31,15385,15385,15385,2,-2
2023-02-07 16:05:31,15385,15385,15385,10,0
2023-02-07 16:05:31,15385,15385,15385,4,0
2023-02-07 16:05:31,15385,15385,15385,4,0
2023-02-07 16:05:31,15385,15385,15385,8,0
2023-02-07 16:05:31,15385,15385,15385,2,0
2023-02-07 16:05:31,15385,15385,15385,2,0
2023-02-07 16:05:31,15385,15385,15385,4,0
2023-02-07 16:05:31,15385,15385,15385,2,0
2023-02-07 16:05:31,15385,15385,15385,2,0
2023-02-07 16:05:31,15385,15385,15385,2,0
2023-02-07 16:05:31,15385,15385,15385,2,0
2023-02-07 16:05:31,15385,15385,15385,2,0
2023-02-07 16:05:31,15385,15385,15385,2,0
2023-02-07 16:05:31,15385,15385,15385,2,0
2023-02-07 16:05:31,15384,15384,15384,2,-2
2023-02-07 16:05:31,15384,15384,15384,2,0
2023-02-07 16:05:31,15384,15384,15384,2,0
2023-02-07 16:05:31,15384,15384,15384,2,0
2023-02-07 16:05:31,15383,15383,15383,2,-2
2023-02-07 16:05:31,15383,15383,15383,2,0
2023-02-07 16:05:31,15383,15383,15383,2,0
2023-02-07 16:05:31,15383,15383,15383,6,0
2023-02-07 16:05:32,15385,15385,15385,2,2
2023-02-07 16:05:32,15385,15385,15385,2,0
2023-02-07 16:05:33,15384,15384,15384,2,-2
2023-02-07 16:05:33,15385,15385,15385,6,6
2023-02-07 16:05:36,15384,15384,15384,2,-2
2023-02-07 16:05:38,15384,15384,15384,4,0
2023-02-07 16:05:38,15384,15384,15384,10,0
2023-02-07 16:05:40,15384,15384,15384,2,0
2023-02-07 16:05:40,15384,15384,15384,2,0
2023-02-07 16:05:42,15385,15385,15385,6,6
2023-02-07 16:05:42,15386,15386,15386,2,2
2023-02-07 16:05:42,15384,15384,15384,2,-2
2023-02-07 16:05:43,15385,15385,15385,8,8
2023-02-07 16:05:49,15385,15385,15385,8,0
2023-02-07 16:05:50,15385,15385,15385,2,0
2023-02-07 16:05:50,15385,15385,15385,2,0
2023-02-07 16:05:51,15385,15385,15385,2,0
2023-02-07 16:05:51,15385,15385,15385,2,0
2023-02-07 16:05:51,15385,15385,15385,2,0
2023-02-07 16:05:51,15385,15385,15385,2,0
2023-02-07 16:05:52,15385,15385,15385,2,0
2023-02-07 16:05:53,15385,15385,15385,2,0
2023-02-07 16:05:54,15384,15384,15384,2,-2
2023-02-07 16:05:54,15384,15384,15384,2,0
2023-02-07 16:05:54,15384,15384,15384,2,0
2023-02-07 16:05:54,15384,15384,15384,2,0
2023-02-07 16:05:54,15384,15384,15384,2,0
2023-02-07 16:05:54,15384,15384,15384,2,0
2023-02-07 16:05:55,15385,15385,15385,2,2
2023-02-07 16:05:56,15384,15384,15384,2,-2
2023-02-07 16:05:57,15383,15383,15383,2,-2
2023-02-07 16:06:00,15383,15383,15383,2,0
2023-02-07 16:06:00,15383,15383,15383,2,0
2023-02-07 16:06:00,15383,15383,15383,4,0
2023-02-07 16:06:00,15383,15383,15383,6,0
2023-02-07 16:06:00,15383,15383,15383,4,0
2023-02-07 16:06:00,15383,15383,15383,2,0
2023-02-07 16:06:00,15383,15383,15383,2,0
2023-02-07 16:06:00,15383,15383,15383,10,0
2023-02-07 16:06:00,15383,15383,15383,10,0
2023-02-07 16:06:00,15383,15383,15383,10,0
2023-02-07 16:06:00,15383,15383,15383,2,0
2023-02-07 16:06:00,15383,15383,15383,2,0
2023-02-07 16:06:00,15383,15383,15383,2,0
2023-02-07 16:06:00,15383,15383,15383,2,0
2023-02-07 16:06:00,15382,15382,15382,4,-4
2023-02-07 16:06:00,15382,15382,15382,2,0
2023-02-07 16:06:00,15382,15382,15382,2,0
2023-02-07 16:06:00,15382,15382,15382,2,0
2023-02-07 16:06:00,15382,15382,15382,4,0
2023-02-07 16:06:00,15382,15382,15382,2,0
2023-02-07 16:06:00,15382,15382,15382,2,0
2023-02-07 16:06:00,15382,15382,15382,2,0
2023-02-07 16:06:00,15382,15382,15382,2,0
2023-02-07 16:06:00,15382,15382,15382,2,0
2023-02-07 16:06:00,15382,15382,15382,2,0
2023-02-07 16:06:00,15381,15381,15381,2,-2
2023-02-07 16:06:00,15381,15381,15381,2,0
2023-02-07 16:06:00,15381,15381,15381,2,0
2023-02-07 16:06:00,15381,15381,15381,2,0
2023-02-07 16:06:00,15383,15383,15383,8,8
2023-02-07 16:06:00,15383,15383,15383,4,0
2023-02-07 16:06:01,15382,15382,15382,2,-2
2023-02-07 16:06:01,15382,15382,15382,2,0
2023-02-07 16:06:01,15383,15383,15383,2,2
2023-02-07 16:06:01,15383,15383,15383,2,0
2023-02-07 16:06:04,15382,15382,15382,2,-2
2023-02-07 16:06:07,15383,15383,15383,2,2
2023-02-07 16:06:08,15381,15381,15381,2,-2
2023-02-07 16:06:08,15381,15381,15381,2,0
2023-02-07 16:06:08,15381,15381,15381,2,0
2023-02-07 16:06:08,15381,15381,15381,2,0
2023-02-07 16:06:08,15381,15381,15381,2,0
2023-02-07 16:06:08,15381,15381,15381,4,0
2023-02-07 16:06:08,15381,15381,15381,2,0
2023-02-07 16:06:08,15381,15381,15381,4,0
2023-02-07 16:06:08,15381,15381,15381,2,0
2023-02-07 16:06:08,15381,15381,15381,2,0
2023-02-07 16:06:08,15381,15381,15381,2,0
2023-02-07 16:06:08,15380,15380,15380,2,-2
2023-02-07 16:06:08,15380,15380,15380,2,0
2023-02-07 16:06:08,15380,15380,15380,2,0
2023-02-07 16:06:08,15382,15382,15382,4,4
2023-02-07 16:06:08,15380,15380,15380,2,-2
2023-02-07 16:06:08,15380,15380,15380,2,0
2023-02-07 16:06:09,15380,15380,15380,2,0
2023-02-07 16:06:09,15381,15381,15381,2,2
2023-02-07 16:06:10,15381,15381,15381,2,0
2023-02-07 16:06:11,15381,15381,15381,2,0
2023-02-07 16:06:11,15380,15380,15380,2,-2
2023-02-07 16:06:12,15382,15382,15382,4,4
2023-02-07 16:06:12,15381,15381,15381,2,-2
2023-02-07 16:06:13,15382,15382,15382,2,2
2023-02-07 16:06:13,15381,15381,15381,2,-2
2023-02-07 16:06:13,15381,15381,15381,2,0
2023-02-07 16:06:14,15380,15380,15380,10,-10
2023-02-07 16:06:14,15380,15380,15380,2,0
2023-02-07 16:06:14,15380,15380,15380,2,0
2023-02-07 16:06:14,15380,15380,15380,2,0
2023-02-07 16:06:14,15380,15380,15380,2,0
2023-02-07 16:06:14,15380,15380,15380,8,0
2023-02-07 16:06:14,15380,15380,15380,2,0
2023-02-07 16:06:14,15380,15380,15380,2,0
2023-02-07 16:06:14,15380,15380,15380,2,0
2023-02-07 16:06:14,15380,15380,15380,2,0
2023-02-07 16:06:14,15380,15380,15380,10,0
2023-02-07 16:06:14,15380,15380,15380,2,0
2023-02-07 16:06:14,15380,15380,15380,2,0
2023-02-07 16:06:15,15380,15380,15380,2,0
2023-02-07 16:06:15,15379,15379,15379,2,-2
2023-02-07 16:06:15,15379,15379,15379,2,0
2023-02-07 16:06:15,15379,15379,15379,2,0
2023-02-07 16:06:15,15379,15379,15379,2,0
2023-02-07 16:06:17,15378,15378,15378,2,-2
2023-02-07 16:06:17,15378,15378,15378,2,0
2023-02-07 16:06:18,15378,15378,15378,6,0
2023-02-07 16:06:18,15378,15378,15378,2,0
2023-02-07 16:06:18,15378,15378,15378,2,0
2023-02-07 16:06:18,15378,15378,15378,2,0
2023-02-07 16:06:18,15378,15378,15378,2,0
2023-02-07 16:06:18,15378,15378,15378,2,0
2023-02-07 16:06:18,15378,15378,15378,2,0
2023-02-07 16:06:18,15378,15378,15378,2,0
2023-02-07 16:06:18,15378,15378,15378,2,0
2023-02-07 16:06:18,15377,15377,15377,2,-2
2023-02-07 16:06:19,15377,15377,15377,12,0
2023-02-07 16:06:19,15377,15377,15377,4,0
2023-02-07 16:06:19,15377,15377,15377,2,0
2023-02-07 16:06:19,15377,15377,15377,2,0
2023-02-07 16:06:19,15377,15377,15377,2,0
2023-02-07 16:06:19,15377,15377,15377,2,0
2023-02-07 16:06:19,15377,15377,15377,4,0
2023-02-07 16:06:19,15377,15377,15377,2,0
2023-02-07 16:06:19,15377,15377,15377,2,0
2023-02-07 16:06:19,15377,15377,15377,2,0
2023-02-07 16:06:19,15377,15377,15377,2,0
2023-02-07 16:06:20,15378,15378,15378,10,10
2023-02-07 16:06:23,15378,15378,15378,2,0
2023-02-07 16:06:23,15377,15377,15377,2,-2
2023-02-07 16:06:23,15377,15377,15377,2,0
2023-02-07 16:06:24,15377,15377,15377,2,0
2023-02-07 16:06:24,15377,15377,15377,2,0
2023-02-07 16:06:25,15377,15377,15377,6,0
2023-02-07 16:06:26,15377,15377,15377,2,0
2023-02-07 16:06:27,15377,15377,15377,2,0
2023-02-07 16:06:28,15378,15378,15378,2,2
2023-02-07 16:06:28,15377,15377,15377,2,-2
2023-02-07 16:06:30,15378,15378,15378,2,2
2023-02-07 16:06:31,15378,15378,15378,4,0
2023-02-07 16:06:34,15377,15377,15377,2,-2
2023-02-07 16:06:35,15378,15378,15378,10,10
2023-02-07 16:06:36,15378,15378,15378,2,0
2023-02-07 16:06:38,15377,15377,15377,2,-2
2023-02-07 16:06:38,15377,15377,15377,2,0
2023-02-07 16:06:39,15378,15378,15378,2,2
2023-02-07 16:06:39,15377,15377,15377,2,-2
2023-02-07 16:06:39,15377,15377,15377,4,0
2023-02-07 16:06:39,15378,15378,15378,2,2
2023-02-07 16:06:39,15377,15377,15377,2,-2
2023-02-07 16:06:40,15377,15377,15377,4,0
2023-02-07 16:06:40,15377,15377,15377,6,0
2023-02-07 16:06:40,15377,15377,15377,2,0
2023-02-07 16:06:40,15377,15377,15377,4,0
2023-02-07 16:06:40,15377,15377,15377,2,0
2023-02-07 16:06:40,15377,15377,15377,2,0
2023-02-07 16:06:44,15376,15376,15376,2,-2
2023-02-07 16:06:44,15376,15376,15376,6,0
2023-02-07 16:06:44,15376,15376,15376,14,0
2023-02-07 16:06:44,15376,15376,15376,2,0
2023-02-07 16:06:44,15376,15376,15376,2,0
2023-02-07 16:06:44,15376,15376,15376,2,0
2023-02-07 16:06:45,15376,15376,15376,2,0
2023-02-07 16:06:46,15376,15376,15376,2,0
2023-02-07 16:06:47,15375,15375,15375,2,-2
2023-02-07 16:06:47,15375,15375,15375,2,0
2023-02-07 16:06:48,15375,15375,15375,2,0
2023-02-07 16:06:48,15375,15375,15375,2,0
2023-02-07 16:06:48,15375,15375,15375,2,0
2023-02-07 16:06:49,15375,15375,15375,4,0
2023-02-07 16:06:50,15375,15375,15375,2,0
2023-02-07 16:06:55,15375,15375,15375,6,0
2023-02-07 16:06:55,15375,15375,15375,10,0
2023-02-07 16:06:55,15375,15375,15375,2,0
2023-02-07 16:06:55,15375,15375,15375,2,0
2023-02-07 16:06:55,15376,15376,15376,2,2
2023-02-07 16:06:55,15375,15375,15375,4,-4
2023-02-07 16:06:55,15375,15375,15375,2,0
2023-02-07 16:06:56,15375,15375,15375,2,0
2023-02-07 16:06:57,15375,15375,15375,2,0
2023-02-07 16:06:57,15375,15375,15375,2,0
2023-02-07 16:06:57,15375,15375,15375,6,0
2023-02-07 16:06:58,15375,15375,15375,2,0
2023-02-07 16:06:58,15375,15375,15375,2,0
2023-02-07 16:06:58,15375,15375,15375,2,0
2023-02-07 16:06:58,15375,15375,15375,4,0
2023-02-07 16:06:58,15375,15375,15375,2,0
2023-02-07 16:06:58,15375,15375,15375,2,0
2023-02-07 16:06:58,15375,15375,15375,2,0
2023-02-07 16:06:59,15375,15375,15375,2,0
2023-02-07 16:07:00,15374,15374,15374,2,-2
2023-02-07 16:07:00,15374,15374,15374,8,0
2023-02-07 16:07:00,15375,15375,15375,2,2
2023-02-07 16:07:00,15374,15374,15374,8,-8
2023-02-07 16:07:00,15374,15374,15374,2,0
2023-02-07 16:07:00,15374,15374,15374,2,0
2023-02-07 16:07:00,15374,15374,15374,2,0
2023-02-07 16:07:00,15374,15374,15374,2,0
2023-02-07 16:07:03,15374,15374,15374,2,0
2023-02-07 16:07:03,15374,15374,15374,2,0
2023-02-07 16:07:03,15374,15374,15374,2,0
2023-02-07 16:07:03,15374,15374,15374,2,0
2023-02-07 16:07:03,15374,15374,15374,6,0
2023-02-07 16:07:03,15375,15375,15375,8,8
2023-02-07 16:07:03,15376,15376,15376,2,2
2023-02-07 16:07:03,15376,15376,15376,4,0
2023-02-07 16:07:04,15375,15375,15375,2,-2
2023-02-07 16:07:04,15376,15376,15376,2,2
2023-02-07 16:07:05,15377,15377,15377,8,8
2023-02-07 16:07:06,15378,15378,15378,4,4
2023-02-07 16:07:06,15377,15377,15377,2,-2
2023-02-07 16:07:07,15379,15379,15379,4,4
2023-02-07 16:07:07,15378,15378,15378,2,-2
2023-02-07 16:07:08,15378,15378,15378,2,0
2023-02-07 16:07:08,15378,15378,15378,2,0
2023-02-07 16:07:08,15378,15378,15378,4,0
2023-02-07 16:07:08,15380,15380,15380,2,2
2023-02-07 16:07:09,15378,15378,15378,2,-2
2023-02-07 16:07:10,15377,15377,15377,2,-2
2023-02-07 16:07:10,15377,15377,15377,4,0
2023-02-07 16:07:10,15377,15377,15377,6,0
2023-02-07 16:07:15,15379,15379,15379,28,28
2023-02-07 16:07:15,15379,15379,15379,2,0
2023-02-07 16:07:17,15380,15380,15380,2,2
2023-02-07 16:07:17,15379,15379,15379,2,-2
2023-02-07 16:07:18,15378,15378,15378,2,-2
2023-02-07 16:07:18,15378,15378,15378,2,0
2023-02-07 16:07:22,15379,15379,15379,2,2
2023-02-07 16:07:24,15378,15378,15378,2,-2
2023-02-07 16:07:26,15379,15379,15379,6,6
2023-02-07 16:07:27,15378,15378,15378,2,-2
2023-02-07 16:07:27,15378,15378,15378,2,0
2023-02-07 16:07:28,15378,15378,15378,2,0
2023-02-07 16:07:30,15378,15378,15378,2,0
2023-02-07 16:07:37,15377,15377,15377,2,-2
2023-02-07 16:07:38,15378,15378,15378,2,2
2023-02-07 16:07:38,15377,15377,15377,2,-2
2023-02-07 16:07:38,15377,15377,15377,2,0
2023-02-07 16:07:38,15377,15377,15377,2,0
2023-02-07 16:07:38,15377,15377,15377,4,0
2023-02-07 16:07:38,15377,15377,15377,2,0
2023-02-07 16:07:38,15377,15377,15377,4,0
2023-02-07 16:07:38,15377,15377,15377,2,0
2023-02-07 16:07:38,15377,15377,15377,8,0
2023-02-07 16:07:38,15377,15377,15377,6,0
2023-02-07 16:07:38,15377,15377,15377,2,0
2023-02-07 16:07:38,15377,15377,15377,2,0
2023-02-07 16:07:38,15377,15377,15377,2,0
2023-02-07 16:07:38,15377,15377,15377,2,0
2023-02-07 16:07:38,15376,15376,15376,2,-2
2023-02-07 16:07:38,15376,15376,15376,2,0
2023-02-07 16:07:38,15376,15376,15376,2,0
2023-02-07 16:07:38,15378,15378,15378,2,2
2023-02-07 16:07:39,15378,15378,15378,2,0
2023-02-07 16:07:43,15377,15377,15377,2,-2
2023-02-07 16:07:47,15375,15375,15375,2,-2
2023-02-07 16:07:47,15375,15375,15375,2,0
2023-02-07 16:07:49,15376,15376,15376,2,2
2023-02-07 16:07:49,15375,15375,15375,4,-4
2023-02-07 16:07:49,15376,15376,15376,2,2
2023-02-07 16:07:50,15376,15376,15376,2,0
2023-02-07 16:07:52,15375,15375,15375,6,-6
2023-02-07 16:07:52,15375,15375,15375,2,0
2023-02-07 16:07:53,15375,15375,15375,2,0
2023-02-07 16:07:53,15375,15375,15375,2,0
2023-02-07 16:07:53,15375,15375,15375,4,0
2023-02-07 16:07:53,15375,15375,15375,2,0
2023-02-07 16:07:53,15375,15375,15375,2,0
2023-02-07 16:07:53,15375,15375,15375,6,0
2023-02-07 16:07:53,15375,15375,15375,4,0
2023-02-07 16:07:53,15375,15375,15375,2,0
2023-02-07 16:07:53,15374,15374,15374,2,-2
2023-02-07 16:07:54,15376,15376,15376,2,2
2023-02-07 16:07:57,15375,15375,15375,2,-2
2023-02-07 16:07:57,15374,15374,15374,2,-2
2023-02-07 16:07:58,15375,15375,15375,2,2
2023-02-07 16:07:58,15374,15374,15374,2,-2
2023-02-07 16:07:59,15374,15374,15374,2,0
2023-02-07 16:07:59,15375,15375,15375,2,2
2023-02-07 16:08:00,15374,15374,15374,2,-2
2023-02-07 16:08:00,15373,15373,15373,2,-2
2023-02-07 16:08:00,15373,15373,15373,2,0
2023-02-07 16:08:00,15373,15373,15373,2,0
2023-02-07 16:08:00,15373,15373,15373,4,0
2023-02-07 16:08:00,15373,15373,15373,2,0
2023-02-07 16:08:00,15373,15373,15373,2,0
2023-02-07 16:08:00,15373,15373,15373,2,0
2023-02-07 16:08:00,15373,15373,15373,2,0
2023-02-07 16:08:00,15373,15373,15373,4,0
2023-02-07 16:08:00,15373,15373,15373,2,0
2023-02-07 16:08:00,15373,15373,15373,2,0
2023-02-07 16:08:00,15372,15372,15372,10,-10
2023-02-07 16:08:01,15373,15373,15373,2,2
2023-02-07 16:08:01,15373,15373,15373,2,0
2023-02-07 16:08:01,15373,15373,15373,2,0
2023-02-07 16:08:01,15373,15373,15373,2,0
2023-02-07 16:08:01,15372,15372,15372,2,-2
2023-02-07 16:08:03,15373,15373,15373,2,2
2023-02-07 16:08:04,15374,15374,15374,2,2
2023-02-07 16:08:04,15374,15374,15374,2,0
2023-02-07 16:08:04,15372,15372,15372,2,-2
2023-02-07 16:08:06,15373,15373,15373,2,2
2023-02-07 16:08:06,15373,15373,15373,2,0
2023-02-07 16:08:06,15372,15372,15372,2,-2
2023-02-07 16:08:06,15372,15372,15372,2,0
2023-02-07 16:08:06,15372,15372,15372,6,0
2023-02-07 16:08:06,15372,15372,15372,2,0
2023-02-07 16:08:06,15372,15372,15372,2,0
2023-02-07 16:08:06,15372,15372,15372,2,0
2023-02-07 16:08:06,15372,15372,15372,4,0
2023-02-07 16:08:06,15372,15372,15372,2,0
2023-02-07 16:08:06,15372,15372,15372,2,0
2023-02-07 16:08:06,15372,15372,15372,10,0
2023-02-07 16:08:06,15372,15372,15372,2,0
2023-02-07 16:08:07,15372,15372,15372,2,0
2023-02-07 16:08:07,15371,15371,15371,2,-2
2023-02-07 16:08:07,15371,15371,15371,2,0
2023-02-07 16:08:07,15372,15372,15372,2,2
2023-02-07 16:08:09,15372,15372,15372,2,0
2023-02-07 16:08:10,15372,15372,15372,2,0
2023-02-07 16:08:13,15371,15371,15371,2,-2
2023-02-07 16:08:13,15371,15371,15371,2,0
2023-02-07 16:08:13,15372,15372,15372,2,2
2023-02-07 16:08:14,15371,15371,15371,2,-2
2023-02-07 16:08:17,15371,15371,15371,2,0
2023-02-07 16:08:17,15371,15371,15371,2,0
2023-02-07 16:08:17,15371,15371,15371,2,0
2023-02-07 16:08:17,15372,15372,15372,2,2
2023-02-07 16:08:19,15372,15372,15372,2,0
2023-02-07 16:08:21,15373,15373,15373,12,12
2023-02-07 16:08:21,15372,15372,15372,2,-2
2023-02-07 16:08:21,15374,15374,15374,12,12
2023-02-07 16:08:21,15373,15373,15373,2,-2
2023-02-07 16:08:25,15375,15375,15375,2,2
2023-02-07 16:08:25,15375,15375,15375,2,0
2023-02-07 16:08:25,15375,15375,15375,2,0
2023-02-07 16:08:25,15375,15375,15375,2,0
2023-02-07 16:08:25,15375,15375,15375,6,0
2023-02-07 16:08:25,15375,15375,15375,2,0
2023-02-07 16:08:25,15375,15375,15375,8,0
2023-02-07 16:08:26,15375,15375,15375,2,0
2023-02-07 16:08:31,15376,15376,15376,2,2
2023-02-07 16:08:35,15375,15375,15375,2,-2
2023-02-07 16:08:35,15375,15375,15375,4,0
2023-02-07 16:08:35,15374,15374,15374,4,-4
2023-02-07 16:08:36,15373,15373,15373,2,-2
2023-02-07 16:08:43,15374,15374,15374,4,4
2023-02-07 16:08:47,15372,15372,15372,2,-2
2023-02-07 16:08:49,15372,15372,15372,2,0
2023-02-07 16:08:49,15372,15372,15372,2,0
2023-02-07 16:08:49,15372,15372,15372,2,0
2023-02-07 16:08:49,15372,15372,15372,2,0
2023-02-07 16:08:49,15372,15372,15372,2,0
2023-02-07 16:08:49,15371,15371,15371,2,-2
2023-02-07 16:08:49,15371,15371,15371,2,0
2023-02-07 16:08:50,15371,15371,15371,2,0
2023-02-07 16:08:50,15371,15371,15371,6,0
2023-02-07 16:08:50,15371,15371,15371,4,0
2023-02-07 16:08:50,15372,15372,15372,8,8
2023-02-07 16:08:50,15372,15372,15372,2,0
2023-02-07 16:08:50,15371,15371,15371,2,-2
2023-02-07 16:08:51,15371,15371,15371,2,0
2023-02-07 16:08:51,15371,15371,15371,2,0
2023-02-07 16:08:51,15371,15371,15371,2,0
2023-02-07 16:08:51,15371,15371,15371,2,0
2023-02-07 16:08:51,15371,15371,15371,2,0
2023-02-07 16:08:51,15371,15371,15371,2,0
2023-02-07 16:08:51,15371,15371,15371,2,0
2023-02-07 16:08:51,15371,15371,15371,2,0
2023-02-07 16:08:51,15371,15371,15371,20,0
2023-02-07 16:08:51,15371,15371,15371,2,0
2023-02-07 16:08:51,15371,15371,15371,2,0
2023-02-07 16:08:51,15371,15371,15371,2,0
2023-02-07 16:08:51,15372,15372,15372,2,2
2023-02-07 16:08:53,15370,15370,15370,2,-2
2023-02-07 16:08:53,15370,15370,15370,2,0
2023-02-07 16:08:53,15370,15370,15370,2,0
2023-02-07 16:08:53,15370,15370,15370,2,0
2023-02-07 16:08:53,15370,15370,15370,2,0
2023-02-07 16:08:53,15371,15371,15371,2,2
2023-02-07 16:08:53,15371,15371,15371,2,0
2023-02-07 16:08:53,15372,15372,15372,2,2
2023-02-07 16:08:54,15370,15370,15370,6,-6
2023-02-07 16:08:54,15370,15370,15370,2,0
2023-02-07 16:08:55,15371,15371,15371,2,2
2023-02-07 16:08:55,15370,15370,15370,2,-2
2023-02-07 16:08:57,15370,15370,15370,2,0
2023-02-07 16:08:57,15370,15370,15370,4,0
2023-02-07 16:08:57,15370,15370,15370,2,0
2023-02-07 16:08:57,15370,15370,15370,2,0
2023-02-07 16:08:58,15370,15370,15370,2,0
2023-02-07 16:08:58,15370,15370,15370,2,0
2023-02-07 16:08:59,15370,15370,15370,2,0
2023-02-07 16:08:59,15370,15370,15370,2,0
2023-02-07 16:08:59,15370,15370,15370,2,0
2023-02-07 16:08:59,15370,15370,15370,10,0
2023-02-07 16:08:59,15370,15370,15370,6,0
2023-02-07 16:08:59,15370,15370,15370,2,0
2023-02-07 16:08:59,15371,15371,15371,2,2
2023-02-07 16:09:00,15370,15370,15370,8,-8
2023-02-07 16:09:00,15370,15370,15370,2,0
2023-02-07 16:09:00,15370,15370,15370,2,0
2023-02-07 16:09:00,15369,15369,15369,2,-2
2023-02-07 16:09:00,15369,15369,15369,2,0
2023-02-07 16:09:00,15369,15369,15369,2,0
2023-02-07 16:09:00,15368,15368,15368,2,-2
2023-02-07 16:09:00,15368,15368,15368,2,0
2023-02-07 16:09:01,15369,15369,15369,2,2
2023-02-07 16:09:01,15369,15369,15369,2,0
2023-02-07 16:09:01,15369,15369,15369,4,0
2023-02-07 16:09:01,15369,15369,15369,2,0
2023-02-07 16:09:01,15369,15369,15369,2,0
2023-02-07 16:09:01,15369,15369,15369,2,0
2023-02-07 16:09:01,15369,15369,15369,2,0
2023-02-07 16:09:01,15369,15369,15369,2,0
2023-02-07 16:09:01,15369,15369,15369,2,0
2023-02-07 16:09:04,15369,15369,15369,2,0
2023-02-07 16:09:04,15369,15369,15369,2,0
2023-02-07 16:09:04,15369,15369,15369,2,0
2023-02-07 16:09:04,15369,15369,15369,2,0
2023-02-07 16:09:04,15369,15369,15369,2,0
2023-02-07 16:09:04,15369,15369,15369,4,0
2023-02-07 16:09:06,15370,15370,15370,2,2
2023-02-07 16:09:07,15370,15370,15370,2,0
2023-02-07 16:09:08,15369,15369,15369,2,-2
2023-02-07 16:09:08,15369,15369,15369,2,0
2023-02-07 16:09:10,15370,15370,15370,2,2
2023-02-07 16:09:10,15370,15370,15370,28,0
2023-02-07 16:09:10,15371,15371,15371,2,2
2023-02-07 16:09:11,15370,15370,15370,2,-2
2023-02-07 16:09:11,15370,15370,15370,2,0
2023-02-07 16:09:11,15370,15370,15370,2,0
2023-02-07 16:09:11,15370,15370,15370,6,0
2023-02-07 16:09:15,15370,15370,15370,4,0
2023-02-07 16:09:15,15370,15370,15370,4,0
2023-02-07 16:09:16,15370,15370,15370,2,0
2023-02-07 16:09:16,15370,15370,15370,2,0
2023-02-07 16:09:16,15370,15370,15370,2,0
2023-02-07 16:09:16,15370,15370,15370,2,0
2023-02-07 16:09:16,15370,15370,15370,4,0
2023-02-07 16:09:16,15370,15370,15370,2,0
2023-02-07 16:09:17,15370,15370,15370,2,0
2023-02-07 16:09:17,15369,15369,15369,2,-2
2023-02-07 16:09:21,15370,15370,15370,2,2
2023-02-07 16:09:23,15369,15369,15369,2,-2
2023-02-07 16:09:23,15370,15370,15370,2,2
2023-02-07 16:09:23,15369,15369,15369,2,-2
2023-02-07 16:09:23,15369,15369,15369,2,0
2023-02-07 16:09:23,15369,15369,15369,2,0
2023-02-07 16:09:23,15369,15369,15369,2,0
2023-02-07 16:09:23,15369,15369,15369,2,0
2023-02-07 16:09:23,15369,15369,15369,2,0
2023-02-07 16:09:24,15368,15368,15368,2,-2
2023-02-07 16:09:27,15371,15371,15371,2,2
2023-02-07 16:09:27,15371,15371,15371,4,0
2023-02-07 16:09:28,15371,15371,15371,2,0
2023-02-07 16:09:28,15370,15370,15370,2,-2
2023-02-07 16:09:28,15370,15370,15370,2,0
2023-02-07 16:09:28,15370,15370,15370,2,0
2023-02-07 16:09:28,15370,15370,15370,2,0
2023-02-07 16:09:29,15369,15369,15369,2,-2
2023-02-07 16:09:29,15369,15369,15369,2,0
2023-02-07 16:09:29,15371,15371,15371,4,4
2023-02-07 16:09:33,15371,15371,15371,2,0
2023-02-07 16:09:33,15370,15370,15370,2,-2
2023-02-07 16:09:33,15370,15370,15370,2,0
2023-02-07 16:09:33,15370,15370,15370,2,0
2023-02-07 16:09:37,15370,15370,15370,2,0
2023-02-07 16:09:37,15370,15370,15370,4,0
2023-02-07 16:09:37,15370,15370,15370,4,0
2023-02-07 16:09:41,15371,15371,15371,2,2
2023-02-07 16:09:41,15370,15370,15370,2,-2
2023-02-07 16:09:41,15370,15370,15370,2,0
2023-02-07 16:09:43,15371,15371,15371,2,2
2023-02-07 16:09:43,15371,15371,15371,2,0
2023-02-07 16:09:45,15372,15372,15372,2,2
2023-02-07 16:09:45,15373,15373,15373,2,2
2023-02-07 16:09:45,15373,15373,15373,8,0
2023-02-07 16:09:45,15373,15373,15373,8,0
2023-02-07 16:09:46,15374,15374,15374,2,2
2023-02-07 16:09:49,15374,15374,15374,2,0
2023-02-07 16:09:53,15373,15373,15373,2,-2
2023-02-07 16:09:54,15374,15374,15374,2,2
2023-02-07 16:09:54,15373,15373,15373,2,-2
2023-02-07 16:09:55,15373,15373,15373,2,0
2023-02-07 16:09:56,15374,15374,15374,2,2
2023-02-07 16:09:57,15373,15373,15373,2,-2
2023-02-07 16:09:58,15374,15374,15374,2,2
2023-02-07 16:09:58,15373,15373,15373,4,-4
2023-02-07 16:10:00,15374,15374,15374,2,2
2023-02-07 16:10:00,15372,15372,15372,2,-2
2023-02-07 16:10:00,15372,15372,15372,2,0
2023-02-07 16:10:00,15372,15372,15372,2,0
2023-02-07 16:10:00,15374,15374,15374,2,2
2023-02-07 16:10:00,15373,15373,15373,2,-2
2023-02-07 16:10:00,15372,15372,15372,2,-2
2023-02-07 16:10:00,15372,15372,15372,2,0
2023-02-07 16:10:02,15375,15375,15375,2,2
2023-02-07 16:10:02,15375,15375,15375,2,0
2023-02-07 16:10:02,15373,15373,15373,2,-2
2023-02-07 16:10:02,15373,15373,15373,2,0
2023-02-07 16:10:02,15373,15373,15373,2,0
2023-02-07 16:10:02,15373,15373,15373,4,0
2023-02-07 16:10:05,15375,15375,15375,2,2
2023-02-07 16:10:05,15375,15375,15375,4,0
2023-02-07 16:10:06,15374,15374,15374,2,-2
2023-02-07 16:10:09,15374,15374,15374,2,0
2023-02-07 16:10:09,15374,15374,15374,2,0
2023-02-07 16:10:11,15375,15375,15375,6,6
2023-02-07 16:10:14,15376,15376,15376,8,8
2023-02-07 16:10:16,15375,15375,15375,2,-2
2023-02-07 16:10:16,15375,15375,15375,2,0
2023-02-07 16:10:16,15374,15374,15374,2,-2
2023-02-07 16:10:26,15374,15374,15374,2,0
2023-02-07 16:10:26,15374,15374,15374,2,0
2023-02-07 16:10:26,15374,15374,15374,2,0
2023-02-07 16:10:26,15374,15374,15374,2,0
2023-02-07 16:10:29,15374,15374,15374,2,0
2023-02-07 16:10:29,15374,15374,15374,2,0
2023-02-07 16:10:32,15374,15374,15374,2,0
2023-02-07 16:10:40,15373,15373,15373,2,-2
2023-02-07 16:10:44,15372,15372,15372,2,-2
2023-02-07 16:10:44,15372,15372,15372,4,0
2023-02-07 16:10:44,15372,15372,15372,2,0
2023-02-07 16:10:44,15372,15372,15372,2,0
2023-02-07 16:10:44,15372,15372,15372,2,0
2023-02-07 16:10:44,15372,15372,15372,2,0
2023-02-07 16:10:44,15371,15371,15371,2,-2
2023-02-07 16:10:50,15373,15373,15373,6,6
2023-02-07 16:10:50,15372,15372,15372,2,-2
2023-02-07 16:10:50,15372,15372,15372,2,0
2023-02-07 16:10:51,15372,15372,15372,2,0
2023-02-07 16:10:51,15372,15372,15372,2,0
2023-02-07 16:10:57,15372,15372,15372,4,0
2023-02-07 16:10:57,15372,15372,15372,2,0
2023-02-07 16:10:58,15372,15372,15372,2,0
2023-02-07 16:11:00,15372,15372,15372,2,0
2023-02-07 16:11:00,15372,15372,15372,2,0
2023-02-07 16:11:03,15371,15371,15371,10,-10
2023-02-07 16:11:03,15371,15371,15371,2,0
2023-02-07 16:11:03,15371,15371,15371,2,0
2023-02-07 16:11:06,15371,15371,15371,2,0
2023-02-07 16:11:06,15371,15371,15371,2,0
2023-02-07 16:11:06,15371,15371,15371,2,0
2023-02-07 16:11:06,15371,15371,15371,2,0
2023-02-07 16:11:07,15372,15372,15372,2,2
2023-02-07 16:11:08,15371,15371,15371,2,-2
2023-02-07 16:11:08,15371,15371,15371,4,0
2023-02-07 16:11:08,15371,15371,15371,4,0
2023-02-07 16:11:11,15372,15372,15372,2,2
2023-02-07 16:11:12,15371,15371,15371,2,-2
2023-02-07 16:11:14,15372,15372,15372,2,2
2023-02-07 16:11:15,15371,15371,15371,2,-2
2023-02-07 16:11:15,15371,15371,15371,2,0
2023-02-07 16:11:19,15370,15370,15370,2,-2
2023-02-07 16:11:19,15370,15370,15370,2,0
2023-02-07 16:11:19,15370,15370,15370,2,0
2023-02-07 16:11:26,15371,15371,15371,2,2
2023-02-07 16:11:26,15371,15371,15371,2,0
2023-02-07 16:11:26,15371,15371,15371,2,0
2023-02-07 16:11:26,15371,15371,15371,4,0
2023-02-07 16:11:26,15371,15371,15371,2,0
2023-02-07 16:11:29,15372,15372,15372,6,6
2023-02-07 16:11:30,15372,15372,15372,2,0
2023-02-07 16:11:30,15372,15372,15372,2,0
2023-02-07 16:11:31,15371,15371,15371,2,-2
2023-02-07 16:11:31,15371,15371,15371,2,0
2023-02-07 16:11:31,15371,15371,15371,6,0
2023-02-07 16:11:32,15372,15372,15372,2,2
2023-02-07 16:11:34,15371,15371,15371,2,-2
2023-02-07 16:11:34,15371,15371,15371,4,0
2023-02-07 16:11:34,15371,15371,15371,8,0
2023-02-07 16:11:34,15370,15370,15370,4,-4
2023-02-07 16:11:34,15370,15370,15370,2,0
2023-02-07 16:11:35,15370,15370,15370,2,0
2023-02-07 16:11:35,15370,15370,15370,2,0
2023-02-07 16:11:35,15370,15370,15370,2,0
2023-02-07 16:11:35,15370,15370,15370,2,0
2023-02-07 16:11:35,15370,15370,15370,2,0
2023-02-07 16:11:35,15370,15370,15370,2,0
2023-02-07 16:11:35,15370,15370,15370,2,0
2023-02-07 16:11:35,15370,15370,15370,2,0
2023-02-07 16:11:35,15370,15370,15370,2,0
2023-02-07 16:11:35,15370,15370,15370,2,0
2023-02-07 16:11:35,15370,15370,15370,2,0
2023-02-07 16:11:35,15370,15370,15370,2,0
2023-02-07 16:11:35,15370,15370,15370,2,0
2023-02-07 16:11:38,15370,15370,15370,2,0
2023-02-07 16:11:39,15370,15370,15370,2,0
2023-02-07 16:11:40,15370,15370,15370,2,0
2023-02-07 16:11:40,15370,15370,15370,2,0
2023-02-07 16:11:41,15370,15370,15370,2,0
2023-02-07 16:11:41,15371,15371,15371,2,2
2023-02-07 16:11:41,15371,15371,15371,4,0
2023-02-07 16:11:41,15370,15370,15370,2,-2
2023-02-07 16:11:41,15370,15370,15370,6,0
2023-02-07 16:11:43,15370,15370,15370,6,0
2023-02-07 16:11:44,15372,15372,15372,2,2
2023-02-07 16:11:46,15371,15371,15371,2,-2
2023-02-07 16:11:46,15371,15371,15371,4,0
2023-02-07 16:11:48,15372,15372,15372,2,2
2023-02-07 16:11:48,15370,15370,15370,6,-6
2023-02-07 16:11:50,15372,15372,15372,22,22
2023-02-07 16:11:51,15370,15370,15370,6,-6
2023-02-07 16:11:54,15371,15371,15371,2,2
2023-02-07 16:11:54,15371,15371,15371,2,0
2023-02-07 16:11:55,15370,15370,15370,4,-4
2023-02-07 16:11:55,15370,15370,15370,2,0
2023-02-07 16:11:55,15371,15371,15371,2,2
2023-02-07 16:11:56,15371,15371,15371,2,0
2023-02-07 16:11:56,15371,15371,15371,2,0
2023-02-07 16:11:56,15371,15371,15371,4,0
2023-02-07 16:11:56,15370,15370,15370,2,-2
2023-02-07 16:11:56,15370,15370,15370,2,0
2023-02-07 16:11:56,15370,15370,15370,6,0
2023-02-07 16:11:56,15370,15370,15370,4,0
2023-02-07 16:11:57,15370,15370,15370,2,0
2023-02-07 16:11:57,15370,15370,15370,2,0
2023-02-07 16:11:57,15370,15370,15370,2,0
2023-02-07 16:11:59,15370,15370,15370,2,0
2023-02-07 16:11:59,15370,15370,15370,2,0
2023-02-07 16:11:59,15369,15369,15369,2,-2
2023-02-07 16:12:00,15370,15370,15370,2,2
2023-02-07 16:12:01,15370,15370,15370,2,0
2023-02-07 16:12:01,15370,15370,15370,2,0
2023-02-07 16:12:01,15370,15370,15370,4,0
2023-02-07 16:12:02,15370,15370,15370,2,0
2023-02-07 16:12:03,15370,15370,15370,2,0
2023-02-07 16:12:03,15370,15370,15370,2,0
2023-02-07 16:12:03,15370,15370,15370,10,0
2023-02-07 16:12:03,15370,15370,15370,16,0
2023-02-07 16:12:03,15370,15370,15370,6,0
2023-02-07 16:12:03,15370,15370,15370,4,0
2023-02-07 16:12:04,15370,15370,15370,2,0
2023-02-07 16:12:04,15369,15369,15369,2,-2
2023-02-07 16:12:04,15369,15369,15369,6,0
2023-02-07 16:12:07,15370,15370,15370,2,2
2023-02-07 16:12:07,15370,15370,15370,2,0
2023-02-07 16:12:09,15370,15370,15370,2,0
2023-02-07 16:12:09,15370,15370,15370,2,0
2023-02-07 16:12:09,15371,15371,15371,22,22
2023-02-07 16:12:13,15370,15370,15370,2,-2
2023-02-07 16:12:17,15370,15370,15370,2,0
2023-02-07 16:12:17,15371,15371,15371,10,10
2023-02-07 16:12:19,15370,15370,15370,2,-2
2023-02-07 16:12:20,15370,15370,15370,2,0
2023-02-07 16:12:21,15369,15369,15369,2,-2
2023-02-07 16:12:23,15370,15370,15370,2,2
2023-02-07 16:12:23,15370,15370,15370,2,0
2023-02-07 16:12:24,15371,15371,15371,2,2
2023-02-07 16:12:24,15371,15371,15371,2,0
2023-02-07 16:12:33,15370,15370,15370,2,-2
2023-02-07 16:12:35,15371,15371,15371,2,2
2023-02-07 16:12:45,15370,15370,15370,2,-2
2023-02-07 16:12:47,15371,15371,15371,2,2
2023-02-07 16:12:48,15372,15372,15372,6,6
2023-02-07 16:12:52,15372,15372,15372,2,0
2023-02-07 16:12:56,15370,15370,15370,2,-2
2023-02-07 16:12:56,15370,15370,15370,4,0
2023-02-07 16:12:56,15370,15370,15370,2,0
2023-02-07 16:12:56,15370,15370,15370,2,0
2023-02-07 16:12:56,15370,15370,15370,2,0
2023-02-07 16:12:56,15370,15370,15370,2,0
2023-02-07 16:12:58,15370,15370,15370,4,0
2023-02-07 16:12:58,15370,15370,15370,2,0
2023-02-07 16:12:58,15370,15370,15370,2,0
2023-02-07 16:12:58,15370,15370,15370,2,0
2023-02-07 16:12:58,15369,15369,15369,2,-2
2023-02-07 16:12:58,15369,15369,15369,6,0
2023-02-07 16:12:58,15369,15369,15369,2,0
2023-02-07 16:13:00,15371,15371,15371,2,2
2023-02-07 16:13:07,15371,15371,15371,2,0
2023-02-07 16:13:10,15371,15371,15371,2,0
2023-02-07 16:13:11,15370,15370,15370,2,-2
2023-02-07 16:13:11,15370,15370,15370,2,0
2023-02-07 16:13:17,15370,15370,15370,2,0
2023-02-07 16:13:23,15370,15370,15370,2,0
2023-02-07 16:13:24,15370,15370,15370,2,0
2023-02-07 16:13:25,15370,15370,15370,2,0
2023-02-07 16:13:25,15370,15370,15370,2,0
2023-02-07 16:13:25,15370,15370,15370,2,0
2023-02-07 16:13:25,15370,15370,15370,2,0
2023-02-07 16:13:25,15370,15370,15370,2,0
2023-02-07 16:13:25,15370,15370,15370,2,0
2023-02-07 16:13:25,15370,15370,15370,2,0
2023-02-07 16:13:25,15370,15370,15370,2,0
2023-02-07 16:13:30,15370,15370,15370,2,0
2023-02-07 16:13:30,15370,15370,15370,2,0
2023-02-07 16:13:31,15370,15370,15370,2,0
2023-02-07 16:13:31,15371,15371,15371,6,6
2023-02-07 16:13:31,15372,15372,15372,18,18
2023-02-07 16:13:32,15373,15373,15373,2,2
2023-02-07 16:13:32,15373,15373,15373,2,0
2023-02-07 16:13:32,15373,15373,15373,2,0
2023-02-07 16:13:32,15373,15373,15373,4,0
2023-02-07 16:13:32,15373,15373,15373,4,0
2023-02-07 16:13:32,15373,15373,15373,10,0
2023-02-07 16:13:33,15373,15373,15373,2,0
2023-02-07 16:13:34,15372,15372,15372,2,-2
2023-02-07 16:13:34,15372,15372,15372,2,0
2023-02-07 16:13:34,15372,15372,15372,2,0
2023-02-07 16:13:42,15372,15372,15372,2,0
2023-02-07 16:13:42,15372,15372,15372,4,0
2023-02-07 16:13:42,15372,15372,15372,2,0
2023-02-07 16:13:42,15372,15372,15372,4,0
2023-02-07 16:13:42,15372,15372,15372,2,0
2023-02-07 16:13:42,15372,15372,15372,6,0
2023-02-07 16:13:42,15372,15372,15372,2,0
2023-02-07 16:13:42,15372,15372,15372,2,0
2023-02-07 16:13:42,15372,15372,15372,2,0
2023-02-07 16:13:42,15371,15371,15371,2,-2
2023-02-07 16:13:42,15371,15371,15371,2,0
2023-02-07 16:13:42,15371,15371,15371,6,0
2023-02-07 16:13:42,15371,15371,15371,4,0
2023-02-07 16:13:42,15371,15371,15371,2,0
2023-02-07 16:13:42,15371,15371,15371,2,0
2023-02-07 16:13:42,15371,15371,15371,6,0
2023-02-07 16:13:42,15371,15371,15371,2,0
2023-02-07 16:13:42,15371,15371,15371,4,0
2023-02-07 16:13:42,15371,15371,15371,2,0
2023-02-07 16:13:42,15371,15371,15371,4,0
2023-02-07 16:13:42,15371,15371,15371,44,0
2023-02-07 16:13:42,15371,15371,15371,2,0
2023-02-07 16:13:42,15372,15372,15372,2,2
2023-02-07 16:13:42,15372,15372,15372,4,0
2023-02-07 16:13:42,15371,15371,15371,2,-2
2023-02-07 16:13:42,15371,15371,15371,2,0
2023-02-07 16:13:48,15371,15371,15371,2,0
2023-02-07 16:13:48,15371,15371,15371,2,0
2023-02-07 16:13:48,15370,15370,15370,2,-2
2023-02-07 16:13:48,15370,15370,15370,2,0
2023-02-07 16:13:48,15370,15370,15370,2,0
2023-02-07 16:13:48,15370,15370,15370,2,0
2023-02-07 16:13:48,15370,15370,15370,6,0
2023-02-07 16:13:48,15370,15370,15370,4,0
2023-02-07 16:13:48,15370,15370,15370,4,0
2023-02-07 16:13:48,15370,15370,15370,2,0
2023-02-07 16:13:48,15370,15370,15370,2,0
2023-02-07 16:13:48,15370,15370,15370,2,0
2023-02-07 16:13:48,15370,15370,15370,2,0
2023-02-07 16:13:48,15370,15370,15370,2,0
2023-02-07 16:13:48,15370,15370,15370,2,0
2023-02-07 16:13:48,15370,15370,15370,2,0
2023-02-07 16:13:48,15369,15369,15369,2,-2
2023-02-07 16:13:48,15369,15369,15369,2,0
2023-02-07 16:13:48,15369,15369,15369,2,0
2023-02-07 16:13:48,15369,15369,15369,2,0
2023-02-07 16:13:48,15369,15369,15369,6,0
2023-02-07 16:13:48,15369,15369,15369,2,0
2023-02-07 16:13:48,15369,15369,15369,2,0
2023-02-07 16:13:48,15369,15369,15369,2,0
2023-02-07 16:13:48,15369,15369,15369,2,0
2023-02-07 16:13:48,15369,15369,15369,4,0
2023-02-07 16:13:48,15369,15369,15369,2,0
2023-02-07 16:13:48,15369,15369,15369,6,0
2023-02-07 16:13:48,15369,15369,15369,2,0
2023-02-07 16:13:48,15369,15369,15369,2,0
2023-02-07 16:13:48,15369,15369,15369,2,0
2023-02-07 16:13:48,15369,15369,15369,10,0
2023-02-07 16:13:48,15369,15369,15369,10,0
2023-02-07 16:13:48,15369,15369,15369,4,0
2023-02-07 16:13:48,15369,15369,15369,2,0
2023-02-07 16:13:48,15370,15370,15370,2,2
2023-02-07 16:13:49,15370,15370,15370,8,0
2023-02-07 16:13:49,15371,15371,15371,22,22
2023-02-07 16:13:50,15370,15370,15370,2,-2
2023-02-07 16:13:51,15371,15371,15371,2,2
2023-02-07 16:13:59,15371,15371,15371,2,0
2023-02-07 16:13:59,15371,15371,15371,2,0
2023-02-07 16:13:59,15371,15371,15371,4,0
2023-02-07 16:13:59,15371,15371,15371,2,0
2023-02-07 16:14:00,15371,15371,15371,2,0
2023-02-07 16:14:00,15371,15371,15371,2,0
2023-02-07 16:14:00,15371,15371,15371,2,0
2023-02-07 16:14:00,15371,15371,15371,2,0
2023-02-07 16:14:00,15371,15371,15371,2,0
2023-02-07 16:14:00,15371,15371,15371,4,0
2023-02-07 16:14:00,15370,15370,15370,4,-4
2023-02-07 16:14:00,15370,15370,15370,2,0
2023-02-07 16:14:00,15372,15372,15372,4,4
2023-02-07 16:14:01,15374,15374,15374,8,8
2023-02-07 16:14:01,15374,15374,15374,6,0
2023-02-07 16:14:01,15374,15374,15374,2,0
2023-02-07 16:14:01,15374,15374,15374,10,0
2023-02-07 16:14:01,15374,15374,15374,4,0
2023-02-07 16:14:01,15374,15374,15374,2,0
2023-02-07 16:14:01,15374,15374,15374,2,0
2023-02-07 16:14:04,15374,15374,15374,4,0
2023-02-07 16:14:08,15374,15374,15374,2,0
2023-02-07 16:14:13,15373,15373,15373,2,-2
2023-02-07 16:14:14,15372,15372,15372,2,-2
2023-02-07 16:14:14,15372,15372,15372,2,0
2023-02-07 16:14:17,15370,15370,15370,2,-2
2023-02-07 16:14:17,15370,15370,15370,2,0
2023-02-07 16:14:17,15370,15370,15370,2,0
2023-02-07 16:14:17,15370,15370,15370,2,0
2023-02-07 16:14:18,15369,15369,15369,2,-2
2023-02-07 16:14:18,15369,15369,15369,2,0
2023-02-07 16:14:18,15369,15369,15369,2,0
2023-02-07 16:14:18,15369,15369,15369,2,0
2023-02-07 16:14:19,15371,15371,15371,2,2
2023-02-07 16:14:24,15372,15372,15372,10,10
2023-02-07 16:14:28,15372,15372,15372,2,0
2023-02-07 16:14:33,15373,15373,15373,2,2
2023-02-07 16:14:33,15374,15374,15374,6,6
2023-02-07 16:14:34,15374,15374,15374,2,0
2023-02-07 16:14:38,15374,15374,15374,2,0
2023-02-07 16:14:39,15373,15373,15373,2,-2
2023-02-07 16:14:39,15373,15373,15373,2,0
2023-02-07 16:14:39,15373,15373,15373,2,0
2023-02-07 16:14:42,15372,15372,15372,2,-2
2023-02-07 16:14:42,15372,15372,15372,2,0
2023-02-07 16:14:42,15372,15372,15372,2,0
2023-02-07 16:14:44,15371,15371,15371,2,-2
2023-02-07 16:14:45,15371,15371,15371,4,0
2023-02-07 16:14:45,15371,15371,15371,2,0
2023-02-07 16:14:54,15373,15373,15373,2,2
2023-02-07 16:14:55,15372,15372,15372,2,-2
2023-02-07 16:15:00,15373,15373,15373,2,2
2023-02-07 16:15:00,15372,15372,15372,2,-2
2023-02-07 16:15:04,15373,15373,15373,2,2
2023-02-07 16:15:04,15372,15372,15372,2,-2
2023-02-07 16:15:05,15373,15373,15373,2,2
2023-02-07 16:15:05,15373,15373,15373,2,0
2023-02-07 16:15:05,15372,15372,15372,2,-2
2023-02-07 16:15:05,15372,15372,15372,2,0
2023-02-07 16:15:05,15372,15372,15372,2,0
2023-02-07 16:15:08,15372,15372,15372,2,0
2023-02-07 16:15:12,15372,15372,15372,2,0
2023-02-07 16:15:12,15372,15372,15372,2,0
2023-02-07 16:15:12,15373,15373,15373,2,2
2023-02-07 16:15:14,15373,15373,15373,2,0
2023-02-07 16:15:16,15372,15372,15372,2,-2
2023-02-07 16:15:17,15373,15373,15373,2,2
2023-02-07 16:15:27,15373,15373,15373,2,0
2023-02-07 16:15:27,15371,15371,15371,2,-2
2023-02-07 16:15:27,15371,15371,15371,2,0
2023-02-07 16:15:27,15371,15371,15371,2,0
2023-02-07 16:15:40,15372,15372,15372,8,8
2023-02-07 16:15:40,15372,15372,15372,2,0
2023-02-07 16:15:42,15372,15372,15372,4,0
2023-02-07 16:15:52,15372,15372,15372,6,0
2023-02-07 16:15:52,15373,15373,15373,2,2
2023-02-07 16:15:52,15373,15373,15373,2,0
2023-02-07 16:16:02,15372,15372,15372,2,-2
2023-02-07 16:16:10,15373,15373,15373,2,2
2023-02-07 16:16:16,15373,15373,15373,2,0
2023-02-07 16:16:21,15372,15372,15372,2,-2
2023-02-07 16:16:21,15372,15372,15372,2,0
2023-02-07 16:16:21,15372,15372,15372,2,0
2023-02-07 16:16:21,15372,15372,15372,2,0
2023-02-07 16:16:23,15372,15372,15372,4,0
2023-02-07 16:16:33,15371,15371,15371,2,-2
2023-02-07 16:16:33,15371,15371,15371,2,0
2023-02-07 16:16:33,15371,15371,15371,2,0
2023-02-07 16:16:33,15371,15371,15371,2,0
2023-02-07 16:16:35,15371,15371,15371,4,0
2023-02-07 16:16:35,15371,15371,15371,2,0
2023-02-07 16:16:39,15372,15372,15372,2,2
2023-02-07 16:16:40,15372,15372,15372,2,0
2023-02-07 16:16:40,15373,15373,15373,2,2
2023-02-07 16:16:41,15374,15374,15374,2,2
2023-02-07 16:16:41,15374,15374,15374,4,0
2023-02-07 16:16:41,15374,15374,15374,22,0
2023-02-07 16:16:42,15373,15373,15373,2,-2
2023-02-07 16:16:54,15373,15373,15373,2,0
2023-02-07 16:16:56,15374,15374,15374,2,2
2023-02-07 16:16:57,15374,15374,15374,2,0
2023-02-07 16:16:58,15374,15374,15374,2,0
2023-02-07 16:17:11,15374,15374,15374,2,0
2023-02-07 16:17:11,15374,15374,15374,2,0
2023-02-07 16:17:11,15374,15374,15374,2,0
2023-02-07 16:17:12,15373,15373,15373,2,-2
2023-02-07 16:17:13,15373,15373,15373,2,0
2023-02-07 16:17:13,15373,15373,15373,2,0
2023-02-07 16:17:13,15372,15372,15372,2,-2
2023-02-07 16:17:13,15374,15374,15374,2,2
2023-02-07 16:17:16,15374,15374,15374,2,0
2023-02-07 16:17:16,15374,15374,15374,4,0
2023-02-07 16:17:18,15373,15373,15373,2,-2
2023-02-07 16:17:18,15373,15373,15373,2,0
2023-02-07 16:17:18,15373,15373,15373,2,0
2023-02-07 16:17:19,15373,15373,15373,2,0
2023-02-07 16:17:19,15373,15373,15373,2,0
2023-02-07 16:17:19,15373,15373,15373,2,0
2023-02-07 16:17:24,15374,15374,15374,2,2
2023-02-07 16:17:34,15374,15374,15374,2,0
2023-02-07 16:17:35,15374,15374,15374,2,0
2023-02-07 16:17:43,15374,15374,15374,2,0
2023-02-07 16:17:45,15375,15375,15375,22,22
2023-02-07 16:17:45,15376,15376,15376,2,2
2023-02-07 16:17:45,15376,15376,15376,2,0
2023-02-07 16:17:45,15376,15376,15376,2,0
2023-02-07 16:17:47,15377,15377,15377,2,2
2023-02-07 16:17:48,15377,15377,15377,2,0
2023-02-07 16:17:50,15377,15377,15377,2,0
2023-02-07 16:17:51,15377,15377,15377,4,0
2023-02-07 16:17:53,15376,15376,15376,2,-2
2023-02-07 16:17:53,15376,15376,15376,2,0
2023-02-07 16:17:57,15377,15377,15377,2,2
2023-02-07 16:17:58,15377,15377,15377,2,0
2023-02-07 16:17:59,15378,15378,15378,2,2
2023-02-07 16:18:00,15378,15378,15378,2,0
2023-02-07 16:18:01,15378,15378,15378,4,0
2023-02-07 16:18:04,15378,15378,15378,2,0
2023-02-07 16:18:04,15378,15378,15378,8,0
2023-02-07 16:18:04,15379,15379,15379,2,2
2023-02-07 16:18:08,15379,15379,15379,2,0
2023-02-07 16:18:08,15378,15378,15378,2,-2
2023-02-07 16:18:08,15378,15378,15378,2,0
2023-02-07 16:18:09,15378,15378,15378,8,0
2023-02-07 16:18:10,15378,15378,15378,2,0
2023-02-07 16:18:10,15378,15378,15378,2,0
2023-02-07 16:18:10,15377,15377,15377,2,-2
