2020-02-05,15:00:00.067000,11554,11555,11554,110
2020-02-05,15:00:00.068000,11554,11555,11554,1
2020-02-05,15:00:00.205000,11554,11555,11555,4
2020-02-05,15:00:00.597000,11554,11555,11555,2
2020-02-05,15:00:00.944000,11554,11555,11554,1
2020-02-05,15:00:01,11554,11555,11554,5
2020-02-05,15:00:01.031000,11554,11555,11555,3
2020-02-05,15:00:01.046000,11554,11555,11554,1
2020-02-05,15:00:01.046000,11554,11555,11554,1
2020-02-05,15:00:01.047000,11554,11555,11554,1
2020-02-05,15:00:01.047000,11554,11555,11554,2
2020-02-05,15:00:01.047000,11554,11555,11554,1
2020-02-05,15:00:01.048000,11554,11555,11554,1
2020-02-05,15:00:01.049000,11554,11555,11554,1
2020-02-05,15:00:01.049000,11554,11555,11554,1
2020-02-05,15:00:01.054000,11554,11555,11554,1
2020-02-05,15:00:01.055000,11554,11555,11554,1
2020-02-05,15:00:01.057000,11554,11555,11554,1
2020-02-05,15:00:01.249000,11553,11555,11553,1
2020-02-05,15:00:01.719000,11553,11554,11554,1
2020-02-05,15:00:01.793000,11553,11554,11554,1
2020-02-05,15:00:02.258000,11553,11554,11553,1
2020-02-05,15:00:02.287000,11553,11554,11553,1
2020-02-05,15:00:02.518000,11552,11553,11552,5
2020-02-05,15:00:03.479000,11552,11553,11552,1
2020-02-05,15:00:03.656000,11552,11553,11552,1
2020-02-05,15:00:03.894000,11552,11553,11552,1
2020-02-05,15:00:04.767000,11552,11553,11552,1
2020-02-05,15:00:04.799000,11552,11553,11553,5
2020-02-05,15:00:04.912000,11551,11553,11552,1
2020-02-05,15:00:05.656000,11551,11552,11552,5
2020-02-05,15:00:05.870000,11551,11552,11553,1
2020-02-05,15:00:06.049000,11552,11553,11553,2
2020-02-05,15:00:06.740000,11553,11554,11553,1
2020-02-05,15:00:07.403000,11553,11554,11553,1
2020-02-05,15:00:07.712000,11553,11554,11554,5
2020-02-05,15:00:08.322000,11553,11554,11554,5
2020-02-05,15:00:09.739000,11553,11554,11553,3
2020-02-05,15:00:10.955000,11552,11554,11554,1
2020-02-05,15:00:12.218000,11552,11554,11553,1
2020-02-05,15:00:14.575000,11552,11554,11552,12
2020-02-05,15:00:15.662000,11552,11553,11552,1
2020-02-05,15:00:15.787000,11552,11553,11552,3
2020-02-05,15:00:15.912000,11552,11553,11552,2
2020-02-05,15:00:16.648000,11552,11553,11553,1
2020-02-05,15:00:18.686000,11552,11553,11552,1
2020-02-05,15:00:20.587000,11552,11553,11552,1
2020-02-05,15:00:22.162000,11552,11553,11552,7
2020-02-05,15:00:25.061000,11551,11552,11552,1
2020-02-05,15:00:25.235000,11551,11552,11552,1
2020-02-05,15:00:25.744000,11551,11552,11552,1
2020-02-05,15:00:26.931000,11551,11552,11551,5
2020-02-05,15:00:27.231000,11551,11552,11551,1
2020-02-05,15:00:28.202000,11550,11552,11552,1
2020-02-05,15:00:28.708000,11550,11551,11550,1
2020-02-05,15:00:30.264000,11550,11551,11551,1
2020-02-05,15:00:30.862000,11551,11552,11552,3
2020-02-05,15:00:31.091000,11551,11552,11552,2
2020-02-05,15:00:31.326000,11551,11552,11551,1
2020-02-05,15:00:31.563000,11551,11552,11551,1
2020-02-05,15:00:34.441000,11551,11552,11551,1
2020-02-05,15:00:37.389000,11551,11552,11551,3
2020-02-05,15:00:38.859000,11551,11552,11551,1
2020-02-05,15:00:42.162000,11551,11552,11551,4
2020-02-05,15:00:48.478000,11550,11551,11551,4
2020-02-05,15:00:53.570000,11550,11551,11551,1
2020-02-05,15:00:53.866000,11550,11551,11551,5
2020-02-05,15:00:55.830000,11550,11551,11551,10
2020-02-05,15:00:56.037000,11550,11551,11551,3
2020-02-05,15:00:56.606000,11550,11551,11551,1
2020-02-05,15:00:58.787000,11551,11552,11551,2
2020-02-05,15:00:59.245000,11550,11551,11550,1
2020-02-05,15:01:00.100000,11550,11551,11550,1
2020-02-05,15:01:00.740000,11550,11551,11551,1
2020-02-05,15:01:01.501000,11550,11551,11551,1
2020-02-05,15:01:02.442000,11551,11552,11552,2
2020-02-05,15:01:02.544000,11551,11552,11552,1
2020-02-05,15:01:02.547000,11551,11552,11552,2
2020-02-05,15:01:02.552000,11551,11552,11552,1
2020-02-05,15:01:02.553000,11551,11552,11552,1
2020-02-05,15:01:02.553000,11551,11552,11553,1
2020-02-05,15:01:02.554000,11551,11552,11553,1
2020-02-05,15:01:02.554000,11551,11552,11553,1
2020-02-05,15:01:02.554000,11551,11552,11553,1
2020-02-05,15:01:02.555000,11551,11552,11553,1
2020-02-05,15:01:02.556000,11551,11552,11553,1
2020-02-05,15:01:02.556000,11551,11552,11553,5
2020-02-05,15:01:02.556000,11551,11552,11553,1
2020-02-05,15:01:02.556000,11551,11552,11553,1
2020-02-05,15:01:02.558000,11551,11552,11553,3
2020-02-05,15:01:02.660000,11551,11552,11552,1
2020-02-05,15:01:02.660000,11551,11552,11552,1
2020-02-05,15:01:04.162000,11552,11553,11552,1
2020-02-05,15:01:07.567000,11552,11553,11553,1
2020-02-05,15:01:10.071000,11552,11554,11554,15
2020-02-05,15:01:10.676000,11553,11554,11553,1
2020-02-05,15:01:10.843000,11553,11554,11554,1
2020-02-05,15:01:13.064000,11553,11554,11553,1
2020-02-05,15:01:16.809000,11553,11554,11554,1
2020-02-05,15:01:17.245000,11553,11554,11553,1
2020-02-05,15:01:17.846000,11553,11554,11553,1
2020-02-05,15:01:19.924000,11553,11554,11554,1
2020-02-05,15:01:20.183000,11553,11554,11554,1
2020-02-05,15:01:21.852000,11553,11554,11554,2
2020-02-05,15:01:22.569000,11553,11554,11553,1
2020-02-05,15:01:25.108000,11553,11554,11553,1
2020-02-05,15:01:25.477000,11553,11554,11554,1
2020-02-05,15:01:26.512000,11553,11554,11553,1
2020-02-05,15:01:28.355000,11553,11554,11554,1
2020-02-05,15:01:29.095000,11553,11554,11553,1
2020-02-05,15:01:29.564000,11553,11554,11554,2
2020-02-05,15:01:30.346000,11553,11554,11553,1
2020-02-05,15:01:33.615000,11552,11553,11553,2
2020-02-05,15:01:33.781000,11553,11554,11553,1
2020-02-05,15:01:45.354000,11552,11553,11553,1
2020-02-05,15:01:45.845000,11552,11553,11553,1
2020-02-05,15:01:50.628000,11552,11553,11553,1
2020-02-05,15:01:54.760000,11552,11553,11553,1
2020-02-05,15:01:59.990000,11552,11553,11552,2
2020-02-05,15:02:02.365000,11552,11553,11553,10
2020-02-05,15:02:02.459000,11552,11553,11553,10
2020-02-05,15:02:03.960000,11553,11554,11553,1
2020-02-05,15:02:05.118000,11553,11554,11553,1
2020-02-05,15:02:08.321000,11553,11554,11554,1
2020-02-05,15:02:12.361000,11553,11554,11554,1
2020-02-05,15:02:14.796000,11553,11554,11553,4
2020-02-05,15:02:17.005000,11553,11554,11554,1
2020-02-05,15:02:17.322000,11553,11554,11554,10
2020-02-05,15:02:20.371000,11553,11554,11554,7
2020-02-05,15:02:20.412000,11553,11554,11554,27
2020-02-05,15:02:20.432000,11553,11554,11554,1
2020-02-05,15:02:20.662000,11554,11555,11555,1
2020-02-05,15:02:22.585000,11554,11555,11555,1
2020-02-05,15:02:22.722000,11554,11555,11554,1
2020-02-05,15:02:23.187000,11554,11555,11555,1
2020-02-05,15:02:25.935000,11554,11555,11555,1
2020-02-05,15:02:27.848000,11554,11555,11555,5
2020-02-05,15:02:28.320000,11554,11555,11555,1
2020-02-05,15:02:28.398000,11554,11555,11555,6
2020-02-05,15:02:29.108000,11554,11555,11555,4
2020-02-05,15:02:29.122000,11554,11555,11555,4
2020-02-05,15:02:29.128000,11554,11555,11555,8
2020-02-05,15:02:29.162000,11554,11555,11555,14
2020-02-05,15:02:29.162000,11554,11555,11555,2
2020-02-05,15:02:29.163000,11554,11555,11555,1
2020-02-05,15:02:29.632000,11555,11556,11555,1
2020-02-05,15:02:29.879000,11555,11556,11555,1
2020-02-05,15:02:30.182000,11555,11556,11555,1
2020-02-05,15:02:31.251000,11555,11556,11556,2
2020-02-05,15:02:34.049000,11555,11556,11556,1
2020-02-05,15:02:34.111000,11555,11556,11556,1
2020-02-05,15:02:34.284000,11555,11556,11556,5
2020-02-05,15:02:34.635000,11555,11556,11556,1
2020-02-05,15:02:34.821000,11555,11556,11556,1
2020-02-05,15:02:37.461000,11555,11556,11556,14
2020-02-05,15:02:38.108000,11556,11557,11556,1
2020-02-05,15:02:38.861000,11556,11557,11556,1
2020-02-05,15:02:39.590000,11556,11557,11556,1
2020-02-05,15:02:42.637000,11556,11557,11557,1
2020-02-05,15:02:44.510000,11556,11557,11557,5
2020-02-05,15:02:44.671000,11556,11557,11557,1
2020-02-05,15:02:46.269000,11556,11557,11557,3
2020-02-05,15:02:46.999000,11556,11557,11557,1
2020-02-05,15:02:47.488000,11556,11557,11557,1
2020-02-05,15:02:48.087000,11556,11557,11557,2
2020-02-05,15:02:48.441000,11556,11557,11557,5
2020-02-05,15:02:50.866000,11556,11557,11557,2
2020-02-05,15:02:52.149000,11556,11557,11557,1
2020-02-05,15:02:52.483000,11556,11557,11557,3
2020-02-05,15:02:52.483000,11556,11557,11558,1
2020-02-05,15:02:52.544000,11556,11558,11556,1
2020-02-05,15:02:53.173000,11557,11558,11558,1
2020-02-05,15:02:53.181000,11557,11558,11557,1
2020-02-05,15:02:53.674000,11557,11558,11558,1
2020-02-05,15:02:54.348000,11557,11558,11558,1
2020-02-05,15:02:54.642000,11557,11558,11558,1
2020-02-05,15:02:55.075000,11557,11558,11558,1
2020-02-05,15:02:55.288000,11557,11558,11558,3
2020-02-05,15:02:55.688000,11557,11558,11557,1
2020-02-05,15:02:56.207000,11556,11558,11556,1
2020-02-05,15:02:56.704000,11557,11558,11558,1
2020-02-05,15:02:56.714000,11557,11558,11557,1
2020-02-05,15:02:59.341000,11557,11558,11558,1
2020-02-05,15:02:59.896000,11557,11558,11558,1
2020-02-05,15:03:00.401000,11557,11558,11557,1
2020-02-05,15:03:02.148000,11557,11558,11558,10
2020-02-05,15:03:02.339000,11557,11558,11558,9
2020-02-05,15:03:03.413000,11557,11558,11557,1
2020-02-05,15:03:04.795000,11557,11558,11558,2
2020-02-05,15:03:04.946000,11557,11558,11557,1
2020-02-05,15:03:05.424000,11557,11558,11558,2
2020-02-05,15:03:06.861000,11557,11558,11558,1
2020-02-05,15:03:07.787000,11557,11558,11557,10
2020-02-05,15:03:08.020000,11556,11558,11557,2
2020-02-05,15:03:08.372000,11556,11557,11557,1
2020-02-05,15:03:08.589000,11556,11557,11557,1
2020-02-05,15:03:11.368000,11556,11557,11556,18
2020-02-05,15:03:13.494000,11555,11556,11556,1
2020-02-05,15:03:15.732000,11555,11556,11556,1
2020-02-05,15:03:15.732000,11555,11556,11556,3
2020-02-05,15:03:15.733000,11555,11556,11556,1
2020-02-05,15:03:15.733000,11555,11556,11556,1
2020-02-05,15:03:16.798000,11556,11557,11557,5
2020-02-05,15:03:21.441000,11556,11557,11556,1
2020-02-05,15:03:23.177000,11556,11557,11556,1
2020-02-05,15:03:24.335000,11556,11557,11556,1
2020-02-05,15:03:25.171000,11556,11557,11556,1
2020-02-05,15:03:28.342000,11556,11557,11557,6
2020-02-05,15:03:28.342000,11556,11557,11558,6
2020-02-05,15:03:32.959000,11557,11558,11557,1
2020-02-05,15:03:38.230000,11557,11558,11557,1
2020-02-05,15:03:38.482000,11557,11558,11557,1
2020-02-05,15:03:39.246000,11557,11558,11557,1
2020-02-05,15:03:44.748000,11556,11557,11557,1
2020-02-05,15:03:46.804000,11556,11557,11556,1
2020-02-05,15:03:47.335000,11556,11557,11557,1
2020-02-05,15:03:48.675000,11556,11557,11556,1
2020-02-05,15:03:54.912000,11556,11557,11556,2
2020-02-05,15:03:58.838000,11555,11557,11557,1
2020-02-05,15:03:59.942000,11556,11557,11557,1
2020-02-05,15:04:02.009000,11556,11557,11557,1
2020-02-05,15:04:02.324000,11556,11557,11557,9
2020-02-05,15:04:02.324000,11556,11557,11557,1
2020-02-05,15:04:02.420000,11556,11557,11557,1
2020-02-05,15:04:04.732000,11556,11557,11557,1
2020-02-05,15:04:10.328000,11556,11557,11556,1
2020-02-05,15:04:12.912000,11556,11557,11556,2
2020-02-05,15:04:19.039000,11556,11557,11556,11
2020-02-05,15:04:24.232000,11555,11556,11555,1
2020-02-05,15:04:25.162000,11555,11556,11555,10
2020-02-05,15:04:25.588000,11554,11555,11555,1
2020-02-05,15:04:27.925000,11554,11555,11555,4
2020-02-05,15:04:35.810000,11554,11555,11555,1
2020-02-05,15:04:38.835000,11555,11556,11555,2
2020-02-05,15:04:39.742000,11554,11555,11555,1
2020-02-05,15:04:47.957000,11554,11555,11554,1
2020-02-05,15:04:48.122000,11554,11555,11554,1
2020-02-05,15:04:48.294000,11554,11555,11554,1
2020-02-05,15:04:50.066000,11554,11555,11555,2
2020-02-05,15:04:51.287000,11554,11555,11554,4
2020-02-05,15:04:51.405000,11554,11555,11554,1
2020-02-05,15:04:51.412000,11554,11555,11554,1
2020-02-05,15:04:57.791000,11553,11554,11553,1
2020-02-05,15:04:57.950000,11553,11554,11553,1
2020-02-05,15:04:58.054000,11553,11554,11553,1
2020-02-05,15:04:58.089000,11553,11554,11553,1
2020-02-05,15:04:58.923000,11553,11554,11553,1
2020-02-05,15:05:03.963000,11553,11554,11554,1
2020-02-05,15:05:04.039000,11553,11555,11554,1
2020-02-05,15:05:04.071000,11553,11555,11555,1
2020-02-05,15:05:17.290000,11553,11555,11553,1
2020-02-05,15:05:23.106000,11554,11555,11555,2
2020-02-05,15:05:23.915000,11554,11555,11554,1
2020-02-05,15:05:25.714000,11554,11555,11554,1
2020-02-05,15:05:33.075000,11554,11555,11554,1
2020-02-05,15:05:34.984000,11554,11555,11554,1
2020-02-05,15:05:39.570000,11554,11555,11554,1
2020-02-05,15:05:40.382000,11554,11555,11554,1
2020-02-05,15:05:42.508000,11554,11555,11554,1
2020-02-05,15:05:47.860000,11553,11554,11553,4
2020-02-05,15:05:49.287000,11553,11554,11553,3
2020-02-05,15:05:51.507000,11552,11554,11552,1
2020-02-05,15:05:56.267000,11552,11553,11552,1
2020-02-05,15:05:56.267000,11552,11553,11552,1
2020-02-05,15:05:56.268000,11552,11553,11552,1
2020-02-05,15:05:56.268000,11552,11553,11552,2
2020-02-05,15:05:56.268000,11552,11553,11552,4
2020-02-05,15:05:56.268000,11552,11553,11552,3
2020-02-05,15:05:56.268000,11552,11553,11552,4
2020-02-05,15:05:56.579000,11551,11552,11551,3
2020-02-05,15:05:59.412000,11551,11552,11551,8
2020-02-05,15:05:59.537000,11551,11552,11551,1
2020-02-05,15:06:01.171000,11550,11551,11550,1
2020-02-05,15:06:01.304000,11550,11551,11550,1
2020-02-05,15:06:03.178000,11550,11551,11550,1
2020-02-05,15:06:04.722000,11550,11551,11550,1
2020-02-05,15:06:04.764000,11550,11551,11550,1
2020-02-05,15:06:05.984000,11550,11551,11550,5
2020-02-05,15:06:10.097000,11550,11551,11550,2
2020-02-05,15:06:11.152000,11550,11551,11551,1
2020-02-05,15:06:16.506000,11550,11551,11550,5
2020-02-05,15:06:16.537000,11550,11551,11550,2
2020-02-05,15:06:16.538000,11550,11551,11550,2
2020-02-05,15:06:16.538000,11550,11551,11550,1
2020-02-05,15:06:20.500000,11550,11551,11550,1
2020-02-05,15:06:21.037000,11550,11551,11550,1
2020-02-05,15:06:21.907000,11549,11550,11550,1
2020-02-05,15:06:22.333000,11549,11550,11550,1
2020-02-05,15:06:24.367000,11549,11550,11549,1
2020-02-05,15:06:24.575000,11549,11550,11550,4
2020-02-05,15:06:29.879000,11550,11551,11550,7
2020-02-05,15:06:36.249000,11550,11551,11550,1
2020-02-05,15:06:37.218000,11550,11551,11550,4
2020-02-05,15:06:40.793000,11549,11550,11550,1
2020-02-05,15:06:41.197000,11550,11551,11550,1
2020-02-05,15:06:42.621000,11550,11551,11550,1
2020-02-05,15:06:44.970000,11550,11551,11550,2
2020-02-05,15:06:46.198000,11550,11551,11550,4
2020-02-05,15:06:49.057000,11550,11551,11550,1
2020-02-05,15:06:51.189000,11550,11551,11550,1
2020-02-05,15:06:55.131000,11550,11551,11550,1
2020-02-05,15:06:57.402000,11550,11551,11550,1
2020-02-05,15:06:58.710000,11550,11551,11550,3
2020-02-05,15:07:01.156000,11550,11551,11550,1
2020-02-05,15:07:02.388000,11550,11551,11551,8
2020-02-05,15:07:03.899000,11550,11551,11551,1
2020-02-05,15:07:03.953000,11551,11552,11551,1
2020-02-05,15:07:04.374000,11551,11552,11551,1
2020-02-05,15:07:09.644000,11550,11551,11550,2
2020-02-05,15:07:09.644000,11550,11551,11550,5
2020-02-05,15:07:09.891000,11549,11550,11550,1
2020-02-05,15:07:09.893000,11549,11550,11550,1
2020-02-05,15:07:10.139000,11549,11550,11550,1
2020-02-05,15:07:18.824000,11549,11550,11549,1
2020-02-05,15:07:29.332000,11549,11550,11549,4
2020-02-05,15:07:43.360000,11549,11550,11549,1
2020-02-05,15:07:47.597000,11549,11550,11549,3
2020-02-05,15:07:48.079000,11549,11550,11549,1
2020-02-05,15:07:48.271000,11549,11550,11549,1
2020-02-05,15:07:54.246000,11549,11550,11549,4
2020-02-05,15:08:00.697000,11549,11550,11550,3
2020-02-05,15:08:07.787000,11549,11550,11550,19
2020-02-05,15:08:08.611000,11550,11551,11551,2
2020-02-05,15:08:10.980000,11551,11552,11551,1
2020-02-05,15:08:16.979000,11551,11552,11551,1
2020-02-05,15:08:22.133000,11551,11552,11551,1
2020-02-05,15:08:23.840000,11551,11552,11552,9
2020-02-05,15:08:25.611000,11552,11553,11552,1
2020-02-05,15:08:25.767000,11552,11553,11553,2
2020-02-05,15:08:26.652000,11552,11553,11553,2
2020-02-05,15:08:28.565000,11552,11554,11552,1
2020-02-05,15:08:29.535000,11552,11553,11553,2
2020-02-05,15:08:30.730000,11552,11554,11552,1
2020-02-05,15:08:37.786000,11553,11554,11553,1
2020-02-05,15:08:38.138000,11553,11554,11553,8
2020-02-05,15:08:38.289000,11552,11553,11552,2
2020-02-05,15:08:39.424000,11552,11553,11553,1
2020-02-05,15:08:45.654000,11552,11553,11553,4
2020-02-05,15:08:52.221000,11553,11554,11553,1
2020-02-05,15:09:04.602000,11552,11553,11553,5
2020-02-05,15:09:08.522000,11552,11553,11553,2
2020-02-05,15:09:30.075000,11552,11553,11553,2
2020-02-05,15:09:36.519000,11552,11553,11552,1
2020-02-05,15:09:44.556000,11552,11553,11553,1
2020-02-05,15:09:56.568000,11552,11553,11553,1
2020-02-05,15:10:00.392000,11552,11553,11552,1
2020-02-05,15:10:06.576000,11552,11553,11552,11
2020-02-05,15:10:07.665000,11552,11553,11553,1
2020-02-05,15:10:08.083000,11552,11553,11553,1
2020-02-05,15:10:13.518000,11552,11553,11552,8
2020-02-05,15:10:19.185000,11551,11552,11552,1
2020-02-05,15:10:23.684000,11551,11552,11552,1
2020-02-05,15:10:23.684000,11551,11552,11552,1
2020-02-05,15:10:28.322000,11552,11553,11552,1
2020-02-05,15:10:33.551000,11552,11553,11553,1
2020-02-05,15:10:58.976000,11552,11553,11552,2
2020-02-05,15:11:02.638000,11552,11553,11552,1
2020-02-05,15:11:06.242000,11552,11553,11552,1
2020-02-05,15:11:15.412000,11551,11552,11551,3
2020-02-05,15:11:15.537000,11551,11552,11551,3
2020-02-05,15:11:20.585000,11550,11551,11550,1
2020-02-05,15:11:24.607000,11550,11551,11550,1
2020-02-05,15:11:25.266000,11550,11551,11550,2
2020-02-05,15:11:34.085000,11550,11551,11550,1
2020-02-05,15:11:47.968000,11550,11551,11550,2
2020-02-05,15:12:03.446000,11550,11551,11550,2
2020-02-05,15:12:04.774000,11550,11551,11550,1
2020-02-05,15:12:04.796000,11550,11551,11550,1
2020-02-05,15:12:19.121000,11550,11551,11550,1
2020-02-05,15:12:21.378000,11550,11551,11550,1
2020-02-05,15:12:24.467000,11550,11551,11550,5
2020-02-05,15:12:25.156000,11550,11551,11550,4
2020-02-05,15:12:30.124000,11549,11550,11549,1
2020-02-05,15:12:37.538000,11549,11550,11549,1
2020-02-05,15:12:43.176000,11549,11550,11549,1
2020-02-05,15:12:51.631000,11549,11550,11549,5
2020-02-05,15:12:51.662000,11549,11550,11549,2
2020-02-05,15:12:51.662000,11549,11550,11549,3
2020-02-05,15:12:51.662000,11549,11550,11549,2
2020-02-05,15:12:51.663000,11549,11550,11549,1
2020-02-05,15:12:51.663000,11549,11550,11549,2
2020-02-05,15:12:51.663000,11549,11550,11549,2
2020-02-05,15:13:00.943000,11548,11549,11548,1
2020-02-05,15:13:01.047000,11548,11549,11548,1
2020-02-05,15:13:01.148000,11548,11549,11548,1
2020-02-05,15:13:01.646000,11548,11549,11548,1
2020-02-05,15:13:01.955000,11548,11549,11549,4
2020-02-05,15:13:02.062000,11548,11549,11548,1
2020-02-05,15:13:03.701000,11548,11549,11548,1
2020-02-05,15:13:03.980000,11548,11549,11548,1
2020-02-05,15:13:15.411000,11547,11548,11547,5
2020-02-05,15:13:15.478000,11547,11548,11547,1
2020-02-05,15:13:15.878000,11547,11548,11548,2
2020-02-05,15:13:17.475000,11547,11548,11547,2
2020-02-05,15:13:17.744000,11546,11548,11546,1
2020-02-05,15:13:17.817000,11546,11548,11546,1
2020-02-05,15:13:19.861000,11547,11548,11547,1
2020-02-05,15:13:19.861000,11547,11548,11546,1
2020-02-05,15:13:22.447000,11546,11548,11546,1
2020-02-05,15:13:25.664000,11546,11548,11546,1
2020-02-05,15:13:27.878000,11546,11547,11546,2
2020-02-05,15:13:28.200000,11546,11547,11546,1
2020-02-05,15:13:30.557000,11546,11547,11546,1
2020-02-05,15:13:30.715000,11546,11547,11547,5
2020-02-05,15:13:31.030000,11546,11548,11546,10
2020-02-05,15:13:32.068000,11546,11547,11546,5
2020-02-05,15:13:32.228000,11546,11547,11546,1
2020-02-05,15:13:32.692000,11546,11547,11546,1
2020-02-05,15:13:34.697000,11545,11546,11545,8
2020-02-05,15:13:34.985000,11545,11546,11545,1
2020-02-05,15:13:36.282000,11545,11546,11545,4
2020-02-05,15:13:36.285000,11545,11546,11545,4
2020-02-05,15:13:36.287000,11545,11546,11545,8
2020-02-05,15:13:36.288000,11545,11546,11545,4
2020-02-05,15:13:36.288000,11545,11546,11544,4
2020-02-05,15:13:36.401000,11545,11546,11544,4
2020-02-05,15:13:36.416000,11544,11545,11544,1
2020-02-05,15:13:36.416000,11544,11545,11543,3
2020-02-05,15:13:36.421000,11544,11545,11543,8
2020-02-05,15:13:36.709000,11543,11544,11543,1
2020-02-05,15:13:36.782000,11543,11544,11543,1
2020-02-05,15:13:36.850000,11543,11544,11543,5
2020-02-05,15:13:37.316000,11542,11543,11542,1
2020-02-05,15:13:37.447000,11542,11543,11542,2
2020-02-05,15:13:37.710000,11542,11543,11542,1
2020-02-05,15:13:37.725000,11542,11543,11542,1
2020-02-05,15:13:37.832000,11542,11543,11543,1
2020-02-05,15:13:38.139000,11542,11543,11542,1
2020-02-05,15:13:38.448000,11542,11543,11542,1
2020-02-05,15:13:39.260000,11542,11543,11542,1
2020-02-05,15:13:39.895000,11542,11544,11544,1
2020-02-05,15:13:41.951000,11542,11544,11543,3
2020-02-05,15:13:43.815000,11543,11545,11543,1
2020-02-05,15:13:46.784000,11544,11545,11544,2
2020-02-05,15:13:49.912000,11544,11545,11544,1
2020-02-05,15:13:50.619000,11543,11545,11545,1
2020-02-05,15:13:50.748000,11543,11545,11543,17
2020-02-05,15:13:50.749000,11543,11545,11543,1
2020-02-05,15:13:50.749000,11543,11545,11543,1
2020-02-05,15:13:50.749000,11543,11545,11543,1
2020-02-05,15:13:50.749000,11543,11545,11543,3
2020-02-05,15:13:50.749000,11543,11545,11543,1
2020-02-05,15:13:50.749000,11543,11545,11543,1
2020-02-05,15:13:52.192000,11542,11544,11544,1
2020-02-05,15:13:52.470000,11542,11544,11544,1
2020-02-05,15:13:53.152000,11543,11544,11543,1
2020-02-05,15:13:55.370000,11544,11545,11544,1
2020-02-05,15:13:58.110000,11544,11545,11544,1
2020-02-05,15:14:05.255000,11543,11544,11544,1
2020-02-05,15:14:07.162000,11543,11544,11544,1
2020-02-05,15:14:09.288000,11543,11544,11544,1
2020-02-05,15:14:10.532000,11544,11545,11544,1
2020-02-05,15:14:11.447000,11543,11545,11544,1
2020-02-05,15:14:11.447000,11543,11545,11543,2
2020-02-05,15:14:13.787000,11543,11544,11544,1
2020-02-05,15:14:15.032000,11544,11545,11545,1
2020-02-05,15:14:15.412000,11544,11545,11545,5
2020-02-05,15:14:16.649000,11544,11546,11544,1
2020-02-05,15:14:17.438000,11544,11546,11544,1
2020-02-05,15:14:20.466000,11544,11546,11544,1
2020-02-05,15:14:26.019000,11544,11545,11544,1
2020-02-05,15:14:27.526000,11544,11545,11544,5
2020-02-05,15:14:32.926000,11543,11544,11544,1
2020-02-05,15:14:37.897000,11544,11545,11544,1
2020-02-05,15:14:37.897000,11544,11545,11543,1
2020-02-05,15:14:43.412000,11544,11545,11544,1
2020-02-05,15:14:45.321000,11543,11545,11543,1
2020-02-05,15:14:48.646000,11543,11545,11543,2
2020-02-05,15:14:51.892000,11544,11545,11545,10
2020-02-05,15:15:00.123000,11544,11545,11545,2
2020-02-05,15:15:00.123000,11544,11545,11545,1
2020-02-05,15:15:00.315000,11545,11546,11545,1
2020-02-05,15:15:00.326000,11545,11546,11545,4
2020-02-05,15:15:00.600000,11544,11546,11544,1
2020-02-05,15:15:06.887000,11545,11546,11546,1
2020-02-05,15:15:07.285000,11545,11546,11546,1
2020-02-05,15:15:07.537000,11545,11546,11545,1
2020-02-05,15:15:07.609000,11545,11546,11546,2
2020-02-05,15:15:08.224000,11544,11546,11546,1
2020-02-05,15:15:10.108000,11544,11545,11544,2
2020-02-05,15:15:10.257000,11543,11544,11543,3
2020-02-05,15:15:15.720000,11543,11544,11544,2
2020-02-05,15:15:17.902000,11543,11544,11544,1
2020-02-05,15:15:21.289000,11543,11544,11543,25
2020-02-05,15:15:24.037000,11543,11544,11543,1
2020-02-05,15:15:25.378000,11543,11544,11544,1
2020-02-05,15:15:32.431000,11543,11544,11544,2
2020-02-05,15:15:36.654000,11543,11544,11544,1
2020-02-05,15:15:43.817000,11543,11544,11544,1
2020-02-05,15:15:53.565000,11543,11544,11544,1
2020-02-05,15:16:22.626000,11543,11544,11543,1
2020-02-05,15:16:22.749000,11543,11544,11543,1
2020-02-05,15:16:31.705000,11543,11544,11544,2
2020-02-05,15:16:48.272000,11543,11544,11544,1
2020-02-05,15:16:48.295000,11543,11544,11544,1
2020-02-05,15:16:48.296000,11543,11544,11544,2
2020-02-05,15:16:48.304000,11543,11544,11544,2
2020-02-05,15:16:48.305000,11543,11544,11544,2
2020-02-05,15:16:48.307000,11543,11544,11544,2
2020-02-05,15:16:48.307000,11543,11544,11544,2
2020-02-05,15:16:48.307000,11543,11544,11544,2
2020-02-05,15:16:48.308000,11543,11544,11544,4
2020-02-05,15:16:48.309000,11543,11544,11544,1
2020-02-05,15:16:48.309000,11543,11544,11545,1
2020-02-05,15:16:48.310000,11543,11544,11545,2
2020-02-05,15:16:48.310000,11543,11544,11545,2
2020-02-05,15:16:48.311000,11543,11544,11545,2
2020-02-05,15:17:01.896000,11544,11545,11545,1
2020-02-05,15:17:02.787000,11544,11545,11545,2
2020-02-05,15:17:04.056000,11545,11546,11545,1
2020-02-05,15:17:11.830000,11545,11546,11546,3
2020-02-05,15:17:13.162000,11546,11547,11547,1
2020-02-05,15:17:18.339000,11546,11547,11546,1
2020-02-05,15:17:27.704000,11546,11547,11547,1
2020-02-05,15:17:29.845000,11546,11547,11546,1
2020-02-05,15:17:31.959000,11546,11547,11546,8
2020-02-05,15:17:31.987000,11546,11547,11546,1
2020-02-05,15:17:38.312000,11545,11546,11545,1
2020-02-05,15:17:39.560000,11544,11546,11546,2
2020-02-05,15:17:57.428000,11545,11546,11546,1
2020-02-05,15:18:00.038000,11545,11546,11545,2
2020-02-05,15:18:00.456000,11544,11545,11545,1
2020-02-05,15:18:01.211000,11544,11545,11545,3
2020-02-05,15:18:01.474000,11544,11545,11545,1
2020-02-05,15:18:05.408000,11544,11545,11545,1
2020-02-05,15:18:05.752000,11544,11545,11544,1
2020-02-05,15:18:13.381000,11544,11545,11544,2
2020-02-05,15:18:26.913000,11543,11544,11543,1
2020-02-05,15:18:35.056000,11543,11544,11543,15
2020-02-05,15:18:35.056000,11543,11544,11542,5
2020-02-05,15:18:38.703000,11542,11543,11542,1
2020-02-05,15:18:44.961000,11542,11543,11542,2
2020-02-05,15:18:47.222000,11542,11543,11542,20
2020-02-05,15:18:49.319000,11542,11543,11542,2
2020-02-05,15:18:49.426000,11542,11543,11542,1
2020-02-05,15:18:51.533000,11542,11543,11542,2
2020-02-05,15:18:51.742000,11542,11543,11542,1
2020-02-05,15:18:52.163000,11542,11543,11543,6
2020-02-05,15:18:52.620000,11543,11544,11544,1
2020-02-05,15:18:52.621000,11543,11544,11544,1
2020-02-05,15:19:00.086000,11543,11544,11544,2
2020-02-05,15:19:00.275000,11543,11544,11543,2
2020-02-05,15:19:04.748000,11543,11544,11543,1
2020-02-05,15:19:12.726000,11543,11544,11543,1
2020-02-05,15:19:13.287000,11543,11544,11544,7
2020-02-05,15:19:13.412000,11543,11544,11544,9
2020-02-05,15:19:13.412000,11543,11544,11544,2
2020-02-05,15:19:13.412000,11543,11544,11544,2
2020-02-05,15:19:13.772000,11544,11545,11544,1
2020-02-05,15:19:15.510000,11544,11545,11544,5
2020-02-05,15:19:17.413000,11544,11545,11545,1
2020-02-05,15:19:17.537000,11544,11545,11545,1
2020-02-05,15:19:19.221000,11545,11546,11545,1
2020-02-05,15:19:19.926000,11545,11546,11546,2
2020-02-05,15:19:21.262000,11545,11547,11545,1
2020-02-05,15:19:44.093000,11545,11546,11545,1
2020-02-05,15:19:49.412000,11545,11546,11546,3
2020-02-05,15:19:50.759000,11546,11547,11546,1
2020-02-05,15:20:00.932000,11545,11546,11546,1
2020-02-05,15:20:11.974000,11545,11546,11546,3
2020-02-05,15:20:13.228000,11545,11546,11546,3
2020-02-05,15:20:15.598000,11545,11546,11545,15
2020-02-05,15:20:16.740000,11544,11545,11545,3
2020-02-05,15:20:32.441000,11544,11545,11544,1
2020-02-05,15:20:32.821000,11544,11545,11545,1
2020-02-05,15:20:42.057000,11544,11545,11545,1
2020-02-05,15:20:45.231000,11544,11545,11545,12
2020-02-05,15:21:04.872000,11545,11546,11546,1
2020-02-05,15:21:10.582000,11545,11546,11546,5
2020-02-05,15:21:13.585000,11545,11546,11546,2
2020-02-05,15:21:20.055000,11546,11547,11546,1
2020-02-05,15:21:32.449000,11546,11547,11546,2
2020-02-05,15:21:44.162000,11545,11546,11546,3
2020-02-05,15:21:44.287000,11545,11546,11546,1
2020-02-05,15:21:46.391000,11546,11547,11546,1
2020-02-05,15:21:46.769000,11546,11547,11546,1
2020-02-05,15:22:01.336000,11546,11547,11547,20
2020-02-05,15:22:05.459000,11546,11547,11547,4
2020-02-05,15:22:06.446000,11546,11547,11547,1
2020-02-05,15:22:07.183000,11546,11547,11547,3
2020-02-05,15:22:13.462000,11547,11548,11547,1
2020-02-05,15:22:13.462000,11547,11548,11546,1
2020-02-05,15:22:14.038000,11546,11547,11547,1
2020-02-05,15:22:18.576000,11545,11547,11547,1
2020-02-05,15:22:22.115000,11546,11547,11547,1
2020-02-05,15:22:27.320000,11546,11547,11547,1
2020-02-05,15:22:30.587000,11546,11547,11547,1
2020-02-05,15:22:31.666000,11546,11547,11546,1
2020-02-05,15:22:33.491000,11545,11546,11546,1
2020-02-05,15:22:49.770000,11545,11546,11546,1
2020-02-05,15:22:55.220000,11545,11546,11546,2
2020-02-05,15:23:23.709000,11545,11546,11545,1
2020-02-05,15:23:31.412000,11545,11546,11545,9
2020-02-05,15:23:36.147000,11544,11545,11544,1
2020-02-05,15:23:36.659000,11544,11545,11544,3
2020-02-05,15:23:38.288000,11543,11544,11543,1
2020-02-05,15:23:38.663000,11542,11543,11542,4
2020-02-05,15:23:38.788000,11542,11543,11542,2
2020-02-05,15:23:47.189000,11541,11542,11542,1
2020-02-05,15:23:47.347000,11541,11542,11541,1
2020-02-05,15:23:53.374000,11541,11542,11542,1
2020-02-05,15:23:54.851000,11541,11542,11542,1
2020-02-05,15:23:56.289000,11541,11542,11541,1
2020-02-05,15:23:57.162000,11541,11542,11542,2
2020-02-05,15:23:57.671000,11542,11543,11542,1
2020-02-05,15:23:58.069000,11542,11543,11542,2
2020-02-05,15:23:59.184000,11542,11543,11542,1
2020-02-05,15:24:09.150000,11542,11543,11542,1
2020-02-05,15:24:19.258000,11542,11543,11542,1
2020-02-05,15:24:20.869000,11542,11543,11542,3
2020-02-05,15:24:25.330000,11542,11543,11543,3
2020-02-05,15:24:25.613000,11542,11544,11543,1
2020-02-05,15:24:26.902000,11543,11544,11543,1
2020-02-05,15:24:27.069000,11543,11544,11543,1
2020-02-05,15:24:31.619000,11543,11544,11543,1
2020-02-05,15:24:40.262000,11543,11544,11543,1
2020-02-05,15:24:55.815000,11543,11544,11543,1
2020-02-05,15:24:56.015000,11543,11544,11543,4
2020-02-05,15:24:57.633000,11542,11543,11543,1
2020-02-05,15:24:58.597000,11542,11543,11543,1
2020-02-05,15:25:03.060000,11542,11543,11543,1
2020-02-05,15:25:05.556000,11542,11543,11542,2
2020-02-05,15:25:06.358000,11542,11543,11543,1
2020-02-05,15:25:08.432000,11542,11543,11542,3
2020-02-05,15:25:15.742000,11542,11544,11542,1
2020-02-05,15:25:16.625000,11543,11544,11543,1
2020-02-05,15:25:27.252000,11543,11544,11544,1
2020-02-05,15:25:27.805000,11543,11544,11543,1
2020-02-05,15:25:39.958000,11544,11545,11544,1
2020-02-05,15:25:53.432000,11544,11545,11544,2
2020-02-05,15:26:00.551000,11544,11545,11544,3
2020-02-05,15:26:00.551000,11544,11545,11543,2
2020-02-05,15:26:01.669000,11543,11544,11544,1
2020-02-05,15:26:04.287000,11543,11544,11543,1
2020-02-05,15:26:08.630000,11543,11544,11543,1
2020-02-05,15:26:10.585000,11542,11543,11543,1
2020-02-05,15:26:18.336000,11543,11544,11543,1
2020-02-05,15:26:46.951000,11543,11544,11543,1
2020-02-05,15:26:47.036000,11543,11544,11544,1
2020-02-05,15:26:58.016000,11543,11544,11544,1
2020-02-05,15:27:01.875000,11543,11544,11544,1
2020-02-05,15:27:10.807000,11543,11545,11543,4
2020-02-05,15:27:25.607000,11543,11544,11544,1
2020-02-05,15:28:07.698000,11545,11546,11545,1
2020-02-05,15:28:13.564000,11545,11546,11546,5
2020-02-05,15:28:41.185000,11545,11546,11546,2
2020-02-05,15:29:15.573000,11545,11546,11546,1
2020-02-05,15:29:23.290000,11545,11546,11545,1
2020-02-05,15:29:23.587000,11545,11546,11545,1
2020-02-05,15:29:39.135000,11545,11546,11545,1
2020-02-05,15:29:59.412000,11545,11546,11545,1
2020-02-05,15:30:08.965000,11544,11545,11544,2
2020-02-05,15:30:09.302000,11543,11544,11543,2
2020-02-05,15:30:09.339000,11543,11544,11543,5
2020-02-05,15:30:09.339000,11543,11544,11543,1
2020-02-05,15:30:09.339000,11543,11544,11543,3
2020-02-05,15:30:09.723000,11542,11543,11542,1
2020-02-05,15:30:09.762000,11542,11543,11543,1
2020-02-05,15:30:09.772000,11542,11543,11543,1
2020-02-05,15:30:09.792000,11542,11543,11543,1
2020-02-05,15:30:09.810000,11542,11543,11543,1
2020-02-05,15:30:10.099000,11542,11543,11543,1
2020-02-05,15:30:38.162000,11542,11543,11542,6
2020-02-05,15:30:38.162000,11542,11543,11542,3
2020-02-05,15:30:38.162000,11542,11543,11542,5
2020-02-05,15:30:38.162000,11542,11543,11542,9
2020-02-05,15:30:38.163000,11542,11543,11542,1
2020-02-05,15:30:38.187000,11542,11543,11542,3
2020-02-05,15:30:38.204000,11542,11543,11542,1
2020-02-05,15:30:38.204000,11542,11543,11542,1
2020-02-05,15:30:38.205000,11542,11543,11542,3
2020-02-05,15:30:38.412000,11541,11542,11541,1
2020-02-05,15:30:38.811000,11541,11542,11542,1
2020-02-05,15:30:38.819000,11541,11542,11541,2
2020-02-05,15:30:38.948000,11541,11542,11542,1
2020-02-05,15:30:38.950000,11541,11542,11541,3
2020-02-05,15:30:38.982000,11541,11542,11541,2
2020-02-05,15:30:40.301000,11541,11542,11541,1
2020-02-05,15:30:40.677000,11541,11542,11541,2
2020-02-05,15:30:40.900000,11541,11542,11541,1
2020-02-05,15:30:44.568000,11541,11542,11541,1
2020-02-05,15:30:45.522000,11541,11542,11542,1
2020-02-05,15:30:45.522000,11541,11542,11542,5
2020-02-05,15:30:45.522000,11541,11542,11542,10
2020-02-05,15:30:45.594000,11542,11543,11542,1
2020-02-05,15:30:45.636000,11542,11543,11542,1
2020-02-05,15:30:46.133000,11542,11543,11542,5
2020-02-05,15:30:47.183000,11542,11543,11542,1
2020-02-05,15:30:49.364000,11542,11543,11542,1
2020-02-05,15:30:56.608000,11542,11543,11542,1
2020-02-05,15:30:59.704000,11542,11543,11542,2
2020-02-05,15:31:02.913000,11542,11543,11542,4
2020-02-05,15:31:02.913000,11542,11543,11542,8
2020-02-05,15:31:03.413000,11541,11542,11542,1
2020-02-05,15:31:10.699000,11541,11542,11541,5
2020-02-05,15:31:11.713000,11541,11542,11542,1
2020-02-05,15:31:11.783000,11541,11542,11541,1
2020-02-05,15:31:12.035000,11541,11542,11541,1
2020-02-05,15:31:14.115000,11541,11542,11541,1
2020-02-05,15:31:31.182000,11540,11541,11541,1
2020-02-05,15:31:33.619000,11540,11541,11540,3
2020-02-05,15:31:33.688000,11540,11541,11540,1
2020-02-05,15:31:35.320000,11540,11541,11540,3
2020-02-05,15:31:36.446000,11540,11541,11540,3
2020-02-05,15:31:37.669000,11540,11541,11540,3
2020-02-05,15:31:38.732000,11540,11541,11540,3
2020-02-05,15:31:40.450000,11540,11541,11540,1
2020-02-05,15:31:48.151000,11539,11540,11540,1
2020-02-05,15:31:49.483000,11539,11540,11539,2
2020-02-05,15:31:57.663000,11539,11540,11539,3
2020-02-05,15:31:58.195000,11539,11540,11539,4
2020-02-05,15:32:01.158000,11539,11540,11539,1
2020-02-05,15:32:01.750000,11539,11540,11539,1
2020-02-05,15:32:05.785000,11539,11540,11539,1
2020-02-05,15:32:10.093000,11539,11540,11540,1
2020-02-05,15:32:10.093000,11539,11540,11540,14
2020-02-05,15:32:12.466000,11540,11541,11540,1
2020-02-05,15:32:15.515000,11540,11541,11540,1
2020-02-05,15:32:26.522000,11540,11541,11541,1
2020-02-05,15:32:27.976000,11540,11541,11541,1
2020-02-05,15:32:42.986000,11540,11541,11541,2
2020-02-05,15:32:56.905000,11540,11541,11540,5
2020-02-05,15:33:05.434000,11539,11540,11540,1
2020-02-05,15:33:10.995000,11540,11541,11540,1
2020-02-05,15:33:15.949000,11540,11541,11541,2
2020-02-05,15:33:22.436000,11540,11541,11540,1
2020-02-05,15:33:22.941000,11539,11540,11540,1
2020-02-05,15:33:25.161000,11539,11540,11540,7
2020-02-05,15:33:26.057000,11540,11541,11540,1
2020-02-05,15:33:26.951000,11540,11541,11540,1
2020-02-05,15:33:31.805000,11540,11541,11541,1
2020-02-05,15:33:33.094000,11540,11541,11540,1
2020-02-05,15:33:45.777000,11540,11541,11541,1
2020-02-05,15:34:30.778000,11540,11541,11540,1
2020-02-05,15:34:41.663000,11540,11541,11540,1
2020-02-05,15:34:43.716000,11540,11541,11540,3
2020-02-05,15:34:46.103000,11540,11541,11540,2
2020-02-05,15:34:46.383000,11540,11541,11540,1
2020-02-05,15:34:58.353000,11539,11540,11539,2
2020-02-05,15:35:00.952000,11539,11540,11540,1
2020-02-05,15:35:02.178000,11540,11541,11540,8
2020-02-05,15:35:03.096000,11540,11541,11540,1
2020-02-05,15:35:07.125000,11540,11541,11541,2
2020-02-05,15:35:07.125000,11540,11541,11541,1
2020-02-05,15:35:11.989000,11541,11542,11541,1
2020-02-05,15:35:20.620000,11541,11542,11542,1
2020-02-05,15:35:32.596000,11542,11543,11542,1
2020-02-05,15:35:34.840000,11542,11543,11542,1
2020-02-05,15:35:42.662000,11542,11543,11542,1
2020-02-05,15:35:57.321000,11542,11543,11543,1
2020-02-05,15:35:58.016000,11542,11543,11543,1
2020-02-05,15:36:00.525000,11542,11543,11543,1
2020-02-05,15:36:02.293000,11542,11544,11544,1
2020-02-05,15:36:08.882000,11542,11543,11543,1
2020-02-05,15:36:13.261000,11542,11544,11544,1
2020-02-05,15:36:14.834000,11542,11544,11542,1
2020-02-05,15:36:31.538000,11542,11543,11543,1
2020-02-05,15:36:31.538000,11542,11543,11544,1
2020-02-05,15:36:58.802000,11543,11544,11544,1
2020-02-05,15:36:58.977000,11543,11544,11543,5
2020-02-05,15:37:04.060000,11543,11544,11544,1
2020-02-05,15:37:04.197000,11543,11544,11543,1
2020-02-05,15:37:04.774000,11543,11544,11543,1
2020-02-05,15:37:28.002000,11543,11544,11544,4
2020-02-05,15:37:28.009000,11543,11544,11544,4
2020-02-05,15:37:28.012000,11543,11544,11544,2
2020-02-05,15:37:28.012000,11543,11544,11545,6
2020-02-05,15:37:28.143000,11544,11545,11545,4
2020-02-05,15:37:28.150000,11544,11545,11545,4
2020-02-05,15:37:30.235000,11545,11546,11546,1
2020-02-05,15:37:30.496000,11545,11546,11546,1
2020-02-05,15:37:30.787000,11545,11546,11546,1
2020-02-05,15:37:34.178000,11546,11547,11547,1
2020-02-05,15:37:34.323000,11546,11547,11547,1
2020-02-05,15:37:34.468000,11546,11547,11547,1
2020-02-05,15:37:48.796000,11546,11547,11547,1
2020-02-05,15:37:50.886000,11546,11547,11547,1
2020-02-05,15:37:51.722000,11546,11547,11547,2
2020-02-05,15:37:52.168000,11546,11547,11546,2
2020-02-05,15:37:53.749000,11546,11547,11547,1
2020-02-05,15:37:53.773000,11546,11547,11547,10
2020-02-05,15:37:54.241000,11546,11548,11546,5
2020-02-05,15:37:58.627000,11545,11547,11547,3
2020-02-05,15:38:10.320000,11545,11546,11546,1
2020-02-05,15:38:16.348000,11546,11547,11546,1
2020-02-05,15:38:18.107000,11546,11547,11546,1
2020-02-05,15:38:26.987000,11545,11546,11546,2
2020-02-05,15:38:29.271000,11546,11547,11546,1
2020-02-05,15:38:30.353000,11546,11547,11547,2
2020-02-05,15:38:43.858000,11546,11547,11546,4
2020-02-05,15:38:48.787000,11545,11546,11546,1
2020-02-05,15:38:56.476000,11546,11547,11546,1
2020-02-05,15:39:03.892000,11546,11547,11546,3
2020-02-05,15:39:03.892000,11546,11547,11545,2
2020-02-05,15:39:30.049000,11545,11546,11545,1
2020-02-05,15:39:31.472000,11545,11546,11545,1
2020-02-05,15:39:31.537000,11545,11546,11545,6
2020-02-05,15:39:33.133000,11544,11545,11544,1
2020-02-05,15:39:33.696000,11544,11545,11544,1
2020-02-05,15:39:34.438000,11544,11545,11544,1
2020-02-05,15:39:40.362000,11543,11544,11544,8
2020-02-05,15:39:40.606000,11544,11545,11544,1
2020-02-05,15:39:40.614000,11544,11545,11544,1
2020-02-05,15:39:56.052000,11544,11545,11544,5
2020-02-05,15:39:59.598000,11544,11545,11544,1
2020-02-05,15:40:13.086000,11543,11544,11543,5
2020-02-05,15:40:19.461000,11543,11544,11543,1
2020-02-05,15:40:20.875000,11543,11544,11543,1
2020-02-05,15:40:28.055000,11543,11544,11543,5
2020-02-05,15:40:31.017000,11543,11544,11543,1
2020-02-05,15:40:44.608000,11543,11544,11543,1
2020-02-05,15:41:06.750000,11543,11544,11544,1
2020-02-05,15:41:12.568000,11543,11544,11544,1
2020-02-05,15:41:30.644000,11543,11544,11543,5
2020-02-05,15:41:44.282000,11543,11544,11543,5
2020-02-05,15:41:44.503000,11543,11544,11543,1
2020-02-05,15:41:55.839000,11543,11544,11543,5
2020-02-05,15:41:57.513000,11543,11544,11543,1
2020-02-05,15:42:25.671000,11542,11543,11542,3
2020-02-05,15:42:25.671000,11542,11543,11542,1
2020-02-05,15:42:25.672000,11542,11543,11542,1
2020-02-05,15:42:25.701000,11542,11543,11542,1
2020-02-05,15:42:25.787000,11542,11543,11542,10
2020-02-05,15:42:32.185000,11541,11542,11541,1
2020-02-05,15:42:32.798000,11541,11542,11542,1
2020-02-05,15:42:33.209000,11541,11542,11541,1
2020-02-05,15:42:38.783000,11541,11542,11541,3
2020-02-05,15:42:48.578000,11540,11541,11540,15
2020-02-05,15:42:50.336000,11540,11541,11541,1
2020-02-05,15:42:52.340000,11540,11541,11540,3
2020-02-05,15:42:54.037000,11540,11541,11540,4
2020-02-05,15:42:57.991000,11540,11541,11540,1
2020-02-05,15:43:04.297000,11539,11540,11540,1
2020-02-05,15:43:04.589000,11539,11540,11539,2
2020-02-05,15:43:04.686000,11539,11540,11539,1
2020-02-05,15:43:07.943000,11539,11540,11540,4
2020-02-05,15:43:08.464000,11540,11541,11540,1
2020-02-05,15:43:09.307000,11540,11541,11540,3
2020-02-05,15:43:10.046000,11540,11541,11541,1
2020-02-05,15:43:10.669000,11541,11542,11541,1
2020-02-05,15:43:12.701000,11541,11542,11541,1
2020-02-05,15:43:17.106000,11541,11542,11541,1
2020-02-05,15:43:20.032000,11541,11542,11541,1
2020-02-05,15:43:25.391000,11541,11542,11542,1
2020-02-05,15:43:27.731000,11541,11542,11541,1
2020-02-05,15:43:28.529000,11541,11542,11541,1
2020-02-05,15:43:30.743000,11541,11542,11542,1
2020-02-05,15:43:33.123000,11541,11542,11541,4
2020-02-05,15:43:42.181000,11541,11542,11541,1
2020-02-05,15:43:54.314000,11541,11542,11541,1
2020-02-05,15:43:55.234000,11541,11542,11541,1
2020-02-05,15:43:55.431000,11541,11542,11541,1
2020-02-05,15:43:56.389000,11541,11542,11541,1
2020-02-05,15:43:58.510000,11541,11542,11541,1
2020-02-05,15:44:06.235000,11540,11541,11541,2
2020-02-05,15:44:13.042000,11540,11541,11541,2
2020-02-05,15:44:44.080000,11540,11541,11541,1
2020-02-05,15:45:06.371000,11540,11541,11540,1
2020-02-05,15:45:07.583000,11540,11541,11540,1
2020-02-05,15:45:08.350000,11540,11541,11540,1
2020-02-05,15:45:08.421000,11540,11541,11541,1
2020-02-05,15:45:08.421000,11540,11541,11541,1
2020-02-05,15:45:08.422000,11540,11541,11541,1
2020-02-05,15:45:08.422000,11540,11541,11542,1
2020-02-05,15:45:08.425000,11540,11541,11542,1
2020-02-05,15:45:26.615000,11541,11542,11542,1
2020-02-05,15:45:34.213000,11541,11542,11542,1
2020-02-05,15:45:51.137000,11541,11542,11542,7
2020-02-05,15:45:51.148000,11541,11542,11542,1
2020-02-05,15:45:51.162000,11541,11542,11542,1
2020-02-05,15:45:55.041000,11542,11543,11543,1
2020-02-05,15:45:59.611000,11542,11543,11543,1
2020-02-05,15:46:02.540000,11542,11543,11542,1
2020-02-05,15:46:09.881000,11541,11542,11542,1
2020-02-05,15:46:11.426000,11541,11542,11542,1
2020-02-05,15:46:12.949000,11541,11542,11542,1
2020-02-05,15:46:27.431000,11541,11542,11542,3
2020-02-05,15:46:28.278000,11541,11542,11542,3
2020-02-05,15:46:36.823000,11541,11542,11542,1
2020-02-05,15:46:47.787000,11542,11543,11543,1
2020-02-05,15:46:48.707000,11542,11544,11544,1
2020-02-05,15:46:51.669000,11543,11544,11544,4
2020-02-05,15:46:56.951000,11544,11545,11545,3
2020-02-05,15:46:57.933000,11544,11545,11545,1
2020-02-05,15:46:59.261000,11544,11545,11545,4
2020-02-05,15:47:07.009000,11544,11545,11545,1
2020-02-05,15:47:10.725000,11544,11545,11545,4
2020-02-05,15:47:12.818000,11544,11545,11545,1
2020-02-05,15:47:30.609000,11544,11545,11545,4
2020-02-05,15:47:30.631000,11544,11545,11545,9
2020-02-05,15:47:30.662000,11544,11545,11545,1
2020-02-05,15:47:37.952000,11545,11546,11546,1
2020-02-05,15:47:42.073000,11545,11546,11546,1
2020-02-05,15:47:45.487000,11545,11546,11546,1
2020-02-05,15:47:46.042000,11545,11546,11545,3
2020-02-05,15:47:48.643000,11545,11546,11545,1
2020-02-05,15:47:55.818000,11545,11546,11546,1
2020-02-05,15:47:58.109000,11545,11546,11546,1
2020-02-05,15:48:04.843000,11545,11546,11546,1
2020-02-05,15:48:08.270000,11546,11547,11546,1
2020-02-05,15:48:10.489000,11546,11547,11546,1
2020-02-05,15:48:17.203000,11545,11546,11546,1
2020-02-05,15:48:27.794000,11545,11546,11546,1
2020-02-05,15:48:34.899000,11545,11546,11545,3
2020-02-05,15:48:34.899000,11545,11546,11545,6
2020-02-05,15:48:43.689000,11546,11547,11547,3
2020-02-05,15:48:43.696000,11546,11547,11547,3
2020-02-05,15:48:46.186000,11546,11547,11547,1
2020-02-05,15:48:50.189000,11546,11547,11546,1
2020-02-05,15:48:51.885000,11546,11547,11546,1
2020-02-05,15:48:52.137000,11545,11547,11547,8
2020-02-05,15:48:53.828000,11545,11546,11546,1
2020-02-05,15:48:54.388000,11546,11547,11547,2
2020-02-05,15:49:00.532000,11547,11548,11547,1
2020-02-05,15:49:01.412000,11547,11548,11547,1
2020-02-05,15:49:02.134000,11546,11547,11547,1
2020-02-05,15:49:04.009000,11546,11547,11547,1
2020-02-05,15:49:05.164000,11546,11547,11547,2
2020-02-05,15:49:10.945000,11547,11548,11547,1
2020-02-05,15:49:11.943000,11547,11548,11547,1
2020-02-05,15:49:13.882000,11546,11547,11547,1
2020-02-05,15:49:17.045000,11547,11548,11547,1
2020-02-05,15:49:46.110000,11547,11548,11547,1
2020-02-05,15:49:46.134000,11547,11548,11547,1
2020-02-05,15:50:02.144000,11547,11548,11547,2
2020-02-05,15:50:02.144000,11547,11548,11547,3
2020-02-05,15:50:02.145000,11547,11548,11547,2
2020-02-05,15:50:02.387000,11546,11547,11547,9
2020-02-05,15:50:02.387000,11546,11547,11548,5
2020-02-05,15:50:02.626000,11546,11548,11548,1
2020-02-05,15:50:04.191000,11547,11548,11547,4
2020-02-05,15:50:21.537000,11546,11547,11547,3
2020-02-05,15:50:21.662000,11546,11547,11547,1
2020-02-05,15:50:21.886000,11547,11548,11548,3
2020-02-05,15:50:22.182000,11547,11548,11548,3
2020-02-05,15:50:23.224000,11547,11548,11548,5
2020-02-05,15:50:23.928000,11547,11548,11548,1
2020-02-05,15:50:29.026000,11547,11548,11548,2
2020-02-05,15:50:29.037000,11547,11548,11548,5
2020-02-05,15:50:40.703000,11548,11549,11548,1
2020-02-05,15:50:45.813000,11548,11549,11548,2
2020-02-05,15:50:59.018000,11547,11548,11548,1
2020-02-05,15:51:01.646000,11547,11548,11548,2
2020-02-05,15:51:01.646000,11547,11548,11548,2
2020-02-05,15:51:01.646000,11547,11548,11548,1
2020-02-05,15:51:02.412000,11547,11549,11547,1
2020-02-05,15:51:05.528000,11548,11549,11548,1
2020-02-05,15:51:13.724000,11548,11549,11549,1
2020-02-05,15:51:16.158000,11548,11549,11549,2
2020-02-05,15:51:19.887000,11548,11549,11549,16
2020-02-05,15:51:26.537000,11549,11550,11549,1
2020-02-05,15:51:30.810000,11548,11549,11549,1
2020-02-05,15:51:30.831000,11548,11549,11549,2
2020-02-05,15:51:33.357000,11548,11549,11549,1
2020-02-05,15:51:35.139000,11548,11549,11549,1
2020-02-05,15:51:37.289000,11548,11549,11549,1
2020-02-05,15:51:37.544000,11548,11549,11549,1
2020-02-05,15:51:51.160000,11548,11549,11549,1
2020-02-05,15:51:51.834000,11548,11549,11549,1
2020-02-05,15:52:06.813000,11548,11549,11548,1
2020-02-05,15:52:25.100000,11548,11549,11548,3
2020-02-05,15:52:25.100000,11548,11549,11548,6
2020-02-05,15:52:25.162000,11548,11549,11548,2
2020-02-05,15:52:50.483000,11547,11548,11547,1
2020-02-05,15:53:01.357000,11547,11548,11547,1
2020-02-05,15:53:02.343000,11547,11548,11547,1
2020-02-05,15:53:06.387000,11547,11548,11547,1
2020-02-05,15:53:06.720000,11547,11548,11547,1
2020-02-05,15:53:13.178000,11546,11547,11547,1
2020-02-05,15:53:13.179000,11546,11547,11547,1
2020-02-05,15:53:25.998000,11546,11547,11547,1
2020-02-05,15:53:38.034000,11546,11547,11547,1
2020-02-05,15:53:39.396000,11546,11547,11546,1
2020-02-05,15:53:41.619000,11546,11547,11546,1
2020-02-05,15:53:53.463000,11546,11547,11546,1
2020-02-05,15:53:57.286000,11546,11547,11546,3
2020-02-05,15:53:59.049000,11546,11547,11546,1
2020-02-05,15:54:09.872000,11546,11547,11547,5
2020-02-05,15:54:17.010000,11547,11548,11548,5
2020-02-05,15:54:17.617000,11548,11549,11548,1
2020-02-05,15:54:17.792000,11548,11549,11548,1
2020-02-05,15:54:17.950000,11548,11549,11548,1
2020-02-05,15:54:31.039000,11547,11548,11548,1
2020-02-05,15:54:33.530000,11548,11549,11548,8
2020-02-05,15:54:43.888000,11548,11549,11548,3
2020-02-05,15:54:43.888000,11548,11549,11547,1
2020-02-05,15:54:43.918000,11547,11549,11547,1
2020-02-05,15:54:56.343000,11547,11548,11548,1
2020-02-05,15:54:58.537000,11548,11549,11548,1
2020-02-05,15:55:00.403000,11547,11548,11548,2
2020-02-05,15:55:13.796000,11547,11548,11547,1
2020-02-05,15:55:14.602000,11547,11548,11547,1
2020-02-05,15:55:15.676000,11547,11548,11547,1
2020-02-05,15:55:22.483000,11547,11548,11547,2
2020-02-05,15:55:28.076000,11546,11547,11546,5
2020-02-05,15:55:28.162000,11546,11547,11546,16
2020-02-05,15:55:28.287000,11546,11547,11546,2
2020-02-05,15:55:28.287000,11546,11547,11546,1
2020-02-05,15:55:28.287000,11546,11547,11546,7
2020-02-05,15:55:28.412000,11546,11547,11546,4
2020-02-05,15:55:31.552000,11545,11546,11545,1
2020-02-05,15:55:41.912000,11545,11546,11546,10
2020-02-05,15:55:42.631000,11546,11547,11547,6
2020-02-05,15:55:42.998000,11546,11547,11547,1
2020-02-05,15:55:43.122000,11546,11547,11547,1
2020-02-05,15:55:43.299000,11546,11548,11548,1
2020-02-05,15:55:43.446000,11546,11548,11548,1
2020-02-05,15:56:12.769000,11547,11548,11548,1
2020-02-05,15:56:13.385000,11547,11548,11548,5
2020-02-05,15:56:15.880000,11547,11548,11548,1
2020-02-05,15:56:17.841000,11547,11548,11548,1
2020-02-05,15:56:18.696000,11547,11548,11548,1
2020-02-05,15:56:46.596000,11547,11548,11548,1
2020-02-05,15:56:46.784000,11547,11548,11548,1
2020-02-05,15:56:47.142000,11547,11548,11548,1
2020-02-05,15:56:47.300000,11547,11548,11548,1
2020-02-05,15:56:47.484000,11547,11548,11548,1
2020-02-05,15:56:47.643000,11547,11548,11548,1
2020-02-05,15:56:47.813000,11547,11549,11549,1
2020-02-05,15:56:48.140000,11547,11549,11549,1
2020-02-05,15:56:53.033000,11547,11548,11547,1
2020-02-05,15:57:02.465000,11546,11547,11547,1
2020-02-05,15:57:03.245000,11547,11548,11547,5
2020-02-05,15:57:25.514000,11547,11548,11547,1
2020-02-05,15:57:25.526000,11547,11548,11547,3
2020-02-05,15:57:25.537000,11547,11548,11547,4
2020-02-05,15:57:25.537000,11547,11548,11547,3
2020-02-05,15:57:50.932000,11547,11548,11547,1
2020-02-05,15:57:52.970000,11547,11548,11547,1
2020-02-05,15:57:55.183000,11547,11548,11548,1
2020-02-05,15:58:01.975000,11547,11548,11548,1
2020-02-05,15:58:12.740000,11547,11548,11548,1
2020-02-05,15:58:23.681000,11547,11548,11547,1
2020-02-05,15:58:28.318000,11546,11547,11546,1
2020-02-05,15:58:36.877000,11546,11547,11546,7
2020-02-05,15:58:40.506000,11546,11547,11546,1
2020-02-05,15:58:49.466000,11546,11547,11546,2
2020-02-05,15:58:50.687000,11546,11547,11546,1
2020-02-05,15:59:19.411000,11545,11546,11545,1
2020-02-05,15:59:22.526000,11545,11546,11545,5
2020-02-05,15:59:22.537000,11545,11546,11545,1
2020-02-05,15:59:22.537000,11545,11546,11545,1
2020-02-05,15:59:27.721000,11544,11546,11544,1
2020-02-05,15:59:27.842000,11544,11546,11544,1
2020-02-05,15:59:27.877000,11544,11546,11544,1
2020-02-05,15:59:42.940000,11545,11546,11545,1
2020-02-05,15:59:48.537000,11545,11546,11546,2
2020-02-05,16:00:01.622000,11546,11547,11546,4
2020-02-05,16:00:02.133000,11545,11546,11546,5
2020-02-05,16:00:02.137000,11545,11546,11546,5
2020-02-05,16:00:02.461000,11545,11546,11545,2
2020-02-05,16:00:06.768000,11545,11546,11546,1
2020-02-05,16:00:09.902000,11546,11547,11546,1
2020-02-05,16:00:10.563000,11546,11547,11547,1
2020-02-05,16:00:10.810000,11547,11548,11548,1
2020-02-05,16:00:10.837000,11547,11548,11547,1
2020-02-05,16:00:14.487000,11546,11548,11546,1
2020-02-05,16:00:20.830000,11547,11548,11547,7
2020-02-05,16:00:20.830000,11547,11548,11546,43
2020-02-05,16:00:21.037000,11545,11546,11545,5
2020-02-05,16:00:21.124000,11545,11546,11545,3
2020-02-05,16:00:21.125000,11545,11546,11545,2
2020-02-05,16:00:21.125000,11545,11546,11545,2
2020-02-05,16:00:31.907000,11546,11547,11546,1
2020-02-05,16:00:35.111000,11544,11546,11546,1
2020-02-05,16:00:43.325000,11545,11546,11545,1
2020-02-05,16:00:43.983000,11544,11545,11545,1
2020-02-05,16:00:45.637000,11544,11545,11544,1
2020-02-05,16:00:56.369000,11544,11545,11545,6
2020-02-05,16:01:03.016000,11544,11545,11545,1
2020-02-05,16:01:04.166000,11544,11545,11545,2
2020-02-05,16:01:09.387000,11545,11546,11545,1
2020-02-05,16:01:19.919000,11544,11546,11544,1
2020-02-05,16:01:43.627000,11544,11545,11544,1
2020-02-05,16:01:48.260000,11544,11545,11545,1
2020-02-05,16:01:49.912000,11544,11545,11544,1
2020-02-05,16:01:50.250000,11543,11545,11543,1
2020-02-05,16:02:02.650000,11543,11544,11544,1
2020-02-05,16:02:08.627000,11544,11545,11544,1
2020-02-05,16:02:10.841000,11544,11545,11545,2
2020-02-05,16:02:21.029000,11544,11545,11545,1
2020-02-05,16:02:28.389000,11544,11545,11544,2
2020-02-05,16:02:45.844000,11544,11545,11544,1
2020-02-05,16:02:59.626000,11544,11545,11544,1
2020-02-05,16:03:08.253000,11544,11545,11544,1
2020-02-05,16:03:08.809000,11544,11545,11544,2
2020-02-05,16:03:08.979000,11544,11545,11544,2
2020-02-05,16:03:09.084000,11544,11545,11544,2
2020-02-05,16:03:09.157000,11544,11545,11544,2
2020-02-05,16:03:09.203000,11544,11545,11544,1
2020-02-05,16:03:09.203000,11544,11545,11543,1
2020-02-05,16:03:09.227000,11544,11545,11543,2
2020-02-05,16:03:09.903000,11544,11545,11544,2
2020-02-05,16:03:10.154000,11544,11545,11543,2
2020-02-05,16:03:10.263000,11543,11545,11543,2
2020-02-05,16:03:10.342000,11543,11545,11543,2
2020-02-05,16:03:10.354000,11543,11545,11543,2
2020-02-05,16:03:10.355000,11543,11545,11543,2
2020-02-05,16:03:19.124000,11543,11544,11544,2
2020-02-05,16:03:19.506000,11543,11544,11544,1
2020-02-05,16:03:29.697000,11543,11544,11543,3
2020-02-05,16:03:35.391000,11543,11544,11544,5
2020-02-05,16:03:35.391000,11543,11544,11544,3
2020-02-05,16:03:45.616000,11544,11545,11545,1
2020-02-05,16:03:57.443000,11544,11545,11545,1
2020-02-05,16:04:06.271000,11544,11545,11544,3
2020-02-05,16:04:07.520000,11544,11545,11545,1
2020-02-05,16:04:09.194000,11544,11545,11545,1
2020-02-05,16:04:14.553000,11544,11545,11544,3
2020-02-05,16:04:34.230000,11544,11545,11545,1
2020-02-05,16:04:34.751000,11544,11545,11545,1
2020-02-05,16:05:00.342000,11544,11545,11544,2
2020-02-05,16:05:02.335000,11544,11545,11545,1
2020-02-05,16:05:02.345000,11544,11545,11545,1
2020-02-05,16:05:02.361000,11544,11545,11545,2
2020-02-05,16:05:02.664000,11544,11546,11545,1
2020-02-05,16:05:04.214000,11545,11546,11546,2
2020-02-05,16:05:04.215000,11545,11546,11546,1
2020-02-05,16:05:04.424000,11546,11547,11547,4
2020-02-05,16:05:04.429000,11546,11547,11547,4
2020-02-05,16:05:04.519000,11546,11547,11547,3
2020-02-05,16:05:05.989000,11547,11548,11548,12
2020-02-05,16:05:06.083000,11548,11549,11549,12
2020-02-05,16:05:06.163000,11548,11550,11549,1
2020-02-05,16:05:06.169000,11548,11550,11549,1
2020-02-05,16:05:06.170000,11548,11550,11549,1
2020-02-05,16:05:06.282000,11548,11550,11549,1
2020-02-05,16:05:06.552000,11549,11550,11550,7
2020-02-05,16:05:06.552000,11549,11550,11550,16
2020-02-05,16:05:06.552000,11549,11550,11550,2
2020-02-05,16:05:06.662000,11549,11550,11550,2
2020-02-05,16:05:06.710000,11549,11550,11551,1
2020-02-05,16:05:07.164000,11550,11551,11551,3
2020-02-05,16:05:07.330000,11550,11551,11551,1
2020-02-05,16:05:07.412000,11550,11551,11551,5
2020-02-05,16:05:11.662000,11549,11550,11549,1
2020-02-05,16:05:11.681000,11549,11550,11550,1
2020-02-05,16:05:13.639000,11549,11550,11549,1
2020-02-05,16:05:14.841000,11549,11550,11550,2
2020-02-05,16:05:17.386000,11549,11550,11550,1
2020-02-05,16:05:19.977000,11550,11551,11551,3
2020-02-05,16:05:20.119000,11550,11551,11551,1
2020-02-05,16:05:24.633000,11550,11551,11551,1
2020-02-05,16:05:25.346000,11550,11551,11551,1
2020-02-05,16:05:25.532000,11550,11551,11551,2
2020-02-05,16:05:28.836000,11550,11551,11551,1
2020-02-05,16:05:31.622000,11550,11551,11551,1
2020-02-05,16:05:34.173000,11550,11551,11551,4
2020-02-05,16:05:35.148000,11550,11551,11551,1
2020-02-05,16:05:35.319000,11550,11552,11550,1
2020-02-05,16:05:37.956000,11551,11552,11551,1
2020-02-05,16:05:40.178000,11550,11552,11550,3
2020-02-05,16:05:43.569000,11550,11551,11551,3
2020-02-05,16:05:43.584000,11550,11551,11551,2
2020-02-05,16:05:50.617000,11550,11551,11551,1
2020-02-05,16:05:53.446000,11550,11552,11551,1
2020-02-05,16:05:53.447000,11550,11552,11551,1
2020-02-05,16:06:00.435000,11551,11552,11552,8
2020-02-05,16:06:00.436000,11551,11552,11552,2
2020-02-05,16:06:00.436000,11551,11552,11552,2
2020-02-05,16:06:01.543000,11552,11553,11553,2
2020-02-05,16:06:01.663000,11552,11553,11553,21
2020-02-05,16:06:01.913000,11553,11554,11554,1
2020-02-05,16:06:03.275000,11553,11554,11554,1
2020-02-05,16:06:03.454000,11553,11554,11554,1
2020-02-05,16:06:03.731000,11553,11554,11554,10
2020-02-05,16:06:03.731000,11553,11554,11554,4
2020-02-05,16:06:03.732000,11553,11554,11554,3
2020-02-05,16:06:03.757000,11553,11554,11554,1
2020-02-05,16:06:03.757000,11553,11554,11554,1
2020-02-05,16:06:03.757000,11553,11554,11554,3
2020-02-05,16:06:03.757000,11553,11554,11554,2
2020-02-05,16:06:03.757000,11553,11554,11554,3
2020-02-05,16:06:03.757000,11553,11554,11554,3
2020-02-05,16:06:03.758000,11553,11554,11554,3
2020-02-05,16:06:03.758000,11553,11554,11554,1
2020-02-05,16:06:05.827000,11554,11555,11555,18
2020-02-05,16:06:05.947000,11554,11556,11556,1
2020-02-05,16:06:06.026000,11554,11556,11556,1
2020-02-05,16:06:06.074000,11555,11556,11556,1
2020-02-05,16:06:07.102000,11555,11556,11556,1
2020-02-05,16:06:07.163000,11555,11556,11556,14
2020-02-05,16:06:07.244000,11555,11556,11557,5
2020-02-05,16:06:07.375000,11556,11557,11557,1
2020-02-05,16:06:08.206000,11556,11557,11557,1
2020-02-05,16:06:08.610000,11556,11557,11557,1
2020-02-05,16:06:08.773000,11556,11557,11557,1
2020-02-05,16:06:09.369000,11556,11557,11557,3
2020-02-05,16:06:09.767000,11556,11557,11557,1
2020-02-05,16:06:12.027000,11556,11557,11556,2
2020-02-05,16:06:12.027000,11556,11557,11556,4
2020-02-05,16:06:12.279000,11555,11556,11556,15
2020-02-05,16:06:13.710000,11555,11556,11556,1
2020-02-05,16:06:14.517000,11555,11556,11556,3
2020-02-05,16:06:15.130000,11555,11556,11556,1
2020-02-05,16:06:16.568000,11555,11556,11555,1
2020-02-05,16:06:19.108000,11554,11555,11555,1
2020-02-05,16:06:19.679000,11554,11555,11555,1
2020-02-05,16:06:19.818000,11554,11555,11555,1
2020-02-05,16:06:20.050000,11555,11556,11555,1
2020-02-05,16:06:22.806000,11555,11556,11556,7
2020-02-05,16:06:22.806000,11555,11556,11557,8
2020-02-05,16:06:23.090000,11555,11556,11555,1
2020-02-05,16:06:24.541000,11555,11556,11555,2
2020-02-05,16:06:25.150000,11555,11556,11555,2
2020-02-05,16:06:27.239000,11554,11555,11555,1
2020-02-05,16:06:27.640000,11554,11555,11554,1
2020-02-05,16:06:29.137000,11554,11555,11555,1
2020-02-05,16:06:32.351000,11554,11555,11555,1
2020-02-05,16:06:36.649000,11554,11555,11555,5
2020-02-05,16:06:36.796000,11554,11555,11555,1
2020-02-05,16:06:37.955000,11555,11556,11555,1
2020-02-05,16:06:38.406000,11555,11556,11555,2
2020-02-05,16:06:38.414000,11555,11556,11555,1
2020-02-05,16:06:43.839000,11554,11555,11554,3
2020-02-05,16:06:48.536000,11553,11554,11554,1
2020-02-05,16:06:50.546000,11553,11554,11553,1
2020-02-05,16:06:51.431000,11553,11554,11553,1
2020-02-05,16:06:52.346000,11553,11554,11554,1
2020-02-05,16:06:52.443000,11553,11555,11555,1
2020-02-05,16:07:01.346000,11554,11555,11554,4
2020-02-05,16:07:04.230000,11554,11555,11555,11
2020-02-05,16:07:05.237000,11555,11556,11556,1
2020-02-05,16:07:06.522000,11555,11556,11555,1
2020-02-05,16:07:10.593000,11555,11556,11556,1
2020-02-05,16:07:12.759000,11555,11556,11555,3
2020-02-05,16:07:12.919000,11555,11556,11556,1
2020-02-05,16:07:13.952000,11555,11556,11555,1
2020-02-05,16:07:14.318000,11555,11556,11555,5
2020-02-05,16:07:14.597000,11555,11556,11556,1
2020-02-05,16:07:14.688000,11555,11556,11556,2
2020-02-05,16:07:15.696000,11555,11556,11556,4
2020-02-05,16:07:17.350000,11555,11556,11556,1
2020-02-05,16:07:18.340000,11555,11556,11556,1
2020-02-05,16:07:19.664000,11555,11556,11556,2
2020-02-05,16:07:20.492000,11555,11556,11556,1
2020-02-05,16:07:21.471000,11555,11556,11556,1
2020-02-05,16:07:22.413000,11555,11556,11556,3
2020-02-05,16:07:24.221000,11556,11557,11557,1
2020-02-05,16:07:24.876000,11556,11557,11557,4
2020-02-05,16:07:27.065000,11556,11557,11557,2
2020-02-05,16:07:27.203000,11556,11557,11557,7
2020-02-05,16:07:36.164000,11556,11557,11557,1
2020-02-05,16:07:36.934000,11556,11557,11557,3
2020-02-05,16:07:38.515000,11556,11557,11557,4
2020-02-05,16:07:38.758000,11556,11557,11557,9
2020-02-05,16:07:38.759000,11556,11557,11557,1
2020-02-05,16:07:38.759000,11556,11557,11557,2
2020-02-05,16:07:38.759000,11556,11557,11557,1
2020-02-05,16:07:38.759000,11556,11557,11557,2
2020-02-05,16:07:39.908000,11556,11557,11557,1
2020-02-05,16:07:45.388000,11556,11557,11557,1
2020-02-05,16:07:51.261000,11556,11557,11556,1
2020-02-05,16:07:55.615000,11556,11557,11557,1
2020-02-05,16:07:57.666000,11556,11557,11556,1
2020-02-05,16:08:03.623000,11556,11557,11557,1
2020-02-05,16:08:04.163000,11556,11557,11557,1
2020-02-05,16:08:04.517000,11556,11557,11557,2
2020-02-05,16:08:06.847000,11556,11557,11557,2
2020-02-05,16:08:08.770000,11556,11557,11557,1
2020-02-05,16:08:19.787000,11556,11557,11556,2
2020-02-05,16:08:19.787000,11556,11557,11556,4
2020-02-05,16:08:20.782000,11555,11556,11556,1
2020-02-05,16:08:21.188000,11555,11556,11556,2
2020-02-05,16:08:26.575000,11555,11556,11555,5
2020-02-05,16:08:35.024000,11554,11555,11555,1
2020-02-05,16:08:36.239000,11554,11555,11554,2
2020-02-05,16:08:38.478000,11554,11555,11555,2
2020-02-05,16:08:39.726000,11554,11555,11555,2
2020-02-05,16:08:39.822000,11554,11555,11555,2
2020-02-05,16:08:39.903000,11554,11555,11554,6
2020-02-05,16:08:49.556000,11553,11554,11554,1
2020-02-05,16:08:52.379000,11554,11555,11554,2
2020-02-05,16:09:00.695000,11553,11554,11554,2
2020-02-05,16:09:02.067000,11554,11555,11554,1
2020-02-05,16:09:05.613000,11554,11555,11554,1
2020-02-05,16:09:06.154000,11554,11555,11554,1
2020-02-05,16:09:10.964000,11554,11555,11554,1
2020-02-05,16:09:11.156000,11554,11555,11554,1
2020-02-05,16:09:31.415000,11553,11554,11554,2
2020-02-05,16:09:45.625000,11553,11554,11554,1
2020-02-05,16:09:46.330000,11553,11554,11554,5
2020-02-05,16:09:48.086000,11554,11555,11554,2
2020-02-05,16:09:50.518000,11554,11555,11555,4
2020-02-05,16:09:50.519000,11554,11555,11555,1
2020-02-05,16:09:50.519000,11554,11555,11555,1
2020-02-05,16:09:54.969000,11555,11556,11556,2
2020-02-05,16:09:55.109000,11555,11556,11555,1
2020-02-05,16:09:56.664000,11555,11556,11555,2
2020-02-05,16:10:00.252000,11553,11555,11555,2
2020-02-05,16:10:00.599000,11554,11555,11555,2
2020-02-05,16:10:12.416000,11554,11555,11555,1
2020-02-05,16:10:15.515000,11555,11556,11555,1
2020-02-05,16:10:17.236000,11554,11555,11555,1
2020-02-05,16:10:18.679000,11554,11555,11555,5
2020-02-05,16:10:21.051000,11554,11555,11554,2
2020-02-05,16:10:21.051000,11554,11555,11554,4
2020-02-05,16:10:24.123000,11553,11554,11553,2
2020-02-05,16:10:24.123000,11553,11554,11553,3
2020-02-05,16:10:34.981000,11552,11553,11552,2
2020-02-05,16:10:35.098000,11551,11552,11551,1
2020-02-05,16:10:38.663000,11551,11552,11551,1
2020-02-05,16:10:42.375000,11551,11552,11551,2
2020-02-05,16:10:42.469000,11551,11553,11551,1
2020-02-05,16:10:42.578000,11551,11553,11551,1
2020-02-05,16:10:56.336000,11551,11553,11551,11
2020-02-05,16:10:59.693000,11551,11552,11551,3
2020-02-05,16:11:01.773000,11552,11553,11552,1
2020-02-05,16:11:19.852000,11552,11553,11552,1
2020-02-05,16:11:23.933000,11551,11552,11551,19
2020-02-05,16:11:25.243000,11550,11551,11551,1
2020-02-05,16:11:30.663000,11550,11551,11551,5
2020-02-05,16:11:34.902000,11551,11552,11551,1
2020-02-05,16:11:35.131000,11550,11552,11552,1
2020-02-05,16:11:39.985000,11551,11552,11552,1
2020-02-05,16:11:43.915000,11551,11552,11551,5
2020-02-05,16:12:02.078000,11551,11552,11552,1
2020-02-05,16:12:02.079000,11551,11552,11552,2
2020-02-05,16:12:02.079000,11551,11552,11552,2
2020-02-05,16:12:02.079000,11551,11552,11552,5
2020-02-05,16:12:02.079000,11551,11552,11552,3
2020-02-05,16:12:02.079000,11551,11552,11552,1
2020-02-05,16:12:03.732000,11552,11553,11553,1
2020-02-05,16:12:04.137000,11553,11554,11554,2
2020-02-05,16:12:11.789000,11552,11553,11553,2
2020-02-05,16:12:19.326000,11553,11554,11554,5
2020-02-05,16:12:21.144000,11553,11554,11553,1
2020-02-05,16:12:21.144000,11553,11554,11553,1
2020-02-05,16:12:21.162000,11552,11553,11552,7
2020-02-05,16:12:21.163000,11552,11553,11552,3
2020-02-05,16:12:21.163000,11552,11553,11552,1
2020-02-05,16:12:21.163000,11552,11553,11552,1
2020-02-05,16:12:21.163000,11552,11553,11552,3
2020-02-05,16:12:21.163000,11552,11553,11552,1
2020-02-05,16:12:21.164000,11552,11553,11552,1
2020-02-05,16:12:21.412000,11552,11553,11552,1
2020-02-05,16:12:27.634000,11551,11552,11552,1
2020-02-05,16:12:31.011000,11552,11553,11552,3
2020-02-05,16:12:32.153000,11551,11552,11552,1
2020-02-05,16:12:32.191000,11552,11553,11553,3
2020-02-05,16:12:32.191000,11552,11553,11553,12
2020-02-05,16:12:32.196000,11552,11553,11553,1
2020-02-05,16:12:32.196000,11552,11553,11553,2
2020-02-05,16:12:32.297000,11553,11554,11554,3
2020-02-05,16:12:32.297000,11553,11554,11554,1
2020-02-05,16:12:32.297000,11553,11554,11554,3
2020-02-05,16:12:32.297000,11553,11554,11554,1
2020-02-05,16:12:32.297000,11553,11554,11554,3
2020-02-05,16:12:32.298000,11553,11554,11554,1
2020-02-05,16:12:32.298000,11553,11554,11554,1
2020-02-05,16:13:09.627000,11553,11554,11553,1
2020-02-05,16:13:17.437000,11552,11553,11553,4
2020-02-05,16:13:24.288000,11552,11554,11554,4
2020-02-05,16:13:24.636000,11552,11554,11554,3
2020-02-05,16:13:26.175000,11552,11554,11554,5
2020-02-05,16:13:35.288000,11552,11554,11554,1
2020-02-05,16:13:43.383000,11552,11553,11553,1
2020-02-05,16:13:43.755000,11552,11554,11553,1
2020-02-05,16:13:47.013000,11552,11553,11553,1
2020-02-05,16:13:51.951000,11553,11554,11553,2
2020-02-05,16:13:51.951000,11553,11554,11553,1
2020-02-05,16:13:51.951000,11553,11554,11553,1
2020-02-05,16:13:52.261000,11552,11553,11553,1
2020-02-05,16:14:00.412000,11552,11553,11552,2
2020-02-05,16:14:07.684000,11552,11553,11552,1
2020-02-05,16:14:08.991000,11552,11553,11552,1
2020-02-05,16:14:19.638000,11552,11553,11552,1
2020-02-05,16:14:39.250000,11552,11553,11553,1
2020-02-05,16:14:42.012000,11552,11553,11553,5
2020-02-05,16:14:56.768000,11552,11553,11553,1
2020-02-05,16:15:07.474000,11552,11553,11552,2
2020-02-05,16:15:07.474000,11552,11553,11552,3
2020-02-05,16:15:10.840000,11551,11552,11552,1
2020-02-05,16:15:15.219000,11551,11552,11552,1
2020-02-05,16:15:15.299000,11551,11552,11552,1
2020-02-05,16:15:15.306000,11551,11552,11552,1
2020-02-05,16:15:17.836000,11551,11552,11552,8
2020-02-05,16:15:20.940000,11552,11553,11552,2
2020-02-05,16:15:21.706000,11551,11552,11551,1
2020-02-05,16:15:42.759000,11551,11553,11551,1
2020-02-05,16:16:01.267000,11551,11552,11552,3
2020-02-05,16:16:02.203000,11552,11553,11552,1
2020-02-05,16:16:03.215000,11552,11553,11553,2
2020-02-05,16:16:03.216000,11552,11553,11553,2
2020-02-05,16:16:03.218000,11552,11553,11553,1
2020-02-05,16:16:04.537000,11553,11554,11554,2
2020-02-05,16:16:04.538000,11553,11554,11554,4
2020-02-05,16:16:04.538000,11553,11554,11554,4
2020-02-05,16:16:04.567000,11553,11554,11554,6
2020-02-05,16:16:04.662000,11553,11554,11554,3
2020-02-05,16:16:05.213000,11554,11555,11555,3
2020-02-05,16:16:05.434000,11554,11555,11555,1
2020-02-05,16:16:06.082000,11554,11555,11555,5
2020-02-05,16:16:07.048000,11554,11555,11554,2
2020-02-05,16:16:14.249000,11554,11555,11554,3
2020-02-05,16:16:21.287000,11554,11555,11554,1
2020-02-05,16:16:41.164000,11553,11554,11553,1
2020-02-05,16:17:02.300000,11553,11554,11554,2
2020-02-05,16:17:16.197000,11552,11553,11553,1
2020-02-05,16:17:19.165000,11552,11553,11553,2
2020-02-05,16:17:19.339000,11553,11554,11554,4
2020-02-05,16:17:19.660000,11553,11554,11553,1
2020-02-05,16:17:19.908000,11553,11554,11554,4
2020-02-05,16:17:20.990000,11553,11554,11554,1
2020-02-05,16:17:20.990000,11553,11554,11554,1
2020-02-05,16:17:20.990000,11553,11554,11554,1
2020-02-05,16:17:21.252000,11554,11555,11555,4
2020-02-05,16:17:40.024000,11553,11554,11554,2
2020-02-05,16:17:41.430000,11553,11554,11554,2
2020-02-05,16:17:56.072000,11554,11555,11554,8
2020-02-05,16:18:07.415000,11553,11554,11554,1
2020-02-05,16:18:10.057000,11553,11554,11553,2
2020-02-05,16:18:21.298000,11553,11554,11554,7
2020-02-05,16:18:23.863000,11553,11554,11553,1
2020-02-05,16:18:27.905000,11553,11554,11553,1
2020-02-05,16:18:32.384000,11553,11554,11553,1
2020-02-05,16:18:38.663000,11553,11554,11554,1
2020-02-05,16:18:42.960000,11553,11554,11553,1
2020-02-05,16:18:54.926000,11553,11554,11553,1
2020-02-05,16:18:58.602000,11552,11553,11553,1
2020-02-05,16:18:59.528000,11552,11553,11552,2
2020-02-05,16:19:06.676000,11551,11553,11553,2
2020-02-05,16:19:16.775000,11551,11553,11553,1
2020-02-05,16:19:40.284000,11552,11553,11553,1
2020-02-05,16:19:46.766000,11552,11553,11553,1
2020-02-05,16:19:56.980000,11552,11553,11553,1
2020-02-05,16:20:03.234000,11551,11552,11551,2
2020-02-05,16:20:03.234000,11551,11552,11551,1
2020-02-05,16:20:03.234000,11551,11552,11551,7
2020-02-05,16:20:03.234000,11551,11552,11551,11
2020-02-05,16:20:04.554000,11550,11551,11550,1
2020-02-05,16:20:04.811000,11550,11551,11550,1
2020-02-05,16:20:09.260000,11550,11551,11551,1
2020-02-05,16:20:09.343000,11550,11552,11551,1
2020-02-05,16:20:20.700000,11550,11551,11551,1
2020-02-05,16:20:52.063000,11550,11551,11551,1
2020-02-05,16:21:04.622000,11550,11551,11551,2
2020-02-05,16:21:10.587000,11550,11551,11551,1
2020-02-05,16:21:11.973000,11550,11551,11551,1
2020-02-05,16:21:12.560000,11551,11553,11553,2
2020-02-05,16:21:24.254000,11552,11553,11553,3
2020-02-05,16:21:28.097000,11552,11553,11553,1
2020-02-05,16:21:38.373000,11552,11553,11553,5
2020-02-05,16:21:44.177000,11552,11553,11553,1
2020-02-05,16:21:47.219000,11552,11553,11553,1
2020-02-05,16:22:00.883000,11553,11554,11553,1
2020-02-05,16:22:01.287000,11553,11554,11553,2
2020-02-05,16:22:07.699000,11553,11554,11553,4
2020-02-05,16:22:19.313000,11553,11554,11553,1
2020-02-05,16:22:19.314000,11553,11554,11553,1
2020-02-05,16:22:21.006000,11552,11553,11553,2
2020-02-05,16:22:22.394000,11552,11553,11553,2
2020-02-05,16:22:39.002000,11553,11554,11553,1
2020-02-05,16:22:48.078000,11553,11554,11553,1
2020-02-05,16:22:53.489000,11553,11554,11553,1
2020-02-05,16:23:17.900000,11553,11554,11553,6
2020-02-05,16:23:17.900000,11553,11554,11553,3
2020-02-05,16:23:41.572000,11553,11554,11553,25
2020-02-05,16:23:53.409000,11552,11553,11553,3
2020-02-05,16:24:09.306000,11553,11554,11553,1
2020-02-05,16:24:25.524000,11552,11553,11553,1
2020-02-05,16:24:25.661000,11552,11553,11553,1
2020-02-05,16:24:33.980000,11553,11554,11553,1
2020-02-05,16:24:36.590000,11552,11553,11553,1
2020-02-05,16:24:40.458000,11553,11554,11553,1
2020-02-05,16:24:40.544000,11553,11554,11554,5
2020-02-05,16:24:49.787000,11553,11554,11554,1
2020-02-05,16:24:49.787000,11553,11554,11554,12
2020-02-05,16:24:49.787000,11553,11554,11554,1
2020-02-05,16:24:49.787000,11553,11554,11554,1
2020-02-05,16:24:49.787000,11553,11554,11554,3
2020-02-05,16:24:49.787000,11553,11554,11554,6
2020-02-05,16:24:49.787000,11553,11554,11554,9
2020-02-05,16:24:50.360000,11554,11555,11555,1
2020-02-05,16:24:51.781000,11554,11555,11555,1
2020-02-05,16:24:52.857000,11554,11555,11555,2
2020-02-05,16:24:55.677000,11554,11555,11555,2
2020-02-05,16:24:55.697000,11554,11555,11555,8
2020-02-05,16:24:55.698000,11554,11555,11555,2
2020-02-05,16:24:59.661000,11555,11556,11556,1
2020-02-05,16:24:59.661000,11555,11556,11556,2
2020-02-05,16:24:59.662000,11555,11556,11556,9
2020-02-05,16:24:59.662000,11555,11556,11556,1
2020-02-05,16:24:59.664000,11555,11556,11556,1
2020-02-05,16:24:59.665000,11555,11556,11556,1
2020-02-05,16:24:59.666000,11555,11556,11556,4
2020-02-05,16:24:59.728000,11555,11556,11556,1
2020-02-05,16:24:59.729000,11555,11556,11556,4
2020-02-05,16:25:01.204000,11556,11557,11556,1
2020-02-05,16:25:02.255000,11555,11557,11557,4
2020-02-05,16:25:02.481000,11555,11557,11557,1
2020-02-05,16:25:03.812000,11555,11556,11556,1
2020-02-05,16:25:05.079000,11555,11556,11555,2
2020-02-05,16:25:05.080000,11555,11556,11555,6
2020-02-05,16:25:11.739000,11555,11556,11556,1
2020-02-05,16:25:13.264000,11555,11556,11556,1
2020-02-05,16:25:14.201000,11555,11556,11555,1
2020-02-05,16:25:14.259000,11555,11556,11556,1
2020-02-05,16:25:14.342000,11555,11557,11556,1
2020-02-05,16:25:17.916000,11555,11556,11556,5
2020-02-05,16:25:21.496000,11556,11557,11556,1
2020-02-05,16:25:26.556000,11556,11557,11557,1
2020-02-05,16:25:29.263000,11556,11557,11557,1
2020-02-05,16:25:34.315000,11556,11557,11556,1
2020-02-05,16:25:34.418000,11556,11557,11557,1
2020-02-05,16:25:40.412000,11556,11557,11557,27
2020-02-05,16:25:40.412000,11556,11557,11557,1
2020-02-05,16:25:40.412000,11556,11557,11557,1
2020-02-05,16:25:40.412000,11556,11557,11557,2
2020-02-05,16:25:46.481000,11557,11558,11558,3
2020-02-05,16:25:46.595000,11557,11558,11558,4
2020-02-05,16:25:46.595000,11557,11558,11558,4
2020-02-05,16:25:46.600000,11557,11558,11558,4
2020-02-05,16:25:46.608000,11557,11558,11558,4
2020-02-05,16:25:46.608000,11557,11558,11558,4
2020-02-05,16:25:46.612000,11557,11558,11558,4
2020-02-05,16:25:46.662000,11557,11558,11558,4
2020-02-05,16:25:46.662000,11557,11558,11558,10
2020-02-05,16:25:46.662000,11557,11558,11558,1
2020-02-05,16:25:46.663000,11557,11558,11558,1
2020-02-05,16:25:46.663000,11557,11558,11558,3
2020-02-05,16:25:46.664000,11557,11558,11558,1
2020-02-05,16:25:46.669000,11557,11558,11558,3
2020-02-05,16:25:46.680000,11557,11558,11558,1
2020-02-05,16:25:46.721000,11557,11558,11557,1
2020-02-05,16:25:46.757000,11557,11558,11559,4
2020-02-05,16:25:46.783000,11557,11558,11559,4
2020-02-05,16:25:46.879000,11557,11559,11559,1
2020-02-05,16:25:46.880000,11557,11559,11559,3
2020-02-05,16:25:47.048000,11558,11559,11559,1
2020-02-05,16:25:47.503000,11558,11559,11559,7
2020-02-05,16:25:47.586000,11558,11559,11559,2
2020-02-05,16:25:47.774000,11558,11559,11559,1
2020-02-05,16:25:47.919000,11558,11559,11559,2
2020-02-05,16:25:50.732000,11558,11559,11559,2
2020-02-05,16:25:53.323000,11558,11559,11559,1
2020-02-05,16:25:53.441000,11558,11559,11559,1
2020-02-05,16:25:55.167000,11558,11559,11559,1
2020-02-05,16:25:55.376000,11558,11559,11559,2
2020-02-05,16:25:55.597000,11558,11559,11559,1
2020-02-05,16:25:56.375000,11558,11559,11559,5
2020-02-05,16:25:57.964000,11558,11559,11559,1
2020-02-05,16:26:00.752000,11558,11559,11559,1
2020-02-05,16:26:01.544000,11558,11559,11559,3
2020-02-05,16:26:06.580000,11558,11559,11558,1
2020-02-05,16:26:07.314000,11558,11559,11559,1
2020-02-05,16:26:09.949000,11558,11559,11558,1
2020-02-05,16:26:10.216000,11558,11559,11559,1
2020-02-05,16:26:14.080000,11558,11559,11558,1
2020-02-05,16:26:17.115000,11558,11559,11558,4
2020-02-05,16:26:18.775000,11557,11558,11558,3
2020-02-05,16:26:18.775000,11557,11558,11559,1
2020-02-05,16:26:20.073000,11557,11559,11559,2
2020-02-05,16:26:27.630000,11557,11559,11559,7
2020-02-05,16:26:28.201000,11558,11559,11558,1
2020-02-05,16:26:28.364000,11558,11559,11559,1
2020-02-05,16:26:32.516000,11558,11559,11559,2
2020-02-05,16:26:33.089000,11558,11559,11559,4
2020-02-05,16:26:35.518000,11559,11560,11560,4
2020-02-05,16:26:35.519000,11559,11560,11560,4
2020-02-05,16:26:35.519000,11559,11560,11560,5
2020-02-05,16:26:35.519000,11559,11560,11560,1
2020-02-05,16:26:35.519000,11559,11560,11560,3
2020-02-05,16:26:35.519000,11559,11560,11560,3
2020-02-05,16:26:35.520000,11559,11560,11560,3
2020-02-05,16:26:35.520000,11559,11560,11560,1
2020-02-05,16:26:35.537000,11559,11560,11560,4
2020-02-05,16:26:35.537000,11559,11560,11560,1
2020-02-05,16:26:35.575000,11559,11560,11560,1
2020-02-05,16:26:35.580000,11559,11560,11560,1
2020-02-05,16:26:35.585000,11559,11560,11560,1
2020-02-05,16:26:35.644000,11559,11560,11560,5
2020-02-05,16:26:35.882000,11559,11560,11560,1
2020-02-05,16:26:36.592000,11559,11560,11560,1
2020-02-05,16:26:36.687000,11559,11560,11560,1
2020-02-05,16:26:36.758000,11559,11560,11560,5
2020-02-05,16:26:36.787000,11559,11560,11560,1
2020-02-05,16:26:36.788000,11559,11560,11560,14
2020-02-05,16:26:36.975000,11559,11561,11561,1
2020-02-05,16:26:37.174000,11560,11561,11560,1
2020-02-05,16:26:37.443000,11560,11561,11561,1
2020-02-05,16:26:38.069000,11560,11561,11561,25
2020-02-05,16:26:38.162000,11560,11561,11561,2
2020-02-05,16:26:38.287000,11560,11561,11561,2
2020-02-05,16:26:38.383000,11560,11561,11561,4
2020-02-05,16:26:38.412000,11560,11561,11561,1
2020-02-05,16:26:38.412000,11560,11561,11561,2
2020-02-05,16:26:41.027000,11561,11562,11562,25
2020-02-05,16:26:41.220000,11561,11562,11562,1
2020-02-05,16:26:41.222000,11561,11562,11562,1
2020-02-05,16:26:41.572000,11561,11562,11562,2
2020-02-05,16:26:41.738000,11561,11562,11562,1
2020-02-05,16:26:41.866000,11561,11562,11562,3
2020-02-05,16:26:41.998000,11561,11562,11562,2
2020-02-05,16:26:42.191000,11561,11562,11561,2
2020-02-05,16:26:43.232000,11561,11562,11562,1
2020-02-05,16:26:44.041000,11561,11562,11562,1
2020-02-05,16:26:44.682000,11561,11562,11562,2
2020-02-05,16:26:44.904000,11561,11562,11562,1
2020-02-05,16:26:45.207000,11561,11562,11562,2
2020-02-05,16:26:46.216000,11561,11562,11562,1
2020-02-05,16:26:47.296000,11561,11562,11562,1
2020-02-05,16:26:47.475000,11561,11562,11562,1
2020-02-05,16:26:48.276000,11561,11562,11562,2
2020-02-05,16:26:48.697000,11561,11562,11562,1
2020-02-05,16:26:48.877000,11561,11563,11561,1
2020-02-05,16:26:49.648000,11561,11562,11562,2
2020-02-05,16:26:49.758000,11561,11562,11562,2
2020-02-05,16:26:50.953000,11562,11563,11563,1
2020-02-05,16:26:51.097000,11562,11563,11562,1
2020-02-05,16:26:51.110000,11562,11563,11563,2
2020-02-05,16:26:51.166000,11562,11563,11563,2
2020-02-05,16:26:51.513000,11562,11563,11563,6
2020-02-05,16:26:51.522000,11562,11563,11563,2
2020-02-05,16:26:51.606000,11562,11563,11563,1
2020-02-05,16:26:52.428000,11562,11563,11563,2
2020-02-05,16:26:53.586000,11562,11563,11562,1
2020-02-05,16:26:53.741000,11562,11563,11563,5
2020-02-05,16:26:53.914000,11562,11563,11563,1
2020-02-05,16:26:54.268000,11563,11564,11564,1
2020-02-05,16:26:54.381000,11563,11564,11563,2
2020-02-05,16:26:54.631000,11562,11563,11563,2
2020-02-05,16:26:54.721000,11562,11563,11563,1
2020-02-05,16:26:56.034000,11562,11564,11564,1
2020-02-05,16:26:58.335000,11563,11564,11564,1
2020-02-05,16:26:58.421000,11563,11564,11563,1
2020-02-05,16:27:01.222000,11563,11564,11563,1
2020-02-05,16:27:01.814000,11563,11564,11563,1
2020-02-05,16:27:01.987000,11562,11563,11563,2
2020-02-05,16:27:01.987000,11562,11563,11562,1
2020-02-05,16:27:01.987000,11562,11563,11564,2
2020-02-05,16:27:03.853000,11563,11564,11563,1
2020-02-05,16:27:05.604000,11563,11564,11563,2
2020-02-05,16:27:05.605000,11563,11564,11563,2
2020-02-05,16:27:05.606000,11563,11564,11563,2
2020-02-05,16:27:06.067000,11562,11563,11563,2
2020-02-05,16:27:06.171000,11562,11564,11563,1
2020-02-05,16:27:06.646000,11562,11564,11564,1
2020-02-05,16:27:06.899000,11562,11564,11564,1
2020-02-05,16:27:07.203000,11562,11564,11564,25
2020-02-05,16:27:10.050000,11564,11565,11564,1
2020-02-05,16:27:10.742000,11564,11565,11564,1
2020-02-05,16:27:12.310000,11564,11565,11565,2
2020-02-05,16:27:12.671000,11564,11565,11565,4
2020-02-05,16:27:13.267000,11564,11565,11565,2
2020-02-05,16:27:13.918000,11564,11565,11565,5
2020-02-05,16:27:16.258000,11564,11565,11565,2
2020-02-05,16:27:16.455000,11564,11565,11565,1
2020-02-05,16:27:17.712000,11564,11565,11565,1
2020-02-05,16:27:18.400000,11564,11565,11565,3
2020-02-05,16:27:18.427000,11564,11565,11565,1
2020-02-05,16:27:20.326000,11564,11565,11564,2
2020-02-05,16:27:20.723000,11563,11564,11564,1
2020-02-05,16:27:21.787000,11563,11564,11564,1
2020-02-05,16:27:22.424000,11563,11564,11564,1
2020-02-05,16:27:22.430000,11563,11564,11564,3
2020-02-05,16:27:23.373000,11563,11564,11564,1
2020-02-05,16:27:27.582000,11563,11564,11563,6
2020-02-05,16:27:27.662000,11563,11564,11563,1
2020-02-05,16:27:30.271000,11562,11563,11563,2
2020-02-05,16:27:33.829000,11562,11563,11562,1
2020-02-05,16:27:33.934000,11562,11563,11563,10
2020-02-05,16:27:34.551000,11562,11563,11563,1
2020-02-05,16:27:36.656000,11563,11564,11563,1
2020-02-05,16:27:38.625000,11563,11564,11564,2
2020-02-05,16:27:41.244000,11563,11564,11564,10
2020-02-05,16:27:45.368000,11564,11565,11565,2
2020-02-05,16:27:46.216000,11564,11565,11564,1
2020-02-05,16:27:48.087000,11563,11564,11564,2
2020-02-05,16:27:48.798000,11563,11564,11563,2
2020-02-05,16:27:49.878000,11563,11564,11564,1
2020-02-05,16:27:51.355000,11563,11564,11564,1
2020-02-05,16:27:51.890000,11563,11564,11564,4
2020-02-05,16:27:51.890000,11563,11564,11565,1
2020-02-05,16:27:51.915000,11563,11565,11565,1
2020-02-05,16:27:55.789000,11563,11564,11564,2
2020-02-05,16:27:58.070000,11563,11564,11563,1
2020-02-05,16:27:58.993000,11563,11564,11564,2
2020-02-05,16:27:58.993000,11563,11564,11565,3
2020-02-05,16:27:59.041000,11563,11565,11565,1
2020-02-05,16:28:00.703000,11564,11565,11564,3
2020-02-05,16:28:01.045000,11564,11565,11565,1
2020-02-05,16:28:01.329000,11564,11565,11565,1
2020-02-05,16:28:01.345000,11564,11565,11565,1
2020-02-05,16:28:01.378000,11564,11565,11565,1
2020-02-05,16:28:01.914000,11564,11565,11565,1
2020-02-05,16:28:02.359000,11564,11565,11565,8
2020-02-05,16:28:05.822000,11565,11566,11565,2
2020-02-05,16:28:06.845000,11565,11566,11566,1
2020-02-05,16:28:06.936000,11565,11566,11566,2
2020-02-05,16:28:06.943000,11565,11566,11566,1
2020-02-05,16:28:07.951000,11565,11566,11566,1
2020-02-05,16:28:08.038000,11565,11566,11566,7
2020-02-05,16:28:08.734000,11565,11566,11566,1
2020-02-05,16:28:11.138000,11566,11567,11566,1
2020-02-05,16:28:13.824000,11566,11567,11566,1
2020-02-05,16:28:14.100000,11565,11567,11566,3
2020-02-05,16:28:14.101000,11565,11567,11567,4
2020-02-05,16:28:14.117000,11565,11567,11566,4
2020-02-05,16:28:14.120000,11565,11567,11566,4
2020-02-05,16:28:14.122000,11565,11567,11566,4
2020-02-05,16:28:14.124000,11565,11567,11566,3
2020-02-05,16:28:14.274000,11565,11566,11566,1
2020-02-05,16:28:14.274000,11565,11566,11567,1
2020-02-05,16:28:16.204000,11566,11567,11566,1
2020-02-05,16:28:16.912000,11566,11567,11566,2
2020-02-05,16:28:17.265000,11565,11566,11566,1
2020-02-05,16:28:17.348000,11565,11567,11566,3
2020-02-05,16:28:18.267000,11566,11567,11566,1
2020-02-05,16:28:19.418000,11566,11567,11566,1
2020-02-05,16:28:20.051000,11566,11567,11567,1
2020-02-05,16:28:21.167000,11566,11567,11567,1
2020-02-05,16:28:21.332000,11566,11567,11566,1
2020-02-05,16:28:23.432000,11566,11567,11567,3
2020-02-05,16:28:23.599000,11566,11567,11566,1
2020-02-05,16:28:24.059000,11566,11567,11567,1
2020-02-05,16:28:24.226000,11566,11567,11567,1
2020-02-05,16:28:24.429000,11566,11567,11567,1
2020-02-05,16:28:25.775000,11566,11567,11567,1
2020-02-05,16:28:26.362000,11566,11567,11567,1
2020-02-05,16:28:27.084000,11566,11567,11567,4
2020-02-05,16:28:29.037000,11566,11567,11567,1
2020-02-05,16:28:29.405000,11566,11567,11567,4
2020-02-05,16:28:29.763000,11566,11567,11567,7
2020-02-05,16:28:29.813000,11566,11567,11567,1
2020-02-05,16:28:29.942000,11566,11567,11567,1
2020-02-05,16:28:29.942000,11566,11567,11567,1
2020-02-05,16:28:29.942000,11566,11567,11567,1
2020-02-05,16:28:29.942000,11566,11567,11567,1
2020-02-05,16:28:39.926000,11567,11568,11568,1
2020-02-05,16:28:40.055000,11567,11568,11567,1
2020-02-05,16:28:40.089000,11567,11568,11568,1
2020-02-05,16:28:40.090000,11567,11568,11568,2
2020-02-05,16:28:40.428000,11567,11568,11568,1
2020-02-05,16:28:42.105000,11567,11568,11568,1
2020-02-05,16:28:44.520000,11567,11568,11568,12
2020-02-05,16:28:44.534000,11567,11568,11568,1
2020-02-05,16:28:44.757000,11567,11568,11568,4
2020-02-05,16:28:45.097000,11567,11568,11568,1
2020-02-05,16:28:46.169000,11567,11568,11568,1
2020-02-05,16:28:48.031000,11567,11568,11568,1
2020-02-05,16:28:48.398000,11567,11568,11568,1
2020-02-05,16:28:49.104000,11568,11569,11569,3
2020-02-05,16:28:49.114000,11568,11569,11569,3
2020-02-05,16:28:49.171000,11568,11569,11569,2
2020-02-05,16:28:49.352000,11568,11569,11569,1
2020-02-05,16:28:49.560000,11568,11569,11569,1
2020-02-05,16:28:49.625000,11568,11569,11569,2
2020-02-05,16:28:49.683000,11568,11569,11568,1
2020-02-05,16:28:50.103000,11568,11569,11569,2
2020-02-05,16:28:51.087000,11568,11569,11569,10
2020-02-05,16:28:51.111000,11568,11569,11568,18
2020-02-05,16:28:51.163000,11567,11568,11568,2
2020-02-05,16:28:51.163000,11567,11568,11568,1
2020-02-05,16:28:52.279000,11568,11569,11568,1
2020-02-05,16:28:52.849000,11567,11568,11568,1
2020-02-05,16:28:53.698000,11567,11568,11568,2
2020-02-05,16:28:55.276000,11568,11569,11568,2
2020-02-05,16:28:55.276000,11568,11569,11568,1
2020-02-05,16:28:55.308000,11567,11568,11568,2
2020-02-05,16:28:55.324000,11567,11568,11568,1
2020-02-05,16:28:56.087000,11567,11569,11569,1
2020-02-05,16:28:56.879000,11568,11569,11569,2
2020-02-05,16:28:57.283000,11568,11570,11568,1
2020-02-05,16:28:59.299000,11569,11570,11569,1
2020-02-05,16:28:59.602000,11569,11570,11570,1
2020-02-05,16:28:59.674000,11569,11570,11570,1
2020-02-05,16:28:59.811000,11569,11570,11570,1
2020-02-05,16:28:59.811000,11569,11570,11570,1
2020-02-05,16:28:59.811000,11569,11570,11570,3
2020-02-05,16:28:59.903000,11569,11570,11569,2
2020-02-05,16:29:00.121000,11569,11570,11570,1
2020-02-05,16:29:00.126000,11569,11570,11570,2
2020-02-05,16:29:00.126000,11569,11570,11570,2
2020-02-05,16:29:00.126000,11569,11570,11570,4
2020-02-05,16:29:00.128000,11569,11570,11570,2
2020-02-05,16:29:00.162000,11569,11570,11570,4
2020-02-05,16:29:00.162000,11569,11570,11570,2
2020-02-05,16:29:00.506000,11569,11570,11570,1
2020-02-05,16:29:00.561000,11569,11570,11570,8
2020-02-05,16:29:01.255000,11570,11571,11571,1
2020-02-05,16:29:01.256000,11570,11571,11571,4
2020-02-05,16:29:01.297000,11570,11571,11571,6
2020-02-05,16:29:01.376000,11570,11571,11571,1
2020-02-05,16:29:01.413000,11570,11571,11571,3
2020-02-05,16:29:01.455000,11570,11571,11571,1
2020-02-05,16:29:01.661000,11571,11572,11572,1
2020-02-05,16:29:01.705000,11571,11572,11572,2
2020-02-05,16:29:01.713000,11571,11572,11572,1
2020-02-05,16:29:01.763000,11571,11572,11572,1
2020-02-05,16:29:01.938000,11571,11572,11572,1
2020-02-05,16:29:02.039000,11570,11572,11572,1
2020-02-05,16:29:02.111000,11570,11572,11570,1
2020-02-05,16:29:02.140000,11570,11572,11572,1
2020-02-05,16:29:03.154000,11571,11572,11571,1
2020-02-05,16:29:04.300000,11571,11572,11572,1
2020-02-05,16:29:05.067000,11571,11572,11571,1
2020-02-05,16:29:05.125000,11571,11572,11572,1
2020-02-05,16:29:06.024000,11571,11572,11572,1
2020-02-05,16:29:06.497000,11571,11572,11572,1
2020-02-05,16:29:06.918000,11571,11572,11572,1
2020-02-05,16:29:06.951000,11571,11572,11571,2
2020-02-05,16:29:06.951000,11571,11572,11571,2
2020-02-05,16:29:07.079000,11570,11571,11571,4
2020-02-05,16:29:07.079000,11570,11571,11572,4
2020-02-05,16:29:07.257000,11570,11572,11571,1
2020-02-05,16:29:07.339000,11570,11572,11571,4
2020-02-05,16:29:07.755000,11570,11571,11571,2
2020-02-05,16:29:08.250000,11570,11571,11571,1
2020-02-05,16:29:08.281000,11570,11571,11571,1
2020-02-05,16:29:10.037000,11570,11571,11571,1
2020-02-05,16:29:11.387000,11570,11571,11571,11
2020-02-05,16:29:12.969000,11571,11572,11572,5
2020-02-05,16:29:13.387000,11571,11572,11572,2
2020-02-05,16:29:13.814000,11571,11572,11572,2
2020-02-05,16:29:15.169000,11571,11572,11572,1
2020-02-05,16:29:16.335000,11571,11572,11571,1
2020-02-05,16:29:16.612000,11571,11572,11572,1
2020-02-05,16:29:18.016000,11571,11572,11572,3
2020-02-05,16:29:18.546000,11572,11573,11572,1
2020-02-05,16:29:20.704000,11572,11573,11572,1
2020-02-05,16:29:20.826000,11572,11573,11572,4
2020-02-05,16:29:20.912000,11572,11573,11572,2
2020-02-05,16:29:22.615000,11571,11573,11572,1
2020-02-05,16:29:23.014000,11572,11573,11572,3
2020-02-05,16:29:23.015000,11572,11573,11572,1
2020-02-05,16:29:25.392000,11572,11573,11572,1
2020-02-05,16:29:25.792000,11572,11573,11572,1
2020-02-05,16:29:27.540000,11572,11573,11572,1
2020-02-05,16:29:29.496000,11571,11572,11572,1
2020-02-05,16:29:31.063000,11571,11572,11572,1
2020-02-05,16:29:31.063000,11571,11572,11572,1
2020-02-05,16:29:31.063000,11571,11572,11572,1
2020-02-05,16:29:31.063000,11571,11572,11572,1
2020-02-05,16:29:31.200000,11572,11573,11573,4
2020-02-05,16:29:31.200000,11572,11573,11573,11
2020-02-05,16:29:31.200000,11572,11573,11573,4
2020-02-05,16:29:31.204000,11572,11573,11573,4
2020-02-05,16:29:31.204000,11572,11573,11573,4
2020-02-05,16:29:31.205000,11572,11573,11573,4
2020-02-05,16:29:31.288000,11572,11573,11573,1
2020-02-05,16:29:31.407000,11572,11573,11574,2
2020-02-05,16:29:31.418000,11573,11574,11574,1
2020-02-05,16:29:31.492000,11573,11574,11573,2
2020-02-05,16:29:31.541000,11572,11574,11573,1
2020-02-05,16:29:31.770000,11573,11574,11574,2
2020-02-05,16:29:32.299000,11573,11574,11574,15
2020-02-05,16:29:32.623000,11573,11574,11573,1
2020-02-05,16:29:33.157000,11573,11574,11573,1
2020-02-05,16:29:33.503000,11573,11574,11573,1
2020-02-05,16:29:33.622000,11573,11574,11573,1
2020-02-05,16:29:33.662000,11573,11574,11573,1
2020-02-05,16:29:33.932000,11572,11574,11572,18
2020-02-05,16:29:33.932000,11572,11574,11572,4
2020-02-05,16:29:33.974000,11572,11574,11572,1
2020-02-05,16:29:33.975000,11572,11574,11572,3
2020-02-05,16:29:34.020000,11572,11574,11572,1
2020-02-05,16:29:34.038000,11571,11573,11571,4
2020-02-05,16:29:34.038000,11571,11573,11571,4
2020-02-05,16:29:34.038000,11571,11573,11571,3
2020-02-05,16:29:34.410000,11572,11573,11572,1
2020-02-05,16:29:34.853000,11571,11573,11573,1
2020-02-05,16:29:36.315000,11572,11573,11573,1
2020-02-05,16:29:36.647000,11572,11573,11572,1
2020-02-05,16:29:37.858000,11571,11573,11573,3
2020-02-05,16:29:39.630000,11572,11573,11573,2
2020-02-05,16:29:40.690000,11572,11573,11573,2
2020-02-05,16:29:40.690000,11572,11573,11574,1
2020-02-05,16:29:41.662000,11573,11574,11573,1
2020-02-05,16:29:41.916000,11573,11574,11573,1
2020-02-05,16:29:42.341000,11572,11574,11573,1
2020-02-05,16:29:42.878000,11572,11573,11573,1
2020-02-05,16:29:43.120000,11573,11574,11574,3
2020-02-05,16:29:43.427000,11573,11574,11573,1
2020-02-05,16:29:43.884000,11572,11574,11574,9
2020-02-05,16:29:43.986000,11573,11574,11574,1
2020-02-05,16:29:45.004000,11573,11574,11574,1
2020-02-05,16:29:46.311000,11573,11574,11574,1
2020-02-05,16:29:46.364000,11573,11574,11574,1
2020-02-05,16:29:46.914000,11574,11575,11574,1
2020-02-05,16:29:47.382000,11573,11574,11574,6
2020-02-05,16:29:48.197000,11573,11575,11575,1
2020-02-05,16:29:48.310000,11573,11575,11574,1
2020-02-05,16:29:48.319000,11573,11575,11575,1
2020-02-05,16:29:48.406000,11573,11575,11574,1
2020-02-05,16:29:48.519000,11573,11574,11574,1
2020-02-05,16:29:49.055000,11573,11574,11574,3
2020-02-05,16:29:49.399000,11573,11574,11573,10
2020-02-05,16:29:49.872000,11572,11573,11573,2
2020-02-05,16:29:51.212000,11572,11573,11573,1
2020-02-05,16:29:51.734000,11572,11573,11573,15
2020-02-05,16:29:52.183000,11572,11573,11572,1
2020-02-05,16:29:52.755000,11572,11573,11573,1
2020-02-05,16:29:53.289000,11573,11574,11573,2
2020-02-05,16:29:53.406000,11573,11574,11574,3
2020-02-05,16:29:53.779000,11572,11574,11574,1
2020-02-05,16:29:53.816000,11572,11574,11574,3
2020-02-05,16:29:54.157000,11573,11574,11573,3
2020-02-05,16:29:54.384000,11572,11574,11574,11
2020-02-05,16:29:54.485000,11572,11574,11574,1
2020-02-05,16:29:54.538000,11573,11574,11573,1
2020-02-05,16:29:54.541000,11573,11574,11574,2
2020-02-05,16:29:55.242000,11573,11574,11574,1
2020-02-05,16:29:58.341000,11573,11574,11573,1
2020-02-05,16:29:59.123000,11573,11574,11573,1
2020-02-05,16:29:59.384000,11572,11574,11574,2
2020-02-05,16:30:00.805000,11573,11574,11574,1
2020-02-05,16:30:00.809000,11573,11574,11574,1
2020-02-05,16:30:00.991000,11574,11575,11575,3
2020-02-05,16:30:01.061000,11574,11575,11575,3
2020-02-05,16:30:01.174000,11574,11575,11574,10
2020-02-05,16:30:01.244000,11574,11575,11574,2
2020-02-05,16:30:01.322000,11574,11575,11575,4
2020-02-05,16:30:01.368000,11574,11575,11575,1
2020-02-05,16:30:01.468000,11574,11575,11574,1
2020-02-05,16:30:01.496000,11574,11575,11575,1
2020-02-05,16:30:01.509000,11574,11575,11575,1
2020-02-05,16:30:01.546000,11574,11575,11575,2
2020-02-05,16:30:01.588000,11574,11575,11575,1
2020-02-05,16:30:01.593000,11574,11575,11574,8
2020-02-05,16:30:01.595000,11574,11575,11575,1
2020-02-05,16:30:01.774000,11574,11575,11576,2
2020-02-05,16:30:01.796000,11574,11576,11576,1
2020-02-05,16:30:01.911000,11574,11576,11575,1
2020-02-05,16:30:02.131000,11574,11575,11575,1
2020-02-05,16:30:02.131000,11574,11575,11576,1
2020-02-05,16:30:02.277000,11574,11576,11575,1
2020-02-05,16:30:02.317000,11575,11576,11576,2
2020-02-05,16:30:02.379000,11575,11576,11576,1
2020-02-05,16:30:02.391000,11575,11576,11576,2
2020-02-05,16:30:02.443000,11575,11576,11576,2
2020-02-05,16:30:02.667000,11575,11576,11575,2
2020-02-05,16:30:02.734000,11575,11576,11576,1
2020-02-05,16:30:02.926000,11575,11576,11576,2
2020-02-05,16:30:03.278000,11575,11576,11575,1
2020-02-05,16:30:03.782000,11575,11576,11576,1
2020-02-05,16:30:03.783000,11575,11576,11576,2
2020-02-05,16:30:03.783000,11575,11576,11576,1
2020-02-05,16:30:03.890000,11576,11577,11576,1
2020-02-05,16:30:04.104000,11576,11577,11575,5
2020-02-05,16:30:04.376000,11575,11577,11577,3
2020-02-05,16:30:04.513000,11575,11577,11577,1
2020-02-05,16:30:04.601000,11575,11577,11577,2
2020-02-05,16:30:04.953000,11576,11577,11576,1
2020-02-05,16:30:05.699000,11575,11577,11577,2
2020-02-05,16:30:05.893000,11575,11577,11577,2
2020-02-05,16:30:06.136000,11576,11577,11577,2
2020-02-05,16:30:06.158000,11576,11577,11577,2
2020-02-05,16:30:06.504000,11576,11577,11577,1
2020-02-05,16:30:06.513000,11576,11577,11577,1
2020-02-05,16:30:06.538000,11576,11577,11576,1
2020-02-05,16:30:06.802000,11575,11577,11576,1
2020-02-05,16:30:06.802000,11575,11577,11577,1
2020-02-05,16:30:07.150000,11575,11576,11576,1
2020-02-05,16:30:07.561000,11575,11576,11576,2
2020-02-05,16:30:07.588000,11575,11576,11576,1
2020-02-05,16:30:07.699000,11575,11576,11575,2
2020-02-05,16:30:07.728000,11575,11576,11576,1
2020-02-05,16:30:07.980000,11575,11576,11576,1
2020-02-05,16:30:08.776000,11575,11576,11576,9
2020-02-05,16:30:08.776000,11575,11576,11576,1
2020-02-05,16:30:08.917000,11575,11576,11575,5
2020-02-05,16:30:09.856000,11575,11576,11575,1
2020-02-05,16:30:10.440000,11574,11575,11575,10
2020-02-05,16:30:10.655000,11574,11575,11574,1
2020-02-05,16:30:10.715000,11574,11575,11574,2
2020-02-05,16:30:10.934000,11574,11575,11575,1
2020-02-05,16:30:11.385000,11574,11575,11575,9
2020-02-05,16:30:11.385000,11574,11575,11576,1
2020-02-05,16:30:11.650000,11574,11576,11576,1
2020-02-05,16:30:11.877000,11574,11576,11576,7
2020-02-05,16:30:13.295000,11574,11575,11575,1
2020-02-05,16:30:14.400000,11574,11575,11575,1
2020-02-05,16:30:15.373000,11574,11575,11575,1
2020-02-05,16:30:15.842000,11574,11575,11575,3
2020-02-05,16:30:15.869000,11574,11575,11575,1
2020-02-05,16:30:16.033000,11574,11575,11574,3
2020-02-05,16:30:16.080000,11574,11575,11574,1
2020-02-05,16:30:16.663000,11574,11575,11574,1
2020-02-05,16:30:16.758000,11574,11575,11573,1
2020-02-05,16:30:17.031000,11573,11575,11573,1
2020-02-05,16:30:17.803000,11573,11574,11573,1
2020-02-05,16:30:18.226000,11573,11574,11574,1
2020-02-05,16:30:19.338000,11573,11574,11574,1
2020-02-05,16:30:20.910000,11573,11574,11574,1
2020-02-05,16:30:21.103000,11573,11574,11573,2
2020-02-05,16:30:21.103000,11573,11574,11573,9
2020-02-05,16:30:21.266000,11572,11573,11573,2
2020-02-05,16:30:22.268000,11572,11573,11572,4
2020-02-05,16:30:22.274000,11572,11573,11572,4
2020-02-05,16:30:22.276000,11572,11573,11572,8
2020-02-05,16:30:22.515000,11572,11573,11572,1
2020-02-05,16:30:25.162000,11572,11574,11572,1
2020-02-05,16:30:25.857000,11572,11574,11572,4
2020-02-05,16:30:27.961000,11573,11574,11573,2
2020-02-05,16:30:28.561000,11573,11574,11574,1
2020-02-05,16:30:29.782000,11573,11574,11574,2
2020-02-05,16:30:30.541000,11574,11575,11575,7
2020-02-05,16:30:30.541000,11574,11575,11575,1
2020-02-05,16:30:30.951000,11574,11576,11574,1
2020-02-05,16:30:31.375000,11574,11576,11574,1
2020-02-05,16:30:31.482000,11574,11576,11574,2
2020-02-05,16:30:33.074000,11574,11576,11574,1
2020-02-05,16:30:36.489000,11574,11575,11574,1
2020-02-05,16:30:37.987000,11574,11575,11575,2
2020-02-05,16:30:39.842000,11574,11575,11574,1
2020-02-05,16:30:43.540000,11574,11575,11575,1
2020-02-05,16:30:44.339000,11574,11575,11575,5
2020-02-05,16:30:45.804000,11574,11575,11574,2
2020-02-05,16:30:45.805000,11574,11575,11574,2
2020-02-05,16:30:45.805000,11574,11575,11574,2
2020-02-05,16:30:45.987000,11573,11574,11574,1
2020-02-05,16:30:48.885000,11574,11575,11575,1
2020-02-05,16:30:49.965000,11574,11575,11575,1
2020-02-05,16:30:52.971000,11574,11575,11575,1
2020-02-05,16:30:55.371000,11574,11575,11574,8
2020-02-05,16:30:55.582000,11573,11574,11573,2
2020-02-05,16:30:56.683000,11573,11574,11573,2
2020-02-05,16:30:56.683000,11573,11574,11573,8
2020-02-05,16:30:56.874000,11572,11574,11573,1
2020-02-05,16:30:57.498000,11572,11574,11572,1
2020-02-05,16:30:57.693000,11572,11574,11572,1
2020-02-05,16:31:00.582000,11572,11573,11573,1
2020-02-05,16:31:00.879000,11573,11574,11574,1
2020-02-05,16:31:00.996000,11573,11574,11574,3
2020-02-05,16:31:00.996000,11573,11574,11574,10
2020-02-05,16:31:01.175000,11573,11575,11575,6
2020-02-05,16:31:01.175000,11573,11575,11575,3
2020-02-05,16:31:01.199000,11573,11575,11575,1
2020-02-05,16:31:01.199000,11573,11575,11575,3
2020-02-05,16:31:01.246000,11573,11575,11575,8
2020-02-05,16:31:01.255000,11573,11575,11575,3
2020-02-05,16:31:01.300000,11573,11576,11575,1
2020-02-05,16:31:01.300000,11573,11576,11575,2
2020-02-05,16:31:01.300000,11573,11576,11576,1
2020-02-05,16:31:01.301000,11573,11576,11576,3
2020-02-05,16:31:01.301000,11573,11576,11576,1
2020-02-05,16:31:01.310000,11573,11576,11576,1
2020-02-05,16:31:01.413000,11574,11575,11576,2
2020-02-05,16:31:01.999000,11575,11576,11575,1
2020-02-05,16:31:02.341000,11575,11576,11576,1
2020-02-05,16:31:02.812000,11575,11576,11575,6
2020-02-05,16:31:05.397000,11574,11575,11575,2
2020-02-05,16:31:06.112000,11574,11575,11574,2
2020-02-05,16:31:08.178000,11574,11575,11575,11
2020-02-05,16:31:08.240000,11574,11575,11574,2
2020-02-05,16:31:11.037000,11573,11574,11574,4
2020-02-05,16:31:12.587000,11573,11574,11574,7
2020-02-05,16:31:13.533000,11573,11575,11574,4
2020-02-05,16:31:13.539000,11574,11575,11574,1
2020-02-05,16:31:14.899000,11573,11574,11574,2
2020-02-05,16:31:16.983000,11573,11574,11574,2
2020-02-05,16:31:20.148000,11573,11574,11573,1
2020-02-05,16:31:20.282000,11573,11574,11573,1
2020-02-05,16:31:21.699000,11573,11574,11574,2
2020-02-05,16:31:24.059000,11573,11574,11574,4
2020-02-05,16:31:27.209000,11573,11574,11574,1
2020-02-05,16:31:27.581000,11573,11574,11573,2
2020-02-05,16:31:28.562000,11573,11574,11573,2
2020-02-05,16:31:28.562000,11573,11574,11573,4
2020-02-05,16:31:35.357000,11572,11573,11573,1
2020-02-05,16:31:36.298000,11572,11573,11573,1
2020-02-05,16:31:46.448000,11572,11573,11573,2
2020-02-05,16:31:50.077000,11572,11573,11572,2
2020-02-05,16:31:50.795000,11572,11573,11572,1
2020-02-05,16:31:51.212000,11572,11573,11573,4
2020-02-05,16:31:51.331000,11573,11574,11573,1
2020-02-05,16:31:54.622000,11572,11573,11573,1
2020-02-05,16:31:57.194000,11572,11573,11572,1
2020-02-05,16:32:02.084000,11572,11573,11572,1
2020-02-05,16:32:02.439000,11572,11573,11573,2
2020-02-05,16:32:02.456000,11572,11573,11573,1
2020-02-05,16:32:03.837000,11572,11573,11573,1
2020-02-05,16:32:04.296000,11572,11573,11572,1
2020-02-05,16:32:04.729000,11572,11573,11572,1
2020-02-05,16:32:05.140000,11572,11573,11572,2
2020-02-05,16:32:05.419000,11572,11573,11573,1
2020-02-05,16:32:05.420000,11572,11573,11573,2
2020-02-05,16:32:05.420000,11572,11573,11573,1
2020-02-05,16:32:05.420000,11572,11573,11573,1
2020-02-05,16:32:05.420000,11572,11573,11573,3
2020-02-05,16:32:05.670000,11573,11574,11573,1
2020-02-05,16:32:07.869000,11573,11574,11573,4
2020-02-05,16:32:07.917000,11573,11574,11573,1
2020-02-05,16:32:08.393000,11573,11574,11573,2
2020-02-05,16:32:09.027000,11573,11574,11573,4
2020-02-05,16:32:11.123000,11573,11574,11573,2
2020-02-05,16:32:11.341000,11572,11574,11572,1
2020-02-05,16:32:12.766000,11573,11574,11574,1
2020-02-05,16:32:12.799000,11573,11574,11573,2
2020-02-05,16:32:22.492000,11572,11573,11573,1
2020-02-05,16:32:22.492000,11572,11573,11573,1
2020-02-05,16:32:23.240000,11573,11574,11573,2
2020-02-05,16:32:29.848000,11573,11574,11574,1
2020-02-05,16:32:29.921000,11573,11574,11573,3
2020-02-05,16:32:30.395000,11573,11574,11574,1
2020-02-05,16:32:30.417000,11573,11574,11573,1
2020-02-05,16:32:31.057000,11573,11574,11574,1
2020-02-05,16:32:36.155000,11573,11574,11574,9
2020-02-05,16:32:36.162000,11574,11575,11574,1
2020-02-05,16:32:40.021000,11573,11575,11575,1
2020-02-05,16:32:41.052000,11573,11574,11574,1
2020-02-05,16:32:41.295000,11573,11575,11575,1
2020-02-05,16:32:44.462000,11573,11574,11574,3
2020-02-05,16:32:47.187000,11574,11575,11574,1
2020-02-05,16:32:49.446000,11574,11575,11575,2
2020-02-05,16:32:52.065000,11574,11575,11574,1
2020-02-05,16:32:53.237000,11574,11575,11574,1
2020-02-05,16:32:54.090000,11574,11575,11574,1
2020-02-05,16:32:59.355000,11574,11575,11575,1
2020-02-05,16:33:00.708000,11574,11575,11574,1
2020-02-05,16:33:02.462000,11574,11575,11575,10
2020-02-05,16:33:02.753000,11574,11575,11575,9
2020-02-05,16:33:02.862000,11574,11575,11575,2
2020-02-05,16:33:02.862000,11574,11575,11575,1
2020-02-05,16:33:02.862000,11574,11575,11575,1
2020-02-05,16:33:02.869000,11574,11575,11576,2
2020-02-05,16:33:03.332000,11575,11576,11576,1
2020-02-05,16:33:03.917000,11575,11576,11575,1
2020-02-05,16:33:07.878000,11575,11576,11576,2
2020-02-05,16:33:09.032000,11576,11577,11577,16
2020-02-05,16:33:09.032000,11576,11577,11577,2
2020-02-05,16:33:09.032000,11576,11577,11577,3
2020-02-05,16:33:09.037000,11576,11577,11577,2
2020-02-05,16:33:09.145000,11576,11577,11578,2
2020-02-05,16:33:09.339000,11577,11578,11578,1
