2020-05-29,15:00:00,10918,10922,10911,26
2020-05-29,15:00:00,10911,10912,10912,1
2020-05-29,15:00:00,10911,10912,10912,4
2020-05-29,15:00:00,10911,10912,10911,2
2020-05-29,15:00:00,10911,10912,10911,7
2020-05-29,15:00:00,10911,10912,10911,3
2020-05-29,15:00:00,10911,10913,10911,3
2020-05-29,15:00:00,10911,10913,10911,3
2020-05-29,15:00:00,10911,10913,10910,2
2020-05-29,15:00:01,10910,10911,10911,1
2020-05-29,15:00:01,10910,10911,10911,1
2020-05-29,15:00:01,10910,10911,10912,1
2020-05-29,15:00:01,10911,10912,10912,5
2020-05-29,15:00:01,10911,10912,10913,1
2020-05-29,15:00:01,10911,10913,10911,3
2020-05-29,15:00:01,10911,10913,10911,3
2020-05-29,15:00:01,10911,10913,10911,3
2020-05-29,15:00:01,10910,10912,10912,1
2020-05-29,15:00:01,10910,10912,10912,1
2020-05-29,15:00:01,10910,10912,10911,4
2020-05-29,15:00:02,10910,10911,10910,4
2020-05-29,15:00:02,10910,10911,10910,1
2020-05-29,15:00:02,10910,10911,10910,6
2020-05-29,15:00:02,10909,10910,10910,1
2020-05-29,15:00:02,10909,10910,10910,1
2020-05-29,15:00:02,10909,10910,10909,4
2020-05-29,15:00:03,10909,10910,10909,1
2020-05-29,15:00:03,10909,10910,10909,1
2020-05-29,15:00:03,10909,10910,10909,1
2020-05-29,15:00:04,10909,10910,10909,2
2020-05-29,15:00:04,10909,10910,10910,3
2020-05-29,15:00:04,10909,10910,10909,8
2020-05-29,15:00:04,10909,10910,10909,1
2020-05-29,15:00:04,10908,10910,10910,1
2020-05-29,15:00:04,10908,10910,10910,3
2020-05-29,15:00:05,10909,10911,10909,2
2020-05-29,15:00:05,10909,10910,10909,1
2020-05-29,15:00:05,10908,10910,10909,1
2020-05-29,15:00:05,10908,10909,10908,1
2020-05-29,15:00:06,10908,10909,10909,3
2020-05-29,15:00:06,10908,10909,10908,1
2020-05-29,15:00:06,10908,10909,10909,3
2020-05-29,15:00:06,10909,10911,10909,2
2020-05-29,15:00:07,10909,10911,10909,1
2020-05-29,15:00:07,10909,10911,10911,1
2020-05-29,15:00:07,10909,10911,10909,1
2020-05-29,15:00:08,10908,10909,10909,1
2020-05-29,15:00:08,10909,10910,10909,1
2020-05-29,15:00:08,10909,10910,10910,1
2020-05-29,15:00:08,10909,10910,10909,1
2020-05-29,15:00:09,10908,10909,10909,5
2020-05-29,15:00:09,10908,10909,10909,1
2020-05-29,15:00:10,10909,10910,10910,1
2020-05-29,15:00:11,10910,10911,10910,1
2020-05-29,15:00:11,10910,10911,10911,2
2020-05-29,15:00:11,10910,10911,10911,3
2020-05-29,15:00:11,10910,10911,10911,6
2020-05-29,15:00:11,10910,10911,10911,1
2020-05-29,15:00:11,10911,10912,10912,2
2020-05-29,15:00:11,10911,10912,10912,2
2020-05-29,15:00:14,10912,10913,10912,1
2020-05-29,15:00:14,10912,10913,10913,1
2020-05-29,15:00:14,10912,10913,10913,1
2020-05-29,15:00:14,10912,10913,10913,1
2020-05-29,15:00:15,10912,10913,10913,2
2020-05-29,15:00:15,10913,10914,10914,2
2020-05-29,15:00:15,10913,10914,10914,2
2020-05-29,15:00:15,10913,10914,10913,1
2020-05-29,15:00:15,10913,10914,10913,1
2020-05-29,15:00:15,10913,10914,10913,2
2020-05-29,15:00:16,10912,10914,10911,3
2020-05-29,15:00:16,10912,10914,10912,3
2020-05-29,15:00:17,10911,10913,10913,1
2020-05-29,15:00:17,10911,10913,10911,1
2020-05-29,15:00:18,10911,10912,10911,1
2020-05-29,15:00:19,10911,10912,10911,1
2020-05-29,15:00:19,10911,10912,10911,6
2020-05-29,15:00:20,10910,10911,10910,5
2020-05-29,15:00:20,10910,10911,10910,1
2020-05-29,15:00:20,10909,10911,10909,1
2020-05-29,15:00:20,10909,10911,10911,1
2020-05-29,15:00:20,10909,10911,10911,1
2020-05-29,15:00:21,10910,10911,10910,2
2020-05-29,15:00:25,10910,10911,10910,1
2020-05-29,15:00:25,10910,10911,10910,4
2020-05-29,15:00:25,10909,10910,10910,1
2020-05-29,15:00:25,10909,10910,10909,4
2020-05-29,15:00:27,10908,10909,10908,2
2020-05-29,15:00:27,10908,10909,10909,1
2020-05-29,15:00:27,10908,10909,10908,10
2020-05-29,15:00:27,10908,10909,10908,8
2020-05-29,15:00:27,10907,10909,10909,4
2020-05-29,15:00:27,10907,10909,10909,15
2020-05-29,15:00:27,10907,10909,10909,1
2020-05-29,15:00:27,10908,10910,10908,2
2020-05-29,15:00:27,10908,10910,10907,2
2020-05-29,15:00:27,10908,10910,10907,2
2020-05-29,15:00:27,10907,10909,10907,2
2020-05-29,15:00:27,10907,10909,10907,4
2020-05-29,15:00:28,10907,10908,10907,1
2020-05-29,15:00:28,10906,10907,10907,1
2020-05-29,15:00:28,10906,10907,10907,3
2020-05-29,15:00:28,10906,10907,10907,1
2020-05-29,15:00:28,10907,10909,10907,1
2020-05-29,15:00:29,10907,10909,10909,1
2020-05-29,15:00:29,10907,10909,10907,1
2020-05-29,15:00:30,10907,10909,10907,1
2020-05-29,15:00:30,10907,10909,10908,2
2020-05-29,15:00:31,10906,10908,10906,5
2020-05-29,15:00:31,10906,10908,10906,3
2020-05-29,15:00:31,10906,10908,10906,1
2020-05-29,15:00:31,10906,10908,10906,1
2020-05-29,15:00:31,10906,10907,10906,1
2020-05-29,15:00:31,10906,10907,10906,1
2020-05-29,15:00:31,10905,10906,10905,3
2020-05-29,15:00:31,10905,10906,10905,2
2020-05-29,15:00:31,10905,10906,10905,2
2020-05-29,15:00:31,10905,10906,10905,10
2020-05-29,15:00:31,10905,10906,10905,5
2020-05-29,15:00:31,10904,10906,10904,2
2020-05-29,15:00:31,10904,10906,10904,1
2020-05-29,15:00:31,10904,10906,10904,1
2020-05-29,15:00:32,10904,10906,10904,1
2020-05-29,15:00:32,10904,10906,10904,1
2020-05-29,15:00:32,10904,10906,10904,3
2020-05-29,15:00:32,10904,10906,10905,1
2020-05-29,15:00:32,10904,10906,10904,4
2020-05-29,15:00:32,10904,10905,10904,2
2020-05-29,15:00:33,10904,10905,10904,1
2020-05-29,15:00:34,10904,10905,10905,1
2020-05-29,15:00:34,10904,10905,10906,1
2020-05-29,15:00:35,10905,10907,10905,1
2020-05-29,15:00:35,10905,10907,10905,1
2020-05-29,15:00:36,10905,10907,10905,5
2020-05-29,15:00:38,10906,10907,10906,1
2020-05-29,15:00:45,10906,10907,10907,1
2020-05-29,15:00:45,10906,10907,10907,1
2020-05-29,15:00:45,10906,10907,10907,4
2020-05-29,15:00:45,10906,10907,10907,2
2020-05-29,15:00:45,10906,10907,10907,4
2020-05-29,15:00:45,10906,10907,10907,1
2020-05-29,15:00:45,10906,10907,10907,20
2020-05-29,15:00:45,10906,10907,10907,4
2020-05-29,15:00:45,10906,10907,10907,1
2020-05-29,15:00:46,10906,10907,10906,1
2020-05-29,15:00:47,10906,10907,10907,1
2020-05-29,15:00:47,10906,10907,10907,1
2020-05-29,15:00:48,10906,10907,10907,1
2020-05-29,15:00:48,10906,10907,10907,3
2020-05-29,15:00:49,10906,10907,10906,1
2020-05-29,15:00:49,10906,10907,10907,1
2020-05-29,15:00:49,10906,10907,10907,1
2020-05-29,15:00:50,10906,10907,10907,1
2020-05-29,15:00:50,10906,10907,10907,2
2020-05-29,15:00:50,10906,10907,10907,3
2020-05-29,15:00:50,10906,10907,10907,2
2020-05-29,15:00:50,10906,10907,10907,1
2020-05-29,15:00:51,10907,10908,10907,1
2020-05-29,15:00:52,10907,10908,10907,1
2020-05-29,15:00:52,10907,10908,10907,1
2020-05-29,15:00:54,10907,10908,10908,50
2020-05-29,15:00:54,10907,10908,10909,2
2020-05-29,15:00:54,10907,10908,10909,1
2020-05-29,15:00:55,10908,10910,10910,1
2020-05-29,15:00:57,10909,10911,10909,1
2020-05-29,15:01:00,10908,10910,10910,1
2020-05-29,15:01:00,10908,10910,10910,1
2020-05-29,15:01:00,10909,10910,10910,1
2020-05-29,15:01:02,10909,10910,10909,4
2020-05-29,15:01:05,10909,10910,10910,1
2020-05-29,15:01:05,10909,10911,10909,2
2020-05-29,15:01:05,10909,10911,10909,1
2020-05-29,15:01:05,10909,10911,10908,1
2020-05-29,15:01:05,10909,10911,10909,1
2020-05-29,15:01:05,10909,10911,10908,1
2020-05-29,15:01:05,10909,10911,10908,1
2020-05-29,15:01:05,10909,10911,10908,1
2020-05-29,15:01:05,10909,10911,10908,1
2020-05-29,15:01:05,10909,10911,10908,4
2020-05-29,15:01:05,10909,10911,10908,2
2020-05-29,15:01:06,10909,10910,10910,2
2020-05-29,15:01:06,10909,10910,10911,2
2020-05-29,15:01:06,10909,10911,10909,1
2020-05-29,15:01:07,10910,10911,10910,1
2020-05-29,15:01:08,10910,10911,10910,1
2020-05-29,15:01:09,10910,10911,10910,1
2020-05-29,15:01:09,10910,10911,10910,1
2020-05-29,15:01:10,10910,10911,10911,3
2020-05-29,15:01:11,10910,10911,10910,3
2020-05-29,15:01:11,10909,10911,10910,2
2020-05-29,15:01:13,10909,10910,10910,1
2020-05-29,15:01:13,10909,10910,10910,7
2020-05-29,15:01:13,10909,10910,10910,2
2020-05-29,15:01:13,10910,10911,10910,1
2020-05-29,15:01:13,10910,10911,10910,1
2020-05-29,15:01:14,10909,10911,10910,1
2020-05-29,15:01:15,10909,10910,10910,1
2020-05-29,15:01:15,10909,10910,10910,1
2020-05-29,15:01:17,10908,10910,10910,1
2020-05-29,15:01:19,10909,10910,10910,3
2020-05-29,15:01:20,10909,10910,10910,1
2020-05-29,15:01:22,10909,10910,10910,2
2020-05-29,15:01:25,10909,10910,10910,6
2020-05-29,15:01:25,10909,10910,10910,6
2020-05-29,15:01:25,10909,10910,10910,2
2020-05-29,15:01:25,10909,10910,10910,2
2020-05-29,15:01:26,10909,10910,10910,2
2020-05-29,15:01:27,10909,10910,10909,1
2020-05-29,15:01:27,10909,10910,10909,1
2020-05-29,15:01:28,10909,10910,10910,1
2020-05-29,15:01:28,10909,10910,10909,1
2020-05-29,15:01:30,10909,10910,10910,1
2020-05-29,15:01:31,10909,10910,10910,2
2020-05-29,15:01:31,10909,10910,10910,4
2020-05-29,15:01:33,10910,10911,10911,1
2020-05-29,15:01:34,10910,10911,10910,1
2020-05-29,15:01:34,10910,10911,10910,1
2020-05-29,15:01:34,10910,10911,10910,1
2020-05-29,15:01:34,10909,10910,10909,3
2020-05-29,15:01:34,10909,10910,10909,1
2020-05-29,15:01:34,10909,10910,10909,3
2020-05-29,15:01:34,10909,10910,10909,2
2020-05-29,15:01:34,10909,10910,10910,1
2020-05-29,15:01:35,10909,10910,10910,1
2020-05-29,15:01:37,10909,10910,10910,2
2020-05-29,15:01:37,10909,10910,10910,1
2020-05-29,15:01:37,10910,10911,10910,2
2020-05-29,15:01:37,10909,10910,10910,7
2020-05-29,15:01:37,10909,10910,10910,1
2020-05-29,15:01:39,10910,10911,10910,4
2020-05-29,15:01:39,10910,10911,10910,1
2020-05-29,15:01:40,10910,10911,10911,1
2020-05-29,15:01:41,10910,10911,10910,1
2020-05-29,15:01:41,10909,10911,10911,1
2020-05-29,15:01:43,10909,10910,10910,3
2020-05-29,15:01:43,10909,10910,10910,1
2020-05-29,15:01:43,10910,10911,10910,1
2020-05-29,15:01:44,10909,10910,10910,1
2020-05-29,15:01:51,10910,10911,10910,1
2020-05-29,15:01:54,10910,10911,10911,3
2020-05-29,15:01:54,10910,10911,10911,15
2020-05-29,15:01:54,10910,10911,10911,3
2020-05-29,15:01:54,10910,10911,10911,7
2020-05-29,15:01:54,10910,10911,10911,18
2020-05-29,15:01:54,10910,10911,10911,7
2020-05-29,15:01:54,10910,10911,10912,1
2020-05-29,15:01:54,10910,10911,10912,7
2020-05-29,15:01:54,10910,10911,10912,6
2020-05-29,15:01:54,10910,10911,10912,12
2020-05-29,15:01:54,10910,10911,10912,23
2020-05-29,15:01:54,10910,10911,10912,2
2020-05-29,15:01:54,10910,10911,10912,2
2020-05-29,15:01:54,10910,10911,10913,7
2020-05-29,15:01:54,10910,10911,10913,12
2020-05-29,15:01:55,10913,10914,10914,1
2020-05-29,15:01:55,10913,10914,10914,2
2020-05-29,15:01:55,10913,10914,10914,5
2020-05-29,15:01:56,10913,10914,10914,1
2020-05-29,15:02:01,10913,10914,10914,1
2020-05-29,15:02:01,10913,10914,10914,1
2020-05-29,15:02:02,10913,10914,10913,3
2020-05-29,15:02:03,10913,10914,10914,1
2020-05-29,15:02:03,10913,10914,10914,5
2020-05-29,15:02:03,10914,10915,10914,1
2020-05-29,15:02:03,10914,10915,10914,3
2020-05-29,15:02:04,10913,10914,10913,1
2020-05-29,15:02:04,10913,10914,10913,1
2020-05-29,15:02:04,10913,10914,10913,1
2020-05-29,15:02:04,10913,10914,10913,1
2020-05-29,15:02:05,10912,10914,10914,1
2020-05-29,15:02:06,10912,10913,10912,1
2020-05-29,15:02:07,10912,10913,10913,1
2020-05-29,15:02:09,10912,10913,10913,1
2020-05-29,15:02:11,10912,10913,10913,1
2020-05-29,15:02:12,10912,10914,10914,1
2020-05-29,15:02:12,10912,10914,10913,1
2020-05-29,15:02:13,10912,10913,10913,1
2020-05-29,15:02:14,10912,10913,10913,2
2020-05-29,15:02:14,10913,10914,10913,2
2020-05-29,15:02:14,10913,10914,10913,1
2020-05-29,15:02:14,10913,10914,10913,1
2020-05-29,15:02:15,10912,10913,10913,2
2020-05-29,15:02:15,10912,10913,10912,4
2020-05-29,15:02:15,10912,10913,10912,2
2020-05-29,15:02:15,10912,10913,10912,1
2020-05-29,15:02:15,10912,10913,10912,1
2020-05-29,15:02:15,10912,10913,10912,26
2020-05-29,15:02:15,10912,10913,10911,3
2020-05-29,15:02:16,10910,10911,10910,2
2020-05-29,15:02:16,10910,10911,10910,5
2020-05-29,15:02:18,10910,10911,10911,1
2020-05-29,15:02:18,10910,10911,10911,1
2020-05-29,15:02:31,10910,10911,10911,2
2020-05-29,15:02:32,10910,10911,10911,1
2020-05-29,15:02:34,10910,10911,10910,9
2020-05-29,15:02:34,10910,10911,10910,5
2020-05-29,15:02:34,10910,10911,10910,1
2020-05-29,15:02:34,10910,10911,10910,4
2020-05-29,15:02:34,10910,10911,10910,6
2020-05-29,15:02:34,10910,10911,10910,5
2020-05-29,15:02:34,10910,10911,10910,3
2020-05-29,15:02:34,10910,10911,10910,2
2020-05-29,15:02:34,10910,10911,10909,9
2020-05-29,15:02:34,10910,10911,10909,2
2020-05-29,15:02:34,10910,10911,10909,6
2020-05-29,15:02:34,10910,10911,10909,2
2020-05-29,15:02:35,10908,10909,10910,1
2020-05-29,15:02:35,10908,10909,10909,1
2020-05-29,15:02:36,10909,10911,10911,1
2020-05-29,15:02:38,10910,10911,10910,2
2020-05-29,15:02:39,10909,10910,10910,1
2020-05-29,15:02:41,10909,10910,10909,2
2020-05-29,15:02:42,10908,10909,10909,1
2020-05-29,15:02:43,10908,10909,10909,1
2020-05-29,15:02:43,10908,10909,10908,19
2020-05-29,15:02:45,10908,10909,10908,1
2020-05-29,15:02:46,10908,10909,10908,1
2020-05-29,15:02:46,10908,10909,10909,1
2020-05-29,15:02:48,10908,10909,10909,1
2020-05-29,15:02:49,10908,10909,10909,1
2020-05-29,15:02:51,10908,10909,10909,1
2020-05-29,15:02:52,10908,10910,10910,1
2020-05-29,15:02:52,10908,10910,10908,6
2020-05-29,15:02:54,10908,10910,10910,1
2020-05-29,15:02:55,10908,10909,10909,1
2020-05-29,15:02:56,10908,10910,10909,1
2020-05-29,15:02:56,10908,10910,10908,1
2020-05-29,15:02:56,10908,10910,10908,2
2020-05-29,15:02:56,10908,10910,10908,2
2020-05-29,15:02:57,10909,10910,10909,2
2020-05-29,15:02:59,10908,10909,10908,5
2020-05-29,15:03:00,10908,10909,10908,1
2020-05-29,15:03:01,10908,10909,10908,13
2020-05-29,15:03:01,10907,10908,10907,2
2020-05-29,15:03:01,10907,10908,10907,1
2020-05-29,15:03:01,10907,10909,10907,1
2020-05-29,15:03:02,10907,10908,10907,5
2020-05-29,15:03:02,10907,10908,10907,5
2020-05-29,15:03:02,10907,10908,10907,2
2020-05-29,15:03:02,10906,10908,10908,1
2020-05-29,15:03:03,10907,10908,10908,1
2020-05-29,15:03:06,10907,10908,10908,9
2020-05-29,15:03:06,10907,10908,10908,2
2020-05-29,15:03:06,10907,10908,10908,5
2020-05-29,15:03:06,10907,10908,10908,3
2020-05-29,15:03:06,10907,10908,10908,1
2020-05-29,15:03:07,10907,10909,10908,2
2020-05-29,15:03:07,10907,10909,10908,1
2020-05-29,15:03:07,10908,10909,10909,1
2020-05-29,15:03:08,10908,10909,10908,2
2020-05-29,15:03:11,10908,10909,10908,1
2020-05-29,15:03:12,10907,10909,10908,1
2020-05-29,15:03:12,10907,10908,10908,1
2020-05-29,15:03:15,10908,10909,10908,1
2020-05-29,15:03:15,10908,10909,10908,2
2020-05-29,15:03:17,10907,10909,10909,1
2020-05-29,15:03:17,10909,10910,10909,1
2020-05-29,15:03:20,10908,10909,10909,1
2020-05-29,15:03:22,10908,10910,10910,1
2020-05-29,15:03:22,10909,10910,10909,1
2020-05-29,15:03:23,10908,10910,10908,1
2020-05-29,15:03:29,10908,10909,10908,4
2020-05-29,15:03:31,10908,10909,10908,6
2020-05-29,15:03:31,10908,10909,10907,14
2020-05-29,15:03:33,10906,10908,10908,1
2020-05-29,15:03:33,10906,10908,10908,1
2020-05-29,15:03:33,10906,10908,10908,1
2020-05-29,15:03:33,10906,10908,10908,1
2020-05-29,15:03:33,10906,10908,10908,1
2020-05-29,15:03:33,10906,10908,10908,1
2020-05-29,15:03:34,10906,10908,10908,1
2020-05-29,15:03:34,10906,10908,10908,1
2020-05-29,15:03:34,10906,10908,10908,1
2020-05-29,15:03:34,10907,10908,10906,1
2020-05-29,15:03:34,10907,10908,10907,2
2020-05-29,15:03:39,10907,10908,10907,1
2020-05-29,15:03:40,10906,10908,10906,1
2020-05-29,15:03:43,10906,10907,10906,1
2020-05-29,15:03:43,10906,10907,10906,9
2020-05-29,15:03:43,10906,10907,10906,2
2020-05-29,15:03:43,10906,10907,10906,4
2020-05-29,15:04:01,10906,10907,10906,2
2020-05-29,15:04:02,10906,10907,10906,6
2020-05-29,15:04:02,10906,10907,10906,1
2020-05-29,15:04:03,10905,10906,10906,4
2020-05-29,15:04:08,10906,10907,10907,2
2020-05-29,15:04:20,10907,10908,10908,1
2020-05-29,15:04:23,10907,10908,10908,2
2020-05-29,15:04:24,10908,10909,10908,1
2020-05-29,15:04:26,10907,10909,10907,1
2020-05-29,15:04:32,10908,10909,10908,1
2020-05-29,15:04:36,10908,10909,10909,1
2020-05-29,15:04:36,10908,10909,10909,1
2020-05-29,15:04:36,10908,10909,10908,1
2020-05-29,15:04:38,10907,10908,10907,2
2020-05-29,15:04:38,10907,10908,10908,1
2020-05-29,15:04:44,10907,10908,10908,1
2020-05-29,15:04:44,10907,10908,10908,1
2020-05-29,15:04:44,10907,10908,10908,1
2020-05-29,15:04:44,10907,10908,10908,1
2020-05-29,15:04:51,10907,10908,10907,1
2020-05-29,15:04:52,10907,10908,10907,4
2020-05-29,15:04:53,10907,10908,10908,1
2020-05-29,15:04:54,10907,10908,10907,1
2020-05-29,15:04:54,10906,10907,10907,1
2020-05-29,15:04:59,10906,10907,10906,3
2020-05-29,15:04:59,10906,10907,10906,5
2020-05-29,15:04:59,10906,10907,10906,1
2020-05-29,15:04:59,10905,10906,10905,20
2020-05-29,15:04:59,10905,10906,10905,2
2020-05-29,15:04:59,10905,10906,10905,1
2020-05-29,15:05:01,10904,10905,10904,2
2020-05-29,15:05:02,10904,10905,10904,12
2020-05-29,15:05:03,10903,10905,10903,1
2020-05-29,15:05:03,10903,10905,10903,1
2020-05-29,15:05:03,10903,10905,10903,4
2020-05-29,15:05:03,10903,10905,10904,4
2020-05-29,15:05:04,10903,10905,10905,1
2020-05-29,15:05:06,10903,10904,10903,1
2020-05-29,15:05:06,10903,10904,10904,1
2020-05-29,15:05:08,10903,10904,10903,1
2020-05-29,15:05:11,10903,10904,10903,5
2020-05-29,15:05:11,10903,10904,10903,3
2020-05-29,15:05:11,10903,10904,10903,1
2020-05-29,15:05:12,10902,10903,10902,1
2020-05-29,15:05:14,10902,10903,10902,1
2020-05-29,15:05:15,10902,10903,10902,1
2020-05-29,15:05:16,10902,10903,10902,7
2020-05-29,15:05:16,10901,10902,10901,1
2020-05-29,15:05:16,10901,10902,10902,1
2020-05-29,15:05:17,10901,10902,10902,1
2020-05-29,15:05:17,10901,10902,10902,1
2020-05-29,15:05:17,10901,10903,10901,1
2020-05-29,15:05:17,10901,10903,10903,1
2020-05-29,15:05:18,10901,10902,10902,2
2020-05-29,15:05:18,10901,10902,10900,8
2020-05-29,15:05:18,10901,10902,10901,16
2020-05-29,15:05:19,10901,10902,10901,2
2020-05-29,15:05:19,10900,10902,10901,1
2020-05-29,15:05:19,10900,10902,10903,2
2020-05-29,15:05:19,10901,10902,10901,1
2020-05-29,15:05:20,10901,10902,10902,1
2020-05-29,15:05:20,10901,10902,10902,1
2020-05-29,15:05:21,10901,10902,10901,3
2020-05-29,15:05:24,10901,10902,10901,1
2020-05-29,15:05:27,10901,10902,10902,1
2020-05-29,15:05:28,10901,10902,10901,1
2020-05-29,15:05:31,10901,10902,10901,1
2020-05-29,15:05:39,10901,10902,10901,1
2020-05-29,15:05:39,10901,10902,10902,1
2020-05-29,15:05:40,10901,10902,10901,1
2020-05-29,15:05:40,10901,10902,10901,5
2020-05-29,15:05:42,10901,10902,10901,2
2020-05-29,15:05:42,10901,10902,10901,1
2020-05-29,15:05:43,10901,10902,10901,1
2020-05-29,15:05:43,10901,10902,10901,2
2020-05-29,15:05:44,10901,10902,10901,1
2020-05-29,15:05:46,10901,10902,10902,4
2020-05-29,15:05:47,10901,10902,10902,5
2020-05-29,15:05:47,10901,10902,10902,4
2020-05-29,15:05:47,10901,10902,10902,4
2020-05-29,15:05:47,10901,10902,10902,2
2020-05-29,15:05:49,10901,10903,10903,1
2020-05-29,15:05:53,10902,10903,10902,1
2020-05-29,15:05:54,10901,10903,10903,1
2020-05-29,15:05:55,10902,10903,10902,1
2020-05-29,15:05:57,10902,10903,10902,1
2020-05-29,15:05:59,10902,10903,10903,6
2020-05-29,15:05:59,10902,10903,10903,1
2020-05-29,15:05:59,10902,10903,10903,4
2020-05-29,15:05:59,10902,10903,10904,9
2020-05-29,15:05:59,10903,10904,10904,1
2020-05-29,15:05:59,10903,10904,10904,1
2020-05-29,15:05:59,10903,10905,10903,3
2020-05-29,15:05:59,10903,10905,10904,1
2020-05-29,15:06:00,10903,10904,10903,3
2020-05-29,15:06:01,10902,10904,10902,2
2020-05-29,15:06:02,10902,10903,10902,3
2020-05-29,15:06:02,10902,10903,10902,5
2020-05-29,15:06:03,10901,10902,10902,2
2020-05-29,15:06:04,10901,10902,10902,2
2020-05-29,15:06:04,10902,10903,10903,2
2020-05-29,15:06:11,10902,10903,10903,2
2020-05-29,15:06:11,10903,10904,10903,6
2020-05-29,15:06:16,10903,10904,10904,1
2020-05-29,15:06:16,10903,10904,10904,3
2020-05-29,15:06:16,10903,10904,10904,1
2020-05-29,15:06:18,10904,10905,10905,1
2020-05-29,15:06:20,10904,10905,10904,1
2020-05-29,15:06:24,10904,10905,10904,2
2020-05-29,15:06:25,10904,10905,10904,2
2020-05-29,15:06:25,10904,10905,10904,1
2020-05-29,15:06:26,10903,10904,10904,1
2020-05-29,15:06:34,10904,10905,10905,1
2020-05-29,15:06:34,10904,10905,10905,3
2020-05-29,15:06:34,10904,10905,10905,2
2020-05-29,15:06:34,10904,10905,10905,1
2020-05-29,15:06:34,10904,10905,10905,1
2020-05-29,15:06:34,10904,10905,10905,4
2020-05-29,15:06:38,10905,10906,10906,1
2020-05-29,15:06:41,10906,10907,10906,1
2020-05-29,15:06:41,10905,10907,10907,1
2020-05-29,15:06:42,10905,10907,10905,1
2020-05-29,15:06:49,10905,10906,10906,2
2020-05-29,15:06:50,10906,10907,10907,1
2020-05-29,15:06:54,10906,10907,10907,1
2020-05-29,15:06:54,10906,10907,10906,1
2020-05-29,15:06:54,10906,10907,10906,1
2020-05-29,15:06:56,10905,10907,10907,1
2020-05-29,15:07:01,10905,10906,10906,2
2020-05-29,15:07:06,10906,10907,10906,1
2020-05-29,15:07:07,10905,10906,10905,1
2020-05-29,15:07:07,10905,10906,10905,1
2020-05-29,15:07:07,10905,10906,10905,2
2020-05-29,15:07:07,10905,10906,10905,1
2020-05-29,15:07:07,10905,10906,10905,1
2020-05-29,15:07:11,10905,10906,10906,1
2020-05-29,15:07:19,10905,10906,10905,1
2020-05-29,15:07:19,10905,10906,10905,6
2020-05-29,15:07:19,10904,10905,10905,1
2020-05-29,15:07:21,10904,10905,10905,1
2020-05-29,15:07:23,10905,10906,10906,2
2020-05-29,15:07:25,10905,10906,10905,1
2020-05-29,15:07:26,10904,10905,10905,1
2020-05-29,15:07:27,10904,10905,10905,1
2020-05-29,15:07:27,10904,10905,10906,1
2020-05-29,15:07:28,10905,10906,10906,1
2020-05-29,15:07:34,10905,10907,10905,1
2020-05-29,15:07:35,10906,10907,10907,9
2020-05-29,15:07:36,10907,10908,10907,1
2020-05-29,15:07:49,10907,10908,10908,5
2020-05-29,15:07:49,10907,10908,10908,6
2020-05-29,15:07:50,10908,10909,10908,1
2020-05-29,15:07:53,10908,10909,10908,1
2020-05-29,15:07:54,10908,10909,10908,1
2020-05-29,15:07:55,10908,10909,10908,1
2020-05-29,15:08:01,10908,10909,10908,2
2020-05-29,15:08:02,10907,10908,10908,3
2020-05-29,15:08:03,10908,10909,10908,1
2020-05-29,15:08:03,10908,10909,10908,1
2020-05-29,15:08:03,10908,10909,10908,1
2020-05-29,15:08:04,10908,10909,10908,3
2020-05-29,15:08:04,10908,10909,10908,1
2020-05-29,15:08:05,10907,10908,10908,5
2020-05-29,15:08:05,10907,10908,10908,1
2020-05-29,15:08:06,10907,10909,10908,1
2020-05-29,15:08:09,10907,10908,10908,1
2020-05-29,15:08:09,10908,10909,10908,1
2020-05-29,15:08:09,10907,10909,10909,1
2020-05-29,15:08:13,10908,10909,10908,1
2020-05-29,15:08:14,10908,10909,10908,1
2020-05-29,15:08:16,10908,10909,10908,2
2020-05-29,15:08:16,10908,10909,10908,1
2020-05-29,15:08:16,10908,10909,10908,1
2020-05-29,15:08:21,10907,10908,10907,1
2020-05-29,15:08:22,10907,10908,10908,5
2020-05-29,15:08:28,10907,10908,10908,1
2020-05-29,15:08:29,10907,10908,10908,9
2020-05-29,15:08:29,10908,10909,10908,1
2020-05-29,15:08:30,10908,10909,10908,1
2020-05-29,15:08:31,10908,10909,10908,24
2020-05-29,15:08:31,10908,10909,10908,3
2020-05-29,15:08:31,10907,10908,10907,21
2020-05-29,15:08:38,10906,10907,10907,1
2020-05-29,15:08:38,10906,10907,10906,1
2020-05-29,15:08:38,10906,10907,10906,1
2020-05-29,15:08:38,10906,10907,10906,1
2020-05-29,15:08:45,10906,10907,10907,5
2020-05-29,15:08:45,10906,10907,10907,4
2020-05-29,15:08:48,10906,10907,10906,1
2020-05-29,15:08:49,10906,10907,10906,13
2020-05-29,15:08:54,10905,10906,10905,1
2020-05-29,15:08:59,10905,10907,10907,2
2020-05-29,15:09:02,10906,10907,10906,5
2020-05-29,15:09:03,10906,10907,10907,2
2020-05-29,15:09:04,10907,10908,10907,2
2020-05-29,15:09:04,10907,10908,10907,2
2020-05-29,15:09:05,10907,10908,10908,6
2020-05-29,15:09:05,10908,10909,10908,4
2020-05-29,15:09:12,10907,10908,10907,1
2020-05-29,15:09:18,10906,10907,10907,1
2020-05-29,15:09:20,10906,10907,10907,1
2020-05-29,15:09:23,10906,10907,10907,1
2020-05-29,15:09:33,10906,10907,10907,5
2020-05-29,15:09:43,10906,10907,10907,1
2020-05-29,15:09:44,10907,10908,10907,1
2020-05-29,15:09:49,10907,10908,10907,1
2020-05-29,15:09:50,10907,10908,10908,4
2020-05-29,15:09:56,10907,10909,10907,1
2020-05-29,15:10:01,10908,10909,10908,1
2020-05-29,15:10:04,10908,10909,10908,1
2020-05-29,15:10:05,10908,10909,10908,1
2020-05-29,15:10:15,10908,10909,10908,5
2020-05-29,15:10:21,10907,10908,10908,1
2020-05-29,15:10:27,10907,10908,10908,2
2020-05-29,15:10:32,10907,10908,10908,5
2020-05-29,15:10:33,10907,10908,10908,1
2020-05-29,15:10:34,10907,10908,10907,7
2020-05-29,15:10:36,10906,10907,10907,1
2020-05-29,15:10:44,10907,10908,10908,4
2020-05-29,15:10:48,10908,10909,10909,1
2020-05-29,15:10:48,10908,10909,10909,5
2020-05-29,15:10:48,10908,10909,10909,2
2020-05-29,15:10:48,10908,10909,10909,1
2020-05-29,15:10:48,10908,10909,10909,1
2020-05-29,15:10:48,10908,10909,10909,32
2020-05-29,15:10:48,10908,10909,10909,1
2020-05-29,15:10:48,10908,10909,10909,52
2020-05-29,15:10:48,10908,10909,10909,2
2020-05-29,15:10:48,10908,10909,10909,4
2020-05-29,15:10:48,10908,10909,10909,5
2020-05-29,15:10:48,10908,10909,10909,1
2020-05-29,15:10:48,10908,10909,10909,1
2020-05-29,15:10:48,10908,10909,10909,4
2020-05-29,15:10:48,10908,10909,10910,1
2020-05-29,15:10:48,10908,10909,10910,10
2020-05-29,15:10:48,10910,10911,10911,1
2020-05-29,15:10:50,10909,10911,10911,1
2020-05-29,15:10:50,10910,10911,10911,1
2020-05-29,15:10:52,10910,10911,10911,1
2020-05-29,15:10:53,10910,10911,10910,4
2020-05-29,15:10:57,10908,10910,10910,1
2020-05-29,15:11:04,10908,10909,10909,2
2020-05-29,15:11:04,10908,10909,10908,2
2020-05-29,15:11:06,10908,10909,10908,1
2020-05-29,15:11:08,10907,10908,10908,1
2020-05-29,15:11:08,10907,10908,10907,11
2020-05-29,15:11:09,10906,10908,10908,1
2020-05-29,15:11:09,10906,10907,10907,1
2020-05-29,15:11:10,10906,10907,10907,2
2020-05-29,15:11:11,10907,10908,10907,2
2020-05-29,15:11:11,10906,10907,10907,1
2020-05-29,15:11:11,10906,10907,10907,1
2020-05-29,15:11:17,10907,10908,10907,1
2020-05-29,15:11:17,10907,10908,10908,5
2020-05-29,15:11:22,10907,10908,10908,1
2020-05-29,15:11:24,10907,10908,10907,1
2020-05-29,15:11:24,10907,10908,10907,1
2020-05-29,15:11:24,10907,10908,10907,2
2020-05-29,15:11:24,10907,10908,10907,1
2020-05-29,15:11:24,10907,10908,10907,1
2020-05-29,15:11:24,10907,10908,10907,1
2020-05-29,15:11:24,10907,10908,10907,2
2020-05-29,15:11:24,10907,10908,10907,2
2020-05-29,15:11:33,10906,10907,10907,3
2020-05-29,15:11:34,10906,10907,10907,1
2020-05-29,15:11:35,10906,10908,10906,1
2020-05-29,15:11:37,10906,10907,10906,11
2020-05-29,15:11:37,10905,10906,10906,1
2020-05-29,15:11:43,10905,10906,10905,1
2020-05-29,15:11:43,10905,10906,10905,4
2020-05-29,15:11:43,10905,10906,10905,2
2020-05-29,15:11:45,10904,10905,10905,1
2020-05-29,15:11:45,10904,10905,10905,1
2020-05-29,15:11:49,10904,10905,10904,7
2020-05-29,15:11:50,10903,10904,10904,1
2020-05-29,15:11:52,10903,10904,10904,1
2020-05-29,15:11:56,10903,10904,10904,1
2020-05-29,15:11:56,10903,10904,10903,1
2020-05-29,15:11:57,10903,10904,10903,1
2020-05-29,15:11:57,10903,10904,10904,1
2020-05-29,15:11:58,10903,10904,10903,1
2020-05-29,15:11:59,10903,10904,10903,1
2020-05-29,15:12:00,10902,10903,10902,2
2020-05-29,15:12:00,10902,10903,10902,6
2020-05-29,15:12:00,10902,10903,10902,3
2020-05-29,15:12:00,10902,10903,10902,4
2020-05-29,15:12:00,10901,10902,10901,1
2020-05-29,15:12:00,10901,10902,10902,1
2020-05-29,15:12:01,10901,10902,10901,1
2020-05-29,15:12:01,10901,10902,10902,1
2020-05-29,15:12:02,10901,10902,10902,1
2020-05-29,15:12:06,10901,10902,10901,2
2020-05-29,15:12:06,10901,10902,10901,2
2020-05-29,15:12:10,10901,10902,10902,7
2020-05-29,15:12:11,10902,10903,10902,1
2020-05-29,15:12:14,10901,10903,10903,1
2020-05-29,15:12:15,10902,10903,10902,1
2020-05-29,15:12:26,10902,10903,10902,9
2020-05-29,15:12:30,10901,10902,10902,1
2020-05-29,15:12:30,10901,10902,10902,1
2020-05-29,15:12:30,10901,10902,10903,1
2020-05-29,15:12:31,10901,10902,10901,1
2020-05-29,15:12:33,10901,10902,10902,1
2020-05-29,15:12:34,10901,10902,10901,1
2020-05-29,15:12:36,10901,10902,10901,1
2020-05-29,15:12:39,10901,10902,10901,1
2020-05-29,15:12:39,10901,10902,10901,1
2020-05-29,15:12:39,10901,10902,10901,1
2020-05-29,15:12:44,10901,10902,10902,1
2020-05-29,15:12:47,10901,10902,10902,1
2020-05-29,15:12:53,10901,10902,10902,1
2020-05-29,15:12:54,10901,10902,10901,1
2020-05-29,15:12:54,10901,10902,10901,2
2020-05-29,15:12:54,10901,10902,10901,1
2020-05-29,15:12:54,10901,10902,10901,1
2020-05-29,15:12:54,10901,10902,10901,1
2020-05-29,15:12:54,10901,10902,10901,2
2020-05-29,15:12:54,10901,10902,10901,8
2020-05-29,15:12:55,10900,10901,10900,1
2020-05-29,15:12:56,10900,10901,10900,1
2020-05-29,15:12:56,10900,10901,10901,1
2020-05-29,15:12:58,10900,10901,10901,3
2020-05-29,15:13:00,10900,10901,10900,1
2020-05-29,15:13:01,10900,10901,10901,1
2020-05-29,15:13:01,10900,10901,10900,24
2020-05-29,15:13:01,10900,10901,10900,1
2020-05-29,15:13:01,10900,10901,10900,1
2020-05-29,15:13:01,10900,10901,10900,38
2020-05-29,15:13:01,10900,10901,10899,1
2020-05-29,15:13:01,10900,10901,10899,2
2020-05-29,15:13:01,10900,10901,10899,8
2020-05-29,15:13:01,10898,10899,10898,1
2020-05-29,15:13:01,10898,10899,10898,10
2020-05-29,15:13:01,10898,10899,10898,1
2020-05-29,15:13:02,10898,10899,10898,1
2020-05-29,15:13:02,10898,10899,10898,2
2020-05-29,15:13:02,10898,10899,10897,1
2020-05-29,15:13:02,10898,10899,10898,1
2020-05-29,15:13:02,10897,10898,10898,1
2020-05-29,15:13:02,10897,10898,10897,1
2020-05-29,15:13:02,10897,10898,10897,1
2020-05-29,15:13:02,10897,10898,10897,1
2020-05-29,15:13:04,10897,10898,10898,2
2020-05-29,15:13:05,10897,10898,10898,1
2020-05-29,15:13:08,10897,10898,10897,5
2020-05-29,15:13:08,10896,10898,10896,1
2020-05-29,15:13:08,10896,10898,10896,1
2020-05-29,15:13:08,10896,10898,10896,1
2020-05-29,15:13:08,10896,10898,10896,1
2020-05-29,15:13:09,10896,10898,10896,1
2020-05-29,15:13:09,10896,10898,10896,1
2020-05-29,15:13:11,10897,10898,10897,1
2020-05-29,15:13:11,10897,10898,10897,2
2020-05-29,15:13:11,10897,10898,10897,1
2020-05-29,15:13:12,10896,10897,10896,2
2020-05-29,15:13:13,10896,10897,10896,10
2020-05-29,15:13:14,10895,10897,10897,1
2020-05-29,15:13:15,10896,10897,10896,1
2020-05-29,15:13:15,10896,10897,10897,1
2020-05-29,15:13:16,10896,10897,10896,1
2020-05-29,15:13:16,10896,10897,10896,2
2020-05-29,15:13:16,10896,10897,10895,3
2020-05-29,15:13:17,10895,10896,10896,1
2020-05-29,15:13:17,10895,10897,10897,1
2020-05-29,15:13:17,10895,10896,10896,1
2020-05-29,15:13:17,10895,10896,10896,1
2020-05-29,15:13:17,10895,10896,10896,2
2020-05-29,15:13:18,10895,10897,10895,2
2020-05-29,15:13:18,10895,10896,10896,1
2020-05-29,15:13:20,10896,10897,10896,1
2020-05-29,15:13:21,10896,10897,10896,1
2020-05-29,15:13:21,10896,10897,10896,1
2020-05-29,15:13:22,10896,10897,10896,2
2020-05-29,15:13:22,10895,10896,10896,1
2020-05-29,15:13:23,10895,10896,10895,1
2020-05-29,15:13:23,10895,10896,10896,1
2020-05-29,15:13:23,10895,10897,10895,1
2020-05-29,15:13:24,10895,10896,10895,1
2020-05-29,15:13:25,10895,10896,10896,1
2020-05-29,15:13:27,10895,10896,10896,2
2020-05-29,15:13:28,10895,10896,10896,2
2020-05-29,15:13:31,10895,10896,10896,2
2020-05-29,15:13:33,10895,10896,10896,1
2020-05-29,15:13:34,10895,10896,10895,1
2020-05-29,15:13:34,10895,10896,10896,1
2020-05-29,15:13:36,10895,10896,10895,1
2020-05-29,15:13:38,10895,10896,10896,2
2020-05-29,15:13:38,10895,10896,10896,1
2020-05-29,15:13:38,10895,10896,10896,1
2020-05-29,15:13:38,10895,10896,10896,1
2020-05-29,15:13:38,10895,10896,10896,5
2020-05-29,15:13:38,10896,10897,10896,1
2020-05-29,15:13:40,10896,10897,10897,7
2020-05-29,15:13:40,10896,10898,10896,10
2020-05-29,15:13:40,10896,10898,10896,1
2020-05-29,15:13:40,10896,10898,10898,1
2020-05-29,15:13:41,10897,10898,10897,1
2020-05-29,15:13:41,10897,10898,10896,1
2020-05-29,15:13:41,10897,10898,10896,2
2020-05-29,15:13:41,10897,10898,10896,1
2020-05-29,15:13:41,10897,10898,10896,1
2020-05-29,15:13:41,10896,10898,10896,1
2020-05-29,15:13:44,10897,10898,10898,2
2020-05-29,15:13:46,10897,10898,10897,2
2020-05-29,15:13:53,10896,10897,10897,1
2020-05-29,15:13:55,10896,10898,10896,2
2020-05-29,15:13:56,10896,10897,10897,1
2020-05-29,15:13:58,10897,10898,10897,1
2020-05-29,15:13:59,10897,10898,10898,1
2020-05-29,15:14:00,10897,10898,10897,1
2020-05-29,15:14:00,10897,10898,10898,5
2020-05-29,15:14:01,10898,10899,10898,20
2020-05-29,15:14:01,10898,10899,10897,4
2020-05-29,15:14:01,10897,10898,10898,1
2020-05-29,15:14:02,10897,10898,10897,1
2020-05-29,15:14:02,10896,10897,10897,1
2020-05-29,15:14:06,10896,10897,10897,3
2020-05-29,15:14:06,10896,10897,10897,2
2020-05-29,15:14:09,10897,10898,10897,2
2020-05-29,15:14:10,10897,10898,10898,1
2020-05-29,15:14:10,10897,10898,10897,1
2020-05-29,15:14:12,10897,10898,10898,1
2020-05-29,15:14:13,10897,10899,10897,1
2020-05-29,15:14:20,10897,10898,10897,1
2020-05-29,15:14:24,10897,10898,10897,8
2020-05-29,15:14:28,10896,10897,10897,1
2020-05-29,15:14:29,10896,10897,10897,1
2020-05-29,15:14:29,10896,10897,10897,2
2020-05-29,15:14:30,10897,10898,10896,1
2020-05-29,15:14:32,10897,10898,10897,1
2020-05-29,15:14:33,10896,10897,10897,2
2020-05-29,15:14:35,10896,10898,10896,2
2020-05-29,15:14:37,10896,10897,10896,1
2020-05-29,15:14:37,10896,10897,10897,1
2020-05-29,15:14:38,10896,10897,10896,1
2020-05-29,15:14:39,10896,10897,10896,1
2020-05-29,15:14:45,10896,10897,10896,1
2020-05-29,15:14:46,10896,10897,10897,5
2020-05-29,15:14:47,10897,10898,10897,1
2020-05-29,15:14:56,10897,10898,10897,4
2020-05-29,15:14:56,10897,10898,10897,2
2020-05-29,15:14:59,10897,10898,10898,5
2020-05-29,15:15:01,10897,10899,10897,1
2020-05-29,15:15:01,10897,10899,10897,1
2020-05-29,15:15:01,10897,10899,10897,1
2020-05-29,15:15:01,10897,10899,10897,1
2020-05-29,15:15:01,10897,10899,10897,1
2020-05-29,15:15:01,10897,10899,10897,1
2020-05-29,15:15:01,10897,10899,10897,1
2020-05-29,15:15:01,10897,10899,10897,1
2020-05-29,15:15:01,10897,10898,10898,1
2020-05-29,15:15:03,10897,10898,10898,1
2020-05-29,15:15:04,10897,10898,10897,5
2020-05-29,15:15:04,10897,10898,10897,5
2020-05-29,15:15:04,10897,10898,10897,3
2020-05-29,15:15:04,10897,10898,10897,1
2020-05-29,15:15:08,10896,10897,10897,3
2020-05-29,15:15:09,10896,10897,10897,1
2020-05-29,15:15:09,10896,10897,10897,1
2020-05-29,15:15:11,10896,10897,10896,2
2020-05-29,15:15:12,10896,10897,10897,1
2020-05-29,15:15:13,10896,10897,10896,1
2020-05-29,15:15:13,10896,10897,10896,6
2020-05-29,15:15:14,10896,10897,10897,1
2020-05-29,15:15:15,10896,10897,10896,1
2020-05-29,15:15:15,10896,10897,10896,8
2020-05-29,15:15:15,10896,10897,10896,14
2020-05-29,15:15:19,10895,10896,10896,2
2020-05-29,15:15:22,10895,10896,10896,1
2020-05-29,15:15:22,10895,10896,10896,1
2020-05-29,15:15:24,10896,10897,10896,1
2020-05-29,15:15:24,10895,10896,10895,1
2020-05-29,15:15:25,10895,10896,10895,3
2020-05-29,15:15:25,10895,10896,10895,1
2020-05-29,15:15:27,10895,10896,10895,3
2020-05-29,15:15:28,10895,10896,10896,1
2020-05-29,15:15:30,10896,10897,10896,1
2020-05-29,15:15:30,10896,10897,10896,1
2020-05-29,15:15:30,10896,10897,10896,1
2020-05-29,15:15:30,10896,10897,10896,1
2020-05-29,15:15:31,10895,10896,10895,6
2020-05-29,15:15:31,10895,10896,10895,13
2020-05-29,15:15:31,10895,10896,10895,4
2020-05-29,15:15:31,10895,10896,10895,4
2020-05-29,15:15:32,10894,10895,10895,1
2020-05-29,15:15:34,10894,10895,10894,1
2020-05-29,15:15:34,10894,10895,10894,1
2020-05-29,15:15:34,10894,10895,10895,1
2020-05-29,15:15:34,10894,10895,10894,1
2020-05-29,15:15:35,10894,10895,10895,1
2020-05-29,15:15:35,10894,10895,10895,2
2020-05-29,15:15:38,10894,10895,10895,1
2020-05-29,15:15:39,10895,10896,10896,2
2020-05-29,15:15:39,10895,10896,10895,1
2020-05-29,15:15:41,10895,10896,10895,1
2020-05-29,15:15:42,10894,10895,10894,1
2020-05-29,15:15:44,10894,10895,10895,9
2020-05-29,15:15:44,10895,10897,10895,1
2020-05-29,15:15:44,10895,10897,10895,1
2020-05-29,15:15:45,10895,10897,10895,2
2020-05-29,15:15:47,10896,10897,10896,1
2020-05-29,15:15:48,10896,10897,10896,1
2020-05-29,15:15:50,10895,10897,10897,1
2020-05-29,15:15:50,10896,10897,10897,1
2020-05-29,15:15:57,10896,10897,10897,5
2020-05-29,15:16:03,10896,10897,10896,4
2020-05-29,15:16:09,10896,10897,10897,14
2020-05-29,15:16:10,10897,10898,10897,1
2020-05-29,15:16:11,10897,10898,10898,2
2020-05-29,15:16:12,10897,10899,10899,1
2020-05-29,15:16:17,10898,10899,10899,9
2020-05-29,15:16:18,10899,10900,10900,1
2020-05-29,15:16:19,10899,10900,10900,3
2020-05-29,15:16:19,10899,10900,10900,3
2020-05-29,15:16:19,10900,10901,10900,1
2020-05-29,15:16:21,10899,10900,10900,1
2020-05-29,15:16:21,10900,10901,10900,1
2020-05-29,15:16:24,10900,10901,10901,1
2020-05-29,15:16:26,10900,10901,10901,2
2020-05-29,15:16:26,10900,10901,10901,3
2020-05-29,15:16:27,10901,10902,10902,1
2020-05-29,15:16:27,10901,10902,10902,3
2020-05-29,15:16:27,10901,10902,10901,1
2020-05-29,15:16:36,10901,10902,10902,1
2020-05-29,15:16:39,10901,10902,10902,1
2020-05-29,15:16:41,10901,10902,10902,1
2020-05-29,15:16:45,10901,10902,10901,3
2020-05-29,15:16:46,10901,10902,10902,1
2020-05-29,15:16:49,10901,10902,10902,1
2020-05-29,15:16:50,10901,10902,10901,1
2020-05-29,15:16:51,10901,10902,10902,1
2020-05-29,15:16:51,10901,10902,10901,3
2020-05-29,15:16:52,10901,10902,10902,3
2020-05-29,15:16:53,10901,10902,10902,4
2020-05-29,15:16:55,10902,10903,10903,1
2020-05-29,15:16:56,10902,10903,10902,1
2020-05-29,15:16:56,10902,10903,10902,1
2020-05-29,15:16:57,10901,10902,10902,8
2020-05-29,15:16:57,10901,10903,10903,3
2020-05-29,15:17:00,10902,10903,10902,13
2020-05-29,15:17:00,10902,10903,10902,5
2020-05-29,15:17:04,10902,10903,10903,6
2020-05-29,15:17:04,10903,10904,10904,1
2020-05-29,15:17:04,10903,10904,10904,2
2020-05-29,15:17:04,10903,10905,10905,12
2020-05-29,15:17:04,10903,10905,10905,3
2020-05-29,15:17:04,10903,10905,10905,2
2020-05-29,15:17:04,10903,10905,10905,1
2020-05-29,15:17:04,10903,10905,10905,1
2020-05-29,15:17:04,10903,10905,10905,1
2020-05-29,15:17:04,10903,10905,10905,4
2020-05-29,15:17:05,10905,10906,10906,1
2020-05-29,15:17:06,10905,10906,10905,1
2020-05-29,15:17:06,10905,10906,10906,1
2020-05-29,15:17:06,10905,10906,10905,8
2020-05-29,15:17:07,10904,10905,10905,8
2020-05-29,15:17:07,10905,10906,10905,2
2020-05-29,15:17:08,10905,10906,10906,5
2020-05-29,15:17:08,10905,10906,10905,3
2020-05-29,15:17:08,10906,10907,10907,2
2020-05-29,15:17:08,10906,10907,10907,1
2020-05-29,15:17:09,10906,10908,10906,1
2020-05-29,15:17:09,10906,10908,10907,1
2020-05-29,15:17:10,10907,10908,10907,1
2020-05-29,15:17:11,10907,10908,10908,1
2020-05-29,15:17:14,10907,10908,10908,1
2020-05-29,15:17:15,10907,10908,10907,4
2020-05-29,15:17:16,10906,10908,10908,1
2020-05-29,15:17:17,10906,10908,10908,1
2020-05-29,15:17:19,10907,10908,10908,10
2020-05-29,15:17:19,10907,10908,10907,2
2020-05-29,15:17:19,10906,10907,10907,1
2020-05-29,15:17:23,10906,10907,10907,1
2020-05-29,15:17:25,10906,10907,10907,1
2020-05-29,15:17:25,10906,10907,10907,4
2020-05-29,15:17:25,10906,10907,10907,1
2020-05-29,15:17:25,10906,10907,10907,1
2020-05-29,15:17:30,10906,10907,10906,3
2020-05-29,15:17:33,10905,10906,10905,1
2020-05-29,15:17:33,10905,10906,10905,1
2020-05-29,15:17:35,10904,10905,10905,1
2020-05-29,15:17:36,10904,10905,10903,2
2020-05-29,15:17:36,10903,10905,10905,1
2020-05-29,15:17:36,10903,10905,10905,1
2020-05-29,15:17:37,10904,10906,10906,1
2020-05-29,15:17:37,10904,10905,10905,1
2020-05-29,15:17:41,10904,10905,10905,2
2020-05-29,15:17:45,10904,10905,10905,1
2020-05-29,15:17:50,10904,10906,10906,1
2020-05-29,15:18:02,10904,10905,10904,1
2020-05-29,15:18:03,10904,10905,10905,1
2020-05-29,15:18:13,10904,10905,10904,5
2020-05-29,15:18:14,10903,10904,10904,2
2020-05-29,15:18:20,10903,10904,10903,1
2020-05-29,15:18:20,10903,10904,10903,3
2020-05-29,15:18:20,10903,10904,10903,4
2020-05-29,15:18:20,10903,10904,10903,2
2020-05-29,15:18:27,10902,10903,10903,1
2020-05-29,15:18:29,10902,10903,10903,7
2020-05-29,15:18:30,10903,10904,10903,1
2020-05-29,15:18:30,10903,10904,10903,1
2020-05-29,15:18:31,10903,10904,10903,2
2020-05-29,15:18:33,10903,10904,10904,5
2020-05-29,15:18:44,10904,10905,10904,1
2020-05-29,15:18:47,10902,10904,10904,1
2020-05-29,15:18:55,10903,10904,10904,1
2020-05-29,15:18:58,10904,10905,10905,1
2020-05-29,15:19:03,10903,10904,10904,1
2020-05-29,15:19:04,10903,10904,10904,1
2020-05-29,15:19:04,10903,10904,10905,1
2020-05-29,15:19:10,10904,10905,10904,1
2020-05-29,15:19:19,10904,10905,10905,6
2020-05-29,15:19:19,10904,10905,10905,6
2020-05-29,15:19:19,10905,10906,10905,1
2020-05-29,15:19:26,10905,10906,10905,1
2020-05-29,15:19:31,10904,10905,10904,4
2020-05-29,15:19:32,10903,10904,10904,1
2020-05-29,15:19:33,10903,10904,10904,2
2020-05-29,15:19:33,10904,10905,10904,1
2020-05-29,15:19:34,10903,10904,10904,1
2020-05-29,15:19:37,10904,10905,10904,1
2020-05-29,15:19:38,10903,10904,10904,2
2020-05-29,15:19:40,10904,10905,10904,2
2020-05-29,15:19:40,10904,10905,10904,1
2020-05-29,15:19:44,10903,10905,10904,1
2020-05-29,15:19:45,10903,10904,10903,7
2020-05-29,15:19:46,10902,10904,10902,1
2020-05-29,15:19:52,10902,10904,10902,1
2020-05-29,15:19:53,10902,10903,10902,1
2020-05-29,15:19:53,10902,10903,10902,6
2020-05-29,15:20:04,10902,10904,10902,1
2020-05-29,15:20:04,10902,10904,10902,1
2020-05-29,15:20:05,10902,10903,10902,2
2020-05-29,15:20:05,10902,10903,10901,2
2020-05-29,15:20:05,10901,10903,10903,1
2020-05-29,15:20:17,10902,10903,10903,1
2020-05-29,15:20:20,10902,10903,10902,1
2020-05-29,15:20:21,10902,10903,10902,1
2020-05-29,15:20:21,10901,10903,10901,1
2020-05-29,15:20:21,10901,10902,10901,1
2020-05-29,15:20:22,10901,10902,10902,4
2020-05-29,15:20:27,10901,10902,10902,1
2020-05-29,15:20:28,10901,10902,10901,1
2020-05-29,15:20:28,10901,10902,10901,8
2020-05-29,15:20:29,10900,10902,10902,1
2020-05-29,15:20:31,10900,10902,10900,1
2020-05-29,15:20:31,10900,10902,10900,3
2020-05-29,15:20:35,10900,10901,10901,1
2020-05-29,15:20:35,10901,10902,10901,1
2020-05-29,15:20:42,10901,10902,10901,1
2020-05-29,15:20:42,10901,10902,10901,1
2020-05-29,15:20:43,10901,10902,10901,1
2020-05-29,15:20:47,10901,10902,10901,1
2020-05-29,15:20:47,10901,10902,10901,1
2020-05-29,15:20:49,10901,10902,10902,2
2020-05-29,15:20:54,10901,10902,10902,1
2020-05-29,15:20:57,10902,10903,10902,1
2020-05-29,15:20:57,10902,10903,10903,1
2020-05-29,15:21:08,10902,10903,10903,2
2020-05-29,15:21:08,10902,10903,10903,4
2020-05-29,15:21:08,10902,10903,10903,3
2020-05-29,15:21:22,10902,10903,10902,2
2020-05-29,15:21:23,10901,10903,10903,1
2020-05-29,15:21:24,10901,10903,10903,1
2020-05-29,15:21:46,10902,10903,10902,1
2020-05-29,15:21:48,10902,10903,10903,1
2020-05-29,15:21:49,10902,10903,10903,1
2020-05-29,15:21:54,10902,10903,10903,2
2020-05-29,15:21:54,10902,10903,10903,1
2020-05-29,15:21:54,10902,10903,10903,4
2020-05-29,15:21:59,10903,10904,10903,6
2020-05-29,15:21:59,10902,10904,10902,1
2020-05-29,15:22:08,10902,10903,10902,6
2020-05-29,15:22:08,10901,10903,10901,1
2020-05-29,15:22:08,10901,10903,10903,2
2020-05-29,15:22:11,10902,10903,10902,2
2020-05-29,15:22:16,10902,10903,10903,1
2020-05-29,15:22:22,10902,10903,10903,3
2020-05-29,15:22:23,10902,10903,10903,1
2020-05-29,15:22:24,10903,10904,10904,1
2020-05-29,15:22:25,10902,10904,10902,1
2020-05-29,15:22:30,10902,10903,10903,1
2020-05-29,15:22:35,10903,10904,10903,2
2020-05-29,15:22:50,10902,10903,10903,1
2020-05-29,15:22:58,10902,10903,10903,1
2020-05-29,15:22:59,10903,10904,10903,1
2020-05-29,15:23:03,10903,10904,10904,4
2020-05-29,15:23:03,10903,10904,10904,3
2020-05-29,15:23:04,10904,10905,10905,1
2020-05-29,15:23:04,10904,10905,10905,5
2020-05-29,15:23:14,10904,10905,10904,2
2020-05-29,15:23:16,10903,10904,10904,1
2020-05-29,15:23:21,10903,10904,10904,1
2020-05-29,15:23:23,10903,10904,10905,1
2020-05-29,15:23:23,10903,10904,10904,4
2020-05-29,15:23:31,10904,10905,10904,2
2020-05-29,15:23:36,10903,10904,10904,1
2020-05-29,15:23:36,10903,10904,10905,2
2020-05-29,15:23:36,10903,10904,10904,3
2020-05-29,15:23:37,10904,10905,10905,5
2020-05-29,15:23:39,10904,10905,10905,5
2020-05-29,15:23:39,10904,10905,10905,2
2020-05-29,15:23:39,10905,10906,10905,1
2020-05-29,15:23:40,10904,10906,10906,1
2020-05-29,15:23:40,10904,10906,10904,1
2020-05-29,15:23:41,10904,10906,10905,1
2020-05-29,15:23:44,10905,10906,10906,22
2020-05-29,15:23:44,10905,10906,10906,2
2020-05-29,15:23:44,10905,10906,10906,5
2020-05-29,15:23:44,10905,10906,10906,7
2020-05-29,15:23:47,10906,10907,10906,1
2020-05-29,15:23:52,10906,10907,10907,1
2020-05-29,15:23:52,10906,10907,10907,3
2020-05-29,15:23:53,10906,10907,10907,5
2020-05-29,15:23:54,10906,10907,10907,1
2020-05-29,15:23:55,10906,10907,10907,1
2020-05-29,15:23:56,10906,10907,10907,1
2020-05-29,15:23:56,10906,10907,10907,3
2020-05-29,15:24:00,10906,10907,10907,1
2020-05-29,15:24:03,10906,10907,10907,1
2020-05-29,15:24:10,10907,10908,10907,1
2020-05-29,15:24:11,10907,10908,10908,1
2020-05-29,15:24:13,10907,10908,10907,2
2020-05-29,15:24:14,10907,10908,10908,1
2020-05-29,15:24:18,10907,10908,10908,2
2020-05-29,15:24:18,10907,10908,10908,2
2020-05-29,15:24:18,10907,10908,10908,5
2020-05-29,15:24:18,10907,10908,10908,5
2020-05-29,15:24:18,10908,10909,10909,9
2020-05-29,15:24:18,10909,10910,10910,1
2020-05-29,15:24:19,10909,10910,10910,1
2020-05-29,15:24:19,10909,10910,10909,1
2020-05-29,15:24:19,10909,10910,10909,3
2020-05-29,15:24:19,10909,10910,10910,1
2020-05-29,15:24:22,10909,10910,10909,2
2020-05-29,15:24:22,10909,10910,10909,3
2020-05-29,15:24:24,10908,10909,10909,1
2020-05-29,15:24:24,10908,10909,10909,2
2020-05-29,15:24:24,10908,10909,10909,1
2020-05-29,15:24:26,10908,10909,10909,3
2020-05-29,15:24:27,10908,10909,10908,2
2020-05-29,15:24:28,10907,10908,10908,1
2020-05-29,15:24:30,10908,10909,10909,7
2020-05-29,15:24:30,10908,10909,10909,1
2020-05-29,15:24:30,10908,10909,10909,2
2020-05-29,15:24:30,10908,10909,10909,3
2020-05-29,15:24:33,10908,10909,10909,1
2020-05-29,15:24:34,10908,10909,10909,1
2020-05-29,15:24:34,10908,10909,10909,1
2020-05-29,15:24:36,10908,10909,10908,10
2020-05-29,15:24:37,10907,10909,10908,4
2020-05-29,15:24:38,10907,10909,10907,1
2020-05-29,15:24:44,10908,10909,10908,1
2020-05-29,15:24:49,10907,10908,10907,1
2020-05-29,15:24:52,10907,10909,10907,2
2020-05-29,15:24:55,10907,10908,10908,2
2020-05-29,15:24:57,10908,10909,10908,1
2020-05-29,15:25:02,10908,10909,10909,7
2020-05-29,15:25:03,10909,10910,10910,8
2020-05-29,15:25:03,10909,10910,10911,2
2020-05-29,15:25:03,10909,10911,10911,1
2020-05-29,15:25:03,10909,10911,10911,1
2020-05-29,15:25:05,10910,10911,10909,1
2020-05-29,15:25:07,10909,10911,10911,1
2020-05-29,15:25:10,10909,10911,10911,5
2020-05-29,15:25:12,10909,10910,10910,1
2020-05-29,15:25:13,10909,10911,10911,1
2020-05-29,15:25:13,10909,10910,10910,1
2020-05-29,15:25:13,10909,10910,10910,1
2020-05-29,15:25:13,10909,10910,10910,1
2020-05-29,15:25:16,10909,10910,10910,1
2020-05-29,15:25:18,10910,10911,10910,1
2020-05-29,15:25:19,10909,10910,10910,1
2020-05-29,15:25:20,10909,10910,10910,1
2020-05-29,15:25:21,10909,10910,10910,1
2020-05-29,15:25:21,10909,10911,10909,6
2020-05-29,15:25:21,10909,10911,10908,1
2020-05-29,15:25:21,10909,10911,10908,2
2020-05-29,15:25:21,10908,10909,10908,1
2020-05-29,15:25:21,10908,10909,10908,1
2020-05-29,15:25:29,10908,10909,10908,1
2020-05-29,15:25:30,10907,10908,10908,1
2020-05-29,15:25:30,10907,10908,10908,1
2020-05-29,15:25:33,10907,10908,10908,1
2020-05-29,15:25:33,10907,10908,10909,1
2020-05-29,15:25:33,10909,10911,10909,1
2020-05-29,15:25:33,10909,10911,10911,1
2020-05-29,15:25:33,10910,10911,10911,2
2020-05-29,15:25:33,10910,10911,10911,2
2020-05-29,15:25:38,10909,10911,10909,1
2020-05-29,15:25:40,10909,10911,10910,1
2020-05-29,15:25:44,10910,10911,10910,1
2020-05-29,15:25:45,10910,10911,10911,1
2020-05-29,15:25:45,10910,10911,10911,2
2020-05-29,15:25:45,10910,10911,10911,2
2020-05-29,15:25:45,10910,10911,10911,1
2020-05-29,15:25:45,10910,10911,10911,1
2020-05-29,15:25:47,10911,10912,10912,2
2020-05-29,15:25:47,10911,10912,10912,2
2020-05-29,15:25:47,10911,10912,10912,2
2020-05-29,15:25:47,10911,10912,10912,1
2020-05-29,15:25:47,10911,10912,10913,1
2020-05-29,15:25:47,10911,10912,10912,2
2020-05-29,15:25:47,10912,10913,10912,4
2020-05-29,15:25:48,10912,10913,10912,1
2020-05-29,15:25:51,10911,10912,10911,1
2020-05-29,15:25:51,10910,10911,10912,1
2020-05-29,15:25:51,10910,10911,10911,4
2020-05-29,15:25:52,10910,10911,10911,5
2020-05-29,15:25:53,10910,10911,10911,1
2020-05-29,15:25:57,10910,10911,10910,2
2020-05-29,15:25:58,10910,10911,10911,1
2020-05-29,15:26:00,10910,10911,10911,1
2020-05-29,15:26:00,10910,10911,10910,6
2020-05-29,15:26:02,10909,10910,10910,2
2020-05-29,15:26:04,10909,10910,10910,1
2020-05-29,15:26:05,10909,10910,10910,1
2020-05-29,15:26:12,10909,10910,10910,1
2020-05-29,15:26:12,10909,10910,10909,1
2020-05-29,15:26:15,10909,10910,10910,1
2020-05-29,15:26:15,10909,10910,10910,1
2020-05-29,15:26:16,10909,10910,10910,1
2020-05-29,15:26:22,10910,10911,10910,1
2020-05-29,15:26:22,10910,10911,10910,1
2020-05-29,15:26:22,10909,10910,10910,1
2020-05-29,15:26:23,10909,10910,10910,1
2020-05-29,15:26:28,10909,10910,10910,2
2020-05-29,15:26:29,10909,10910,10910,1
2020-05-29,15:26:33,10909,10910,10910,1
2020-05-29,15:26:34,10909,10910,10910,2
2020-05-29,15:26:36,10909,10910,10910,1
2020-05-29,15:26:39,10909,10910,10910,1
2020-05-29,15:26:40,10909,10910,10910,1
2020-05-29,15:26:41,10909,10910,10910,1
2020-05-29,15:26:43,10909,10910,10910,1
2020-05-29,15:26:44,10909,10910,10909,11
2020-05-29,15:26:44,10909,10910,10908,1
2020-05-29,15:26:44,10909,10910,10908,1
2020-05-29,15:26:44,10908,10909,10908,4
2020-05-29,15:26:44,10908,10909,10908,2
2020-05-29,15:26:44,10908,10909,10908,4
2020-05-29,15:26:44,10908,10909,10908,2
2020-05-29,15:26:44,10907,10909,10907,2
2020-05-29,15:26:44,10907,10909,10907,2
2020-05-29,15:26:44,10907,10909,10907,1
2020-05-29,15:26:44,10907,10909,10907,2
2020-05-29,15:26:44,10907,10909,10907,2
2020-05-29,15:26:44,10907,10909,10907,1
2020-05-29,15:26:56,10908,10909,10908,1
2020-05-29,15:27:02,10907,10909,10908,1
2020-05-29,15:27:02,10907,10909,10908,1
2020-05-29,15:27:04,10908,10909,10908,1
2020-05-29,15:27:05,10907,10908,10907,1
2020-05-29,15:27:05,10907,10908,10907,9
2020-05-29,15:27:08,10906,10907,10906,1
2020-05-29,15:27:09,10906,10907,10906,2
2020-05-29,15:27:09,10906,10907,10906,2
2020-05-29,15:27:10,10906,10907,10906,1
2020-05-29,15:27:10,10906,10907,10906,1
2020-05-29,15:27:10,10905,10907,10905,1
2020-05-29,15:27:10,10905,10907,10905,1
2020-05-29,15:27:10,10905,10907,10905,1
2020-05-29,15:27:10,10905,10907,10905,1
2020-05-29,15:27:10,10905,10907,10905,2
2020-05-29,15:27:11,10905,10907,10905,2
2020-05-29,15:27:14,10906,10908,10906,2
2020-05-29,15:27:34,10906,10907,10907,2
2020-05-29,15:27:38,10907,10908,10908,1
2020-05-29,15:27:42,10907,10909,10907,1
2020-05-29,15:27:48,10906,10908,10906,1
2020-05-29,15:27:48,10906,10908,10906,3
2020-05-29,15:27:50,10905,10906,10905,2
2020-05-29,15:27:50,10905,10906,10905,4
2020-05-29,15:27:50,10905,10906,10905,1
2020-05-29,15:27:50,10905,10906,10905,2
2020-05-29,15:27:53,10904,10905,10905,1
2020-05-29,15:27:54,10904,10905,10904,1
2020-05-29,15:27:54,10904,10905,10904,1
2020-05-29,15:27:55,10904,10905,10904,1
2020-05-29,15:27:55,10904,10905,10904,1
2020-05-29,15:27:55,10904,10905,10904,1
2020-05-29,15:27:55,10904,10905,10904,1
2020-05-29,15:27:55,10904,10905,10904,2
2020-05-29,15:27:55,10904,10905,10904,2
2020-05-29,15:27:55,10904,10905,10903,4
2020-05-29,15:27:55,10903,10904,10903,1
2020-05-29,15:27:55,10903,10904,10903,2
2020-05-29,15:27:56,10903,10904,10903,1
2020-05-29,15:27:57,10902,10903,10903,2
2020-05-29,15:27:58,10902,10903,10903,1
2020-05-29,15:27:59,10902,10903,10902,1
2020-05-29,15:28:00,10902,10903,10902,3
2020-05-29,15:28:00,10902,10903,10903,2
2020-05-29,15:28:00,10903,10904,10902,1
2020-05-29,15:28:00,10903,10904,10903,2
2020-05-29,15:28:02,10903,10904,10904,2
2020-05-29,15:28:07,10903,10904,10903,2
2020-05-29,15:28:07,10903,10904,10903,2
2020-05-29,15:28:07,10903,10904,10903,1
2020-05-29,15:28:10,10902,10903,10902,1
2020-05-29,15:28:16,10902,10903,10902,1
2020-05-29,15:28:17,10902,10903,10903,1
2020-05-29,15:28:19,10902,10903,10902,1
2020-05-29,15:28:25,10902,10903,10902,1
2020-05-29,15:28:26,10902,10903,10902,3
2020-05-29,15:28:26,10902,10903,10902,1
2020-05-29,15:28:28,10901,10902,10902,1
2020-05-29,15:28:40,10902,10903,10903,5
2020-05-29,15:28:46,10902,10904,10902,6
2020-05-29,15:28:48,10902,10903,10902,3
2020-05-29,15:28:58,10902,10903,10902,1
2020-05-29,15:29:02,10902,10903,10903,4
2020-05-29,15:29:02,10902,10904,10904,1
2020-05-29,15:29:04,10903,10904,10903,2
2020-05-29,15:29:15,10903,10904,10903,1
2020-05-29,15:29:16,10903,10904,10903,1
2020-05-29,15:29:17,10903,10904,10903,1
2020-05-29,15:29:22,10903,10904,10904,3
2020-05-29,15:29:22,10904,10905,10904,1
2020-05-29,15:29:23,10904,10905,10905,1
2020-05-29,15:29:26,10904,10906,10906,1
2020-05-29,15:29:39,10905,10906,10906,1
2020-05-29,15:29:50,10905,10906,10906,2
2020-05-29,15:29:59,10905,10906,10906,2
2020-05-29,15:30:01,10906,10907,10906,1
2020-05-29,15:30:01,10906,10907,10906,1
2020-05-29,15:30:01,10905,10906,10906,1
2020-05-29,15:30:01,10905,10906,10906,1
2020-05-29,15:30:10,10906,10907,10906,5
2020-05-29,15:30:11,10905,10906,10906,1
2020-05-29,15:30:11,10905,10906,10906,1
2020-05-29,15:30:16,10906,10907,10906,1
2020-05-29,15:30:26,10906,10907,10906,2
2020-05-29,15:30:26,10906,10907,10906,3
2020-05-29,15:30:26,10906,10907,10906,4
2020-05-29,15:30:31,10905,10906,10905,2
2020-05-29,15:30:31,10905,10906,10905,1
2020-05-29,15:30:43,10905,10906,10905,1
2020-05-29,15:30:49,10905,10906,10906,4
2020-05-29,15:30:50,10906,10907,10906,1
2020-05-29,15:30:53,10906,10907,10907,2
2020-05-29,15:30:53,10906,10907,10907,1
2020-05-29,15:30:54,10907,10908,10907,1
2020-05-29,15:31:05,10907,10908,10908,9
2020-05-29,15:31:05,10907,10908,10908,1
2020-05-29,15:31:11,10907,10908,10908,1
2020-05-29,15:31:13,10908,10909,10908,1
2020-05-29,15:31:15,10908,10909,10908,4
2020-05-29,15:31:17,10907,10909,10909,10
2020-05-29,15:31:17,10908,10910,10907,19
2020-05-29,15:31:17,10908,10910,10908,5
2020-05-29,15:31:19,10906,10908,10908,1
2020-05-29,15:31:21,10906,10908,10906,1
2020-05-29,15:31:22,10906,10908,10906,4
2020-05-29,15:31:25,10906,10908,10908,2
2020-05-29,15:31:31,10906,10907,10907,1
2020-05-29,15:31:34,10906,10907,10906,2
2020-05-29,15:31:38,10906,10907,10907,2
2020-05-29,15:31:42,10906,10907,10906,1
2020-05-29,15:31:43,10906,10907,10906,2
2020-05-29,15:31:44,10906,10907,10906,2
2020-05-29,15:31:45,10906,10907,10906,2
2020-05-29,15:31:48,10905,10906,10905,4
2020-05-29,15:31:49,10904,10905,10904,1
2020-05-29,15:31:55,10904,10905,10904,1
2020-05-29,15:32:16,10903,10904,10903,1
2020-05-29,15:32:20,10903,10904,10903,3
2020-05-29,15:32:25,10902,10903,10903,1
2020-05-29,15:32:26,10903,10904,10903,1
2020-05-29,15:32:28,10903,10904,10903,1
2020-05-29,15:32:39,10902,10903,10902,2
2020-05-29,15:32:43,10902,10903,10902,1
2020-05-29,15:33:00,10902,10903,10902,14
2020-05-29,15:33:02,10901,10902,10902,5
2020-05-29,15:33:05,10901,10902,10902,1
2020-05-29,15:33:05,10901,10902,10902,2
2020-05-29,15:33:06,10902,10903,10902,1
2020-05-29,15:33:13,10902,10903,10902,1
2020-05-29,15:33:18,10902,10903,10902,2
2020-05-29,15:33:21,10902,10903,10902,1
2020-05-29,15:33:28,10902,10903,10902,1
2020-05-29,15:33:31,10902,10903,10903,1
2020-05-29,15:33:31,10902,10903,10903,5
2020-05-29,15:33:31,10902,10903,10903,3
2020-05-29,15:33:31,10902,10903,10903,2
2020-05-29,15:33:32,10903,10904,10903,1
2020-05-29,15:33:33,10903,10904,10903,1
2020-05-29,15:33:35,10903,10904,10904,1
2020-05-29,15:33:42,10903,10904,10903,2
2020-05-29,15:33:44,10903,10904,10904,1
2020-05-29,15:33:46,10903,10904,10903,1
2020-05-29,15:33:54,10902,10903,10902,2
2020-05-29,15:33:58,10901,10902,10902,1
2020-05-29,15:33:59,10901,10902,10901,1
2020-05-29,15:33:59,10901,10902,10901,11
2020-05-29,15:33:59,10901,10902,10901,1
2020-05-29,15:33:59,10901,10902,10901,7
2020-05-29,15:34:00,10900,10901,10900,4
2020-05-29,15:34:00,10900,10901,10900,24
2020-05-29,15:34:00,10900,10901,10900,3
2020-05-29,15:34:00,10900,10901,10900,3
2020-05-29,15:34:02,10899,10900,10899,1
2020-05-29,15:34:02,10899,10900,10899,1
2020-05-29,15:34:02,10899,10900,10900,2
2020-05-29,15:34:02,10899,10900,10900,3
2020-05-29,15:34:02,10899,10900,10901,17
2020-05-29,15:34:02,10900,10902,10900,1
2020-05-29,15:34:06,10900,10901,10900,1
2020-05-29,15:34:07,10900,10902,10900,1
2020-05-29,15:34:10,10901,10902,10901,1
2020-05-29,15:34:10,10901,10902,10901,1
2020-05-29,15:34:14,10901,10902,10901,1
2020-05-29,15:34:19,10901,10902,10900,1
2020-05-29,15:34:19,10901,10902,10901,1
2020-05-29,15:34:20,10900,10902,10900,1
2020-05-29,15:34:23,10901,10902,10902,3
2020-05-29,15:34:35,10901,10903,10901,1
2020-05-29,15:34:52,10902,10903,10902,1
2020-05-29,15:34:57,10902,10903,10903,8
2020-05-29,15:35:00,10903,10904,10904,1
2020-05-29,15:35:00,10903,10904,10904,2
2020-05-29,15:35:00,10903,10904,10904,6
2020-05-29,15:35:09,10906,10907,10907,2
2020-05-29,15:35:10,10906,10908,10908,4
2020-05-29,15:35:13,10904,10905,10905,2
2020-05-29,15:35:15,10904,10905,10905,1
2020-05-29,15:35:17,10904,10905,10905,1
2020-05-29,15:35:19,10904,10905,10905,2
2020-05-29,15:35:23,10904,10905,10904,1
2020-05-29,15:35:32,10905,10906,10905,2
2020-05-29,15:35:34,10904,10905,10905,1
2020-05-29,15:35:37,10904,10905,10905,1
2020-05-29,15:35:39,10904,10905,10904,4
2020-05-29,15:35:40,10903,10904,10903,1
2020-05-29,15:35:52,10904,10905,10904,1
2020-05-29,15:35:54,10904,10905,10905,1
2020-05-29,15:36:01,10906,10907,10906,2
2020-05-29,15:36:09,10904,10905,10905,1
2020-05-29,15:36:15,10905,10906,10906,1
2020-05-29,15:36:15,10905,10907,10905,1
2020-05-29,15:36:16,10906,10907,10906,1
2020-05-29,15:36:16,10906,10907,10906,1
2020-05-29,15:36:18,10905,10906,10906,1
2020-05-29,15:36:18,10905,10906,10907,3
2020-05-29,15:36:46,10905,10906,10905,1
2020-05-29,15:36:49,10904,10906,10904,1
2020-05-29,15:37:04,10904,10905,10904,1
2020-05-29,15:37:10,10904,10905,10904,2
2020-05-29,15:37:12,10903,10904,10904,1
2020-05-29,15:37:15,10903,10904,10903,1
2020-05-29,15:37:41,10903,10904,10903,1
2020-05-29,15:37:41,10903,10904,10904,1
2020-05-29,15:37:48,10904,10905,10905,1
2020-05-29,15:37:57,10903,10905,10903,1
2020-05-29,15:37:58,10903,10905,10903,1
2020-05-29,15:38:02,10904,10905,10904,4
2020-05-29,15:38:06,10904,10905,10904,1
2020-05-29,15:38:13,10903,10904,10903,1
2020-05-29,15:38:13,10902,10903,10902,1
2020-05-29,15:38:13,10902,10903,10902,2
2020-05-29,15:38:42,10904,10905,10904,1
2020-05-29,15:39:02,10904,10905,10904,3
2020-05-29,15:39:41,10903,10904,10903,6
2020-05-29,15:39:41,10902,10904,10902,6
2020-05-29,15:39:41,10902,10904,10902,6
2020-05-29,15:39:46,10902,10903,10903,1
2020-05-29,15:39:52,10902,10903,10903,3
2020-05-29,15:40:01,10902,10904,10904,1
2020-05-29,15:40:01,10902,10904,10904,1
2020-05-29,15:40:01,10902,10903,10903,1
2020-05-29,15:40:01,10902,10903,10903,1
2020-05-29,15:40:02,10902,10903,10902,2
2020-05-29,15:40:02,10902,10903,10902,2
2020-05-29,15:40:04,10901,10902,10901,1
2020-05-29,15:40:07,10901,10902,10901,5
2020-05-29,15:40:07,10901,10902,10901,2
2020-05-29,15:40:09,10900,10901,10901,1
2020-05-29,15:40:09,10900,10901,10900,1
2020-05-29,15:40:13,10900,10901,10900,2
2020-05-29,15:40:13,10900,10901,10900,1
2020-05-29,15:40:14,10900,10901,10900,6
2020-05-29,15:40:14,10900,10901,10900,6
2020-05-29,15:40:14,10900,10901,10900,2
2020-05-29,15:40:18,10899,10900,10899,1
2020-05-29,15:40:18,10899,10900,10899,4
2020-05-29,15:40:18,10899,10900,10899,4
2020-05-29,15:40:19,10898,10899,10898,4
2020-05-29,15:40:19,10898,10899,10898,5
2020-05-29,15:40:19,10898,10899,10898,1
2020-05-29,15:40:19,10898,10899,10898,3
2020-05-29,15:40:19,10898,10899,10898,1
2020-05-29,15:40:19,10897,10898,10897,5
2020-05-29,15:40:19,10897,10898,10897,5
2020-05-29,15:40:19,10897,10898,10896,5
2020-05-29,15:40:19,10897,10898,10896,5
2020-05-29,15:40:20,10895,10896,10895,1
2020-05-29,15:40:21,10895,10896,10896,1
2020-05-29,15:40:22,10895,10896,10896,1
2020-05-29,15:40:22,10895,10897,10896,1
2020-05-29,15:40:23,10896,10897,10896,1
2020-05-29,15:40:24,10895,10897,10896,1
2020-05-29,15:40:26,10896,10897,10896,1
2020-05-29,15:40:28,10896,10897,10896,1
2020-05-29,15:40:28,10896,10897,10896,1
2020-05-29,15:40:34,10896,10897,10896,1
2020-05-29,15:40:34,10896,10897,10896,1
2020-05-29,15:40:37,10896,10897,10896,1
2020-05-29,15:40:37,10896,10897,10896,7
2020-05-29,15:40:38,10895,10896,10896,1
2020-05-29,15:40:38,10895,10896,10896,1
2020-05-29,15:40:40,10895,10896,10896,1
2020-05-29,15:40:41,10895,10896,10896,2
2020-05-29,15:40:43,10895,10896,10896,2
2020-05-29,15:40:44,10895,10896,10895,1
2020-05-29,15:40:44,10895,10896,10895,1
2020-05-29,15:40:44,10895,10896,10895,9
2020-05-29,15:40:44,10895,10896,10895,4
2020-05-29,15:40:44,10895,10896,10895,1
2020-05-29,15:40:44,10895,10896,10895,6
2020-05-29,15:40:45,10894,10895,10895,1
2020-05-29,15:40:46,10894,10895,10895,5
2020-05-29,15:40:46,10895,10896,10896,1
2020-05-29,15:40:49,10895,10896,10896,5
2020-05-29,15:40:49,10895,10896,10896,1
2020-05-29,15:40:50,10896,10898,10896,1
2020-05-29,15:40:55,10895,10897,10895,5
2020-05-29,15:40:57,10896,10897,10896,2
2020-05-29,15:40:57,10896,10897,10895,1
2020-05-29,15:41:02,10895,10896,10895,5
2020-05-29,15:41:03,10894,10895,10894,1
2020-05-29,15:41:03,10894,10895,10894,1
2020-05-29,15:41:03,10894,10895,10894,2
2020-05-29,15:41:03,10894,10895,10894,1
2020-05-29,15:41:03,10894,10895,10894,1
2020-05-29,15:41:03,10894,10895,10893,1
2020-05-29,15:41:03,10894,10895,10894,1
2020-05-29,15:41:03,10894,10895,10893,1
2020-05-29,15:41:03,10894,10895,10893,1
2020-05-29,15:41:03,10894,10895,10893,1
2020-05-29,15:41:03,10893,10895,10895,1
2020-05-29,15:41:03,10893,10895,10893,2
2020-05-29,15:41:03,10893,10895,10895,4
2020-05-29,15:41:03,10893,10895,10893,1
2020-05-29,15:41:03,10893,10895,10893,1
2020-05-29,15:41:08,10894,10895,10894,1
2020-05-29,15:41:09,10894,10895,10893,8
2020-05-29,15:41:09,10894,10895,10894,7
2020-05-29,15:41:11,10894,10895,10894,1
2020-05-29,15:41:13,10894,10895,10895,1
2020-05-29,15:41:18,10894,10895,10894,4
2020-05-29,15:41:18,10894,10895,10894,5
2020-05-29,15:41:18,10894,10895,10894,1
2020-05-29,15:41:19,10893,10894,10894,1
2020-05-29,15:41:22,10894,10895,10894,2
2020-05-29,15:41:23,10894,10895,10895,1
2020-05-29,15:41:26,10894,10895,10894,2
2020-05-29,15:41:27,10894,10895,10894,1
2020-05-29,15:41:27,10893,10894,10894,1
2020-05-29,15:41:28,10893,10894,10894,3
2020-05-29,15:41:28,10893,10894,10894,4
2020-05-29,15:41:28,10893,10894,10894,3
2020-05-29,15:41:29,10893,10895,10893,1
2020-05-29,15:41:29,10893,10895,10894,1
2020-05-29,15:41:29,10893,10895,10893,1
2020-05-29,15:41:29,10894,10895,10894,1
2020-05-29,15:41:30,10893,10894,10893,1
2020-05-29,15:41:30,10893,10894,10893,1
2020-05-29,15:41:30,10893,10894,10895,1
2020-05-29,15:41:30,10893,10894,10894,4
2020-05-29,15:41:32,10894,10895,10894,2
2020-05-29,15:41:39,10893,10894,10894,1
2020-05-29,15:41:42,10894,10895,10895,3
2020-05-29,15:41:42,10894,10895,10895,3
2020-05-29,15:41:44,10894,10895,10894,1
2020-05-29,15:41:47,10894,10895,10894,1
2020-05-29,15:41:48,10894,10895,10894,1
2020-05-29,15:41:51,10894,10895,10894,1
2020-05-29,15:41:51,10894,10895,10895,2
2020-05-29,15:41:51,10895,10896,10895,2
2020-05-29,15:41:52,10894,10896,10896,1
2020-05-29,15:41:55,10894,10895,10895,1
2020-05-29,15:42:00,10895,10896,10896,1
2020-05-29,15:42:02,10895,10896,10895,8
2020-05-29,15:42:04,10895,10896,10896,2
2020-05-29,15:42:15,10895,10896,10896,1
2020-05-29,15:42:21,10896,10897,10896,1
2020-05-29,15:42:21,10896,10897,10896,1
2020-05-29,15:42:24,10896,10897,10896,1
2020-05-29,15:42:24,10896,10897,10897,3
2020-05-29,15:42:25,10896,10898,10896,1
2020-05-29,15:42:37,10897,10898,10897,1
2020-05-29,15:42:40,10897,10898,10898,1
2020-05-29,15:42:41,10897,10898,10898,2
2020-05-29,15:42:41,10897,10898,10898,2
2020-05-29,15:42:41,10897,10898,10898,1
2020-05-29,15:43:00,10898,10899,10898,1
2020-05-29,15:43:02,10898,10899,10898,5
2020-05-29,15:43:05,10898,10899,10899,3
2020-05-29,15:43:11,10899,10900,10900,1
2020-05-29,15:43:11,10899,10900,10900,2
2020-05-29,15:43:12,10899,10901,10901,1
2020-05-29,15:43:12,10899,10901,10901,1
2020-05-29,15:43:14,10900,10901,10900,1
2020-05-29,15:43:14,10900,10901,10901,1
2020-05-29,15:43:17,10900,10901,10900,1
2020-05-29,15:43:20,10899,10901,10899,1
2020-05-29,15:43:26,10899,10901,10899,1
2020-05-29,15:43:32,10900,10901,10900,1
2020-05-29,15:43:32,10900,10901,10900,1
2020-05-29,15:43:37,10900,10901,10900,1
2020-05-29,15:43:43,10899,10900,10900,1
2020-05-29,15:43:43,10899,10900,10899,4
2020-05-29,15:43:43,10899,10900,10899,4
2020-05-29,15:43:43,10899,10900,10899,1
2020-05-29,15:43:44,10898,10899,10898,2
2020-05-29,15:43:44,10897,10899,10897,4
2020-05-29,15:43:46,10897,10899,10897,1
2020-05-29,15:43:48,10898,10899,10898,1
2020-05-29,15:44:06,10898,10899,10898,1
2020-05-29,15:44:10,10898,10899,10899,3
2020-05-29,15:44:26,10899,10900,10900,2
2020-05-29,15:44:27,10899,10901,10901,1
2020-05-29,15:44:31,10900,10901,10900,1
2020-05-29,15:44:33,10899,10900,10900,1
2020-05-29,15:44:56,10899,10900,10899,1
2020-05-29,15:44:57,10899,10900,10899,9
2020-05-29,15:45:07,10899,10900,10899,1
2020-05-29,15:45:07,10898,10900,10898,1
2020-05-29,15:45:07,10898,10900,10898,1
2020-05-29,15:45:09,10899,10900,10898,4
2020-05-29,15:45:09,10899,10900,10899,1
2020-05-29,15:45:09,10898,10899,10899,1
2020-05-29,15:45:20,10898,10899,10898,2
2020-05-29,15:45:20,10898,10899,10899,1
2020-05-29,15:45:20,10898,10899,10899,1
2020-05-29,15:45:20,10898,10899,10899,3
2020-05-29,15:45:20,10898,10899,10899,1
2020-05-29,15:45:34,10899,10900,10900,4
2020-05-29,15:45:56,10900,10901,10901,2
2020-05-29,15:45:56,10900,10901,10901,2
2020-05-29,15:45:56,10901,10902,10901,1
2020-05-29,15:46:00,10901,10902,10901,1
2020-05-29,15:46:00,10901,10902,10901,1
2020-05-29,15:46:01,10901,10902,10901,1
2020-05-29,15:46:05,10900,10901,10900,1
2020-05-29,15:46:05,10900,10901,10900,2
2020-05-29,15:46:14,10899,10900,10899,1
2020-05-29,15:46:14,10899,10900,10899,1
2020-05-29,15:46:14,10899,10900,10899,1
2020-05-29,15:46:15,10898,10899,10899,1
2020-05-29,15:46:22,10899,10900,10900,1
2020-05-29,15:46:28,10900,10902,10900,1
2020-05-29,15:46:36,10900,10901,10901,1
2020-05-29,15:46:43,10900,10901,10901,1
2020-05-29,15:46:46,10900,10901,10901,2
2020-05-29,15:46:49,10900,10901,10900,2
2020-05-29,15:47:08,10899,10900,10900,2
2020-05-29,15:47:08,10899,10900,10900,6
2020-05-29,15:47:08,10899,10900,10900,2
2020-05-29,15:47:18,10900,10901,10901,1
2020-05-29,15:47:37,10900,10901,10901,12
2020-05-29,15:47:37,10900,10901,10901,3
2020-05-29,15:47:37,10900,10901,10901,2
2020-05-29,15:47:52,10900,10901,10901,1
2020-05-29,15:47:56,10900,10901,10901,3
2020-05-29,15:48:02,10901,10902,10902,1
2020-05-29,15:48:02,10901,10902,10901,10
2020-05-29,15:48:02,10901,10902,10901,5
2020-05-29,15:48:02,10901,10902,10901,1
2020-05-29,15:48:02,10901,10902,10901,2
2020-05-29,15:48:02,10901,10902,10901,3
2020-05-29,15:48:08,10900,10901,10900,6
2020-05-29,15:48:09,10899,10900,10900,1
2020-05-29,15:48:11,10900,10901,10900,2
2020-05-29,15:48:11,10900,10901,10900,1
2020-05-29,15:48:11,10900,10901,10900,2
2020-05-29,15:48:11,10900,10901,10900,2
2020-05-29,15:48:11,10900,10901,10900,1
2020-05-29,15:48:11,10900,10901,10900,1
2020-05-29,15:48:11,10900,10901,10900,2
2020-05-29,15:48:11,10900,10901,10900,2
2020-05-29,15:48:11,10900,10901,10900,2
2020-05-29,15:48:11,10900,10901,10900,1
2020-05-29,15:48:17,10900,10901,10900,1
2020-05-29,15:48:19,10899,10901,10901,5
2020-05-29,15:48:23,10900,10901,10901,1
2020-05-29,15:48:37,10900,10902,10900,1
2020-05-29,15:48:44,10899,10901,10899,3
2020-05-29,15:48:47,10898,10899,10899,1
2020-05-29,15:48:47,10898,10900,10898,13
2020-05-29,15:48:47,10898,10900,10897,5
2020-05-29,15:48:48,10898,10899,10899,1
2020-05-29,15:48:55,10898,10899,10898,1
2020-05-29,15:49:09,10898,10899,10898,5
2020-05-29,15:49:09,10897,10898,10897,10
2020-05-29,15:49:14,10897,10898,10898,2
2020-05-29,15:49:22,10897,10898,10897,1
2020-05-29,15:49:22,10897,10898,10897,4
2020-05-29,15:49:22,10896,10897,10896,2
2020-05-29,15:49:22,10896,10897,10896,2
2020-05-29,15:49:28,10896,10897,10896,1
2020-05-29,15:49:28,10896,10897,10897,1
2020-05-29,15:49:30,10896,10897,10896,1
2020-05-29,15:49:31,10896,10897,10896,1
2020-05-29,15:49:32,10896,10897,10896,1
2020-05-29,15:49:32,10896,10897,10896,1
2020-05-29,15:49:32,10896,10897,10896,1
2020-05-29,15:49:34,10896,10897,10896,1
2020-05-29,15:49:36,10895,10896,10895,2
2020-05-29,15:49:36,10895,10896,10895,2
2020-05-29,15:49:36,10895,10896,10895,6
2020-05-29,15:49:36,10894,10895,10894,1
2020-05-29,15:49:36,10894,10895,10894,1
2020-05-29,15:49:36,10894,10895,10894,5
2020-05-29,15:49:36,10894,10895,10894,2
2020-05-29,15:49:36,10894,10895,10894,1
2020-05-29,15:49:36,10894,10895,10894,1
2020-05-29,15:49:36,10894,10895,10894,2
2020-05-29,15:49:36,10893,10895,10893,1
2020-05-29,15:49:37,10893,10895,10893,1
2020-05-29,15:49:39,10893,10895,10893,1
2020-05-29,15:49:40,10893,10895,10893,1
2020-05-29,15:49:41,10893,10894,10893,3
2020-05-29,15:49:42,10893,10894,10893,1
2020-05-29,15:49:43,10893,10894,10893,1
2020-05-29,15:49:43,10893,10894,10894,2
2020-05-29,15:49:44,10893,10894,10894,1
2020-05-29,15:49:45,10893,10895,10893,1
2020-05-29,15:49:46,10894,10895,10894,1
2020-05-29,15:49:48,10893,10895,10893,4
2020-05-29,15:49:48,10893,10895,10893,9
2020-05-29,15:49:48,10893,10895,10893,1
2020-05-29,15:49:48,10892,10894,10892,10
2020-05-29,15:49:48,10892,10894,10892,5
2020-05-29,15:49:49,10892,10893,10892,1
2020-05-29,15:49:50,10893,10894,10893,1
2020-05-29,15:49:50,10893,10894,10894,1
2020-05-29,15:49:50,10893,10894,10893,1
2020-05-29,15:49:50,10892,10894,10892,2
2020-05-29,15:49:51,10892,10893,10893,1
2020-05-29,15:49:54,10893,10894,10893,1
2020-05-29,15:49:54,10893,10894,10892,1
2020-05-29,15:49:54,10893,10894,10893,9
2020-05-29,15:49:55,10892,10894,10892,1
2020-05-29,15:49:56,10892,10893,10892,1
2020-05-29,15:49:57,10892,10893,10892,9
2020-05-29,15:49:58,10892,10893,10893,1
2020-05-29,15:50:00,10892,10893,10893,5
2020-05-29,15:50:03,10892,10894,10892,7
2020-05-29,15:50:03,10892,10893,10893,1
2020-05-29,15:50:04,10893,10894,10894,1
2020-05-29,15:50:07,10893,10895,10893,1
2020-05-29,15:50:07,10893,10895,10893,1
2020-05-29,15:50:08,10893,10895,10893,2
2020-05-29,15:50:09,10894,10895,10894,1
2020-05-29,15:50:09,10894,10895,10893,1
2020-05-29,15:50:14,10893,10895,10893,1
2020-05-29,15:50:15,10893,10894,10893,1
2020-05-29,15:50:15,10892,10893,10893,1
2020-05-29,15:50:16,10892,10893,10893,6
2020-05-29,15:50:16,10892,10893,10893,1
2020-05-29,15:50:20,10893,10895,10895,1
2020-05-29,15:50:21,10894,10895,10894,2
2020-05-29,15:50:21,10894,10895,10893,4
2020-05-29,15:50:25,10894,10895,10895,2
2020-05-29,15:50:26,10894,10895,10895,2
2020-05-29,15:50:30,10894,10895,10895,1
2020-05-29,15:50:34,10894,10895,10894,2
2020-05-29,15:50:35,10894,10895,10895,1
2020-05-29,15:50:37,10894,10895,10895,2
2020-05-29,15:50:39,10894,10895,10894,3
2020-05-29,15:50:40,10894,10895,10894,1
2020-05-29,15:50:44,10894,10895,10895,2
2020-05-29,15:50:46,10895,10896,10895,2
2020-05-29,15:50:48,10894,10895,10895,1
2020-05-29,15:50:51,10894,10895,10895,1
2020-05-29,15:50:54,10894,10896,10894,1
2020-05-29,15:51:06,10895,10896,10895,1
2020-05-29,15:51:17,10895,10896,10896,5
2020-05-29,15:51:18,10896,10898,10896,1
2020-05-29,15:51:20,10895,10897,10897,4
2020-05-29,15:51:27,10896,10898,10897,1
2020-05-29,15:51:28,10896,10898,10898,2
2020-05-29,15:51:37,10897,10898,10897,1
2020-05-29,15:51:37,10897,10898,10897,1
2020-05-29,15:51:41,10895,10896,10896,1
2020-05-29,15:51:46,10895,10896,10896,1
2020-05-29,15:52:09,10895,10896,10896,1
2020-05-29,15:52:10,10896,10897,10896,1
2020-05-29,15:52:10,10896,10897,10895,1
2020-05-29,15:52:16,10895,10896,10895,1
2020-05-29,15:52:18,10895,10896,10896,2
2020-05-29,15:52:22,10896,10897,10896,1
2020-05-29,15:52:26,10895,10896,10896,3
2020-05-29,15:52:27,10896,10897,10896,2
2020-05-29,15:52:39,10896,10897,10897,13
2020-05-29,15:52:58,10897,10898,10898,2
2020-05-29,15:52:58,10897,10898,10898,3
2020-05-29,15:53:05,10898,10899,10898,1
2020-05-29,15:53:10,10897,10898,10897,1
2020-05-29,15:53:10,10897,10898,10897,1
2020-05-29,15:53:11,10897,10898,10897,4
2020-05-29,15:53:14,10896,10897,10897,1
2020-05-29,15:53:23,10897,10898,10897,2
2020-05-29,15:53:27,10896,10897,10896,1
2020-05-29,15:53:27,10896,10897,10896,1
2020-05-29,15:53:29,10896,10897,10897,3
2020-05-29,15:53:31,10896,10898,10897,1
2020-05-29,15:53:34,10897,10898,10897,1
2020-05-29,15:53:38,10897,10898,10898,1
2020-05-29,15:53:52,10897,10898,10897,4
2020-05-29,15:53:52,10897,10898,10897,4
2020-05-29,15:53:52,10897,10898,10897,2
2020-05-29,15:53:53,10896,10897,10896,8
2020-05-29,15:54:02,10896,10897,10896,1
2020-05-29,15:54:03,10895,10896,10895,1
2020-05-29,15:54:10,10895,10896,10895,1
2020-05-29,15:54:20,10895,10896,10896,1
2020-05-29,15:54:20,10895,10896,10896,1
2020-05-29,15:54:21,10895,10896,10896,2
2020-05-29,15:54:21,10896,10897,10896,1
2020-05-29,15:54:24,10896,10897,10897,1
2020-05-29,15:54:28,10897,10898,10897,1
2020-05-29,15:54:32,10896,10897,10897,2
2020-05-29,15:54:42,10896,10897,10896,1
2020-05-29,15:54:45,10896,10897,10896,1
2020-05-29,15:54:45,10896,10897,10896,1
2020-05-29,15:54:59,10896,10897,10896,1
2020-05-29,15:55:02,10896,10897,10897,5
2020-05-29,15:55:02,10896,10897,10897,3
2020-05-29,15:55:03,10897,10898,10897,1
2020-05-29,15:55:07,10897,10898,10896,5
2020-05-29,15:55:07,10897,10898,10897,1
2020-05-29,15:55:20,10896,10897,10897,3
2020-05-29,15:55:26,10896,10897,10896,1
2020-05-29,15:55:31,10895,10896,10896,1
2020-05-29,15:55:43,10895,10896,10895,1
2020-05-29,15:55:44,10895,10896,10895,4
2020-05-29,15:55:44,10895,10896,10895,3
2020-05-29,15:55:44,10895,10896,10895,8
2020-05-29,15:55:46,10894,10895,10895,2
2020-05-29,15:55:47,10894,10895,10895,1
2020-05-29,15:55:53,10894,10895,10895,1
2020-05-29,15:56:00,10895,10896,10896,1
2020-05-29,15:56:04,10895,10896,10896,1
2020-05-29,15:56:04,10895,10896,10896,4
2020-05-29,15:56:04,10895,10896,10896,7
2020-05-29,15:56:04,10895,10896,10896,2
2020-05-29,15:56:04,10895,10896,10896,3
2020-05-29,15:56:08,10895,10897,10896,1
2020-05-29,15:56:24,10894,10895,10894,6
2020-05-29,15:56:24,10894,10895,10894,1
2020-05-29,15:56:24,10894,10895,10894,2
2020-05-29,15:56:25,10893,10894,10893,3
2020-05-29,15:56:25,10893,10894,10893,1
2020-05-29,15:56:25,10893,10894,10893,2
2020-05-29,15:56:25,10893,10894,10894,2
2020-05-29,15:56:26,10893,10894,10894,1
2020-05-29,15:56:26,10893,10894,10894,1
2020-05-29,15:56:27,10893,10894,10893,1
2020-05-29,15:56:28,10893,10894,10893,2
2020-05-29,15:56:28,10893,10894,10893,8
2020-05-29,15:56:28,10893,10894,10893,2
2020-05-29,15:56:28,10893,10894,10893,3
2020-05-29,15:56:32,10892,10893,10893,2
2020-05-29,15:56:36,10893,10894,10894,1
2020-05-29,15:56:40,10894,10895,10894,1
2020-05-29,15:56:52,10894,10895,10894,1
2020-05-29,15:56:52,10894,10895,10894,1
2020-05-29,15:56:52,10894,10895,10894,1
2020-05-29,15:56:55,10894,10895,10895,2
2020-05-29,15:57:00,10895,10896,10895,1
2020-05-29,15:57:03,10895,10896,10895,2
2020-05-29,15:57:10,10895,10896,10896,2
2020-05-29,15:57:10,10895,10896,10896,2
2020-05-29,15:57:18,10896,10897,10896,1
2020-05-29,15:57:22,10896,10897,10896,1
2020-05-29,15:57:26,10896,10897,10896,1
2020-05-29,15:57:29,10896,10897,10896,1
2020-05-29,15:57:39,10896,10897,10896,1
2020-05-29,15:57:49,10896,10897,10896,2
2020-05-29,15:57:55,10896,10897,10897,6
2020-05-29,15:57:57,10896,10898,10896,1
2020-05-29,15:58:15,10896,10897,10896,1
2020-05-29,15:58:16,10896,10897,10896,2
2020-05-29,15:58:19,10896,10897,10896,1
2020-05-29,15:58:21,10896,10897,10896,1
2020-05-29,15:58:21,10896,10897,10896,3
2020-05-29,15:58:24,10895,10896,10895,1
2020-05-29,15:58:27,10895,10896,10895,1
2020-05-29,15:58:34,10895,10896,10896,1
2020-05-29,15:58:36,10895,10896,10895,1
2020-05-29,15:58:47,10895,10896,10896,1
2020-05-29,15:58:51,10895,10896,10896,9
2020-05-29,15:58:55,10896,10897,10896,1
2020-05-29,15:59:01,10896,10897,10896,1
2020-05-29,15:59:02,10896,10897,10897,1
2020-05-29,15:59:13,10896,10897,10897,3
2020-05-29,15:59:14,10897,10898,10897,2
2020-05-29,15:59:18,10897,10898,10897,1
2020-05-29,15:59:30,10897,10898,10897,1
2020-05-29,15:59:32,10897,10898,10897,2
2020-05-29,15:59:34,10897,10898,10897,1
2020-05-29,15:59:42,10896,10897,10897,1
2020-05-29,15:59:46,10897,10898,10897,1
2020-05-29,16:00:00,10897,10898,10897,1
2020-05-29,16:00:01,10896,10897,10896,1
2020-05-29,16:00:01,10896,10897,10897,2
2020-05-29,16:00:02,10897,10898,10897,1
2020-05-29,16:00:08,10897,10898,10896,5
2020-05-29,16:00:08,10897,10898,10897,1
2020-05-29,16:00:20,10896,10897,10896,2
2020-05-29,16:00:22,10896,10897,10897,3
2020-05-29,16:00:27,10896,10898,10897,1
2020-05-29,16:00:29,10896,10898,10897,1
2020-05-29,16:00:33,10896,10898,10898,1
2020-05-29,16:00:33,10896,10898,10898,1
2020-05-29,16:00:33,10896,10898,10898,1
2020-05-29,16:00:37,10897,10898,10898,1
2020-05-29,16:00:37,10897,10898,10897,1
2020-05-29,16:00:41,10897,10898,10898,1
2020-05-29,16:00:41,10897,10898,10898,3
2020-05-29,16:00:41,10897,10898,10898,4
2020-05-29,16:00:41,10897,10898,10898,1
2020-05-29,16:00:43,10898,10899,10898,1
2020-05-29,16:00:45,10898,10899,10899,1
2020-05-29,16:00:46,10898,10899,10899,1
2020-05-29,16:00:46,10898,10899,10899,2
2020-05-29,16:00:49,10897,10899,10899,1
2020-05-29,16:00:59,10898,10899,10899,1
2020-05-29,16:01:00,10898,10899,10899,1
2020-05-29,16:01:02,10898,10899,10898,1
2020-05-29,16:01:02,10898,10899,10899,5
2020-05-29,16:01:04,10898,10899,10899,1
2020-05-29,16:01:04,10898,10900,10900,2
2020-05-29,16:01:09,10898,10899,10899,2
2020-05-29,16:01:11,10898,10899,10898,1
2020-05-29,16:01:13,10897,10898,10898,1
2020-05-29,16:01:19,10897,10898,10898,1
2020-05-29,16:01:22,10897,10898,10898,1
2020-05-29,16:01:24,10897,10899,10899,1
2020-05-29,16:01:32,10897,10898,10897,1
2020-05-29,16:01:32,10897,10898,10898,1
2020-05-29,16:01:47,10897,10898,10898,1
2020-05-29,16:02:02,10898,10899,10898,2
2020-05-29,16:02:03,10897,10898,10898,2
2020-05-29,16:02:09,10897,10898,10897,2
2020-05-29,16:02:09,10897,10898,10897,5
2020-05-29,16:02:09,10897,10898,10897,1
2020-05-29,16:02:09,10897,10898,10897,2
2020-05-29,16:02:09,10897,10898,10897,1
2020-05-29,16:02:15,10896,10897,10897,2
2020-05-29,16:02:16,10896,10897,10896,1
2020-05-29,16:02:16,10896,10897,10896,1
2020-05-29,16:02:16,10896,10897,10896,2
2020-05-29,16:02:16,10896,10897,10896,1
2020-05-29,16:02:16,10896,10897,10896,1
2020-05-29,16:02:19,10895,10896,10896,1
2020-05-29,16:02:19,10895,10896,10896,5
2020-05-29,16:02:19,10895,10896,10896,1
2020-05-29,16:02:27,10895,10896,10895,1
2020-05-29,16:02:28,10895,10896,10895,1
2020-05-29,16:02:32,10895,10896,10895,1
2020-05-29,16:02:37,10895,10896,10895,1
2020-05-29,16:02:38,10895,10896,10895,1
2020-05-29,16:02:44,10895,10896,10895,6
2020-05-29,16:02:45,10894,10896,10894,4
2020-05-29,16:02:46,10894,10896,10894,1
2020-05-29,16:02:53,10893,10894,10893,9
2020-05-29,16:02:54,10892,10894,10892,1
2020-05-29,16:02:54,10892,10894,10892,1
2020-05-29,16:02:56,10892,10894,10892,4
2020-05-29,16:02:59,10893,10894,10893,1
2020-05-29,16:02:59,10892,10893,10893,3
2020-05-29,16:03:00,10892,10893,10893,1
2020-05-29,16:03:05,10893,10894,10894,1
2020-05-29,16:03:05,10893,10894,10894,6
2020-05-29,16:03:05,10893,10894,10894,1
2020-05-29,16:03:22,10893,10894,10894,1
2020-05-29,16:03:26,10893,10894,10893,11
2020-05-29,16:03:27,10892,10893,10893,2
2020-05-29,16:03:27,10892,10893,10893,1
2020-05-29,16:03:27,10892,10893,10893,1
2020-05-29,16:03:28,10892,10893,10892,15
2020-05-29,16:03:33,10892,10893,10893,1
2020-05-29,16:03:35,10892,10893,10892,1
2020-05-29,16:03:36,10892,10893,10892,2
2020-05-29,16:03:37,10892,10893,10892,6
2020-05-29,16:03:38,10892,10893,10892,4
2020-05-29,16:03:39,10891,10892,10891,3
2020-05-29,16:03:39,10891,10892,10891,2
2020-05-29,16:03:39,10891,10892,10891,1
2020-05-29,16:03:39,10891,10892,10891,1
2020-05-29,16:03:39,10891,10892,10891,1
2020-05-29,16:03:40,10891,10892,10891,1
2020-05-29,16:03:40,10891,10892,10891,8
2020-05-29,16:03:40,10891,10892,10891,4
2020-05-29,16:03:40,10891,10892,10891,2
2020-05-29,16:03:40,10891,10892,10891,4
2020-05-29,16:03:40,10890,10891,10890,8
2020-05-29,16:03:40,10890,10891,10890,4
2020-05-29,16:03:40,10890,10891,10890,2
2020-05-29,16:03:40,10890,10891,10890,21
2020-05-29,16:03:40,10890,10891,10890,5
2020-05-29,16:03:40,10890,10891,10890,5
2020-05-29,16:03:40,10890,10891,10890,3
2020-05-29,16:03:40,10890,10891,10889,1
2020-05-29,16:03:40,10890,10891,10889,1
2020-05-29,16:03:40,10890,10891,10889,2
2020-05-29,16:03:40,10890,10891,10889,1
2020-05-29,16:03:40,10890,10891,10889,3
2020-05-29,16:03:40,10890,10891,10889,4
2020-05-29,16:03:40,10890,10891,10889,6
2020-05-29,16:03:40,10888,10889,10888,1
2020-05-29,16:03:40,10888,10889,10889,1
2020-05-29,16:03:40,10888,10889,10888,2
2020-05-29,16:03:40,10888,10889,10888,1
2020-05-29,16:03:40,10888,10889,10888,1
2020-05-29,16:03:40,10888,10889,10888,2
2020-05-29,16:03:40,10888,10889,10888,1
2020-05-29,16:03:40,10888,10889,10888,2
2020-05-29,16:03:40,10888,10889,10888,3
2020-05-29,16:03:40,10888,10889,10888,3
2020-05-29,16:03:40,10888,10889,10888,1
2020-05-29,16:03:40,10888,10889,10888,1
2020-05-29,16:03:40,10888,10889,10888,1
2020-05-29,16:03:40,10888,10889,10888,4
2020-05-29,16:03:40,10888,10889,10888,1
2020-05-29,16:03:40,10888,10889,10888,1
2020-05-29,16:03:41,10888,10889,10888,1
2020-05-29,16:03:41,10888,10889,10888,1
2020-05-29,16:03:41,10887,10888,10888,1
2020-05-29,16:03:41,10887,10888,10888,1
2020-05-29,16:03:41,10887,10888,10888,2
2020-05-29,16:03:41,10887,10889,10887,1
2020-05-29,16:03:41,10887,10889,10887,1
2020-05-29,16:03:42,10887,10889,10887,1
2020-05-29,16:03:42,10888,10889,10888,1
2020-05-29,16:03:42,10888,10889,10889,1
2020-05-29,16:03:43,10888,10890,10889,2
2020-05-29,16:03:44,10888,10890,10890,1
2020-05-29,16:03:44,10888,10890,10888,1
2020-05-29,16:03:45,10889,10890,10889,2
2020-05-29,16:03:45,10888,10890,10888,2
2020-05-29,16:03:47,10888,10890,10888,1
2020-05-29,16:03:49,10888,10890,10888,3
2020-05-29,16:03:49,10888,10890,10889,1
2020-05-29,16:03:50,10888,10890,10888,1
2020-05-29,16:03:51,10888,10889,10888,1
2020-05-29,16:03:54,10888,10889,10888,2
2020-05-29,16:03:58,10888,10889,10889,1
2020-05-29,16:03:58,10888,10890,10888,1
2020-05-29,16:03:58,10888,10890,10888,1
2020-05-29,16:04:01,10888,10890,10888,2
2020-05-29,16:04:01,10888,10889,10887,15
2020-05-29,16:04:01,10888,10889,10888,12
2020-05-29,16:04:01,10887,10889,10888,1
2020-05-29,16:04:01,10887,10889,10888,1
2020-05-29,16:04:01,10887,10889,10887,3
2020-05-29,16:04:03,10888,10889,10888,1
2020-05-29,16:04:04,10887,10888,10890,30
2020-05-29,16:04:04,10887,10888,10888,1
2020-05-29,16:04:04,10887,10888,10889,8
2020-05-29,16:04:04,10889,10891,10891,5
2020-05-29,16:04:05,10890,10891,10890,1
2020-05-29,16:04:09,10889,10890,10890,1
2020-05-29,16:04:14,10890,10891,10890,5
2020-05-29,16:04:14,10890,10891,10889,14
2020-05-29,16:04:14,10888,10890,10890,3
2020-05-29,16:04:14,10888,10890,10890,3
2020-05-29,16:04:15,10889,10890,10888,1
2020-05-29,16:04:17,10889,10890,10889,1
2020-05-29,16:04:20,10889,10891,10889,1
2020-05-29,16:04:22,10889,10890,10890,1
2020-05-29,16:04:22,10889,10890,10890,1
2020-05-29,16:04:22,10890,10891,10890,1
2020-05-29,16:04:30,10890,10891,10890,1
2020-05-29,16:04:31,10890,10891,10890,1
2020-05-29,16:04:31,10890,10891,10890,2
2020-05-29,16:04:32,10889,10891,10890,1
2020-05-29,16:04:32,10889,10890,10889,6
2020-05-29,16:04:35,10889,10890,10889,3
2020-05-29,16:04:38,10888,10890,10888,10
2020-05-29,16:04:39,10888,10890,10890,1
2020-05-29,16:04:41,10888,10889,10889,1
2020-05-29,16:04:45,10889,10890,10889,2
2020-05-29,16:04:46,10888,10889,10888,1
2020-05-29,16:04:49,10888,10889,10889,1
2020-05-29,16:04:54,10888,10889,10888,1
2020-05-29,16:04:54,10888,10889,10888,5
2020-05-29,16:04:54,10888,10889,10888,5
2020-05-29,16:04:54,10888,10889,10888,2
2020-05-29,16:04:54,10888,10889,10888,1
2020-05-29,16:04:54,10887,10888,10888,1
2020-05-29,16:04:56,10887,10888,10887,1
2020-05-29,16:04:57,10887,10888,10888,2
2020-05-29,16:04:58,10888,10889,10888,1
2020-05-29,16:04:58,10888,10889,10888,2
2020-05-29,16:04:59,10888,10889,10888,1
2020-05-29,16:05:00,10888,10889,10888,2
2020-05-29,16:05:00,10888,10889,10888,1
2020-05-29,16:05:00,10888,10889,10888,4
2020-05-29,16:05:00,10888,10889,10888,1
2020-05-29,16:05:01,10888,10889,10888,1
2020-05-29,16:05:03,10887,10888,10887,4
2020-05-29,16:05:03,10887,10888,10888,1
2020-05-29,16:05:07,10887,10888,10888,1
2020-05-29,16:05:07,10887,10888,10888,2
2020-05-29,16:05:13,10888,10889,10889,2
2020-05-29,16:05:13,10888,10889,10889,1
2020-05-29,16:05:13,10888,10889,10889,4
2020-05-29,16:05:13,10888,10889,10889,4
2020-05-29,16:05:13,10889,10890,10890,6
2020-05-29,16:05:13,10889,10890,10890,1
2020-05-29,16:05:14,10889,10891,10890,1
2020-05-29,16:05:14,10889,10891,10889,1
2020-05-29,16:05:16,10889,10891,10889,1
2020-05-29,16:05:25,10889,10890,10890,1
2020-05-29,16:05:27,10889,10890,10889,2
2020-05-29,16:05:27,10888,10890,10890,2
2020-05-29,16:05:32,10889,10890,10889,1
2020-05-29,16:05:32,10889,10890,10889,1
2020-05-29,16:05:32,10889,10890,10889,1
2020-05-29,16:05:32,10889,10890,10889,1
2020-05-29,16:05:33,10888,10889,10889,1
2020-05-29,16:05:38,10888,10889,10888,1
2020-05-29,16:05:38,10888,10889,10888,2
2020-05-29,16:05:38,10888,10889,10888,1
2020-05-29,16:05:38,10888,10889,10887,3
2020-05-29,16:05:39,10887,10888,10887,2
2020-05-29,16:05:41,10887,10888,10888,1
2020-05-29,16:05:43,10887,10888,10887,1
2020-05-29,16:05:45,10887,10888,10887,2
2020-05-29,16:05:46,10887,10888,10887,1
2020-05-29,16:05:46,10887,10888,10887,1
2020-05-29,16:05:46,10887,10888,10887,2
2020-05-29,16:05:46,10887,10888,10887,2
2020-05-29,16:05:50,10887,10888,10887,2
2020-05-29,16:05:51,10887,10888,10888,15
2020-05-29,16:05:51,10887,10888,10889,22
2020-05-29,16:05:51,10887,10889,10889,1
2020-05-29,16:05:51,10887,10889,10890,1
2020-05-29,16:05:51,10888,10889,10888,1
2020-05-29,16:05:56,10888,10889,10889,1
2020-05-29,16:05:56,10888,10889,10889,2
2020-05-29,16:05:56,10888,10889,10889,9
2020-05-29,16:05:56,10888,10889,10889,2
2020-05-29,16:05:56,10888,10889,10889,1
2020-05-29,16:05:57,10889,10890,10889,1
2020-05-29,16:05:57,10889,10890,10889,2
2020-05-29,16:05:57,10889,10890,10889,2
2020-05-29,16:06:03,10888,10889,10889,11
2020-05-29,16:06:03,10888,10889,10890,39
2020-05-29,16:06:03,10888,10889,10891,1
2020-05-29,16:06:03,10889,10891,10889,1
2020-05-29,16:06:03,10889,10890,10889,1
2020-05-29,16:06:03,10889,10890,10889,1
2020-05-29,16:06:03,10888,10890,10888,1
2020-05-29,16:06:04,10888,10889,10889,1
2020-05-29,16:06:12,10888,10889,10888,1
2020-05-29,16:06:12,10888,10889,10888,3
2020-05-29,16:06:12,10888,10889,10888,1
2020-05-29,16:06:12,10888,10889,10888,2
2020-05-29,16:06:12,10888,10889,10888,4
2020-05-29,16:06:14,10887,10888,10887,1
2020-05-29,16:06:18,10887,10888,10888,13
2020-05-29,16:06:18,10888,10889,10888,1
2020-05-29,16:06:20,10888,10889,10889,1
2020-05-29,16:06:22,10888,10889,10888,2
2020-05-29,16:06:22,10887,10889,10887,1
2020-05-29,16:06:22,10887,10889,10887,1
2020-05-29,16:06:25,10887,10888,10888,1
2020-05-29,16:06:29,10888,10889,10888,3
2020-05-29,16:06:29,10887,10889,10888,2
2020-05-29,16:06:39,10888,10889,10888,2
2020-05-29,16:06:39,10888,10889,10888,1
2020-05-29,16:06:39,10888,10889,10888,2
2020-05-29,16:06:45,10888,10889,10888,7
2020-05-29,16:06:48,10888,10889,10888,7
2020-05-29,16:06:49,10888,10889,10888,1
2020-05-29,16:06:49,10888,10889,10888,1
2020-05-29,16:06:49,10888,10889,10888,1
2020-05-29,16:06:50,10887,10888,10888,1
2020-05-29,16:06:50,10887,10888,10887,1
2020-05-29,16:06:52,10888,10889,10888,1
2020-05-29,16:06:58,10888,10889,10888,1
2020-05-29,16:07:05,10888,10889,10888,1
2020-05-29,16:07:05,10888,10889,10888,2
2020-05-29,16:07:05,10888,10889,10888,2
2020-05-29,16:07:08,10888,10889,10888,1
2020-05-29,16:07:10,10888,10889,10889,1
2020-05-29,16:07:15,10888,10889,10888,1
2020-05-29,16:07:16,10888,10889,10889,2
2020-05-29,16:07:17,10888,10889,10889,17
2020-05-29,16:07:17,10889,10890,10889,3
2020-05-29,16:07:22,10889,10890,10889,1
2020-05-29,16:07:25,10888,10889,10888,15
2020-05-29,16:07:26,10887,10888,10887,2
2020-05-29,16:07:27,10887,10888,10887,3
2020-05-29,16:07:30,10887,10888,10888,1
2020-05-29,16:07:30,10887,10888,10888,2
2020-05-29,16:07:30,10887,10888,10888,5
2020-05-29,16:07:30,10887,10888,10888,1
2020-05-29,16:07:30,10887,10889,10888,1
2020-05-29,16:07:37,10888,10889,10889,1
2020-05-29,16:07:40,10888,10889,10888,2
2020-05-29,16:07:46,10888,10890,10888,1
2020-05-29,16:07:53,10889,10890,10889,1
2020-05-29,16:08:05,10889,10890,10890,1
2020-05-29,16:08:05,10889,10890,10890,1
2020-05-29,16:08:05,10889,10890,10890,1
2020-05-29,16:08:05,10889,10890,10890,4
2020-05-29,16:08:08,10890,10891,10891,1
2020-05-29,16:08:08,10890,10891,10890,1
2020-05-29,16:08:16,10889,10890,10889,1
2020-05-29,16:08:19,10888,10890,10889,1
2020-05-29,16:08:30,10889,10890,10889,1
2020-05-29,16:08:32,10889,10890,10889,1
2020-05-29,16:08:34,10889,10890,10889,1
2020-05-29,16:08:36,10889,10891,10891,1
2020-05-29,16:08:39,10890,10891,10891,3
2020-05-29,16:08:39,10890,10891,10891,2
2020-05-29,16:08:39,10890,10891,10891,13
2020-05-29,16:08:39,10890,10891,10891,1
2020-05-29,16:08:39,10890,10891,10891,1
2020-05-29,16:08:39,10890,10891,10891,4
2020-05-29,16:08:39,10890,10891,10891,1
2020-05-29,16:08:39,10890,10891,10891,2
2020-05-29,16:08:45,10889,10891,10891,1
2020-05-29,16:08:53,10890,10891,10891,2
2020-05-29,16:08:56,10890,10891,10890,4
2020-05-29,16:08:57,10889,10890,10890,1
2020-05-29,16:08:58,10889,10890,10890,1
2020-05-29,16:09:15,10890,10891,10890,1
2020-05-29,16:09:30,10890,10891,10890,7
2020-05-29,16:09:39,10889,10890,10890,1
2020-05-29,16:09:46,10889,10890,10889,2
2020-05-29,16:09:46,10889,10890,10890,1
2020-05-29,16:09:48,10889,10890,10889,2
2020-05-29,16:09:59,10889,10890,10890,5
2020-05-29,16:10:06,10890,10891,10890,1
2020-05-29,16:10:06,10890,10891,10891,3
2020-05-29,16:10:06,10890,10891,10891,1
2020-05-29,16:10:09,10891,10892,10891,2
2020-05-29,16:10:10,10890,10891,10890,1
2020-05-29,16:10:13,10890,10891,10890,1
2020-05-29,16:10:16,10890,10891,10891,8
2020-05-29,16:10:17,10891,10892,10891,1
2020-05-29,16:10:19,10891,10892,10892,2
2020-05-29,16:10:19,10891,10892,10892,1
2020-05-29,16:10:20,10892,10893,10892,3
2020-05-29,16:10:26,10891,10893,10893,1
2020-05-29,16:10:26,10891,10893,10893,2
2020-05-29,16:10:29,10892,10894,10892,3
2020-05-29,16:10:30,10892,10893,10893,1
2020-05-29,16:10:32,10892,10894,10894,1
2020-05-29,16:10:32,10892,10894,10894,1
2020-05-29,16:10:33,10893,10894,10894,1
2020-05-29,16:10:34,10893,10894,10894,1
2020-05-29,16:10:40,10893,10894,10894,1
2020-05-29,16:10:40,10893,10894,10894,3
2020-05-29,16:10:42,10893,10894,10894,1
2020-05-29,16:10:43,10893,10894,10894,3
2020-05-29,16:10:49,10893,10894,10894,1
2020-05-29,16:10:54,10893,10894,10894,2
2020-05-29,16:11:04,10893,10894,10894,1
2020-05-29,16:11:10,10893,10894,10894,1
2020-05-29,16:11:11,10893,10894,10893,2
2020-05-29,16:11:11,10893,10894,10893,1
2020-05-29,16:11:12,10893,10894,10894,1
2020-05-29,16:11:13,10893,10894,10894,1
2020-05-29,16:11:23,10894,10895,10894,1
2020-05-29,16:11:29,10894,10895,10894,1
2020-05-29,16:11:30,10894,10895,10895,1
2020-05-29,16:11:31,10894,10895,10894,1
2020-05-29,16:11:32,10894,10895,10894,1
2020-05-29,16:11:42,10893,10894,10894,4
2020-05-29,16:11:51,10893,10894,10894,1
2020-05-29,16:11:52,10894,10895,10894,2
2020-05-29,16:11:54,10894,10895,10894,1
2020-05-29,16:12:08,10894,10895,10894,1
2020-05-29,16:12:12,10893,10894,10894,1
2020-05-29,16:12:14,10893,10894,10894,2
2020-05-29,16:12:20,10893,10895,10894,1
2020-05-29,16:12:27,10894,10895,10894,2
2020-05-29,16:12:28,10894,10895,10895,12
2020-05-29,16:12:33,10895,10896,10896,2
2020-05-29,16:12:33,10895,10896,10895,1
2020-05-29,16:12:33,10895,10896,10895,1
2020-05-29,16:12:33,10895,10896,10896,2
2020-05-29,16:12:33,10896,10897,10897,1
2020-05-29,16:12:39,10896,10897,10897,1
2020-05-29,16:12:41,10896,10897,10897,9
2020-05-29,16:12:49,10897,10898,10897,1
2020-05-29,16:12:50,10897,10898,10897,1
2020-05-29,16:12:52,10897,10898,10897,2
2020-05-29,16:12:56,10896,10897,10896,1
2020-05-29,16:12:56,10896,10897,10897,1
2020-05-29,16:12:56,10896,10897,10896,3
2020-05-29,16:12:57,10896,10897,10897,1
2020-05-29,16:12:59,10896,10897,10897,5
2020-05-29,16:13:01,10896,10897,10896,4
2020-05-29,16:13:02,10895,10896,10896,3
2020-05-29,16:13:11,10896,10897,10897,5
2020-05-29,16:13:15,10896,10897,10897,1
2020-05-29,16:13:15,10896,10897,10897,2
2020-05-29,16:13:17,10896,10897,10897,3
2020-05-29,16:13:20,10896,10897,10896,3
2020-05-29,16:13:25,10896,10897,10897,3
2020-05-29,16:13:25,10896,10897,10897,2
2020-05-29,16:13:25,10896,10897,10897,3
2020-05-29,16:13:25,10896,10897,10897,1
2020-05-29,16:13:25,10896,10897,10897,1
2020-05-29,16:13:25,10896,10897,10897,3
2020-05-29,16:13:25,10896,10897,10897,2
2020-05-29,16:13:25,10896,10897,10898,1
2020-05-29,16:13:26,10897,10898,10898,2
2020-05-29,16:13:26,10897,10898,10898,1
2020-05-29,16:13:29,10897,10898,10898,1
2020-05-29,16:13:43,10898,10899,10898,1
2020-05-29,16:13:48,10898,10899,10898,10
2020-05-29,16:13:49,10898,10899,10899,1
2020-05-29,16:13:49,10898,10899,10899,2
2020-05-29,16:13:50,10898,10899,10899,4
2020-05-29,16:13:53,10898,10899,10898,3
2020-05-29,16:13:57,10898,10899,10899,1
2020-05-29,16:13:59,10898,10899,10898,4
2020-05-29,16:13:59,10898,10899,10897,14
2020-05-29,16:14:03,10898,10899,10898,1
2020-05-29,16:14:07,10897,10898,10897,1
2020-05-29,16:14:08,10897,10898,10898,1
2020-05-29,16:14:11,10897,10898,10898,1
2020-05-29,16:14:23,10897,10898,10898,1
2020-05-29,16:14:31,10897,10898,10897,4
2020-05-29,16:14:31,10897,10898,10897,1
2020-05-29,16:14:32,10896,10897,10897,2
2020-05-29,16:14:36,10896,10897,10896,4
2020-05-29,16:14:54,10895,10897,10896,1
2020-05-29,16:15:00,10896,10897,10896,1
2020-05-29,16:15:02,10896,10897,10897,3
2020-05-29,16:15:02,10896,10897,10896,1
2020-05-29,16:15:03,10895,10897,10895,2
2020-05-29,16:15:03,10895,10897,10895,6
2020-05-29,16:15:09,10895,10897,10895,1
2020-05-29,16:15:33,10896,10897,10896,1
2020-05-29,16:15:33,10896,10897,10896,1
2020-05-29,16:15:46,10895,10896,10895,2
2020-05-29,16:15:58,10894,10895,10895,3
2020-05-29,16:16:00,10894,10895,10895,1
2020-05-29,16:16:01,10895,10896,10896,2
2020-05-29,16:16:10,10894,10896,10894,5
2020-05-29,16:16:10,10894,10896,10896,1
2020-05-29,16:16:15,10895,10896,10896,1
2020-05-29,16:16:30,10895,10897,10895,1
2020-05-29,16:16:36,10896,10897,10897,2
2020-05-29,16:16:36,10896,10897,10897,9
2020-05-29,16:16:42,10897,10898,10897,1
2020-05-29,16:16:43,10897,10898,10897,1
2020-05-29,16:16:48,10897,10898,10897,1
2020-05-29,16:16:48,10897,10898,10897,1
2020-05-29,16:16:53,10896,10897,10897,1
2020-05-29,16:16:59,10897,10898,10898,1
2020-05-29,16:17:02,10897,10898,10898,2
2020-05-29,16:17:13,10897,10898,10898,1
2020-05-29,16:17:15,10897,10898,10898,1
2020-05-29,16:17:21,10897,10898,10897,1
2020-05-29,16:17:24,10897,10898,10898,2
2020-05-29,16:17:24,10897,10898,10898,2
2020-05-29,16:17:24,10897,10898,10898,3
2020-05-29,16:17:24,10898,10899,10898,1
2020-05-29,16:17:25,10898,10899,10898,1
2020-05-29,16:17:33,10898,10899,10898,1
2020-05-29,16:17:37,10897,10898,10898,2
2020-05-29,16:17:39,10898,10899,10899,1
2020-05-29,16:17:39,10898,10899,10899,4
2020-05-29,16:17:39,10898,10899,10899,2
2020-05-29,16:17:39,10898,10899,10899,1
2020-05-29,16:17:39,10898,10899,10899,9
2020-05-29,16:17:44,10899,10900,10899,1
2020-05-29,16:17:45,10898,10900,10898,1
2020-05-29,16:17:45,10898,10900,10900,1
2020-05-29,16:17:45,10898,10900,10900,1
2020-05-29,16:17:45,10898,10900,10900,4
2020-05-29,16:17:49,10898,10899,10898,1
2020-05-29,16:17:49,10898,10899,10899,1
2020-05-29,16:17:53,10898,10899,10899,1
2020-05-29,16:17:53,10898,10899,10899,1
2020-05-29,16:17:55,10898,10899,10898,1
2020-05-29,16:18:02,10898,10899,10899,1
2020-05-29,16:18:09,10898,10899,10899,1
2020-05-29,16:18:12,10898,10899,10898,5
2020-05-29,16:18:16,10897,10898,10898,3
2020-05-29,16:18:16,10897,10898,10898,2
2020-05-29,16:18:27,10898,10899,10898,1
2020-05-29,16:18:29,10897,10899,10899,1
2020-05-29,16:18:29,10897,10899,10899,3
2020-05-29,16:18:49,10898,10899,10898,2
2020-05-29,16:18:49,10898,10899,10898,2
2020-05-29,16:18:49,10898,10899,10898,3
2020-05-29,16:18:49,10898,10899,10898,2
2020-05-29,16:19:02,10897,10898,10898,1
2020-05-29,16:19:10,10897,10898,10897,1
2020-05-29,16:19:12,10897,10898,10897,5
2020-05-29,16:19:12,10897,10898,10897,3
2020-05-29,16:19:12,10897,10898,10897,1
2020-05-29,16:19:16,10896,10897,10896,2
2020-05-29,16:19:16,10896,10897,10896,1
2020-05-29,16:19:16,10896,10897,10895,1
2020-05-29,16:19:16,10895,10896,10895,2
2020-05-29,16:19:16,10895,10896,10895,2
2020-05-29,16:19:16,10895,10896,10895,1
2020-05-29,16:19:16,10895,10896,10895,1
2020-05-29,16:19:16,10895,10896,10895,1
2020-05-29,16:19:16,10895,10896,10895,2
2020-05-29,16:19:16,10894,10895,10895,2
2020-05-29,16:19:26,10895,10896,10895,1
2020-05-29,16:19:32,10895,10896,10895,1
2020-05-29,16:19:43,10895,10896,10895,1
2020-05-29,16:19:45,10895,10896,10896,1
2020-05-29,16:19:45,10895,10896,10896,2
2020-05-29,16:19:45,10895,10896,10896,5
2020-05-29,16:19:47,10895,10896,10895,1
2020-05-29,16:19:57,10895,10896,10896,1
2020-05-29,16:19:59,10897,10898,10896,1
2020-05-29,16:20:08,10896,10897,10896,1
2020-05-29,16:20:15,10896,10897,10897,2
2020-05-29,16:20:15,10896,10897,10897,1
2020-05-29,16:20:20,10896,10897,10897,1
2020-05-29,16:20:27,10896,10897,10897,2
2020-05-29,16:20:32,10897,10898,10897,1
2020-05-29,16:20:32,10897,10898,10898,4
2020-05-29,16:20:37,10897,10898,10897,1
2020-05-29,16:20:42,10897,10898,10898,5
2020-05-29,16:20:42,10897,10898,10898,1
2020-05-29,16:20:42,10897,10898,10898,1
2020-05-29,16:20:43,10897,10899,10897,1
2020-05-29,16:20:46,10897,10898,10898,1
2020-05-29,16:20:46,10897,10898,10899,3
2020-05-29,16:20:48,10897,10898,10897,1
2020-05-29,16:20:51,10897,10898,10898,2
2020-05-29,16:20:55,10897,10898,10897,1
2020-05-29,16:21:00,10897,10898,10897,1
2020-05-29,16:21:00,10897,10898,10897,6
2020-05-29,16:21:00,10897,10898,10897,3
2020-05-29,16:21:04,10896,10897,10897,1
2020-05-29,16:21:08,10896,10897,10896,8
2020-05-29,16:21:09,10896,10897,10896,4
2020-05-29,16:21:10,10896,10897,10897,1
2020-05-29,16:21:14,10897,10898,10898,5
2020-05-29,16:21:22,10897,10898,10897,3
2020-05-29,16:21:27,10897,10898,10898,4
2020-05-29,16:21:27,10897,10898,10898,3
2020-05-29,16:21:27,10897,10898,10899,5
2020-05-29,16:21:27,10897,10898,10899,1
2020-05-29,16:21:27,10897,10898,10899,1
2020-05-29,16:21:27,10897,10898,10899,5
2020-05-29,16:21:27,10897,10898,10899,10
2020-05-29,16:21:27,10897,10898,10899,1
2020-05-29,16:21:27,10897,10898,10899,3
2020-05-29,16:21:27,10897,10898,10899,1
2020-05-29,16:21:27,10897,10898,10899,1
2020-05-29,16:21:27,10899,10900,10899,2
2020-05-29,16:21:27,10898,10900,10898,1
2020-05-29,16:21:34,10897,10898,10897,2
2020-05-29,16:21:34,10897,10898,10897,6
2020-05-29,16:21:35,10896,10897,10897,1
2020-05-29,16:21:39,10896,10897,10896,2
2020-05-29,16:21:39,10896,10897,10896,2
2020-05-29,16:21:40,10895,10896,10896,1
2020-05-29,16:21:42,10895,10896,10896,1
2020-05-29,16:21:44,10895,10897,10895,15
2020-05-29,16:21:44,10895,10897,10894,2
2020-05-29,16:21:44,10895,10897,10894,4
2020-05-29,16:21:44,10895,10897,10894,5
2020-05-29,16:21:44,10895,10897,10894,1
2020-05-29,16:21:44,10895,10897,10894,2
2020-05-29,16:21:44,10895,10897,10894,5
2020-05-29,16:21:44,10895,10897,10894,2
2020-05-29,16:21:44,10895,10897,10894,6
2020-05-29,16:21:44,10895,10897,10893,1
2020-05-29,16:21:44,10895,10897,10893,2
2020-05-29,16:21:44,10895,10897,10893,1
2020-05-29,16:21:44,10895,10897,10893,12
2020-05-29,16:21:44,10895,10897,10892,1
2020-05-29,16:21:44,10895,10897,10892,15
2020-05-29,16:21:44,10895,10897,10892,1
2020-05-29,16:21:44,10895,10897,10892,4
2020-05-29,16:21:44,10895,10897,10892,5
2020-05-29,16:21:44,10895,10897,10892,3
2020-05-29,16:21:44,10895,10897,10892,1
2020-05-29,16:21:44,10895,10897,10891,10
2020-05-29,16:21:44,10895,10897,10891,2
2020-05-29,16:21:44,10895,10897,10891,1
2020-05-29,16:21:44,10895,10897,10891,2
2020-05-29,16:21:44,10895,10897,10891,21
2020-05-29,16:21:44,10895,10897,10892,2
2020-05-29,16:21:44,10895,10897,10890,2
2020-05-29,16:21:44,10895,10897,10891,1
2020-05-29,16:21:44,10895,10897,10891,1
2020-05-29,16:21:44,10890,10892,10890,2
2020-05-29,16:21:44,10890,10892,10890,1
2020-05-29,16:21:44,10890,10892,10890,5
2020-05-29,16:21:44,10890,10892,10890,2
2020-05-29,16:21:44,10890,10892,10889,1
2020-05-29,16:21:44,10889,10890,10889,1
2020-05-29,16:21:44,10889,10890,10889,2
2020-05-29,16:21:44,10889,10890,10890,2
2020-05-29,16:21:44,10889,10890,10889,2
2020-05-29,16:21:44,10889,10890,10889,3
2020-05-29,16:21:45,10889,10890,10889,1
2020-05-29,16:21:45,10889,10890,10889,1
2020-05-29,16:21:45,10889,10890,10889,2
2020-05-29,16:21:45,10889,10890,10889,3
2020-05-29,16:21:45,10888,10889,10888,4
2020-05-29,16:21:45,10888,10889,10888,1
2020-05-29,16:21:45,10888,10889,10888,3
2020-05-29,16:21:45,10888,10889,10888,8
