2020-06-08 15:00:00.008,11568,11570,11568,30,-30
2020-06-08 15:00:00.133,11564,11568,11564,2,-2
2020-06-08 15:00:00.133,11564,11568,11563,2,-2
2020-06-08 15:00:00.212,11564,11568,11567,1,1
2020-06-08 15:00:00.235,11563,11567,11567,1,1
2020-06-08 15:00:00.245,11563,11567,11567,1,1
2020-06-08 15:00:00.253,11563,11567,11567,1,1
2020-06-08 15:00:00.308,11563,11567,11568,1,1
2020-06-08 15:00:00.312,11563,11567,11568,1,1
2020-06-08 15:00:00.462,11563,11568,11567,1,-1
2020-06-08 15:00:00.629,11564,11567,11564,1,-1
2020-06-08 15:00:00.685,11564,11567,11567,1,1
2020-06-08 15:00:00.861,11564,11566,11564,2,-2
2020-06-08 15:00:01.066,11563,11566,11565,1,1
2020-06-08 15:00:01.101,11563,11566,11564,1,-1
2020-06-08 15:00:01.743,11564,11565,11564,4,-4
2020-06-08 15:00:01.767,11564,11565,11564,1,-1
2020-06-08 15:00:02.225,11563,11564,11563,1,-1
2020-06-08 15:00:02.326,11563,11564,11563,1,-1
2020-06-08 15:00:03.286,11562,11563,11562,4,-4
2020-06-08 15:00:03.414,11561,11562,11561,3,-3
2020-06-08 15:00:03.546,11561,11562,11561,2,-2
2020-06-08 15:00:03.645,11560,11562,11562,1,1
2020-06-08 15:00:04.254,11560,11562,11562,1,1
2020-06-08 15:00:04.331,11560,11562,11562,1,1
2020-06-08 15:00:04.364,11561,11562,11562,1,1
2020-06-08 15:00:04.386,11561,11562,11563,1,1
2020-06-08 15:00:04.417,11561,11562,11563,2,2
2020-06-08 15:00:04.512,11561,11563,11563,1,1
2020-06-08 15:00:04.981,11561,11563,11561,1,-1
2020-06-08 15:00:05.490,11561,11562,11561,1,-1
2020-06-08 15:00:05.821,11560,11562,11562,3,3
2020-06-08 15:00:05.920,11561,11562,11561,4,-4
2020-06-08 15:00:07.169,11560,11561,11561,1,1
2020-06-08 15:00:07.416,11561,11563,11563,1,1
2020-06-08 15:00:07.810,11561,11563,11563,1,1
2020-06-08 15:00:08.561,11562,11564,11564,1,1
2020-06-08 15:00:08.604,11562,11564,11565,1,1
2020-06-08 15:00:12.633,11562,11563,11562,5,-5
2020-06-08 15:00:13.082,11561,11563,11561,3,-3
2020-06-08 15:00:13.106,11560,11561,11560,20,-20
2020-06-08 15:00:13.191,11560,11561,11559,1,-1
2020-06-08 15:00:13.310,11558,11560,11558,1,-1
2020-06-08 15:00:13.382,11558,11560,11558,1,-1
2020-06-08 15:00:13.920,11559,11561,11559,1,1
2020-06-08 15:00:14.007,11559,11561,11559,1,-1
2020-06-08 15:00:14.638,11559,11561,11559,1,-1
2020-06-08 15:00:15.377,11558,11559,11558,6,-6
2020-06-08 15:00:15.405,11558,11559,11558,2,-2
2020-06-08 15:00:15.875,11557,11559,11559,6,6
2020-06-08 15:00:16.705,11558,11560,11558,2,-2
2020-06-08 15:00:16.705,11558,11560,11557,2,-2
2020-06-08 15:00:17.119,11558,11559,11558,1,1
2020-06-08 15:00:17.283,11557,11559,11559,1,1
2020-06-08 15:00:17.761,11557,11559,11559,1,1
2020-06-08 15:00:17.870,11557,11559,11559,2,2
2020-06-08 15:00:17.873,11557,11559,11557,5,-5
2020-06-08 15:00:17.873,11557,11559,11556,1,-1
2020-06-08 15:00:17.948,11557,11559,11557,1,1
2020-06-08 15:00:18.019,11557,11559,11558,3,3
2020-06-08 15:00:18.295,11556,11558,11556,3,-3
2020-06-08 15:00:18.297,11556,11558,11556,1,-1
2020-06-08 15:00:18.378,11556,11557,11556,2,-2
2020-06-08 15:00:18.396,11556,11557,11557,1,1
2020-06-08 15:00:18.477,11556,11557,11556,2,-2
2020-06-08 15:00:18.494,11556,11558,11556,1,-1
2020-06-08 15:00:18.566,11556,11558,11555,1,-1
2020-06-08 15:00:18.744,11555,11557,11555,1,-1
2020-06-08 15:00:18.780,11555,11557,11555,1,-1
2020-06-08 15:00:18.804,11555,11557,11555,2,-2
2020-06-08 15:00:18.856,11555,11556,11555,6,-6
2020-06-08 15:00:18.981,11554,11555,11554,1,-1
2020-06-08 15:00:19.105,11553,11555,11553,6,-6
2020-06-08 15:00:19.175,11553,11555,11554,6,6
2020-06-08 15:00:19.283,11553,11555,11553,1,-1
2020-06-08 15:00:19.547,11553,11555,11553,1,-1
2020-06-08 15:00:20.557,11554,11555,11555,1,1
2020-06-08 15:00:20.841,11554,11556,11556,1,1
2020-06-08 15:00:20.926,11554,11556,11553,1,-1
2020-06-08 15:00:21.176,11553,11555,11555,1,1
2020-06-08 15:00:21.206,11553,11555,11553,6,-6
2020-06-08 15:00:21.230,11552,11553,11552,1,-1
2020-06-08 15:00:21.384,11552,11553,11553,1,1
2020-06-08 15:00:21.418,11552,11553,11553,2,2
2020-06-08 15:00:21.449,11552,11553,11553,1,1
2020-06-08 15:00:21.460,11552,11553,11552,1,-1
2020-06-08 15:00:21.503,11552,11553,11553,1,1
2020-06-08 15:00:21.785,11552,11553,11552,1,-1
2020-06-08 15:00:21.902,11552,11553,11553,1,1
2020-06-08 15:00:21.902,11552,11553,11553,2,2
2020-06-08 15:00:22.613,11552,11553,11553,1,1
2020-06-08 15:00:23.155,11552,11553,11553,1,1
2020-06-08 15:00:23.263,11552,11553,11553,2,2
2020-06-08 15:00:23.264,11552,11553,11553,1,1
2020-06-08 15:00:23.481,11553,11554,11553,1,-1
2020-06-08 15:00:24.239,11552,11554,11552,1,-1
2020-06-08 15:00:24.371,11553,11554,11553,1,1
2020-06-08 15:00:24.447,11553,11554,11554,6,6
2020-06-08 15:00:24.675,11553,11554,11553,1,-1
2020-06-08 15:00:25.310,11553,11554,11554,1,1
2020-06-08 15:00:25.312,11553,11554,11555,1,1
2020-06-08 15:00:25.592,11553,11555,11555,5,5
2020-06-08 15:00:26.126,11554,11556,11556,3,3
2020-06-08 15:00:26.436,11555,11556,11556,1,1
2020-06-08 15:00:26.731,11556,11557,11557,3,3
2020-06-08 15:00:26.860,11557,11559,11559,1,1
2020-06-08 15:00:27.718,11557,11558,11558,1,1
2020-06-08 15:00:28.060,11557,11558,11557,3,-3
2020-06-08 15:00:28.230,11557,11558,11558,1,1
2020-06-08 15:00:28.272,11557,11558,11557,1,-1
2020-06-08 15:00:28.870,11557,11559,11559,1,1
2020-06-08 15:00:30.525,11557,11559,11559,1,1
2020-06-08 15:00:32.720,11558,11559,11559,1,1
2020-06-08 15:00:32.927,11558,11559,11559,1,1
2020-06-08 15:00:33.078,11558,11559,11559,1,1
2020-06-08 15:00:33.295,11558,11559,11559,2,2
2020-06-08 15:00:33.422,11558,11560,11558,1,-1
2020-06-08 15:00:35.941,11558,11559,11559,1,1
2020-06-08 15:00:36.709,11558,11559,11558,3,-3
2020-06-08 15:00:36.782,11558,11559,11559,3,3
2020-06-08 15:00:38.108,11559,11560,11559,1,-1
2020-06-08 15:00:38.393,11559,11560,11559,1,-1
2020-06-08 15:00:38.450,11559,11560,11559,1,-1
2020-06-08 15:00:42.691,11559,11560,11560,5,5
2020-06-08 15:00:42.730,11560,11561,11561,4,4
2020-06-08 15:00:42.895,11560,11562,11562,1,1
2020-06-08 15:00:45.172,11560,11562,11560,2,-2
2020-06-08 15:00:47.855,11561,11562,11562,1,1
2020-06-08 15:00:48.078,11561,11562,11562,1,1
2020-06-08 15:00:49.580,11561,11562,11562,3,3
2020-06-08 15:00:49.967,11561,11562,11562,1,1
2020-06-08 15:00:49.980,11561,11562,11562,1,1
2020-06-08 15:00:52.312,11562,11564,11563,1,1
2020-06-08 15:00:52.418,11562,11563,11562,1,-1
2020-06-08 15:00:52.522,11562,11563,11563,4,4
2020-06-08 15:00:53.099,11562,11563,11562,1,-1
2020-06-08 15:00:56.480,11563,11564,11563,1,1
2020-06-08 15:00:57.749,11562,11563,11563,1,1
2020-06-08 15:00:58.426,11562,11563,11562,1,-1
2020-06-08 15:00:59.115,11562,11563,11563,1,1
2020-06-08 15:00:59.623,11563,11564,11563,1,-1
2020-06-08 15:00:59.865,11562,11564,11562,1,-1
2020-06-08 15:01:00.110,11563,11564,11563,1,1
2020-06-08 15:01:00.110,11563,11564,11562,2,-2
2020-06-08 15:01:00.712,11562,11564,11562,1,-1
2020-06-08 15:01:00.714,11562,11564,11562,1,-1
2020-06-08 15:01:00.714,11562,11564,11561,1,-1
2020-06-08 15:01:00.753,11561,11563,11561,1,-1
2020-06-08 15:01:00.754,11561,11563,11561,1,-1
2020-06-08 15:01:00.763,11561,11563,11561,1,-1
2020-06-08 15:01:02.365,11562,11563,11562,1,1
2020-06-08 15:01:03.873,11562,11563,11562,1,-1
2020-06-08 15:01:04.409,11561,11563,11562,3,-3
2020-06-08 15:01:07.040,11562,11563,11563,3,3
2020-06-08 15:01:07.041,11562,11563,11563,5,5
2020-06-08 15:01:07.321,11562,11564,11564,3,3
2020-06-08 15:01:10.144,11563,11564,11563,1,-1
2020-06-08 15:01:10.391,11563,11564,11563,1,-1
2020-06-08 15:01:13.143,11562,11563,11563,1,1
2020-06-08 15:01:14.497,11562,11563,11563,1,1
2020-06-08 15:01:14.605,11562,11563,11563,3,3
2020-06-08 15:01:15.158,11562,11563,11563,1,1
2020-06-08 15:01:16.284,11564,11565,11564,1,1
2020-06-08 15:01:19.144,11564,11565,11564,1,-1
2020-06-08 15:01:19.208,11564,11565,11564,1,-1
2020-06-08 15:01:21.640,11564,11565,11564,1,-1
2020-06-08 15:01:23.077,11564,11565,11565,1,1
2020-06-08 15:01:23.131,11564,11565,11565,1,1
2020-06-08 15:01:23.227,11564,11565,11564,5,-5
2020-06-08 15:01:23.514,11563,11564,11563,1,-1
2020-06-08 15:01:23.635,11563,11564,11563,2,-2
2020-06-08 15:01:23.636,11563,11564,11563,3,-3
2020-06-08 15:01:23.636,11563,11564,11563,2,-2
2020-06-08 15:01:23.636,11563,11564,11563,1,-1
2020-06-08 15:01:23.636,11563,11564,11563,2,-2
2020-06-08 15:01:23.636,11563,11564,11563,7,-7
2020-06-08 15:01:25.609,11562,11563,11563,1,1
2020-06-08 15:01:25.888,11562,11563,11563,9,9
2020-06-08 15:01:30.171,11562,11563,11563,1,1
2020-06-08 15:01:31.546,11562,11563,11563,1,1
2020-06-08 15:01:32.089,11562,11563,11562,1,-1
2020-06-08 15:01:32.089,11562,11563,11562,1,-1
2020-06-08 15:01:32.089,11562,11563,11562,1,-1
2020-06-08 15:01:32.090,11562,11563,11562,1,-1
2020-06-08 15:01:32.090,11562,11563,11562,1,-1
2020-06-08 15:01:32.341,11561,11562,11562,1,1
2020-06-08 15:01:33.604,11561,11562,11562,1,1
2020-06-08 15:01:33.725,11561,11562,11562,4,4
2020-06-08 15:01:37.894,11561,11562,11562,1,1
2020-06-08 15:01:38.905,11561,11562,11562,1,1
2020-06-08 15:01:39.027,11561,11562,11561,7,-7
2020-06-08 15:01:39.027,11561,11562,11561,5,-5
2020-06-08 15:01:39.027,11561,11562,11561,11,-11
2020-06-08 15:01:39.027,11561,11562,11561,2,-2
2020-06-08 15:01:39.106,11560,11561,11560,10,-10
2020-06-08 15:01:39.107,11560,11561,11560,1,-1
2020-06-08 15:01:41.442,11560,11561,11561,1,1
2020-06-08 15:01:42.687,11560,11562,11560,1,-1
2020-06-08 15:01:43.899,11560,11562,11562,1,1
2020-06-08 15:01:44.208,11560,11562,11560,2,-2
2020-06-08 15:01:48.980,11561,11562,11562,2,2
2020-06-08 15:01:49.746,11562,11563,11562,3,-3
2020-06-08 15:01:50.787,11562,11563,11562,1,-1
2020-06-08 15:01:51.008,11562,11563,11563,1,1
2020-06-08 15:01:51.489,11562,11563,11562,2,-2
2020-06-08 15:01:52.794,11562,11563,11563,2,2
2020-06-08 15:01:55.502,11563,11565,11563,1,-1
2020-06-08 15:01:56.855,11563,11565,11563,1,-1
2020-06-08 15:01:58.141,11564,11565,11564,1,1
2020-06-08 15:01:58.434,11564,11565,11564,1,-1
2020-06-08 15:01:59.173,11564,11565,11564,1,-1
2020-06-08 15:02:02.364,11564,11565,11565,5,5
2020-06-08 15:02:07.281,11565,11566,11565,1,-1
2020-06-08 15:02:11.966,11565,11566,11566,1,1
2020-06-08 15:02:14.144,11565,11566,11566,1,1
2020-06-08 15:02:16.221,11565,11566,11566,1,1
2020-06-08 15:02:17.232,11565,11566,11566,6,6
2020-06-08 15:02:22.028,11566,11567,11566,1,-1
2020-06-08 15:02:23.640,11566,11567,11566,1,-1
2020-06-08 15:02:24.154,11566,11567,11566,1,-1
2020-06-08 15:02:24.772,11566,11567,11566,2,-2
2020-06-08 15:02:26.867,11566,11567,11566,1,-1
2020-06-08 15:02:28.981,11566,11567,11566,3,-3
2020-06-08 15:02:31.062,11566,11567,11566,5,-5
2020-06-08 15:02:31.062,11566,11567,11566,5,-5
2020-06-08 15:02:31.062,11566,11567,11566,3,-3
2020-06-08 15:02:32.715,11565,11566,11566,1,1
2020-06-08 15:02:37.362,11565,11566,11566,8,8
2020-06-08 15:02:39.069,11565,11566,11565,1,-1
2020-06-08 15:02:41.631,11565,11566,11565,3,-3
2020-06-08 15:02:41.631,11565,11566,11565,1,-1
2020-06-08 15:02:41.631,11565,11566,11565,6,-6
2020-06-08 15:02:42.807,11564,11565,11564,21,-21
2020-06-08 15:02:43.135,11563,11564,11563,1,-1
2020-06-08 15:02:43.196,11563,11564,11562,1,-1
2020-06-08 15:02:43.655,11562,11563,11563,3,3
2020-06-08 15:02:43.963,11562,11564,11562,1,-1
2020-06-08 15:02:44.337,11563,11565,11563,1,1
2020-06-08 15:02:45.349,11563,11564,11564,1,1
2020-06-08 15:02:47.531,11563,11565,11563,2,-2
2020-06-08 15:02:48.420,11563,11565,11564,1,1
2020-06-08 15:02:52.577,11562,11563,11562,2,-2
2020-06-08 15:02:54.168,11562,11563,11562,1,-1
2020-06-08 15:02:56.788,11562,11563,11562,1,-1
2020-06-08 15:02:57.469,11561,11562,11562,2,2
2020-06-08 15:02:57.541,11561,11562,11561,6,-6
2020-06-08 15:03:00.669,11561,11562,11561,1,-1
2020-06-08 15:03:00.673,11561,11562,11561,1,-1
2020-06-08 15:03:00.682,11561,11562,11561,1,-1
2020-06-08 15:03:00.688,11561,11562,11561,1,-1
2020-06-08 15:03:00.698,11561,11562,11561,1,-1
2020-06-08 15:03:00.699,11561,11562,11561,18,-18
2020-06-08 15:03:00.735,11560,11561,11560,1,-1
2020-06-08 15:03:01.128,11560,11561,11560,1,-1
2020-06-08 15:03:01.803,11560,11561,11560,1,-1
2020-06-08 15:03:03.106,11560,11561,11561,2,2
2020-06-08 15:03:03.893,11560,11561,11561,1,1
2020-06-08 15:03:03.946,11560,11561,11560,5,-5
2020-06-08 15:03:05.009,11560,11561,11560,3,-3
2020-06-08 15:03:08.071,11559,11560,11559,6,-6
2020-06-08 15:03:08.837,11558,11560,11558,1,-1
2020-06-08 15:03:09.128,11558,11560,11558,3,-3
2020-06-08 15:03:09.270,11558,11559,11558,1,-1
2020-06-08 15:03:11.655,11558,11559,11558,2,-2
2020-06-08 15:03:11.838,11558,11559,11558,1,-1
2020-06-08 15:03:12.778,11558,11559,11559,1,1
2020-06-08 15:03:12.893,11558,11559,11558,1,-1
2020-06-08 15:03:14.026,11558,11559,11558,1,-1
2020-06-08 15:03:15.400,11558,11559,11558,1,-1
2020-06-08 15:03:16.106,11558,11559,11558,1,-1
2020-06-08 15:03:17.021,11558,11559,11558,1,-1
2020-06-08 15:03:17.681,11558,11559,11558,1,-1
2020-06-08 15:03:18.418,11558,11559,11558,1,-1
2020-06-08 15:03:18.986,11558,11559,11558,1,-1
2020-06-08 15:03:20.633,11558,11559,11559,1,1
2020-06-08 15:03:21.110,11558,11559,11559,2,2
2020-06-08 15:03:22.278,11558,11559,11558,1,-1
2020-06-08 15:03:24.479,11558,11559,11558,21,-21
2020-06-08 15:03:24.479,11558,11559,11557,19,-19
2020-06-08 15:03:24.678,11557,11558,11558,1,1
2020-06-08 15:03:25.009,11557,11559,11557,2,-2
2020-06-08 15:03:26.515,11557,11558,11558,1,1
2020-06-08 15:03:27.322,11558,11559,11558,2,-2
2020-06-08 15:03:27.686,11558,11559,11558,1,-1
2020-06-08 15:03:28.098,11558,11559,11559,5,5
2020-06-08 15:03:28.098,11558,11559,11559,1,1
2020-06-08 15:03:28.137,11559,11560,11560,4,4
2020-06-08 15:03:29.577,11559,11561,11559,1,-1
2020-06-08 15:03:29.795,11560,11561,11560,1,1
2020-06-08 15:03:31.566,11559,11560,11559,1,-1
2020-06-08 15:03:32.041,11559,11560,11559,1,-1
2020-06-08 15:03:33.130,11558,11560,11560,1,1
2020-06-08 15:03:37.368,11558,11559,11559,1,1
2020-06-08 15:03:38.143,11558,11559,11559,1,1
2020-06-08 15:03:39.002,11558,11559,11559,1,1
2020-06-08 15:03:40.861,11558,11559,11559,2,2
2020-06-08 15:03:42.177,11558,11559,11558,5,-5
2020-06-08 15:03:43.929,11557,11558,11557,2,-2
2020-06-08 15:03:43.929,11557,11558,11556,8,-8
2020-06-08 15:03:44.193,11556,11558,11556,1,-1
2020-06-08 15:03:45.599,11556,11558,11556,8,-8
2020-06-08 15:03:46.845,11556,11558,11556,1,-1
2020-06-08 15:03:51.766,11556,11557,11556,1,-1
2020-06-08 15:03:53.162,11556,11557,11557,1,1
2020-06-08 15:03:53.162,11556,11557,11558,1,1
2020-06-08 15:03:53.322,11556,11558,11556,5,-5
2020-06-08 15:03:54.495,11556,11558,11556,1,-1
2020-06-08 15:03:54.600,11556,11558,11556,1,-1
2020-06-08 15:03:56.787,11557,11558,11558,2,2
2020-06-08 15:03:57.110,11557,11558,11557,2,-2
2020-06-08 15:03:57.662,11556,11558,11556,1,-1
2020-06-08 15:03:58.513,11557,11558,11557,1,1
2020-06-08 15:03:58.576,11557,11558,11557,1,-1
2020-06-08 15:03:59.695,11557,11558,11558,2,2
2020-06-08 15:03:59.787,11557,11559,11557,1,-1
2020-06-08 15:04:00.075,11556,11558,11558,1,1
2020-06-08 15:04:05.102,11557,11558,11557,2,-2
2020-06-08 15:04:06.383,11556,11557,11556,2,-2
2020-06-08 15:04:07.156,11555,11556,11555,5,-5
2020-06-08 15:04:07.345,11555,11556,11555,5,-5
2020-06-08 15:04:08.987,11555,11556,11556,1,1
2020-06-08 15:04:11.576,11555,11556,11556,2,2
2020-06-08 15:04:12.631,11555,11556,11556,3,3
2020-06-08 15:04:12.722,11555,11556,11555,1,-1
2020-06-08 15:04:15.915,11555,11556,11555,1,-1
2020-06-08 15:04:16.819,11555,11556,11555,4,-4
2020-06-08 15:04:17.633,11554,11555,11554,5,-5
2020-06-08 15:04:18.275,11554,11555,11555,1,1
2020-06-08 15:04:19.279,11554,11555,11554,2,-2
2020-06-08 15:04:19.318,11554,11555,11553,1,-1
2020-06-08 15:04:19.431,11553,11554,11554,2,2
2020-06-08 15:04:19.669,11553,11554,11553,2,-2
2020-06-08 15:04:21.528,11553,11554,11553,5,-5
2020-06-08 15:04:22.441,11553,11554,11553,5,-5
2020-06-08 15:04:22.542,11553,11554,11553,1,-1
2020-06-08 15:04:24.407,11553,11554,11553,1,-1
2020-06-08 15:04:27.019,11552,11553,11553,1,1
2020-06-08 15:04:27.019,11552,11553,11553,4,4
2020-06-08 15:04:28.649,11553,11554,11553,1,-1
2020-06-08 15:04:31.409,11553,11554,11553,1,-1
2020-06-08 15:04:31.606,11553,11554,11553,2,-2
2020-06-08 15:04:31.929,11553,11554,11554,5,5
2020-06-08 15:04:31.929,11553,11554,11554,2,2
2020-06-08 15:04:31.929,11553,11554,11554,7,7
2020-06-08 15:04:33.066,11554,11555,11554,2,-2
2020-06-08 15:04:33.066,11554,11555,11554,1,-1
2020-06-08 15:04:33.066,11554,11555,11554,1,-1
2020-06-08 15:04:33.066,11554,11555,11554,1,-1
2020-06-08 15:04:34.805,11553,11554,11554,2,2
2020-06-08 15:04:35.460,11553,11554,11553,1,-1
2020-06-08 15:04:35.514,11553,11554,11554,1,1
2020-06-08 15:04:35.979,11553,11555,11553,2,-2
2020-06-08 15:04:42.545,11553,11554,11554,1,1
2020-06-08 15:04:44.825,11553,11554,11553,1,-1
2020-06-08 15:04:47.217,11553,11554,11553,3,-3
2020-06-08 15:04:47.244,11552,11553,11553,1,1
2020-06-08 15:04:48.853,11552,11553,11553,1,1
2020-06-08 15:04:49.245,11553,11554,11554,1,1
2020-06-08 15:04:50.872,11552,11553,11553,1,1
2020-06-08 15:04:51.337,11552,11553,11552,1,-1
2020-06-08 15:04:51.475,11552,11553,11552,1,-1
2020-06-08 15:04:51.678,11552,11553,11553,1,1
2020-06-08 15:04:51.782,11552,11553,11552,1,-1
2020-06-08 15:04:52.916,11552,11553,11553,1,1
2020-06-08 15:04:56.366,11552,11553,11552,1,-1
2020-06-08 15:04:56.367,11552,11553,11552,1,-1
2020-06-08 15:04:56.367,11552,11553,11552,6,-6
2020-06-08 15:04:56.368,11552,11553,11552,4,-4
2020-06-08 15:04:56.368,11552,11553,11552,4,-4
2020-06-08 15:04:56.368,11552,11553,11552,4,-4
2020-06-08 15:04:56.368,11552,11553,11552,2,-2
2020-06-08 15:04:56.368,11552,11553,11552,4,-4
2020-06-08 15:04:56.368,11552,11553,11552,1,-1
2020-06-08 15:04:56.368,11552,11553,11552,1,-1
2020-06-08 15:04:56.436,11552,11553,11552,1,-1
2020-06-08 15:04:57.214,11551,11553,11551,4,-4
2020-06-08 15:04:57.384,11551,11553,11551,1,-1
2020-06-08 15:04:57.933,11552,11553,11552,1,1
2020-06-08 15:05:00.044,11551,11552,11552,1,1
2020-06-08 15:05:00.158,11551,11552,11551,10,-10
2020-06-08 15:05:00.914,11551,11552,11551,1,-1
2020-06-08 15:05:03.179,11551,11552,11551,3,-3
2020-06-08 15:05:03.431,11550,11551,11551,1,1
2020-06-08 15:05:03.491,11550,11551,11550,5,-5
2020-06-08 15:05:03.493,11550,11551,11550,2,-2
2020-06-08 15:05:03.497,11550,11551,11550,1,-1
2020-06-08 15:05:03.499,11550,11551,11550,5,-5
2020-06-08 15:05:03.499,11550,11551,11549,8,-8
2020-06-08 15:05:03.501,11550,11551,11549,2,-2
2020-06-08 15:05:03.501,11550,11551,11548,1,-1
2020-06-08 15:05:03.510,11550,11551,11548,1,-1
2020-06-08 15:05:03.511,11550,11551,11548,3,-3
2020-06-08 15:05:03.520,11550,11551,11548,1,-1
2020-06-08 15:05:03.541,11550,11551,11548,1,-1
2020-06-08 15:05:03.556,11550,11551,11548,2,-2
2020-06-08 15:05:03.565,11550,11551,11548,1,-1
2020-06-08 15:05:03.617,11548,11549,11548,3,-3
2020-06-08 15:05:03.713,11548,11549,11548,1,-1
2020-06-08 15:05:03.722,11548,11549,11548,1,-1
2020-06-08 15:05:03.774,11548,11549,11548,1,-1
2020-06-08 15:05:03.861,11548,11549,11548,2,-2
2020-06-08 15:05:03.888,11548,11549,11547,3,-3
2020-06-08 15:05:03.905,11548,11549,11547,2,-2
2020-06-08 15:05:03.950,11548,11549,11547,1,-1
2020-06-08 15:05:03.951,11548,11549,11547,3,-3
2020-06-08 15:05:03.999,11547,11548,11547,1,-1
2020-06-08 15:05:04.020,11547,11548,11548,1,1
2020-06-08 15:05:04.020,11547,11548,11549,2,2
2020-06-08 15:05:04.073,11547,11548,11547,1,-1
2020-06-08 15:05:04.083,11547,11548,11547,2,-2
2020-06-08 15:05:04.188,11547,11549,11547,1,-1
2020-06-08 15:05:04.328,11547,11549,11547,2,-2
2020-06-08 15:05:04.356,11546,11548,11546,1,-1
2020-06-08 15:05:04.445,11546,11548,11546,1,-1
2020-06-08 15:05:04.573,11546,11548,11546,1,-1
2020-06-08 15:05:04.755,11546,11548,11546,1,-1
2020-06-08 15:05:04.802,11546,11548,11546,2,-2
2020-06-08 15:05:04.903,11546,11548,11546,1,-1
2020-06-08 15:05:04.939,11546,11548,11546,1,-1
2020-06-08 15:05:04.990,11546,11548,11546,1,-1
2020-06-08 15:05:05.099,11546,11548,11546,3,-3
2020-06-08 15:05:05.957,11546,11548,11546,5,-5
2020-06-08 15:05:06.988,11546,11548,11546,1,-1
2020-06-08 15:05:08.535,11546,11548,11546,1,-1
2020-06-08 15:05:09.296,11547,11548,11547,1,1
2020-06-08 15:05:10.262,11547,11548,11547,1,-1
2020-06-08 15:05:10.590,11546,11547,11547,1,1
2020-06-08 15:05:10.864,11547,11548,11547,1,-1
2020-06-08 15:05:11.187,11547,11548,11547,3,-3
2020-06-08 15:05:11.753,11546,11547,11547,1,1
2020-06-08 15:05:12.293,11546,11547,11547,1,1
2020-06-08 15:05:13.010,11546,11547,11547,1,1
2020-06-08 15:05:13.174,11546,11547,11546,3,-3
2020-06-08 15:05:15.293,11546,11547,11546,1,-1
2020-06-08 15:05:16.889,11546,11547,11546,1,-1
2020-06-08 15:05:18.293,11546,11547,11546,1,-1
2020-06-08 15:05:19.250,11546,11547,11546,2,-2
2020-06-08 15:05:20.933,11546,11547,11546,1,-1
2020-06-08 15:05:21.555,11546,11547,11546,1,-1
2020-06-08 15:05:22.140,11546,11547,11547,10,10
2020-06-08 15:05:22.455,11546,11548,11546,2,-2
2020-06-08 15:05:24.323,11546,11547,11547,6,6
2020-06-08 15:05:25.030,11546,11547,11547,1,1
2020-06-08 15:05:26.574,11547,11548,11548,1,1
2020-06-08 15:05:26.961,11548,11549,11548,1,-1
2020-06-08 15:05:27.168,11547,11548,11547,1,-1
2020-06-08 15:05:28.127,11547,11548,11547,1,-1
2020-06-08 15:05:28.134,11547,11548,11548,1,1
2020-06-08 15:05:29.308,11547,11549,11547,1,-1
2020-06-08 15:05:29.558,11547,11549,11547,1,-1
2020-06-08 15:05:30.962,11547,11548,11547,1,-1
2020-06-08 15:05:31.593,11547,11548,11547,1,-1
2020-06-08 15:05:31.868,11547,11548,11547,2,-2
2020-06-08 15:05:33.522,11547,11548,11547,1,-1
2020-06-08 15:05:34.549,11547,11548,11547,2,-2
2020-06-08 15:05:34.554,11547,11548,11547,1,-1
2020-06-08 15:05:34.732,11547,11548,11548,1,1
2020-06-08 15:05:35.440,11547,11548,11548,1,1
2020-06-08 15:05:36.617,11547,11548,11547,1,-1
2020-06-08 15:05:37.061,11547,11548,11548,1,1
2020-06-08 15:05:37.062,11547,11548,11548,2,2
2020-06-08 15:05:37.180,11547,11548,11547,1,-1
2020-06-08 15:05:38.105,11547,11548,11548,9,9
2020-06-08 15:05:41.005,11548,11549,11548,1,-1
2020-06-08 15:05:42.064,11548,11549,11549,3,3
2020-06-08 15:05:44.609,11549,11550,11549,4,-4
2020-06-08 15:05:45.154,11549,11550,11549,1,-1
2020-06-08 15:05:47.005,11549,11550,11549,2,-2
2020-06-08 15:05:50.120,11549,11550,11550,1,1
2020-06-08 15:05:51.998,11549,11550,11549,1,-1
2020-06-08 15:05:52.865,11549,11550,11549,1,-1
2020-06-08 15:05:52.908,11549,11550,11550,2,2
2020-06-08 15:05:52.996,11549,11550,11550,2,2
2020-06-08 15:05:55.006,11549,11550,11549,1,-1
2020-06-08 15:05:58.244,11549,11550,11550,1,1
2020-06-08 15:05:59.715,11549,11550,11550,1,1
2020-06-08 15:06:00.047,11549,11550,11549,1,-1
2020-06-08 15:06:00.065,11549,11550,11549,1,-1
2020-06-08 15:06:00.073,11549,11550,11549,1,-1
2020-06-08 15:06:00.238,11549,11550,11549,1,-1
2020-06-08 15:06:00.619,11549,11550,11550,1,1
2020-06-08 15:06:01.053,11549,11550,11549,5,-5
2020-06-08 15:06:01.053,11549,11550,11549,1,-1
2020-06-08 15:06:01.053,11549,11550,11549,3,-3
2020-06-08 15:06:01.124,11548,11549,11548,1,-1
2020-06-08 15:06:01.237,11548,11549,11548,2,-2
2020-06-08 15:06:01.237,11548,11549,11547,2,-2
2020-06-08 15:06:01.251,11548,11549,11547,1,-1
2020-06-08 15:06:01.253,11548,11549,11547,1,-1
2020-06-08 15:06:01.258,11548,11549,11547,1,-1
2020-06-08 15:06:01.270,11548,11549,11546,1,-1
2020-06-08 15:06:05.714,11548,11549,11548,1,1
2020-06-08 15:06:06.013,11547,11549,11549,1,1
2020-06-08 15:06:06.013,11547,11549,11549,5,5
2020-06-08 15:06:06.014,11547,11549,11549,3,3
2020-06-08 15:06:06.014,11547,11549,11549,2,2
2020-06-08 15:06:06.285,11548,11550,11548,1,-1
2020-06-08 15:06:10.930,11548,11549,11548,5,-5
2020-06-08 15:06:11.195,11548,11549,11549,1,1
2020-06-08 15:06:12.857,11548,11549,11548,2,-2
2020-06-08 15:06:14.497,11548,11549,11549,1,1
2020-06-08 15:06:17.100,11548,11549,11548,1,-1
2020-06-08 15:06:17.494,11548,11549,11549,3,3
2020-06-08 15:06:17.494,11548,11549,11549,5,5
2020-06-08 15:06:19.803,11548,11549,11548,1,-1
2020-06-08 15:06:22.339,11549,11550,11549,1,1
2020-06-08 15:06:22.651,11549,11550,11549,1,-1
2020-06-08 15:06:24.225,11549,11550,11549,2,-2
2020-06-08 15:06:26.427,11549,11550,11550,15,15
2020-06-08 15:06:26.720,11549,11550,11549,1,-1
2020-06-08 15:06:32.970,11549,11550,11549,2,-2
2020-06-08 15:06:32.970,11549,11550,11548,1,-1
2020-06-08 15:06:34.656,11548,11550,11549,1,1
2020-06-08 15:06:41.815,11549,11550,11549,1,-1
2020-06-08 15:06:42.760,11549,11550,11550,6,6
2020-06-08 15:06:43.602,11549,11550,11550,4,4
2020-06-08 15:06:43.602,11549,11550,11550,2,2
2020-06-08 15:06:43.603,11549,11550,11550,1,1
2020-06-08 15:06:44.976,11549,11550,11550,1,1
2020-06-08 15:06:45.031,11550,11551,11550,1,-1
2020-06-08 15:06:45.055,11550,11551,11550,1,-1
2020-06-08 15:06:47.169,11550,11551,11550,1,-1
2020-06-08 15:06:47.418,11550,11551,11550,1,-1
2020-06-08 15:07:01.478,11550,11551,11551,6,6
2020-06-08 15:07:01.907,11550,11551,11551,9,9
2020-06-08 15:07:04.930,11551,11552,11552,1,1
2020-06-08 15:07:05.787,11551,11552,11552,1,1
2020-06-08 15:07:05.892,11551,11552,11552,2,2
2020-06-08 15:07:06.534,11551,11553,11551,1,-1
2020-06-08 15:07:16.012,11551,11552,11551,4,-4
2020-06-08 15:07:19.118,11550,11551,11551,1,1
2020-06-08 15:07:23.096,11550,11551,11551,1,1
2020-06-08 15:07:23.581,11550,11551,11551,1,1
2020-06-08 15:07:29.368,11550,11551,11551,1,1
2020-06-08 15:07:30.566,11550,11551,11551,5,5
2020-06-08 15:07:30.567,11550,11551,11551,4,4
2020-06-08 15:07:32.464,11550,11552,11550,4,-4
2020-06-08 15:07:39.265,11550,11551,11551,1,1
2020-06-08 15:07:41.951,11550,11552,11551,1,-1
2020-06-08 15:07:44.895,11551,11552,11552,1,1
2020-06-08 15:07:47.147,11551,11552,11552,1,1
2020-06-08 15:07:49.734,11551,11552,11552,1,1
2020-06-08 15:07:51.972,11551,11552,11552,1,1
2020-06-08 15:07:53.368,11552,11553,11552,2,-2
2020-06-08 15:07:53.368,11552,11553,11551,10,-10
2020-06-08 15:07:53.516,11551,11552,11552,1,1
2020-06-08 15:08:00.738,11552,11553,11553,5,5
2020-06-08 15:08:00.841,11552,11553,11553,1,1
2020-06-08 15:08:01.592,11552,11553,11553,1,1
2020-06-08 15:08:01.722,11552,11553,11552,1,-1
2020-06-08 15:08:04.905,11552,11553,11553,1,1
2020-06-08 15:08:05.213,11553,11554,11553,2,-2
2020-06-08 15:08:05.421,11553,11554,11554,1,1
2020-06-08 15:08:09.637,11553,11554,11553,1,-1
2020-06-08 15:08:09.690,11553,11554,11554,1,1
2020-06-08 15:08:11.338,11553,11554,11554,1,1
2020-06-08 15:08:11.380,11553,11554,11554,1,1
2020-06-08 15:08:11.822,11553,11554,11553,1,-1
2020-06-08 15:08:12.109,11553,11554,11554,1,1
2020-06-08 15:08:12.406,11553,11554,11554,3,3
2020-06-08 15:08:12.407,11553,11554,11554,1,1
2020-06-08 15:08:12.407,11553,11554,11554,20,20
2020-06-08 15:08:12.407,11553,11554,11554,1,1
2020-06-08 15:08:12.782,11553,11554,11554,1,1
2020-06-08 15:08:12.811,11553,11554,11555,1,1
2020-06-08 15:08:13.534,11554,11555,11554,1,-1
2020-06-08 15:08:13.839,11553,11555,11555,2,2
2020-06-08 15:08:13.939,11553,11555,11555,2,2
2020-06-08 15:08:14.843,11554,11555,11554,1,-1
2020-06-08 15:08:16.123,11554,11555,11555,1,1
2020-06-08 15:08:18.933,11554,11555,11555,1,1
2020-06-08 15:08:18.934,11554,11555,11555,4,4
2020-06-08 15:08:18.971,11554,11555,11556,1,1
2020-06-08 15:08:19.523,11554,11556,11556,5,5
2020-06-08 15:08:23.809,11555,11556,11555,1,-1
2020-06-08 15:08:24.805,11555,11556,11556,1,1
2020-06-08 15:08:26.484,11555,11556,11555,1,-1
2020-06-08 15:08:31.277,11555,11556,11556,1,1
2020-06-08 15:08:31.345,11555,11556,11556,1,1
2020-06-08 15:08:31.786,11555,11556,11555,1,-1
2020-06-08 15:08:31.787,11555,11556,11555,4,-4
2020-06-08 15:08:31.787,11555,11556,11555,3,-3
2020-06-08 15:08:34.288,11555,11556,11555,1,-1
2020-06-08 15:08:34.386,11554,11555,11555,1,1
2020-06-08 15:08:41.663,11555,11556,11556,1,1
2020-06-08 15:08:43.852,11555,11556,11555,1,-1
2020-06-08 15:08:44.733,11555,11556,11555,1,-1
2020-06-08 15:08:49.425,11555,11556,11556,2,2
2020-06-08 15:08:50.135,11555,11556,11556,2,2
2020-06-08 15:08:50.440,11555,11556,11555,1,-1
2020-06-08 15:08:54.948,11555,11556,11556,1,1
2020-06-08 15:08:55.897,11555,11556,11555,1,-1
2020-06-08 15:08:57.248,11555,11556,11555,1,-1
2020-06-08 15:09:06.054,11555,11556,11556,8,8
2020-06-08 15:09:06.054,11555,11556,11556,1,1
2020-06-08 15:09:06.055,11555,11556,11556,1,1
2020-06-08 15:09:06.055,11555,11556,11556,2,2
2020-06-08 15:09:06.262,11556,11557,11557,1,1
2020-06-08 15:09:07.545,11556,11557,11557,1,1
2020-06-08 15:09:10.188,11556,11557,11557,3,3
2020-06-08 15:09:11.402,11556,11557,11557,1,1
2020-06-08 15:09:13.499,11556,11557,11557,3,3
2020-06-08 15:09:14.148,11556,11558,11557,1,-1
2020-06-08 15:09:16.711,11557,11558,11557,1,-1
2020-06-08 15:09:17.443,11557,11558,11558,12,12
2020-06-08 15:09:22.088,11557,11558,11557,1,-1
2020-06-08 15:09:22.717,11557,11558,11557,6,-6
2020-06-08 15:09:22.718,11557,11558,11557,1,-1
2020-06-08 15:09:22.718,11557,11558,11557,1,-1
2020-06-08 15:09:22.718,11557,11558,11557,2,-2
2020-06-08 15:09:24.562,11556,11557,11557,1,1
2020-06-08 15:09:26.042,11556,11557,11557,1,1
2020-06-08 15:09:28.412,11556,11557,11557,1,1
2020-06-08 15:09:29.407,11556,11557,11557,1,1
2020-06-08 15:09:37.767,11556,11557,11557,1,1
2020-06-08 15:09:43.361,11556,11557,11556,1,-1
2020-06-08 15:09:44.112,11556,11557,11557,5,5
2020-06-08 15:09:44.112,11556,11557,11557,1,1
2020-06-08 15:09:44.112,11556,11557,11557,2,2
2020-06-08 15:09:44.112,11556,11557,11557,3,3
2020-06-08 15:09:45.583,11556,11558,11557,1,-1
2020-06-08 15:09:47.616,11557,11558,11557,1,-1
2020-06-08 15:09:48.105,11557,11558,11557,1,-1
2020-06-08 15:09:51.184,11557,11558,11557,1,-1
2020-06-08 15:09:53.583,11557,11558,11557,1,-1
2020-06-08 15:09:54.561,11557,11558,11557,1,-1
2020-06-08 15:09:55.151,11557,11558,11558,1,1
2020-06-08 15:09:55.879,11557,11558,11557,6,-6
2020-06-08 15:09:55.946,11557,11558,11557,6,-6
2020-06-08 15:09:57.044,11556,11557,11557,3,3
2020-06-08 15:09:57.161,11556,11557,11557,1,1
2020-06-08 15:09:57.232,11556,11557,11557,1,1
2020-06-08 15:09:59.529,11556,11557,11557,1,1
2020-06-08 15:09:59.935,11556,11557,11557,1,1
2020-06-08 15:10:04.290,11556,11557,11556,11,-11
2020-06-08 15:10:04.290,11556,11557,11556,1,-1
2020-06-08 15:10:04.571,11555,11556,11555,1,-1
2020-06-08 15:10:04.936,11555,11556,11556,1,1
2020-06-08 15:10:05.160,11555,11556,11556,1,1
2020-06-08 15:10:06.491,11555,11556,11555,3,-3
2020-06-08 15:10:06.492,11555,11556,11555,8,-8
2020-06-08 15:10:06.492,11555,11556,11555,1,-1
2020-06-08 15:10:06.492,11555,11556,11555,1,-1
2020-06-08 15:10:07.802,11554,11555,11554,2,-2
2020-06-08 15:10:09.208,11554,11555,11554,1,-1
2020-06-08 15:10:09.208,11554,11555,11554,1,-1
2020-06-08 15:10:09.208,11554,11555,11554,1,-1
2020-06-08 15:10:09.208,11554,11555,11554,1,-1
2020-06-08 15:10:09.208,11554,11555,11554,1,-1
2020-06-08 15:10:09.208,11554,11555,11554,4,-4
2020-06-08 15:10:09.208,11554,11555,11554,4,-4
2020-06-08 15:10:09.208,11554,11555,11554,1,-1
2020-06-08 15:10:09.208,11554,11555,11554,2,-2
2020-06-08 15:10:09.224,11554,11555,11554,1,-1
2020-06-08 15:10:09.584,11553,11554,11553,1,-1
2020-06-08 15:10:10.212,11553,11554,11553,2,-2
2020-06-08 15:10:15.838,11553,11554,11553,1,-1
2020-06-08 15:10:22.534,11553,11554,11554,1,1
2020-06-08 15:10:22.837,11553,11554,11553,1,-1
2020-06-08 15:10:25.815,11552,11553,11553,1,1
2020-06-08 15:10:26.088,11553,11554,11553,1,-1
2020-06-08 15:10:28.033,11552,11553,11553,1,1
2020-06-08 15:10:29.444,11553,11554,11553,1,-1
2020-06-08 15:10:33.142,11552,11554,11554,10,10
2020-06-08 15:10:33.387,11553,11554,11554,10,10
2020-06-08 15:10:33.387,11553,11554,11554,2,2
2020-06-08 15:10:35.143,11554,11555,11555,1,1
2020-06-08 15:10:35.162,11554,11555,11556,1,1
2020-06-08 15:10:37.131,11555,11556,11555,1,-1
2020-06-08 15:10:42.039,11555,11556,11555,15,-15
2020-06-08 15:10:42.297,11554,11555,11555,5,5
2020-06-08 15:10:43.594,11555,11556,11555,1,-1
2020-06-08 15:10:50.620,11555,11556,11555,1,-1
2020-06-08 15:10:54.181,11555,11556,11556,1,1
2020-06-08 15:10:54.181,11555,11556,11556,6,6
2020-06-08 15:10:54.181,11555,11556,11556,1,1
2020-06-08 15:10:54.182,11555,11556,11556,7,7
2020-06-08 15:10:54.286,11556,11557,11556,1,-1
2020-06-08 15:10:57.386,11556,11557,11556,6,-6
2020-06-08 15:11:07.387,11555,11556,11555,9,-9
2020-06-08 15:11:07.389,11555,11556,11555,10,-10
2020-06-08 15:11:13.963,11555,11556,11555,1,-1
2020-06-08 15:11:14.865,11555,11556,11556,1,1
2020-06-08 15:11:18.145,11555,11556,11555,1,-1
2020-06-08 15:11:25.131,11555,11556,11555,4,-4
2020-06-08 15:11:25.428,11554,11555,11554,1,-1
2020-06-08 15:11:25.681,11554,11555,11554,7,-7
2020-06-08 15:11:25.682,11554,11555,11554,1,-1
2020-06-08 15:11:25.682,11554,11555,11554,1,-1
2020-06-08 15:11:25.682,11554,11555,11554,1,-1
2020-06-08 15:11:25.687,11554,11555,11554,1,-1
2020-06-08 15:11:26.020,11553,11555,11555,1,1
2020-06-08 15:11:30.547,11553,11555,11555,1,1
2020-06-08 15:11:33.152,11553,11555,11555,1,1
2020-06-08 15:11:35.122,11553,11555,11553,1,-1
2020-06-08 15:11:40.545,11553,11555,11553,1,-1
2020-06-08 15:11:42.172,11553,11554,11554,1,1
2020-06-08 15:11:44.989,11553,11555,11553,1,-1
2020-06-08 15:11:46.880,11553,11554,11553,1,-1
2020-06-08 15:11:48.287,11553,11554,11554,1,1
2020-06-08 15:11:53.280,11553,11554,11554,1,1
2020-06-08 15:12:01.701,11553,11554,11553,1,-1
2020-06-08 15:12:01.701,11553,11554,11553,1,-1
2020-06-08 15:12:01.702,11553,11554,11553,1,-1
2020-06-08 15:12:01.702,11553,11554,11553,1,-1
2020-06-08 15:12:01.702,11553,11554,11553,4,-4
2020-06-08 15:12:01.992,11552,11553,11552,6,-6
2020-06-08 15:12:02.344,11552,11553,11552,1,-1
2020-06-08 15:12:04.839,11552,11553,11552,1,-1
2020-06-08 15:12:05.408,11551,11552,11552,1,1
2020-06-08 15:12:06.018,11551,11552,11552,1,1
2020-06-08 15:12:06.793,11551,11552,11551,12,-12
2020-06-08 15:12:06.794,11551,11552,11551,10,-10
2020-06-08 15:12:08.665,11550,11551,11550,1,-1
2020-06-08 15:12:08.825,11550,11551,11550,1,-1
2020-06-08 15:12:08.984,11550,11551,11550,2,-2
2020-06-08 15:12:10.041,11550,11551,11550,2,-2
2020-06-08 15:12:10.707,11550,11551,11550,1,-1
2020-06-08 15:12:12.126,11550,11551,11550,1,-1
2020-06-08 15:12:13.232,11550,11551,11550,1,-1
2020-06-08 15:12:15.511,11550,11551,11551,1,1
2020-06-08 15:12:15.605,11550,11551,11550,1,-1
2020-06-08 15:12:15.923,11550,11551,11550,1,-1
2020-06-08 15:12:16.831,11550,11551,11551,2,2
2020-06-08 15:12:19.458,11551,11552,11551,1,-1
2020-06-08 15:12:21.329,11551,11552,11551,1,-1
2020-06-08 15:12:21.345,11551,11552,11552,5,5
2020-06-08 15:12:22.916,11551,11552,11552,9,9
2020-06-08 15:12:23.648,11552,11553,11553,2,2
2020-06-08 15:12:25.295,11553,11554,11553,1,-1
2020-06-08 15:12:28.303,11553,11554,11553,1,-1
2020-06-08 15:12:28.982,11553,11554,11554,1,1
2020-06-08 15:12:35.339,11554,11555,11554,1,-1
2020-06-08 15:12:35.633,11554,11555,11554,2,-2
2020-06-08 15:12:35.889,11554,11555,11554,1,-1
2020-06-08 15:12:36.372,11553,11555,11553,1,-1
2020-06-08 15:12:37.880,11553,11555,11553,5,-5
2020-06-08 15:12:40.966,11553,11555,11555,1,1
2020-06-08 15:12:49.928,11553,11554,11553,1,-1
2020-06-08 15:12:50.181,11553,11554,11553,1,-1
2020-06-08 15:13:00.983,11552,11553,11552,1,-1
2020-06-08 15:13:00.983,11552,11553,11552,1,-1
2020-06-08 15:13:00.983,11552,11553,11552,1,-1
2020-06-08 15:13:00.983,11552,11553,11552,1,-1
2020-06-08 15:13:00.983,11552,11553,11552,1,-1
2020-06-08 15:13:06.703,11552,11553,11552,1,-1
2020-06-08 15:13:06.926,11552,11553,11552,2,-2
2020-06-08 15:13:09.274,11552,11553,11552,9,-9
2020-06-08 15:13:09.425,11552,11553,11553,3,3
2020-06-08 15:13:12.718,11552,11553,11553,1,1
2020-06-08 15:13:18.891,11552,11553,11552,1,-1
2020-06-08 15:13:19.023,11552,11553,11553,7,7
2020-06-08 15:13:23.471,11552,11553,11553,1,1
2020-06-08 15:13:28.917,11552,11553,11553,1,1
2020-06-08 15:13:29.296,11552,11553,11553,1,1
2020-06-08 15:13:31.466,11552,11553,11552,3,-3
2020-06-08 15:13:34.120,11552,11553,11553,9,9
2020-06-08 15:13:34.232,11553,11554,11554,2,2
2020-06-08 15:13:34.416,11553,11555,11553,1,-1
2020-06-08 15:13:34.710,11553,11555,11555,1,1
2020-06-08 15:13:45.944,11553,11554,11554,5,5
2020-06-08 15:13:46.077,11554,11555,11555,5,5
2020-06-08 15:13:48.837,11554,11556,11554,1,-1
2020-06-08 15:13:55.970,11554,11555,11554,1,-1
2020-06-08 15:14:04.790,11552,11553,11553,1,1
2020-06-08 15:14:05.487,11552,11553,11552,8,-8
2020-06-08 15:14:07.080,11551,11552,11551,5,-5
2020-06-08 15:14:09.676,11550,11552,11550,1,-1
2020-06-08 15:14:09.876,11550,11552,11550,10,-10
2020-06-08 15:14:12.198,11550,11552,11550,1,-1
2020-06-08 15:14:14.156,11550,11551,11550,1,-1
2020-06-08 15:14:19.172,11550,11551,11550,1,-1
2020-06-08 15:14:19.659,11550,11551,11550,2,-2
2020-06-08 15:14:21.557,11550,11551,11550,1,-1
2020-06-08 15:14:22.847,11550,11551,11550,1,-1
2020-06-08 15:14:25.477,11550,11551,11550,1,-1
2020-06-08 15:14:33.126,11550,11551,11550,1,-1
2020-06-08 15:14:34.403,11549,11550,11549,7,-7
2020-06-08 15:14:34.403,11549,11550,11549,1,-1
2020-06-08 15:14:34.403,11549,11550,11549,1,-1
2020-06-08 15:14:34.403,11549,11550,11549,3,-3
2020-06-08 15:14:34.403,11549,11550,11549,4,-4
2020-06-08 15:14:34.485,11548,11549,11548,1,-1
2020-06-08 15:14:34.742,11548,11549,11549,1,1
2020-06-08 15:14:34.816,11548,11549,11548,1,-1
2020-06-08 15:14:35.627,11548,11549,11548,7,-7
2020-06-08 15:14:36.230,11547,11548,11547,3,-3
2020-06-08 15:14:36.231,11547,11548,11547,6,-6
2020-06-08 15:14:36.231,11547,11548,11547,1,-1
2020-06-08 15:14:36.231,11547,11548,11547,1,-1
2020-06-08 15:14:36.232,11547,11548,11547,2,-2
2020-06-08 15:14:36.815,11546,11547,11546,1,-1
2020-06-08 15:14:36.816,11546,11547,11546,1,-1
2020-06-08 15:14:36.862,11546,11547,11546,1,-1
2020-06-08 15:14:36.877,11546,11547,11546,1,-1
2020-06-08 15:14:36.987,11546,11547,11546,1,-1
2020-06-08 15:14:36.988,11546,11547,11546,1,-1
2020-06-08 15:14:36.997,11546,11547,11546,1,-1
2020-06-08 15:14:37.004,11546,11547,11546,5,-5
2020-06-08 15:14:37.005,11546,11547,11546,4,-4
2020-06-08 15:14:37.005,11546,11547,11546,1,-1
2020-06-08 15:14:37.005,11546,11547,11546,2,-2
2020-06-08 15:14:37.650,11545,11546,11545,1,-1
2020-06-08 15:14:37.747,11545,11546,11545,15,-15
2020-06-08 15:14:37.747,11545,11546,11545,5,-5
2020-06-08 15:14:37.769,11545,11546,11545,2,-2
2020-06-08 15:14:37.782,11545,11546,11545,6,-6
2020-06-08 15:14:37.793,11545,11546,11545,1,-1
2020-06-08 15:14:37.793,11545,11546,11544,4,-4
2020-06-08 15:14:37.797,11545,11546,11544,2,-2
2020-06-08 15:14:37.900,11544,11546,11544,1,-1
2020-06-08 15:14:37.901,11544,11546,11544,2,-2
2020-06-08 15:14:37.914,11544,11546,11544,1,-1
2020-06-08 15:14:37.932,11544,11546,11544,4,-4
2020-06-08 15:14:37.946,11544,11546,11544,5,-5
2020-06-08 15:14:37.969,11544,11546,11543,2,-2
2020-06-08 15:14:38.026,11543,11545,11544,2,2
2020-06-08 15:14:38.058,11543,11545,11544,1,-1
2020-06-08 15:14:38.060,11543,11545,11544,1,-1
2020-06-08 15:14:38.401,11543,11545,11543,1,-1
2020-06-08 15:14:38.425,11543,11545,11543,1,-1
2020-06-08 15:14:38.490,11543,11545,11543,1,-1
2020-06-08 15:14:38.491,11543,11545,11543,1,-1
2020-06-08 15:14:38.496,11543,11545,11543,1,-1
2020-06-08 15:14:38.591,11543,11545,11543,1,-1
2020-06-08 15:14:38.693,11543,11544,11543,1,-1
2020-06-08 15:14:38.810,11542,11544,11542,2,-2
2020-06-08 15:14:39.032,11542,11544,11542,2,-2
2020-06-08 15:14:39.284,11542,11544,11542,2,-2
2020-06-08 15:14:39.648,11542,11544,11542,1,-1
2020-06-08 15:14:39.695,11542,11544,11542,1,-1
2020-06-08 15:14:39.991,11542,11544,11542,1,-1
2020-06-08 15:14:40.180,11542,11544,11544,4,4
2020-06-08 15:14:40.342,11543,11545,11545,1,1
2020-06-08 15:14:40.598,11543,11545,11543,5,-5
2020-06-08 15:14:40.603,11543,11545,11544,1,1
2020-06-08 15:14:40.683,11543,11545,11545,1,1
2020-06-08 15:14:40.720,11543,11545,11545,1,1
2020-06-08 15:14:42.258,11543,11544,11543,1,-1
2020-06-08 15:14:42.315,11543,11544,11543,1,-1
2020-06-08 15:14:42.415,11543,11544,11543,1,-1
2020-06-08 15:14:42.415,11543,11544,11543,1,-1
2020-06-08 15:14:42.518,11543,11544,11543,1,-1
2020-06-08 15:14:42.518,11543,11544,11543,3,-3
2020-06-08 15:14:42.519,11543,11544,11542,1,-1
2020-06-08 15:14:42.617,11543,11544,11543,2,2
2020-06-08 15:14:42.617,11543,11544,11543,1,-1
2020-06-08 15:14:42.716,11543,11544,11543,1,-1
2020-06-08 15:14:43.129,11542,11544,11542,1,-1
2020-06-08 15:14:43.129,11542,11544,11542,1,-1
2020-06-08 15:14:43.324,11542,11544,11542,1,-1
2020-06-08 15:14:43.423,11542,11544,11542,1,-1
2020-06-08 15:14:43.423,11542,11544,11542,2,-2
2020-06-08 15:14:43.645,11542,11544,11542,2,-2
2020-06-08 15:14:43.745,11542,11544,11542,1,-1
2020-06-08 15:14:43.756,11542,11544,11542,1,-1
2020-06-08 15:14:43.847,11542,11544,11542,1,-1
2020-06-08 15:14:44.616,11543,11544,11543,4,4
2020-06-08 15:14:44.617,11543,11544,11543,2,-2
2020-06-08 15:14:44.998,11543,11544,11543,1,-1
2020-06-08 15:14:45.171,11542,11543,11542,2,-2
2020-06-08 15:14:45.465,11542,11543,11543,1,1
2020-06-08 15:14:46.257,11542,11544,11542,1,-1
2020-06-08 15:14:47.286,11542,11544,11544,2,2
2020-06-08 15:14:48.342,11542,11543,11543,1,1
2020-06-08 15:14:48.411,11542,11543,11543,1,1
2020-06-08 15:14:48.412,11542,11543,11543,5,5
2020-06-08 15:14:48.413,11542,11543,11542,2,-2
2020-06-08 15:14:49.113,11543,11544,11543,3,3
2020-06-08 15:14:50.258,11543,11544,11544,1,1
2020-06-08 15:14:50.718,11543,11544,11543,1,-1
2020-06-08 15:14:50.871,11543,11544,11544,2,2
2020-06-08 15:14:51.967,11543,11545,11545,5,5
2020-06-08 15:14:53.120,11544,11545,11544,1,-1
2020-06-08 15:14:53.217,11544,11545,11545,1,1
2020-06-08 15:14:56.788,11544,11545,11544,1,-1
2020-06-08 15:14:57.550,11544,11545,11544,1,-1
2020-06-08 15:14:58.814,11543,11545,11545,1,1
2020-06-08 15:14:58.947,11543,11545,11545,6,6
2020-06-08 15:15:00.299,11544,11545,11544,1,-1
2020-06-08 15:15:01.289,11543,11544,11543,3,-3
2020-06-08 15:15:01.289,11543,11544,11543,2,-2
2020-06-08 15:15:01.405,11542,11543,11542,2,-2
2020-06-08 15:15:01.494,11542,11543,11542,1,-1
2020-06-08 15:15:01.494,11542,11543,11542,1,-1
2020-06-08 15:15:01.494,11542,11543,11542,4,-4
2020-06-08 15:15:01.503,11542,11543,11541,1,-1
2020-06-08 15:15:01.503,11542,11543,11541,1,-1
2020-06-08 15:15:01.511,11542,11543,11541,1,-1
2020-06-08 15:15:01.512,11542,11543,11541,6,-6
2020-06-08 15:15:01.518,11542,11543,11541,1,-1
2020-06-08 15:15:01.522,11542,11543,11541,1,-1
2020-06-08 15:15:01.525,11542,11543,11541,1,-1
2020-06-08 15:15:01.532,11542,11543,11541,1,-1
2020-06-08 15:15:01.539,11542,11543,11541,2,-2
2020-06-08 15:15:01.547,11542,11543,11541,1,-1
2020-06-08 15:15:01.561,11542,11543,11541,1,-1
2020-06-08 15:15:01.569,11542,11543,11541,12,-12
2020-06-08 15:15:01.620,11540,11541,11540,1,-1
2020-06-08 15:15:01.723,11540,11541,11540,1,-1
2020-06-08 15:15:01.747,11540,11541,11540,3,-3
2020-06-08 15:15:01.749,11540,11541,11540,3,-3
2020-06-08 15:15:01.775,11540,11541,11540,11,-11
2020-06-08 15:15:01.832,11540,11541,11539,1,-1
2020-06-08 15:15:01.878,11539,11540,11539,1,-1
2020-06-08 15:15:01.878,11539,11540,11538,1,-1
2020-06-08 15:15:01.882,11539,11540,11538,2,-2
2020-06-08 15:15:01.908,11539,11540,11538,2,-2
2020-06-08 15:15:01.938,11539,11540,11538,3,-3
2020-06-08 15:15:01.975,11539,11540,11538,5,-5
2020-06-08 15:15:01.977,11539,11540,11538,1,-1
2020-06-08 15:15:01.988,11537,11540,11537,1,-1
2020-06-08 15:15:02.014,11537,11540,11537,2,-2
2020-06-08 15:15:02.020,11537,11540,11537,1,-1
2020-06-08 15:15:02.027,11537,11540,11537,2,-2
2020-06-08 15:15:02.042,11537,11540,11537,2,-2
2020-06-08 15:15:02.097,11537,11540,11536,2,-2
2020-06-08 15:15:02.160,11536,11538,11536,2,-2
2020-06-08 15:15:02.172,11536,11538,11537,1,1
2020-06-08 15:15:02.173,11536,11538,11537,1,-1
2020-06-08 15:15:02.197,11536,11538,11537,2,-2
2020-06-08 15:15:02.197,11536,11538,11536,8,-8
2020-06-08 15:15:02.197,11536,11538,11535,6,-6
2020-06-08 15:15:02.246,11535,11538,11538,2,2
2020-06-08 15:15:02.258,11535,11538,11536,2,-2
2020-06-08 15:15:02.284,11535,11538,11536,1,-1
2020-06-08 15:15:02.331,11535,11538,11536,4,-4
2020-06-08 15:15:02.348,11535,11538,11538,1,1
2020-06-08 15:15:02.369,11536,11538,11536,1,-1
2020-06-08 15:15:02.379,11536,11538,11536,1,-1
2020-06-08 15:15:02.386,11536,11538,11536,3,-3
2020-06-08 15:15:02.386,11536,11538,11535,12,-12
2020-06-08 15:15:02.398,11536,11538,11535,7,-7
2020-06-08 15:15:02.441,11536,11538,11534,1,-1
2020-06-08 15:15:02.462,11536,11538,11534,1,-1
2020-06-08 15:15:02.464,11536,11538,11534,6,-6
2020-06-08 15:15:02.465,11536,11538,11534,5,-5
2020-06-08 15:15:02.465,11536,11538,11533,1,-1
2020-06-08 15:15:02.509,11534,11536,11534,2,2
2020-06-08 15:15:02.512,11534,11536,11533,1,-1
2020-06-08 15:15:02.522,11534,11536,11533,1,-1
2020-06-08 15:15:02.536,11534,11536,11533,1,-1
2020-06-08 15:15:02.558,11534,11536,11533,1,-1
2020-06-08 15:15:02.572,11534,11536,11533,2,-2
2020-06-08 15:15:02.573,11534,11536,11533,2,-2
2020-06-08 15:15:02.574,11534,11536,11534,4,4
2020-06-08 15:15:02.578,11534,11536,11533,1,-1
2020-06-08 15:15:02.608,11533,11534,11534,1,1
2020-06-08 15:15:02.609,11533,11534,11535,1,1
2020-06-08 15:15:02.612,11533,11534,11534,1,1
2020-06-08 15:15:02.619,11533,11534,11534,3,3
2020-06-08 15:15:02.619,11533,11534,11533,1,-1
2020-06-08 15:15:02.628,11533,11534,11533,1,-1
2020-06-08 15:15:02.638,11533,11534,11533,5,-5
2020-06-08 15:15:02.638,11533,11534,11532,2,-2
2020-06-08 15:15:02.643,11533,11534,11534,2,2
2020-06-08 15:15:02.658,11533,11534,11534,2,2
2020-06-08 15:15:02.659,11533,11534,11534,1,1
2020-06-08 15:15:02.659,11533,11534,11533,3,-3
2020-06-08 15:15:02.659,11533,11534,11532,1,-1
2020-06-08 15:15:02.669,11533,11534,11532,1,-1
2020-06-08 15:15:02.673,11533,11534,11532,2,-2
2020-06-08 15:15:02.755,11532,11534,11534,1,1
2020-06-08 15:15:02.778,11532,11534,11532,2,-2
2020-06-08 15:15:02.843,11532,11534,11532,1,-1
2020-06-08 15:15:02.870,11532,11534,11534,1,1
2020-06-08 15:15:02.923,11532,11534,11533,1,-1
2020-06-08 15:15:02.938,11532,11534,11533,1,-1
2020-06-08 15:15:02.947,11532,11534,11534,1,1
2020-06-08 15:15:02.970,11532,11534,11532,3,-3
2020-06-08 15:15:02.983,11532,11534,11534,1,1
2020-06-08 15:15:02.989,11532,11534,11534,2,2
2020-06-08 15:15:02.990,11532,11534,11534,1,1
2020-06-08 15:15:03.017,11532,11534,11535,1,1
2020-06-08 15:15:03.042,11532,11534,11535,1,1
2020-06-08 15:15:03.077,11532,11534,11534,1,1
2020-06-08 15:15:03.328,11534,11536,11535,1,1
2020-06-08 15:15:03.333,11534,11536,11535,4,-4
2020-06-08 15:15:03.362,11534,11536,11534,2,-2
2020-06-08 15:15:03.369,11534,11536,11534,1,-1
2020-06-08 15:15:03.372,11534,11536,11534,1,-1
2020-06-08 15:15:03.384,11534,11536,11534,1,-1
2020-06-08 15:15:03.388,11534,11536,11534,1,-1
2020-06-08 15:15:03.411,11534,11536,11534,1,-1
2020-06-08 15:15:03.460,11534,11536,11534,1,-1
2020-06-08 15:15:03.504,11533,11535,11535,1,1
2020-06-08 15:15:03.504,11533,11535,11536,1,1
2020-06-08 15:15:03.561,11533,11535,11536,1,1
2020-06-08 15:15:03.613,11535,11536,11535,1,-1
2020-06-08 15:15:03.921,11535,11537,11536,1,1
2020-06-08 15:15:04.303,11536,11537,11537,1,1
2020-06-08 15:15:04.579,11537,11538,11538,3,3
2020-06-08 15:15:04.661,11537,11538,11539,1,1
2020-06-08 15:15:05.455,11538,11539,11539,1,1
2020-06-08 15:15:05.817,11538,11540,11539,1,-1
2020-06-08 15:15:06.060,11538,11539,11538,2,-2
2020-06-08 15:15:06.071,11538,11539,11538,1,-1
2020-06-08 15:15:06.212,11537,11539,11539,4,4
2020-06-08 15:15:06.816,11537,11539,11539,3,3
2020-06-08 15:15:07.890,11538,11539,11538,1,-1
2020-06-08 15:15:08.401,11538,11539,11538,2,-2
2020-06-08 15:15:09.029,11538,11539,11539,1,1
2020-06-08 15:15:09.418,11538,11539,11539,1,1
2020-06-08 15:15:10.202,11538,11539,11539,1,1
2020-06-08 15:15:10.804,11538,11539,11539,1,1
2020-06-08 15:15:11.182,11538,11539,11538,1,-1
2020-06-08 15:15:11.204,11538,11539,11538,1,-1
2020-06-08 15:15:14.387,11536,11538,11536,2,-2
2020-06-08 15:15:15.193,11536,11537,11536,3,-3
2020-06-08 15:15:15.261,11535,11537,11537,1,1
2020-06-08 15:15:15.345,11535,11537,11535,3,-3
2020-06-08 15:15:15.841,11535,11537,11535,5,-5
2020-06-08 15:15:15.841,11535,11537,11534,2,-2
2020-06-08 15:15:16.323,11535,11537,11536,4,4
2020-06-08 15:15:16.323,11535,11537,11536,4,-4
2020-06-08 15:15:16.323,11535,11537,11536,2,-2
2020-06-08 15:15:16.572,11536,11537,11537,1,1
2020-06-08 15:15:17.145,11537,11538,11537,1,-1
2020-06-08 15:15:17.175,11537,11538,11536,1,-1
2020-06-08 15:15:17.251,11536,11537,11536,2,-2
2020-06-08 15:15:17.649,11537,11538,11537,1,1
2020-06-08 15:15:17.678,11537,11538,11537,1,-1
2020-06-08 15:15:18.185,11535,11536,11536,1,1
2020-06-08 15:15:19.351,11535,11537,11535,1,-1
2020-06-08 15:15:19.606,11536,11537,11537,1,1
2020-06-08 15:15:19.683,11536,11537,11536,2,-2
2020-06-08 15:15:19.937,11535,11536,11536,3,3
2020-06-08 15:15:20.312,11535,11537,11536,1,-1
2020-06-08 15:15:20.709,11536,11537,11536,1,-1
2020-06-08 15:15:20.780,11536,11537,11536,1,-1
2020-06-08 15:15:21.027,11536,11537,11536,1,-1
2020-06-08 15:15:21.189,11536,11537,11537,2,2
2020-06-08 15:15:21.321,11536,11538,11536,1,-1
2020-06-08 15:15:21.958,11536,11538,11536,2,-2
2020-06-08 15:15:22.530,11536,11538,11536,1,-1
2020-06-08 15:15:23.515,11536,11538,11538,1,1
2020-06-08 15:15:23.554,11536,11538,11537,1,-1
2020-06-08 15:15:23.693,11537,11538,11537,1,-1
2020-06-08 15:15:23.693,11537,11538,11536,1,-1
2020-06-08 15:15:23.916,11536,11538,11536,2,-2
2020-06-08 15:15:24.423,11536,11538,11536,2,-2
2020-06-08 15:15:24.690,11536,11538,11536,2,-2
2020-06-08 15:15:24.936,11535,11537,11536,1,-1
2020-06-08 15:15:25.520,11535,11536,11536,1,1
2020-06-08 15:15:25.578,11535,11536,11535,1,-1
2020-06-08 15:15:25.834,11535,11536,11535,2,-2
2020-06-08 15:15:26.122,11535,11536,11535,2,-2
2020-06-08 15:15:26.269,11535,11536,11536,1,1
2020-06-08 15:15:26.616,11535,11536,11535,2,-2
2020-06-08 15:15:26.824,11535,11536,11535,1,-1
2020-06-08 15:15:26.826,11535,11536,11535,1,-1
2020-06-08 15:15:27.693,11534,11535,11535,1,1
2020-06-08 15:15:27.931,11534,11535,11535,1,1
2020-06-08 15:15:30.295,11534,11536,11534,1,-1
2020-06-08 15:15:30.497,11534,11535,11535,1,1
2020-06-08 15:15:30.570,11534,11535,11535,1,1
2020-06-08 15:15:31.389,11535,11536,11535,1,-1
2020-06-08 15:15:32.844,11534,11535,11535,1,1
2020-06-08 15:15:33.622,11534,11535,11535,1,1
2020-06-08 15:15:34.007,11534,11535,11535,3,3
2020-06-08 15:15:34.198,11535,11536,11535,1,-1
2020-06-08 15:15:34.457,11535,11536,11535,1,-1
2020-06-08 15:15:35.707,11535,11536,11536,2,2
2020-06-08 15:15:36.752,11535,11536,11536,1,1
2020-06-08 15:15:37.156,11535,11536,11536,12,12
2020-06-08 15:15:37.258,11536,11537,11537,1,1
2020-06-08 15:15:37.404,11537,11538,11537,1,-1
2020-06-08 15:15:38.069,11536,11538,11538,1,1
2020-06-08 15:15:38.823,11537,11538,11537,1,-1
2020-06-08 15:15:40.090,11537,11538,11538,12,12
2020-06-08 15:15:41.434,11538,11539,11538,2,-2
2020-06-08 15:15:42.585,11537,11538,11537,1,-1
2020-06-08 15:15:42.659,11537,11538,11537,2,-2
2020-06-08 15:15:42.660,11537,11538,11537,1,-1
2020-06-08 15:15:43.586,11536,11538,11537,5,-5
2020-06-08 15:15:43.586,11536,11538,11538,20,20
2020-06-08 15:15:46.102,11537,11538,11538,1,1
2020-06-08 15:15:46.220,11537,11538,11537,1,-1
2020-06-08 15:15:47.076,11537,11538,11537,1,-1
2020-06-08 15:15:47.613,11537,11538,11537,1,-1
2020-06-08 15:15:47.620,11537,11538,11538,6,6
2020-06-08 15:15:48.182,11537,11538,11537,1,-1
2020-06-08 15:15:48.489,11537,11538,11537,1,-1
2020-06-08 15:15:49.238,11537,11538,11537,1,-1
2020-06-08 15:15:51.195,11537,11538,11537,1,-1
2020-06-08 15:15:55.043,11536,11537,11537,1,1
2020-06-08 15:15:56.650,11536,11537,11536,5,-5
2020-06-08 15:15:57.648,11535,11536,11535,1,-1
2020-06-08 15:15:58.006,11535,11536,11536,3,3
2020-06-08 15:15:59.389,11535,11536,11536,5,5
2020-06-08 15:16:01.930,11535,11536,11536,3,3
2020-06-08 15:16:02.107,11536,11537,11536,1,-1
2020-06-08 15:16:02.325,11536,11537,11536,1,-1
2020-06-08 15:16:02.362,11535,11536,11535,1,-1
2020-06-08 15:16:02.364,11535,11536,11535,6,-6
2020-06-08 15:16:02.373,11535,11536,11535,1,-1
2020-06-08 15:16:02.385,11535,11536,11535,2,-2
2020-06-08 15:16:02.386,11535,11536,11535,1,-1
2020-06-08 15:16:02.391,11535,11536,11535,1,-1
2020-06-08 15:16:02.398,11535,11536,11535,1,-1
2020-06-08 15:16:02.436,11535,11536,11535,1,-1
2020-06-08 15:16:02.476,11535,11536,11535,1,-1
2020-06-08 15:16:02.925,11534,11536,11536,5,5
2020-06-08 15:16:03.617,11534,11536,11536,1,1
2020-06-08 15:16:04.469,11535,11537,11535,2,-2
2020-06-08 15:16:04.642,11535,11537,11535,1,-1
2020-06-08 15:16:06.373,11536,11537,11537,1,1
2020-06-08 15:16:06.890,11536,11537,11536,1,-1
2020-06-08 15:16:07.338,11536,11537,11536,2,-2
2020-06-08 15:16:07.940,11535,11537,11537,3,3
2020-06-08 15:16:08.980,11536,11537,11537,2,2
2020-06-08 15:16:10.125,11536,11537,11537,1,1
2020-06-08 15:16:11.251,11537,11538,11538,5,5
2020-06-08 15:16:11.807,11538,11539,11538,1,-1
2020-06-08 15:16:12.360,11538,11539,11538,1,-1
2020-06-08 15:16:14.970,11538,11539,11538,1,-1
2020-06-08 15:16:15.145,11538,11539,11538,1,-1
2020-06-08 15:16:16.065,11538,11539,11538,1,-1
2020-06-08 15:16:24.600,11538,11539,11539,2,2
2020-06-08 15:16:26.022,11539,11540,11539,1,-1
2020-06-08 15:16:26.810,11539,11540,11540,1,1
2020-06-08 15:16:26.944,11539,11540,11540,1,1
2020-06-08 15:16:26.950,11539,11540,11540,1,1
2020-06-08 15:16:26.950,11539,11540,11541,1,1
2020-06-08 15:16:28.541,11540,11541,11540,1,-1
2020-06-08 15:16:28.649,11540,11541,11540,1,-1
2020-06-08 15:16:28.691,11540,11541,11541,1,1
2020-06-08 15:16:29.680,11540,11541,11541,1,1
2020-06-08 15:16:39.529,11541,11542,11541,3,-3
2020-06-08 15:16:39.867,11541,11542,11541,2,-2
2020-06-08 15:16:40.600,11540,11542,11540,1,-1
2020-06-08 15:16:40.624,11540,11542,11542,2,2
2020-06-08 15:16:43.749,11541,11542,11542,5,5
2020-06-08 15:16:47.444,11540,11542,11541,1,-1
2020-06-08 15:16:51.906,11540,11541,11541,1,1
2020-06-08 15:16:53.444,11540,11541,11540,4,-4
2020-06-08 15:16:53.445,11540,11541,11540,1,-1
2020-06-08 15:16:53.469,11540,11541,11539,1,-1
2020-06-08 15:16:54.854,11539,11540,11540,1,1
2020-06-08 15:16:57.802,11539,11540,11539,1,-1
2020-06-08 15:16:59.188,11539,11540,11539,1,-1
2020-06-08 15:17:04.875,11538,11539,11538,4,-4
2020-06-08 15:17:10.109,11537,11538,11538,1,1
2020-06-08 15:17:11.225,11538,11539,11539,2,2
2020-06-08 15:17:11.984,11539,11540,11539,1,-1
2020-06-08 15:17:13.738,11539,11540,11540,5,5
2020-06-08 15:17:14.780,11540,11541,11541,4,4
2020-06-08 15:17:15.404,11541,11542,11541,1,-1
2020-06-08 15:17:17.228,11540,11541,11540,2,-2
2020-06-08 15:17:17.228,11540,11541,11539,3,-3
2020-06-08 15:17:20.573,11540,11541,11541,1,1
2020-06-08 15:17:20.988,11540,11541,11540,1,-1
2020-06-08 15:17:22.479,11539,11541,11541,14,14
2020-06-08 15:17:25.144,11541,11542,11541,1,-1
2020-06-08 15:17:25.899,11541,11542,11542,2,2
2020-06-08 15:17:28.259,11541,11542,11542,8,8
2020-06-08 15:17:31.690,11541,11543,11543,3,3
2020-06-08 15:17:34.547,11542,11543,11542,1,-1
2020-06-08 15:17:37.867,11542,11543,11543,14,14
2020-06-08 15:17:38.669,11542,11543,11543,1,1
2020-06-08 15:17:39.599,11543,11544,11544,4,4
2020-06-08 15:17:41.018,11543,11544,11544,5,5
2020-06-08 15:17:42.189,11544,11545,11544,1,-1
2020-06-08 15:17:43.426,11544,11545,11544,1,-1
2020-06-08 15:17:43.505,11544,11545,11544,1,-1
2020-06-08 15:17:44.694,11544,11545,11544,1,-1
2020-06-08 15:17:47.062,11543,11544,11544,2,2
2020-06-08 15:17:47.199,11543,11544,11544,2,2
2020-06-08 15:17:47.216,11543,11544,11544,1,1
2020-06-08 15:17:48.747,11544,11545,11545,15,15
2020-06-08 15:17:48.748,11544,11545,11545,1,1
2020-06-08 15:17:48.748,11544,11545,11545,12,12
2020-06-08 15:17:49.069,11544,11545,11545,1,1
2020-06-08 15:17:49.396,11544,11545,11544,1,-1
2020-06-08 15:17:52.410,11543,11544,11544,2,2
2020-06-08 15:17:54.755,11544,11545,11545,4,4
2020-06-08 15:17:54.755,11544,11545,11546,22,22
2020-06-08 15:17:54.756,11544,11545,11546,1,1
2020-06-08 15:17:54.897,11545,11547,11547,1,1
2020-06-08 15:17:55.002,11545,11547,11545,3,-3
2020-06-08 15:17:55.549,11545,11546,11545,7,-7
2020-06-08 15:17:55.549,11545,11546,11544,13,-13
2020-06-08 15:17:55.550,11545,11546,11545,1,1
2020-06-08 15:17:58.614,11545,11546,11545,1,-1
2020-06-08 15:17:59.000,11545,11546,11546,7,7
2020-06-08 15:17:59.763,11545,11547,11545,1,-1
2020-06-08 15:18:00.420,11545,11546,11545,1,-1
2020-06-08 15:18:00.492,11545,11546,11546,2,2
2020-06-08 15:18:01.640,11546,11547,11546,1,-1
2020-06-08 15:18:01.789,11546,11547,11546,1,-1
2020-06-08 15:18:05.909,11546,11547,11546,4,-4
2020-06-08 15:18:05.910,11546,11547,11546,2,-2
2020-06-08 15:18:07.707,11546,11547,11547,2,2
2020-06-08 15:18:10.839,11546,11547,11546,1,-1
2020-06-08 15:18:17.718,11545,11546,11546,1,1
2020-06-08 15:18:19.501,11546,11547,11546,1,-1
2020-06-08 15:18:23.202,11545,11546,11545,4,-4
2020-06-08 15:18:24.982,11544,11545,11545,1,1
2020-06-08 15:18:27.606,11544,11545,11545,1,1
2020-06-08 15:18:28.888,11544,11545,11545,1,1
2020-06-08 15:18:40.651,11544,11545,11545,1,1
2020-06-08 15:18:42.277,11544,11545,11544,1,-1
2020-06-08 15:18:42.277,11544,11545,11544,2,-2
2020-06-08 15:18:42.277,11544,11545,11544,5,-5
2020-06-08 15:19:00.022,11543,11544,11544,1,1
2020-06-08 15:19:01.535,11543,11544,11544,1,1
2020-06-08 15:19:02.232,11543,11544,11544,1,1
2020-06-08 15:19:02.319,11543,11544,11543,1,-1
2020-06-08 15:19:05.253,11543,11544,11544,1,1
2020-06-08 15:19:07.121,11543,11544,11544,12,12
2020-06-08 15:19:07.472,11544,11545,11544,1,-1
2020-06-08 15:19:11.347,11544,11545,11544,2,-2
2020-06-08 15:19:11.871,11544,11545,11544,1,-1
2020-06-08 15:19:13.050,11544,11545,11544,1,-1
2020-06-08 15:19:16.773,11544,11545,11544,1,-1
2020-06-08 15:19:29.414,11544,11545,11545,4,4
2020-06-08 15:19:29.414,11544,11545,11545,6,6
2020-06-08 15:19:29.824,11545,11546,11546,2,2
2020-06-08 15:19:29.847,11545,11546,11546,1,1
2020-06-08 15:19:29.847,11545,11546,11546,1,1
2020-06-08 15:19:29.910,11546,11547,11546,1,-1
2020-06-08 15:19:29.967,11546,11547,11547,1,1
2020-06-08 15:19:31.453,11546,11547,11547,12,12
2020-06-08 15:19:32.738,11546,11547,11546,5,-5
2020-06-08 15:19:34.291,11546,11547,11547,4,4
2020-06-08 15:19:34.572,11546,11547,11547,1,1
2020-06-08 15:19:36.907,11546,11547,11547,1,1
2020-06-08 15:19:36.952,11546,11547,11547,1,1
2020-06-08 15:19:38.663,11546,11547,11547,1,1
2020-06-08 15:19:39.512,11546,11547,11547,1,1
2020-06-08 15:19:41.888,11547,11548,11548,1,1
2020-06-08 15:19:42.049,11547,11548,11548,1,1
2020-06-08 15:19:42.678,11547,11548,11547,1,-1
2020-06-08 15:19:42.730,11547,11548,11547,1,-1
2020-06-08 15:19:45.451,11546,11547,11547,1,1
2020-06-08 15:19:45.651,11546,11548,11548,2,2
2020-06-08 15:19:51.085,11546,11547,11547,1,1
2020-06-08 15:19:51.719,11546,11548,11548,1,1
2020-06-08 15:19:52.691,11546,11547,11547,1,1
2020-06-08 15:19:54.986,11547,11548,11548,1,1
2020-06-08 15:20:04.460,11547,11548,11547,1,-1
2020-06-08 15:20:04.460,11547,11548,11547,4,-4
2020-06-08 15:20:05.518,11546,11548,11546,1,-1
2020-06-08 15:20:05.946,11546,11547,11546,1,-1
2020-06-08 15:20:06.960,11546,11547,11546,1,-1
2020-06-08 15:20:07.899,11546,11547,11546,1,-1
2020-06-08 15:20:07.902,11546,11547,11546,1,-1
2020-06-08 15:20:07.997,11546,11547,11546,1,-1
2020-06-08 15:20:08.065,11546,11547,11546,1,-1
2020-06-08 15:20:09.394,11546,11547,11547,1,1
2020-06-08 15:20:16.029,11546,11547,11547,1,1
2020-06-08 15:20:16.946,11546,11547,11547,1,1
2020-06-08 15:20:21.963,11546,11547,11547,1,1
2020-06-08 15:20:32.025,11546,11547,11547,1,1
2020-06-08 15:20:32.279,11546,11547,11546,1,-1
2020-06-08 15:20:33.315,11546,11547,11546,1,-1
2020-06-08 15:20:36.840,11546,11547,11547,1,1
2020-06-08 15:20:36.840,11546,11547,11547,1,1
2020-06-08 15:20:37.894,11547,11548,11547,1,-1
2020-06-08 15:20:40.001,11547,11548,11547,1,-1
2020-06-08 15:20:43.476,11547,11548,11547,2,-2
2020-06-08 15:20:44.675,11547,11548,11547,1,-1
2020-06-08 15:20:53.455,11547,11548,11547,6,-6
2020-06-08 15:20:58.771,11546,11547,11547,1,1
2020-06-08 15:21:00.265,11546,11547,11546,2,-2
2020-06-08 15:21:00.265,11546,11547,11546,1,-1
2020-06-08 15:21:00.265,11546,11547,11546,9,-9
2020-06-08 15:21:00.265,11546,11547,11546,2,-2
2020-06-08 15:21:00.548,11545,11546,11545,1,-1
2020-06-08 15:21:02.357,11545,11546,11545,10,-10
2020-06-08 15:21:11.087,11544,11545,11544,2,-2
2020-06-08 15:21:11.460,11544,11545,11545,1,1
2020-06-08 15:21:18.809,11544,11545,11545,1,1
2020-06-08 15:21:23.335,11544,11545,11544,1,-1
2020-06-08 15:21:23.335,11544,11545,11543,5,-5
2020-06-08 15:21:24.711,11543,11544,11543,1,-1
2020-06-08 15:21:25.957,11543,11544,11544,1,1
2020-06-08 15:21:27.793,11544,11545,11544,1,-1
2020-06-08 15:21:35.006,11544,11545,11544,4,-4
2020-06-08 15:21:35.006,11544,11545,11543,20,-20
2020-06-08 15:21:35.593,11543,11544,11543,1,-1
2020-06-08 15:21:35.669,11542,11543,11543,1,1
2020-06-08 15:21:35.669,11542,11543,11544,1,1
2020-06-08 15:21:40.862,11544,11545,11544,1,-1
2020-06-08 15:21:45.908,11543,11544,11543,1,-1
2020-06-08 15:21:48.703,11543,11544,11543,3,-3
2020-06-08 15:21:48.942,11543,11544,11543,1,-1
2020-06-08 15:21:49.750,11542,11543,11542,5,-5
2020-06-08 15:21:55.010,11541,11543,11541,2,-2
2020-06-08 15:21:55.279,11541,11543,11541,1,-1
2020-06-08 15:21:59.562,11541,11542,11542,3,3
2020-06-08 15:22:02.761,11541,11542,11541,7,-7
2020-06-08 15:22:02.761,11541,11542,11540,13,-13
2020-06-08 15:22:02.989,11540,11541,11540,1,-1
2020-06-08 15:22:06.819,11540,11541,11540,1,-1
2020-06-08 15:22:07.875,11540,11541,11540,1,-1
2020-06-08 15:22:09.627,11540,11541,11540,1,-1
2020-06-08 15:22:10.810,11540,11542,11540,1,-1
2020-06-08 15:22:16.235,11541,11542,11541,1,1
2020-06-08 15:22:16.236,11541,11542,11541,1,-1
2020-06-08 15:22:17.157,11541,11542,11541,1,-1
2020-06-08 15:22:18.708,11541,11542,11542,1,1
2020-06-08 15:22:19.757,11541,11543,11541,1,-1
2020-06-08 15:22:21.835,11541,11543,11543,2,2
2020-06-08 15:22:24.298,11542,11544,11542,1,-1
2020-06-08 15:22:24.711,11542,11543,11543,1,1
2020-06-08 15:22:25.642,11543,11544,11544,1,1
2020-06-08 15:22:29.197,11543,11544,11544,1,1
2020-06-08 15:22:29.728,11543,11544,11544,1,1
2020-06-08 15:22:31.956,11543,11545,11545,1,1
2020-06-08 15:22:33.267,11544,11545,11545,10,10
2020-06-08 15:22:33.374,11544,11546,11544,2,-2
2020-06-08 15:22:39.296,11545,11546,11546,1,1
2020-06-08 15:22:41.206,11545,11546,11546,1,1
2020-06-08 15:22:44.893,11545,11546,11546,1,1
2020-06-08 15:22:44.924,11545,11546,11546,2,2
2020-06-08 15:22:51.964,11545,11547,11547,1,1
2020-06-08 15:22:52.933,11546,11547,11547,3,3
2020-06-08 15:22:56.536,11546,11548,11548,1,1
2020-06-08 15:22:57.805,11546,11548,11548,1,1
2020-06-08 15:23:00.199,11546,11548,11548,2,2
2020-06-08 15:23:00.984,11546,11548,11548,1,1
2020-06-08 15:23:03.520,11546,11547,11547,1,1
2020-06-08 15:23:04.222,11547,11548,11547,1,-1
2020-06-08 15:23:05.493,11547,11548,11548,1,1
2020-06-08 15:23:05.584,11547,11548,11547,1,-1
2020-06-08 15:23:06.879,11547,11548,11548,3,3
2020-06-08 15:23:07.359,11547,11548,11548,1,1
2020-06-08 15:23:08.219,11547,11548,11547,2,-2
2020-06-08 15:23:08.262,11547,11548,11547,1,-1
2020-06-08 15:23:08.262,11547,11548,11547,2,-2
2020-06-08 15:23:08.802,11546,11547,11547,1,1
2020-06-08 15:23:09.722,11546,11547,11547,1,1
2020-06-08 15:23:13.563,11546,11547,11546,2,-2
2020-06-08 15:23:14.311,11545,11546,11546,1,1
2020-06-08 15:23:14.624,11545,11546,11545,1,-1
2020-06-08 15:23:14.998,11545,11546,11546,1,1
2020-06-08 15:23:15.889,11545,11546,11546,1,1
2020-06-08 15:23:16.912,11545,11546,11546,1,1
2020-06-08 15:23:17.666,11545,11546,11545,2,-2
2020-06-08 15:23:17.666,11545,11546,11545,1,-1
2020-06-08 15:23:18.209,11544,11545,11545,1,1
2020-06-08 15:23:23.066,11545,11546,11545,3,-3
2020-06-08 15:23:23.429,11545,11546,11546,1,1
2020-06-08 15:23:32.762,11546,11547,11546,1,-1
2020-06-08 15:23:32.780,11546,11547,11546,2,-2
2020-06-08 15:23:32.846,11546,11547,11546,1,-1
2020-06-08 15:23:36.574,11546,11547,11546,1,-1
2020-06-08 15:23:39.958,11546,11547,11546,1,-1
2020-06-08 15:23:44.704,11546,11547,11546,1,-1
2020-06-08 15:23:44.987,11546,11547,11546,1,-1
2020-06-08 15:23:47.787,11546,11547,11546,1,-1
2020-06-08 15:23:47.813,11546,11547,11546,1,-1
2020-06-08 15:23:47.903,11546,11547,11546,1,-1
2020-06-08 15:23:47.940,11546,11547,11546,1,-1
2020-06-08 15:23:47.947,11546,11547,11546,1,-1
2020-06-08 15:23:47.965,11546,11547,11546,1,-1
2020-06-08 15:23:48.037,11545,11547,11545,1,-1
2020-06-08 15:23:48.094,11545,11547,11545,1,-1
2020-06-08 15:23:48.316,11545,11546,11545,2,-2
2020-06-08 15:23:53.922,11546,11547,11546,2,2
2020-06-08 15:23:55.496,11546,11547,11546,1,-1
2020-06-08 15:23:56.166,11545,11547,11545,1,-1
2020-06-08 15:23:59.238,11545,11547,11545,2,-2
2020-06-08 15:24:02.304,11546,11547,11547,1,1
2020-06-08 15:24:03.699,11546,11547,11547,2,2
2020-06-08 15:24:04.201,11546,11547,11546,1,-1
2020-06-08 15:24:05.925,11545,11546,11546,1,1
2020-06-08 15:24:08.534,11545,11546,11545,1,-1
2020-06-08 15:24:11.352,11545,11546,11546,1,1
2020-06-08 15:24:14.046,11545,11546,11545,1,-1
2020-06-08 15:24:27.576,11545,11546,11546,1,1
2020-06-08 15:24:30.764,11545,11546,11546,1,1
2020-06-08 15:24:34.125,11545,11546,11546,2,2
2020-06-08 15:24:35.691,11545,11546,11545,1,-1
2020-06-08 15:24:36.038,11545,11546,11545,1,-1
2020-06-08 15:24:38.488,11545,11547,11547,2,2
2020-06-08 15:24:47.919,11545,11546,11546,2,2
2020-06-08 15:24:52.012,11545,11546,11545,1,-1
2020-06-08 15:25:02.210,11545,11546,11546,5,5
2020-06-08 15:25:09.182,11545,11546,11546,1,1
2020-06-08 15:25:14.128,11546,11547,11546,1,-1
2020-06-08 15:25:17.507,11545,11546,11545,4,-4
2020-06-08 15:25:19.501,11545,11546,11545,8,-8
2020-06-08 15:25:21.252,11544,11545,11545,1,1
2020-06-08 15:25:27.002,11544,11545,11545,1,1
2020-06-08 15:25:27.208,11545,11546,11546,1,1
2020-06-08 15:25:28.722,11545,11547,11545,1,-1
2020-06-08 15:25:28.925,11545,11547,11545,1,-1
2020-06-08 15:25:29.380,11545,11547,11546,1,1
2020-06-08 15:25:29.380,11545,11547,11546,1,-1
2020-06-08 15:25:29.380,11545,11547,11546,1,-1
2020-06-08 15:25:34.957,11546,11547,11546,1,-1
2020-06-08 15:25:36.326,11546,11547,11546,1,-1
2020-06-08 15:25:37.733,11546,11547,11546,1,-1
2020-06-08 15:25:46.590,11546,11547,11547,3,3
2020-06-08 15:25:46.590,11546,11547,11547,4,4
2020-06-08 15:25:46.590,11546,11547,11547,2,2
2020-06-08 15:25:55.045,11546,11547,11547,1,1
2020-06-08 15:25:55.203,11546,11547,11547,1,1
2020-06-08 15:25:55.203,11546,11547,11547,6,6
2020-06-08 15:25:55.204,11546,11547,11547,2,2
2020-06-08 15:25:55.658,11547,11548,11547,1,-1
2020-06-08 15:25:55.794,11547,11548,11547,1,-1
2020-06-08 15:26:02.378,11547,11548,11548,4,4
2020-06-08 15:26:02.582,11547,11548,11548,5,5
2020-06-08 15:26:03.500,11547,11549,11547,1,-1
2020-06-08 15:26:07.986,11546,11547,11547,2,2
2020-06-08 15:26:10.669,11547,11548,11548,1,1
2020-06-08 15:26:10.670,11547,11548,11548,1,1
2020-06-08 15:26:10.670,11547,11548,11548,8,8
2020-06-08 15:26:10.670,11547,11548,11548,2,2
2020-06-08 15:26:12.493,11548,11549,11549,1,1
2020-06-08 15:26:12.637,11548,11549,11548,1,-1
2020-06-08 15:26:18.628,11548,11549,11548,4,-4
2020-06-08 15:26:18.722,11548,11549,11548,1,-1
2020-06-08 15:26:22.543,11547,11548,11548,2,2
2020-06-08 15:26:28.361,11547,11548,11548,1,1
2020-06-08 15:26:29.172,11547,11548,11547,1,-1
2020-06-08 15:26:29.424,11547,11548,11547,1,-1
2020-06-08 15:26:42.511,11547,11548,11548,2,2
2020-06-08 15:26:47.621,11547,11548,11548,3,3
2020-06-08 15:26:56.333,11547,11548,11548,1,1
2020-06-08 15:26:58.590,11547,11548,11547,1,-1
2020-06-08 15:27:04.326,11547,11548,11547,5,-5
2020-06-08 15:27:04.326,11547,11548,11547,4,-4
2020-06-08 15:27:04.326,11547,11548,11547,4,-4
2020-06-08 15:27:05.402,11546,11547,11546,5,-5
2020-06-08 15:27:05.402,11546,11547,11545,3,-3
2020-06-08 15:27:10.981,11545,11546,11546,1,1
2020-06-08 15:27:20.446,11545,11546,11546,2,2
2020-06-08 15:27:20.578,11546,11547,11546,1,-1
2020-06-08 15:27:21.754,11545,11546,11545,1,-1
2020-06-08 15:27:31.672,11545,11546,11546,1,1
2020-06-08 15:27:36.431,11545,11546,11546,2,2
2020-06-08 15:27:45.208,11546,11547,11546,2,-2
2020-06-08 15:27:45.208,11546,11547,11545,18,-18
2020-06-08 15:27:49.812,11545,11546,11545,6,-6
2020-06-08 15:27:54.517,11544,11546,11544,2,-2
2020-06-08 15:27:54.905,11545,11546,11545,1,1
2020-06-08 15:27:56.316,11545,11546,11545,1,-1
2020-06-08 15:27:58.242,11545,11546,11545,1,-1
2020-06-08 15:28:02.253,11545,11546,11545,2,-2
2020-06-08 15:28:03.334,11545,11546,11545,1,-1
2020-06-08 15:28:03.334,11545,11546,11545,1,-1
2020-06-08 15:28:14.390,11544,11546,11544,1,-1
2020-06-08 15:28:18.974,11545,11546,11546,5,5
2020-06-08 15:28:18.974,11545,11546,11546,10,10
2020-06-08 15:28:19.768,11545,11547,11545,1,-1
2020-06-08 15:28:41.527,11545,11546,11545,1,-1
2020-06-08 15:28:44.609,11545,11546,11545,2,-2
2020-06-08 15:28:48.094,11545,11546,11546,1,1
2020-06-08 15:28:48.094,11545,11546,11546,8,8
2020-06-08 15:28:48.094,11545,11546,11546,3,3
2020-06-08 15:29:02.385,11546,11547,11546,4,-4
2020-06-08 15:29:03.416,11546,11547,11547,10,10
2020-06-08 15:29:03.417,11546,11547,11547,4,4
2020-06-08 15:29:13.880,11545,11547,11547,1,1
2020-06-08 15:29:26.816,11546,11547,11547,1,1
2020-06-08 15:29:38.958,11546,11547,11547,1,1
2020-06-08 15:29:40.389,11546,11547,11547,1,1
2020-06-08 15:29:43.218,11546,11547,11547,1,1
2020-06-08 15:29:50.594,11546,11547,11547,1,1
2020-06-08 15:30:01.073,11546,11547,11546,1,-1
2020-06-08 15:30:01.448,11546,11547,11547,1,1
2020-06-08 15:30:01.449,11546,11547,11547,5,5
2020-06-08 15:30:01.449,11546,11547,11547,7,7
2020-06-08 15:30:01.451,11546,11547,11547,1,1
2020-06-08 15:30:01.454,11546,11547,11548,1,1
2020-06-08 15:30:01.465,11546,11547,11547,1,1
2020-06-08 15:30:01.843,11547,11548,11548,1,1
2020-06-08 15:30:02.019,11547,11548,11548,1,1
2020-06-08 15:30:02.468,11547,11548,11547,3,-3
2020-06-08 15:30:03.887,11547,11548,11548,1,1
2020-06-08 15:30:03.887,11547,11548,11548,10,10
2020-06-08 15:30:04.858,11548,11549,11549,5,5
2020-06-08 15:30:04.858,11548,11549,11549,4,4
2020-06-08 15:30:04.858,11548,11549,11549,12,12
2020-06-08 15:30:04.858,11548,11549,11549,1,1
2020-06-08 15:30:06.835,11549,11550,11550,1,1
2020-06-08 15:30:06.835,11549,11550,11550,1,1
2020-06-08 15:30:06.835,11549,11550,11550,2,2
2020-06-08 15:30:06.837,11549,11550,11550,6,6
2020-06-08 15:30:06.837,11549,11550,11550,1,1
2020-06-08 15:30:06.837,11549,11550,11550,1,1
2020-06-08 15:30:06.837,11549,11550,11550,1,1
2020-06-08 15:30:06.871,11549,11550,11550,4,4
2020-06-08 15:30:06.871,11549,11550,11550,4,4
2020-06-08 15:30:06.872,11549,11550,11550,1,1
2020-06-08 15:30:06.872,11549,11550,11550,1,1
2020-06-08 15:30:06.872,11549,11550,11550,1,1
2020-06-08 15:30:07.683,11550,11551,11551,1,1
2020-06-08 15:30:08.096,11550,11551,11551,1,1
2020-06-08 15:30:08.733,11550,11551,11551,1,1
2020-06-08 15:30:09.356,11550,11551,11550,1,-1
2020-06-08 15:30:09.356,11550,11551,11550,6,-6
2020-06-08 15:30:09.356,11550,11551,11550,1,-1
2020-06-08 15:30:09.357,11550,11551,11550,1,-1
2020-06-08 15:30:09.357,11550,11551,11550,1,-1
2020-06-08 15:30:10.268,11550,11551,11550,2,-2
2020-06-08 15:30:10.268,11550,11551,11550,4,-4
2020-06-08 15:30:10.270,11550,11551,11549,1,-1
2020-06-08 15:30:11.666,11548,11549,11549,2,2
2020-06-08 15:30:11.666,11548,11549,11549,2,2
2020-06-08 15:30:16.430,11549,11550,11550,1,1
2020-06-08 15:30:17.757,11550,11551,11551,1,1
2020-06-08 15:30:17.897,11550,11551,11550,2,-2
2020-06-08 15:30:21.388,11550,11551,11551,1,1
2020-06-08 15:30:21.388,11550,11551,11551,13,13
2020-06-08 15:30:21.388,11550,11551,11551,6,6
2020-06-08 15:30:21.389,11550,11551,11551,1,1
2020-06-08 15:30:21.389,11550,11551,11551,1,1
2020-06-08 15:30:22.581,11551,11552,11552,2,2
2020-06-08 15:30:22.582,11551,11552,11552,1,1
2020-06-08 15:30:22.582,11551,11552,11552,1,1
2020-06-08 15:30:22.582,11551,11552,11552,1,1
2020-06-08 15:30:22.582,11551,11552,11552,2,2
2020-06-08 15:30:22.582,11551,11552,11552,3,3
2020-06-08 15:30:22.583,11551,11552,11552,2,2
2020-06-08 15:30:22.583,11551,11552,11552,1,1
2020-06-08 15:30:22.708,11551,11553,11553,2,2
2020-06-08 15:30:24.080,11552,11553,11553,1,1
2020-06-08 15:30:24.852,11552,11553,11553,1,1
2020-06-08 15:30:26.079,11552,11553,11553,4,4
2020-06-08 15:30:26.408,11552,11553,11553,1,1
2020-06-08 15:30:26.586,11552,11553,11552,1,-1
2020-06-08 15:30:26.586,11552,11553,11552,16,-16
2020-06-08 15:30:26.736,11551,11552,11551,1,-1
2020-06-08 15:30:27.398,11551,11552,11552,1,1
2020-06-08 15:30:27.739,11551,11552,11552,1,1
2020-06-08 15:30:32.850,11551,11552,11552,1,1
2020-06-08 15:30:35.985,11551,11552,11551,1,-1
2020-06-08 15:30:37.170,11551,11552,11552,1,1
2020-06-08 15:30:39.131,11551,11552,11552,1,1
2020-06-08 15:30:40.250,11551,11552,11552,1,1
2020-06-08 15:30:41.230,11551,11552,11552,1,1
2020-06-08 15:30:42.202,11551,11552,11552,1,1
2020-06-08 15:30:42.488,11551,11552,11552,1,1
2020-06-08 15:30:43.925,11551,11552,11551,2,-2
2020-06-08 15:30:43.925,11551,11552,11551,6,-6
2020-06-08 15:30:43.925,11551,11552,11551,6,-6
2020-06-08 15:30:43.925,11551,11552,11551,1,-1
2020-06-08 15:30:45.165,11550,11551,11551,1,1
2020-06-08 15:30:45.760,11550,11551,11551,3,3
2020-06-08 15:30:45.793,11550,11551,11551,1,1
2020-06-08 15:30:50.300,11550,11552,11552,1,1
2020-06-08 15:30:53.050,11551,11553,11553,1,1
2020-06-08 15:30:56.988,11551,11553,11553,1,1
2020-06-08 15:30:58.019,11551,11553,11553,2,2
2020-06-08 15:30:58.410,11551,11553,11553,2,2
2020-06-08 15:31:01.478,11552,11553,11553,2,2
2020-06-08 15:31:01.478,11552,11553,11553,5,5
2020-06-08 15:31:01.701,11553,11554,11553,3,-3
2020-06-08 15:31:04.584,11553,11554,11554,6,6
2020-06-08 15:31:05.880,11553,11554,11553,2,-2
2020-06-08 15:31:05.995,11553,11554,11553,1,-1
2020-06-08 15:31:06.444,11553,11554,11554,1,1
2020-06-08 15:31:06.592,11553,11554,11554,1,1
2020-06-08 15:31:07.402,11553,11554,11553,4,-4
2020-06-08 15:31:08.260,11553,11554,11554,1,1
2020-06-08 15:31:08.314,11553,11554,11553,1,-1
2020-06-08 15:31:11.329,11553,11554,11554,1,1
2020-06-08 15:31:12.425,11553,11554,11553,2,-2
2020-06-08 15:31:12.425,11553,11554,11553,1,-1
2020-06-08 15:31:12.425,11553,11554,11553,3,-3
2020-06-08 15:31:14.354,11552,11553,11553,2,2
2020-06-08 15:31:14.784,11552,11553,11553,2,2
2020-06-08 15:31:16.301,11552,11553,11553,1,1
2020-06-08 15:31:19.490,11552,11553,11553,1,1
2020-06-08 15:31:19.499,11552,11553,11552,12,-12
2020-06-08 15:31:20.325,11551,11552,11552,1,1
2020-06-08 15:31:28.415,11551,11552,11552,5,5
2020-06-08 15:31:28.415,11551,11552,11552,2,2
2020-06-08 15:31:28.415,11551,11552,11552,1,1
2020-06-08 15:31:30.418,11552,11553,11553,9,9
2020-06-08 15:31:31.106,11552,11553,11552,2,-2
2020-06-08 15:31:31.126,11552,11553,11552,1,-1
2020-06-08 15:31:31.674,11552,11553,11553,2,2
2020-06-08 15:31:31.674,11552,11553,11553,3,3
2020-06-08 15:31:31.674,11552,11553,11553,2,2
2020-06-08 15:31:31.674,11552,11553,11553,1,1
2020-06-08 15:31:33.478,11553,11554,11554,1,1
2020-06-08 15:31:33.479,11553,11554,11554,9,9
2020-06-08 15:31:33.479,11553,11554,11554,1,1
2020-06-08 15:31:33.479,11553,11554,11554,1,1
2020-06-08 15:31:33.479,11553,11554,11554,4,4
2020-06-08 15:31:33.479,11553,11554,11554,3,3
2020-06-08 15:31:34.621,11554,11555,11555,1,1
2020-06-08 15:31:34.756,11554,11555,11555,1,1
2020-06-08 15:31:34.773,11554,11555,11555,1,1
2020-06-08 15:31:34.831,11554,11555,11554,5,-5
2020-06-08 15:31:37.295,11552,11554,11554,1,1
2020-06-08 15:31:39.109,11552,11554,11554,3,3
2020-06-08 15:31:40.132,11552,11554,11554,2,2
2020-06-08 15:31:44.032,11552,11553,11553,4,4
2020-06-08 15:31:44.577,11552,11553,11553,1,1
2020-06-08 15:31:45.162,11552,11553,11553,2,2
2020-06-08 15:31:45.280,11552,11553,11553,1,1
2020-06-08 15:31:45.280,11552,11553,11554,3,3
2020-06-08 15:31:45.789,11552,11554,11554,1,1
2020-06-08 15:31:48.171,11552,11553,11553,2,2
2020-06-08 15:31:48.194,11552,11553,11553,1,1
2020-06-08 15:31:49.414,11553,11554,11553,3,-3
2020-06-08 15:31:50.557,11552,11553,11553,2,2
2020-06-08 15:31:52.348,11553,11554,11553,1,-1
2020-06-08 15:31:52.830,11553,11554,11553,1,-1
2020-06-08 15:31:52.980,11553,11554,11553,1,-1
2020-06-08 15:31:53.963,11553,11554,11554,1,1
2020-06-08 15:31:55.638,11553,11554,11553,1,-1
2020-06-08 15:31:58.129,11552,11553,11553,1,1
2020-06-08 15:32:00.704,11552,11553,11553,1,1
2020-06-08 15:32:02.342,11552,11553,11553,4,4
2020-06-08 15:32:03.565,11553,11554,11554,1,1
2020-06-08 15:32:08.138,11553,11554,11554,1,1
2020-06-08 15:32:09.140,11553,11554,11553,3,-3
2020-06-08 15:32:10.414,11553,11554,11554,6,6
2020-06-08 15:32:10.496,11553,11554,11553,3,-3
2020-06-08 15:32:10.703,11553,11554,11554,2,2
2020-06-08 15:32:10.730,11553,11554,11554,1,1
2020-06-08 15:32:11.638,11553,11554,11553,3,-3
2020-06-08 15:32:13.020,11553,11554,11554,1,1
2020-06-08 15:32:13.347,11553,11554,11553,11,-11
2020-06-08 15:32:13.561,11552,11553,11553,1,1
2020-06-08 15:32:13.561,11552,11553,11553,3,3
2020-06-08 15:32:15.192,11552,11553,11553,2,2
2020-06-08 15:32:15.989,11552,11554,11554,1,1
2020-06-08 15:32:17.341,11553,11554,11554,4,4
2020-06-08 15:32:19.783,11553,11554,11553,3,-3
2020-06-08 15:32:20.887,11552,11553,11553,2,2
2020-06-08 15:32:30.789,11552,11553,11553,1,1
2020-06-08 15:32:31.029,11552,11553,11553,1,1
2020-06-08 15:32:33.398,11552,11553,11553,1,1
2020-06-08 15:32:41.116,11553,11554,11553,7,-7
2020-06-08 15:32:42.428,11552,11553,11552,1,-1
2020-06-08 15:32:44.352,11552,11553,11552,7,-7
2020-06-08 15:32:44.353,11552,11553,11552,7,-7
2020-06-08 15:32:44.353,11552,11553,11552,3,-3
2020-06-08 15:32:44.353,11552,11553,11552,2,-2
2020-06-08 15:32:50.140,11551,11553,11553,1,1
2020-06-08 15:32:50.476,11551,11553,11551,1,-1
2020-06-08 15:32:53.281,11552,11553,11552,1,1
2020-06-08 15:32:58.544,11551,11553,11551,1,-1
2020-06-08 15:32:59.233,11551,11553,11551,1,-1
2020-06-08 15:33:00.155,11551,11553,11551,1,-1
2020-06-08 15:33:01.800,11551,11552,11552,1,1
2020-06-08 15:33:03.559,11552,11553,11553,9,9
2020-06-08 15:33:06.462,11552,11553,11553,1,1
2020-06-08 15:33:08.514,11552,11553,11553,1,1
2020-06-08 15:33:09.406,11552,11553,11553,1,1
2020-06-08 15:33:10.776,11553,11554,11554,1,1
2020-06-08 15:33:12.948,11553,11554,11554,1,1
2020-06-08 15:33:13.848,11553,11554,11554,2,2
2020-06-08 15:33:13.848,11553,11554,11554,3,3
2020-06-08 15:33:13.848,11553,11554,11554,1,1
2020-06-08 15:33:14.880,11554,11555,11555,1,1
2020-06-08 15:33:15.098,11554,11555,11554,5,-5
2020-06-08 15:33:15.390,11553,11555,11553,1,-1
2020-06-08 15:33:15.396,11553,11555,11555,1,1
2020-06-08 15:33:21.698,11553,11554,11554,1,1
2020-06-08 15:33:21.819,11553,11554,11554,4,4
2020-06-08 15:33:22.003,11553,11554,11554,1,1
2020-06-08 15:33:26.974,11554,11555,11554,1,-1
2020-06-08 15:33:28.013,11554,11555,11554,1,-1
2020-06-08 15:33:29.616,11554,11555,11554,4,-4
2020-06-08 15:33:29.645,11554,11555,11554,1,-1
2020-06-08 15:33:41.397,11554,11555,11555,1,1
2020-06-08 15:33:41.849,11554,11555,11554,1,-1
2020-06-08 15:33:43.906,11554,11555,11555,1,1
2020-06-08 15:33:47.065,11554,11555,11554,1,-1
2020-06-08 15:33:47.163,11554,11555,11555,6,6
2020-06-08 15:33:47.163,11554,11555,11555,3,3
2020-06-08 15:33:47.163,11554,11555,11555,2,2
2020-06-08 15:33:47.163,11554,11555,11555,5,5
2020-06-08 15:33:47.163,11554,11555,11555,1,1
2020-06-08 15:33:47.163,11554,11555,11555,1,1
2020-06-08 15:33:47.163,11554,11555,11555,1,1
2020-06-08 15:33:47.163,11554,11555,11555,1,1
2020-06-08 15:33:48.044,11555,11556,11556,3,3
2020-06-08 15:33:48.377,11555,11556,11556,1,1
2020-06-08 15:33:50.363,11555,11556,11556,1,1
2020-06-08 15:33:50.711,11555,11556,11556,1,1
2020-06-08 15:33:51.940,11555,11556,11556,1,1
2020-06-08 15:33:54.833,11555,11556,11556,6,6
2020-06-08 15:33:55.228,11555,11556,11555,2,-2
2020-06-08 15:33:55.458,11555,11556,11556,1,1
2020-06-08 15:33:57.260,11555,11556,11556,1,1
2020-06-08 15:34:00.097,11555,11556,11555,6,-6
2020-06-08 15:34:02.357,11555,11556,11556,1,1
2020-06-08 15:34:03.219,11555,11556,11555,2,-2
2020-06-08 15:34:03.611,11555,11556,11555,1,-1
2020-06-08 15:34:03.701,11555,11556,11555,1,-1
2020-06-08 15:34:04.471,11554,11555,11555,1,1
2020-06-08 15:34:04.544,11554,11555,11554,4,-4
2020-06-08 15:34:06.285,11553,11554,11554,1,1
2020-06-08 15:34:08.117,11554,11555,11555,1,1
2020-06-08 15:34:10.266,11553,11555,11555,1,1
2020-06-08 15:34:12.026,11554,11555,11554,1,-1
2020-06-08 15:34:13.228,11554,11555,11555,1,1
2020-06-08 15:34:23.466,11554,11555,11555,3,3
2020-06-08 15:34:24.857,11554,11555,11555,1,1
2020-06-08 15:34:24.997,11554,11555,11555,1,1
2020-06-08 15:34:25.089,11554,11555,11555,1,1
2020-06-08 15:34:25.223,11554,11555,11555,1,1
2020-06-08 15:34:25.821,11554,11555,11555,1,1
2020-06-08 15:34:26.208,11554,11555,11554,14,-14
2020-06-08 15:34:26.208,11554,11555,11554,1,-1
2020-06-08 15:34:26.555,11553,11554,11554,1,1
2020-06-08 15:34:27.498,11553,11554,11554,1,1
2020-06-08 15:34:29.292,11553,11554,11554,2,2
2020-06-08 15:34:29.774,11553,11554,11553,1,-1
2020-06-08 15:34:37.456,11553,11554,11553,1,-1
2020-06-08 15:34:38.261,11553,11554,11554,1,1
2020-06-08 15:34:48.380,11554,11555,11554,1,-1
2020-06-08 15:34:50.422,11553,11554,11554,2,2
2020-06-08 15:34:59.185,11554,11555,11555,4,4
2020-06-08 15:35:02.598,11555,11556,11555,1,-1
2020-06-08 15:35:04.203,11554,11555,11555,2,2
2020-06-08 15:35:07.492,11554,11555,11555,1,1
2020-06-08 15:35:15.694,11554,11555,11554,2,-2
2020-06-08 15:35:15.694,11554,11555,11554,2,-2
2020-06-08 15:35:20.821,11553,11555,11554,1,-1
2020-06-08 15:35:22.138,11553,11554,11554,1,1
2020-06-08 15:35:27.045,11553,11554,11553,1,-1
2020-06-08 15:35:27.433,11553,11554,11554,1,1
2020-06-08 15:35:27.727,11553,11554,11553,1,-1
2020-06-08 15:35:28.537,11553,11554,11553,1,-1
2020-06-08 15:35:34.083,11553,11554,11554,1,1
2020-06-08 15:35:44.074,11553,11554,11554,1,1
2020-06-08 15:35:51.301,11554,11555,11555,1,1
2020-06-08 15:35:52.723,11554,11555,11555,9,9
2020-06-08 15:35:55.845,11555,11556,11556,1,1
2020-06-08 15:35:55.845,11555,11556,11556,4,4
2020-06-08 15:35:55.845,11555,11556,11556,4,4
2020-06-08 15:35:55.845,11555,11556,11556,1,1
2020-06-08 15:35:55.846,11555,11556,11556,4,4
2020-06-08 15:36:00.846,11556,11557,11556,1,-1
2020-06-08 15:36:01.104,11556,11557,11557,4,4
2020-06-08 15:36:01.112,11556,11557,11557,2,2
2020-06-08 15:36:02.160,11556,11557,11556,1,-1
2020-06-08 15:36:02.491,11556,11557,11557,1,1
2020-06-08 15:36:05.621,11556,11557,11557,1,1
2020-06-08 15:36:05.959,11556,11557,11557,1,1
2020-06-08 15:36:09.249,11556,11557,11557,1,1
2020-06-08 15:36:14.153,11556,11557,11557,1,1
2020-06-08 15:36:14.742,11557,11558,11557,1,-1
2020-06-08 15:36:18.085,11557,11558,11557,1,-1
2020-06-08 15:36:22.423,11557,11558,11557,1,-1
2020-06-08 15:36:22.424,11557,11558,11557,16,-16
2020-06-08 15:36:26.443,11556,11557,11557,1,1
2020-06-08 15:36:26.933,11556,11557,11557,2,2
2020-06-08 15:36:27.052,11556,11557,11557,1,1
2020-06-08 15:36:29.571,11556,11557,11556,1,-1
2020-06-08 15:36:30.319,11556,11557,11556,1,-1
2020-06-08 15:36:30.670,11556,11557,11557,1,1
2020-06-08 15:36:31.015,11556,11558,11556,1,-1
2020-06-08 15:36:31.972,11556,11558,11558,2,2
2020-06-08 15:36:32.015,11556,11558,11558,1,1
2020-06-08 15:36:32.995,11557,11558,11557,1,-1
2020-06-08 15:36:34.791,11557,11558,11557,1,-1
2020-06-08 15:36:36.070,11557,11558,11557,1,-1
2020-06-08 15:36:36.257,11557,11558,11558,1,1
2020-06-08 15:36:36.688,11557,11558,11557,1,-1
2020-06-08 15:36:36.786,11556,11557,11557,2,2
2020-06-08 15:36:38.276,11556,11557,11557,1,1
2020-06-08 15:36:39.229,11556,11557,11557,1,1
2020-06-08 15:36:40.845,11556,11557,11557,1,1
2020-06-08 15:36:40.860,11556,11557,11557,1,1
2020-06-08 15:36:43.110,11556,11557,11557,1,1
2020-06-08 15:36:44.431,11556,11557,11557,1,1
2020-06-08 15:36:50.608,11556,11557,11556,1,-1
2020-06-08 15:36:55.986,11556,11557,11556,1,-1
2020-06-08 15:36:56.975,11556,11557,11557,1,1
2020-06-08 15:36:59.628,11556,11557,11557,1,1
2020-06-08 15:36:59.837,11556,11557,11557,1,1
2020-06-08 15:36:59.947,11556,11557,11557,13,13
2020-06-08 15:37:00.261,11557,11558,11557,1,-1
2020-06-08 15:37:00.493,11557,11558,11558,2,2
2020-06-08 15:37:04.325,11557,11558,11558,2,2
2020-06-08 15:37:04.325,11557,11558,11558,3,3
2020-06-08 15:37:04.325,11557,11558,11558,2,2
2020-06-08 15:37:04.325,11557,11558,11558,1,1
2020-06-08 15:37:05.330,11558,11559,11559,2,2
2020-06-08 15:37:05.330,11558,11559,11559,1,1
2020-06-08 15:37:05.330,11558,11559,11559,5,5
2020-06-08 15:37:05.544,11559,11560,11560,1,1
2020-06-08 15:37:05.631,11559,11560,11560,1,1
2020-06-08 15:37:05.669,11559,11560,11560,1,1
2020-06-08 15:37:05.794,11559,11560,11560,1,1
2020-06-08 15:37:05.794,11559,11560,11560,1,1
2020-06-08 15:37:05.794,11559,11560,11560,1,1
2020-06-08 15:37:05.794,11559,11560,11560,1,1
2020-06-08 15:37:05.795,11559,11560,11560,2,2
2020-06-08 15:37:05.795,11559,11560,11560,1,1
2020-06-08 15:37:05.795,11559,11560,11560,4,4
2020-06-08 15:37:05.861,11559,11560,11560,12,12
2020-06-08 15:37:05.861,11559,11560,11560,1,1
2020-06-08 15:37:05.861,11559,11560,11560,1,1
2020-06-08 15:37:05.861,11559,11560,11560,1,1
2020-06-08 15:37:05.861,11559,11560,11560,11,11
2020-06-08 15:37:05.861,11559,11560,11560,4,4
2020-06-08 15:37:08.724,11559,11561,11561,1,1
2020-06-08 15:37:08.773,11560,11561,11560,1,-1
2020-06-08 15:37:09.513,11560,11561,11561,9,9
2020-06-08 15:37:12.028,11561,11562,11562,1,1
2020-06-08 15:37:13.221,11561,11562,11562,1,1
2020-06-08 15:37:13.762,11561,11562,11561,1,-1
2020-06-08 15:37:13.764,11561,11562,11562,1,1
2020-06-08 15:37:14.917,11561,11562,11562,3,3
2020-06-08 15:37:16.524,11561,11562,11562,2,2
2020-06-08 15:37:18.989,11561,11562,11562,1,1
2020-06-08 15:37:19.071,11561,11562,11562,2,2
2020-06-08 15:37:19.071,11561,11562,11562,1,1
2020-06-08 15:37:20.090,11562,11563,11562,1,-1
2020-06-08 15:37:20.122,11562,11563,11563,1,1
2020-06-08 15:37:24.738,11562,11563,11563,1,1
2020-06-08 15:37:24.768,11562,11563,11563,1,1
2020-06-08 15:37:24.769,11562,11563,11563,1,1
2020-06-08 15:37:24.769,11562,11563,11563,4,4
2020-06-08 15:37:24.769,11562,11563,11563,4,4
2020-06-08 15:37:26.183,11562,11563,11563,1,1
2020-06-08 15:37:26.194,11562,11563,11563,1,1
2020-06-08 15:37:26.776,11562,11563,11562,1,-1
2020-06-08 15:37:26.777,11562,11563,11562,15,-15
2020-06-08 15:37:26.855,11562,11563,11562,1,-1
2020-06-08 15:37:26.974,11562,11563,11563,1,1
2020-06-08 15:37:28.409,11562,11563,11563,4,4
2020-06-08 15:37:29.297,11562,11563,11563,1,1
2020-06-08 15:37:29.593,11562,11563,11563,2,2
2020-06-08 15:37:29.846,11562,11563,11563,1,1
2020-06-08 15:37:30.227,11562,11563,11563,1,1
2020-06-08 15:37:32.670,11562,11563,11563,1,1
2020-06-08 15:37:34.223,11562,11563,11563,2,2
2020-06-08 15:37:34.738,11562,11563,11562,1,-1
2020-06-08 15:37:35.070,11562,11563,11563,1,1
2020-06-08 15:37:35.277,11562,11563,11563,1,1
2020-06-08 15:37:35.322,11562,11563,11563,3,3
2020-06-08 15:37:35.505,11563,11564,11564,1,1
2020-06-08 15:37:35.894,11563,11564,11563,1,-1
2020-06-08 15:37:37.093,11563,11564,11563,2,-2
2020-06-08 15:37:37.669,11562,11563,11563,1,1
2020-06-08 15:37:37.669,11562,11563,11564,19,19
2020-06-08 15:37:37.895,11563,11565,11563,1,-1
2020-06-08 15:37:41.762,11563,11564,11563,6,-6
2020-06-08 15:37:42.575,11563,11564,11563,2,-2
2020-06-08 15:37:43.247,11562,11563,11563,2,2
2020-06-08 15:37:43.387,11562,11563,11563,2,2
2020-06-08 15:37:43.797,11562,11563,11563,1,1
2020-06-08 15:37:43.979,11562,11563,11563,1,1
2020-06-08 15:37:43.979,11562,11563,11563,2,2
2020-06-08 15:37:44.930,11563,11564,11563,1,-1
2020-06-08 15:37:49.314,11563,11564,11564,1,1
2020-06-08 15:37:53.117,11563,11564,11564,1,1
2020-06-08 15:37:53.362,11563,11564,11564,1,1
2020-06-08 15:37:55.808,11563,11564,11564,1,1
2020-06-08 15:38:02.075,11563,11564,11564,1,1
2020-06-08 15:38:02.220,11563,11564,11564,1,1
2020-06-08 15:38:03.140,11563,11564,11563,3,-3
2020-06-08 15:38:05.170,11563,11564,11563,3,-3
2020-06-08 15:38:05.170,11563,11564,11563,8,-8
2020-06-08 15:38:05.170,11563,11564,11563,4,-4
2020-06-08 15:38:06.028,11562,11563,11563,1,1
2020-06-08 15:38:06.382,11563,11564,11563,1,-1
2020-06-08 15:38:07.434,11563,11564,11563,2,-2
2020-06-08 15:38:10.267,11562,11563,11563,1,1
2020-06-08 15:38:11.622,11562,11563,11563,2,2
2020-06-08 15:38:14.446,11562,11563,11563,5,5
2020-06-08 15:38:15.973,11562,11563,11563,2,2
2020-06-08 15:38:17.146,11562,11563,11563,1,1
2020-06-08 15:38:18.353,11563,11564,11563,1,-1
2020-06-08 15:38:19.530,11562,11564,11564,1,1
2020-06-08 15:38:19.937,11562,11564,11562,1,-1
2020-06-08 15:38:20.088,11562,11564,11562,1,-1
2020-06-08 15:38:20.274,11562,11564,11564,1,1
2020-06-08 15:38:20.728,11562,11564,11563,1,-1
2020-06-08 15:38:20.921,11562,11563,11563,1,1
2020-06-08 15:38:22.152,11563,11564,11563,1,-1
2020-06-08 15:38:24.724,11563,11564,11563,1,-1
2020-06-08 15:38:27.571,11563,11564,11564,1,1
2020-06-08 15:38:28.113,11563,11564,11564,20,20
2020-06-08 15:38:28.155,11563,11564,11564,1,1
2020-06-08 15:38:33.055,11564,11565,11565,1,1
2020-06-08 15:38:33.323,11564,11565,11564,3,-3
2020-06-08 15:38:33.323,11564,11565,11563,1,-1
2020-06-08 15:38:36.863,11563,11564,11563,1,-1
2020-06-08 15:38:37.848,11563,11564,11564,2,2
2020-06-08 15:38:37.848,11563,11564,11564,2,2
2020-06-08 15:38:40.795,11564,11565,11565,3,3
2020-06-08 15:38:45.580,11564,11565,11564,8,-8
2020-06-08 15:38:46.366,11564,11565,11564,1,-1
2020-06-08 15:38:47.401,11563,11564,11564,1,1
2020-06-08 15:38:47.543,11563,11565,11565,1,1
2020-06-08 15:38:47.673,11564,11565,11564,1,-1
2020-06-08 15:38:49.588,11563,11564,11564,1,1
2020-06-08 15:38:53.720,11563,11564,11564,1,1
2020-06-08 15:38:53.776,11563,11564,11564,8,8
2020-06-08 15:38:54.497,11564,11565,11564,1,-1
2020-06-08 15:38:56.425,11564,11565,11564,2,-2
2020-06-08 15:38:57.799,11564,11565,11565,1,1
2020-06-08 15:38:57.804,11564,11565,11564,2,-2
2020-06-08 15:38:58.621,11564,11565,11565,5,5
2020-06-08 15:38:59.929,11564,11565,11564,2,-2
2020-06-08 15:39:00.794,11563,11564,11564,1,1
2020-06-08 15:39:01.217,11563,11564,11564,1,1
2020-06-08 15:39:01.599,11563,11564,11564,2,2
2020-06-08 15:39:02.462,11563,11564,11564,1,1
2020-06-08 15:39:03.566,11563,11564,11564,1,1
2020-06-08 15:39:03.740,11563,11564,11564,1,1
2020-06-08 15:39:05.966,11563,11564,11564,1,1
2020-06-08 15:39:05.966,11563,11564,11564,3,3
2020-06-08 15:39:05.967,11563,11564,11564,1,1
2020-06-08 15:39:06.001,11563,11565,11563,1,-1
2020-06-08 15:39:06.452,11563,11564,11563,1,-1
2020-06-08 15:39:08.288,11563,11564,11564,1,1
2020-06-08 15:39:08.954,11563,11564,11564,3,3
2020-06-08 15:39:09.817,11563,11564,11563,17,-17
2020-06-08 15:39:10.332,11562,11563,11563,2,2
2020-06-08 15:39:15.407,11563,11564,11563,1,-1
2020-06-08 15:39:22.064,11562,11563,11563,3,3
2020-06-08 15:39:22.307,11563,11564,11563,1,-1
2020-06-08 15:39:23.849,11563,11564,11563,16,-16
2020-06-08 15:39:30.225,11562,11563,11562,2,-2
2020-06-08 15:39:30.226,11562,11563,11562,2,-2
2020-06-08 15:39:30.226,11562,11563,11562,11,-11
2020-06-08 15:39:35.498,11561,11563,11561,1,-1
2020-06-08 15:39:37.884,11561,11562,11561,1,-1
2020-06-08 15:39:40.547,11561,11562,11561,1,-1
2020-06-08 15:39:42.610,11561,11562,11562,2,2
2020-06-08 15:39:42.611,11561,11562,11562,3,3
2020-06-08 15:39:42.830,11562,11563,11562,1,-1
2020-06-08 15:39:42.963,11562,11563,11562,1,-1
2020-06-08 15:39:43.223,11562,11563,11562,1,-1
2020-06-08 15:39:43.920,11562,11563,11562,1,-1
2020-06-08 15:39:49.887,11562,11563,11562,2,-2
2020-06-08 15:39:57.413,11561,11562,11562,1,1
2020-06-08 15:39:58.748,11561,11562,11561,2,-2
2020-06-08 15:40:03.344,11561,11562,11562,2,2
2020-06-08 15:40:03.507,11561,11562,11562,2,2
2020-06-08 15:40:03.508,11561,11562,11562,1,1
2020-06-08 15:40:12.254,11561,11562,11562,1,1
2020-06-08 15:40:13.457,11562,11563,11562,1,-1
2020-06-08 15:40:13.954,11562,11563,11563,2,2
2020-06-08 15:40:16.106,11562,11563,11563,5,5
2020-06-08 15:40:16.106,11562,11563,11563,2,2
2020-06-08 15:40:16.107,11562,11563,11563,1,1
2020-06-08 15:40:16.107,11562,11563,11563,11,11
2020-06-08 15:40:16.107,11562,11563,11563,1,1
2020-06-08 15:40:16.107,11562,11563,11563,1,1
2020-06-08 15:40:16.107,11562,11563,11563,2,2
2020-06-08 15:40:16.130,11562,11563,11564,1,1
2020-06-08 15:40:16.148,11562,11563,11564,4,4
2020-06-08 15:40:16.180,11562,11563,11564,1,1
2020-06-08 15:40:17.971,11563,11564,11563,2,-2
2020-06-08 15:40:17.971,11563,11564,11563,5,-5
2020-06-08 15:40:17.971,11563,11564,11563,1,-1
2020-06-08 15:40:21.422,11562,11563,11563,2,2
2020-06-08 15:40:25.128,11562,11563,11563,1,1
2020-06-08 15:40:28.844,11562,11563,11562,1,-1
2020-06-08 15:40:28.844,11562,11563,11562,1,-1
2020-06-08 15:40:33.646,11561,11562,11562,1,1
2020-06-08 15:40:34.132,11561,11562,11561,1,-1
2020-06-08 15:40:34.132,11561,11562,11561,8,-8
2020-06-08 15:40:44.636,11561,11562,11562,1,1
2020-06-08 15:40:44.914,11562,11563,11562,1,-1
2020-06-08 15:40:44.914,11562,11563,11561,1,-1
2020-06-08 15:40:53.677,11562,11563,11563,1,1
2020-06-08 15:40:58.882,11562,11563,11563,1,1
2020-06-08 15:41:02.110,11562,11563,11563,4,4
2020-06-08 15:41:02.110,11562,11563,11563,6,6
2020-06-08 15:41:02.796,11563,11564,11563,1,-1
2020-06-08 15:41:03.222,11563,11564,11563,3,-3
2020-06-08 15:41:04.739,11563,11564,11564,1,1
2020-06-08 15:41:04.739,11563,11564,11564,2,2
2020-06-08 15:41:04.739,11563,11564,11564,2,2
2020-06-08 15:41:04.739,11563,11564,11564,3,3
2020-06-08 15:41:04.997,11563,11565,11563,3,-3
2020-06-08 15:41:08.486,11563,11564,11564,1,1
2020-06-08 15:41:10.384,11564,11565,11564,2,-2
2020-06-08 15:41:10.523,11564,11565,11564,1,-1
2020-06-08 15:41:10.859,11563,11564,11564,1,1
2020-06-08 15:41:11.238,11563,11564,11564,1,1
2020-06-08 15:41:12.276,11564,11565,11564,1,-1
2020-06-08 15:41:18.038,11564,11565,11564,3,-3
2020-06-08 15:41:22.422,11564,11565,11565,30,30
2020-06-08 15:41:24.532,11565,11566,11565,1,-1
2020-06-08 15:41:25.406,11565,11566,11565,2,-2
2020-06-08 15:41:27.131,11564,11565,11565,1,1
2020-06-08 15:41:27.131,11564,11565,11566,4,4
2020-06-08 15:41:28.209,11564,11566,11566,1,1
2020-06-08 15:41:29.904,11564,11565,11565,1,1
2020-06-08 15:41:30.544,11564,11565,11565,1,1
2020-06-08 15:41:31.260,11564,11565,11565,1,1
2020-06-08 15:41:31.558,11564,11565,11564,2,-2
2020-06-08 15:41:31.775,11564,11565,11564,1,-1
2020-06-08 15:41:35.060,11564,11565,11565,1,1
2020-06-08 15:41:35.513,11564,11565,11565,1,1
2020-06-08 15:41:35.890,11564,11565,11565,1,1
2020-06-08 15:41:36.014,11564,11565,11564,2,-2
2020-06-08 15:41:36.050,11564,11565,11565,1,1
2020-06-08 15:41:37.685,11564,11565,11565,1,1
2020-06-08 15:41:39.091,11564,11565,11564,1,-1
2020-06-08 15:41:39.840,11564,11565,11565,1,1
2020-06-08 15:41:43.347,11564,11565,11564,6,-6
2020-06-08 15:41:44.102,11563,11564,11564,2,2
2020-06-08 15:41:44.536,11563,11565,11565,1,1
2020-06-08 15:41:46.147,11564,11565,11564,1,-1
2020-06-08 15:41:47.012,11563,11565,11563,1,-1
2020-06-08 15:41:47.180,11563,11565,11563,1,-1
2020-06-08 15:41:49.649,11564,11565,11564,5,5
2020-06-08 15:41:53.252,11563,11565,11565,5,5
2020-06-08 15:41:58.678,11564,11565,11564,2,-2
2020-06-08 15:42:00.743,11564,11565,11564,1,-1
2020-06-08 15:42:00.818,11564,11565,11563,1,-1
2020-06-08 15:42:06.482,11564,11565,11564,1,1
2020-06-08 15:42:06.524,11564,11565,11564,1,-1
2020-06-08 15:42:07.950,11563,11564,11564,1,1
2020-06-08 15:42:11.277,11563,11565,11565,2,2
2020-06-08 15:42:22.376,11563,11564,11563,12,-12
2020-06-08 15:42:23.017,11562,11563,11562,4,-4
2020-06-08 15:42:23.017,11562,11563,11561,16,-16
2020-06-08 15:42:23.264,11561,11563,11561,1,-1
2020-06-08 15:42:25.327,11561,11563,11563,5,5
2020-06-08 15:42:25.998,11562,11563,11562,1,-1
2020-06-08 15:42:36.511,11562,11563,11563,2,2
2020-06-08 15:42:38.130,11562,11564,11562,1,-1
2020-06-08 15:42:41.170,11562,11563,11563,1,1
2020-06-08 15:42:46.877,11563,11564,11563,1,-1
2020-06-08 15:42:46.877,11563,11564,11563,1,-1
2020-06-08 15:43:07.861,11562,11563,11563,1,1
2020-06-08 15:43:09.483,11562,11563,11563,1,1
2020-06-08 15:43:11.116,11562,11563,11563,2,2
2020-06-08 15:43:11.424,11563,11564,11563,1,-1
2020-06-08 15:43:12.436,11562,11563,11562,1,-1
2020-06-08 15:43:13.426,11562,11563,11562,1,-1
2020-06-08 15:43:14.580,11562,11563,11562,1,-1
2020-06-08 15:43:16.801,11562,11563,11562,5,-5
2020-06-08 15:43:17.656,11562,11563,11562,1,-1
2020-06-08 15:43:17.970,11562,11563,11562,2,-2
2020-06-08 15:43:20.782,11562,11563,11563,5,5
2020-06-08 15:43:26.861,11563,11564,11563,2,-2
2020-06-08 15:43:27.941,11562,11563,11563,2,2
2020-06-08 15:43:27.941,11562,11563,11563,1,1
2020-06-08 15:43:29.744,11563,11564,11563,1,-1
2020-06-08 15:43:31.821,11563,11564,11563,4,-4
2020-06-08 15:43:34.938,11563,11564,11564,1,1
2020-06-08 15:43:37.571,11563,11564,11564,3,3
2020-06-08 15:43:37.571,11563,11564,11564,1,1
2020-06-08 15:43:37.571,11563,11564,11564,1,1
2020-06-08 15:43:37.635,11564,11565,11565,4,4
2020-06-08 15:43:37.674,11564,11565,11565,1,1
2020-06-08 15:43:39.533,11564,11565,11564,1,-1
2020-06-08 15:43:44.099,11564,11565,11564,1,-1
2020-06-08 15:43:45.603,11564,11565,11564,1,-1
2020-06-08 15:43:45.678,11563,11564,11564,1,1
2020-06-08 15:43:48.846,11563,11564,11563,1,-1
2020-06-08 15:43:48.847,11563,11564,11563,2,-2
2020-06-08 15:43:48.847,11563,11564,11563,2,-2
2020-06-08 15:43:49.842,11562,11563,11563,5,5
2020-06-08 15:43:54.463,11562,11563,11563,1,1
2020-06-08 15:44:01.809,11562,11563,11563,5,5
2020-06-08 15:44:01.941,11562,11563,11562,1,-1
2020-06-08 15:44:01.941,11562,11563,11562,15,-15
2020-06-08 15:44:01.941,11562,11563,11562,3,-3
2020-06-08 15:44:04.946,11561,11562,11561,8,-8
2020-06-08 15:44:04.946,11561,11562,11560,2,-2
2020-06-08 15:44:10.395,11560,11561,11560,1,-1
2020-06-08 15:44:15.429,11560,11561,11560,1,-1
2020-06-08 15:44:17.561,11560,11561,11560,19,-19
2020-06-08 15:44:24.164,11560,11561,11560,1,-1
2020-06-08 15:44:26.534,11560,11561,11560,2,-2
2020-06-08 15:44:28.430,11560,11561,11560,1,-1
2020-06-08 15:44:28.972,11560,11561,11560,1,-1
2020-06-08 15:44:30.915,11560,11561,11560,1,-1
2020-06-08 15:44:31.327,11560,11561,11560,3,-3
2020-06-08 15:44:32.921,11559,11561,11559,2,-2
2020-06-08 15:44:35.437,11560,11561,11561,1,1
2020-06-08 15:44:35.437,11560,11561,11561,10,10
2020-06-08 15:44:35.764,11560,11562,11560,10,-10
2020-06-08 15:44:38.725,11560,11562,11560,1,-1
2020-06-08 15:44:42.099,11560,11562,11560,1,-1
2020-06-08 15:44:45.545,11559,11561,11559,2,-2
2020-06-08 15:44:50.592,11559,11561,11559,2,-2
2020-06-08 15:44:56.716,11559,11560,11559,2,-2
2020-06-08 15:44:58.696,11558,11559,11559,1,1
2020-06-08 15:44:58.938,11558,11560,11558,1,-1
2020-06-08 15:44:59.017,11558,11560,11558,5,-5
2020-06-08 15:45:04.428,11558,11559,11559,11,11
2020-06-08 15:45:14.130,11559,11560,11559,1,-1
2020-06-08 15:45:18.304,11559,11560,11559,1,-1
2020-06-08 15:45:21.579,11559,11560,11559,1,-1
2020-06-08 15:45:24.898,11559,11560,11559,3,-3
2020-06-08 15:45:24.898,11559,11560,11559,1,-1
2020-06-08 15:45:28.649,11558,11559,11558,1,-1
2020-06-08 15:45:28.660,11558,11559,11558,1,-1
2020-06-08 15:45:28.998,11558,11559,11558,1,-1
2020-06-08 15:45:33.625,11558,11559,11558,1,-1
2020-06-08 15:45:37.474,11558,11559,11558,2,-2
2020-06-08 15:45:39.530,11558,11559,11559,2,2
2020-06-08 15:45:39.530,11558,11559,11559,7,7
2020-06-08 15:45:40.092,11558,11560,11558,1,-1
2020-06-08 15:45:46.323,11558,11559,11558,1,-1
2020-06-08 15:45:47.852,11558,11559,11558,1,-1
2020-06-08 15:45:56.340,11558,11559,11558,1,-1
2020-06-08 15:45:56.340,11558,11559,11558,17,-17
2020-06-08 15:45:56.340,11558,11559,11558,3,-3
2020-06-08 15:46:02.262,11557,11558,11557,1,-1
2020-06-08 15:46:02.279,11557,11558,11557,2,-2
2020-06-08 15:46:02.301,11557,11558,11557,1,-1
2020-06-08 15:46:02.302,11557,11558,11557,2,-2
2020-06-08 15:46:07.655,11556,11557,11557,1,1
2020-06-08 15:46:08.766,11556,11557,11556,1,-1
2020-06-08 15:46:08.863,11556,11557,11557,1,1
2020-06-08 15:46:08.865,11556,11557,11557,4,4
2020-06-08 15:46:08.870,11556,11557,11557,1,1
2020-06-08 15:46:08.879,11556,11557,11557,1,1
2020-06-08 15:46:08.883,11556,11557,11558,1,1
2020-06-08 15:46:08.890,11556,11557,11558,1,1
2020-06-08 15:46:08.936,11556,11557,11558,1,1
2020-06-08 15:46:10.755,11557,11558,11557,1,-1
2020-06-08 15:46:13.414,11556,11557,11557,1,1
2020-06-08 15:46:16.258,11556,11557,11556,2,-2
2020-06-08 15:46:16.395,11556,11557,11556,1,-1
2020-06-08 15:46:17.893,11556,11557,11557,5,5
2020-06-08 15:46:24.665,11556,11557,11557,1,1
2020-06-08 15:46:27.047,11556,11557,11557,1,1
2020-06-08 15:46:38.156,11556,11557,11556,1,-1
2020-06-08 15:46:38.156,11556,11557,11556,3,-3
2020-06-08 15:46:38.157,11556,11557,11556,1,-1
2020-06-08 15:46:38.157,11556,11557,11556,3,-3
2020-06-08 15:46:56.048,11555,11556,11556,2,2
2020-06-08 15:46:57.848,11555,11556,11555,1,-1
2020-06-08 15:46:58.361,11555,11556,11556,1,1
2020-06-08 15:47:04.284,11555,11556,11555,15,-15
2020-06-08 15:47:06.547,11554,11555,11554,1,-1
2020-06-08 15:47:13.146,11554,11555,11554,2,-2
2020-06-08 15:47:15.213,11554,11555,11554,9,-9
2020-06-08 15:47:16.422,11554,11555,11554,1,-1
2020-06-08 15:47:18.279,11554,11555,11554,1,-1
2020-06-08 15:47:18.279,11554,11555,11554,1,-1
2020-06-08 15:47:18.411,11553,11555,11555,2,2
2020-06-08 15:47:22.305,11553,11554,11553,1,-1
2020-06-08 15:47:25.123,11553,11554,11554,1,1
2020-06-08 15:47:25.147,11553,11554,11554,2,2
2020-06-08 15:47:25.192,11553,11554,11554,1,1
2020-06-08 15:47:27.006,11554,11555,11554,1,-1
2020-06-08 15:47:28.186,11554,11555,11554,2,-2
