2020-11-30 15:00:00.002,13682,13683,13681,206
2020-11-30 15:00:00.004,13680,13681,13681,1
2020-11-30 15:00:00.032,13680,13681,13680,3
2020-11-30 15:00:00.038,13680,13681,13681,1
2020-11-30 15:00:00.070,13680,13681,13680,2
2020-11-30 15:00:00.075,13680,13681,13680,3
2020-11-30 15:00:00.075,13680,13681,13680,4
2020-11-30 15:00:00.077,13680,13681,13679,1
2020-11-30 15:00:00.079,13680,13681,13681,1
2020-11-30 15:00:00.093,13680,13681,13680,1
2020-11-30 15:00:00.104,13680,13681,13679,1
2020-11-30 15:00:00.118,13680,13681,13680,1
2020-11-30 15:00:00.150,13680,13681,13680,2
2020-11-30 15:00:00.154,13680,13681,13680,6
2020-11-30 15:00:00.154,13680,13681,13680,2
2020-11-30 15:00:00.187,13680,13681,13680,4
2020-11-30 15:00:00.187,13680,13681,13679,9
2020-11-30 15:00:00.227,13679,13681,13679,4
2020-11-30 15:00:00.227,13679,13681,13678,5
2020-11-30 15:00:00.243,13679,13681,13677,1
2020-11-30 15:00:00.247,13679,13681,13677,1
2020-11-30 15:00:00.248,13679,13681,13677,9
2020-11-30 15:00:00.257,13679,13681,13676,1
2020-11-30 15:00:00.257,13679,13681,13675,1
2020-11-30 15:00:00.281,13679,13681,13675,2
2020-11-30 15:00:00.293,13679,13681,13677,3
2020-11-30 15:00:00.293,13679,13681,13677,1
2020-11-30 15:00:00.294,13679,13681,13676,1
2020-11-30 15:00:00.301,13679,13681,13676,1
2020-11-30 15:00:00.301,13679,13681,13676,1
2020-11-30 15:00:00.301,13679,13681,13676,1
2020-11-30 15:00:00.301,13679,13681,13675,1
2020-11-30 15:00:00.304,13679,13681,13678,1
2020-11-30 15:00:00.305,13679,13681,13676,2
2020-11-30 15:00:00.305,13679,13681,13678,1
2020-11-30 15:00:00.307,13679,13681,13676,1
2020-11-30 15:00:00.307,13679,13681,13676,1
2020-11-30 15:00:00.313,13679,13681,13675,1
2020-11-30 15:00:00.323,13675,13677,13675,1
2020-11-30 15:00:00.323,13675,13677,13677,1
2020-11-30 15:00:00.323,13675,13677,13678,3
2020-11-30 15:00:00.327,13675,13677,13676,3
2020-11-30 15:00:00.328,13675,13677,13676,1
2020-11-30 15:00:00.329,13675,13677,13675,1
2020-11-30 15:00:00.347,13675,13677,13676,1
2020-11-30 15:00:00.351,13675,13677,13675,1
2020-11-30 15:00:00.358,13675,13677,13674,1
2020-11-30 15:00:00.364,13675,13677,13676,1
2020-11-30 15:00:00.370,13675,13677,13674,1
2020-11-30 15:00:00.373,13675,13677,13674,5
2020-11-30 15:00:00.374,13675,13677,13674,3
2020-11-30 15:00:00.379,13675,13677,13675,1
2020-11-30 15:00:00.381,13675,13677,13673,1
2020-11-30 15:00:00.386,13675,13677,13675,1
2020-11-30 15:00:00.386,13675,13677,13675,2
2020-11-30 15:00:00.386,13675,13677,13676,4
2020-11-30 15:00:00.390,13675,13677,13675,2
2020-11-30 15:00:00.390,13675,13677,13674,1
2020-11-30 15:00:00.399,13675,13677,13675,2
2020-11-30 15:00:00.399,13675,13677,13674,1
2020-11-30 15:00:00.410,13675,13677,13673,3
2020-11-30 15:00:00.410,13675,13677,13673,1
2020-11-30 15:00:00.410,13675,13677,13675,4
2020-11-30 15:00:00.413,13675,13677,13673,1
2020-11-30 15:00:00.426,13675,13677,13673,1
2020-11-30 15:00:00.427,13675,13677,13675,2
2020-11-30 15:00:00.444,13675,13677,13673,2
2020-11-30 15:00:00.445,13675,13677,13675,2
2020-11-30 15:00:00.452,13673,13675,13675,2
2020-11-30 15:00:00.457,13673,13675,13674,1
2020-11-30 15:00:00.459,13673,13675,13676,1
2020-11-30 15:00:00.466,13673,13675,13676,1
2020-11-30 15:00:00.466,13673,13675,13677,1
2020-11-30 15:00:00.473,13673,13675,13676,2
2020-11-30 15:00:00.478,13673,13675,13673,1
2020-11-30 15:00:00.492,13673,13675,13676,1
2020-11-30 15:00:00.492,13673,13675,13677,3
2020-11-30 15:00:00.496,13673,13675,13677,1
2020-11-30 15:00:00.508,13673,13675,13673,1
2020-11-30 15:00:00.508,13673,13675,13673,1
2020-11-30 15:00:00.508,13673,13675,13673,1
2020-11-30 15:00:00.509,13673,13675,13673,1
2020-11-30 15:00:00.509,13673,13675,13677,1
2020-11-30 15:00:00.530,13673,13675,13678,6
2020-11-30 15:00:00.545,13673,13675,13672,2
2020-11-30 15:00:00.559,13673,13675,13678,2
2020-11-30 15:00:00.559,13673,13675,13678,6
2020-11-30 15:00:00.573,13672,13678,13678,1
2020-11-30 15:00:00.577,13672,13678,13672,1
2020-11-30 15:00:00.585,13672,13678,13676,2
2020-11-30 15:00:00.597,13672,13678,13676,1
2020-11-30 15:00:00.599,13672,13678,13678,4
2020-11-30 15:00:00.602,13672,13678,13678,2
2020-11-30 15:00:00.607,13672,13678,13672,1
2020-11-30 15:00:00.621,13672,13678,13672,1
2020-11-30 15:00:00.633,13672,13678,13672,2
2020-11-30 15:00:00.634,13672,13678,13678,1
2020-11-30 15:00:00.634,13672,13678,13678,2
2020-11-30 15:00:00.636,13672,13678,13678,2
2020-11-30 15:00:00.638,13672,13678,13672,2
2020-11-30 15:00:00.647,13672,13678,13672,1
2020-11-30 15:00:00.663,13672,13678,13678,3
2020-11-30 15:00:00.663,13672,13678,13672,1
2020-11-30 15:00:00.672,13672,13678,13672,1
2020-11-30 15:00:00.677,13672,13678,13678,2
2020-11-30 15:00:00.682,13672,13678,13678,2
2020-11-30 15:00:00.699,13671,13678,13678,3
2020-11-30 15:00:00.702,13671,13678,13678,1
2020-11-30 15:00:00.713,13671,13678,13678,3
2020-11-30 15:00:00.746,13671,13678,13673,1
2020-11-30 15:00:00.746,13671,13678,13678,1
2020-11-30 15:00:00.767,13671,13678,13672,2
2020-11-30 15:00:00.776,13671,13678,13676,1
2020-11-30 15:00:00.776,13671,13678,13677,2
2020-11-30 15:00:00.776,13671,13678,13678,1
2020-11-30 15:00:00.784,13671,13678,13673,1
2020-11-30 15:00:00.786,13671,13678,13672,1
2020-11-30 15:00:00.788,13671,13678,13677,1
2020-11-30 15:00:00.799,13671,13678,13678,2
2020-11-30 15:00:00.807,13671,13678,13673,1
2020-11-30 15:00:00.807,13671,13678,13672,3
2020-11-30 15:00:00.812,13671,13678,13672,1
2020-11-30 15:00:00.821,13671,13678,13677,1
2020-11-30 15:00:00.821,13671,13678,13678,1
2020-11-30 15:00:00.850,13673,13678,13678,1
2020-11-30 15:00:00.865,13673,13678,13677,1
2020-11-30 15:00:00.865,13673,13678,13678,1
2020-11-30 15:00:00.870,13673,13678,13678,1
2020-11-30 15:00:00.876,13673,13678,13674,1
2020-11-30 15:00:00.918,13673,13678,13678,1
2020-11-30 15:00:00.948,13675,13677,13675,1
2020-11-30 15:00:00.948,13675,13677,13673,2
2020-11-30 15:00:00.948,13675,13677,13672,1
2020-11-30 15:00:00.962,13675,13677,13672,1
2020-11-30 15:00:00.971,13675,13677,13677,1
2020-11-30 15:00:01.003,13675,13677,13677,1
2020-11-30 15:00:01.003,13675,13677,13678,1
2020-11-30 15:00:01.005,13675,13677,13675,1
2020-11-30 15:00:01.025,13675,13677,13671,1
2020-11-30 15:00:01.030,13675,13677,13677,1
2020-11-30 15:00:01.030,13675,13677,13671,4
2020-11-30 15:00:01.036,13675,13677,13677,2
2020-11-30 15:00:01.043,13675,13677,13672,1
2020-11-30 15:00:01.089,13672,13677,13677,1
2020-11-30 15:00:01.110,13672,13677,13677,1
2020-11-30 15:00:01.141,13672,13677,13672,2
2020-11-30 15:00:01.146,13672,13677,13677,4
2020-11-30 15:00:01.208,13675,13678,13678,2
2020-11-30 15:00:01.251,13675,13678,13674,1
2020-11-30 15:00:01.256,13675,13678,13677,1
2020-11-30 15:00:01.257,13675,13678,13675,2
2020-11-30 15:00:01.274,13675,13678,13675,1
2020-11-30 15:00:01.308,13675,13678,13677,4
2020-11-30 15:00:01.308,13675,13678,13678,9
2020-11-30 15:00:01.314,13675,13678,13675,4
2020-11-30 15:00:01.321,13675,13678,13675,2
2020-11-30 15:00:01.343,13675,13677,13675,1
2020-11-30 15:00:01.385,13675,13677,13675,1
2020-11-30 15:00:01.388,13675,13677,13675,1
2020-11-30 15:00:01.408,13675,13677,13675,1
2020-11-30 15:00:01.408,13675,13677,13674,3
2020-11-30 15:00:01.409,13675,13677,13677,1
2020-11-30 15:00:01.409,13675,13677,13677,1
2020-11-30 15:00:01.409,13675,13677,13676,1
2020-11-30 15:00:01.409,13675,13677,13677,1
2020-11-30 15:00:01.422,13675,13677,13677,1
2020-11-30 15:00:01.422,13675,13677,13675,1
2020-11-30 15:00:01.423,13675,13677,13675,1
2020-11-30 15:00:01.423,13675,13677,13675,1
2020-11-30 15:00:01.427,13675,13677,13674,1
2020-11-30 15:00:01.443,13675,13677,13673,4
2020-11-30 15:00:01.443,13675,13677,13672,1
2020-11-30 15:00:01.443,13675,13677,13671,1
2020-11-30 15:00:01.447,13671,13677,13671,1
2020-11-30 15:00:01.477,13671,13677,13671,1
2020-11-30 15:00:01.492,13671,13677,13672,1
2020-11-30 15:00:01.496,13671,13677,13672,1
2020-11-30 15:00:01.499,13671,13677,13674,1
2020-11-30 15:00:01.509,13671,13677,13672,1
2020-11-30 15:00:01.509,13671,13677,13671,1
2020-11-30 15:00:01.524,13671,13677,13671,1
2020-11-30 15:00:01.600,13671,13674,13673,1
2020-11-30 15:00:01.642,13671,13674,13673,2
2020-11-30 15:00:01.661,13671,13674,13675,1
2020-11-30 15:00:01.683,13671,13674,13677,1
2020-11-30 15:00:01.714,13673,13677,13673,1
2020-11-30 15:00:01.732,13673,13677,13673,1
2020-11-30 15:00:01.744,13673,13677,13673,1
2020-11-30 15:00:01.758,13673,13677,13676,5
2020-11-30 15:00:01.780,13673,13677,13677,1
2020-11-30 15:00:01.864,13673,13677,13673,1
2020-11-30 15:00:01.864,13673,13677,13672,1
2020-11-30 15:00:01.875,13673,13677,13673,1
2020-11-30 15:00:01.887,13673,13677,13674,1
2020-11-30 15:00:01.887,13673,13677,13673,2
2020-11-30 15:00:01.888,13673,13677,13676,1
2020-11-30 15:00:01.888,13673,13677,13677,3
2020-11-30 15:00:01.888,13673,13677,13678,2
2020-11-30 15:00:01.894,13673,13677,13677,1
2020-11-30 15:00:01.914,13673,13677,13677,1
2020-11-30 15:00:01.938,13673,13677,13674,1
2020-11-30 15:00:01.979,13673,13677,13673,2
2020-11-30 15:00:01.982,13673,13677,13673,2
2020-11-30 15:00:01.982,13673,13677,13673,2
2020-11-30 15:00:01.982,13673,13677,13672,2
2020-11-30 15:00:01.982,13673,13677,13671,4
2020-11-30 15:00:01.982,13673,13677,13670,8
2020-11-30 15:00:01.986,13673,13677,13671,3
2020-11-30 15:00:01.991,13673,13677,13674,2
2020-11-30 15:00:02.056,13673,13677,13673,1
2020-11-30 15:00:02.092,13671,13674,13674,1
2020-11-30 15:00:02.092,13671,13674,13675,2
2020-11-30 15:00:02.117,13671,13674,13672,1
2020-11-30 15:00:02.143,13671,13674,13673,2
2020-11-30 15:00:02.143,13671,13674,13672,1
2020-11-30 15:00:02.166,13671,13674,13675,1
2020-11-30 15:00:02.229,13672,13675,13673,4
2020-11-30 15:00:02.306,13672,13675,13676,1
2020-11-30 15:00:02.323,13673,13677,13673,1
2020-11-30 15:00:02.347,13673,13677,13677,1
2020-11-30 15:00:02.421,13673,13677,13674,2
2020-11-30 15:00:02.421,13673,13677,13673,3
2020-11-30 15:00:02.444,13673,13677,13676,1
2020-11-30 15:00:02.450,13673,13677,13675,1
2020-11-30 15:00:02.464,13673,13677,13677,2
2020-11-30 15:00:02.465,13673,13677,13677,3
2020-11-30 15:00:02.465,13673,13677,13678,1
2020-11-30 15:00:02.469,13673,13677,13675,5
2020-11-30 15:00:02.548,13673,13677,13674,1
2020-11-30 15:00:02.554,13673,13677,13673,1
2020-11-30 15:00:02.567,13673,13677,13676,1
2020-11-30 15:00:02.567,13673,13677,13673,1
2020-11-30 15:00:02.587,13673,13677,13677,1
2020-11-30 15:00:02.604,13673,13677,13677,2
2020-11-30 15:00:02.612,13673,13677,13676,1
2020-11-30 15:00:02.655,13673,13677,13675,1
2020-11-30 15:00:02.669,13673,13677,13677,1
2020-11-30 15:00:02.673,13673,13677,13677,2
2020-11-30 15:00:02.675,13673,13677,13676,1
2020-11-30 15:00:02.713,13675,13677,13675,1
2020-11-30 15:00:02.715,13675,13677,13675,1
2020-11-30 15:00:02.725,13675,13677,13675,3
2020-11-30 15:00:02.751,13675,13677,13674,3
2020-11-30 15:00:02.765,13675,13677,13674,1
2020-11-30 15:00:02.777,13675,13677,13674,1
2020-11-30 15:00:02.777,13675,13677,13673,1
2020-11-30 15:00:02.778,13675,13677,13675,2
2020-11-30 15:00:02.834,13673,13676,13676,1
2020-11-30 15:00:02.862,13673,13676,13675,1
2020-11-30 15:00:02.864,13673,13676,13675,1
2020-11-30 15:00:02.874,13673,13676,13673,2
2020-11-30 15:00:02.920,13673,13676,13676,1
2020-11-30 15:00:03.063,13674,13676,13676,1
2020-11-30 15:00:03.102,13675,13676,13676,1
2020-11-30 15:00:03.155,13675,13676,13675,1
2020-11-30 15:00:03.193,13675,13676,13677,1
2020-11-30 15:00:03.219,13675,13677,13676,4
2020-11-30 15:00:03.219,13675,13677,13675,3
2020-11-30 15:00:03.219,13675,13677,13674,8
2020-11-30 15:00:03.301,13675,13677,13677,1
2020-11-30 15:00:03.318,13675,13677,13677,2
2020-11-30 15:00:03.347,13675,13677,13677,2
2020-11-30 15:00:03.347,13675,13677,13678,1
2020-11-30 15:00:03.411,13675,13677,13675,1
2020-11-30 15:00:03.448,13675,13677,13677,1
2020-11-30 15:00:03.493,13675,13677,13677,1
2020-11-30 15:00:03.663,13675,13677,13675,3
2020-11-30 15:00:03.684,13675,13677,13675,3
2020-11-30 15:00:03.780,13675,13677,13677,2
2020-11-30 15:00:03.782,13675,13677,13677,4
2020-11-30 15:00:03.794,13675,13677,13678,1
2020-11-30 15:00:03.825,13676,13678,13678,1
2020-11-30 15:00:03.840,13676,13678,13678,1
2020-11-30 15:00:03.889,13676,13678,13676,1
2020-11-30 15:00:03.985,13676,13678,13678,1
2020-11-30 15:00:04.003,13676,13678,13678,1
2020-11-30 15:00:04.008,13676,13678,13678,2
2020-11-30 15:00:04.010,13676,13678,13678,8
2020-11-30 15:00:04.013,13676,13678,13679,1
2020-11-30 15:00:04.020,13676,13678,13679,1
2020-11-30 15:00:04.046,13676,13678,13680,1
2020-11-30 15:00:04.048,13676,13678,13679,1
2020-11-30 15:00:04.143,13678,13680,13680,1
2020-11-30 15:00:04.150,13678,13680,13680,1
2020-11-30 15:00:04.150,13678,13680,13681,1
2020-11-30 15:00:04.153,13678,13680,13681,2
2020-11-30 15:00:04.237,13679,13681,13681,1
2020-11-30 15:00:04.474,13680,13681,13681,1
2020-11-30 15:00:04.507,13680,13681,13680,1
2020-11-30 15:00:04.526,13680,13681,13681,2
2020-11-30 15:00:04.536,13680,13681,13681,3
2020-11-30 15:00:04.541,13680,13681,13681,1
2020-11-30 15:00:04.573,13680,13681,13681,10
2020-11-30 15:00:04.677,13680,13681,13682,1
2020-11-30 15:00:04.841,13681,13682,13682,1
2020-11-30 15:00:04.842,13681,13682,13682,1
2020-11-30 15:00:04.868,13681,13682,13683,1
2020-11-30 15:00:04.898,13681,13682,13682,1
2020-11-30 15:00:04.913,13681,13682,13682,1
2020-11-30 15:00:04.919,13681,13682,13683,1
2020-11-30 15:00:04.928,13681,13682,13681,1
2020-11-30 15:00:04.960,13681,13683,13683,1
2020-11-30 15:00:04.985,13681,13683,13683,1
2020-11-30 15:00:05.021,13681,13683,13684,2
2020-11-30 15:00:05.058,13681,13683,13684,1
2020-11-30 15:00:05.073,13683,13684,13684,2
2020-11-30 15:00:05.082,13683,13684,13685,1
2020-11-30 15:00:05.176,13683,13684,13685,2
2020-11-30 15:00:05.221,13684,13685,13685,1
2020-11-30 15:00:05.323,13684,13685,13685,12
2020-11-30 15:00:05.355,13684,13685,13686,1
2020-11-30 15:00:05.359,13684,13685,13687,1
2020-11-30 15:00:05.450,13684,13687,13687,3
2020-11-30 15:00:05.480,13684,13687,13688,1
2020-11-30 15:00:05.534,13684,13687,13688,2
2020-11-30 15:00:05.557,13684,13687,13689,1
2020-11-30 15:00:05.588,13686,13689,13689,1
2020-11-30 15:00:05.598,13686,13689,13688,2
2020-11-30 15:00:05.598,13686,13689,13688,1
2020-11-30 15:00:05.598,13686,13689,13688,1
2020-11-30 15:00:05.598,13686,13689,13687,2
2020-11-30 15:00:05.648,13686,13689,13688,1
2020-11-30 15:00:05.674,13686,13689,13688,3
2020-11-30 15:00:05.904,13686,13688,13685,1
2020-11-30 15:00:05.904,13686,13688,13684,3
2020-11-30 15:00:06.073,13684,13685,13684,1
2020-11-30 15:00:06.148,13684,13685,13685,1
2020-11-30 15:00:06.338,13683,13685,13685,2
2020-11-30 15:00:06.523,13683,13685,13683,1
2020-11-30 15:00:06.532,13683,13685,13685,1
2020-11-30 15:00:06.665,13682,13685,13684,2
2020-11-30 15:00:06.688,13682,13685,13685,1
2020-11-30 15:00:07.016,13683,13685,13685,1
2020-11-30 15:00:07.018,13683,13685,13685,1
2020-11-30 15:00:07.023,13683,13685,13684,5
2020-11-30 15:00:07.075,13683,13685,13683,1
2020-11-30 15:00:07.075,13683,13685,13682,1
2020-11-30 15:00:07.075,13683,13685,13682,1
2020-11-30 15:00:07.076,13683,13685,13682,1
2020-11-30 15:00:07.076,13683,13685,13683,1
2020-11-30 15:00:07.076,13683,13685,13682,1
2020-11-30 15:00:07.077,13683,13685,13681,1
2020-11-30 15:00:07.077,13683,13685,13680,1
2020-11-30 15:00:07.078,13683,13685,13680,1
2020-11-30 15:00:07.078,13683,13685,13680,1
2020-11-30 15:00:07.079,13683,13685,13680,1
2020-11-30 15:00:07.079,13683,13685,13680,1
2020-11-30 15:00:07.079,13683,13685,13680,1
2020-11-30 15:00:07.080,13683,13685,13680,1
2020-11-30 15:00:07.080,13683,13685,13680,1
2020-11-30 15:00:07.081,13683,13685,13681,1
2020-11-30 15:00:07.120,13683,13685,13681,1
2020-11-30 15:00:07.121,13683,13685,13683,1
2020-11-30 15:00:07.198,13682,13684,13682,1
2020-11-30 15:00:07.234,13682,13684,13684,2
2020-11-30 15:00:07.234,13682,13684,13685,2
2020-11-30 15:00:07.241,13682,13684,13685,1
2020-11-30 15:00:07.314,13682,13684,13683,1
2020-11-30 15:00:07.323,13683,13685,13685,2
2020-11-30 15:00:07.332,13683,13685,13686,1
2020-11-30 15:00:07.370,13683,13685,13685,4
2020-11-30 15:00:07.448,13685,13686,13686,4
2020-11-30 15:00:07.573,13685,13687,13687,4
2020-11-30 15:00:07.592,13685,13687,13688,1
2020-11-30 15:00:07.594,13685,13687,13686,6
2020-11-30 15:00:07.774,13685,13687,13687,1
2020-11-30 15:00:08.043,13685,13687,13685,1
2020-11-30 15:00:08.123,13685,13687,13687,1
2020-11-30 15:00:08.198,13687,13688,13688,1
2020-11-30 15:00:08.242,13687,13688,13689,1
2020-11-30 15:00:08.269,13687,13688,13689,2
2020-11-30 15:00:08.292,13687,13688,13690,2
2020-11-30 15:00:08.339,13687,13690,13690,3
2020-11-30 15:00:08.384,13687,13690,13690,2
2020-11-30 15:00:08.395,13687,13690,13690,1
2020-11-30 15:00:08.432,13687,13690,13690,1
2020-11-30 15:00:08.448,13689,13690,13690,1
2020-11-30 15:00:08.606,13689,13691,13690,1
2020-11-30 15:00:08.621,13689,13691,13691,1
2020-11-30 15:00:08.652,13689,13691,13691,1
2020-11-30 15:00:08.713,13689,13691,13691,1
2020-11-30 15:00:08.716,13689,13691,13691,3
2020-11-30 15:00:08.762,13689,13691,13692,1
2020-11-30 15:00:08.771,13689,13691,13691,1
2020-11-30 15:00:08.809,13689,13691,13692,2
2020-11-30 15:00:08.854,13690,13692,13692,1
2020-11-30 15:00:08.891,13690,13692,13692,1
2020-11-30 15:00:08.925,13690,13692,13693,2
2020-11-30 15:00:08.974,13691,13693,13693,2
2020-11-30 15:00:09.012,13691,13693,13693,1
2020-11-30 15:00:09.012,13691,13693,13694,3
2020-11-30 15:00:09.137,13692,13694,13693,2
2020-11-30 15:00:09.152,13692,13694,13694,3
2020-11-30 15:00:09.221,13693,13694,13695,1
2020-11-30 15:00:09.237,13693,13694,13695,2
2020-11-30 15:00:09.248,13693,13694,13695,1
2020-11-30 15:00:09.297,13693,13694,13695,3
2020-11-30 15:00:09.318,13693,13694,13695,1
2020-11-30 15:00:09.418,13693,13695,13695,1
2020-11-30 15:00:09.418,13693,13695,13696,1
2020-11-30 15:00:09.451,13693,13696,13696,5
2020-11-30 15:00:09.527,13693,13696,13696,3
2020-11-30 15:00:09.578,13695,13696,13696,2
2020-11-30 15:00:09.620,13695,13696,13697,2
2020-11-30 15:00:09.622,13695,13696,13697,1
2020-11-30 15:00:09.622,13695,13696,13698,1
2020-11-30 15:00:09.718,13696,13698,13698,3
2020-11-30 15:00:09.748,13696,13698,13698,1
2020-11-30 15:00:09.765,13696,13698,13697,1
2020-11-30 15:00:09.779,13696,13698,13698,1
2020-11-30 15:00:09.791,13696,13698,13698,1
2020-11-30 15:00:09.823,13697,13699,13697,5
2020-11-30 15:00:09.838,13697,13699,13698,1
2020-11-30 15:00:09.842,13697,13699,13699,1
2020-11-30 15:00:09.896,13697,13699,13699,2
2020-11-30 15:00:09.897,13697,13699,13699,2
2020-11-30 15:00:09.898,13697,13699,13699,2
2020-11-30 15:00:09.916,13697,13699,13700,1
2020-11-30 15:00:09.947,13699,13700,13699,1
2020-11-30 15:00:10.110,13698,13700,13700,1
2020-11-30 15:00:10.212,13699,13700,13700,1
2020-11-30 15:00:10.238,13699,13700,13698,1
2020-11-30 15:00:10.239,13699,13700,13698,1
2020-11-30 15:00:10.280,13699,13700,13696,1
2020-11-30 15:00:10.280,13699,13700,13695,3
2020-11-30 15:00:10.281,13699,13700,13697,1
2020-11-30 15:00:10.284,13699,13700,13695,1
2020-11-30 15:00:10.309,13699,13700,13697,2
2020-11-30 15:00:10.318,13699,13700,13695,2
2020-11-30 15:00:10.318,13699,13700,13694,2
2020-11-30 15:00:10.362,13695,13697,13697,1
2020-11-30 15:00:10.382,13695,13697,13697,1
2020-11-30 15:00:10.382,13695,13697,13697,1
2020-11-30 15:00:10.409,13695,13697,13698,1
2020-11-30 15:00:10.448,13696,13698,13698,1
2020-11-30 15:00:10.472,13696,13698,13698,1
2020-11-30 15:00:10.477,13696,13698,13698,1
2020-11-30 15:00:10.477,13696,13698,13698,1
2020-11-30 15:00:10.482,13696,13698,13697,1
2020-11-30 15:00:10.503,13696,13698,13699,2
2020-11-30 15:00:10.595,13697,13699,13699,1
2020-11-30 15:00:10.630,13697,13699,13699,1
2020-11-30 15:00:10.674,13697,13699,13697,4
2020-11-30 15:00:10.697,13696,13699,13699,1
2020-11-30 15:00:10.727,13696,13699,13699,1
2020-11-30 15:00:10.740,13696,13699,13697,4
2020-11-30 15:00:10.743,13696,13699,13696,1
2020-11-30 15:00:10.899,13695,13698,13698,1
2020-11-30 15:00:10.909,13695,13698,13698,1
2020-11-30 15:00:10.964,13696,13698,13698,1
2020-11-30 15:00:11.045,13696,13698,13696,1
2020-11-30 15:00:11.063,13696,13698,13695,1
2020-11-30 15:00:11.076,13695,13697,13696,1
2020-11-30 15:00:11.081,13695,13697,13696,1
2020-11-30 15:00:11.090,13695,13697,13696,1
2020-11-30 15:00:11.104,13695,13697,13695,1
2020-11-30 15:00:11.167,13695,13697,13696,1
2020-11-30 15:00:11.198,13694,13696,13694,9
2020-11-30 15:00:11.242,13694,13696,13694,1
2020-11-30 15:00:11.262,13694,13696,13693,1
2020-11-30 15:00:11.275,13694,13696,13694,1
2020-11-30 15:00:11.319,13694,13696,13694,1
2020-11-30 15:00:11.323,13694,13696,13694,1
2020-11-30 15:00:11.387,13694,13696,13695,1
2020-11-30 15:00:11.387,13694,13696,13696,2
2020-11-30 15:00:11.448,13693,13695,13693,3
2020-11-30 15:00:11.582,13692,13694,13692,1
2020-11-30 15:00:11.670,13692,13694,13694,1
2020-11-30 15:00:11.865,13691,13692,13692,3
2020-11-30 15:00:12.120,13691,13693,13693,1
2020-11-30 15:00:12.121,13691,13693,13693,1
2020-11-30 15:00:12.205,13692,13693,13693,1
2020-11-30 15:00:12.205,13692,13693,13692,1
2020-11-30 15:00:12.367,13691,13692,13691,1
2020-11-30 15:00:12.522,13691,13692,13691,1
2020-11-30 15:00:12.576,13691,13692,13691,1
2020-11-30 15:00:12.607,13691,13692,13692,1
2020-11-30 15:00:12.626,13691,13692,13691,2
2020-11-30 15:00:12.688,13691,13692,13691,1
2020-11-30 15:00:12.723,13691,13694,13691,1
2020-11-30 15:00:12.738,13691,13694,13694,2
2020-11-30 15:00:12.780,13691,13694,13691,1
2020-11-30 15:00:12.920,13691,13694,13691,1
2020-11-30 15:00:13.011,13692,13694,13692,1
2020-11-30 15:00:13.045,13692,13694,13692,1
2020-11-30 15:00:13.239,13691,13693,13693,1
2020-11-30 15:00:13.291,13691,13693,13692,1
2020-11-30 15:00:13.453,13691,13693,13693,1
2020-11-30 15:00:13.667,13691,13694,13693,1
2020-11-30 15:00:13.743,13692,13694,13694,1
2020-11-30 15:00:13.947,13692,13694,13694,1
2020-11-30 15:00:13.988,13692,13694,13692,1
2020-11-30 15:00:14.114,13691,13694,13694,1
2020-11-30 15:00:14.250,13691,13694,13691,1
2020-11-30 15:00:14.295,13691,13694,13691,1
2020-11-30 15:00:14.321,13691,13694,13693,1
2020-11-30 15:00:14.584,13691,13693,13693,1
2020-11-30 15:00:14.697,13691,13693,13694,1
2020-11-30 15:00:14.699,13692,13694,13692,1
2020-11-30 15:00:14.870,13691,13694,13693,1
2020-11-30 15:00:15.216,13691,13693,13692,1
2020-11-30 15:00:15.558,13690,13692,13689,3
2020-11-30 15:00:15.913,13689,13691,13691,1
2020-11-30 15:00:15.913,13689,13691,13692,1
2020-11-30 15:00:16.007,13689,13692,13692,1
2020-11-30 15:00:16.296,13689,13692,13692,1
2020-11-30 15:00:17.338,13690,13692,13692,1
2020-11-30 15:00:17.449,13690,13691,13690,1
2020-11-30 15:00:17.450,13690,13691,13690,1
2020-11-30 15:00:17.584,13688,13690,13690,1
2020-11-30 15:00:17.755,13689,13691,13690,1
2020-11-30 15:00:17.985,13689,13691,13689,1
2020-11-30 15:00:17.993,13689,13691,13691,1
2020-11-30 15:00:18.025,13689,13691,13691,1
2020-11-30 15:00:18.054,13689,13691,13689,1
2020-11-30 15:00:18.145,13689,13691,13691,1
2020-11-30 15:00:18.230,13690,13691,13691,1
2020-11-30 15:00:18.297,13690,13691,13691,1
2020-11-30 15:00:18.413,13690,13692,13690,2
2020-11-30 15:00:18.516,13689,13692,13692,1
2020-11-30 15:00:18.721,13690,13691,13691,1
2020-11-30 15:00:19.098,13691,13692,13692,1
2020-11-30 15:00:19.217,13691,13692,13692,1
2020-11-30 15:00:19.218,13691,13692,13692,1
2020-11-30 15:00:19.384,13691,13693,13693,1
2020-11-30 15:00:19.548,13691,13693,13693,1
2020-11-30 15:00:20.365,13692,13693,13692,1
2020-11-30 15:00:20.604,13692,13693,13693,1
2020-11-30 15:00:20.615,13692,13693,13692,1
2020-11-30 15:00:20.720,13692,13693,13693,1
2020-11-30 15:00:20.864,13692,13693,13693,1
2020-11-30 15:00:20.985,13692,13693,13693,1
2020-11-30 15:00:21.195,13692,13693,13692,1
2020-11-30 15:00:21.230,13692,13693,13693,1
2020-11-30 15:00:21.238,13692,13693,13693,1
2020-11-30 15:00:21.310,13692,13693,13693,1
2020-11-30 15:00:21.430,13692,13693,13693,1
2020-11-30 15:00:21.466,13692,13693,13693,1
2020-11-30 15:00:21.631,13692,13693,13692,1
2020-11-30 15:00:21.635,13692,13693,13693,1
2020-11-30 15:00:21.896,13691,13693,13693,1
2020-11-30 15:00:21.965,13691,13694,13694,1
2020-11-30 15:00:22.128,13691,13694,13694,1
2020-11-30 15:00:22.153,13691,13694,13692,1
2020-11-30 15:00:22.294,13691,13692,13692,1
2020-11-30 15:00:22.933,13691,13693,13691,2
2020-11-30 15:00:23.050,13691,13693,13691,1
2020-11-30 15:00:23.076,13691,13693,13691,1
2020-11-30 15:00:23.100,13691,13693,13690,1
2020-11-30 15:00:23.491,13692,13693,13692,1
2020-11-30 15:00:23.764,13690,13691,13690,2
2020-11-30 15:00:23.879,13690,13691,13690,2
2020-11-30 15:00:23.880,13690,13691,13690,2
2020-11-30 15:00:24.245,13689,13691,13691,1
2020-11-30 15:00:24.890,13689,13690,13690,1
2020-11-30 15:00:24.890,13689,13690,13691,1
2020-11-30 15:00:24.901,13689,13690,13691,1
2020-11-30 15:00:24.981,13689,13691,13689,1
2020-11-30 15:00:25.373,13689,13691,13689,5
2020-11-30 15:00:25.850,13688,13690,13690,1
2020-11-30 15:00:25.968,13688,13690,13690,1
2020-11-30 15:00:26.041,13688,13690,13689,1
2020-11-30 15:00:26.084,13688,13690,13690,1
2020-11-30 15:00:26.154,13688,13690,13690,2
2020-11-30 15:00:26.308,13689,13691,13691,2
2020-11-30 15:00:26.368,13689,13691,13691,5
2020-11-30 15:00:26.368,13689,13691,13692,1
2020-11-30 15:00:26.526,13691,13692,13691,1
2020-11-30 15:00:26.583,13691,13692,13691,1
2020-11-30 15:00:26.583,13691,13692,13691,1
2020-11-30 15:00:26.652,13691,13692,13691,1
2020-11-30 15:00:26.847,13689,13691,13689,1
2020-11-30 15:00:27.046,13689,13691,13689,1
2020-11-30 15:00:27.260,13689,13691,13691,1
2020-11-30 15:00:27.695,13689,13691,13691,1
2020-11-30 15:00:27.896,13689,13691,13691,1
2020-11-30 15:00:28.060,13689,13691,13691,1
2020-11-30 15:00:28.265,13689,13691,13691,1
2020-11-30 15:00:28.508,13689,13691,13690,1
2020-11-30 15:00:28.704,13690,13691,13690,1
2020-11-30 15:00:28.704,13690,13691,13689,3
2020-11-30 15:00:28.704,13690,13691,13688,1
2020-11-30 15:00:29.884,13689,13691,13689,1
2020-11-30 15:00:30.274,13689,13691,13691,1
2020-11-30 15:00:30.683,13689,13691,13689,1
2020-11-30 15:00:30.892,13689,13691,13689,3
2020-11-30 15:00:30.892,13689,13691,13688,12
2020-11-30 15:00:31.334,13688,13690,13690,1
2020-11-30 15:00:32.365,13688,13690,13690,1
2020-11-30 15:00:32.552,13688,13691,13690,1
2020-11-30 15:00:32.646,13689,13691,13691,1
2020-11-30 15:00:32.899,13689,13691,13691,1
2020-11-30 15:00:33.071,13689,13691,13691,1
2020-11-30 15:00:33.165,13689,13691,13689,1
2020-11-30 15:00:33.304,13689,13691,13691,1
2020-11-30 15:00:33.338,13689,13691,13691,1
2020-11-30 15:00:33.521,13689,13691,13691,1
2020-11-30 15:00:33.901,13690,13691,13691,1
2020-11-30 15:00:34.109,13690,13691,13691,1
2020-11-30 15:00:34.321,13690,13691,13691,1
2020-11-30 15:00:35.157,13690,13691,13690,1
2020-11-30 15:00:35.375,13689,13691,13689,1
2020-11-30 15:00:36.010,13689,13691,13691,1
2020-11-30 15:00:36.216,13689,13691,13691,1
2020-11-30 15:00:36.319,13689,13691,13691,1
2020-11-30 15:00:36.418,13689,13691,13691,1
2020-11-30 15:00:36.628,13689,13692,13690,5
2020-11-30 15:00:37.081,13689,13692,13689,1
2020-11-30 15:00:37.453,13689,13691,13689,1
2020-11-30 15:00:38.135,13690,13692,13691,3
2020-11-30 15:00:38.698,13691,13692,13692,18
2020-11-30 15:00:38.783,13691,13692,13691,1
2020-11-30 15:00:39.006,13691,13693,13691,1
2020-11-30 15:00:39.320,13691,13693,13693,1
2020-11-30 15:00:39.510,13691,13693,13693,1
2020-11-30 15:00:39.572,13691,13693,13693,2
2020-11-30 15:00:39.666,13691,13693,13692,1
2020-11-30 15:00:39.701,13691,13693,13693,1
2020-11-30 15:00:39.870,13691,13693,13693,1
2020-11-30 15:00:40.042,13691,13693,13693,1
2020-11-30 15:00:40.181,13691,13693,13691,1
2020-11-30 15:00:40.246,13691,13693,13691,1
2020-11-30 15:00:40.259,13691,13693,13693,1
2020-11-30 15:00:40.305,13691,13693,13691,2
2020-11-30 15:00:41.015,13691,13693,13691,2
2020-11-30 15:00:41.016,13691,13693,13691,1
2020-11-30 15:00:41.016,13691,13693,13691,7
2020-11-30 15:00:41.426,13691,13693,13693,1
2020-11-30 15:00:42.318,13690,13692,13692,1
2020-11-30 15:00:42.319,13690,13692,13692,1
2020-11-30 15:00:42.822,13692,13693,13693,2
2020-11-30 15:00:43.484,13693,13694,13694,1
2020-11-30 15:00:43.523,13693,13694,13693,3
2020-11-30 15:00:43.523,13693,13694,13693,1
2020-11-30 15:00:43.523,13693,13694,13693,1
2020-11-30 15:00:43.846,13693,13694,13693,1
2020-11-30 15:00:43.850,13693,13694,13692,2
2020-11-30 15:00:44.455,13692,13693,13693,1
2020-11-30 15:00:45.319,13692,13693,13693,1
2020-11-30 15:00:45.390,13692,13693,13692,2
2020-11-30 15:00:45.994,13692,13693,13692,1
2020-11-30 15:00:46.048,13692,13693,13692,1
2020-11-30 15:00:46.050,13692,13693,13692,1
2020-11-30 15:00:46.476,13691,13692,13692,1
2020-11-30 15:00:46.489,13691,13692,13692,1
2020-11-30 15:00:47.258,13691,13692,13692,1
2020-11-30 15:00:47.594,13691,13693,13691,10
2020-11-30 15:00:48.316,13691,13693,13693,1
2020-11-30 15:00:48.823,13692,13693,13693,8
2020-11-30 15:00:48.823,13692,13693,13693,1
2020-11-30 15:00:48.823,13692,13693,13693,1
2020-11-30 15:00:48.823,13692,13693,13693,1
2020-11-30 15:00:48.823,13692,13693,13693,1
2020-11-30 15:00:48.823,13692,13693,13693,2
2020-11-30 15:00:48.831,13692,13693,13693,4
2020-11-30 15:00:48.831,13692,13693,13692,6
2020-11-30 15:00:49.202,13693,13694,13694,5
2020-11-30 15:00:49.841,13694,13695,13694,1
2020-11-30 15:00:50.285,13693,13695,13693,4
2020-11-30 15:00:50.477,13692,13694,13694,1
2020-11-30 15:00:51.316,13692,13694,13694,1
2020-11-30 15:00:51.318,13692,13694,13692,2
2020-11-30 15:00:51.689,13692,13694,13694,2
2020-11-30 15:00:52.231,13692,13694,13692,1
2020-11-30 15:00:53.839,13692,13694,13692,2
2020-11-30 15:00:53.895,13692,13694,13694,1
2020-11-30 15:00:54.317,13692,13693,13693,1
2020-11-30 15:00:54.697,13692,13693,13692,30
2020-11-30 15:00:54.698,13692,13693,13692,1
2020-11-30 15:00:54.698,13692,13693,13692,1
2020-11-30 15:00:54.698,13692,13693,13692,1
2020-11-30 15:00:54.698,13692,13693,13692,1
2020-11-30 15:00:54.698,13692,13693,13692,44
2020-11-30 15:00:54.781,13692,13693,13692,2
2020-11-30 15:00:55.437,13691,13692,13693,1
2020-11-30 15:00:55.721,13692,13693,13692,1
2020-11-30 15:00:57.329,13691,13693,13693,1
2020-11-30 15:00:57.578,13691,13692,13692,2
2020-11-30 15:00:57.894,13691,13693,13693,1
2020-11-30 15:00:57.985,13692,13693,13692,1
2020-11-30 15:00:58.185,13691,13693,13691,1
2020-11-30 15:00:58.610,13691,13693,13691,1
2020-11-30 15:00:58.639,13691,13693,13691,5
2020-11-30 15:00:58.718,13691,13693,13691,4
2020-11-30 15:00:58.910,13690,13692,13690,1
2020-11-30 15:00:59.631,13691,13692,13691,1
2020-11-30 15:00:59.631,13691,13692,13691,1
2020-11-30 15:00:59.881,13690,13692,13690,2
2020-11-30 15:01:00.018,13690,13692,13690,1
2020-11-30 15:01:00.027,13690,13692,13690,1
2020-11-30 15:01:00.040,13690,13692,13690,1
2020-11-30 15:01:00.080,13690,13692,13690,2
2020-11-30 15:01:00.081,13690,13692,13690,1
2020-11-30 15:01:00.087,13690,13692,13690,1
2020-11-30 15:01:00.088,13690,13692,13690,1
2020-11-30 15:01:00.102,13690,13692,13690,1
2020-11-30 15:01:00.102,13690,13692,13691,1
2020-11-30 15:01:00.112,13690,13692,13690,1
2020-11-30 15:01:00.247,13690,13692,13692,1
2020-11-30 15:01:00.344,13690,13691,13691,1
2020-11-30 15:01:00.509,13691,13692,13692,1
2020-11-30 15:01:00.594,13691,13692,13691,1
2020-11-30 15:01:00.594,13691,13692,13690,1
2020-11-30 15:01:00.618,13691,13692,13690,2
2020-11-30 15:01:00.619,13691,13692,13690,1
2020-11-30 15:01:00.621,13691,13692,13690,3
2020-11-30 15:01:00.626,13691,13692,13690,1
2020-11-30 15:01:00.630,13691,13692,13690,1
2020-11-30 15:01:00.632,13691,13692,13689,1
2020-11-30 15:01:00.633,13691,13692,13689,2
2020-11-30 15:01:00.638,13691,13692,13689,1
2020-11-30 15:01:00.648,13691,13692,13689,1
2020-11-30 15:01:01.014,13689,13691,13691,1
2020-11-30 15:01:01.074,13689,13691,13689,1
2020-11-30 15:01:01.486,13688,13690,13688,1
2020-11-30 15:01:01.502,13688,13690,13690,1
2020-11-30 15:01:01.856,13688,13690,13690,1
2020-11-30 15:01:01.991,13688,13690,13688,1
2020-11-30 15:01:02.184,13688,13690,13690,1
2020-11-30 15:01:02.187,13688,13690,13689,1
2020-11-30 15:01:02.198,13689,13691,13689,1
2020-11-30 15:01:03.359,13690,13692,13692,1
2020-11-30 15:01:05.125,13690,13692,13690,1
2020-11-30 15:01:06.360,13690,13692,13692,1
2020-11-30 15:01:08.673,13692,13693,13692,5
2020-11-30 15:01:08.699,13691,13692,13691,1
2020-11-30 15:01:08.699,13691,13692,13691,1
2020-11-30 15:01:08.832,13691,13692,13691,2
2020-11-30 15:01:08.883,13691,13692,13690,1
2020-11-30 15:01:09.124,13690,13692,13690,1
2020-11-30 15:01:09.304,13690,13692,13690,1
2020-11-30 15:01:09.358,13690,13692,13692,1
2020-11-30 15:01:11.461,13690,13692,13692,3
2020-11-30 15:01:12.082,13691,13692,13691,5
2020-11-30 15:01:12.122,13691,13692,13692,1
2020-11-30 15:01:12.356,13691,13692,13692,1
2020-11-30 15:01:12.744,13691,13692,13692,1
2020-11-30 15:01:13.095,13691,13692,13692,1
2020-11-30 15:01:13.272,13691,13692,13692,1
2020-11-30 15:01:13.759,13691,13692,13691,2
2020-11-30 15:01:13.759,13691,13692,13690,3
2020-11-30 15:01:15.356,13690,13692,13692,1
2020-11-30 15:01:16.513,13690,13691,13690,1
2020-11-30 15:01:16.662,13690,13691,13690,1
2020-11-30 15:01:16.888,13690,13691,13690,1
2020-11-30 15:01:16.889,13690,13691,13689,5
2020-11-30 15:01:17.031,13689,13690,13690,2
2020-11-30 15:01:17.074,13689,13691,13689,1
2020-11-30 15:01:18.140,13689,13691,13689,5
2020-11-30 15:01:18.141,13689,13691,13689,1
2020-11-30 15:01:18.141,13689,13691,13689,1
2020-11-30 15:01:18.141,13689,13691,13689,3
2020-11-30 15:01:18.355,13689,13691,13691,1
2020-11-30 15:01:19.031,13688,13690,13690,1
2020-11-30 15:01:19.031,13688,13690,13691,2
2020-11-30 15:01:19.073,13689,13691,13691,1
2020-11-30 15:01:19.226,13689,13690,13690,1
2020-11-30 15:01:19.284,13689,13690,13690,1
2020-11-30 15:01:19.396,13689,13690,13690,1
2020-11-30 15:01:19.544,13689,13690,13690,1
2020-11-30 15:01:20.427,13689,13691,13691,1
2020-11-30 15:01:20.956,13689,13690,13690,1
2020-11-30 15:01:20.959,13689,13690,13690,1
2020-11-30 15:01:21.071,13689,13690,13691,1
2020-11-30 15:01:21.199,13689,13690,13689,1
2020-11-30 15:01:21.354,13689,13690,13690,1
2020-11-30 15:01:21.391,13689,13690,13690,1
2020-11-30 15:01:21.599,13689,13690,13689,1
2020-11-30 15:01:22.579,13689,13690,13689,1
2020-11-30 15:01:22.579,13689,13690,13689,1
2020-11-30 15:01:22.579,13689,13690,13689,1
2020-11-30 15:01:22.579,13689,13690,13689,1
2020-11-30 15:01:22.814,13688,13689,13688,2
2020-11-30 15:01:22.814,13688,13689,13688,10
2020-11-30 15:01:22.841,13687,13689,13687,1
2020-11-30 15:01:22.925,13687,13689,13687,1
2020-11-30 15:01:23.032,13687,13688,13687,1
2020-11-30 15:01:23.408,13687,13688,13688,2
2020-11-30 15:01:24.071,13687,13688,13687,5
2020-11-30 15:01:24.072,13687,13688,13687,7
2020-11-30 15:01:24.072,13687,13688,13687,9
2020-11-30 15:01:24.354,13686,13687,13687,1
2020-11-30 15:01:24.488,13686,13687,13686,2
2020-11-30 15:01:24.488,13686,13687,13685,7
2020-11-30 15:01:24.488,13686,13687,13684,11
2020-11-30 15:01:24.489,13686,13687,13684,1
2020-11-30 15:01:24.489,13686,13687,13684,1
2020-11-30 15:01:24.489,13686,13687,13684,8
2020-11-30 15:01:25.271,13684,13685,13685,1
2020-11-30 15:01:25.417,13684,13686,13684,1
2020-11-30 15:01:25.729,13684,13686,13684,2
2020-11-30 15:01:26.121,13684,13685,13685,1
2020-11-30 15:01:26.200,13683,13685,13685,1
2020-11-30 15:01:26.628,13683,13685,13683,1
2020-11-30 15:01:26.849,13683,13685,13685,1
2020-11-30 15:01:27.353,13683,13685,13685,1
2020-11-30 15:01:27.460,13684,13685,13685,1
2020-11-30 15:01:27.998,13684,13686,13684,1
2020-11-30 15:01:28.090,13684,13686,13684,2
2020-11-30 15:01:29.582,13683,13684,13684,1
2020-11-30 15:01:29.593,13683,13684,13684,3
2020-11-30 15:01:29.909,13683,13684,13683,1
2020-11-30 15:01:29.997,13683,13684,13683,1
2020-11-30 15:01:30.135,13683,13684,13684,2
2020-11-30 15:01:30.307,13683,13684,13684,6
2020-11-30 15:01:30.369,13684,13685,13685,1
2020-11-30 15:01:30.903,13684,13685,13685,2
2020-11-30 15:01:30.930,13684,13685,13684,2
2020-11-30 15:01:30.934,13684,13685,13686,2
2020-11-30 15:01:32.080,13684,13686,13684,1
2020-11-30 15:01:32.254,13685,13686,13686,1
2020-11-30 15:01:32.432,13685,13686,13685,1
2020-11-30 15:01:33.111,13685,13686,13686,1
2020-11-30 15:01:33.386,13685,13686,13686,1
2020-11-30 15:01:33.906,13685,13686,13685,5
2020-11-30 15:01:34.730,13684,13685,13685,11
2020-11-30 15:01:35.157,13685,13686,13685,3
2020-11-30 15:01:35.963,13685,13686,13685,2
2020-11-30 15:01:36.367,13685,13686,13686,1
2020-11-30 15:01:36.400,13685,13686,13686,1
2020-11-30 15:01:36.431,13685,13686,13686,3
2020-11-30 15:01:36.587,13686,13687,13687,3
2020-11-30 15:01:36.845,13687,13689,13687,1
2020-11-30 15:01:39.297,13688,13689,13688,1
2020-11-30 15:01:39.324,13688,13689,13688,1
2020-11-30 15:01:39.324,13688,13689,13688,1
2020-11-30 15:01:39.325,13688,13689,13687,1
2020-11-30 15:01:39.325,13688,13689,13687,1
2020-11-30 15:01:39.325,13688,13689,13687,1
2020-11-30 15:01:39.325,13688,13689,13687,1
2020-11-30 15:01:39.415,13688,13689,13689,1
2020-11-30 15:01:39.504,13687,13689,13689,1
2020-11-30 15:01:40.790,13688,13689,13688,1
2020-11-30 15:01:41.666,13687,13689,13687,1
2020-11-30 15:01:42.412,13688,13689,13689,1
2020-11-30 15:01:43.102,13688,13689,13688,1
2020-11-30 15:01:43.214,13688,13689,13688,1
2020-11-30 15:01:43.333,13687,13689,13689,3
2020-11-30 15:01:43.536,13689,13690,13689,1
2020-11-30 15:01:43.724,13689,13690,13690,1
2020-11-30 15:01:44.050,13689,13690,13689,6
2020-11-30 15:01:44.050,13689,13690,13689,1
2020-11-30 15:01:44.277,13687,13689,13689,1
2020-11-30 15:01:44.339,13687,13689,13687,1
2020-11-30 15:01:44.998,13687,13689,13687,4
2020-11-30 15:01:45.411,13687,13688,13688,1
2020-11-30 15:01:45.483,13687,13688,13688,1
2020-11-30 15:01:45.873,13687,13688,13688,1
2020-11-30 15:01:46.310,13687,13689,13689,5
2020-11-30 15:01:48.410,13688,13690,13690,1
2020-11-30 15:01:49.527,13688,13690,13688,1
2020-11-30 15:01:49.638,13688,13690,13690,9
2020-11-30 15:01:49.924,13689,13691,13689,6
2020-11-30 15:01:49.924,13689,13691,13689,3
2020-11-30 15:01:49.924,13689,13691,13689,1
2020-11-30 15:01:50.356,13688,13690,13688,1
2020-11-30 15:01:51.071,13688,13690,13690,1
2020-11-30 15:01:51.410,13690,13691,13691,1
2020-11-30 15:01:52.043,13690,13691,13690,1
2020-11-30 15:01:52.078,13690,13691,13691,5
2020-11-30 15:01:52.276,13690,13691,13690,1
2020-11-30 15:01:52.738,13689,13691,13691,1
2020-11-30 15:01:52.889,13689,13691,13691,5
2020-11-30 15:01:54.410,13690,13691,13691,1
2020-11-30 15:01:55.609,13690,13691,13690,1
2020-11-30 15:01:56.232,13690,13691,13691,1
2020-11-30 15:01:56.232,13690,13691,13692,2
2020-11-30 15:01:56.628,13691,13692,13691,1
2020-11-30 15:01:56.895,13691,13692,13691,1
2020-11-30 15:01:57.032,13691,13692,13691,4
2020-11-30 15:01:57.032,13691,13692,13690,4
2020-11-30 15:01:57.321,13689,13691,13691,1
2020-11-30 15:01:57.321,13689,13691,13692,3
2020-11-30 15:01:57.408,13689,13691,13691,1
2020-11-30 15:01:58.413,13690,13691,13691,1
2020-11-30 15:01:58.764,13691,13692,13691,4
2020-11-30 15:01:58.764,13691,13692,13690,1
2020-11-30 15:01:59.893,13691,13692,13691,3
2020-11-30 15:02:00.143,13690,13692,13691,1
2020-11-30 15:02:00.408,13691,13692,13692,1
2020-11-30 15:02:00.900,13691,13692,13692,5
2020-11-30 15:02:00.901,13691,13692,13692,1
2020-11-30 15:02:00.911,13691,13692,13691,1
2020-11-30 15:02:01.756,13691,13693,13691,4
2020-11-30 15:02:01.757,13691,13693,13691,6
2020-11-30 15:02:02.698,13692,13693,13693,6
2020-11-30 15:02:02.928,13692,13694,13694,1
2020-11-30 15:02:03.124,13692,13694,13694,1
2020-11-30 15:02:03.408,13693,13694,13694,1
2020-11-30 15:02:05.356,13693,13694,13694,2
2020-11-30 15:02:05.374,13693,13694,13694,14
2020-11-30 15:02:05.698,13694,13695,13695,19
2020-11-30 15:02:06.175,13694,13696,13694,1
2020-11-30 15:02:06.323,13695,13696,13696,5
2020-11-30 15:02:06.422,13695,13696,13696,1
2020-11-30 15:02:06.422,13695,13696,13696,7
2020-11-30 15:02:06.886,13696,13697,13696,1
2020-11-30 15:02:07.147,13696,13697,13697,3
2020-11-30 15:02:07.300,13696,13697,13696,1
2020-11-30 15:02:07.712,13695,13696,13696,1
2020-11-30 15:02:08.108,13695,13696,13695,1
2020-11-30 15:02:08.131,13695,13696,13696,2
2020-11-30 15:02:08.579,13695,13696,13696,1
2020-11-30 15:02:09.044,13695,13696,13695,1
2020-11-30 15:02:09.131,13694,13696,13696,1
2020-11-30 15:02:09.437,13694,13696,13696,1
2020-11-30 15:02:09.570,13694,13696,13696,1
2020-11-30 15:02:10.073,13694,13695,13694,2
2020-11-30 15:02:10.759,13693,13695,13695,1
2020-11-30 15:02:10.886,13693,13695,13695,1
2020-11-30 15:02:11.749,13694,13695,13695,1
2020-11-30 15:02:11.800,13694,13695,13695,2
2020-11-30 15:02:11.936,13694,13695,13694,1
2020-11-30 15:02:12.503,13693,13695,13695,1
2020-11-30 15:02:12.910,13694,13695,13694,1
2020-11-30 15:02:13.689,13694,13695,13695,1
2020-11-30 15:02:15.049,13694,13695,13695,6
2020-11-30 15:02:15.514,13694,13696,13696,1
2020-11-30 15:02:15.866,13695,13696,13696,1
2020-11-30 15:02:15.980,13695,13696,13696,5
2020-11-30 15:02:15.981,13695,13696,13696,2
2020-11-30 15:02:15.981,13695,13696,13696,2
2020-11-30 15:02:16.038,13695,13696,13697,2
2020-11-30 15:02:17.836,13696,13697,13696,1
2020-11-30 15:02:17.951,13695,13697,13695,1
2020-11-30 15:02:18.272,13695,13697,13695,1
2020-11-30 15:02:18.528,13694,13696,13696,1
2020-11-30 15:02:18.868,13694,13696,13696,1
2020-11-30 15:02:19.309,13694,13696,13696,1
2020-11-30 15:02:19.644,13695,13696,13695,1
2020-11-30 15:02:21.422,13695,13696,13696,1
2020-11-30 15:02:21.543,13695,13696,13696,1
2020-11-30 15:02:21.824,13695,13696,13696,1
2020-11-30 15:02:22.060,13695,13696,13695,1
2020-11-30 15:02:22.435,13695,13696,13696,1
2020-11-30 15:02:22.435,13695,13696,13697,2
2020-11-30 15:02:24.075,13695,13696,13696,1
2020-11-30 15:02:24.206,13695,13696,13696,1
2020-11-30 15:02:24.558,13695,13696,13696,1
2020-11-30 15:02:25.079,13696,13697,13697,1
2020-11-30 15:02:25.663,13696,13697,13697,14
2020-11-30 15:02:25.792,13696,13697,13697,1
2020-11-30 15:02:27.151,13696,13697,13697,4
2020-11-30 15:02:27.197,13696,13697,13697,2
2020-11-30 15:02:27.198,13696,13697,13697,3
2020-11-30 15:02:27.292,13696,13697,13697,4
2020-11-30 15:02:27.557,13696,13697,13697,1
2020-11-30 15:02:29.212,13696,13697,13697,1
2020-11-30 15:02:29.381,13696,13697,13697,2
2020-11-30 15:02:30.213,13696,13697,13696,1
2020-11-30 15:02:30.437,13696,13697,13697,1
2020-11-30 15:02:30.444,13696,13697,13697,1
2020-11-30 15:02:30.574,13696,13697,13697,1
2020-11-30 15:02:30.574,13696,13697,13697,4
2020-11-30 15:02:30.979,13696,13698,13698,4
2020-11-30 15:02:31.078,13697,13698,13698,5
2020-11-30 15:02:31.078,13697,13698,13698,15
2020-11-30 15:02:31.275,13697,13699,13697,1
2020-11-30 15:02:32.355,13697,13699,13698,1
2020-11-30 15:02:33.588,13698,13699,13699,1
2020-11-30 15:02:33.708,13698,13699,13698,2
2020-11-30 15:02:33.858,13697,13698,13697,1
2020-11-30 15:02:33.998,13697,13698,13698,1
2020-11-30 15:02:34.099,13697,13698,13697,1
2020-11-30 15:02:34.476,13696,13698,13698,1
2020-11-30 15:02:35.020,13696,13698,13698,1
2020-11-30 15:02:35.109,13696,13698,13698,4
2020-11-30 15:02:35.288,13696,13698,13698,1
2020-11-30 15:02:35.385,13698,13699,13699,1
2020-11-30 15:02:35.451,13698,13699,13699,1
2020-11-30 15:02:35.451,13698,13699,13699,7
2020-11-30 15:02:35.624,13697,13699,13699,1
2020-11-30 15:02:35.715,13697,13699,13697,5
2020-11-30 15:02:36.357,13697,13699,13697,1
2020-11-30 15:02:36.602,13698,13699,13699,1
2020-11-30 15:02:38.406,13698,13699,13698,1
2020-11-30 15:02:39.602,13698,13699,13699,1
2020-11-30 15:02:39.726,13698,13699,13699,7
2020-11-30 15:02:39.726,13698,13699,13700,3
2020-11-30 15:02:39.999,13698,13700,13700,1
2020-11-30 15:02:40.084,13698,13700,13698,1
2020-11-30 15:02:40.165,13698,13700,13698,1
2020-11-30 15:02:40.767,13698,13700,13698,1
2020-11-30 15:02:42.597,13698,13699,13699,3
2020-11-30 15:02:42.597,13698,13699,13699,1
2020-11-30 15:02:43.945,13699,13700,13700,1
2020-11-30 15:02:43.944,13700,13701,13700,1
2020-11-30 15:02:43.945,13700,13701,13700,15
2020-11-30 15:02:44.057,13700,13701,13700,1
2020-11-30 15:02:44.058,13700,13701,13701,1
2020-11-30 15:02:44.406,13700,13702,13701,1
2020-11-30 15:02:45.616,13701,13702,13702,1
2020-11-30 15:02:45.616,13701,13702,13702,7
2020-11-30 15:02:45.617,13701,13702,13702,1
2020-11-30 15:02:45.617,13701,13702,13703,4
2020-11-30 15:02:45.754,13702,13703,13703,1
2020-11-30 15:02:45.754,13702,13703,13703,2
2020-11-30 15:02:45.824,13702,13704,13704,1
2020-11-30 15:02:45.824,13702,13704,13704,2
2020-11-30 15:02:45.879,13702,13704,13702,7
2020-11-30 15:02:45.879,13702,13704,13701,3
2020-11-30 15:02:46.423,13700,13702,13700,1
2020-11-30 15:02:46.570,13700,13702,13701,1
2020-11-30 15:02:46.822,13700,13701,13700,2
2020-11-30 15:02:46.995,13699,13701,13701,1
2020-11-30 15:02:47.535,13699,13701,13701,1
2020-11-30 15:02:47.575,13699,13701,13699,1
2020-11-30 15:02:47.854,13699,13701,13701,2
2020-11-30 15:02:48.497,13699,13701,13700,1
2020-11-30 15:02:48.631,13699,13700,13700,1
2020-11-30 15:02:48.778,13699,13700,13700,1
2020-11-30 15:02:48.958,13699,13700,13700,1
2020-11-30 15:02:49.013,13699,13700,13700,1
2020-11-30 15:02:49.057,13699,13700,13699,2
2020-11-30 15:02:49.058,13699,13700,13700,1
2020-11-30 15:02:49.613,13699,13700,13700,4
2020-11-30 15:02:49.874,13699,13701,13701,1
2020-11-30 15:02:50.749,13699,13701,13700,1
2020-11-30 15:02:51.648,13699,13701,13701,1
2020-11-30 15:02:52.311,13699,13701,13701,1
2020-11-30 15:02:53.730,13700,13701,13700,2
2020-11-30 15:02:54.661,13700,13701,13701,1
2020-11-30 15:02:55.004,13700,13701,13701,1
2020-11-30 15:02:55.273,13700,13701,13701,7
2020-11-30 15:02:55.273,13700,13701,13701,1
2020-11-30 15:02:55.273,13700,13701,13701,1
2020-11-30 15:02:55.274,13700,13701,13701,1
2020-11-30 15:02:55.763,13700,13701,13701,4
2020-11-30 15:02:55.985,13701,13702,13701,1
2020-11-30 15:02:56.712,13701,13702,13701,1
2020-11-30 15:02:56.969,13701,13702,13701,1
2020-11-30 15:02:57.072,13701,13702,13701,1
2020-11-30 15:02:57.247,13700,13702,13702,5
2020-11-30 15:02:57.372,13701,13702,13702,5
2020-11-30 15:02:57.372,13701,13702,13702,1
2020-11-30 15:02:57.373,13701,13702,13702,5
2020-11-30 15:02:57.675,13701,13704,13704,1
2020-11-30 15:02:57.928,13702,13704,13702,1
2020-11-30 15:02:58.889,13702,13704,13702,1
2020-11-30 15:02:59.081,13703,13704,13703,1
2020-11-30 15:02:59.324,13702,13704,13704,4
2020-11-30 15:03:00.057,13703,13704,13703,1
2020-11-30 15:03:00.061,13703,13704,13702,2
2020-11-30 15:03:00.061,13703,13704,13701,1
2020-11-30 15:03:00.154,13701,13703,13701,5
2020-11-30 15:03:00.172,13701,13703,13703,1
2020-11-30 15:03:00.186,13701,13703,13702,1
2020-11-30 15:03:00.577,13701,13703,13703,2
2020-11-30 15:03:00.690,13701,13703,13703,1
2020-11-30 15:03:01.123,13701,13703,13703,1
2020-11-30 15:03:01.143,13701,13703,13701,1
2020-11-30 15:03:01.269,13701,13703,13703,1
2020-11-30 15:03:02.417,13702,13703,13702,1
2020-11-30 15:03:02.573,13701,13702,13701,1
2020-11-30 15:03:02.678,13701,13702,13702,1
2020-11-30 15:03:03.689,13700,13702,13702,1
2020-11-30 15:03:04.015,13700,13702,13702,1
2020-11-30 15:03:04.499,13700,13702,13701,1
2020-11-30 15:03:04.602,13700,13702,13700,1
2020-11-30 15:03:04.955,13700,13702,13702,1
2020-11-30 15:03:05.519,13701,13703,13703,5
2020-11-30 15:03:05.519,13701,13703,13704,5
2020-11-30 15:03:06.649,13703,13704,13703,1
2020-11-30 15:03:06.689,13703,13704,13704,1
2020-11-30 15:03:07.522,13703,13704,13703,1
2020-11-30 15:03:08.021,13703,13704,13704,1
2020-11-30 15:03:08.784,13703,13704,13704,2
2020-11-30 15:03:08.947,13703,13704,13704,1
2020-11-30 15:03:09.034,13703,13704,13704,1
2020-11-30 15:03:09.688,13703,13705,13705,1
2020-11-30 15:03:09.906,13703,13705,13705,1
2020-11-30 15:03:10.115,13703,13705,13703,1
2020-11-30 15:03:10.742,13703,13704,13704,6
2020-11-30 15:03:11.429,13703,13704,13704,1
2020-11-30 15:03:12.327,13703,13705,13704,2
2020-11-30 15:03:12.687,13703,13705,13705,1
2020-11-30 15:03:13.426,13703,13704,13704,1
2020-11-30 15:03:13.427,13703,13704,13704,1
2020-11-30 15:03:13.497,13703,13705,13705,4
2020-11-30 15:03:15.129,13703,13704,13703,8
2020-11-30 15:03:15.198,13702,13703,13702,6
2020-11-30 15:03:15.384,13700,13702,13700,2
2020-11-30 15:03:15.403,13700,13702,13700,3
2020-11-30 15:03:15.416,13700,13702,13700,2
2020-11-30 15:03:15.428,13700,13702,13700,1
2020-11-30 15:03:15.428,13700,13702,13699,1
2020-11-30 15:03:15.686,13699,13701,13701,1
2020-11-30 15:03:16.024,13700,13701,13700,1
2020-11-30 15:03:16.502,13700,13702,13702,3
2020-11-30 15:03:18.609,13700,13701,13701,1
2020-11-30 15:03:19.644,13701,13702,13701,1
2020-11-30 15:03:21.685,13700,13702,13702,1
2020-11-30 15:03:21.897,13701,13702,13701,2
2020-11-30 15:03:22.843,13700,13702,13702,2
2020-11-30 15:03:23.448,13701,13702,13701,2
2020-11-30 15:03:24.685,13700,13702,13702,1
2020-11-30 15:03:24.843,13700,13702,13700,1
2020-11-30 15:03:26.341,13700,13701,13701,1
2020-11-30 15:03:26.481,13700,13701,13700,1
2020-11-30 15:03:27.228,13700,13701,13701,3
2020-11-30 15:03:27.685,13701,13702,13702,1
2020-11-30 15:03:28.698,13701,13702,13701,2
2020-11-30 15:03:29.928,13700,13701,13701,1
2020-11-30 15:03:30.683,13700,13701,13701,1
2020-11-30 15:03:30.785,13700,13701,13701,1
2020-11-30 15:03:30.785,13700,13701,13701,3
2020-11-30 15:03:32.596,13700,13701,13701,1
2020-11-30 15:03:32.927,13700,13701,13701,2
2020-11-30 15:03:33.683,13700,13701,13701,1
2020-11-30 15:03:34.077,13700,13701,13700,14
2020-11-30 15:03:34.078,13700,13701,13700,1
2020-11-30 15:03:34.078,13700,13701,13700,1
2020-11-30 15:03:34.078,13700,13701,13700,1
2020-11-30 15:03:34.078,13700,13701,13700,5
2020-11-30 15:03:34.078,13700,13701,13700,1
2020-11-30 15:03:34.078,13700,13701,13700,7
2020-11-30 15:03:34.078,13700,13701,13700,6
2020-11-30 15:03:34.573,13699,13700,13699,11
2020-11-30 15:03:34.867,13698,13699,13699,1
2020-11-30 15:03:35.301,13699,13700,13700,1
2020-11-30 15:03:36.176,13699,13700,13699,1
2020-11-30 15:03:36.698,13698,13700,13700,1
2020-11-30 15:03:36.925,13698,13700,13698,1
2020-11-30 15:03:38.390,13698,13699,13698,1
2020-11-30 15:03:38.862,13698,13699,13698,1
2020-11-30 15:03:39.696,13698,13699,13699,1
2020-11-30 15:03:39.933,13698,13699,13698,2
2020-11-30 15:03:40.285,13698,13699,13699,3
2020-11-30 15:03:41.465,13699,13700,13700,6
2020-11-30 15:03:42.488,13700,13701,13701,6
2020-11-30 15:03:42.713,13701,13702,13702,1
2020-11-30 15:03:42.871,13701,13702,13701,1
2020-11-30 15:03:44.038,13701,13702,13701,1
2020-11-30 15:03:44.418,13701,13702,13702,5
2020-11-30 15:03:44.466,13701,13703,13702,1
2020-11-30 15:03:45.198,13702,13703,13703,2
2020-11-30 15:03:45.726,13702,13704,13704,1
2020-11-30 15:03:47.069,13702,13704,13702,1
2020-11-30 15:03:48.741,13702,13703,13703,1
2020-11-30 15:03:49.563,13702,13703,13704,1
2020-11-30 15:03:51.421,13702,13703,13702,1
2020-11-30 15:03:51.740,13702,13703,13703,1
2020-11-30 15:03:52.378,13701,13703,13703,1
2020-11-30 15:03:53.487,13701,13702,13702,1
2020-11-30 15:03:54.648,13702,13704,13703,1
2020-11-30 15:03:54.740,13703,13704,13704,1
2020-11-30 15:03:55.398,13702,13704,13702,1
2020-11-30 15:03:55.434,13702,13704,13702,1
2020-11-30 15:03:55.608,13702,13704,13704,1
2020-11-30 15:03:55.910,13702,13704,13704,1
2020-11-30 15:03:55.919,13702,13704,13704,1
2020-11-30 15:03:55.965,13703,13704,13703,1
2020-11-30 15:03:57.739,13702,13704,13704,1
2020-11-30 15:03:58.747,13703,13704,13704,3
2020-11-30 15:04:00.272,13703,13705,13705,4
2020-11-30 15:04:00.362,13703,13705,13704,1
2020-11-30 15:04:00.738,13703,13705,13705,1
2020-11-30 15:04:00.879,13703,13705,13703,1
2020-11-30 15:04:02.408,13703,13704,13704,3
2020-11-30 15:04:02.411,13703,13704,13704,7
2020-11-30 15:04:03.349,13703,13704,13704,4
2020-11-30 15:04:03.573,13703,13704,13704,1
2020-11-30 15:04:03.737,13703,13705,13705,1
2020-11-30 15:04:04.001,13703,13705,13705,1
2020-11-30 15:04:05.081,13704,13705,13704,2
2020-11-30 15:04:06.509,13703,13705,13705,1
2020-11-30 15:04:06.737,13704,13705,13705,1
2020-11-30 15:04:06.765,13704,13705,13705,1
2020-11-30 15:04:07.726,13704,13705,13705,1
2020-11-30 15:04:09.331,13704,13705,13704,1
2020-11-30 15:04:09.647,13703,13705,13705,4
2020-11-30 15:04:09.737,13704,13705,13705,1
2020-11-30 15:04:12.735,13704,13706,13706,1
2020-11-30 15:04:13.215,13705,13706,13705,1
2020-11-30 15:04:14.588,13705,13706,13706,3
2020-11-30 15:04:14.881,13705,13706,13706,1
2020-11-30 15:04:14.881,13705,13706,13706,11
2020-11-30 15:04:15.736,13706,13707,13707,1
2020-11-30 15:04:15.865,13706,13707,13707,1
2020-11-30 15:04:15.880,13706,13707,13707,5
2020-11-30 15:04:15.881,13706,13707,13707,4
2020-11-30 15:04:15.881,13706,13707,13707,1
2020-11-30 15:04:16.121,13706,13708,13708,1
2020-11-30 15:04:16.137,13706,13708,13706,1
2020-11-30 15:04:16.261,13706,13708,13708,2
2020-11-30 15:04:16.899,13707,13708,13708,1
2020-11-30 15:04:17.436,13707,13708,13707,1
2020-11-30 15:04:17.858,13706,13707,13707,1
2020-11-30 15:04:17.893,13706,13707,13707,1
2020-11-30 15:04:18.501,13707,13708,13708,1
2020-11-30 15:04:18.735,13707,13708,13708,1
2020-11-30 15:04:20.329,13707,13708,13708,1
2020-11-30 15:04:20.814,13707,13708,13708,1
2020-11-30 15:04:21.010,13707,13708,13708,2
2020-11-30 15:04:21.011,13707,13708,13708,7
2020-11-30 15:04:21.246,13708,13709,13709,5
2020-11-30 15:04:21.246,13708,13709,13710,3
2020-11-30 15:04:21.288,13708,13709,13710,1
2020-11-30 15:04:21.288,13708,13709,13708,1
2020-11-30 15:04:21.367,13708,13709,13709,1
2020-11-30 15:04:21.367,13708,13709,13710,4
2020-11-30 15:04:21.484,13708,13710,13710,1
2020-11-30 15:04:21.734,13708,13710,13710,1
2020-11-30 15:04:22.564,13709,13710,13710,2
2020-11-30 15:04:22.602,13710,13711,13711,2
2020-11-30 15:04:22.728,13710,13711,13711,3
2020-11-30 15:04:22.777,13710,13711,13712,2
2020-11-30 15:04:23.188,13710,13712,13710,1
2020-11-30 15:04:23.198,13709,13711,13709,6
2020-11-30 15:04:23.342,13708,13710,13708,1
2020-11-30 15:04:23.436,13708,13710,13708,1
2020-11-30 15:04:23.620,13708,13710,13708,1
2020-11-30 15:04:24.030,13708,13709,13709,1
2020-11-30 15:04:24.175,13708,13709,13709,1
2020-11-30 15:04:24.732,13708,13710,13710,1
2020-11-30 15:04:24.851,13708,13710,13710,1
2020-11-30 15:04:24.946,13708,13710,13710,1
2020-11-30 15:04:25.057,13708,13710,13710,1
2020-11-30 15:04:25.186,13708,13710,13710,1
2020-11-30 15:04:25.339,13708,13709,13709,1
2020-11-30 15:04:25.520,13709,13710,13710,1
2020-11-30 15:04:25.948,13709,13710,13709,3
2020-11-30 15:04:25.948,13709,13710,13709,1
2020-11-30 15:04:26.334,13708,13709,13709,1
2020-11-30 15:04:27.733,13708,13709,13709,1
2020-11-30 15:04:27.971,13708,13709,13708,8
2020-11-30 15:04:28.504,13707,13709,13708,1
2020-11-30 15:04:29.069,13707,13708,13708,2
2020-11-30 15:04:29.071,13707,13708,13708,3
2020-11-30 15:04:29.679,13707,13709,13709,1
2020-11-30 15:04:30.731,13707,13709,13709,1
2020-11-30 15:04:30.822,13707,13709,13709,2
2020-11-30 15:04:31.480,13707,13709,13707,1
2020-11-30 15:04:31.534,13707,13709,13708,1
2020-11-30 15:04:31.535,13707,13709,13707,4
2020-11-30 15:04:31.861,13707,13708,13707,2
2020-11-30 15:04:32.065,13706,13708,13708,1
2020-11-30 15:04:32.997,13706,13708,13706,2
2020-11-30 15:04:33.731,13705,13707,13707,1
2020-11-30 15:04:34.253,13705,13707,13705,1
2020-11-30 15:04:34.553,13705,13707,13705,1
2020-11-30 15:04:36.527,13705,13706,13705,1
2020-11-30 15:04:36.730,13705,13706,13706,1
2020-11-30 15:04:37.581,13705,13707,13705,1
2020-11-30 15:04:38.992,13705,13707,13705,1
2020-11-30 15:04:39.479,13706,13707,13707,1
2020-11-30 15:04:39.729,13706,13708,13708,1
2020-11-30 15:04:41.390,13707,13708,13708,1
2020-11-30 15:04:42.661,13707,13709,13709,1
2020-11-30 15:04:42.744,13707,13709,13709,1
2020-11-30 15:04:43.735,13708,13709,13708,1
2020-11-30 15:04:44.125,13707,13709,13707,1
2020-11-30 15:04:45.974,13706,13707,13707,1
2020-11-30 15:04:48.141,13707,13708,13707,1
2020-11-30 15:04:48.720,13706,13708,13708,4
2020-11-30 15:04:49.818,13706,13707,13707,1
2020-11-30 15:04:49.818,13706,13707,13707,1
2020-11-30 15:04:49.818,13706,13707,13707,1
2020-11-30 15:04:49.818,13706,13707,13707,1
2020-11-30 15:04:49.818,13706,13707,13707,1
2020-11-30 15:04:50.893,13707,13708,13708,5
2020-11-30 15:04:50.894,13707,13708,13708,6
2020-11-30 15:04:50.986,13707,13709,13709,1
2020-11-30 15:04:52.736,13707,13708,13708,1
2020-11-30 15:04:54.206,13707,13708,13708,1
2020-11-30 15:04:54.207,13707,13708,13708,1
2020-11-30 15:04:54.207,13707,13708,13708,1
2020-11-30 15:04:54.207,13707,13708,13708,1
2020-11-30 15:04:54.207,13707,13708,13708,1
2020-11-30 15:04:55.109,13708,13709,13709,2
2020-11-30 15:04:56.920,13708,13709,13709,1
2020-11-30 15:04:56.999,13708,13709,13708,1
2020-11-30 15:04:56.999,13708,13709,13707,1
2020-11-30 15:04:57.245,13707,13709,13709,1
2020-11-30 15:04:57.678,13707,13709,13707,1
2020-11-30 15:04:58.704,13707,13708,13708,1
2020-11-30 15:04:58.900,13708,13709,13708,4
2020-11-30 15:05:00.039,13706,13708,13708,1
2020-11-30 15:05:00.538,13706,13708,13708,1
2020-11-30 15:05:00.991,13706,13708,13706,4
2020-11-30 15:05:02.630,13707,13708,13708,1
2020-11-30 15:05:03.211,13707,13708,13708,5
2020-11-30 15:05:03.230,13707,13708,13708,1
2020-11-30 15:05:03.230,13707,13708,13709,4
2020-11-30 15:05:03.513,13707,13709,13709,3
2020-11-30 15:05:03.544,13707,13709,13707,1
2020-11-30 15:05:03.566,13707,13709,13707,1
2020-11-30 15:05:03.636,13707,13709,13707,1
2020-11-30 15:05:03.649,13707,13709,13707,1
2020-11-30 15:05:03.657,13707,13709,13707,1
2020-11-30 15:05:03.711,13706,13708,13706,1
2020-11-30 15:05:03.713,13706,13708,13706,1
2020-11-30 15:05:04.342,13706,13708,13706,1
2020-11-30 15:05:04.760,13706,13708,13708,1
2020-11-30 15:05:04.951,13706,13708,13706,1
2020-11-30 15:05:06.408,13706,13708,13708,4
2020-11-30 15:05:07.766,13707,13709,13707,1
2020-11-30 15:05:12.008,13706,13708,13706,15
2020-11-30 15:05:12.008,13706,13708,13705,10
2020-11-30 15:05:12.201,13705,13706,13705,2
2020-11-30 15:05:12.767,13705,13706,13706,1
2020-11-30 15:05:12.890,13705,13707,13707,1
2020-11-30 15:05:14.593,13706,13708,13706,1
2020-11-30 15:05:15.414,13706,13708,13708,1
2020-11-30 15:05:19.226,13706,13708,13708,1
2020-11-30 15:05:19.325,13706,13708,13706,1
2020-11-30 15:05:20.700,13705,13707,13707,1
2020-11-30 15:05:24.443,13705,13707,13705,1
2020-11-30 15:05:24.971,13706,13707,13707,1
2020-11-30 15:05:26.604,13706,13707,13706,1
2020-11-30 15:05:27.058,13705,13706,13705,5
2020-11-30 15:05:27.523,13705,13706,13705,1
2020-11-30 15:05:27.523,13705,13706,13705,4
2020-11-30 15:05:31.542,13704,13706,13704,1
2020-11-30 15:05:31.567,13704,13706,13704,1
2020-11-30 15:05:31.582,13704,13706,13704,1
2020-11-30 15:05:31.599,13704,13706,13704,2
2020-11-30 15:05:33.255,13704,13705,13704,1
2020-11-30 15:05:34.105,13704,13705,13704,1
2020-11-30 15:05:35.856,13704,13705,13704,1
2020-11-30 15:05:36.258,13704,13705,13705,1
2020-11-30 15:05:38.285,13704,13705,13705,1
2020-11-30 15:05:40.415,13704,13705,13705,1
2020-11-30 15:05:44.917,13704,13705,13705,6
2020-11-30 15:05:44.918,13704,13705,13706,6
2020-11-30 15:05:44.983,13705,13707,13705,1
2020-11-30 15:05:45.988,13706,13707,13706,1
2020-11-30 15:05:49.322,13706,13707,13707,2
2020-11-30 15:05:49.740,13707,13708,13707,3
2020-11-30 15:05:50.873,13706,13708,13708,2
2020-11-30 15:05:56.006,13707,13708,13708,4
2020-11-30 15:05:56.651,13707,13708,13707,2
2020-11-30 15:06:02.276,13706,13707,13706,1
2020-11-30 15:06:02.292,13706,13707,13707,4
2020-11-30 15:06:02.522,13706,13708,13708,3
2020-11-30 15:06:02.559,13706,13708,13708,1
2020-11-30 15:06:02.573,13707,13708,13708,1
2020-11-30 15:06:02.574,13707,13708,13708,1
2020-11-30 15:06:02.614,13707,13708,13709,3
2020-11-30 15:06:02.616,13707,13708,13709,1
2020-11-30 15:06:02.619,13707,13708,13709,1
2020-11-30 15:06:02.626,13707,13708,13709,1
2020-11-30 15:06:02.638,13707,13708,13709,4
2020-11-30 15:06:02.638,13707,13708,13709,1
2020-11-30 15:06:02.639,13707,13708,13709,1
2020-11-30 15:06:02.669,13707,13708,13710,1
2020-11-30 15:06:02.677,13707,13708,13710,1
2020-11-30 15:06:02.725,13709,13710,13710,1
2020-11-30 15:06:02.783,13709,13710,13710,1
2020-11-30 15:06:02.784,13709,13710,13710,3
2020-11-30 15:06:02.784,13709,13710,13710,14
2020-11-30 15:06:02.816,13709,13710,13711,1
2020-11-30 15:06:02.837,13710,13711,13710,1
2020-11-30 15:06:02.863,13710,13711,13711,1
2020-11-30 15:06:02.903,13710,13711,13710,1
2020-11-30 15:06:02.916,13710,13711,13711,1
2020-11-30 15:06:02.983,13710,13711,13711,1
2020-11-30 15:06:03.046,13710,13711,13710,1
2020-11-30 15:06:03.074,13710,13711,13711,1
2020-11-30 15:06:03.294,13710,13711,13711,1
2020-11-30 15:06:03.339,13710,13711,13711,1
2020-11-30 15:06:03.645,13710,13711,13711,1
2020-11-30 15:06:03.708,13710,13711,13711,1
2020-11-30 15:06:04.912,13710,13711,13710,1
2020-11-30 15:06:06.045,13710,13711,13710,4
2020-11-30 15:06:06.045,13710,13711,13709,3
2020-11-30 15:06:09.697,13709,13710,13709,1
2020-11-30 15:06:09.825,13708,13710,13710,1
2020-11-30 15:06:09.838,13708,13710,13710,2
2020-11-30 15:06:10.333,13709,13711,13709,1
2020-11-30 15:06:11.233,13709,13710,13709,1
2020-11-30 15:06:12.654,13709,13710,13710,2
2020-11-30 15:06:13.185,13709,13710,13709,2
2020-11-30 15:06:13.996,13709,13710,13710,1
2020-11-30 15:06:16.144,13710,13711,13711,1
2020-11-30 15:06:16.145,13710,13711,13711,3
2020-11-30 15:06:16.478,13711,13712,13711,1
2020-11-30 15:06:17.190,13711,13712,13711,1
2020-11-30 15:06:19.662,13710,13711,13711,1
2020-11-30 15:06:19.731,13711,13712,13711,1
2020-11-30 15:06:20.144,13711,13712,13711,1
2020-11-30 15:06:20.600,13710,13711,13711,1
2020-11-30 15:06:20.600,13710,13711,13712,1
2020-11-30 15:06:20.729,13710,13712,13712,5
2020-11-30 15:06:20.857,13711,13712,13712,1
2020-11-30 15:06:21.705,13711,13712,13711,1
2020-11-30 15:06:22.227,13710,13712,13712,2
2020-11-30 15:06:23.689,13710,13712,13712,1
2020-11-30 15:06:26.498,13712,13713,13713,1
2020-11-30 15:06:26.600,13712,13713,13713,2
2020-11-30 15:06:26.689,13712,13713,13714,1
2020-11-30 15:06:26.693,13712,13713,13714,1
2020-11-30 15:06:26.730,13713,13714,13714,1
2020-11-30 15:06:26.867,13713,13715,13713,1
2020-11-30 15:06:27.694,13713,13715,13713,4
2020-11-30 15:06:27.699,13713,13715,13715,1
2020-11-30 15:06:27.699,13713,13715,13715,1
2020-11-30 15:06:27.700,13713,13715,13715,1
2020-11-30 15:06:27.700,13713,13715,13715,1
2020-11-30 15:06:27.700,13713,13715,13715,1
2020-11-30 15:06:27.701,13713,13715,13715,1
2020-11-30 15:06:27.965,13713,13715,13715,1
2020-11-30 15:06:28.053,13713,13715,13715,1
2020-11-30 15:06:29.257,13714,13715,13715,5
2020-11-30 15:06:29.416,13714,13715,13714,1
2020-11-30 15:06:29.823,13713,13714,13713,1
2020-11-30 15:06:31.254,13713,13715,13714,1
2020-11-30 15:06:31.846,13713,13714,13714,1
2020-11-30 15:06:32.495,13713,13714,13714,1
2020-11-30 15:06:32.908,13713,13714,13714,1
2020-11-30 15:06:33.596,13713,13714,13714,1
2020-11-30 15:06:34.493,13713,13714,13713,1
2020-11-30 15:06:34.556,13713,13714,13714,1
2020-11-30 15:06:34.860,13713,13714,13714,1
2020-11-30 15:06:36.135,13713,13714,13714,1
2020-11-30 15:06:36.222,13713,13714,13713,4
2020-11-30 15:06:36.615,13713,13714,13714,1
2020-11-30 15:06:38.940,13713,13714,13714,1
2020-11-30 15:06:39.726,13713,13714,13714,1
2020-11-30 15:06:41.510,13713,13714,13714,2
2020-11-30 15:06:41.703,13713,13714,13714,1
2020-11-30 15:06:41.893,13713,13714,13714,1
2020-11-30 15:06:44.460,13713,13714,13714,1
2020-11-30 15:06:45.113,13713,13714,13714,1
2020-11-30 15:06:45.767,13713,13714,13713,1
2020-11-30 15:06:46.586,13713,13714,13714,1
2020-11-30 15:06:48.355,13713,13714,13713,1
2020-11-30 15:06:49.076,13713,13714,13714,1
2020-11-30 15:06:49.365,13713,13714,13713,15
2020-11-30 15:06:49.665,13712,13713,13713,2
2020-11-30 15:06:50.053,13712,13713,13713,1
2020-11-30 15:06:50.239,13712,13713,13712,3
2020-11-30 15:06:50.261,13712,13713,13712,2
2020-11-30 15:06:50.721,13712,13713,13713,1
2020-11-30 15:06:51.167,13712,13713,13712,1
2020-11-30 15:06:51.856,13712,13713,13712,1
2020-11-30 15:06:53.479,13712,13713,13712,1
2020-11-30 15:06:53.480,13712,13713,13712,6
2020-11-30 15:06:53.480,13712,13713,13712,8
2020-11-30 15:06:56.048,13711,13712,13711,1
2020-11-30 15:06:56.048,13711,13712,13711,2
2020-11-30 15:06:57.516,13710,13711,13711,1
2020-11-30 15:06:57.516,13710,13711,13712,4
2020-11-30 15:06:58.077,13710,13711,13710,4
2020-11-30 15:06:58.608,13710,13711,13711,1
2020-11-30 15:06:59.435,13710,13711,13710,1
2020-11-30 15:06:59.828,13710,13711,13711,1
2020-11-30 15:07:00.057,13711,13712,13711,1
2020-11-30 15:07:00.563,13710,13712,13711,1
2020-11-30 15:07:01.775,13710,13711,13711,5
2020-11-30 15:07:03.002,13710,13711,13710,2
2020-11-30 15:07:03.002,13710,13711,13709,3
2020-11-30 15:07:03.615,13709,13711,13711,1
2020-11-30 15:07:04.669,13709,13710,13709,2
2020-11-30 15:07:04.765,13709,13710,13710,1
2020-11-30 15:07:05.926,13710,13711,13711,2
2020-11-30 15:07:13.871,13711,13712,13711,5
2020-11-30 15:07:13.873,13711,13712,13711,5
2020-11-30 15:07:18.624,13710,13711,13710,1
2020-11-30 15:07:23.485,13710,13711,13711,1
2020-11-30 15:07:23.695,13710,13711,13711,1
2020-11-30 15:07:23.880,13710,13711,13711,1
2020-11-30 15:07:24.268,13710,13711,13711,1
2020-11-30 15:07:24.499,13710,13711,13711,1
2020-11-30 15:07:24.842,13710,13712,13712,1
2020-11-30 15:07:24.923,13710,13712,13712,1
2020-11-30 15:07:25.185,13710,13711,13711,1
2020-11-30 15:07:25.509,13710,13711,13711,1
2020-11-30 15:07:27.525,13710,13711,13710,1
2020-11-30 15:07:28.779,13710,13711,13710,3
2020-11-30 15:07:29.354,13709,13710,13710,1
2020-11-30 15:07:30.208,13709,13710,13710,5
2020-11-30 15:07:30.883,13709,13710,13709,5
2020-11-30 15:07:32.753,13709,13710,13709,1
2020-11-30 15:07:34.396,13709,13710,13710,4
2020-11-30 15:07:35.124,13710,13711,13710,6
2020-11-30 15:07:40.689,13709,13710,13709,9
2020-11-30 15:07:40.689,13709,13710,13708,1
2020-11-30 15:07:42.320,13708,13709,13708,1
2020-11-30 15:07:42.321,13708,13709,13708,6
2020-11-30 15:07:45.794,13707,13708,13708,1
2020-11-30 15:07:46.192,13707,13709,13707,1
2020-11-30 15:07:47.644,13707,13708,13707,1
2020-11-30 15:07:47.665,13707,13708,13708,1
2020-11-30 15:07:48.348,13707,13709,13707,1
2020-11-30 15:07:48.412,13707,13709,13707,4
2020-11-30 15:07:49.980,13706,13707,13707,1
2020-11-30 15:07:50.969,13706,13707,13707,4
2020-11-30 15:07:53.589,13706,13707,13707,1
2020-11-30 15:07:55.922,13706,13707,13706,1
2020-11-30 15:07:56.064,13706,13707,13706,2
2020-11-30 15:07:56.228,13705,13706,13706,3
2020-11-30 15:07:57.494,13705,13706,13706,5
2020-11-30 15:07:57.933,13705,13707,13705,10
2020-11-30 15:07:58.017,13705,13706,13705,1
2020-11-30 15:07:58.067,13705,13706,13705,2
2020-11-30 15:07:58.114,13705,13706,13706,1
2020-11-30 15:08:01.831,13706,13707,13706,1
2020-11-30 15:08:02.015,13706,13707,13706,1
2020-11-30 15:08:02.406,13705,13706,13705,1
2020-11-30 15:08:02.764,13705,13706,13705,1
2020-11-30 15:08:03.327,13705,13706,13705,1
2020-11-30 15:08:03.992,13705,13706,13705,4
2020-11-30 15:08:03.992,13705,13706,13704,6
2020-11-30 15:08:04.381,13703,13705,13703,1
2020-11-30 15:08:05.796,13703,13704,13704,5
2020-11-30 15:08:06.450,13703,13704,13704,2
2020-11-30 15:08:07.773,13703,13705,13704,1
2020-11-30 15:08:08.490,13704,13705,13704,1
2020-11-30 15:08:08.618,13704,13705,13704,1
2020-11-30 15:08:08.726,13704,13705,13704,2
2020-11-30 15:08:08.726,13704,13705,13704,1
2020-11-30 15:08:09.567,13703,13704,13704,1
2020-11-30 15:08:09.872,13704,13705,13704,1
2020-11-30 15:08:11.408,13704,13705,13704,10
2020-11-30 15:08:16.766,13704,13705,13704,1
2020-11-30 15:08:18.581,13704,13705,13704,7
2020-11-30 15:08:18.581,13704,13705,13703,3
2020-11-30 15:08:20.533,13703,13705,13703,1
2020-11-30 15:08:22.341,13703,13704,13703,1
2020-11-30 15:08:22.588,13703,13704,13703,4
2020-11-30 15:08:23.349,13702,13703,13703,1
2020-11-30 15:08:24.626,13702,13703,13703,1
2020-11-30 15:08:24.722,13703,13704,13703,1
2020-11-30 15:08:24.722,13703,13704,13702,9
2020-11-30 15:08:25.777,13701,13703,13701,1
2020-11-30 15:08:28.496,13701,13702,13702,1
2020-11-30 15:08:29.551,13701,13703,13703,1
2020-11-30 15:08:29.677,13701,13703,13702,1
2020-11-30 15:08:29.994,13702,13703,13702,5
2020-11-30 15:08:31.199,13701,13703,13701,10
2020-11-30 15:08:31.966,13700,13702,13702,1
2020-11-30 15:08:32.353,13700,13702,13700,2
2020-11-30 15:08:32.685,13700,13702,13700,1
2020-11-30 15:08:32.907,13700,13702,13702,1
2020-11-30 15:08:33.514,13701,13703,13701,1
2020-11-30 15:08:33.976,13701,13703,13701,1
2020-11-30 15:08:34.772,13700,13702,13702,1
2020-11-30 15:08:35.334,13700,13702,13700,1
2020-11-30 15:08:38.574,13700,13701,13701,1
2020-11-30 15:08:38.984,13700,13701,13700,10
2020-11-30 15:08:38.985,13700,13701,13700,2
2020-11-30 15:08:39.095,13699,13700,13700,1
2020-11-30 15:08:42.159,13698,13700,13698,1
2020-11-30 15:08:42.229,13698,13700,13698,1
2020-11-30 15:08:43.559,13698,13699,13698,2
2020-11-30 15:08:43.559,13698,13699,13697,3
2020-11-30 15:08:44.452,13697,13698,13698,1
2020-11-30 15:08:44.453,13697,13698,13698,1
2020-11-30 15:08:45.144,13697,13699,13697,1
2020-11-30 15:08:46.501,13697,13698,13698,1
2020-11-30 15:08:47.137,13697,13698,13698,1
2020-11-30 15:08:47.528,13697,13699,13697,1
2020-11-30 15:08:48.557,13697,13699,13697,2
2020-11-30 15:08:50.738,13697,13698,13697,1
2020-11-30 15:08:50.828,13697,13698,13698,1
2020-11-30 15:08:52.524,13697,13698,13697,1
2020-11-30 15:08:53.118,13696,13698,13697,5
2020-11-30 15:08:53.229,13696,13698,13698,8
2020-11-30 15:08:53.230,13696,13698,13698,1
2020-11-30 15:08:53.591,13697,13699,13697,1
2020-11-30 15:08:54.210,13698,13699,13698,3
2020-11-30 15:08:54.210,13698,13699,13697,1
2020-11-30 15:08:55.360,13697,13699,13697,1
2020-11-30 15:08:55.525,13697,13699,13697,2
2020-11-30 15:08:55.563,13697,13699,13697,1
2020-11-30 15:08:56.192,13697,13699,13697,1
2020-11-30 15:08:57.192,13697,13699,13697,1
2020-11-30 15:08:58.420,13698,13699,13698,6
2020-11-30 15:08:58.420,13698,13699,13697,4
2020-11-30 15:08:59.100,13697,13699,13697,1
2020-11-30 15:09:02.304,13698,13699,13699,6
2020-11-30 15:09:02.354,13699,13700,13699,1
2020-11-30 15:09:03.838,13699,13700,13699,1
2020-11-30 15:09:06.298,13699,13700,13700,2
2020-11-30 15:09:06.299,13699,13700,13700,4
2020-11-30 15:09:06.299,13699,13700,13700,1
2020-11-30 15:09:06.299,13699,13700,13700,1
2020-11-30 15:09:06.299,13699,13700,13700,5
2020-11-30 15:09:06.299,13699,13700,13700,5
2020-11-30 15:09:08.529,13700,13701,13701,1
2020-11-30 15:09:09.241,13700,13701,13701,1
2020-11-30 15:09:09.244,13700,13701,13701,1
2020-11-30 15:09:10.075,13701,13702,13702,1
2020-11-30 15:09:10.813,13701,13702,13702,1
2020-11-30 15:09:10.923,13701,13702,13702,1
2020-11-30 15:09:12.526,13701,13703,13701,1
2020-11-30 15:09:16.610,13701,13702,13701,1
2020-11-30 15:09:19.633,13700,13702,13700,2
2020-11-30 15:09:20.638,13701,13702,13701,1
2020-11-30 15:09:22.137,13701,13702,13701,2
2020-11-30 15:09:22.139,13701,13702,13701,3
2020-11-30 15:09:25.388,13700,13701,13701,2
2020-11-30 15:09:26.993,13701,13702,13701,2
2020-11-30 15:09:27.284,13701,13702,13701,7
2020-11-30 15:09:34.173,13700,13701,13701,1
2020-11-30 15:09:34.679,13700,13701,13701,2
2020-11-30 15:09:37.348,13701,13702,13701,3
2020-11-30 15:09:43.176,13701,13702,13702,1
2020-11-30 15:09:43.827,13701,13703,13701,1
2020-11-30 15:09:45.873,13701,13703,13701,1
2020-11-30 15:09:47.792,13701,13703,13703,1
2020-11-30 15:09:48.873,13701,13703,13703,1
2020-11-30 15:09:55.269,13701,13703,13703,2
2020-11-30 15:09:55.384,13701,13703,13701,1
2020-11-30 15:09:57.960,13702,13703,13703,3
2020-11-30 15:10:01.977,13703,13704,13704,1
2020-11-30 15:10:02.254,13703,13704,13703,1
2020-11-30 15:10:02.464,13703,13704,13704,1
2020-11-30 15:10:02.584,13704,13705,13704,1
2020-11-30 15:10:02.642,13704,13705,13704,1
2020-11-30 15:10:04.104,13704,13705,13704,2
2020-11-30 15:10:04.544,13704,13705,13705,2
2020-11-30 15:10:04.923,13704,13705,13705,2
2020-11-30 15:10:04.923,13704,13705,13706,2
2020-11-30 15:10:04.973,13704,13706,13706,1
2020-11-30 15:10:07.072,13704,13705,13705,1
2020-11-30 15:10:07.418,13704,13705,13705,4
2020-11-30 15:10:11.620,13705,13706,13705,1
2020-11-30 15:10:13.958,13705,13706,13706,1
2020-11-30 15:10:15.725,13705,13706,13706,1
2020-11-30 15:10:17.433,13705,13706,13706,2
2020-11-30 15:10:17.524,13705,13706,13706,1
2020-11-30 15:10:19.370,13705,13706,13706,1
2020-11-30 15:10:20.639,13705,13706,13705,16
2020-11-30 15:10:20.640,13705,13706,13705,1
2020-11-30 15:10:20.640,13705,13706,13705,1
2020-11-30 15:10:20.640,13705,13706,13705,1
2020-11-30 15:10:20.640,13705,13706,13705,1
2020-11-30 15:10:20.640,13705,13706,13705,1
2020-11-30 15:10:21.918,13704,13705,13705,1
2020-11-30 15:10:22.111,13704,13705,13704,1
2020-11-30 15:10:22.221,13704,13705,13704,6
2020-11-30 15:10:22.221,13704,13705,13704,3
2020-11-30 15:10:25.961,13703,13704,13704,2
2020-11-30 15:10:28.353,13704,13705,13705,1
2020-11-30 15:10:29.304,13704,13705,13704,1
2020-11-30 15:10:29.389,13704,13705,13704,1
2020-11-30 15:10:35.568,13703,13705,13705,1
2020-11-30 15:10:39.179,13704,13705,13705,1
2020-11-30 15:10:41.321,13704,13705,13705,2
2020-11-30 15:10:43.788,13704,13705,13705,1
2020-11-30 15:10:44.422,13704,13705,13705,2
2020-11-30 15:10:53.102,13704,13705,13704,2
2020-11-30 15:10:53.102,13704,13705,13704,3
2020-11-30 15:10:56.042,13703,13704,13704,3
2020-11-30 15:10:56.785,13703,13704,13704,1
2020-11-30 15:10:57.085,13703,13704,13704,2
2020-11-30 15:11:01.136,13703,13705,13705,2
2020-11-30 15:11:01.467,13703,13705,13705,1
2020-11-30 15:11:01.554,13703,13705,13703,2
2020-11-30 15:11:16.373,13703,13704,13703,1
2020-11-30 15:11:22.686,13703,13704,13704,2
2020-11-30 15:11:24.883,13704,13705,13705,1
2020-11-30 15:11:26.540,13703,13705,13705,1
2020-11-30 15:11:34.065,13704,13705,13704,2
2020-11-30 15:11:34.918,13703,13705,13705,1
2020-11-30 15:11:35.291,13703,13705,13705,1
2020-11-30 15:11:35.422,13703,13705,13705,1
2020-11-30 15:11:36.452,13704,13705,13705,1
2020-11-30 15:11:37.206,13704,13705,13704,4
2020-11-30 15:11:37.207,13704,13705,13704,5
2020-11-30 15:11:37.207,13704,13705,13704,1
2020-11-30 15:11:40.512,13704,13705,13704,1
2020-11-30 15:11:43.740,13704,13705,13704,1
2020-11-30 15:11:44.265,13704,13705,13705,2
2020-11-30 15:11:47.071,13703,13705,13703,1
2020-11-30 15:11:54.948,13704,13705,13704,2
2020-11-30 15:11:56.496,13704,13705,13705,1
2020-11-30 15:12:00.087,13704,13705,13705,1
2020-11-30 15:12:00.629,13704,13705,13704,1
2020-11-30 15:12:00.714,13704,13705,13704,4
2020-11-30 15:12:00.835,13703,13705,13703,1
2020-11-30 15:12:00.961,13703,13705,13703,2
2020-11-30 15:12:00.985,13703,13705,13703,2
2020-11-30 15:12:01.007,13703,13705,13703,1
2020-11-30 15:12:02.130,13703,13704,13704,1
2020-11-30 15:12:02.215,13703,13704,13704,1
2020-11-30 15:12:05.378,13703,13704,13704,3
2020-11-30 15:12:05.410,13703,13704,13705,1
2020-11-30 15:12:05.504,13703,13705,13705,1
2020-11-30 15:12:05.519,13703,13705,13705,2
2020-11-30 15:12:05.549,13703,13705,13705,1
2020-11-30 15:12:05.551,13703,13705,13705,2
2020-11-30 15:12:05.966,13704,13705,13704,1
2020-11-30 15:12:10.168,13703,13705,13704,1
2020-11-30 15:12:10.365,13703,13705,13705,1
2020-11-30 15:12:20.418,13703,13704,13703,1
2020-11-30 15:12:21.911,13703,13704,13704,1
2020-11-30 15:12:24.079,13703,13704,13704,1
2020-11-30 15:12:26.713,13703,13704,13703,1
2020-11-30 15:12:26.714,13703,13704,13703,4
2020-11-30 15:12:28.537,13702,13703,13702,1
2020-11-30 15:12:29.944,13702,13703,13702,2
2020-11-30 15:12:29.944,13702,13703,13702,1
2020-11-30 15:12:32.078,13702,13703,13702,2
2020-11-30 15:12:33.321,13701,13703,13701,1
2020-11-30 15:12:34.749,13702,13703,13702,1
2020-11-30 15:12:35.964,13701,13702,13702,1
2020-11-30 15:12:36.576,13701,13702,13701,1
2020-11-30 15:12:36.576,13701,13702,13701,3
2020-11-30 15:12:36.576,13701,13702,13701,3
2020-11-30 15:12:37.250,13700,13702,13700,15
2020-11-30 15:12:37.251,13700,13702,13700,1
2020-11-30 15:12:46.315,13699,13701,13701,5
2020-11-30 15:12:46.337,13700,13701,13701,1
2020-11-30 15:12:48.876,13700,13702,13700,1
2020-11-30 15:12:54.225,13701,13702,13701,1
2020-11-30 15:12:59.928,13701,13702,13701,1
2020-11-30 15:13:00.212,13701,13702,13701,1
2020-11-30 15:13:00.365,13701,13702,13701,3
2020-11-30 15:13:01.126,13701,13702,13702,17
2020-11-30 15:13:01.126,13701,13702,13702,5
2020-11-30 15:13:02.089,13702,13703,13703,1
2020-11-30 15:13:02.089,13702,13703,13703,9
2020-11-30 15:13:02.800,13703,13704,13703,1
2020-11-30 15:13:05.766,13703,13704,13704,1
2020-11-30 15:13:06.110,13703,13704,13704,1
2020-11-30 15:13:06.231,13703,13704,13704,2
2020-11-30 15:13:06.231,13703,13704,13704,8
2020-11-30 15:13:09.889,13704,13705,13705,1
2020-11-30 15:13:12.147,13704,13705,13705,1
2020-11-30 15:13:12.831,13704,13705,13705,15
2020-11-30 15:13:13.171,13704,13706,13704,2
2020-11-30 15:13:18.071,13704,13705,13705,1
2020-11-30 15:13:19.572,13704,13705,13705,2
2020-11-30 15:13:21.551,13705,13706,13706,1
2020-11-30 15:13:21.590,13705,13706,13706,1
2020-11-30 15:13:21.874,13705,13706,13705,1
2020-11-30 15:13:24.006,13705,13706,13706,1
2020-11-30 15:13:25.952,13705,13706,13705,2
2020-11-30 15:13:26.130,13705,13706,13705,1
2020-11-30 15:13:26.454,13704,13705,13705,1
2020-11-30 15:13:27.225,13704,13705,13705,1
2020-11-30 15:13:30.837,13704,13705,13705,2
2020-11-30 15:13:31.591,13704,13705,13705,1
2020-11-30 15:13:32.404,13704,13705,13705,1
2020-11-30 15:13:32.441,13704,13705,13705,1
2020-11-30 15:13:34.483,13705,13706,13705,2
2020-11-30 15:13:40.823,13704,13705,13705,1
2020-11-30 15:13:42.611,13704,13705,13704,1
2020-11-30 15:13:43.319,13704,13705,13705,1
2020-11-30 15:13:44.641,13704,13705,13705,1
2020-11-30 15:13:44.698,13704,13705,13705,2
2020-11-30 15:13:50.959,13705,13706,13705,1
2020-11-30 15:13:55.268,13704,13705,13705,2
2020-11-30 15:13:55.976,13705,13706,13705,2
2020-11-30 15:14:00.506,13705,13706,13705,4
2020-11-30 15:14:03.549,13704,13705,13704,6
2020-11-30 15:14:05.197,13703,13705,13705,1
2020-11-30 15:14:08.649,13703,13704,13703,1
2020-11-30 15:14:09.551,13703,13704,13703,1
2020-11-30 15:14:34.066,13703,13704,13703,1
2020-11-30 15:14:34.675,13703,13704,13704,2
2020-11-30 15:14:44.465,13703,13704,13703,1
2020-11-30 15:14:45.678,13703,13704,13703,2
2020-11-30 15:14:47.461,13702,13703,13702,2
2020-11-30 15:15:13.874,13703,13704,13704,1
2020-11-30 15:15:14.090,13703,13704,13703,2
2020-11-30 15:15:14.090,13703,13704,13703,2
2020-11-30 15:15:14.091,13703,13704,13702,16
2020-11-30 15:15:14.091,13703,13704,13701,14
2020-11-30 15:15:14.104,13703,13704,13701,2
2020-11-30 15:15:14.127,13703,13704,13700,2
2020-11-30 15:15:14.131,13703,13704,13700,3
2020-11-30 15:15:14.222,13700,13701,13700,2
2020-11-30 15:15:14.222,13700,13701,13700,6
2020-11-30 15:15:14.223,13700,13701,13699,3
2020-11-30 15:15:14.334,13699,13700,13699,7
2020-11-30 15:15:14.334,13699,13700,13699,1
2020-11-30 15:15:14.367,13699,13700,13700,2
2020-11-30 15:15:14.403,13699,13700,13700,1
2020-11-30 15:15:14.424,13699,13700,13700,1
2020-11-30 15:15:14.504,13698,13700,13700,2
2020-11-30 15:15:14.736,13699,13700,13700,1
2020-11-30 15:15:14.884,13699,13700,13700,1
2020-11-30 15:15:15.677,13699,13701,13701,1
2020-11-30 15:15:16.858,13699,13701,13701,1
2020-11-30 15:15:17.720,13700,13701,13700,1
2020-11-30 15:15:17.824,13699,13701,13701,1
2020-11-30 15:15:21.346,13699,13701,13700,1
2020-11-30 15:15:23.868,13699,13701,13699,1
2020-11-30 15:15:25.048,13699,13701,13699,2
2020-11-30 15:15:26.015,13698,13699,13698,1
2020-11-30 15:15:26.082,13698,13699,13698,4
2020-11-30 15:15:26.082,13698,13699,13697,1
2020-11-30 15:15:28.978,13696,13698,13696,1
2020-11-30 15:15:29.103,13696,13698,13696,3
2020-11-30 15:15:29.640,13696,13698,13696,2
2020-11-30 15:15:30.317,13696,13698,13696,1
2020-11-30 15:15:30.687,13696,13698,13696,1
2020-11-30 15:15:30.987,13697,13698,13697,1
2020-11-30 15:15:31.684,13696,13698,13698,1
2020-11-30 15:15:32.659,13697,13698,13698,1
2020-11-30 15:15:32.693,13697,13698,13698,1
2020-11-30 15:15:32.709,13697,13699,13699,2
2020-11-30 15:15:32.735,13697,13699,13699,1
2020-11-30 15:15:32.775,13697,13699,13700,1
2020-11-30 15:15:32.833,13698,13700,13700,1
2020-11-30 15:15:32.850,13698,13700,13700,1
2020-11-30 15:15:32.867,13698,13700,13700,1
2020-11-30 15:15:32.881,13698,13700,13700,1
2020-11-30 15:15:33.018,13698,13700,13698,5
2020-11-30 15:15:33.325,13698,13699,13698,1
2020-11-30 15:15:33.545,13698,13699,13698,1
2020-11-30 15:15:36.099,13698,13700,13698,3
2020-11-30 15:15:37.450,13698,13700,13698,1
2020-11-30 15:15:39.563,13698,13700,13698,1
2020-11-30 15:15:42.181,13699,13700,13700,2
2020-11-30 15:15:43.618,13700,13701,13701,5
2020-11-30 15:15:43.618,13700,13701,13701,1
2020-11-30 15:15:43.618,13700,13701,13701,1
2020-11-30 15:15:43.618,13700,13701,13701,1
2020-11-30 15:15:43.618,13700,13701,13701,3
2020-11-30 15:15:43.926,13701,13703,13701,3
2020-11-30 15:15:50.655,13699,13700,13700,1
2020-11-30 15:15:57.198,13699,13700,13699,2
2020-11-30 15:15:58.975,13698,13699,13699,1
2020-11-30 15:16:04.018,13699,13700,13700,1
2020-11-30 15:16:04.562,13700,13701,13700,1
2020-11-30 15:16:06.051,13699,13701,13700,1
2020-11-30 15:16:08.893,13699,13701,13699,1
2020-11-30 15:16:08.949,13700,13701,13701,1
2020-11-30 15:16:08.949,13700,13701,13701,1
2020-11-30 15:16:09.485,13700,13701,13700,1
2020-11-30 15:16:10.597,13700,13701,13700,1
2020-11-30 15:16:11.331,13700,13701,13701,2
2020-11-30 15:16:12.650,13701,13702,13701,1
2020-11-30 15:16:12.970,13701,13702,13701,1
2020-11-30 15:16:13.083,13701,13702,13702,1
2020-11-30 15:16:13.952,13701,13702,13702,1
2020-11-30 15:16:13.952,13701,13702,13702,1
2020-11-30 15:16:13.952,13701,13702,13702,1
2020-11-30 15:16:13.952,13701,13702,13702,4
2020-11-30 15:16:14.393,13702,13703,13703,1
2020-11-30 15:16:14.393,13702,13703,13703,1
2020-11-30 15:16:16.527,13703,13704,13704,1
2020-11-30 15:16:16.694,13703,13704,13704,1
2020-11-30 15:16:18.244,13703,13704,13703,1
2020-11-30 15:16:18.324,13702,13703,13703,1
2020-11-30 15:16:25.426,13702,13703,13702,1
2020-11-30 15:16:26.386,13701,13703,13701,5
2020-11-30 15:16:27.987,13701,13702,13702,1
2020-11-30 15:16:27.987,13701,13702,13702,1
2020-11-30 15:16:27.990,13701,13702,13702,2
2020-11-30 15:16:28.854,13702,13703,13703,5
2020-11-30 15:16:29.404,13702,13703,13703,1
2020-11-30 15:16:29.560,13702,13704,13702,2
2020-11-30 15:16:30.201,13702,13703,13702,1
2020-11-30 15:16:33.823,13701,13702,13701,1
2020-11-30 15:16:34.014,13700,13701,13700,1
2020-11-30 15:16:34.253,13700,13701,13701,1
2020-11-30 15:16:35.014,13701,13702,13701,1
2020-11-30 15:16:35.473,13700,13702,13702,5
2020-11-30 15:16:37.117,13701,13702,13702,1
2020-11-30 15:16:39.050,13701,13703,13703,1
2020-11-30 15:16:39.074,13701,13703,13703,1
2020-11-30 15:16:42.245,13702,13703,13703,1
2020-11-30 15:16:45.504,13703,13704,13704,5
2020-11-30 15:16:45.947,13703,13704,13704,3
2020-11-30 15:16:48.013,13703,13704,13704,5
2020-11-30 15:16:49.441,13703,13705,13704,1
2020-11-30 15:16:55.604,13704,13705,13705,5
2020-11-30 15:16:55.605,13704,13705,13705,7
2020-11-30 15:16:57.571,13705,13706,13706,1
2020-11-30 15:16:57.571,13705,13706,13706,4
2020-11-30 15:16:57.572,13705,13706,13706,7
2020-11-30 15:16:57.572,13705,13706,13706,2
2020-11-30 15:17:03.240,13706,13707,13707,1
2020-11-30 15:17:03.241,13706,13707,13707,2
2020-11-30 15:17:03.848,13706,13707,13706,2
2020-11-30 15:17:04.325,13705,13706,13705,1
2020-11-30 15:17:13.227,13705,13706,13705,2
2020-11-30 15:17:13.227,13705,13706,13705,5
2020-11-30 15:17:15.819,13704,13705,13704,1
2020-11-30 15:17:15.819,13704,13705,13704,1
2020-11-30 15:17:18.475,13704,13705,13705,3
2020-11-30 15:17:31.540,13705,13706,13706,1
2020-11-30 15:17:36.175,13705,13706,13706,1
2020-11-30 15:17:36.769,13705,13706,13706,1
2020-11-30 15:17:39.073,13705,13706,13706,5
2020-11-30 15:17:40.938,13706,13707,13707,1
2020-11-30 15:17:41.132,13706,13707,13706,3
2020-11-30 15:17:42.998,13706,13707,13706,1
2020-11-30 15:17:47.544,13706,13707,13707,5
2020-11-30 15:17:47.546,13706,13707,13707,2
2020-11-30 15:17:49.072,13707,13708,13708,9
2020-11-30 15:17:49.659,13707,13709,13708,1
2020-11-30 15:17:52.182,13708,13709,13708,1
2020-11-30 15:17:53.061,13707,13709,13709,1
2020-11-30 15:17:54.749,13707,13709,13709,22
2020-11-30 15:17:54.749,13707,13709,13710,44
2020-11-30 15:17:54.750,13707,13709,13710,1
2020-11-30 15:17:54.861,13709,13711,13709,1
2020-11-30 15:17:54.864,13709,13711,13709,2
2020-11-30 15:17:54.866,13709,13711,13709,1
2020-11-30 15:17:54.911,13709,13711,13710,1
2020-11-30 15:17:55.010,13708,13710,13710,1
2020-11-30 15:17:57.964,13709,13710,13710,1
2020-11-30 15:17:57.967,13709,13710,13710,2
2020-11-30 15:17:58.040,13709,13710,13710,2
2020-11-30 15:18:01.427,13709,13710,13710,4
2020-11-30 15:18:01.455,13710,13711,13711,1
2020-11-30 15:18:01.462,13710,13711,13711,1
2020-11-30 15:18:01.638,13710,13711,13711,5
2020-11-30 15:18:01.638,13710,13711,13712,1
2020-11-30 15:18:01.684,13710,13711,13712,1
2020-11-30 15:18:01.717,13710,13712,13712,3
2020-11-30 15:18:01.843,13711,13712,13711,1
2020-11-30 15:18:01.890,13711,13712,13710,1
2020-11-30 15:18:01.960,13710,13712,13712,3
2020-11-30 15:18:01.960,13710,13712,13712,1
2020-11-30 15:18:01.988,13710,13712,13712,1
2020-11-30 15:18:02.042,13710,13712,13712,1
2020-11-30 15:18:02.323,13711,13712,13711,2
2020-11-30 15:18:03.225,13710,13712,13710,1
2020-11-30 15:18:03.614,13710,13711,13711,1
2020-11-30 15:18:03.668,13710,13711,13710,4
2020-11-30 15:18:04.373,13710,13711,13710,1
2020-11-30 15:18:08.123,13709,13711,13709,5
2020-11-30 15:18:08.951,13708,13709,13709,4
2020-11-30 15:18:09.198,13709,13710,13710,1
2020-11-30 15:18:09.248,13709,13710,13709,1
2020-11-30 15:18:09.324,13709,13711,13711,1
2020-11-30 15:18:09.324,13709,13711,13711,1
2020-11-30 15:18:09.325,13709,13711,13711,1
2020-11-30 15:18:09.325,13709,13711,13711,1
2020-11-30 15:18:09.325,13709,13711,13711,1
2020-11-30 15:18:09.325,13709,13711,13712,1
2020-11-30 15:18:09.326,13709,13711,13712,1
2020-11-30 15:18:09.326,13709,13711,13712,1
2020-11-30 15:18:09.326,13709,13711,13712,1
2020-11-30 15:18:09.327,13709,13711,13712,1
2020-11-30 15:18:09.328,13709,13711,13711,3
2020-11-30 15:18:09.328,13709,13711,13713,1
2020-11-30 15:18:09.328,13709,13711,13713,1
2020-11-30 15:18:09.329,13709,13711,13713,1
2020-11-30 15:18:09.329,13709,13711,13713,1
2020-11-30 15:18:09.331,13709,13711,13713,1
2020-11-30 15:18:09.574,13711,13713,13712,4
2020-11-30 15:18:09.857,13711,13713,13713,2
2020-11-30 15:18:09.869,13711,13713,13713,1
2020-11-30 15:18:09.869,13711,13713,13713,2
2020-11-30 15:18:10.259,13712,13713,13712,1
2020-11-30 15:18:10.954,13712,13713,13712,2
2020-11-30 15:18:11.828,13711,13712,13712,1
2020-11-30 15:18:11.935,13711,13712,13712,1
2020-11-30 15:18:15.121,13712,13713,13712,1
2020-11-30 15:18:15.477,13712,13713,13713,1
2020-11-30 15:18:15.488,13712,13713,13713,2
2020-11-30 15:18:15.488,13712,13713,13713,3
2020-11-30 15:18:15.488,13712,13713,13713,4
2020-11-30 15:18:16.803,13713,13714,13713,1
2020-11-30 15:18:16.803,13713,13714,13712,3
2020-11-30 15:18:18.599,13712,13713,13713,4
2020-11-30 15:18:18.760,13713,13714,13713,1
2020-11-30 15:18:19.410,13713,13714,13713,1
2020-11-30 15:18:19.645,13713,13714,13713,1
2020-11-30 15:18:21.682,13712,13713,13713,1
2020-11-30 15:18:22.248,13712,13713,13713,5
2020-11-30 15:18:22.249,13712,13713,13713,2
2020-11-30 15:18:22.249,13712,13713,13713,1
2020-11-30 15:18:22.249,13712,13713,13713,1
2020-11-30 15:18:22.249,13712,13713,13713,1
2020-11-30 15:18:22.556,13712,13714,13712,1
2020-11-30 15:18:23.318,13713,13714,13713,1
2020-11-30 15:18:23.857,13712,13714,13712,1
2020-11-30 15:18:24.451,13712,13714,13713,1
2020-11-30 15:18:25.949,13713,13714,13714,1
2020-11-30 15:18:27.501,13713,13714,13714,10
2020-11-30 15:18:27.502,13713,13714,13714,1
2020-11-30 15:18:27.909,13714,13715,13714,1
2020-11-30 15:18:28.698,13714,13715,13715,10
2020-11-30 15:18:28.698,13714,13715,13715,1
2020-11-30 15:18:28.698,13714,13715,13715,4
2020-11-30 15:18:28.824,13715,13716,13716,1
2020-11-30 15:18:28.872,13715,13716,13716,2
2020-11-30 15:18:28.872,13715,13716,13717,1
2020-11-30 15:18:28.906,13715,13716,13717,1
2020-11-30 15:18:28.943,13715,13716,13717,1
2020-11-30 15:18:29.021,13716,13717,13717,1
2020-11-30 15:18:29.021,13716,13717,13717,1
2020-11-30 15:18:29.021,13716,13717,13717,1
2020-11-30 15:18:29.021,13716,13717,13717,9
2020-11-30 15:18:29.023,13716,13717,13718,1
2020-11-30 15:18:29.026,13716,13717,13718,1
2020-11-30 15:18:29.074,13717,13718,13718,1
2020-11-30 15:18:29.084,13717,13718,13718,1
2020-11-30 15:18:29.088,13717,13718,13718,1
2020-11-30 15:18:29.123,13717,13718,13718,1
2020-11-30 15:18:29.133,13717,13718,13718,4
2020-11-30 15:18:29.133,13717,13718,13718,1
2020-11-30 15:18:29.150,13717,13718,13719,2
2020-11-30 15:18:29.217,13717,13719,13719,2
2020-11-30 15:18:29.530,13717,13719,13719,3
2020-11-30 15:18:30.587,13716,13718,13718,1
2020-11-30 15:18:31.193,13716,13718,13718,11
2020-11-30 15:18:31.194,13716,13718,13718,4
2020-11-30 15:18:31.194,13716,13718,13718,1
2020-11-30 15:18:31.194,13716,13718,13718,2
2020-11-30 15:18:32.654,13718,13719,13719,1
2020-11-30 15:18:32.905,13717,13719,13719,4
2020-11-30 15:18:33.299,13717,13719,13719,10
2020-11-30 15:18:33.355,13718,13719,13718,1
2020-11-30 15:18:33.556,13717,13719,13719,1
2020-11-30 15:18:33.654,13717,13719,13719,1
2020-11-30 15:18:34.338,13717,13719,13719,10
2020-11-30 15:18:34.356,13717,13719,13718,1
2020-11-30 15:18:34.507,13717,13719,13719,1
2020-11-30 15:18:35.271,13718,13719,13719,9
2020-11-30 15:18:35.271,13718,13719,13720,1
2020-11-30 15:18:35.359,13718,13719,13719,1
2020-11-30 15:18:35.378,13718,13719,13718,1
2020-11-30 15:18:35.502,13718,13719,13719,1
2020-11-30 15:18:35.507,13718,13719,13719,1
2020-11-30 15:18:35.607,13718,13720,13720,1
2020-11-30 15:18:35.798,13718,13720,13720,3
2020-11-30 15:18:35.819,13718,13720,13720,1
2020-11-30 15:18:35.836,13718,13720,13720,1
2020-11-30 15:18:35.840,13718,13720,13720,8
2020-11-30 15:18:35.922,13718,13720,13719,1
2020-11-30 15:18:35.965,13719,13720,13720,1
2020-11-30 15:18:36.034,13719,13720,13719,2
2020-11-30 15:18:36.115,13719,13720,13720,8
2020-11-30 15:18:36.308,13719,13720,13720,10
2020-11-30 15:18:36.648,13719,13720,13720,1
2020-11-30 15:18:36.819,13719,13720,13720,1
2020-11-30 15:18:36.823,13719,13720,13720,1
2020-11-30 15:18:36.828,13719,13720,13720,1
2020-11-30 15:18:36.830,13719,13720,13720,1
2020-11-30 15:18:36.830,13719,13720,13720,1
2020-11-30 15:18:36.845,13719,13720,13720,1
2020-11-30 15:18:36.867,13719,13720,13720,1
2020-11-30 15:18:36.876,13719,13720,13720,2
2020-11-30 15:18:36.876,13719,13720,13720,1
2020-11-30 15:18:36.884,13719,13720,13721,1
2020-11-30 15:18:37.028,13720,13721,13721,2
2020-11-30 15:18:37.028,13720,13721,13722,3
2020-11-30 15:18:37.193,13720,13722,13721,1
2020-11-30 15:18:37.246,13720,13721,13721,1
2020-11-30 15:18:37.815,13720,13721,13721,1
2020-11-30 15:18:38.358,13720,13721,13721,1
2020-11-30 15:18:38.594,13720,13721,13720,1
2020-11-30 15:18:38.663,13720,13721,13721,1
2020-11-30 15:18:38.663,13720,13721,13722,1
2020-11-30 15:18:38.764,13720,13722,13722,1
2020-11-30 15:18:39.433,13720,13722,13722,1
2020-11-30 15:18:39.902,13721,13722,13722,1
2020-11-30 15:18:40.870,13721,13722,13721,1
2020-11-30 15:18:41.726,13721,13722,13722,1
2020-11-30 15:18:42.375,13721,13722,13722,5
2020-11-30 15:18:42.961,13721,13722,13721,1
2020-11-30 15:18:44.021,13721,13722,13721,1
2020-11-30 15:18:45.101,13721,13722,13722,1
2020-11-30 15:18:45.171,13721,13722,13721,1
2020-11-30 15:18:45.366,13721,13722,13722,1
2020-11-30 15:18:45.645,13721,13722,13722,1
2020-11-30 15:18:45.690,13721,13722,13721,1
2020-11-30 15:18:45.723,13720,13721,13721,1
2020-11-30 15:18:45.820,13720,13721,13721,1
2020-11-30 15:18:45.925,13720,13721,13721,3
2020-11-30 15:18:45.925,13720,13721,13722,30
2020-11-30 15:18:46.299,13721,13722,13722,1
2020-11-30 15:18:46.560,13721,13722,13722,2
2020-11-30 15:18:46.560,13721,13722,13723,2
2020-11-30 15:18:48.182,13721,13723,13722,1
2020-11-30 15:18:51.246,13721,13723,13721,1
2020-11-30 15:18:52.863,13721,13722,13722,1
2020-11-30 15:18:53.307,13721,13722,13721,1
2020-11-30 15:18:53.900,13721,13722,13722,2
2020-11-30 15:18:55.056,13721,13722,13722,1
2020-11-30 15:18:55.723,13721,13722,13722,5
2020-11-30 15:18:55.724,13721,13722,13722,1
2020-11-30 15:18:55.806,13721,13722,13722,1
2020-11-30 15:18:58.969,13721,13722,13722,5
2020-11-30 15:18:59.470,13721,13722,13721,1
2020-11-30 15:19:00.443,13721,13722,13722,5
2020-11-30 15:19:00.452,13721,13722,13722,1
2020-11-30 15:19:00.455,13721,13722,13723,1
2020-11-30 15:19:05.975,13721,13722,13721,2
2020-11-30 15:19:06.126,13721,13722,13722,2
2020-11-30 15:19:06.126,13721,13722,13723,20
2020-11-30 15:19:06.127,13721,13722,13723,18
2020-11-30 15:19:06.127,13721,13722,13723,1
2020-11-30 15:19:09.386,13722,13723,13722,1
2020-11-30 15:19:09.449,13721,13723,13723,1
2020-11-30 15:19:12.615,13721,13723,13723,1
2020-11-30 15:19:12.768,13721,13723,13722,1
2020-11-30 15:19:13.060,13721,13723,13723,1
2020-11-30 15:19:13.469,13721,13723,13722,1
2020-11-30 15:19:14.470,13721,13722,13721,21
2020-11-30 15:19:14.704,13720,13721,13721,1
2020-11-30 15:19:15.061,13720,13721,13721,1
2020-11-30 15:19:16.237,13720,13721,13721,2
2020-11-30 15:19:17.889,13720,13722,13722,11
2020-11-30 15:19:17.890,13720,13722,13722,1
2020-11-30 15:19:17.890,13720,13722,13722,1
2020-11-30 15:19:17.890,13720,13722,13722,6
2020-11-30 15:19:17.949,13721,13723,13723,2
2020-11-30 15:19:19.386,13721,13723,13721,5
2020-11-30 15:19:19.386,13721,13723,13720,10
2020-11-30 15:19:19.472,13721,13722,13721,4
2020-11-30 15:19:20.885,13721,13722,13721,1
2020-11-30 15:19:21.373,13721,13723,13721,5
2020-11-30 15:19:24.854,13722,13723,13723,4
2020-11-30 15:19:24.855,13722,13723,13723,1
2020-11-30 15:19:24.855,13722,13723,13723,1
2020-11-30 15:19:25.005,13723,13724,13724,3
2020-11-30 15:19:25.103,13723,13724,13724,1
2020-11-30 15:19:25.147,13723,13724,13723,2
2020-11-30 15:19:25.160,13723,13724,13723,2
2020-11-30 15:19:25.274,13722,13724,13722,1
2020-11-30 15:19:26.182,13722,13724,13723,1
2020-11-30 15:19:28.063,13722,13723,13723,4
2020-11-30 15:19:28.065,13722,13723,13723,1
2020-11-30 15:19:28.074,13722,13724,13724,1
2020-11-30 15:19:28.074,13722,13724,13724,1
2020-11-30 15:19:28.748,13723,13724,13723,1
2020-11-30 15:19:30.908,13723,13724,13724,4
2020-11-30 15:19:30.920,13723,13724,13724,1
2020-11-30 15:19:31.145,13723,13724,13723,2
2020-11-30 15:19:31.342,13722,13724,13722,1
2020-11-30 15:19:33.512,13722,13724,13723,1
2020-11-30 15:19:34.612,13722,13723,13723,4
2020-11-30 15:19:35.683,13723,13724,13724,1
2020-11-30 15:19:37.158,13723,13724,13724,2
2020-11-30 15:19:38.337,13723,13724,13724,15
2020-11-30 15:19:38.337,13723,13724,13724,2
2020-11-30 15:19:38.340,13723,13724,13724,2
2020-11-30 15:19:38.449,13724,13725,13725,1
2020-11-30 15:19:38.449,13724,13725,13725,1
2020-11-30 15:19:38.450,13724,13725,13725,1
2020-11-30 15:19:38.451,13724,13725,13725,1
2020-11-30 15:19:38.451,13724,13725,13725,1
2020-11-30 15:19:38.451,13724,13725,13725,8
2020-11-30 15:19:38.451,13724,13725,13725,4
2020-11-30 15:19:38.451,13724,13725,13726,1
2020-11-30 15:19:38.554,13724,13725,13724,1
2020-11-30 15:19:38.625,13724,13726,13726,1
2020-11-30 15:19:38.664,13724,13726,13726,3
2020-11-30 15:19:39.123,13724,13726,13724,1
2020-11-30 15:19:39.302,13724,13725,13724,2
2020-11-30 15:19:40.371,13723,13724,13723,1
2020-11-30 15:19:42.366,13723,13724,13723,7
2020-11-30 15:19:43.216,13722,13723,13722,2
2020-11-30 15:19:43.468,13722,13723,13722,10
2020-11-30 15:19:46.399,13722,13723,13722,2
2020-11-30 15:19:46.958,13722,13723,13722,1
2020-11-30 15:19:46.958,13722,13723,13722,1
2020-11-30 15:19:46.958,13722,13723,13722,1
2020-11-30 15:19:46.958,13722,13723,13722,1
2020-11-30 15:19:47.622,13721,13722,13721,1
2020-11-30 15:19:48.504,13721,13722,13722,1
2020-11-30 15:19:48.516,13721,13722,13722,2
2020-11-30 15:19:49.632,13721,13722,13721,1
2020-11-30 15:19:49.643,13721,13722,13721,4
2020-11-30 15:19:49.947,13720,13721,13720,4
2020-11-30 15:19:49.947,13720,13721,13720,12
2020-11-30 15:19:49.948,13720,13721,13720,12
2020-11-30 15:19:49.948,13720,13721,13720,4
2020-11-30 15:19:49.962,13720,13721,13719,2
2020-11-30 15:19:49.978,13720,13721,13718,4
2020-11-30 15:19:51.077,13719,13720,13720,2
2020-11-30 15:19:51.383,13719,13720,13719,1
2020-11-30 15:19:52.851,13719,13720,13719,1
2020-11-30 15:19:53.141,13719,13720,13720,4
2020-11-30 15:19:54.847,13720,13721,13720,1
2020-11-30 15:19:57.855,13719,13720,13720,1
2020-11-30 15:19:57.855,13719,13720,13720,1
2020-11-30 15:19:59.201,13720,13721,13720,2
2020-11-30 15:19:59.369,13719,13721,13721,1
2020-11-30 15:20:07.728,13719,13720,13720,4
2020-11-30 15:20:07.728,13719,13720,13721,1
2020-11-30 15:20:08.028,13719,13721,13721,3
2020-11-30 15:20:08.058,13719,13721,13721,1
2020-11-30 15:20:08.070,13719,13721,13721,2
2020-11-30 15:20:08.071,13719,13721,13721,2
2020-11-30 15:20:08.114,13719,13721,13721,1
2020-11-30 15:20:08.163,13719,13721,13721,1
2020-11-30 15:20:08.528,13721,13722,13721,1
2020-11-30 15:20:09.012,13721,13722,13721,2
2020-11-30 15:20:11.671,13721,13722,13721,5
2020-11-30 15:20:14.523,13720,13721,13721,1
2020-11-30 15:20:15.435,13721,13722,13721,1
2020-11-30 15:20:17.084,13721,13722,13721,2
2020-11-30 15:20:20.796,13720,13721,13721,3
2020-11-30 15:20:21.560,13720,13721,13720,1
2020-11-30 15:20:21.757,13720,13721,13721,1
2020-11-30 15:20:24.216,13720,13721,13721,1
2020-11-30 15:20:28.250,13720,13721,13720,1
2020-11-30 15:20:28.250,13720,13721,13720,1
2020-11-30 15:20:28.250,13720,13721,13720,1
2020-11-30 15:20:34.173,13719,13720,13719,1
2020-11-30 15:20:47.022,13718,13719,13718,5
2020-11-30 15:20:47.286,13718,13719,13718,5
2020-11-30 15:20:48.150,13718,13719,13718,5
2020-11-30 15:20:48.150,13718,13719,13718,4
2020-11-30 15:20:51.351,13717,13718,13717,5
2020-11-30 15:20:51.470,13717,13718,13718,1
2020-11-30 15:20:51.499,13717,13718,13717,1
2020-11-30 15:20:52.303,13717,13718,13717,2
2020-11-30 15:20:52.818,13717,13718,13717,1
2020-11-30 15:20:53.118,13717,13718,13718,1
2020-11-30 15:20:54.581,13717,13718,13717,4
2020-11-30 15:20:54.581,13717,13718,13717,2
2020-11-30 15:20:54.582,13717,13718,13717,9
2020-11-30 15:20:56.580,13716,13718,13718,1
2020-11-30 15:20:57.893,13717,13718,13718,1
2020-11-30 15:20:58.197,13717,13718,13717,1
2020-11-30 15:20:59.893,13717,13718,13717,2
2020-11-30 15:21:00.251,13717,13718,13718,2
2020-11-30 15:21:00.253,13717,13718,13718,1
2020-11-30 15:21:00.253,13717,13718,13718,30
2020-11-30 15:21:00.894,13718,13719,13719,1
2020-11-30 15:21:01.389,13719,13720,13720,1
2020-11-30 15:21:04.446,13720,13721,13720,2
2020-11-30 15:21:04.981,13720,13721,13721,1
2020-11-30 15:21:05.867,13720,13721,13720,1
2020-11-30 15:21:06.349,13719,13721,13719,1
2020-11-30 15:21:16.400,13720,13721,13720,2
2020-11-30 15:21:16.550,13720,13721,13720,1
2020-11-30 15:21:16.550,13720,13721,13719,1
2020-11-30 15:21:17.121,13719,13721,13719,1
2020-11-30 15:21:21.919,13720,13721,13720,1
2020-11-30 15:21:22.493,13720,13721,13720,2
2020-11-30 15:21:25.030,13719,13721,13721,5
2020-11-30 15:21:26.031,13719,13721,13721,7
2020-11-30 15:21:26.075,13721,13722,13722,1
2020-11-30 15:21:26.075,13721,13722,13722,6
2020-11-30 15:21:26.075,13721,13722,13722,1
2020-11-30 15:21:28.160,13722,13723,13722,1
2020-11-30 15:21:28.678,13722,13723,13723,1
2020-11-30 15:21:30.182,13723,13724,13724,1
2020-11-30 15:21:30.355,13723,13724,13723,1
2020-11-30 15:21:32.318,13723,13724,13724,2
2020-11-30 15:21:33.272,13723,13724,13724,1
2020-11-30 15:21:35.783,13723,13724,13724,2
2020-11-30 15:21:36.887,13723,13724,13724,1
2020-11-30 15:21:37.005,13723,13724,13724,1
2020-11-30 15:21:37.987,13723,13725,13724,1
2020-11-30 15:21:39.749,13723,13724,13723,1
2020-11-30 15:21:49.071,13722,13723,13722,1
2020-11-30 15:21:49.226,13722,13723,13722,1
2020-11-30 15:21:50.348,13721,13723,13723,2
2020-11-30 15:21:50.499,13721,13723,13721,4
2020-11-30 15:21:58.927,13721,13722,13721,1
2020-11-30 15:21:59.312,13721,13722,13721,1
2020-11-30 15:22:04.628,13721,13722,13721,1
2020-11-30 15:22:08.709,13721,13722,13721,1
2020-11-30 15:22:10.239,13721,13722,13722,1
2020-11-30 15:22:10.324,13721,13722,13722,1
2020-11-30 15:22:10.933,13721,13722,13721,1
2020-11-30 15:22:11.141,13721,13722,13721,1
2020-11-30 15:22:21.149,13720,13721,13721,1
2020-11-30 15:22:27.381,13720,13722,13722,1
2020-11-30 15:22:34.292,13721,13722,13721,1
2020-11-30 15:22:36.859,13721,13722,13721,1
2020-11-30 15:22:44.136,13720,13721,13720,1
2020-11-30 15:22:45.749,13720,13721,13720,1
2020-11-30 15:22:45.796,13720,13721,13721,1
2020-11-30 15:22:48.466,13720,13721,13720,1
2020-11-30 15:22:51.362,13720,13721,13720,12
2020-11-30 15:22:51.362,13720,13721,13720,4
2020-11-30 15:22:51.363,13720,13721,13720,1
2020-11-30 15:22:51.363,13720,13721,13720,1
2020-11-30 15:22:51.363,13720,13721,13720,1
2020-11-30 15:22:51.363,13720,13721,13720,1
2020-11-30 15:22:52.547,13719,13720,13719,2
2020-11-30 15:22:53.229,13719,13720,13720,2
2020-11-30 15:22:53.662,13719,13720,13719,1
2020-11-30 15:22:55.541,13718,13720,13720,2
