2024-12-27 15:00:00,23372,23377,23382,100,100
2024-12-27 15:00:00,23379,23384,23384,1,1
2024-12-27 15:00:00,23379,23384,23385,1,1
2024-12-27 15:00:00,23379,23384,23385,1,1
2024-12-27 15:00:00,23379,23384,23385,1,1
2024-12-27 15:00:00,23379,23384,23380,1,-1
2024-12-27 15:00:00,23379,23385,23385,2,2
2024-12-27 15:00:00,23379,23385,23384,1,1
2024-12-27 15:00:00,23379,23385,23385,2,2
2024-12-27 15:00:00,23379,23385,23385,2,2
2024-12-27 15:00:00,23379,23385,23386,1,1
2024-12-27 15:00:00,23379,23385,23385,2,2
2024-12-27 15:00:00,23379,23386,23386,1,1
2024-12-27 15:00:00,23379,23386,23387,7,7
2024-12-27 15:00:00,23379,23386,23386,3,3
2024-12-27 15:00:00,23379,23386,23388,2,2
2024-12-27 15:00:00,23379,23384,23381,1,-1
2024-12-27 15:00:00,23379,23384,23384,3,3
2024-12-27 15:00:00,23379,23384,23385,2,2
2024-12-27 15:00:00,23379,23384,23384,2,2
2024-12-27 15:00:00,23380,23382,23380,1,-1
2024-12-27 15:00:00,23379,23384,23384,2,2
2024-12-27 15:00:00,23372,23382,23382,1,1
2024-12-27 15:00:00,23372,23382,23379,1,1
2024-12-27 15:00:00,23372,23382,23378,1,1
2024-12-27 15:00:00,23374,23379,23379,1,1
2024-12-27 15:00:00,23373,23379,23379,1,1
2024-12-27 15:00:00,23373,23379,23379,1,1
2024-12-27 15:00:00,23372,23382,23382,2,2
2024-12-27 15:00:00,23373,23379,23379,4,4
2024-12-27 15:00:00,23375,23379,23379,3,3
2024-12-27 15:00:00,23375,23379,23382,1,1
2024-12-27 15:00:00,23375,23379,23382,1,1
2024-12-27 15:00:00,23375,23379,23383,3,3
2024-12-27 15:00:00,23375,23379,23383,4,4
2024-12-27 15:00:00,23375,23379,23383,1,1
2024-12-27 15:00:00,23373,23379,23379,1,1
2024-12-27 15:00:01,23380,23386,23386,1,1
2024-12-27 15:00:01,23380,23386,23387,1,1
2024-12-27 15:00:01,23380,23386,23383,1,1
2024-12-27 15:00:01,23380,23386,23388,1,1
2024-12-27 15:00:01,23381,23388,23388,1,1
2024-12-27 15:00:01,23381,23388,23381,1,-1
2024-12-27 15:00:01,23380,23387,23379,1,-1
2024-12-27 15:00:01,23381,23388,23386,3,3
2024-12-27 15:00:01,23380,23387,23387,1,1
2024-12-27 15:00:01,23380,23387,23378,1,-1
2024-12-27 15:00:01,23380,23387,23377,2,-2
2024-12-27 15:00:01,23380,23387,23380,2,-2
2024-12-27 15:00:01,23378,23383,23384,1,1
2024-12-27 15:00:01,23381,23388,23386,1,1
2024-12-27 15:00:01,23378,23383,23385,1,1
2024-12-27 15:00:01,23378,23385,23378,1,-1
2024-12-27 15:00:01,23378,23383,23383,1,1
2024-12-27 15:00:01,23379,23388,23388,1,1
2024-12-27 15:00:01,23379,23388,23379,1,-1
2024-12-27 15:00:01,23379,23388,23388,1,1
2024-12-27 15:00:01,23378,23383,23380,1,-1
2024-12-27 15:00:01,23379,23388,23388,4,4
2024-12-27 15:00:01,23379,23388,23388,1,1
2024-12-27 15:00:01,23379,23388,23379,1,-1
2024-12-27 15:00:01,23379,23388,23388,1,1
2024-12-27 15:00:01,23379,23388,23388,1,1
2024-12-27 15:00:01,23379,23388,23389,1,1
2024-12-27 15:00:01,23378,23385,23380,1,-1
2024-12-27 15:00:01,23378,23385,23381,1,-1
2024-12-27 15:00:01,23379,23388,23388,1,1
2024-12-27 15:00:02,23373,23377,23377,1,1
2024-12-27 15:00:02,23374,23377,23374,1,-1
2024-12-27 15:00:02,23377,23381,23376,1,-1
2024-12-27 15:00:02,23377,23381,23377,1,-1
2024-12-27 15:00:02,23376,23387,23391,1,1
2024-12-27 15:00:02,23376,23387,23391,3,3
2024-12-27 15:00:02,23376,23387,23390,2,2
2024-12-27 15:00:02,23376,23387,23390,1,1
2024-12-27 15:00:02,23376,23387,23389,2,2
2024-12-27 15:00:02,23376,23387,23390,3,3
2024-12-27 15:00:02,23376,23387,23388,5,5
2024-12-27 15:00:02,23376,23387,23386,1,1
2024-12-27 15:00:02,23376,23387,23388,1,1
2024-12-27 15:00:02,23376,23387,23388,1,1
2024-12-27 15:00:02,23376,23387,23387,1,1
2024-12-27 15:00:02,23376,23387,23388,1,1
2024-12-27 15:00:02,23376,23387,23390,1,1
2024-12-27 15:00:03,23373,23377,23376,1,1
2024-12-27 15:00:03,23372,23375,23374,1,1
2024-12-27 15:00:03,23372,23375,23373,1,-1
2024-12-27 15:00:03,23372,23375,23375,1,1
2024-12-27 15:00:03,23373,23377,23375,1,1
2024-12-27 15:00:03,23372,23375,23375,1,1
2024-12-27 15:00:03,23372,23375,23374,1,1
2024-12-27 15:00:03,23373,23377,23377,1,1
2024-12-27 15:00:03,23372,23375,23372,1,-1
2024-12-27 15:00:04,23374,23377,23373,1,-1
2024-12-27 15:00:04,23374,23378,23374,1,-1
2024-12-27 15:00:04,23374,23377,23374,1,-1
2024-12-27 15:00:04,23376,23378,23376,1,-1
2024-12-27 15:00:04,23376,23378,23375,1,-1
2024-12-27 15:00:04,23374,23377,23377,1,1
2024-12-27 15:00:05,23373,23378,23378,1,1
2024-12-27 15:00:05,23373,23377,23377,1,1
2024-12-27 15:00:05,23372,23376,23374,1,1
2024-12-27 15:00:05,23372,23376,23377,1,1
2024-12-27 15:00:05,23372,23376,23376,1,1
2024-12-27 15:00:05,23374,23378,23374,1,-1
2024-12-27 15:00:05,23374,23378,23378,1,1
2024-12-27 15:00:05,23373,23377,23377,1,1
2024-12-27 15:00:05,23373,23377,23374,1,-1
2024-12-27 15:00:05,23373,23377,23377,2,2
2024-12-27 15:00:05,23372,23376,23374,1,1
2024-12-27 15:00:05,23372,23376,23376,1,1
2024-12-27 15:00:05,23372,23376,23373,1,-1
2024-12-27 15:00:05,23372,23376,23377,1,1
2024-12-27 15:00:05,23372,23376,23373,1,-1
2024-12-27 15:00:05,23372,23376,23373,1,-1
2024-12-27 15:00:06,23373,23378,23370,2,-2
2024-12-27 15:00:06,23373,23378,23371,1,-1
2024-12-27 15:00:06,23373,23378,23372,5,-5
2024-12-27 15:00:06,23374,23378,23375,1,-1
2024-12-27 15:00:06,23374,23378,23375,1,-1
2024-12-27 15:00:06,23373,23378,23373,3,-3
2024-12-27 15:00:07,23368,23372,23366,2,-2
2024-12-27 15:00:07,23371,23374,23371,1,-1
2024-12-27 15:00:07,23370,23372,23370,1,-1
2024-12-27 15:00:07,23368,23372,23368,1,-1
2024-12-27 15:00:07,23368,23372,23368,1,-1
2024-12-27 15:00:07,23368,23372,23368,1,-1
2024-12-27 15:00:07,23368,23372,23367,1,-1
2024-12-27 15:00:08,23369,23372,23368,1,-1
2024-12-27 15:00:08,23369,23372,23369,1,-1
2024-12-27 15:00:08,23366,23369,23370,3,3
2024-12-27 15:00:08,23366,23369,23369,1,1
2024-12-27 15:00:08,23366,23370,23367,1,-1
2024-12-27 15:00:08,23366,23369,23371,1,1
2024-12-27 15:00:09,23367,23371,23366,2,-2
2024-12-27 15:00:09,23367,23371,23368,1,-1
2024-12-27 15:00:09,23367,23371,23367,1,-1
2024-12-27 15:00:09,23366,23370,23368,1,-1
2024-12-27 15:00:10,23367,23369,23370,4,4
2024-12-27 15:00:10,23367,23369,23371,1,1
2024-12-27 15:00:10,23367,23369,23368,1,1
2024-12-27 15:00:10,23367,23369,23369,1,1
2024-12-27 15:00:10,23365,23369,23366,1,-1
2024-12-27 15:00:10,23365,23369,23368,1,1
2024-12-27 15:00:10,23366,23369,23366,1,-1
2024-12-27 15:00:10,23367,23370,23370,1,1
2024-12-27 15:00:11,23367,23371,23367,1,-1
2024-12-27 15:00:11,23367,23371,23368,1,-1
2024-12-27 15:00:11,23367,23371,23367,1,-1
2024-12-27 15:00:11,23366,23370,23367,2,-2
2024-12-27 15:00:12,23366,23370,23366,1,-1
2024-12-27 15:00:12,23366,23370,23367,1,-1
2024-12-27 15:00:13,23366,23370,23366,1,-1
2024-12-27 15:00:13,23365,23370,23365,1,-1
2024-12-27 15:00:14,23365,23369,23365,1,-1
2024-12-27 15:00:14,23365,23369,23365,1,-1
2024-12-27 15:00:14,23366,23370,23366,1,-1
2024-12-27 15:00:14,23365,23370,23367,1,-1
2024-12-27 15:00:15,23367,23368,23367,1,-1
2024-12-27 15:00:15,23367,23368,23366,1,-1
2024-12-27 15:00:15,23365,23368,23365,1,-1
2024-12-27 15:00:15,23365,23368,23367,1,1
2024-12-27 15:00:15,23364,23368,23368,1,1
2024-12-27 15:00:15,23364,23368,23368,1,1
2024-12-27 15:00:15,23364,23368,23368,1,1
2024-12-27 15:00:15,23364,23368,23365,1,-1
2024-12-27 15:00:15,23364,23368,23368,1,1
2024-12-27 15:00:16,23365,23369,23367,1,1
2024-12-27 15:00:16,23365,23369,23369,1,1
2024-12-27 15:00:16,23365,23369,23366,1,-1
2024-12-27 15:00:16,23365,23369,23369,1,1
2024-12-27 15:00:16,23365,23369,23366,1,-1
2024-12-27 15:00:16,23365,23369,23367,1,1
2024-12-27 15:00:18,23367,23368,23368,1,1
2024-12-27 15:00:18,23367,23368,23367,2,-2
2024-12-27 15:00:19,23367,23369,23367,2,-2
2024-12-27 15:00:19,23366,23370,23367,2,-2
2024-12-27 15:00:19,23366,23370,23366,1,-1
2024-12-27 15:00:20,23367,23368,23368,1,1
2024-12-27 15:00:20,23367,23368,23369,5,5
2024-12-27 15:00:20,23367,23368,23367,1,-1
2024-12-27 15:00:21,23366,23370,23367,1,-1
2024-12-27 15:00:21,23367,23370,23367,1,-1
2024-12-27 15:00:23,23367,23369,23369,1,1
2024-12-27 15:00:23,23367,23369,23370,1,1
2024-12-27 15:00:23,23367,23369,23369,1,1
2024-12-27 15:00:26,23367,23370,23370,1,1
2024-12-27 15:00:26,23367,23370,23370,1,1
2024-12-27 15:00:27,23369,23370,23369,1,-1
2024-12-27 15:00:30,23367,23369,23367,1,-1
2024-12-27 15:00:30,23367,23369,23366,13,-13
2024-12-27 15:00:30,23367,23369,23366,1,-1
2024-12-27 15:00:30,23365,23367,23367,3,3
2024-12-27 15:00:33,23365,23367,23367,1,1
2024-12-27 15:00:33,23365,23367,23367,1,1
2024-12-27 15:00:35,23365,23367,23367,1,1
2024-12-27 15:00:36,23366,23367,23367,1,1
2024-12-27 15:00:37,23367,23368,23366,1,-1
2024-12-27 15:00:37,23367,23368,23365,7,-7
2024-12-27 15:00:38,23364,23367,23365,1,-1
2024-12-27 15:00:38,23365,23368,23367,1,1
2024-12-27 15:00:39,23365,23368,23368,1,1
2024-12-27 15:00:40,23365,23368,23368,1,1
2024-12-27 15:00:41,23366,23368,23368,1,1
2024-12-27 15:00:42,23367,23369,23369,1,1
2024-12-27 15:00:43,23367,23369,23369,1,1
2024-12-27 15:00:44,23367,23369,23369,1,1
2024-12-27 15:00:45,23367,23369,23369,1,1
2024-12-27 15:00:45,23367,23369,23367,2,-2
2024-12-27 15:00:45,23367,23370,23370,1,1
2024-12-27 15:00:45,23367,23370,23370,1,1
2024-12-27 15:00:45,23367,23370,23370,1,1
2024-12-27 15:00:45,23368,23370,23370,1,1
2024-12-27 15:00:46,23368,23370,23368,1,-1
2024-12-27 15:00:47,23368,23369,23369,1,1
2024-12-27 15:00:48,23368,23370,23370,1,1
2024-12-27 15:00:48,23368,23370,23371,2,2
2024-12-27 15:00:48,23368,23370,23370,2,2
2024-12-27 15:00:58,23367,23370,23367,1,-1
2024-12-27 15:00:59,23366,23368,23366,1,-1
2024-12-27 15:00:59,23366,23368,23365,1,-1
2024-12-27 15:01:00,23369,23371,23372,1,1
2024-12-27 15:01:00,23369,23371,23370,2,2
2024-12-27 15:01:00,23369,23371,23370,2,2
2024-12-27 15:01:00,23370,23373,23373,1,1
2024-12-27 15:01:00,23370,23373,23373,1,1
2024-12-27 15:01:00,23370,23373,23373,1,1
2024-12-27 15:01:00,23370,23373,23371,2,-2
2024-12-27 15:01:00,23369,23371,23372,1,1
2024-12-27 15:01:00,23371,23374,23370,1,-1
2024-12-27 15:01:00,23369,23372,23372,1,1
2024-12-27 15:01:00,23370,23373,23374,1,1
2024-12-27 15:01:00,23369,23371,23375,1,1
2024-12-27 15:01:00,23371,23374,23371,1,-1
2024-12-27 15:01:00,23369,23371,23374,1,1
2024-12-27 15:01:00,23369,23371,23374,3,3
2024-12-27 15:01:00,23369,23371,23373,4,4
2024-12-27 15:01:00,23369,23371,23372,1,1
2024-12-27 15:01:00,23369,23371,23371,1,1
2024-12-27 15:01:00,23369,23371,23371,1,1
2024-12-27 15:01:00,23369,23371,23371,2,2
2024-12-27 15:01:00,23365,23368,23371,1,1
2024-12-27 15:01:00,23365,23368,23371,1,1
2024-12-27 15:01:00,23365,23368,23370,1,1
2024-12-27 15:01:00,23365,23368,23369,2,2
2024-12-27 15:01:00,23365,23368,23368,2,2
2024-12-27 15:01:00,23369,23371,23375,1,1
2024-12-27 15:01:01,23366,23369,23366,1,-1
2024-12-27 15:01:01,23369,23373,23369,1,-1
2024-12-27 15:01:01,23369,23373,23370,1,-1
2024-12-27 15:01:01,23369,23373,23373,3,3
2024-12-27 15:01:01,23370,23373,23370,1,-1
2024-12-27 15:01:01,23370,23373,23369,1,-1
2024-12-27 15:01:03,23367,23369,23367,1,-1
2024-12-27 15:01:05,23366,23368,23368,1,1
2024-12-27 15:01:06,23367,23369,23367,2,-2
2024-12-27 15:01:07,23365,23367,23365,1,-1
2024-12-27 15:01:09,23365,23366,23366,1,1
2024-12-27 15:01:10,23365,23366,23366,1,1
2024-12-27 15:01:12,23366,23367,23366,1,-1
2024-12-27 15:01:14,23365,23367,23365,1,-1
2024-12-27 15:01:15,23362,23364,23362,3,-3
2024-12-27 15:01:15,23362,23364,23362,1,-1
2024-12-27 15:01:15,23365,23366,23363,1,-1
2024-12-27 15:01:15,23365,23366,23363,2,-2
2024-12-27 15:01:15,23365,23366,23364,10,-10
2024-12-27 15:01:15,23365,23366,23366,1,1
2024-12-27 15:01:15,23365,23366,23365,1,-1
2024-12-27 15:01:15,23365,23366,23365,1,-1
2024-12-27 15:01:15,23365,23366,23363,1,-1
2024-12-27 15:01:16,23362,23364,23364,1,1
2024-12-27 15:01:17,23362,23364,23362,1,-1
2024-12-27 15:01:17,23362,23364,23362,1,-1
2024-12-27 15:01:18,23362,23364,23362,1,-1
2024-12-27 15:01:18,23361,23364,23364,1,1
2024-12-27 15:01:19,23362,23363,23363,1,1
2024-12-27 15:01:19,23362,23363,23362,1,-1
2024-12-27 15:01:20,23362,23364,23362,1,-1
2024-12-27 15:01:21,23362,23364,23362,1,-1
2024-12-27 15:01:22,23361,23363,23361,1,-1
2024-12-27 15:01:22,23363,23364,23363,1,-1
2024-12-27 15:01:23,23362,23363,23362,1,-1
2024-12-27 15:01:24,23361,23363,23361,1,-1
2024-12-27 15:01:25,23361,23363,23361,1,-1
2024-12-27 15:01:25,23361,23363,23361,3,-3
2024-12-27 15:01:25,23361,23363,23360,5,-5
2024-12-27 15:01:25,23358,23360,23360,1,1
2024-12-27 15:01:26,23358,23360,23358,1,-1
2024-12-27 15:01:26,23358,23360,23358,1,-1
2024-12-27 15:01:26,23357,23360,23360,1,1
2024-12-27 15:01:27,23358,23360,23360,1,1
2024-12-27 15:01:27,23358,23360,23360,2,2
2024-12-27 15:01:27,23360,23362,23362,1,1
2024-12-27 15:01:30,23360,23361,23360,1,-1
2024-12-27 15:01:31,23360,23361,23360,1,-1
2024-12-27 15:01:32,23360,23361,23360,1,-1
2024-12-27 15:01:33,23360,23361,23360,1,-1
2024-12-27 15:01:34,23360,23361,23360,1,-1
2024-12-27 15:01:34,23360,23361,23360,1,-1
2024-12-27 15:01:36,23359,23361,23359,1,-1
2024-12-27 15:01:37,23360,23361,23360,1,-1
2024-12-27 15:01:39,23359,23361,23359,1,-1
2024-12-27 15:01:39,23359,23361,23359,1,-1
2024-12-27 15:01:40,23359,23361,23359,3,-3
2024-12-27 15:01:40,23359,23361,23358,2,-2
2024-12-27 15:01:47,23359,23360,23360,3,3
2024-12-27 15:01:48,23361,23362,23361,1,-1
2024-12-27 15:01:49,23361,23362,23362,1,1
2024-12-27 15:01:49,23361,23362,23363,1,1
2024-12-27 15:01:49,23361,23362,23363,1,1
2024-12-27 15:02:03,23362,23363,23363,1,1
2024-12-27 15:02:03,23362,23363,23362,1,-1
2024-12-27 15:02:04,23362,23363,23362,1,-1
2024-12-27 15:02:04,23362,23363,23362,1,-1
2024-12-27 15:02:05,23361,23363,23363,1,1
2024-12-27 15:02:12,23362,23363,23363,1,1
2024-12-27 15:02:18,23362,23363,23362,1,-1
2024-12-27 15:02:19,23362,23363,23365,1,1
2024-12-27 15:02:19,23362,23363,23366,1,1
2024-12-27 15:02:19,23362,23363,23364,2,2
2024-12-27 15:02:19,23362,23363,23363,2,2
2024-12-27 15:02:19,23362,23363,23365,4,4
2024-12-27 15:02:20,23365,23367,23365,1,-1
2024-12-27 15:02:21,23362,23365,23362,7,-7
2024-12-27 15:02:23,23361,23362,23361,1,-1
2024-12-27 15:02:26,23361,23362,23361,1,-1
2024-12-27 15:02:26,23361,23362,23361,2,-2
2024-12-27 15:02:26,23361,23362,23360,4,-4
2024-12-27 15:02:27,23359,23361,23361,1,1
2024-12-27 15:02:28,23360,23361,23361,1,1
2024-12-27 15:02:30,23360,23361,23361,1,1
2024-12-27 15:02:31,23361,23363,23361,1,-1
2024-12-27 15:02:32,23360,23363,23361,1,-1
2024-12-27 15:02:34,23361,23362,23361,1,-1
2024-12-27 15:02:35,23361,23362,23362,2,2
2024-12-27 15:02:35,23361,23362,23362,1,1
2024-12-27 15:02:36,23362,23363,23363,2,2
2024-12-27 15:02:36,23363,23364,23363,1,-1
2024-12-27 15:02:36,23363,23364,23363,1,-1
2024-12-27 15:02:39,23361,23364,23364,1,1
2024-12-27 15:02:40,23362,23364,23364,1,1
2024-12-27 15:02:43,23362,23364,23364,1,1
2024-12-27 15:02:53,23361,23363,23364,1,1
2024-12-27 15:02:53,23362,23364,23362,1,-1
2024-12-27 15:02:53,23361,23363,23363,2,2
2024-12-27 15:02:58,23361,23364,23364,1,1
2024-12-27 15:03:02,23361,23362,23362,1,1
2024-12-27 15:03:02,23361,23362,23362,1,1
2024-12-27 15:03:04,23361,23362,23361,1,-1
2024-12-27 15:03:04,23361,23362,23360,5,-5
2024-12-27 15:03:04,23359,23362,23362,1,1
2024-12-27 15:03:04,23360,23363,23363,1,1
2024-12-27 15:03:05,23360,23362,23362,1,1
2024-12-27 15:03:18,23362,23363,23362,1,-1
2024-12-27 15:03:20,23361,23363,23363,2,2
2024-12-27 15:03:26,23361,23362,23361,1,-1
2024-12-27 15:03:32,23361,23362,23362,1,1
2024-12-27 15:03:37,23361,23362,23362,1,1
2024-12-27 15:03:39,23361,23363,23361,1,-1
2024-12-27 15:03:44,23361,23362,23361,1,-1
2024-12-27 15:03:44,23361,23362,23361,2,-2
2024-12-27 15:03:46,23360,23361,23361,1,1
2024-12-27 15:03:46,23360,23362,23362,1,1
2024-12-27 15:03:48,23360,23362,23362,1,1
2024-12-27 15:03:54,23362,23363,23362,1,-1
2024-12-27 15:03:58,23362,23363,23363,4,4
2024-12-27 15:04:01,23362,23364,23364,1,1
2024-12-27 15:04:03,23362,23364,23364,4,4
2024-12-27 15:04:07,23362,23363,23363,1,1
2024-12-27 15:04:08,23362,23364,23362,1,-1
2024-12-27 15:04:13,23362,23364,23362,1,-1
2024-12-27 15:04:20,23360,23363,23363,1,1
2024-12-27 15:04:32,23360,23362,23362,1,1
2024-12-27 15:04:36,23361,23363,23361,1,-1
2024-12-27 15:04:56,23359,23361,23359,1,-1
2024-12-27 15:04:56,23359,23361,23361,1,1
2024-12-27 15:04:56,23361,23362,23360,1,-1
2024-12-27 15:04:56,23361,23362,23360,1,-1
2024-12-27 15:04:56,23361,23362,23361,1,-1
2024-12-27 15:04:56,23361,23362,23361,2,-2
2024-12-27 15:04:56,23361,23362,23360,1,-1
2024-12-27 15:05:04,23359,23362,23362,4,4
2024-12-27 15:05:04,23360,23363,23363,1,1
2024-12-27 15:05:07,23361,23363,23361,1,-1
2024-12-27 15:05:15,23361,23363,23361,1,-1
2024-12-27 15:05:20,23360,23362,23362,1,1
2024-12-27 15:05:20,23360,23362,23361,1,1
2024-12-27 15:05:25,23361,23363,23361,1,-1
2024-12-27 15:05:31,23361,23363,23363,1,1
2024-12-27 15:05:31,23361,23363,23363,2,2
2024-12-27 15:05:31,23361,23363,23363,1,1
2024-12-27 15:05:48,23364,23365,23365,1,1
2024-12-27 15:05:48,23364,23365,23365,1,1
2024-12-27 15:05:48,23364,23365,23365,1,1
2024-12-27 15:05:48,23364,23365,23365,1,1
2024-12-27 15:05:55,23364,23365,23364,1,-1
2024-12-27 15:05:55,23364,23365,23364,1,-1
2024-12-27 15:06:01,23363,23364,23364,1,1
2024-12-27 15:06:01,23363,23364,23364,1,1
2024-12-27 15:06:01,23363,23365,23365,3,3
2024-12-27 15:06:05,23363,23365,23365,1,1
2024-12-27 15:06:06,23363,23364,23364,3,3
2024-12-27 15:06:10,23364,23366,23364,1,-1
2024-12-27 15:06:12,23364,23367,23364,1,-1
2024-12-27 15:06:17,23365,23366,23366,1,1
2024-12-27 15:06:21,23366,23367,23366,1,-1
2024-12-27 15:06:22,23365,23366,23365,1,-1
2024-12-27 15:06:23,23364,23366,23365,1,-1
2024-12-27 15:06:27,23364,23366,23366,1,1
2024-12-27 15:06:34,23365,23367,23365,1,-1
2024-12-27 15:06:41,23364,23366,23364,1,-1
2024-12-27 15:06:45,23364,23366,23364,1,-1
2024-12-27 15:06:49,23364,23366,23364,1,-1
2024-12-27 15:06:52,23364,23365,23364,2,-2
2024-12-27 15:06:57,23364,23366,23364,1,-1
2024-12-27 15:07:04,23364,23366,23366,1,1
2024-12-27 15:07:23,23363,23364,23363,1,-1
2024-12-27 15:07:27,23361,23364,23363,2,2
2024-12-27 15:07:27,23361,23364,23361,2,-2
2024-12-27 15:07:33,23362,23364,23362,1,-1
2024-12-27 15:07:34,23361,23364,23364,1,1
2024-12-27 15:07:34,23361,23364,23364,1,1
2024-12-27 15:07:43,23361,23364,23361,1,-1
2024-12-27 15:07:44,23361,23364,23361,1,-1
2024-12-27 15:07:47,23361,23364,23361,1,-1
2024-12-27 15:07:51,23361,23363,23361,1,-1
2024-12-27 15:08:03,23361,23364,23364,1,1
2024-12-27 15:08:03,23360,23363,23363,1,1
2024-12-27 15:08:03,23361,23364,23361,1,-1
2024-12-27 15:08:03,23360,23362,23360,1,-1
2024-12-27 15:08:03,23360,23362,23360,2,-2
2024-12-27 15:08:03,23359,23362,23362,1,1
2024-12-27 15:08:04,23361,23364,23364,1,1
2024-12-27 15:08:04,23361,23364,23365,1,1
2024-12-27 15:08:04,23362,23365,23365,1,1
2024-12-27 15:08:04,23363,23365,23365,1,1
2024-12-27 15:08:04,23363,23366,23366,1,1
2024-12-27 15:08:04,23363,23366,23363,1,-1
2024-12-27 15:08:04,23363,23366,23366,1,1
2024-12-27 15:08:04,23363,23366,23366,1,1
2024-12-27 15:08:05,23364,23366,23366,1,1
2024-12-27 15:08:05,23364,23367,23367,1,1
2024-12-27 15:08:05,23364,23366,23366,1,1
2024-12-27 15:08:05,23364,23366,23366,1,1
2024-12-27 15:08:05,23364,23366,23366,1,1
2024-12-27 15:08:05,23363,23366,23366,1,1
2024-12-27 15:08:06,23364,23367,23367,1,1
2024-12-27 15:08:06,23364,23367,23367,1,1
2024-12-27 15:08:06,23364,23367,23367,1,1
2024-12-27 15:08:06,23365,23368,23368,1,1
2024-12-27 15:08:18,23364,23367,23364,2,-2
2024-12-27 15:08:20,23364,23366,23366,3,3
2024-12-27 15:08:25,23365,23368,23368,2,2
2024-12-27 15:08:33,23367,23369,23367,1,-1
2024-12-27 15:08:33,23366,23368,23368,1,1
2024-12-27 15:08:35,23367,23369,23369,1,1
2024-12-27 15:08:38,23366,23368,23368,1,1
2024-12-27 15:08:38,23366,23368,23369,2,2
2024-12-27 15:08:53,23366,23369,23369,2,2
2024-12-27 15:08:56,23366,23368,23366,1,-1
2024-12-27 15:09:01,23365,23368,23365,5,-5
2024-12-27 15:09:01,23365,23368,23364,7,-7
2024-12-27 15:09:05,23362,23363,23362,1,-1
2024-12-27 15:09:13,23361,23363,23363,4,4
2024-12-27 15:09:14,23361,23363,23360,2,-2
2024-12-27 15:09:14,23361,23363,23360,4,-4
2024-12-27 15:09:14,23361,23363,23361,1,-1
2024-12-27 15:09:15,23359,23360,23360,1,1
2024-12-27 15:09:15,23359,23360,23361,2,2
2024-12-27 15:09:15,23359,23361,23361,1,1
2024-12-27 15:09:23,23361,23364,23361,1,-1
2024-12-27 15:09:33,23361,23362,23361,1,-1
2024-12-27 15:09:37,23360,23361,23360,4,-4
2024-12-27 15:09:39,23359,23360,23360,1,1
2024-12-27 15:09:39,23359,23360,23360,3,3
2024-12-27 15:09:44,23359,23360,23360,1,1
2024-12-27 15:09:52,23360,23361,23360,1,-1
2024-12-27 15:09:54,23359,23360,23360,2,2
2024-12-27 15:09:54,23359,23360,23359,1,-1
2024-12-27 15:10:03,23359,23361,23361,1,1
2024-12-27 15:10:03,23361,23363,23363,1,1
2024-12-27 15:10:03,23361,23363,23364,1,1
2024-12-27 15:10:04,23363,23364,23364,1,1
2024-12-27 15:10:05,23364,23365,23365,2,2
2024-12-27 15:10:05,23364,23365,23365,2,2
2024-12-27 15:10:05,23364,23365,23365,1,1
2024-12-27 15:10:05,23364,23365,23365,1,1
2024-12-27 15:10:05,23364,23365,23365,1,1
2024-12-27 15:10:05,23364,23365,23365,3,3
2024-12-27 15:10:15,23364,23365,23366,2,2
2024-12-27 15:10:15,23364,23365,23365,2,2
2024-12-27 15:10:48,23367,23369,23367,1,-1
2024-12-27 15:10:48,23367,23369,23366,1,-1
2024-12-27 15:10:55,23367,23369,23369,1,1
2024-12-27 15:10:55,23367,23369,23369,3,3
2024-12-27 15:10:55,23367,23369,23370,4,4
2024-12-27 15:10:55,23367,23369,23370,1,1
2024-12-27 15:10:55,23367,23369,23371,4,4
2024-12-27 15:10:55,23367,23369,23371,1,1
2024-12-27 15:10:57,23370,23372,23370,1,-1
2024-12-27 15:11:01,23367,23369,23367,1,-1
2024-12-27 15:11:01,23367,23369,23367,2,-2
2024-12-27 15:11:04,23367,23368,23367,1,-1
2024-12-27 15:11:06,23366,23368,23366,2,-2
2024-12-27 15:11:06,23366,23368,23366,1,-1
2024-12-27 15:11:06,23366,23368,23366,1,-1
2024-12-27 15:11:06,23366,23368,23366,1,-1
2024-12-27 15:11:08,23365,23366,23367,1,1
2024-12-27 15:11:08,23365,23366,23366,2,2
2024-12-27 15:11:09,23365,23367,23367,1,1
2024-12-27 15:11:13,23368,23370,23371,1,1
2024-12-27 15:11:13,23368,23370,23370,1,1
2024-12-27 15:11:19,23370,23373,23371,1,-1
2024-12-27 15:11:25,23371,23372,23372,1,1
2024-12-27 15:11:26,23374,23376,23376,1,1
2024-12-27 15:11:26,23374,23376,23375,5,5
2024-12-27 15:11:26,23374,23376,23376,1,1
2024-12-27 15:11:26,23372,23374,23374,2,2
2024-12-27 15:11:26,23372,23374,23375,1,1
2024-12-27 15:11:26,23372,23374,23375,1,1
2024-12-27 15:11:26,23374,23376,23374,1,-1
2024-12-27 15:11:27,23374,23376,23374,4,-4
2024-12-27 15:11:28,23373,23376,23373,1,-1
2024-12-27 15:11:28,23373,23375,23375,1,1
2024-12-27 15:11:28,23373,23375,23375,1,1
2024-12-27 15:11:29,23375,23377,23376,1,1
2024-12-27 15:11:29,23375,23377,23376,1,1
2024-12-27 15:11:29,23375,23377,23377,1,1
2024-12-27 15:11:29,23373,23375,23375,1,1
2024-12-27 15:11:29,23373,23375,23376,1,1
2024-12-27 15:11:30,23374,23377,23377,1,1
2024-12-27 15:11:30,23375,23377,23377,1,1
2024-12-27 15:11:30,23375,23377,23375,1,-1
2024-12-27 15:11:30,23375,23378,23375,2,-2
2024-12-27 15:11:33,23373,23374,23374,1,1
2024-12-27 15:11:34,23373,23374,23373,1,-1
2024-12-27 15:11:39,23372,23373,23373,2,2
2024-12-27 15:11:40,23372,23375,23373,1,-1
2024-12-27 15:11:40,23373,23375,23373,1,-1
2024-12-27 15:11:41,23372,23374,23374,2,2
2024-12-27 15:11:46,23373,23375,23373,1,-1
2024-12-27 15:11:46,23373,23375,23373,1,-1
2024-12-27 15:11:52,23373,23375,23373,1,-1
2024-12-27 15:11:57,23373,23375,23373,1,-1
2024-12-27 15:11:59,23373,23374,23373,1,-1
2024-12-27 15:12:06,23372,23374,23372,1,-1
2024-12-27 15:12:06,23372,23374,23372,1,-1
2024-12-27 15:12:08,23372,23374,23372,1,-1
2024-12-27 15:12:10,23372,23374,23374,3,3
2024-12-27 15:12:10,23372,23375,23372,1,-1
2024-12-27 15:12:14,23372,23373,23373,1,1
2024-12-27 15:12:17,23372,23374,23372,3,-3
2024-12-27 15:12:18,23370,23372,23371,1,-1
2024-12-27 15:12:18,23370,23372,23370,9,-9
2024-12-27 15:12:21,23368,23369,23368,1,-1
2024-12-27 15:12:21,23368,23369,23368,1,-1
2024-12-27 15:12:24,23368,23369,23368,1,-1
2024-12-27 15:12:26,23367,23369,23367,1,-1
2024-12-27 15:12:28,23366,23367,23366,1,-1
2024-12-27 15:12:30,23366,23367,23366,1,-1
2024-12-27 15:12:31,23366,23367,23366,1,-1
2024-12-27 15:12:31,23366,23369,23366,1,-1
2024-12-27 15:12:32,23366,23369,23367,1,-1
2024-12-27 15:12:33,23366,23369,23366,1,-1
2024-12-27 15:12:41,23367,23368,23368,1,1
2024-12-27 15:12:42,23367,23368,23368,1,1
2024-12-27 15:12:46,23368,23369,23369,1,1
2024-12-27 15:12:46,23368,23369,23369,1,1
2024-12-27 15:12:46,23369,23370,23370,4,4
2024-12-27 15:12:46,23369,23370,23371,1,1
2024-12-27 15:12:47,23371,23372,23371,1,-1
2024-12-27 15:12:50,23371,23372,23372,1,1
2024-12-27 15:12:50,23371,23372,23372,1,1
2024-12-27 15:12:52,23371,23373,23373,1,1
2024-12-27 15:12:53,23371,23373,23373,1,1
2024-12-27 15:12:55,23371,23372,23372,1,1
2024-12-27 15:13:03,23371,23372,23371,1,-1
2024-12-27 15:13:03,23370,23372,23370,1,-1
2024-12-27 15:13:03,23368,23370,23368,1,-1
2024-12-27 15:13:08,23367,23370,23367,1,-1
2024-12-27 15:13:08,23367,23370,23367,1,-1
2024-12-27 15:13:08,23367,23370,23367,1,-1
2024-12-27 15:13:09,23367,23370,23367,1,-1
2024-12-27 15:13:24,23368,23370,23370,1,1
2024-12-27 15:13:24,23368,23370,23371,4,4
2024-12-27 15:13:25,23370,23373,23370,1,-1
2024-12-27 15:13:52,23367,23368,23368,1,1
2024-12-27 15:13:52,23367,23368,23368,1,1
2024-12-27 15:14:21,23366,23368,23368,1,1
2024-12-27 15:14:29,23366,23368,23368,1,1
2024-12-27 15:14:45,23366,23367,23367,1,1
2024-12-27 15:14:54,23367,23368,23368,1,1
2024-12-27 15:14:58,23367,23369,23367,1,-1
2024-12-27 15:15:13,23367,23369,23367,1,-1
2024-12-27 15:15:13,23366,23369,23369,1,1
2024-12-27 15:15:13,23366,23369,23370,1,1
2024-12-27 15:15:15,23368,23370,23368,1,-1
2024-12-27 15:15:15,23368,23370,23370,1,1
2024-12-27 15:15:15,23368,23370,23370,3,3
2024-12-27 15:15:20,23368,23371,23370,1,1
2024-12-27 15:15:27,23368,23370,23370,1,1
2024-12-27 15:15:27,23370,23371,23370,2,-2
2024-12-27 15:15:27,23370,23371,23370,14,-14
2024-12-27 15:15:28,23368,23371,23368,1,-1
2024-12-27 15:15:29,23368,23370,23371,1,1
2024-12-27 15:15:29,23368,23370,23371,1,1
2024-12-27 15:15:45,23369,23371,23369,1,-1
2024-12-27 15:15:45,23369,23371,23371,1,1
2024-12-27 15:15:55,23370,23371,23372,1,1
2024-12-27 15:15:55,23370,23371,23372,2,2
2024-12-27 15:15:55,23370,23371,23372,1,1
2024-12-27 15:15:55,23370,23371,23372,1,1
2024-12-27 15:15:55,23370,23371,23372,1,1
2024-12-27 15:15:55,23370,23371,23372,2,2
2024-12-27 15:15:55,23370,23371,23372,1,1
2024-12-27 15:15:55,23370,23371,23372,1,1
2024-12-27 15:15:55,23370,23371,23371,2,2
2024-12-27 15:16:00,23371,23372,23372,2,2
2024-12-27 15:16:00,23371,23372,23372,3,3
2024-12-27 15:16:01,23373,23374,23373,1,-1
2024-12-27 15:16:01,23373,23374,23373,1,-1
2024-12-27 15:16:04,23372,23373,23372,1,-1
2024-12-27 15:16:09,23371,23372,23372,1,1
2024-12-27 15:16:12,23371,23372,23373,1,1
2024-12-27 15:16:12,23371,23372,23373,1,1
2024-12-27 15:16:12,23371,23372,23372,1,1
2024-12-27 15:16:12,23371,23372,23372,1,1
2024-12-27 15:16:12,23371,23372,23372,1,1
2024-12-27 15:16:12,23371,23372,23372,1,1
2024-12-27 15:16:13,23372,23374,23372,1,-1
2024-12-27 15:16:25,23373,23374,23374,1,1
2024-12-27 15:16:25,23373,23374,23374,3,3
2024-12-27 15:16:25,23373,23374,23374,1,1
2024-12-27 15:16:25,23373,23374,23374,1,1
2024-12-27 15:16:26,23373,23375,23375,1,1
2024-12-27 15:16:26,23373,23375,23375,1,1
2024-12-27 15:16:26,23373,23375,23374,1,1
2024-12-27 15:16:26,23373,23374,23374,1,1
2024-12-27 15:16:26,23373,23375,23375,1,1
2024-12-27 15:16:30,23374,23375,23375,1,1
2024-12-27 15:16:30,23374,23375,23375,7,7
2024-12-27 15:16:31,23375,23376,23376,3,3
2024-12-27 15:16:31,23375,23376,23377,1,1
2024-12-27 15:16:31,23375,23376,23378,1,1
2024-12-27 15:16:31,23375,23378,23378,1,1
2024-12-27 15:16:34,23375,23378,23375,1,-1
2024-12-27 15:16:36,23375,23377,23377,1,1
2024-12-27 15:16:36,23375,23377,23377,4,4
2024-12-27 15:16:37,23374,23375,23375,1,1
2024-12-27 15:16:37,23375,23377,23375,2,-2
2024-12-27 15:16:39,23374,23375,23374,1,-1
2024-12-27 15:16:39,23372,23375,23372,2,-2
2024-12-27 15:16:42,23372,23374,23372,1,-1
2024-12-27 15:16:44,23372,23374,23374,1,1
2024-12-27 15:16:45,23372,23374,23372,2,-2
2024-12-27 15:16:54,23372,23374,23372,1,-1
2024-12-27 15:17:02,23372,23374,23374,1,1
2024-12-27 15:17:02,23373,23376,23376,4,4
2024-12-27 15:17:02,23373,23376,23373,1,-1
2024-12-27 15:17:03,23373,23376,23373,1,-1
2024-12-27 15:17:04,23372,23375,23372,1,-1
2024-12-27 15:17:05,23372,23375,23372,1,-1
2024-12-27 15:17:24,23372,23374,23373,1,-1
2024-12-27 15:17:25,23372,23373,23372,1,-1
2024-12-27 15:17:26,23372,23373,23372,1,-1
2024-12-27 15:17:26,23372,23373,23372,3,-3
2024-12-27 15:17:26,23371,23373,23372,1,-1
2024-12-27 15:17:26,23371,23373,23371,1,-1
2024-12-27 15:17:37,23372,23373,23373,2,2
2024-12-27 15:18:04,23372,23375,23375,1,1
2024-12-27 15:18:04,23372,23375,23372,1,-1
2024-12-27 15:18:20,23374,23375,23375,1,1
2024-12-27 15:18:21,23374,23376,23374,1,-1
2024-12-27 15:18:27,23374,23375,23375,1,1
2024-12-27 15:18:29,23374,23376,23375,1,1
2024-12-27 15:18:48,23375,23376,23376,1,1
2024-12-27 15:18:54,23375,23376,23375,1,-1
2024-12-27 15:18:59,23374,23375,23374,1,-1
2024-12-27 15:18:59,23374,23375,23374,2,-2
2024-12-27 15:19:07,23373,23375,23376,3,3
2024-12-27 15:19:07,23373,23375,23375,2,2
2024-12-27 15:19:08,23374,23376,23374,1,-1
2024-12-27 15:19:16,23373,23375,23373,1,-1
2024-12-27 15:19:23,23372,23375,23372,1,-1
2024-12-27 15:19:35,23372,23373,23372,1,-1
2024-12-27 15:19:35,23372,23373,23372,1,-1
2024-12-27 15:19:38,23370,23373,23370,1,-1
2024-12-27 15:19:53,23368,23369,23369,1,1
2024-12-27 15:19:54,23368,23369,23368,1,-1
2024-12-27 15:20:02,23368,23369,23369,1,1
2024-12-27 15:20:02,23368,23369,23369,2,2
2024-12-27 15:20:02,23369,23372,23372,2,2
2024-12-27 15:20:02,23369,23372,23373,2,2
2024-12-27 15:20:02,23369,23372,23374,4,4
2024-12-27 15:20:10,23373,23374,23373,1,-1
2024-12-27 15:20:25,23372,23373,23372,1,-1
2024-12-27 15:20:25,23371,23373,23373,1,1
2024-12-27 15:20:25,23371,23373,23374,1,1
2024-12-27 15:20:43,23372,23375,23377,1,1
2024-12-27 15:20:43,23372,23375,23377,1,1
2024-12-27 15:20:43,23372,23375,23376,5,5
2024-12-27 15:20:43,23372,23375,23376,1,1
2024-12-27 15:20:43,23372,23375,23376,1,1
2024-12-27 15:20:43,23372,23375,23376,1,1
2024-12-27 15:20:43,23372,23375,23376,1,1
2024-12-27 15:20:43,23372,23375,23376,1,1
2024-12-27 15:20:43,23372,23375,23375,1,1
2024-12-27 15:20:43,23372,23375,23375,1,1
2024-12-27 15:20:43,23372,23375,23375,1,1
2024-12-27 15:20:43,23374,23375,23374,1,-1
2024-12-27 15:20:48,23381,23382,23381,1,-1
2024-12-27 15:20:48,23381,23382,23382,1,1
2024-12-27 15:20:48,23381,23382,23381,1,-1
2024-12-27 15:20:48,23381,23382,23382,1,1
2024-12-27 15:20:48,23381,23382,23382,1,1
2024-12-27 15:20:48,23381,23382,23382,1,1
2024-12-27 15:20:48,23378,23379,23382,1,1
2024-12-27 15:20:48,23378,23379,23382,1,1
2024-12-27 15:20:48,23378,23379,23381,1,1
2024-12-27 15:20:48,23378,23379,23380,1,1
2024-12-27 15:20:48,23378,23379,23379,1,1
2024-12-27 15:20:48,23378,23379,23380,1,1
2024-12-27 15:20:48,23378,23379,23380,1,1
2024-12-27 15:20:48,23378,23379,23380,1,1
2024-12-27 15:20:48,23378,23379,23380,1,1
2024-12-27 15:20:48,23378,23379,23380,1,1
2024-12-27 15:20:48,23378,23379,23380,1,1
2024-12-27 15:20:48,23378,23379,23379,1,1
2024-12-27 15:20:48,23377,23378,23378,2,2
2024-12-27 15:20:48,23378,23379,23380,1,1
2024-12-27 15:20:49,23380,23382,23381,1,-1
2024-12-27 15:20:50,23380,23382,23382,1,1
2024-12-27 15:20:51,23382,23383,23382,1,-1
2024-12-27 15:20:55,23381,23383,23381,1,-1
2024-12-27 15:20:55,23381,23383,23381,2,-2
2024-12-27 15:20:56,23380,23382,23382,1,1
2024-12-27 15:20:56,23381,23384,23381,2,-2
2024-12-27 15:21:05,23380,23382,23380,1,-1
2024-12-27 15:21:05,23380,23382,23382,1,1
2024-12-27 15:21:10,23381,23382,23382,1,1
2024-12-27 15:21:10,23381,23382,23381,1,-1
2024-12-27 15:21:12,23380,23382,23382,1,1
2024-12-27 15:21:13,23380,23383,23380,1,-1
2024-12-27 15:21:20,23380,23382,23380,1,-1
2024-12-27 15:21:26,23380,23382,23380,1,-1
2024-12-27 15:21:26,23379,23382,23382,1,1
2024-12-27 15:21:27,23381,23382,23381,1,-1
2024-12-27 15:21:27,23378,23381,23381,1,1
2024-12-27 15:21:31,23378,23380,23378,1,-1
2024-12-27 15:21:44,23377,23378,23378,1,1
2024-12-27 15:21:48,23377,23378,23378,1,1
2024-12-27 15:21:53,23377,23379,23377,1,-1
2024-12-27 15:22:00,23375,23378,23375,1,-1
2024-12-27 15:22:04,23375,23378,23375,1,-1
2024-12-27 15:22:05,23375,23378,23375,1,-1
2024-12-27 15:22:15,23374,23376,23374,1,-1
2024-12-27 15:22:32,23375,23376,23375,1,-1
2024-12-27 15:22:32,23375,23376,23375,2,-2
2024-12-27 15:22:32,23375,23376,23375,1,-1
2024-12-27 15:22:49,23375,23376,23376,1,1
2024-12-27 15:22:49,23375,23376,23376,1,1
2024-12-27 15:22:49,23373,23375,23375,3,3
2024-12-27 15:22:57,23374,23375,23375,1,1
2024-12-27 15:23:10,23376,23377,23377,1,1
2024-12-27 15:23:11,23376,23377,23377,1,1
2024-12-27 15:23:13,23377,23379,23377,1,-1
2024-12-27 15:23:13,23377,23379,23377,1,-1
2024-12-27 15:23:15,23377,23379,23377,2,-2
2024-12-27 15:23:16,23375,23378,23378,1,1
2024-12-27 15:23:22,23375,23378,23378,1,1
2024-12-27 15:23:23,23375,23378,23378,1,1
2024-12-27 15:23:23,23375,23377,23376,1,1
2024-12-27 15:23:24,23375,23377,23375,2,-2
2024-12-27 15:23:28,23373,23375,23373,1,-1
2024-12-27 15:23:28,23373,23375,23372,8,-8
2024-12-27 15:23:29,23371,23373,23373,1,1
2024-12-27 15:23:36,23371,23373,23371,1,-1
2024-12-27 15:23:41,23371,23373,23371,1,-1
2024-12-27 15:23:41,23371,23373,23371,1,-1
2024-12-27 15:23:44,23371,23373,23371,1,-1
2024-12-27 15:23:59,23371,23373,23371,1,-1
2024-12-27 15:24:07,23371,23373,23371,1,-1
2024-12-27 15:24:13,23372,23373,23372,1,-1
2024-12-27 15:24:16,23372,23373,23373,1,1
2024-12-27 15:24:19,23372,23373,23372,1,-1
2024-12-27 15:24:23,23372,23373,23373,1,1
2024-12-27 15:24:23,23371,23372,23372,2,2
2024-12-27 15:24:23,23371,23372,23372,1,1
2024-12-27 15:24:23,23371,23372,23372,2,2
2024-12-27 15:24:27,23371,23373,23371,1,-1
2024-12-27 15:24:29,23371,23373,23371,2,-2
2024-12-27 15:24:29,23371,23373,23370,16,-16
2024-12-27 15:24:29,23371,23373,23370,1,-1
2024-12-27 15:24:32,23370,23372,23372,1,1
2024-12-27 15:24:40,23369,23372,23372,1,1
2024-12-27 15:24:42,23371,23372,23371,1,-1
2024-12-27 15:24:42,23369,23372,23369,1,-1
2024-12-27 15:24:48,23369,23371,23371,1,1
2024-12-27 15:24:49,23369,23370,23369,1,-1
2024-12-27 15:24:55,23369,23370,23369,1,-1
2024-12-27 15:24:55,23369,23370,23369,2,-2
2024-12-27 15:24:55,23369,23370,23369,1,-1
2024-12-27 15:25:05,23368,23369,23368,1,-1
2024-12-27 15:25:05,23368,23369,23368,4,-4
2024-12-27 15:25:05,23367,23369,23367,4,-4
2024-12-27 15:25:05,23367,23369,23366,11,-11
2024-12-27 15:25:05,23367,23369,23366,2,-2
2024-12-27 15:25:05,23365,23367,23365,1,-1
2024-12-27 15:25:06,23367,23368,23369,1,1
2024-12-27 15:25:06,23367,23368,23368,1,1
2024-12-27 15:25:06,23366,23368,23366,1,-1
2024-12-27 15:25:06,23366,23368,23367,1,1
2024-12-27 15:25:06,23366,23368,23368,6,6
2024-12-27 15:25:07,23368,23369,23368,1,-1
2024-12-27 15:25:07,23366,23369,23366,1,-1
2024-12-27 15:25:09,23366,23369,23369,1,1
2024-12-27 15:25:13,23365,23368,23365,2,-2
2024-12-27 15:25:14,23365,23367,23365,1,-1
2024-12-27 15:25:14,23365,23367,23365,2,-2
2024-12-27 15:25:16,23364,23366,23364,3,-3
2024-12-27 15:25:16,23364,23366,23364,4,-4
2024-12-27 15:25:17,23363,23365,23365,1,1
2024-12-27 15:25:18,23363,23364,23364,2,2
2024-12-27 15:25:22,23363,23364,23364,4,4
2024-12-27 15:25:22,23363,23364,23364,11,11
2024-12-27 15:25:22,23363,23365,23363,1,-1
2024-12-27 15:25:24,23362,23363,23364,1,1
2024-12-27 15:25:24,23362,23363,23363,1,1
2024-12-27 15:25:26,23362,23363,23363,1,1
2024-12-27 15:25:26,23362,23363,23362,1,-1
2024-12-27 15:25:27,23362,23363,23362,1,-1
2024-12-27 15:25:27,23362,23363,23362,3,-3
2024-12-27 15:25:27,23361,23363,23363,1,1
2024-12-27 15:25:29,23361,23363,23361,1,-1
2024-12-27 15:25:29,23361,23363,23361,1,-1
2024-12-27 15:25:29,23361,23362,23362,1,1
2024-12-27 15:25:31,23361,23363,23361,1,-1
2024-12-27 15:25:33,23361,23363,23361,1,-1
2024-12-27 15:25:36,23361,23362,23361,1,-1
2024-12-27 15:25:42,23361,23362,23361,1,-1
2024-12-27 15:25:43,23361,23362,23362,2,2
2024-12-27 15:25:43,23361,23362,23362,1,1
2024-12-27 15:25:43,23361,23362,23362,1,1
2024-12-27 15:25:43,23361,23362,23362,1,1
2024-12-27 15:25:55,23361,23363,23360,1,-1
2024-12-27 15:25:55,23361,23363,23360,2,-2
2024-12-27 15:25:55,23361,23363,23360,1,-1
2024-12-27 15:25:55,23361,23363,23361,5,-5
2024-12-27 15:25:55,23361,23363,23361,1,-1
2024-12-27 15:25:58,23359,23360,23360,1,1
2024-12-27 15:25:58,23359,23360,23360,2,2
2024-12-27 15:25:58,23359,23360,23362,1,1
2024-12-27 15:26:03,23360,23362,23359,1,-1
2024-12-27 15:26:03,23360,23362,23360,4,-4
2024-12-27 15:26:11,23361,23362,23362,1,1
2024-12-27 15:26:12,23361,23362,23361,1,-1
2024-12-27 15:26:14,23360,23362,23362,1,1
2024-12-27 15:26:18,23360,23362,23362,1,1
2024-12-27 15:26:25,23361,23362,23361,1,-1
2024-12-27 15:26:26,23360,23362,23362,2,2
2024-12-27 15:26:29,23360,23361,23361,2,2
2024-12-27 15:26:34,23360,23362,23362,2,2
2024-12-27 15:26:34,23360,23362,23362,1,1
2024-12-27 15:26:34,23362,23363,23362,1,-1
2024-12-27 15:26:36,23361,23363,23361,1,-1
2024-12-27 15:26:40,23361,23363,23361,2,-2
2024-12-27 15:26:42,23360,23361,23361,1,1
2024-12-27 15:26:43,23360,23361,23361,1,1
2024-12-27 15:26:43,23360,23361,23361,1,1
2024-12-27 15:26:43,23360,23361,23361,1,1
2024-12-27 15:26:44,23360,23361,23361,2,2
2024-12-27 15:26:44,23360,23361,23361,1,1
2024-12-27 15:26:45,23361,23362,23361,1,-1
2024-12-27 15:26:52,23356,23359,23357,1,-1
2024-12-27 15:26:52,23356,23359,23357,1,-1
2024-12-27 15:26:52,23356,23358,23357,1,-1
2024-12-27 15:26:52,23356,23358,23357,1,-1
2024-12-27 15:26:52,23356,23358,23357,3,-3
2024-12-27 15:26:52,23356,23358,23356,1,-1
2024-12-27 15:26:52,23361,23362,23357,3,-3
2024-12-27 15:26:52,23361,23362,23357,3,-3
2024-12-27 15:26:52,23361,23362,23357,3,-3
2024-12-27 15:26:52,23361,23362,23357,1,-1
2024-12-27 15:26:52,23361,23362,23358,2,-2
2024-12-27 15:26:52,23361,23362,23358,1,-1
2024-12-27 15:26:52,23361,23362,23358,8,-8
2024-12-27 15:26:52,23361,23362,23358,8,-8
2024-12-27 15:26:52,23361,23362,23358,1,-1
2024-12-27 15:26:52,23361,23362,23358,2,-2
2024-12-27 15:26:52,23361,23362,23359,4,-4
2024-12-27 15:26:52,23361,23362,23360,5,-5
2024-12-27 15:26:52,23361,23362,23360,8,-8
2024-12-27 15:26:52,23361,23362,23361,2,-2
2024-12-27 15:26:53,23357,23359,23359,1,1
2024-12-27 15:26:53,23357,23359,23359,1,1
2024-12-27 15:26:54,23357,23359,23357,1,-1
2024-12-27 15:26:59,23356,23357,23356,1,-1
2024-12-27 15:27:01,23355,23357,23357,2,2
2024-12-27 15:27:02,23355,23357,23357,1,1
2024-12-27 15:27:02,23355,23357,23355,3,-3
2024-12-27 15:27:04,23355,23356,23356,1,1
2024-12-27 15:27:05,23355,23356,23355,1,-1
2024-12-27 15:27:05,23355,23356,23355,5,-5
2024-12-27 15:27:05,23353,23356,23355,1,1
2024-12-27 15:27:06,23353,23356,23355,2,2
2024-12-27 15:27:07,23352,23354,23352,1,-1
2024-12-27 15:27:07,23353,23354,23353,4,-4
2024-12-27 15:27:07,23353,23354,23353,1,-1
2024-12-27 15:27:07,23353,23354,23353,1,-1
2024-12-27 15:27:08,23352,23354,23352,1,-1
2024-12-27 15:27:08,23352,23354,23352,1,-1
2024-12-27 15:27:08,23352,23354,23352,1,-1
2024-12-27 15:27:08,23352,23354,23352,1,-1
2024-12-27 15:27:09,23352,23354,23352,1,-1
2024-12-27 15:27:10,23353,23355,23353,7,-7
2024-12-27 15:27:10,23352,23354,23354,4,4
2024-12-27 15:27:10,23353,23355,23352,3,-3
2024-12-27 15:27:10,23352,23354,23354,1,1
2024-12-27 15:27:10,23352,23354,23354,1,1
2024-12-27 15:27:10,23352,23354,23354,1,1
2024-12-27 15:27:12,23353,23355,23352,1,-1
2024-12-27 15:27:12,23353,23355,23353,2,-2
2024-12-27 15:27:12,23353,23355,23353,1,-1
2024-12-27 15:27:12,23353,23355,23355,1,1
2024-12-27 15:27:13,23353,23354,23353,1,-1
2024-12-27 15:27:18,23353,23354,23354,1,1
2024-12-27 15:27:18,23353,23354,23353,1,-1
2024-12-27 15:27:19,23352,23354,23352,1,-1
2024-12-27 15:27:20,23352,23354,23354,1,1
2024-12-27 15:27:26,23352,23354,23354,1,1
2024-12-27 15:27:36,23353,23354,23354,1,1
2024-12-27 15:27:36,23353,23354,23353,1,-1
2024-12-27 15:27:40,23353,23354,23353,1,-1
2024-12-27 15:27:42,23352,23353,23352,1,-1
2024-12-27 15:27:42,23352,23353,23351,1,-1
2024-12-27 15:27:42,23352,23353,23351,2,-2
2024-12-27 15:27:43,23350,23351,23350,5,-5
2024-12-27 15:27:43,23350,23351,23350,2,-2
2024-12-27 15:27:43,23350,23351,23350,1,-1
2024-12-27 15:27:45,23350,23351,23351,1,1
2024-12-27 15:27:47,23350,23351,23350,1,-1
2024-12-27 15:27:50,23350,23351,23350,1,-1
2024-12-27 15:27:50,23350,23351,23350,1,-1
2024-12-27 15:27:50,23350,23351,23351,1,1
2024-12-27 15:27:50,23350,23351,23350,1,-1
2024-12-27 15:27:52,23350,23351,23351,1,1
2024-12-27 15:27:52,23350,23351,23351,2,2
2024-12-27 15:27:55,23350,23352,23352,2,2
2024-12-27 15:27:58,23351,23352,23352,1,1
2024-12-27 15:27:58,23351,23352,23352,1,1
2024-12-27 15:28:10,23351,23352,23352,5,5
2024-12-27 15:28:10,23351,23352,23352,5,5
2024-12-27 15:28:10,23351,23352,23352,1,1
2024-12-27 15:28:10,23351,23352,23352,1,1
2024-12-27 15:28:10,23351,23352,23352,3,3
2024-12-27 15:28:10,23351,23352,23352,1,1
2024-12-27 15:28:10,23351,23352,23352,2,2
2024-12-27 15:28:11,23350,23352,23350,2,-2
2024-12-27 15:28:11,23351,23352,23351,2,-2
2024-12-27 15:28:11,23351,23352,23351,1,-1
2024-12-27 15:28:12,23350,23351,23350,1,-1
2024-12-27 15:28:12,23350,23351,23350,2,-2
2024-12-27 15:28:12,23350,23351,23350,1,-1
2024-12-27 15:28:12,23350,23351,23350,1,-1
2024-12-27 15:28:13,23349,23350,23349,1,-1
2024-12-27 15:28:17,23348,23350,23348,1,-1
2024-12-27 15:28:21,23349,23350,23349,1,-1
2024-12-27 15:28:27,23349,23350,23350,1,1
2024-12-27 15:28:27,23349,23350,23350,1,1
2024-12-27 15:28:27,23349,23350,23350,1,1
2024-12-27 15:28:27,23349,23350,23350,1,1
2024-12-27 15:28:27,23348,23349,23349,1,1
2024-12-27 15:28:35,23348,23350,23350,1,1
2024-12-27 15:28:36,23348,23350,23348,3,-3
2024-12-27 15:28:38,23348,23350,23348,1,-1
2024-12-27 15:28:41,23348,23349,23348,2,-2
2024-12-27 15:28:55,23348,23349,23349,2,2
2024-12-27 15:29:09,23348,23349,23348,1,-1
2024-12-27 15:29:09,23348,23349,23348,1,-1
2024-12-27 15:29:09,23348,23349,23349,1,1
2024-12-27 15:29:10,23348,23349,23348,1,-1
2024-12-27 15:29:11,23348,23349,23349,1,1
2024-12-27 15:29:11,23348,23349,23348,2,-2
2024-12-27 15:29:15,23348,23349,23348,2,-2
2024-12-27 15:29:16,23348,23349,23348,1,-1
2024-12-27 15:29:18,23348,23349,23349,1,1
2024-12-27 15:29:18,23348,23349,23349,2,2
2024-12-27 15:29:18,23348,23349,23349,1,1
2024-12-27 15:29:22,23348,23350,23348,1,-1
2024-12-27 15:29:24,23348,23350,23348,1,-1
2024-12-27 15:29:34,23349,23350,23350,1,1
2024-12-27 15:29:34,23349,23350,23350,2,2
2024-12-27 15:29:35,23349,23350,23350,2,2
2024-12-27 15:29:35,23349,23350,23350,1,1
2024-12-27 15:29:35,23349,23350,23350,1,1
2024-12-27 15:29:39,23350,23351,23351,1,1
2024-12-27 15:29:39,23350,23351,23351,1,1
2024-12-27 15:29:39,23350,23351,23351,1,1
2024-12-27 15:29:39,23350,23351,23351,1,1
2024-12-27 15:29:39,23350,23351,23351,1,1
2024-12-27 15:29:39,23350,23351,23351,1,1
2024-12-27 15:29:40,23350,23351,23350,1,-1
2024-12-27 15:29:40,23350,23351,23351,1,1
2024-12-27 15:29:45,23351,23352,23351,2,-2
2024-12-27 15:29:46,23351,23352,23352,3,3
2024-12-27 15:29:47,23351,23352,23351,1,-1
2024-12-27 15:29:48,23351,23352,23351,1,-1
2024-12-27 15:29:49,23350,23352,23352,1,1
2024-12-27 15:29:51,23350,23352,23350,1,-1
2024-12-27 15:29:56,23350,23351,23350,1,-1
2024-12-27 15:29:56,23350,23351,23350,2,-2
2024-12-27 15:29:56,23350,23351,23349,1,-1
2024-12-27 15:29:58,23348,23349,23348,1,-1
2024-12-27 15:30:01,23348,23349,23348,1,-1
2024-12-27 15:30:01,23348,23349,23348,2,-2
2024-12-27 15:30:02,23347,23348,23348,1,1
2024-12-27 15:30:05,23348,23350,23349,1,1
2024-12-27 15:30:05,23347,23348,23348,1,1
2024-12-27 15:30:05,23347,23348,23349,1,1
2024-12-27 15:30:05,23347,23348,23348,1,1
2024-12-27 15:30:05,23347,23348,23348,1,1
2024-12-27 15:30:05,23347,23348,23348,1,1
2024-12-27 15:30:06,23348,23350,23348,1,-1
2024-12-27 15:30:11,23349,23350,23349,1,-1
2024-12-27 15:30:12,23348,23350,23350,1,1
2024-12-27 15:30:17,23348,23350,23350,5,5
2024-12-27 15:30:21,23350,23351,23351,2,2
2024-12-27 15:30:21,23350,23351,23351,2,2
2024-12-27 15:30:22,23350,23352,23351,1,1
2024-12-27 15:30:26,23351,23352,23351,1,-1
2024-12-27 15:30:28,23351,23352,23352,1,1
2024-12-27 15:30:28,23351,23352,23352,2,2
2024-12-27 15:30:28,23351,23352,23352,1,1
2024-12-27 15:30:30,23351,23353,23351,1,-1
2024-12-27 15:30:31,23351,23353,23353,1,1
2024-12-27 15:30:37,23351,23353,23353,1,1
2024-12-27 15:30:38,23351,23353,23353,1,1
2024-12-27 15:30:46,23352,23353,23353,1,1
2024-12-27 15:30:49,23352,23353,23353,2,2
2024-12-27 15:30:49,23352,23353,23353,1,1
2024-12-27 15:30:53,23352,23354,23354,1,1
2024-12-27 15:30:58,23353,23355,23355,1,1
2024-12-27 15:31:12,23354,23356,23353,1,-1
2024-12-27 15:31:12,23354,23356,23354,1,-1
2024-12-27 15:31:12,23355,23356,23355,1,-1
2024-12-27 15:31:14,23353,23355,23355,2,2
2024-12-27 15:31:18,23353,23355,23355,1,1
2024-12-27 15:31:21,23352,23353,23353,1,1
2024-12-27 15:31:23,23352,23355,23354,1,1
2024-12-27 15:31:37,23353,23355,23355,1,1
2024-12-27 15:31:39,23353,23355,23355,1,1
2024-12-27 15:31:49,23353,23355,23353,1,-1
2024-12-27 15:31:53,23353,23355,23355,6,6
2024-12-27 15:31:53,23353,23355,23356,1,1
2024-12-27 15:32:27,23357,23358,23357,1,-1
2024-12-27 15:32:41,23357,23358,23357,3,-3
2024-12-27 15:32:41,23357,23358,23357,1,-1
2024-12-27 15:32:44,23356,23357,23356,2,-2
2024-12-27 15:32:44,23356,23357,23356,3,-3
2024-12-27 15:32:50,23355,23356,23355,1,-1
2024-12-27 15:32:55,23355,23356,23355,1,-1
2024-12-27 15:32:55,23355,23356,23355,1,-1
2024-12-27 15:32:55,23355,23356,23355,6,-6
2024-12-27 15:32:55,23355,23356,23355,6,-6
2024-12-27 15:32:55,23355,23356,23355,3,-3
2024-12-27 15:32:55,23355,23356,23355,8,-8
2024-12-27 15:33:02,23355,23357,23355,1,-1
2024-12-27 15:33:02,23353,23354,23355,1,1
2024-12-27 15:33:02,23353,23354,23354,1,1
2024-12-27 15:33:02,23353,23354,23354,2,2
2024-12-27 15:33:04,23354,23357,23354,1,-1
2024-12-27 15:33:10,23355,23357,23357,1,1
2024-12-27 15:33:16,23355,23357,23357,1,1
2024-12-27 15:33:31,23352,23354,23354,1,1
2024-12-27 15:33:39,23352,23354,23354,1,1
2024-12-27 15:33:50,23353,23354,23351,5,-5
2024-12-27 15:33:50,23353,23354,23352,3,-3
2024-12-27 15:33:50,23353,23354,23353,1,-1
2024-12-27 15:33:50,23353,23354,23351,2,-2
2024-12-27 15:33:50,23353,23354,23351,1,-1
2024-12-27 15:33:53,23350,23351,23350,5,-5
2024-12-27 15:33:54,23350,23351,23350,1,-1
2024-12-27 15:33:54,23350,23351,23350,2,-2
2024-12-27 15:33:57,23349,23350,23349,2,-2
2024-12-27 15:33:59,23349,23350,23349,1,-1
2024-12-27 15:34:01,23349,23350,23350,1,1
2024-12-27 15:34:01,23349,23350,23349,1,-1
2024-12-27 15:34:05,23348,23349,23348,2,-2
2024-12-27 15:34:05,23347,23349,23347,1,-1
2024-12-27 15:34:05,23347,23349,23347,1,-1
2024-12-27 15:34:05,23347,23349,23347,2,-2
2024-12-27 15:34:05,23347,23349,23346,1,-1
2024-12-27 15:34:08,23346,23348,23346,1,-1
2024-12-27 15:34:12,23347,23348,23347,1,-1
2024-12-27 15:34:15,23347,23348,23348,3,3
2024-12-27 15:34:23,23348,23349,23348,1,-1
2024-12-27 15:34:26,23347,23349,23348,5,-5
2024-12-27 15:34:27,23347,23349,23348,1,-1
2024-12-27 15:34:43,23348,23349,23349,1,1
2024-12-27 15:34:43,23348,23349,23349,1,1
2024-12-27 15:34:43,23348,23349,23349,2,2
2024-12-27 15:35:02,23348,23349,23349,2,2
2024-12-27 15:35:04,23348,23349,23348,1,-1
2024-12-27 15:35:08,23348,23349,23348,1,-1
2024-12-27 15:35:09,23348,23349,23348,1,-1
2024-12-27 15:35:09,23348,23349,23347,2,-2
2024-12-27 15:35:10,23346,23348,23346,1,-1
2024-12-27 15:35:10,23346,23348,23348,1,1
2024-12-27 15:35:12,23346,23348,23346,1,-1
2024-12-27 15:35:15,23346,23347,23347,1,1
2024-12-27 15:35:17,23346,23347,23347,1,1
2024-12-27 15:35:22,23347,23348,23348,1,1
2024-12-27 15:35:30,23347,23348,23348,1,1
2024-12-27 15:35:33,23347,23348,23348,1,1
2024-12-27 15:35:33,23347,23348,23348,2,2
2024-12-27 15:35:34,23348,23349,23349,1,1
2024-12-27 15:35:34,23349,23351,23349,1,-1
2024-12-27 15:35:44,23351,23352,23352,2,2
2024-12-27 15:35:44,23351,23352,23352,1,1
2024-12-27 15:35:48,23351,23352,23352,3,3
2024-12-27 15:35:48,23351,23352,23352,1,1
2024-12-27 15:35:48,23351,23352,23352,1,1
2024-12-27 15:35:48,23351,23352,23352,1,1
2024-12-27 15:35:48,23351,23352,23352,1,1
2024-12-27 15:35:50,23351,23352,23352,1,1
2024-12-27 15:35:50,23351,23352,23352,1,1
2024-12-27 15:36:01,23351,23352,23351,1,-1
2024-12-27 15:36:01,23351,23352,23351,1,-1
2024-12-27 15:36:01,23351,23352,23351,2,-2
2024-12-27 15:36:01,23351,23352,23351,1,-1
2024-12-27 15:36:01,23351,23352,23351,1,-1
2024-12-27 15:36:01,23351,23352,23351,1,-1
2024-12-27 15:36:14,23350,23351,23350,1,-1
2024-12-27 15:36:14,23350,23351,23350,1,-1
2024-12-27 15:36:19,23349,23351,23349,1,-1
2024-12-27 15:36:19,23349,23351,23349,1,-1
2024-12-27 15:36:23,23348,23349,23348,1,-1
2024-12-27 15:36:26,23347,23349,23348,1,-1
2024-12-27 15:36:27,23348,23349,23348,1,-1
2024-12-27 15:36:28,23348,23349,23349,3,3
2024-12-27 15:36:28,23348,23349,23349,1,1
2024-12-27 15:36:28,23348,23349,23348,1,-1
2024-12-27 15:36:32,23348,23350,23350,2,2
2024-12-27 15:36:41,23350,23352,23352,1,1
2024-12-27 15:36:41,23350,23352,23352,1,1
2024-12-27 15:36:41,23350,23352,23352,1,1
2024-12-27 15:36:41,23350,23352,23352,2,2
2024-12-27 15:36:55,23351,23352,23351,1,-1
2024-12-27 15:37:08,23349,23350,23350,1,1
2024-12-27 15:37:12,23349,23350,23349,1,-1
2024-12-27 15:37:33,23349,23350,23349,1,-1
2024-12-27 15:37:35,23349,23350,23349,1,-1
2024-12-27 15:37:37,23348,23349,23348,1,-1
2024-12-27 15:37:37,23348,23349,23348,1,-1
2024-12-27 15:37:37,23348,23349,23348,1,-1
2024-12-27 15:37:42,23347,23349,23347,1,-1
2024-12-27 15:37:52,23347,23349,23347,5,-5
2024-12-27 15:37:56,23346,23347,23347,4,4
2024-12-27 15:37:56,23346,23347,23348,1,1
2024-12-27 15:37:56,23346,23347,23348,1,1
2024-12-27 15:38:10,23348,23349,23349,1,1
2024-12-27 15:38:28,23348,23349,23349,3,3
2024-12-27 15:38:32,23349,23350,23350,1,1
2024-12-27 15:38:34,23349,23350,23350,1,1
2024-12-27 15:38:34,23349,23350,23350,8,8
2024-12-27 15:39:04,23350,23352,23350,1,-1
2024-12-27 15:39:04,23350,23352,23350,1,-1
2024-12-27 15:39:13,23349,23350,23350,2,2
2024-12-27 15:39:14,23349,23351,23351,1,1
2024-12-27 15:39:20,23350,23352,23350,1,-1
2024-12-27 15:39:41,23351,23352,23352,1,1
2024-12-27 15:39:41,23351,23352,23352,2,2
2024-12-27 15:39:45,23353,23354,23354,1,1
2024-12-27 15:39:50,23353,23354,23354,3,3
2024-12-27 15:39:51,23353,23355,23355,1,1
2024-12-27 15:39:51,23354,23355,23355,1,1
2024-12-27 15:39:53,23354,23356,23356,1,1
2024-12-27 15:39:55,23354,23356,23356,1,1
2024-12-27 15:40:03,23355,23356,23355,4,-4
2024-12-27 15:40:08,23352,23354,23354,1,1
2024-12-27 15:40:10,23352,23353,23353,1,1
2024-12-27 15:40:15,23353,23354,23354,1,1
2024-12-27 15:40:18,23355,23356,23355,2,-2
2024-12-27 15:40:18,23355,23356,23355,1,-1
2024-12-27 15:40:33,23355,23356,23356,1,1
2024-12-27 15:40:34,23355,23356,23356,1,1
2024-12-27 15:40:39,23356,23357,23356,1,-1
2024-12-27 15:40:45,23355,23356,23356,2,2
2024-12-27 15:40:45,23355,23356,23357,2,2
2024-12-27 15:40:51,23355,23357,23357,1,1
2024-12-27 15:40:56,23355,23357,23357,1,1
2024-12-27 15:41:03,23356,23357,23356,1,-1
2024-12-27 15:41:21,23355,23356,23356,1,1
2024-12-27 15:41:27,23356,23357,23357,1,1
2024-12-27 15:41:28,23356,23357,23356,1,-1
2024-12-27 15:41:34,23355,23357,23356,1,-1
2024-12-27 15:41:36,23355,23357,23354,3,-3
2024-12-27 15:41:36,23355,23357,23355,2,-2
2024-12-27 15:42:07,23353,23354,23353,1,-1
2024-12-27 15:42:19,23353,23354,23353,1,-1
2024-12-27 15:42:24,23352,23353,23353,1,1
2024-12-27 15:42:25,23352,23354,23354,5,5
2024-12-27 15:42:36,23353,23355,23356,7,7
2024-12-27 15:42:36,23353,23355,23355,2,2
2024-12-27 15:43:04,23356,23358,23358,5,5
2024-12-27 15:43:28,23356,23357,23356,1,-1
2024-12-27 15:43:36,23356,23357,23357,1,1
2024-12-27 15:43:38,23356,23357,23356,1,-1
2024-12-27 15:43:42,23356,23357,23356,1,-1
2024-12-27 15:43:42,23356,23357,23356,1,-1
2024-12-27 15:43:42,23356,23357,23356,2,-2
2024-12-27 15:43:42,23356,23357,23356,1,-1
2024-12-27 15:43:46,23355,23356,23355,5,-5
2024-12-27 15:43:46,23355,23356,23355,1,-1
2024-12-27 15:43:46,23355,23356,23355,1,-1
2024-12-27 15:43:46,23355,23356,23355,2,-2
2024-12-27 15:43:46,23355,23356,23355,1,-1
2024-12-27 15:43:46,23355,23356,23355,2,-2
2024-12-27 15:43:52,23353,23354,23353,1,-1
2024-12-27 15:44:00,23353,23354,23353,1,-1
2024-12-27 15:44:01,23352,23353,23352,8,-8
2024-12-27 15:44:01,23352,23353,23351,1,-1
2024-12-27 15:44:11,23350,23351,23351,1,1
2024-12-27 15:44:15,23350,23351,23351,1,1
2024-12-27 15:44:15,23350,23351,23351,1,1
2024-12-27 15:44:15,23350,23351,23351,1,1
2024-12-27 15:44:19,23350,23352,23350,1,-1
2024-12-27 15:44:34,23350,23351,23351,1,1
2024-12-27 15:44:36,23350,23352,23352,1,1
2024-12-27 15:44:49,23350,23352,23350,1,-1
2024-12-27 15:44:55,23350,23351,23350,1,-1
2024-12-27 15:44:55,23350,23351,23350,3,-3
2024-12-27 15:45:13,23350,23351,23351,1,1
2024-12-27 15:45:13,23350,23351,23351,3,3
2024-12-27 15:45:13,23351,23352,23350,1,-1
2024-12-27 15:45:15,23350,23353,23350,1,-1
2024-12-27 15:45:44,23351,23353,23351,1,-1
2024-12-27 15:46:00,23351,23352,23352,1,1
2024-12-27 15:46:05,23351,23352,23352,1,1
2024-12-27 15:46:06,23351,23352,23351,1,-1
2024-12-27 15:46:07,23350,23352,23352,1,1
2024-12-27 15:46:07,23350,23352,23352,1,1
2024-12-27 15:46:20,23351,23353,23351,2,-2
2024-12-27 15:46:30,23351,23352,23351,1,-1
2024-12-27 15:46:30,23351,23352,23350,1,-1
2024-12-27 15:46:38,23350,23352,23350,1,-1
2024-12-27 15:46:47,23350,23352,23350,1,-1
2024-12-27 15:47:07,23349,23350,23350,2,2
2024-12-27 15:47:23,23348,23349,23347,1,-1
2024-12-27 15:47:23,23348,23349,23348,1,-1
2024-12-27 15:47:23,23348,23349,23348,1,-1
2024-12-27 15:47:23,23349,23351,23349,2,-2
2024-12-27 15:47:23,23349,23351,23349,1,-1
2024-12-27 15:47:23,23349,23351,23349,1,-1
2024-12-27 15:47:23,23350,23351,23350,1,-1
2024-12-27 15:47:23,23350,23351,23350,1,-1
2024-12-27 15:47:23,23349,23351,23349,1,-1
2024-12-27 15:47:29,23347,23348,23348,2,2
2024-12-27 15:47:35,23347,23349,23347,1,-1
2024-12-27 15:47:36,23347,23349,23349,2,2
2024-12-27 15:47:40,23350,23351,23351,1,1
2024-12-27 15:48:07,23351,23353,23353,1,1
2024-12-27 15:48:07,23351,23353,23353,1,1
2024-12-27 15:48:08,23351,23353,23353,1,1
2024-12-27 15:48:45,23351,23353,23351,1,-1
2024-12-27 15:49:20,23351,23352,23351,2,-2
2024-12-27 15:49:20,23351,23352,23351,1,-1
2024-12-27 15:49:39,23351,23352,23352,1,1
2024-12-27 15:49:39,23351,23352,23352,1,1
2024-12-27 15:49:39,23351,23352,23352,1,1
2024-12-27 15:49:48,23352,23353,23353,1,1
2024-12-27 15:49:48,23352,23353,23353,1,1
2024-12-27 15:49:54,23352,23353,23353,1,1
2024-12-27 15:50:04,23352,23353,23352,1,-1
2024-12-27 15:50:09,23350,23352,23352,1,1
2024-12-27 15:50:39,23352,23353,23354,1,1
2024-12-27 15:50:39,23352,23353,23353,3,3
2024-12-27 15:50:49,23352,23354,23354,1,1
2024-12-27 15:51:26,23352,23353,23353,1,1
2024-12-27 15:51:28,23353,23354,23354,1,1
2024-12-27 15:51:58,23354,23355,23355,1,1
2024-12-27 15:51:58,23354,23355,23355,1,1
2024-12-27 15:51:58,23354,23355,23355,1,1
2024-12-27 15:52:06,23353,23355,23355,1,1
2024-12-27 15:52:06,23353,23355,23355,4,4
2024-12-27 15:52:14,23352,23354,23352,1,-1
2024-12-27 15:52:15,23351,23352,23351,1,-1
2024-12-27 15:52:17,23351,23353,23353,1,1
2024-12-27 15:52:26,23351,23353,23351,1,-1
2024-12-27 15:52:33,23351,23353,23351,1,-1
2024-12-27 15:52:48,23351,23352,23352,2,2
2024-12-27 15:53:04,23352,23354,23352,1,-1
2024-12-27 15:53:04,23352,23354,23352,1,-1
2024-12-27 15:53:05,23351,23353,23351,6,-6
2024-12-27 15:53:05,23351,23353,23350,2,-2
2024-12-27 15:53:05,23351,23353,23350,1,-1
2024-12-27 15:53:05,23351,23353,23350,3,-3
2024-12-27 15:53:19,23350,23352,23350,1,-1
2024-12-27 15:53:19,23350,23352,23352,1,1
2024-12-27 15:53:21,23350,23352,23352,1,1
2024-12-27 15:53:29,23351,23353,23353,1,1
2024-12-27 15:53:56,23352,23354,23352,1,-1
2024-12-27 15:54:46,23352,23353,23353,1,1
2024-12-27 15:54:50,23352,23354,23354,1,1
2024-12-27 15:54:50,23352,23354,23355,1,1
2024-12-27 15:54:53,23352,23353,23353,1,1
2024-12-27 15:54:58,23352,23354,23354,2,2
2024-12-27 15:54:59,23352,23353,23353,1,1
2024-12-27 15:55:01,23353,23355,23355,2,2
2024-12-27 15:55:02,23353,23355,23355,1,1
2024-12-27 15:55:02,23353,23356,23356,2,2
2024-12-27 15:55:05,23353,23356,23356,2,2
2024-12-27 15:55:29,23354,23355,23355,1,1
2024-12-27 15:55:30,23353,23355,23355,1,1
2024-12-27 15:55:32,23353,23355,23355,1,1
2024-12-27 15:55:34,23352,23354,23354,3,3
2024-12-27 15:56:05,23352,23353,23353,1,1
2024-12-27 15:56:14,23353,23354,23354,1,1
2024-12-27 15:56:14,23353,23354,23354,1,1
2024-12-27 15:56:14,23353,23354,23354,1,1
2024-12-27 15:56:26,23353,23354,23353,1,-1
2024-12-27 15:56:33,23353,23354,23354,1,1
2024-12-27 15:56:33,23353,23354,23355,2,2
2024-12-27 15:56:48,23353,23354,23354,1,1
2024-12-27 15:56:57,23355,23356,23355,2,-2
2024-12-27 15:57:00,23355,23356,23355,1,-1
2024-12-27 15:57:00,23353,23356,23356,1,1
2024-12-27 15:57:24,23353,23355,23355,3,3
2024-12-27 15:57:25,23354,23355,23354,1,-1
2024-12-27 15:57:25,23354,23355,23353,3,-3
2024-12-27 15:57:33,23353,23354,23354,2,2
2024-12-27 15:57:34,23353,23354,23353,1,-1
2024-12-27 15:57:36,23353,23354,23354,1,1
2024-12-27 15:57:44,23353,23354,23353,1,-1
2024-12-27 15:57:44,23353,23354,23353,1,-1
2024-12-27 15:57:46,23352,23353,23352,2,-2
2024-12-27 15:57:51,23352,23353,23352,2,-2
2024-12-27 15:57:55,23352,23353,23352,1,-1
2024-12-27 15:58:04,23351,23352,23351,1,-1
2024-12-27 15:58:28,23351,23352,23352,1,1
2024-12-27 15:58:28,23351,23352,23351,1,-1
2024-12-27 15:58:29,23344,23346,23344,1,-1
2024-12-27 15:58:29,23343,23344,23344,1,1
2024-12-27 15:58:29,23343,23344,23343,1,-1
2024-12-27 15:58:29,23343,23345,23343,8,-8
2024-12-27 15:58:29,23345,23346,23344,1,-1
2024-12-27 15:58:29,23345,23346,23344,1,-1
2024-12-27 15:58:29,23345,23346,23344,1,-1
2024-12-27 15:58:29,23345,23346,23344,1,-1
2024-12-27 15:58:29,23345,23346,23344,3,-3
2024-12-27 15:58:29,23345,23346,23345,1,-1
2024-12-27 15:58:29,23348,23350,23346,3,-3
2024-12-27 15:58:29,23348,23350,23345,3,-3
2024-12-27 15:58:29,23348,23350,23345,1,-1
2024-12-27 15:58:29,23348,23350,23345,3,-3
2024-12-27 15:58:29,23348,23350,23346,1,-1
2024-12-27 15:58:29,23348,23350,23346,3,-3
2024-12-27 15:58:29,23348,23350,23347,1,-1
2024-12-27 15:58:29,23348,23350,23348,9,-9
2024-12-27 15:58:29,23350,23352,23350,1,-1
2024-12-27 15:58:29,23350,23352,23350,2,-2
2024-12-27 15:58:30,23344,23345,23344,1,-1
2024-12-27 15:58:31,23343,23346,23343,2,-2
2024-12-27 15:58:36,23344,23345,23345,1,1
2024-12-27 15:58:36,23345,23346,23345,1,-1
2024-12-27 15:58:38,23345,23346,23346,1,1
2024-12-27 15:58:42,23346,23347,23346,1,-1
2024-12-27 15:58:43,23346,23347,23346,1,-1
2024-12-27 15:58:43,23346,23347,23347,1,1
2024-12-27 15:58:58,23345,23347,23346,5,5
2024-12-27 15:59:04,23346,23347,23347,1,1
2024-12-27 15:59:36,23347,23348,23348,1,1
2024-12-27 15:59:37,23347,23348,23348,1,1
2024-12-27 15:59:52,23347,23348,23348,1,1
2024-12-27 15:59:55,23347,23348,23347,1,-1
2024-12-27 16:00:03,23346,23348,23348,1,1
2024-12-27 16:00:03,23346,23349,23348,1,1
2024-12-27 16:00:03,23346,23349,23346,2,-2
2024-12-27 16:00:03,23346,23349,23347,2,-2
2024-12-27 16:00:03,23346,23349,23346,2,-2
2024-12-27 16:00:03,23346,23349,23346,1,-1
2024-12-27 16:00:03,23346,23349,23345,1,-1
2024-12-27 16:00:04,23344,23347,23348,1,1
2024-12-27 16:00:04,23344,23347,23346,1,1
2024-12-27 16:00:04,23345,23348,23345,2,-2
2024-12-27 16:00:04,23345,23348,23345,1,-1
2024-12-27 16:00:04,23345,23348,23347,1,1
2024-12-27 16:00:04,23345,23348,23345,1,-1
2024-12-27 16:00:04,23345,23348,23345,1,-1
2024-12-27 16:00:06,23346,23349,23346,1,-1
2024-12-27 16:00:13,23346,23347,23347,1,1
2024-12-27 16:00:13,23347,23350,23347,5,-5
2024-12-27 16:00:17,23347,23348,23348,1,1
2024-12-27 16:00:19,23347,23349,23349,1,1
2024-12-27 16:00:22,23348,23350,23350,1,1
2024-12-27 16:00:22,23348,23350,23350,1,1
2024-12-27 16:00:22,23348,23350,23350,1,1
2024-12-27 16:00:23,23350,23351,23351,1,1
2024-12-27 16:00:23,23350,23351,23351,1,1
2024-12-27 16:00:23,23350,23351,23350,1,-1
2024-12-27 16:00:25,23350,23352,23352,1,1
2024-12-27 16:00:27,23351,23354,23354,1,1
2024-12-27 16:00:29,23351,23353,23353,1,1
2024-12-27 16:00:33,23351,23353,23351,1,-1
2024-12-27 16:00:44,23351,23352,23352,2,2
2024-12-27 16:00:48,23353,23354,23354,1,1
2024-12-27 16:00:49,23353,23355,23353,1,-1
2024-12-27 16:00:52,23351,23354,23354,1,1
2024-12-27 16:01:12,23351,23353,23353,2,2
2024-12-27 16:01:13,23351,23354,23354,1,1
2024-12-27 16:01:14,23351,23352,23352,1,1
2024-12-27 16:01:14,23351,23352,23353,1,1
2024-12-27 16:01:14,23351,23352,23353,1,1
2024-12-27 16:01:14,23351,23353,23351,1,-1
2024-12-27 16:01:14,23351,23352,23352,1,1
2024-12-27 16:01:14,23351,23352,23352,1,1
2024-12-27 16:01:23,23352,23353,23353,1,1
2024-12-27 16:01:32,23351,23352,23353,1,1
2024-12-27 16:01:32,23352,23353,23352,1,-1
2024-12-27 16:01:32,23351,23352,23352,1,1
2024-12-27 16:01:32,23351,23352,23353,1,1
2024-12-27 16:01:34,23353,23354,23355,1,1
2024-12-27 16:01:34,23353,23354,23355,1,1
2024-12-27 16:01:34,23353,23354,23355,1,1
2024-12-27 16:01:34,23353,23354,23355,1,1
2024-12-27 16:01:34,23353,23354,23354,1,1
2024-12-27 16:01:34,23353,23354,23355,1,1
2024-12-27 16:01:34,23353,23354,23355,1,1
2024-12-27 16:01:34,23352,23353,23353,1,1
2024-12-27 16:01:35,23354,23356,23353,4,-4
2024-12-27 16:01:35,23354,23356,23354,2,-2
2024-12-27 16:01:40,23352,23353,23352,1,-1
2024-12-27 16:01:40,23351,23353,23353,1,1
2024-12-27 16:01:40,23351,23353,23353,1,1
2024-12-27 16:01:40,23351,23353,23354,1,1
2024-12-27 16:01:43,23351,23353,23351,3,-3
2024-12-27 16:01:43,23351,23353,23350,3,-3
2024-12-27 16:01:43,23351,23353,23349,1,-1
2024-12-27 16:01:49,23348,23349,23348,1,-1
2024-12-27 16:02:00,23346,23348,23348,1,1
2024-12-27 16:02:00,23346,23348,23348,1,1
2024-12-27 16:02:00,23346,23348,23346,1,-1
2024-12-27 16:02:02,23346,23347,23346,1,-1
2024-12-27 16:02:08,23345,23347,23345,2,-2
2024-12-27 16:02:10,23344,23345,23344,1,-1
2024-12-27 16:02:13,23344,23345,23345,1,1
2024-12-27 16:02:13,23344,23345,23344,1,-1
2024-12-27 16:02:14,23341,23343,23341,1,-1
2024-12-27 16:02:14,23341,23343,23339,1,-1
2024-12-27 16:02:14,23341,23343,23338,7,-7
2024-12-27 16:02:14,23341,23343,23339,1,-1
2024-12-27 16:02:14,23341,23343,23340,21,-21
2024-12-27 16:02:14,23341,23343,23340,11,-11
2024-12-27 16:02:14,23341,23343,23340,1,-1
2024-12-27 16:02:14,23341,23343,23340,1,-1
2024-12-27 16:02:14,23341,23343,23341,1,-1
2024-12-27 16:02:14,23341,23343,23341,2,-2
2024-12-27 16:02:14,23344,23345,23344,1,-1
2024-12-27 16:02:14,23342,23343,23341,4,-4
2024-12-27 16:02:14,23342,23343,23342,2,-2
2024-12-27 16:02:14,23342,23343,23342,1,-1
2024-12-27 16:02:14,23342,23343,23342,1,-1
2024-12-27 16:02:14,23342,23343,23342,6,-6
2024-12-27 16:02:14,23344,23345,23343,23,-23
2024-12-27 16:02:14,23344,23345,23344,1,-1
2024-12-27 16:02:14,23344,23345,23344,1,-1
2024-12-27 16:02:14,23344,23345,23344,1,-1
2024-12-27 16:02:14,23341,23343,23341,1,-1
2024-12-27 16:02:15,23338,23339,23338,1,-1
2024-12-27 16:02:15,23338,23340,23338,1,-1
2024-12-27 16:02:15,23338,23339,23338,1,-1
2024-12-27 16:02:15,23337,23338,23338,1,1
2024-12-27 16:02:15,23337,23338,23338,4,4
2024-12-27 16:02:15,23337,23338,23338,1,1
2024-12-27 16:02:15,23337,23338,23337,1,-1
2024-12-27 16:02:15,23337,23338,23337,1,-1
2024-12-27 16:02:17,23338,23340,23337,3,-3
2024-12-27 16:02:17,23338,23340,23338,4,-4
2024-12-27 16:02:17,23338,23340,23339,3,-3
2024-12-27 16:02:19,23337,23338,23337,1,-1
2024-12-27 16:02:20,23338,23339,23338,1,-1
2024-12-27 16:02:20,23337,23338,23337,1,-1
2024-12-27 16:02:20,23337,23339,23337,1,-1
2024-12-27 16:02:20,23337,23338,23338,1,1
2024-12-27 16:02:20,23337,23338,23338,1,1
2024-12-27 16:02:21,23337,23339,23339,2,2
2024-12-27 16:02:23,23338,23340,23338,1,-1
2024-12-27 16:02:24,23339,23340,23340,3,3
2024-12-27 16:02:24,23339,23342,23340,1,-1
2024-12-27 16:02:26,23340,23342,23340,1,-1
2024-12-27 16:02:31,23339,23340,23340,1,1
2024-12-27 16:02:37,23340,23341,23340,2,-2
2024-12-27 16:02:40,23340,23341,23340,1,-1
2024-12-27 16:02:43,23339,23341,23338,1,-1
2024-12-27 16:02:43,23339,23341,23339,1,-1
2024-12-27 16:02:43,23339,23341,23339,1,-1
2024-12-27 16:02:44,23337,23339,23337,10,-10
2024-12-27 16:02:44,23336,23337,23336,1,-1
2024-12-27 16:02:44,23336,23337,23337,1,1
2024-12-27 16:02:44,23336,23337,23336,2,-2
2024-12-27 16:02:47,23336,23337,23336,1,-1
2024-12-27 16:02:48,23336,23337,23337,1,1
2024-12-27 16:02:49,23336,23338,23338,3,3
2024-12-27 16:02:52,23336,23337,23336,1,-1
2024-12-27 16:02:52,23336,23337,23337,1,1
2024-12-27 16:02:54,23336,23337,23336,2,-2
2024-12-27 16:02:55,23335,23337,23335,14,-14
2024-12-27 16:02:55,23335,23337,23334,4,-4
2024-12-27 16:02:55,23334,23336,23334,1,-1
2024-12-27 16:02:55,23334,23336,23334,1,-1
2024-12-27 16:02:55,23334,23336,23334,1,-1
2024-12-27 16:02:56,23334,23335,23334,1,-1
2024-12-27 16:02:56,23333,23335,23333,1,-1
2024-12-27 16:02:56,23333,23334,23333,1,-1
2024-12-27 16:02:56,23333,23334,23333,2,-2
2024-12-27 16:02:56,23333,23334,23333,1,-1
2024-12-27 16:02:56,23333,23334,23333,1,-1
2024-12-27 16:02:57,23333,23334,23334,5,5
2024-12-27 16:02:57,23333,23334,23333,2,-2
2024-12-27 16:02:57,23333,23334,23333,1,-1
2024-12-27 16:02:57,23333,23334,23333,1,-1
2024-12-27 16:02:59,23334,23335,23335,1,1
2024-12-27 16:02:59,23334,23336,23334,1,-1
2024-12-27 16:03:07,23334,23337,23334,1,-1
2024-12-27 16:03:07,23334,23337,23334,1,-1
2024-12-27 16:03:07,23336,23337,23335,1,-1
2024-12-27 16:03:07,23334,23337,23333,3,-3
2024-12-27 16:03:07,23336,23337,23336,1,-1
2024-12-27 16:03:07,23336,23337,23337,1,1
2024-12-27 16:03:07,23336,23337,23336,1,-1
2024-12-27 16:03:07,23336,23337,23334,3,-3
2024-12-27 16:03:09,23334,23337,23335,1,-1
2024-12-27 16:03:22,23335,23337,23335,1,-1
2024-12-27 16:03:24,23335,23336,23335,2,-2
2024-12-27 16:03:24,23334,23336,23334,1,-1
2024-12-27 16:03:26,23334,23336,23334,1,-1
2024-12-27 16:03:27,23333,23335,23333,1,-1
2024-12-27 16:03:28,23333,23334,23334,1,1
2024-12-27 16:03:29,23333,23334,23334,1,1
2024-12-27 16:03:29,23333,23336,23334,1,-1
2024-12-27 16:03:35,23333,23335,23334,1,-1
2024-12-27 16:03:39,23335,23336,23335,1,-1
2024-12-27 16:03:39,23333,23335,23335,2,2
2024-12-27 16:03:42,23333,23335,23335,1,1
2024-12-27 16:03:43,23333,23335,23335,2,2
2024-12-27 16:03:51,23335,23336,23336,1,1
2024-12-27 16:03:54,23335,23336,23336,4,4
2024-12-27 16:03:58,23335,23337,23337,1,1
2024-12-27 16:04:01,23335,23336,23335,2,-2
2024-12-27 16:04:02,23333,23335,23333,1,-1
2024-12-27 16:04:05,23334,23335,23335,1,1
2024-12-27 16:04:08,23334,23336,23334,1,-1
2024-12-27 16:04:16,23333,23335,23333,3,-3
2024-12-27 16:04:18,23333,23335,23333,5,-5
2024-12-27 16:04:19,23333,23334,23333,1,-1
2024-12-27 16:04:19,23333,23334,23334,1,1
2024-12-27 16:04:20,23333,23334,23335,5,5
2024-12-27 16:04:20,23333,23334,23334,2,2
2024-12-27 16:04:20,23333,23334,23335,1,1
2024-12-27 16:04:21,23334,23336,23334,1,-1
2024-12-27 16:04:26,23334,23336,23334,5,-5
2024-12-27 16:04:26,23334,23336,23334,5,-5
2024-12-27 16:04:26,23333,23336,23334,1,-1
2024-12-27 16:04:30,23332,23333,23332,2,-2
2024-12-27 16:04:30,23332,23333,23332,1,-1
2024-12-27 16:04:30,23333,23334,23333,6,-6
2024-12-27 16:04:30,23332,23333,23332,2,-2
2024-12-27 16:04:31,23330,23331,23330,1,-1
2024-12-27 16:04:31,23330,23331,23330,3,-3
2024-12-27 16:04:31,23330,23331,23330,4,-4
2024-12-27 16:04:31,23330,23331,23330,16,-16
2024-12-27 16:04:31,23330,23331,23331,1,1
2024-12-27 16:04:31,23331,23332,23331,1,-1
2024-12-27 16:04:31,23331,23332,23331,1,-1
2024-12-27 16:04:31,23331,23332,23331,1,-1
2024-12-27 16:04:31,23331,23332,23331,1,-1
2024-12-27 16:04:31,23331,23332,23332,1,1
2024-12-27 16:04:31,23331,23332,23331,3,-3
2024-12-27 16:04:31,23331,23332,23331,1,-1
2024-12-27 16:04:32,23328,23330,23329,1,-1
2024-12-27 16:04:32,23328,23330,23329,1,-1
2024-12-27 16:04:32,23328,23330,23328,1,-1
2024-12-27 16:04:32,23328,23330,23328,1,-1
2024-12-27 16:04:32,23328,23330,23328,2,-2
2024-12-27 16:04:32,23329,23330,23328,1,-1
2024-12-27 16:04:32,23329,23330,23328,1,-1
2024-12-27 16:04:32,23329,23330,23329,1,-1
2024-12-27 16:04:32,23329,23331,23329,1,-1
2024-12-27 16:04:32,23329,23330,23328,1,-1
2024-12-27 16:04:33,23328,23329,23329,1,1
2024-12-27 16:04:33,23328,23329,23329,2,2
2024-12-27 16:04:35,23327,23330,23330,1,1
2024-12-27 16:04:38,23329,23330,23330,2,2
2024-12-27 16:04:40,23328,23330,23328,3,-3
2024-12-27 16:04:40,23329,23330,23329,1,-1
2024-12-27 16:04:41,23328,23330,23330,2,2
2024-12-27 16:04:43,23328,23331,23331,2,2
2024-12-27 16:04:45,23329,23330,23329,3,-3
2024-12-27 16:04:46,23328,23329,23329,1,1
2024-12-27 16:04:47,23328,23329,23329,1,1
2024-12-27 16:04:48,23328,23330,23330,1,1
2024-12-27 16:04:50,23328,23330,23330,1,1
2024-12-27 16:04:50,23328,23330,23330,1,1
2024-12-27 16:04:53,23329,23331,23331,1,1
2024-12-27 16:04:55,23330,23333,23330,1,-1
2024-12-27 16:04:55,23330,23332,23332,1,1
2024-12-27 16:04:58,23331,23334,23331,1,-1
2024-12-27 16:04:58,23331,23333,23333,1,1
2024-12-27 16:05:06,23332,23333,23333,1,1
2024-12-27 16:05:08,23333,23334,23333,1,-1
2024-12-27 16:05:10,23333,23334,23333,1,-1
2024-12-27 16:05:10,23333,23334,23333,1,-1
2024-12-27 16:05:11,23331,23333,23333,1,1
2024-12-27 16:05:12,23332,23333,23332,1,-1
2024-12-27 16:05:12,23332,23333,23333,1,1
2024-12-27 16:05:14,23333,23334,23333,1,-1
2024-12-27 16:05:16,23331,23333,23331,1,-1
2024-12-27 16:05:18,23331,23333,23331,1,-1
2024-12-27 16:05:20,23331,23332,23331,1,-1
2024-12-27 16:05:20,23331,23332,23331,1,-1
2024-12-27 16:05:20,23331,23332,23332,2,2
2024-12-27 16:05:22,23331,23334,23331,1,-1
2024-12-27 16:05:24,23331,23333,23331,1,-1
2024-12-27 16:05:24,23331,23333,23331,2,-2
2024-12-27 16:05:25,23330,23332,23330,1,-1
2024-12-27 16:05:27,23330,23332,23330,1,-1
2024-12-27 16:05:29,23330,23332,23330,1,-1
2024-12-27 16:05:30,23330,23331,23330,1,-1
2024-12-27 16:05:31,23330,23331,23331,3,3
2024-12-27 16:05:31,23330,23332,23330,1,-1
2024-12-27 16:05:32,23330,23333,23330,2,-2
2024-12-27 16:05:33,23330,23333,23330,1,-1
2024-12-27 16:05:35,23330,23332,23330,1,-1
2024-12-27 16:05:36,23330,23332,23332,2,2
2024-12-27 16:05:37,23332,23333,23332,1,-1
2024-12-27 16:05:44,23332,23333,23332,10,-10
2024-12-27 16:05:45,23329,23332,23332,1,1
2024-12-27 16:05:48,23329,23331,23331,1,1
2024-12-27 16:06:05,23331,23332,23332,1,1
2024-12-27 16:06:06,23331,23334,23331,1,-1
2024-12-27 16:06:06,23331,23333,23331,1,-1
2024-12-27 16:06:06,23331,23333,23331,1,-1
2024-12-27 16:06:06,23331,23333,23331,1,-1
2024-12-27 16:06:07,23330,23332,23330,3,-3
2024-12-27 16:06:07,23330,23332,23330,1,-1
2024-12-27 16:06:07,23330,23332,23330,1,-1
2024-12-27 16:06:07,23330,23332,23330,1,-1
2024-12-27 16:06:07,23330,23332,23330,1,-1
2024-12-27 16:06:07,23330,23332,23330,1,-1
2024-12-27 16:06:07,23330,23332,23330,1,-1
2024-12-27 16:06:07,23330,23332,23330,1,-1
2024-12-27 16:06:07,23330,23332,23330,1,-1
2024-12-27 16:06:07,23331,23333,23331,2,-2
2024-12-27 16:06:08,23330,23331,23330,1,-1
2024-12-27 16:06:09,23329,23331,23329,1,-1
2024-12-27 16:06:09,23329,23331,23329,1,-1
2024-12-27 16:06:10,23328,23331,23328,1,-1
2024-12-27 16:06:11,23328,23331,23328,1,-1
2024-12-27 16:06:13,23328,23330,23330,1,1
2024-12-27 16:06:27,23328,23329,23328,1,-1
2024-12-27 16:06:29,23328,23329,23329,1,1
2024-12-27 16:06:29,23328,23330,23328,1,-1
2024-12-27 16:06:29,23328,23330,23328,1,-1
2024-12-27 16:06:29,23328,23330,23327,1,-1
2024-12-27 16:06:29,23328,23330,23327,1,-1
2024-12-27 16:06:29,23328,23330,23327,1,-1
2024-12-27 16:06:29,23327,23329,23327,1,-1
2024-12-27 16:06:33,23329,23330,23329,1,-1
2024-12-27 16:06:33,23328,23329,23329,1,1
2024-12-27 16:06:33,23328,23329,23329,1,1
2024-12-27 16:06:34,23328,23330,23328,1,-1
2024-12-27 16:06:38,23328,23330,23330,1,1
2024-12-27 16:06:38,23328,23330,23330,1,1
2024-12-27 16:06:39,23328,23331,23328,3,-3
2024-12-27 16:06:39,23328,23330,23328,1,-1
2024-12-27 16:06:39,23328,23330,23328,1,-1
2024-12-27 16:06:44,23328,23330,23330,3,3
2024-12-27 16:06:44,23329,23331,23331,2,2
2024-12-27 16:06:46,23330,23333,23330,1,-1
2024-12-27 16:06:48,23328,23330,23329,1,-1
2024-12-27 16:06:53,23328,23329,23329,1,1
2024-12-27 16:06:53,23328,23329,23329,1,1
2024-12-27 16:06:54,23329,23330,23330,3,3
2024-12-27 16:06:54,23329,23330,23330,9,9
2024-12-27 16:06:54,23329,23330,23330,1,1
2024-12-27 16:06:54,23329,23330,23330,3,3
2024-12-27 16:06:54,23329,23330,23330,1,1
2024-12-27 16:06:54,23328,23330,23328,3,-3
2024-12-27 16:06:54,23329,23330,23330,2,2
2024-12-27 16:06:54,23328,23330,23329,1,-1
2024-12-27 16:06:54,23328,23330,23329,1,-1
2024-12-27 16:06:54,23330,23331,23330,1,-1
2024-12-27 16:06:54,23329,23330,23330,1,1
2024-12-27 16:06:55,23330,23331,23332,2,2
2024-12-27 16:06:55,23330,23331,23330,1,-1
2024-12-27 16:07:00,23329,23331,23331,1,1
2024-12-27 16:07:01,23329,23331,23329,1,-1
2024-12-27 16:07:10,23329,23330,23329,1,-1
2024-12-27 16:07:10,23329,23330,23329,1,-1
2024-12-27 16:07:11,23329,23330,23329,1,-1
2024-12-27 16:07:14,23328,23329,23328,1,-1
2024-12-27 16:07:14,23328,23329,23328,1,-1
2024-12-27 16:07:14,23328,23329,23328,6,-6
2024-12-27 16:07:18,23327,23328,23328,2,2
2024-12-27 16:07:20,23327,23329,23329,1,1
2024-12-27 16:07:20,23327,23329,23327,1,-1
2024-12-27 16:07:24,23327,23328,23328,1,1
2024-12-27 16:07:24,23327,23328,23328,1,1
2024-12-27 16:07:25,23327,23328,23328,1,1
2024-12-27 16:07:25,23327,23328,23328,1,1
2024-12-27 16:07:27,23327,23328,23328,1,1
2024-12-27 16:07:27,23327,23328,23328,1,1
2024-12-27 16:07:31,23328,23329,23328,1,-1
2024-12-27 16:07:33,23328,23329,23328,1,-1
2024-12-27 16:07:41,23328,23330,23329,1,1
2024-12-27 16:07:41,23328,23329,23329,1,1
2024-12-27 16:07:41,23329,23330,23329,1,-1
2024-12-27 16:07:41,23328,23329,23329,1,1
2024-12-27 16:07:41,23328,23329,23329,1,1
2024-12-27 16:07:41,23328,23329,23329,2,2
2024-12-27 16:07:44,23328,23329,23328,1,-1
2024-12-27 16:07:48,23328,23330,23328,1,-1
2024-12-27 16:07:51,23328,23329,23328,1,-1
2024-12-27 16:07:57,23328,23329,23329,1,1
2024-12-27 16:07:57,23329,23330,23329,1,-1
2024-12-27 16:08:00,23330,23331,23332,2,2
2024-12-27 16:08:01,23331,23333,23333,2,2
2024-12-27 16:08:02,23332,23334,23334,1,1
2024-12-27 16:08:02,23332,23334,23334,1,1
2024-12-27 16:08:03,23333,23335,23333,1,-1
2024-12-27 16:08:05,23333,23334,23334,1,1
2024-12-27 16:08:06,23333,23334,23334,1,1
2024-12-27 16:08:07,23334,23335,23335,1,1
2024-12-27 16:08:07,23334,23335,23335,1,1
2024-12-27 16:08:07,23334,23335,23336,1,1
2024-12-27 16:08:09,23334,23335,23335,1,1
2024-12-27 16:08:09,23334,23335,23335,1,1
2024-12-27 16:08:12,23335,23337,23337,2,2
2024-12-27 16:08:12,23335,23337,23338,3,3
2024-12-27 16:08:13,23336,23338,23335,4,-4
2024-12-27 16:08:13,23336,23338,23336,6,-6
2024-12-27 16:08:16,23334,23335,23335,1,1
2024-12-27 16:08:20,23334,23335,23335,2,2
2024-12-27 16:08:21,23334,23335,23334,3,-3
2024-12-27 16:08:26,23330,23333,23333,1,1
2024-12-27 16:08:33,23331,23333,23333,1,1
2024-12-27 16:08:38,23333,23334,23334,1,1
2024-12-27 16:08:38,23333,23334,23334,2,2
2024-12-27 16:08:38,23333,23334,23334,4,4
2024-12-27 16:08:40,23334,23336,23336,1,1
2024-12-27 16:08:40,23334,23336,23337,1,1
2024-12-27 16:08:44,23335,23337,23337,1,1
2024-12-27 16:08:45,23335,23337,23335,3,-3
2024-12-27 16:08:45,23334,23335,23334,1,-1
2024-12-27 16:08:52,23333,23334,23334,3,3
2024-12-27 16:09:00,23335,23337,23335,1,-1
2024-12-27 16:09:00,23334,23335,23335,4,4
2024-12-27 16:09:00,23334,23335,23335,1,1
2024-12-27 16:09:00,23334,23335,23335,1,1
2024-12-27 16:09:00,23334,23335,23335,1,1
2024-12-27 16:09:01,23335,23337,23337,1,1
2024-12-27 16:09:05,23334,23335,23335,1,1
2024-12-27 16:09:12,23334,23335,23334,2,-2
2024-12-27 16:09:12,23334,23335,23335,2,2
2024-12-27 16:09:13,23333,23335,23333,1,-1
2024-12-27 16:09:31,23333,23334,23333,1,-1
2024-12-27 16:09:31,23334,23335,23334,1,-1
2024-12-27 16:09:31,23334,23335,23334,3,-3
2024-12-27 16:09:37,23334,23335,23332,1,-1
2024-12-27 16:09:37,23334,23335,23334,1,-1
2024-12-27 16:09:55,23333,23334,23334,1,1
2024-12-27 16:09:55,23334,23335,23335,1,1
2024-12-27 16:09:55,23334,23335,23335,4,4
2024-12-27 16:09:55,23334,23335,23335,1,1
2024-12-27 16:09:55,23334,23335,23335,1,1
2024-12-27 16:10:09,23333,23335,23335,1,1
2024-12-27 16:10:09,23333,23335,23335,1,1
2024-12-27 16:10:09,23333,23335,23335,1,1
2024-12-27 16:10:11,23333,23334,23333,1,-1
2024-12-27 16:10:11,23333,23334,23333,2,-2
2024-12-27 16:10:21,23332,23334,23332,2,-2
2024-12-27 16:10:23,23332,23333,23332,1,-1
2024-12-27 16:10:26,23332,23333,23332,3,-3
2024-12-27 16:10:28,23331,23333,23332,1,-1
2024-12-27 16:10:34,23332,23333,23333,1,1
2024-12-27 16:10:34,23332,23333,23333,1,1
2024-12-27 16:10:34,23332,23333,23333,1,1
2024-12-27 16:10:34,23332,23333,23333,1,1
2024-12-27 16:10:34,23332,23333,23333,1,1
2024-12-27 16:10:34,23332,23333,23333,1,1
2024-12-27 16:10:34,23332,23333,23333,2,2
2024-12-27 16:10:36,23332,23334,23332,1,-1
2024-12-27 16:10:36,23332,23334,23332,2,-2
2024-12-27 16:10:36,23332,23334,23332,4,-4
2024-12-27 16:10:38,23332,23334,23334,1,1
2024-12-27 16:10:55,23333,23334,23333,1,-1
2024-12-27 16:11:03,23333,23334,23334,2,2
2024-12-27 16:11:09,23333,23334,23333,2,-2
2024-12-27 16:11:10,23332,23333,23333,1,1
2024-12-27 16:11:10,23332,23334,23334,1,1
2024-12-27 16:11:35,23332,23334,23332,3,-3
2024-12-27 16:11:53,23332,23334,23334,1,1
2024-12-27 16:11:53,23332,23334,23334,1,1
2024-12-27 16:11:53,23332,23334,23334,1,1
2024-12-27 16:11:54,23334,23335,23334,1,-1
2024-12-27 16:11:56,23334,23335,23335,2,2
2024-12-27 16:11:56,23334,23335,23335,3,3
2024-12-27 16:11:56,23334,23335,23335,1,1
2024-12-27 16:11:56,23334,23335,23335,1,1
2024-12-27 16:11:56,23334,23335,23335,1,1
2024-12-27 16:11:56,23334,23335,23335,2,2
2024-12-27 16:11:56,23334,23335,23335,1,1
2024-12-27 16:11:56,23334,23335,23335,1,1
2024-12-27 16:11:56,23334,23335,23335,1,1
2024-12-27 16:11:56,23334,23335,23335,1,1
2024-12-27 16:12:14,23332,23333,23332,1,-1
2024-12-27 16:12:15,23331,23332,23332,1,1
2024-12-27 16:12:15,23331,23332,23333,1,1
2024-12-27 16:12:53,23333,23335,23335,1,1
2024-12-27 16:12:53,23333,23335,23335,2,2
2024-12-27 16:13:07,23333,23335,23333,1,-1
2024-12-27 16:13:17,23333,23334,23333,1,-1
2024-12-27 16:13:17,23333,23334,23333,1,-1
2024-12-27 16:13:19,23332,23334,23334,1,1
2024-12-27 16:13:29,23332,23334,23332,3,-3
2024-12-27 16:13:31,23331,23333,23331,1,-1
2024-12-27 16:13:35,23330,23332,23330,1,-1
2024-12-27 16:13:37,23329,23330,23330,2,2
2024-12-27 16:13:37,23330,23332,23330,1,-1
2024-12-27 16:13:37,23330,23332,23330,4,-4
2024-12-27 16:13:37,23330,23332,23330,3,-3
2024-12-27 16:13:37,23330,23332,23330,2,-2
2024-12-27 16:13:52,23330,23332,23330,3,-3
2024-12-27 16:14:03,23329,23330,23329,3,-3
2024-12-27 16:14:03,23328,23330,23328,1,-1
2024-12-27 16:14:05,23329,23330,23330,1,1
2024-12-27 16:14:05,23329,23330,23330,1,1
2024-12-27 16:14:15,23329,23331,23329,1,-1
2024-12-27 16:14:28,23329,23330,23330,1,1
2024-12-27 16:14:29,23329,23330,23330,3,3
2024-12-27 16:15:01,23330,23332,23330,3,-3
2024-12-27 16:15:02,23330,23332,23330,1,-1
2024-12-27 16:15:04,23331,23332,23331,1,-1
2024-12-27 16:15:07,23330,23332,23332,2,2
2024-12-27 16:15:07,23332,23333,23333,1,1
2024-12-27 16:15:07,23332,23335,23335,2,2
2024-12-27 16:15:15,23332,23334,23334,1,1
2024-12-27 16:15:16,23332,23335,23334,1,1
2024-12-27 16:15:20,23333,23335,23333,2,-2
2024-12-27 16:15:31,23333,23334,23334,1,1
2024-12-27 16:15:31,23333,23334,23334,2,2
2024-12-27 16:15:34,23334,23337,23337,1,1
2024-12-27 16:15:34,23334,23337,23337,1,1
2024-12-27 16:15:34,23333,23335,23335,5,5
2024-12-27 16:15:46,23335,23337,23335,1,-1
2024-12-27 16:15:47,23335,23337,23335,1,-1
2024-12-27 16:15:47,23335,23337,23335,1,-1
2024-12-27 16:15:58,23334,23337,23337,2,2
2024-12-27 16:16:05,23334,23336,23336,1,1
2024-12-27 16:16:21,23335,23337,23337,3,3
2024-12-27 16:16:21,23335,23337,23338,1,1
2024-12-27 16:16:21,23335,23337,23338,2,2
2024-12-27 16:16:33,23336,23338,23338,2,2
2024-12-27 16:16:33,23336,23338,23336,1,-1
2024-12-27 16:16:35,23336,23338,23338,1,1
2024-12-27 16:16:47,23336,23337,23337,1,1
2024-12-27 16:16:49,23337,23338,23337,1,-1
2024-12-27 16:16:55,23337,23338,23338,1,1
2024-12-27 16:16:55,23337,23338,23338,1,1
2024-12-27 16:17:09,23339,23340,23340,1,1
2024-12-27 16:17:09,23339,23340,23340,1,1
2024-12-27 16:17:09,23339,23340,23340,1,1
2024-12-27 16:17:17,23339,23341,23342,11,11
2024-12-27 16:17:24,23340,23343,23340,1,-1
2024-12-27 16:17:26,23341,23343,23341,1,-1
2024-12-27 16:17:29,23340,23342,23342,2,2
2024-12-27 16:17:36,23340,23342,23341,1,1
2024-12-27 16:17:44,23341,23342,23342,1,1
2024-12-27 16:17:44,23341,23342,23342,1,1
2024-12-27 16:17:45,23341,23342,23341,1,-1
2024-12-27 16:17:45,23341,23342,23341,1,-1
2024-12-27 16:17:45,23341,23342,23342,1,1
2024-12-27 16:17:46,23340,23342,23342,1,1
2024-12-27 16:17:46,23340,23342,23343,1,1
2024-12-27 16:17:48,23341,23343,23343,1,1
2024-12-27 16:17:49,23342,23343,23342,2,-2
2024-12-27 16:17:52,23341,23342,23342,1,1
2024-12-27 16:17:59,23342,23343,23342,1,-1
2024-12-27 16:17:59,23342,23343,23342,1,-1
2024-12-27 16:17:59,23341,23342,23341,3,-3
2024-12-27 16:17:59,23341,23342,23341,1,-1
2024-12-27 16:17:59,23341,23342,23341,2,-2
2024-12-27 16:18:03,23339,23341,23339,1,-1
2024-12-27 16:18:03,23340,23341,23340,1,-1
2024-12-27 16:18:03,23340,23341,23340,1,-1
2024-12-27 16:18:03,23340,23341,23340,1,-1
2024-12-27 16:18:10,23338,23339,23339,1,1
2024-12-27 16:18:10,23338,23340,23338,1,-1
2024-12-27 16:18:13,23338,23339,23338,1,-1
2024-12-27 16:18:13,23338,23339,23338,1,-1
2024-12-27 16:18:13,23338,23339,23337,1,-1
2024-12-27 16:18:14,23337,23339,23338,1,-1
2024-12-27 16:18:22,23337,23339,23337,1,-1
2024-12-27 16:18:23,23336,23338,23336,1,-1
2024-12-27 16:18:23,23336,23338,23336,1,-1
2024-12-27 16:18:23,23337,23339,23337,1,-1
2024-12-27 16:18:23,23337,23338,23337,1,-1
2024-12-27 16:18:24,23336,23338,23336,1,-1
2024-12-27 16:18:24,23336,23338,23336,1,-1
2024-12-27 16:18:24,23336,23338,23336,1,-1
2024-12-27 16:18:25,23336,23338,23336,1,-1
2024-12-27 16:18:25,23336,23338,23336,1,-1
2024-12-27 16:18:26,23336,23338,23336,1,-1
2024-12-27 16:18:27,23336,23338,23336,1,-1
2024-12-27 16:18:27,23336,23338,23336,1,-1
2024-12-27 16:18:29,23336,23338,23337,1,-1
2024-12-27 16:18:29,23335,23337,23335,1,-1
2024-12-27 16:18:29,23336,23338,23336,1,-1
2024-12-27 16:18:29,23336,23338,23336,2,-2
2024-12-27 16:18:29,23336,23338,23336,1,-1
2024-12-27 16:18:29,23336,23338,23336,1,-1
2024-12-27 16:18:29,23336,23338,23336,1,-1
2024-12-27 16:19:02,23338,23340,23338,1,-1
2024-12-27 16:19:05,23338,23340,23340,1,1
2024-12-27 16:19:11,23339,23342,23339,1,-1
2024-12-27 16:19:11,23340,23341,23340,5,-5
2024-12-27 16:19:13,23340,23341,23340,1,-1
2024-12-27 16:19:13,23340,23341,23340,4,-4
2024-12-27 16:19:28,23340,23341,23340,1,-1
2024-12-27 16:19:32,23340,23341,23340,1,-1
2024-12-27 16:19:33,23339,23340,23340,1,1
2024-12-27 16:19:41,23339,23340,23339,1,-1
2024-12-27 16:19:41,23339,23340,23339,1,-1
2024-12-27 16:19:41,23339,23340,23339,1,-1
2024-12-27 16:19:41,23339,23340,23339,2,-2
2024-12-27 16:19:58,23337,23339,23337,1,-1
2024-12-27 16:19:59,23337,23339,23339,2,2
2024-12-27 16:20:01,23338,23340,23338,2,-2
2024-12-27 16:20:13,23338,23339,23338,1,-1
2024-12-27 16:20:19,23337,23338,23338,1,1
2024-12-27 16:20:24,23337,23338,23337,1,-1
2024-12-27 16:20:28,23337,23338,23338,2,2
2024-12-27 16:20:30,23338,23340,23338,1,-1
2024-12-27 16:20:37,23338,23339,23339,1,1
2024-12-27 16:20:42,23339,23340,23340,1,1
2024-12-27 16:20:43,23339,23340,23340,1,1
2024-12-27 16:20:44,23339,23341,23341,1,1
2024-12-27 16:20:48,23339,23341,23341,1,1
2024-12-27 16:20:53,23339,23340,23339,1,-1
2024-12-27 16:20:53,23339,23340,23339,3,-3
2024-12-27 16:20:53,23339,23340,23338,1,-1
2024-12-27 16:20:54,23337,23339,23337,1,-1
2024-12-27 16:20:54,23337,23339,23339,1,1
2024-12-27 16:20:56,23336,23338,23338,1,1
2024-12-27 16:21:02,23337,23338,23337,1,-1
2024-12-27 16:21:02,23337,23338,23336,2,-2
2024-12-27 16:21:06,23336,23338,23338,1,1
2024-12-27 16:21:09,23335,23337,23335,1,-1
2024-12-27 16:21:10,23335,23337,23337,1,1
2024-12-27 16:21:19,23335,23337,23337,1,1
2024-12-27 16:21:19,23335,23337,23336,1,1
2024-12-27 16:21:25,23336,23338,23336,1,-1
2024-12-27 16:21:32,23333,23335,23333,1,-1
2024-12-27 16:21:32,23335,23337,23335,1,-1
2024-12-27 16:21:32,23333,23335,23333,3,-3
2024-12-27 16:21:32,23335,23337,23334,3,-3
2024-12-27 16:21:32,23335,23337,23335,13,-13
2024-12-27 16:21:33,23332,23334,23332,1,-1
2024-12-27 16:21:44,23332,23334,23332,1,-1
2024-12-27 16:21:45,23332,23333,23333,1,1
2024-12-27 16:21:47,23332,23333,23333,2,2
2024-12-27 16:21:52,23332,23335,23332,1,-1
2024-12-27 16:21:53,23332,23335,23333,1,-1
2024-12-27 16:22:03,23333,23335,23335,1,1
2024-12-27 16:22:03,23333,23335,23335,1,1
2024-12-27 16:22:07,23334,23336,23334,1,-1
2024-12-27 16:22:10,23335,23336,23336,1,1
2024-12-27 16:22:20,23337,23338,23338,1,1
2024-12-27 16:22:21,23338,23339,23338,3,-3
2024-12-27 16:22:22,23338,23339,23338,1,-1
2024-12-27 16:22:22,23337,23339,23339,1,1
2024-12-27 16:22:23,23337,23338,23338,1,1
2024-12-27 16:22:24,23337,23338,23338,2,2
2024-12-27 16:22:24,23337,23339,23339,2,2
2024-12-27 16:22:34,23337,23339,23339,2,2
2024-12-27 16:23:15,23337,23338,23338,1,1
2024-12-27 16:23:15,23337,23338,23338,1,1
2024-12-27 16:23:20,23337,23339,23339,1,1
2024-12-27 16:23:20,23337,23339,23339,1,1
2024-12-27 16:23:29,23339,23340,23339,1,-1
2024-12-27 16:23:30,23339,23340,23340,1,1
2024-12-27 16:23:30,23339,23340,23340,1,1
2024-12-27 16:23:30,23339,23340,23341,3,3
2024-12-27 16:23:55,23341,23342,23342,1,1
2024-12-27 16:24:03,23342,23343,23342,1,-1
2024-12-27 16:24:03,23342,23343,23342,1,-1
2024-12-27 16:24:11,23340,23342,23342,1,1
2024-12-27 16:24:14,23341,23342,23342,1,1
2024-12-27 16:24:19,23340,23342,23342,1,1
2024-12-27 16:24:23,23341,23342,23342,1,1
2024-12-27 16:24:26,23341,23342,23343,1,1
2024-12-27 16:24:26,23341,23342,23342,4,4
2024-12-27 16:24:28,23342,23344,23344,1,1
2024-12-27 16:24:28,23342,23344,23344,1,1
2024-12-27 16:24:37,23342,23343,23342,3,-3
2024-12-27 16:24:41,23341,23342,23341,1,-1
2024-12-27 16:24:46,23340,23342,23342,1,1
2024-12-27 16:25:08,23341,23343,23341,1,-1
2024-12-27 16:25:14,23340,23341,23340,5,-5
2024-12-27 16:25:18,23340,23341,23340,1,-1
2024-12-27 16:25:19,23340,23341,23340,1,-1
2024-12-27 16:25:20,23340,23341,23340,1,-1
2024-12-27 16:25:23,23339,23340,23339,1,-1
2024-12-27 16:25:36,23339,23341,23339,2,-2
2024-12-27 16:25:51,23337,23338,23338,1,1
2024-12-27 16:26:02,23339,23340,23340,2,2
2024-12-27 16:26:02,23339,23340,23340,1,1
2024-12-27 16:26:22,23340,23341,23340,1,-1
2024-12-27 16:26:24,23338,23340,23338,1,-1
2024-12-27 16:26:27,23338,23340,23338,1,-1
2024-12-27 16:26:35,23337,23339,23337,1,-1
2024-12-27 16:26:50,23337,23339,23337,1,-1
2024-12-27 16:26:57,23338,23339,23339,2,2
2024-12-27 16:27:05,23337,23339,23337,1,-1
2024-12-27 16:27:19,23337,23339,23336,2,-2
2024-12-27 16:27:19,23337,23339,23337,1,-1
2024-12-27 16:27:36,23335,23337,23335,1,-1
2024-12-27 16:27:53,23336,23337,23337,1,1
2024-12-27 16:27:53,23336,23337,23337,1,1
2024-12-27 16:27:55,23336,23339,23336,2,-2
2024-12-27 16:28:36,23337,23338,23338,1,1
2024-12-27 16:28:37,23338,23339,23339,1,1
2024-12-27 16:28:56,23338,23340,23340,1,1
2024-12-27 16:28:59,23338,23339,23339,2,2
2024-12-27 16:29:00,23339,23340,23339,1,-1
2024-12-27 16:29:18,23338,23340,23338,1,-1
2024-12-27 16:29:25,23338,23339,23338,1,-1
2024-12-27 16:29:44,23337,23338,23337,1,-1
2024-12-27 16:29:53,23336,23338,23338,1,1
2024-12-27 16:30:11,23337,23338,23338,2,2
2024-12-27 16:30:13,23338,23339,23339,1,1
2024-12-27 16:30:15,23337,23340,23337,1,-1
2024-12-27 16:30:32,23337,23340,23340,1,1
2024-12-27 16:30:40,23337,23340,23340,2,2
2024-12-27 16:30:43,23338,23340,23340,1,1
2024-12-27 16:31:00,23340,23341,23340,1,-1
2024-12-27 16:31:00,23340,23341,23340,1,-1
2024-12-27 16:31:00,23340,23341,23340,1,-1
2024-12-27 16:31:00,23340,23341,23340,2,-2
2024-12-27 16:31:00,23339,23340,23339,1,-1
2024-12-27 16:31:00,23339,23340,23339,1,-1
2024-12-27 16:31:06,23338,23339,23338,1,-1
2024-12-27 16:31:24,23337,23338,23337,1,-1
2024-12-27 16:31:26,23336,23338,23338,1,1
2024-12-27 16:31:28,23338,23339,23339,1,1
2024-12-27 16:31:28,23338,23339,23339,2,2
2024-12-27 16:31:33,23338,23339,23338,1,-1
2024-12-27 16:31:36,23336,23338,23336,1,-1
2024-12-27 16:31:36,23336,23338,23338,1,1
2024-12-27 16:31:49,23339,23340,23339,1,-1
2024-12-27 16:32:07,23336,23338,23336,2,-2
2024-12-27 16:32:07,23336,23338,23335,1,-1
2024-12-27 16:32:09,23335,23336,23334,2,-2
2024-12-27 16:32:09,23335,23336,23334,2,-2
2024-12-27 16:32:09,23335,23336,23334,1,-1
2024-12-27 16:32:09,23335,23336,23335,3,-3
2024-12-27 16:32:10,23333,23334,23333,1,-1
2024-12-27 16:32:10,23332,23334,23332,1,-1
2024-12-27 16:32:10,23332,23334,23332,1,-1
2024-12-27 16:32:10,23332,23334,23332,3,-3
2024-12-27 16:32:10,23332,23334,23332,2,-2
2024-12-27 16:32:10,23332,23334,23332,1,-1
2024-12-27 16:32:15,23333,23334,23333,1,-1
2024-12-27 16:32:17,23333,23334,23333,2,-2
2024-12-27 16:32:25,23332,23333,23332,1,-1
2024-12-27 16:32:26,23332,23333,23332,2,-2
2024-12-27 16:32:27,23331,23333,23331,2,-2
2024-12-27 16:32:32,23332,23334,23332,1,-1
2024-12-27 16:32:32,23332,23333,23333,1,1
2024-12-27 16:32:32,23332,23333,23333,1,1
2024-12-27 16:32:37,23333,23335,23333,1,-1
2024-12-27 16:32:40,23333,23335,23333,1,-1
2024-12-27 16:32:41,23332,23335,23332,1,-1
2024-12-27 16:32:45,23332,23335,23333,1,-1
2024-12-27 16:32:56,23332,23333,23333,1,1
2024-12-27 16:33:04,23332,23334,23332,1,-1
2024-12-27 16:33:17,23331,23333,23330,1,-1
2024-12-27 16:33:17,23328,23330,23329,1,-1
2024-12-27 16:33:17,23331,23333,23330,1,-1
2024-12-27 16:33:17,23331,23333,23330,1,-1
2024-12-27 16:33:17,23331,23333,23330,13,-13
2024-12-27 16:33:17,23331,23333,23330,4,-4
2024-12-27 16:33:17,23331,23333,23331,2,-2
2024-12-27 16:33:17,23331,23333,23331,3,-3
2024-12-27 16:33:17,23331,23333,23330,4,-4
2024-12-27 16:33:18,23328,23330,23328,1,-1
2024-12-27 16:33:18,23328,23330,23328,1,-1
2024-12-27 16:33:18,23328,23330,23328,1,-1
2024-12-27 16:33:18,23328,23330,23328,1,-1
2024-12-27 16:33:18,23328,23330,23328,1,-1
2024-12-27 16:33:18,23327,23329,23327,1,-1
2024-12-27 16:33:18,23327,23329,23327,4,-4
2024-12-27 16:33:18,23327,23329,23327,1,-1
2024-12-27 16:33:20,23327,23329,23327,1,-1
2024-12-27 16:33:25,23326,23327,23326,1,-1
2024-12-27 16:33:25,23327,23328,23327,1,-1
2024-12-27 16:33:25,23327,23328,23327,1,-1
2024-12-27 16:33:25,23327,23328,23327,4,-4
2024-12-27 16:33:26,23324,23326,23324,1,-1
2024-12-27 16:33:26,23323,23325,23323,1,-1
2024-12-27 16:33:26,23323,23325,23323,1,-1
2024-12-27 16:33:26,23323,23325,23323,1,-1
2024-12-27 16:33:26,23323,23325,23322,3,-3
2024-12-27 16:33:26,23323,23325,23322,1,-1
2024-12-27 16:33:26,23322,23324,23322,1,-1
2024-12-27 16:33:26,23322,23324,23322,2,-2
2024-12-27 16:33:26,23322,23324,23321,1,-1
2024-12-27 16:33:26,23322,23324,23321,2,-2
2024-12-27 16:33:26,23322,23324,23321,2,-2
2024-12-27 16:33:26,23321,23322,23321,1,-1
2024-12-27 16:33:26,23324,23326,23323,1,-1
2024-12-27 16:33:26,23322,23324,23322,1,-1
2024-12-27 16:33:26,23324,23326,23324,1,-1
2024-12-27 16:33:26,23325,23327,23325,4,-4
2024-12-27 16:33:26,23324,23326,23324,1,-1
2024-12-27 16:33:26,23325,23327,23325,1,-1
2024-12-27 16:33:26,23325,23327,23325,1,-1
2024-12-27 16:33:26,23325,23327,23325,4,-4
2024-12-27 16:33:26,23325,23327,23325,1,-1
2024-12-27 16:33:26,23325,23327,23325,1,-1
2024-12-27 16:33:26,23325,23327,23325,1,-1
2024-12-27 16:33:26,23324,23326,23323,2,-2
2024-12-27 16:33:26,23325,23327,23325,2,-2
2024-12-27 16:33:26,23325,23327,23325,1,-1
2024-12-27 16:33:26,23325,23327,23325,1,-1
2024-12-27 16:33:26,23324,23326,23324,1,-1
2024-12-27 16:33:26,23324,23326,23324,1,-1
2024-12-27 16:33:26,23325,23327,23325,1,-1
2024-12-27 16:33:27,23322,23323,23322,1,-1
2024-12-27 16:33:27,23321,23322,23322,1,1
2024-12-27 16:33:27,23321,23322,23322,1,1
2024-12-27 16:33:31,23321,23323,23323,4,4
2024-12-27 16:33:33,23322,23324,23322,1,-1
2024-12-27 16:33:44,23322,23324,23324,4,4
2024-12-27 16:33:48,23323,23325,23321,1,-1
2024-12-27 16:33:48,23323,23325,23321,1,-1
2024-12-27 16:33:48,23323,23325,23321,1,-1
2024-12-27 16:33:48,23323,23325,23321,1,-1
2024-12-27 16:33:48,23323,23325,23321,1,-1
2024-12-27 16:33:48,23323,23325,23321,1,-1
2024-12-27 16:33:48,23323,23325,23322,1,-1
2024-12-27 16:33:48,23323,23325,23322,1,-1
2024-12-27 16:33:48,23323,23325,23322,1,-1
2024-12-27 16:33:48,23323,23325,23322,1,-1
2024-12-27 16:33:48,23323,23325,23322,1,-1
2024-12-27 16:33:48,23323,23325,23322,1,-1
2024-12-27 16:33:48,23323,23325,23323,1,-1
2024-12-27 16:33:48,23323,23325,23323,1,-1
2024-12-27 16:33:48,23324,23325,23324,1,-1
2024-12-27 16:33:48,23323,23325,23322,1,-1
2024-12-27 16:33:48,23323,23325,23320,1,-1
2024-12-27 16:33:50,23322,23324,23322,1,-1
2024-12-27 16:33:50,23321,23324,23324,1,1
2024-12-27 16:33:55,23321,23324,23324,2,2
2024-12-27 16:33:57,23323,23325,23324,1,1
2024-12-27 16:33:58,23323,23325,23323,1,-1
2024-12-27 16:33:58,23323,23325,23323,1,-1
2024-12-27 16:33:58,23323,23325,23323,1,-1
2024-12-27 16:33:58,23323,23325,23322,1,-1
2024-12-27 16:34:03,23322,23324,23322,3,-3
2024-12-27 16:34:03,23321,23324,23321,1,-1
2024-12-27 16:34:04,23321,23324,23321,1,-1
2024-12-27 16:34:06,23321,23323,23321,1,-1
2024-12-27 16:34:07,23321,23323,23321,1,-1
2024-12-27 16:34:09,23321,23323,23321,2,-2
2024-12-27 16:34:11,23321,23323,23321,1,-1
2024-12-27 16:34:14,23321,23323,23321,1,-1
2024-12-27 16:34:14,23321,23323,23321,1,-1
2024-12-27 16:34:16,23321,23323,23323,1,1
2024-12-27 16:34:16,23321,23323,23323,3,3
2024-12-27 16:34:18,23322,23324,23322,3,-3
2024-12-27 16:34:18,23321,23323,23321,1,-1
2024-12-27 16:34:19,23321,23323,23323,1,1
2024-12-27 16:34:20,23321,23323,23323,1,1
2024-12-27 16:34:24,23323,23324,23323,1,-1
2024-12-27 16:34:26,23322,23325,23322,1,-1
2024-12-27 16:34:28,23322,23324,23322,1,-1
2024-12-27 16:34:33,23322,23325,23322,1,-1
2024-12-27 16:34:37,23323,23325,23325,3,3
2024-12-27 16:34:37,23323,23325,23325,1,1
2024-12-27 16:34:38,23324,23326,23324,1,-1
2024-12-27 16:34:38,23324,23326,23324,1,-1
2024-12-27 16:34:49,23323,23324,23323,1,-1
2024-12-27 16:34:49,23323,23324,23322,1,-1
2024-12-27 16:34:49,23323,23324,23322,3,-3
2024-12-27 16:34:49,23323,23324,23321,3,-3
2024-12-27 16:34:50,23321,23322,23321,1,-1
2024-12-27 16:34:50,23320,23322,23322,2,2
2024-12-27 16:34:50,23321,23323,23321,1,-1
2024-12-27 16:34:50,23321,23323,23323,1,1
2024-12-27 16:34:53,23321,23322,23322,1,1
2024-12-27 16:34:55,23321,23323,23321,3,-3
2024-12-27 16:34:57,23322,23323,23323,1,1
2024-12-27 16:34:57,23322,23323,23323,1,1
2024-12-27 16:35:01,23321,23322,23322,1,1
2024-12-27 16:35:01,23321,23323,23321,1,-1
2024-12-27 16:35:02,23321,23323,23323,2,2
2024-12-27 16:35:02,23321,23323,23323,1,1
2024-12-27 16:35:02,23321,23324,23321,1,-1
2024-12-27 16:35:02,23321,23324,23321,1,-1
2024-12-27 16:35:02,23321,23324,23321,1,-1
2024-12-27 16:35:02,23321,23324,23320,1,-1
2024-12-27 16:35:06,23320,23322,23320,2,-2
2024-12-27 16:35:12,23321,23322,23321,1,-1
2024-12-27 16:35:19,23321,23322,23322,4,4
2024-12-27 16:35:20,23321,23324,23320,1,-1
2024-12-27 16:35:20,23321,23324,23320,1,-1
2024-12-27 16:35:20,23321,23324,23321,1,-1
2024-12-27 16:35:20,23321,23324,23321,1,-1
2024-12-27 16:35:20,23321,23324,23321,1,-1
2024-12-27 16:35:22,23320,23322,23322,2,2
2024-12-27 16:35:22,23320,23322,23320,1,-1
2024-12-27 16:35:22,23320,23321,23320,1,-1
2024-12-27 16:35:29,23320,23321,23321,1,1
2024-12-27 16:35:30,23320,23321,23320,1,-1
2024-12-27 16:35:31,23319,23320,23319,3,-3
2024-12-27 16:35:31,23320,23321,23319,1,-1
2024-12-27 16:35:31,23320,23321,23320,6,-6
2024-12-27 16:35:31,23320,23321,23320,2,-2
2024-12-27 16:35:31,23320,23321,23320,6,-6
2024-12-27 16:35:31,23320,23321,23320,3,-3
2024-12-27 16:35:31,23320,23321,23320,1,-1
2024-12-27 16:35:32,23319,23320,23319,1,-1
2024-12-27 16:35:33,23319,23320,23320,1,1
2024-12-27 16:35:34,23319,23321,23319,1,-1
2024-12-27 16:35:35,23319,23321,23319,1,-1
2024-12-27 16:35:38,23318,23319,23319,7,7
2024-12-27 16:35:40,23319,23322,23320,1,-1
2024-12-27 16:35:40,23319,23322,23320,2,-2
2024-12-27 16:35:40,23319,23322,23320,2,-2
2024-12-27 16:35:41,23319,23321,23319,1,-1
2024-12-27 16:35:42,23319,23321,23319,1,-1
2024-12-27 16:35:42,23319,23321,23321,1,1
2024-12-27 16:35:48,23319,23321,23318,1,-1
2024-12-27 16:35:48,23319,23321,23318,1,-1
2024-12-27 16:35:48,23319,23321,23319,1,-1
2024-12-27 16:35:48,23318,23321,23318,2,-2
2024-12-27 16:35:48,23318,23321,23320,1,1
2024-12-27 16:35:48,23318,23321,23318,4,-4
2024-12-27 16:35:49,23318,23321,23318,1,-1
2024-12-27 16:35:49,23318,23320,23318,1,-1
2024-12-27 16:35:50,23319,23321,23319,1,-1
2024-12-27 16:35:51,23320,23321,23320,1,-1
2024-12-27 16:35:52,23319,23320,23320,1,1
2024-12-27 16:35:53,23320,23321,23321,1,1
2024-12-27 16:35:53,23320,23321,23321,8,8
2024-12-27 16:35:55,23320,23322,23321,1,1
2024-12-27 16:35:56,23320,23322,23320,4,-4
2024-12-27 16:35:57,23315,23317,23314,1,-1
2024-12-27 16:35:57,23315,23318,23315,1,-1
2024-12-27 16:35:57,23315,23317,23315,1,-1
2024-12-27 16:35:57,23315,23317,23314,1,-1
2024-12-27 16:35:57,23315,23317,23314,1,-1
2024-12-27 16:35:57,23315,23318,23317,1,1
2024-12-27 16:35:57,23314,23317,23314,4,-4
2024-12-27 16:35:57,23313,23315,23313,1,-1
2024-12-27 16:35:57,23313,23315,23313,1,-1
2024-12-27 16:35:57,23313,23315,23315,1,1
2024-12-27 16:35:57,23315,23317,23314,1,-1
2024-12-27 16:35:57,23315,23318,23315,3,-3
2024-12-27 16:35:57,23319,23321,23319,1,-1
2024-12-27 16:35:57,23317,23319,23316,8,-8
2024-12-27 16:35:57,23319,23321,23319,5,-5
2024-12-27 16:35:57,23317,23319,23317,7,-7
2024-12-27 16:35:57,23319,23321,23319,1,-1
2024-12-27 16:35:57,23319,23321,23318,1,-1
2024-12-27 16:35:57,23319,23321,23317,1,-1
2024-12-27 16:35:57,23319,23321,23318,4,-4
2024-12-27 16:35:57,23319,23321,23316,1,-1
2024-12-27 16:35:57,23317,23319,23317,1,-1
2024-12-27 16:35:57,23317,23319,23319,2,2
2024-12-27 16:35:57,23317,23319,23315,9,-9
2024-12-27 16:35:57,23319,23321,23317,5,-5
2024-12-27 16:35:58,23313,23316,23313,1,-1
2024-12-27 16:36:00,23312,23313,23311,2,-2
2024-12-27 16:36:00,23312,23313,23311,1,-1
2024-12-27 16:36:00,23312,23313,23311,2,-2
2024-12-27 16:36:00,23312,23313,23312,6,-6
2024-12-27 16:36:00,23312,23316,23313,1,-1
2024-12-27 16:36:00,23312,23316,23312,1,-1
2024-12-27 16:36:00,23312,23316,23312,1,-1
2024-12-27 16:36:00,23312,23316,23315,1,1
2024-12-27 16:36:00,23312,23316,23312,1,-1
2024-12-27 16:36:00,23313,23316,23313,1,-1
2024-12-27 16:36:00,23314,23316,23314,9,-9
2024-12-27 16:36:00,23314,23316,23313,1,-1
2024-12-27 16:36:01,23310,23311,23310,2,-2
2024-12-27 16:36:01,23310,23311,23310,1,-1
2024-12-27 16:36:01,23310,23311,23310,2,-2
2024-12-27 16:36:01,23311,23312,23310,1,-1
2024-12-27 16:36:01,23311,23312,23311,1,-1
2024-12-27 16:36:01,23311,23312,23310,1,-1
2024-12-27 16:36:02,23309,23311,23309,1,-1
2024-12-27 16:36:02,23310,23311,23310,2,-2
2024-12-27 16:36:02,23310,23311,23310,1,-1
2024-12-27 16:36:02,23310,23311,23310,1,-1
2024-12-27 16:36:02,23310,23311,23310,2,-2
2024-12-27 16:36:02,23310,23311,23310,2,-2
2024-12-27 16:36:02,23310,23311,23310,2,-2
2024-12-27 16:36:02,23309,23311,23309,1,-1
2024-12-27 16:36:02,23309,23311,23309,1,-1
2024-12-27 16:36:02,23309,23311,23309,1,-1
2024-12-27 16:36:02,23309,23311,23309,1,-1
2024-12-27 16:36:03,23309,23311,23309,1,-1
2024-12-27 16:36:04,23308,23311,23308,5,-5
2024-12-27 16:36:04,23308,23310,23309,2,-2
2024-12-27 16:36:06,23308,23310,23309,1,-1
2024-12-27 16:36:07,23308,23310,23310,2,2
2024-12-27 16:36:07,23308,23310,23309,2,2
2024-12-27 16:36:07,23308,23311,23308,1,-1
2024-12-27 16:36:07,23308,23311,23311,1,1
2024-12-27 16:36:07,23308,23311,23308,1,-1
2024-12-27 16:36:08,23309,23311,23311,2,2
2024-12-27 16:36:08,23309,23311,23312,1,1
2024-12-27 16:36:08,23309,23311,23311,1,1
2024-12-27 16:36:09,23309,23312,23309,1,-1
2024-12-27 16:36:10,23309,23311,23311,2,2
2024-12-27 16:36:10,23309,23312,23309,4,-4
2024-12-27 16:36:12,23310,23312,23312,1,1
2024-12-27 16:36:13,23310,23312,23311,1,1
2024-12-27 16:36:13,23310,23312,23309,2,-2
2024-12-27 16:36:13,23310,23312,23310,2,-2
2024-12-27 16:36:17,23310,23312,23312,1,1
2024-12-27 16:36:17,23310,23313,23310,1,-1
2024-12-27 16:36:18,23310,23313,23310,2,-2
2024-12-27 16:36:18,23310,23313,23310,1,-1
2024-12-27 16:36:18,23311,23313,23311,1,-1
2024-12-27 16:36:18,23310,23313,23313,1,1
2024-12-27 16:36:18,23310,23313,23310,1,-1
2024-12-27 16:36:19,23311,23313,23311,1,-1
2024-12-27 16:36:20,23311,23314,23312,1,-1
2024-12-27 16:36:23,23312,23314,23314,1,1
2024-12-27 16:36:32,23314,23317,23314,1,-1
2024-12-27 16:36:33,23313,23316,23313,1,-1
2024-12-27 16:36:33,23313,23316,23313,1,-1
2024-12-27 16:36:33,23313,23315,23315,1,1
2024-12-27 16:36:33,23313,23316,23313,1,-1
2024-12-27 16:36:35,23313,23316,23314,3,-3
2024-12-27 16:36:38,23314,23316,23314,1,-1
