2024-04-24 15:00:00.046,20150,20153,20159,84,84
2024-04-24 15:00:00.047,20158,20159,20158,4,-4
2024-04-24 15:00:00.048,20158,20159,20157,1,-1
2024-04-24 15:00:00.048,20158,20159,20157,2,-2
2024-04-24 15:00:00.049,20158,20159,20156,1,-1
2024-04-24 15:00:00.050,20158,20159,20156,1,-1
2024-04-24 15:00:00.051,20158,20159,20155,1,-1
2024-04-24 15:00:00.058,20158,20159,20159,1,1
2024-04-24 15:00:00.058,20158,20159,20159,1,1
2024-04-24 15:00:00.058,20158,20159,20159,1,1
2024-04-24 15:00:00.058,20158,20159,20159,2,2
2024-04-24 15:00:00.063,20158,20159,20159,1,1
2024-04-24 15:00:00.064,20158,20159,20159,1,1
2024-04-24 15:00:00.066,20158,20159,20155,1,-1
2024-04-24 15:00:00.069,20158,20159,20159,1,1
2024-04-24 15:00:00.070,20158,20159,20160,1,1
2024-04-24 15:00:00.076,20155,20160,20160,1,1
2024-04-24 15:00:00.081,20155,20160,20155,1,-1
2024-04-24 15:00:00.141,20155,20159,20159,1,1
2024-04-24 15:00:00.151,20155,20159,20157,1,1
2024-04-24 15:00:00.203,20155,20159,20156,1,-1
2024-04-24 15:00:00.203,20155,20159,20157,1,1
2024-04-24 15:00:00.203,20155,20159,20156,1,-1
2024-04-24 15:00:00.204,20155,20159,20157,1,-1
2024-04-24 15:00:00.208,20155,20159,20157,1,-1
2024-04-24 15:00:00.231,20155,20159,20158,1,1
2024-04-24 15:00:00.246,20155,20158,20158,1,1
2024-04-24 15:00:00.303,20155,20158,20159,3,3
2024-04-24 15:00:00.435,20156,20159,20156,1,-1
2024-04-24 15:00:00.566,20156,20159,20158,1,1
2024-04-24 15:00:00.615,20156,20159,20160,1,1
2024-04-24 15:00:00.615,20156,20159,20159,2,2
2024-04-24 15:00:00.771,20156,20159,20156,1,-1
2024-04-24 15:00:00.789,20156,20159,20158,1,1
2024-04-24 15:00:00.796,20156,20159,20159,1,1
2024-04-24 15:00:00.879,20156,20158,20158,2,2
2024-04-24 15:00:00.890,20156,20158,20158,1,1
2024-04-24 15:00:01.010,20156,20158,20156,1,-1
2024-04-24 15:00:01.011,20156,20158,20156,1,-1
2024-04-24 15:00:01.011,20156,20158,20155,3,-3
2024-04-24 15:00:01.011,20156,20158,20156,1,-1
2024-04-24 15:00:01.108,20156,20158,20155,1,-1
2024-04-24 15:00:01.112,20156,20158,20157,1,-1
2024-04-24 15:00:01.135,20155,20157,20157,1,1
2024-04-24 15:00:01.209,20155,20157,20155,1,-1
2024-04-24 15:00:01.265,20154,20157,20154,1,-1
2024-04-24 15:00:01.265,20154,20157,20154,1,-1
2024-04-24 15:00:02.406,20154,20157,20157,1,1
2024-04-24 15:00:03.034,20154,20157,20157,2,2
2024-04-24 15:00:03.494,20154,20157,20154,3,-3
2024-04-24 15:00:03.494,20154,20157,20153,1,-1
2024-04-24 15:00:03.625,20155,20157,20157,1,1
2024-04-24 15:00:03.730,20155,20157,20157,1,1
2024-04-24 15:00:03.730,20155,20157,20156,1,1
2024-04-24 15:00:03.810,20155,20157,20155,1,-1
2024-04-24 15:00:04.691,20155,20157,20155,1,-1
2024-04-24 15:00:05.910,20154,20157,20154,2,-2
2024-04-24 15:00:06.070,20154,20157,20156,2,2
2024-04-24 15:00:06.071,20154,20157,20157,4,4
2024-04-24 15:00:06.071,20154,20157,20157,3,3
2024-04-24 15:00:06.073,20154,20157,20158,6,6
2024-04-24 15:00:06.074,20154,20157,20158,2,2
2024-04-24 15:00:06.091,20154,20157,20156,4,4
2024-04-24 15:00:06.092,20154,20157,20157,2,2
2024-04-24 15:00:06.096,20154,20157,20157,4,4
2024-04-24 15:00:06.117,20154,20157,20156,1,1
2024-04-24 15:00:06.118,20154,20157,20156,2,2
2024-04-24 15:00:07.091,20155,20157,20155,7,-7
2024-04-24 15:00:07.091,20155,20157,20155,2,-2
2024-04-24 15:00:07.092,20155,20157,20156,2,-2
2024-04-24 15:00:07.093,20155,20157,20156,3,-3
2024-04-24 15:00:07.401,20155,20157,20155,3,-3
2024-04-24 15:00:07.402,20155,20157,20156,2,-2
2024-04-24 15:00:07.427,20155,20157,20156,1,-1
2024-04-24 15:00:07.845,20155,20156,20155,5,-5
2024-04-24 15:00:07.846,20155,20156,20156,1,1
2024-04-24 15:00:08.091,20154,20156,20154,6,-6
2024-04-24 15:00:08.396,20154,20156,20156,1,1
2024-04-24 15:00:08.413,20154,20156,20156,4,4
2024-04-24 15:00:08.703,20155,20157,20157,7,7
2024-04-24 15:00:08.711,20155,20157,20157,1,1
2024-04-24 15:00:09.092,20155,20157,20155,4,-4
2024-04-24 15:00:09.092,20155,20157,20156,2,-2
2024-04-24 15:00:10.041,20155,20157,20157,6,6
2024-04-24 15:00:10.220,20157,20158,20156,7,-7
2024-04-24 15:00:10.220,20157,20158,20155,7,-7
2024-04-24 15:00:10.220,20157,20158,20157,6,-6
2024-04-24 15:00:10.221,20157,20158,20155,2,-2
2024-04-24 15:00:10.221,20157,20158,20155,2,-2
2024-04-24 15:00:10.221,20157,20158,20155,6,-6
2024-04-24 15:00:10.222,20157,20158,20156,2,-2
2024-04-24 15:00:10.572,20155,20157,20157,2,2
2024-04-24 15:00:10.701,20155,20157,20156,1,1
2024-04-24 15:00:10.701,20155,20157,20156,1,1
2024-04-24 15:00:11.145,20155,20156,20155,1,-1
2024-04-24 15:00:11.409,20154,20156,20156,1,1
2024-04-24 15:00:12.536,20155,20156,20155,1,-1
2024-04-24 15:00:12.707,20154,20156,20154,2,-2
2024-04-24 15:00:13.688,20155,20156,20156,1,1
2024-04-24 15:00:14.420,20155,20156,20155,2,-2
2024-04-24 15:00:14.804,20154,20155,20155,1,1
2024-04-24 15:00:15.532,20153,20155,20155,1,1
2024-04-24 15:00:15.642,20153,20155,20153,1,-1
2024-04-24 15:00:15.676,20153,20155,20153,1,-1
2024-04-24 15:00:15.948,20153,20155,20153,1,-1
2024-04-24 15:00:16.521,20152,20154,20152,3,-3
2024-04-24 15:00:16.666,20151,20153,20151,1,-1
2024-04-24 15:00:16.690,20151,20153,20151,2,-2
2024-04-24 15:00:16.697,20151,20153,20151,4,-4
2024-04-24 15:00:16.702,20151,20153,20150,2,-2
2024-04-24 15:00:17.103,20150,20152,20152,1,1
2024-04-24 15:00:17.322,20150,20152,20152,1,1
2024-04-24 15:00:17.517,20150,20152,20150,7,-7
2024-04-24 15:00:17.608,20150,20152,20150,1,-1
2024-04-24 15:00:18.292,20150,20152,20150,1,-1
2024-04-24 15:00:18.518,20149,20151,20149,5,-5
2024-04-24 15:00:18.518,20149,20151,20149,2,-2
2024-04-24 15:00:18.583,20149,20151,20151,7,7
2024-04-24 15:00:18.583,20149,20151,20150,5,-5
2024-04-24 15:00:18.584,20149,20151,20150,2,2
2024-04-24 15:00:18.584,20149,20151,20152,3,3
2024-04-24 15:00:18.596,20149,20151,20151,2,2
2024-04-24 15:00:18.697,20151,20152,20151,1,-1
2024-04-24 15:00:18.697,20151,20152,20151,2,-2
2024-04-24 15:00:18.716,20151,20152,20151,1,-1
2024-04-24 15:00:18.736,20151,20152,20152,2,2
2024-04-24 15:00:18.745,20151,20153,20151,2,-2
2024-04-24 15:00:18.989,20151,20153,20151,1,-1
2024-04-24 15:00:18.989,20151,20153,20151,3,-3
2024-04-24 15:00:19.518,20151,20153,20151,2,-2
2024-04-24 15:00:19.865,20150,20152,20152,3,3
2024-04-24 15:00:20.147,20151,20153,20152,1,1
2024-04-24 15:00:20.216,20151,20153,20151,1,-1
2024-04-24 15:00:20.711,20150,20152,20152,1,1
2024-04-24 15:00:20.939,20151,20153,20151,1,-1
2024-04-24 15:00:22.362,20151,20152,20151,4,-4
2024-04-24 15:00:23.314,20150,20152,20152,1,1
2024-04-24 15:00:23.388,20152,20153,20152,4,-4
2024-04-24 15:00:23.962,20150,20152,20150,3,-3
2024-04-24 15:00:23.962,20150,20152,20150,1,-1
2024-04-24 15:00:23.983,20150,20152,20150,1,-1
2024-04-24 15:00:24.177,20149,20150,20149,2,-2
2024-04-24 15:00:24.253,20148,20149,20148,2,-2
2024-04-24 15:00:24.264,20148,20149,20148,4,-4
2024-04-24 15:00:24.524,20148,20150,20148,4,-4
2024-04-24 15:00:24.524,20148,20150,20147,1,-1
2024-04-24 15:00:24.679,20147,20149,20147,1,-1
2024-04-24 15:00:24.685,20147,20149,20147,1,-1
2024-04-24 15:00:24.701,20147,20149,20147,1,-1
2024-04-24 15:00:24.712,20147,20149,20147,1,-1
2024-04-24 15:00:24.736,20147,20149,20147,1,-1
2024-04-24 15:00:24.754,20147,20149,20147,1,-1
2024-04-24 15:00:24.760,20147,20149,20149,1,1
2024-04-24 15:00:25.045,20147,20149,20147,1,-1
2024-04-24 15:00:25.070,20147,20149,20147,1,-1
2024-04-24 15:00:25.832,20148,20149,20148,2,-2
2024-04-24 15:00:26.029,20148,20149,20147,1,-1
2024-04-24 15:00:26.718,20146,20148,20146,1,-1
2024-04-24 15:00:26.733,20146,20148,20146,6,-6
2024-04-24 15:00:26.791,20145,20147,20145,2,-2
2024-04-24 15:00:26.906,20145,20147,20145,1,-1
2024-04-24 15:00:27.730,20145,20147,20145,4,-4
2024-04-24 15:00:27.765,20145,20147,20145,3,-3
2024-04-24 15:00:27.844,20145,20147,20145,3,-3
2024-04-24 15:00:27.844,20145,20147,20144,7,-7
2024-04-24 15:00:27.888,20143,20144,20144,1,1
2024-04-24 15:00:27.888,20143,20144,20144,1,1
2024-04-24 15:00:27.888,20143,20144,20144,1,1
2024-04-24 15:00:27.889,20143,20144,20144,4,4
2024-04-24 15:00:27.889,20143,20144,20144,1,1
2024-04-24 15:00:27.889,20143,20144,20144,2,2
2024-04-24 15:00:28.075,20144,20146,20146,5,5
2024-04-24 15:00:28.391,20145,20147,20145,1,-1
2024-04-24 15:00:28.730,20145,20147,20145,3,-3
2024-04-24 15:00:28.737,20145,20147,20144,2,-2
2024-04-24 15:00:28.821,20144,20145,20144,1,-1
2024-04-24 15:00:29.269,20144,20145,20144,3,-3
2024-04-24 15:00:29.270,20144,20145,20144,2,-2
2024-04-24 15:00:29.730,20143,20144,20143,3,-3
2024-04-24 15:00:30.018,20143,20144,20144,1,1
2024-04-24 15:00:30.074,20143,20144,20143,1,-1
2024-04-24 15:00:30.074,20143,20144,20143,2,-2
2024-04-24 15:00:30.075,20143,20144,20143,1,-1
2024-04-24 15:00:30.271,20143,20144,20143,2,-2
2024-04-24 15:00:30.994,20143,20144,20143,2,-2
2024-04-24 15:00:31.201,20143,20144,20144,1,1
2024-04-24 15:00:31.218,20143,20144,20143,1,-1
2024-04-24 15:00:31.325,20141,20143,20143,1,1
2024-04-24 15:00:32.029,20142,20143,20142,1,-1
2024-04-24 15:00:32.029,20142,20143,20142,1,-1
2024-04-24 15:00:32.124,20141,20142,20141,2,-2
2024-04-24 15:00:32.206,20141,20142,20141,4,-4
2024-04-24 15:00:32.206,20141,20142,20141,1,-1
2024-04-24 15:00:32.384,20140,20141,20141,1,1
2024-04-24 15:00:32.399,20140,20141,20140,1,-1
2024-04-24 15:00:32.507,20140,20141,20140,4,-4
2024-04-24 15:00:32.532,20140,20141,20140,1,-1
2024-04-24 15:00:32.604,20140,20141,20140,1,-1
2024-04-24 15:00:32.723,20140,20141,20140,1,-1
2024-04-24 15:00:32.870,20139,20140,20140,1,1
2024-04-24 15:00:32.870,20139,20140,20140,1,1
2024-04-24 15:00:32.920,20139,20140,20142,1,1
2024-04-24 15:00:33.059,20140,20142,20139,1,-1
2024-04-24 15:00:33.060,20140,20142,20139,3,-3
2024-04-24 15:00:33.170,20138,20139,20141,2,2
2024-04-24 15:00:33.170,20138,20139,20140,4,4
2024-04-24 15:00:33.170,20138,20139,20139,4,4
2024-04-24 15:00:33.248,20139,20141,20141,1,1
2024-04-24 15:00:34.375,20138,20140,20138,1,-1
2024-04-24 15:00:34.463,20138,20140,20140,1,1
2024-04-24 15:00:34.776,20138,20140,20138,1,-1
2024-04-24 15:00:34.809,20138,20140,20140,1,1
2024-04-24 15:00:34.851,20138,20140,20140,1,1
2024-04-24 15:00:34.978,20138,20140,20138,1,-1
2024-04-24 15:00:36.268,20139,20140,20140,3,3
2024-04-24 15:00:36.424,20140,20141,20141,1,1
2024-04-24 15:00:36.637,20140,20141,20141,1,1
2024-04-24 15:00:36.639,20140,20141,20141,1,1
2024-04-24 15:00:36.781,20140,20142,20139,1,-1
2024-04-24 15:00:36.878,20141,20142,20142,1,1
2024-04-24 15:00:38.145,20140,20142,20142,1,1
2024-04-24 15:00:38.166,20140,20142,20140,1,-1
2024-04-24 15:00:39.159,20140,20142,20142,1,1
2024-04-24 15:00:39.587,20141,20142,20141,1,-1
2024-04-24 15:00:39.587,20141,20142,20140,1,-1
2024-04-24 15:00:39.671,20140,20142,20140,2,-2
2024-04-24 15:00:39.679,20140,20142,20140,2,-2
2024-04-24 15:00:39.694,20140,20142,20140,5,-5
2024-04-24 15:00:39.747,20139,20141,20141,7,7
2024-04-24 15:00:39.747,20139,20141,20142,6,6
2024-04-24 15:00:40.046,20141,20143,20141,2,-2
2024-04-24 15:00:40.522,20142,20143,20142,1,-1
2024-04-24 15:00:41.408,20142,20143,20143,2,2
2024-04-24 15:00:41.550,20143,20144,20142,1,-1
2024-04-24 15:00:41.825,20142,20144,20142,3,-3
2024-04-24 15:00:42.220,20142,20143,20142,1,-1
2024-04-24 15:00:42.220,20142,20143,20143,3,3
2024-04-24 15:00:42.270,20143,20144,20144,1,1
2024-04-24 15:00:42.458,20143,20144,20143,3,-3
2024-04-24 15:00:42.830,20142,20143,20142,1,-1
2024-04-24 15:00:42.831,20142,20143,20142,11,-11
2024-04-24 15:00:42.833,20142,20143,20141,1,-1
2024-04-24 15:00:44.298,20141,20142,20142,1,1
2024-04-24 15:00:44.876,20141,20142,20142,1,1
2024-04-24 15:00:45.668,20141,20142,20141,5,-5
2024-04-24 15:00:45.668,20141,20142,20140,13,-13
2024-04-24 15:00:45.668,20141,20142,20139,2,-2
2024-04-24 15:00:45.687,20141,20142,20141,1,-1
2024-04-24 15:00:46.062,20139,20141,20139,1,-1
2024-04-24 15:00:46.688,20138,20140,20140,1,1
2024-04-24 15:00:47.405,20140,20142,20141,1,1
2024-04-24 15:00:48.812,20140,20141,20140,2,-2
2024-04-24 15:00:48.815,20140,20141,20138,9,-9
2024-04-24 15:00:48.815,20140,20141,20137,1,-1
2024-04-24 15:00:48.816,20140,20141,20137,4,-4
2024-04-24 15:00:48.944,20136,20138,20137,1,-1
2024-04-24 15:00:49.317,20136,20137,20137,1,1
2024-04-24 15:00:49.324,20136,20137,20137,1,1
2024-04-24 15:00:49.327,20136,20137,20138,1,1
2024-04-24 15:00:49.844,20136,20137,20137,1,1
2024-04-24 15:00:49.844,20136,20137,20137,1,1
2024-04-24 15:00:49.862,20136,20137,20138,1,1
2024-04-24 15:00:50.016,20137,20138,20138,1,1
2024-04-24 15:00:50.183,20137,20138,20138,1,1
2024-04-24 15:00:51.122,20136,20138,20138,2,2
2024-04-24 15:00:51.295,20137,20138,20138,3,3
2024-04-24 15:00:51.351,20137,20138,20137,1,-1
2024-04-24 15:00:51.918,20137,20139,20137,2,-2
2024-04-24 15:00:52.493,20136,20138,20136,1,-1
2024-04-24 15:00:52.693,20136,20138,20136,1,-1
2024-04-24 15:00:52.717,20136,20138,20138,1,1
2024-04-24 15:00:52.725,20136,20138,20136,3,-3
2024-04-24 15:00:52.763,20136,20138,20138,1,1
2024-04-24 15:00:52.802,20136,20138,20136,1,-1
2024-04-24 15:00:53.858,20137,20138,20138,1,1
2024-04-24 15:00:53.858,20137,20138,20139,1,1
2024-04-24 15:00:54.352,20138,20139,20138,1,-1
2024-04-24 15:00:54.496,20137,20139,20137,1,-1
2024-04-24 15:00:55.311,20137,20139,20137,1,-1
2024-04-24 15:00:55.579,20137,20139,20139,1,1
2024-04-24 15:00:55.636,20137,20139,20139,3,3
2024-04-24 15:00:55.688,20137,20139,20138,1,1
2024-04-24 15:00:56.426,20138,20140,20138,2,-2
2024-04-24 15:00:56.606,20137,20139,20137,1,-1
2024-04-24 15:00:56.790,20137,20139,20139,1,1
2024-04-24 15:00:56.912,20137,20139,20139,3,3
2024-04-24 15:00:57.268,20137,20138,20138,1,1
2024-04-24 15:00:58.069,20137,20139,20139,3,3
2024-04-24 15:00:58.289,20138,20140,20140,1,1
2024-04-24 15:00:59.191,20138,20140,20140,1,1
2024-04-24 15:00:59.257,20138,20140,20140,3,3
2024-04-24 15:00:59.258,20138,20140,20140,1,1
2024-04-24 15:00:59.259,20138,20140,20140,1,1
2024-04-24 15:00:59.402,20140,20141,20141,1,1
2024-04-24 15:00:59.477,20140,20141,20141,1,1
2024-04-24 15:00:59.780,20140,20141,20141,1,1
2024-04-24 15:00:59.780,20140,20141,20141,3,3
2024-04-24 15:00:59.781,20140,20141,20142,5,5
2024-04-24 15:00:59.782,20140,20141,20142,1,1
2024-04-24 15:00:59.923,20141,20142,20141,1,-1
2024-04-24 15:00:59.926,20141,20142,20141,1,-1
2024-04-24 15:00:59.937,20141,20142,20140,1,-1
2024-04-24 15:00:59.971,20141,20142,20142,1,1
2024-04-24 15:01:00.026,20135,20136,20140,1,1
2024-04-24 15:01:00.081,20140,20142,20140,1,-1
2024-04-24 15:01:00.082,20140,20142,20140,1,-1
2024-04-24 15:01:00.082,20135,20136,20140,1,1
2024-04-24 15:01:00.085,20135,20136,20139,1,1
2024-04-24 15:01:00.089,20140,20142,20139,2,-2
2024-04-24 15:01:00.089,20135,20136,20139,3,3
2024-04-24 15:01:00.089,20135,20136,20139,3,3
2024-04-24 15:01:00.090,20135,20136,20139,1,1
2024-04-24 15:01:00.093,20135,20136,20139,6,6
2024-04-24 15:01:00.093,20135,20136,20138,1,1
2024-04-24 15:01:00.097,20140,20142,20138,1,-1
2024-04-24 15:01:00.100,20135,20136,20137,2,2
2024-04-24 15:01:00.100,20135,20136,20137,2,2
2024-04-24 15:01:00.100,20135,20136,20138,2,2
2024-04-24 15:01:00.110,20140,20142,20136,1,-1
2024-04-24 15:01:00.110,20140,20142,20136,1,-1
2024-04-24 15:01:00.110,20140,20142,20137,4,-4
2024-04-24 15:01:00.111,20135,20136,20136,1,1
2024-04-24 15:01:00.111,20135,20136,20136,1,1
2024-04-24 15:01:00.111,20140,20142,20136,1,-1
2024-04-24 15:01:00.112,20135,20136,20136,1,1
2024-04-24 15:01:00.112,20140,20142,20136,1,-1
2024-04-24 15:01:00.113,20135,20136,20135,3,-3
2024-04-24 15:01:00.114,20135,20136,20135,5,-5
2024-04-24 15:01:00.114,20135,20136,20134,3,-3
2024-04-24 15:01:00.114,20140,20142,20135,3,-3
2024-04-24 15:01:00.117,20135,20136,20135,4,-4
2024-04-24 15:01:00.117,20135,20136,20135,4,-4
2024-04-24 15:01:00.137,20135,20136,20135,1,-1
2024-04-24 15:01:00.180,20135,20136,20135,1,-1
2024-04-24 15:01:00.180,20135,20136,20134,3,-3
2024-04-24 15:01:00.198,20135,20136,20136,1,1
2024-04-24 15:01:00.222,20135,20136,20135,1,-1
2024-04-24 15:01:00.270,20135,20137,20135,1,-1
2024-04-24 15:01:00.316,20135,20137,20137,1,1
2024-04-24 15:01:00.316,20135,20137,20137,1,1
2024-04-24 15:01:00.317,20135,20137,20138,4,4
2024-04-24 15:01:00.318,20135,20137,20139,4,4
2024-04-24 15:01:00.951,20138,20139,20139,1,1
2024-04-24 15:01:01.512,20138,20140,20138,1,-1
2024-04-24 15:01:01.711,20139,20141,20139,1,-1
2024-04-24 15:01:02.179,20139,20141,20139,1,-1
2024-04-24 15:01:02.390,20139,20140,20139,1,-1
2024-04-24 15:01:03.853,20138,20140,20140,1,1
2024-04-24 15:01:04.273,20139,20141,20139,1,-1
2024-04-24 15:01:04.274,20139,20141,20139,2,-2
2024-04-24 15:01:04.959,20138,20140,20138,2,-2
2024-04-24 15:01:04.979,20138,20140,20138,1,-1
2024-04-24 15:01:05.070,20138,20139,20138,11,-11
2024-04-24 15:01:06.039,20137,20138,20137,1,-1
2024-04-24 15:01:06.039,20137,20138,20137,1,-1
2024-04-24 15:01:06.071,20137,20138,20136,2,-2
2024-04-24 15:01:06.171,20136,20137,20136,1,-1
2024-04-24 15:01:06.351,20135,20136,20136,2,2
2024-04-24 15:01:06.370,20135,20136,20136,2,2
2024-04-24 15:01:06.391,20135,20136,20136,7,7
2024-04-24 15:01:06.517,20135,20136,20136,2,2
2024-04-24 15:01:06.678,20135,20136,20135,1,-1
2024-04-24 15:01:06.678,20135,20136,20134,2,-2
2024-04-24 15:01:06.728,20135,20136,20136,1,1
2024-04-24 15:01:06.816,20134,20136,20134,1,-1
2024-04-24 15:01:06.820,20134,20136,20133,1,-1
2024-04-24 15:01:06.893,20133,20135,20133,2,-2
2024-04-24 15:01:07.023,20133,20135,20133,1,-1
2024-04-24 15:01:07.121,20133,20135,20133,1,-1
2024-04-24 15:01:07.217,20133,20135,20135,1,1
2024-04-24 15:01:07.313,20133,20135,20135,6,6
2024-04-24 15:01:07.314,20133,20135,20135,1,1
2024-04-24 15:01:07.474,20134,20135,20135,1,1
2024-04-24 15:01:07.483,20134,20135,20134,1,-1
2024-04-24 15:01:07.494,20134,20136,20134,1,-1
2024-04-24 15:01:08.381,20134,20136,20136,2,2
2024-04-24 15:01:09.318,20135,20137,20135,2,-2
2024-04-24 15:01:10.336,20135,20137,20135,1,-1
2024-04-24 15:01:10.544,20135,20137,20135,2,-2
2024-04-24 15:01:11.098,20135,20137,20135,2,-2
2024-04-24 15:01:11.266,20136,20137,20136,3,-3
2024-04-24 15:01:11.266,20136,20137,20136,2,-2
2024-04-24 15:01:11.363,20136,20137,20135,2,-2
2024-04-24 15:01:13.999,20135,20137,20135,3,-3
2024-04-24 15:01:14.130,20135,20137,20135,1,-1
2024-04-24 15:01:14.241,20135,20137,20135,2,-2
2024-04-24 15:01:14.822,20136,20137,20137,6,6
2024-04-24 15:01:16.649,20137,20138,20137,2,-2
2024-04-24 15:01:18.052,20137,20138,20138,8,8
2024-04-24 15:01:18.052,20137,20138,20138,2,2
2024-04-24 15:01:18.052,20137,20138,20138,6,6
2024-04-24 15:01:18.122,20138,20140,20138,1,-1
2024-04-24 15:01:19.038,20138,20140,20138,3,-3
2024-04-24 15:01:19.121,20137,20140,20137,1,-1
2024-04-24 15:01:19.121,20137,20140,20137,1,-1
2024-04-24 15:01:19.122,20137,20140,20137,1,-1
2024-04-24 15:01:20.361,20137,20139,20137,4,-4
2024-04-24 15:01:23.710,20136,20137,20136,1,-1
2024-04-24 15:01:24.066,20136,20137,20137,1,1
2024-04-24 15:01:24.621,20136,20137,20136,2,-2
2024-04-24 15:01:24.621,20136,20137,20135,14,-14
2024-04-24 15:01:24.621,20136,20137,20134,11,-11
2024-04-24 15:01:24.623,20136,20137,20134,2,-2
2024-04-24 15:01:24.768,20133,20134,20134,1,1
2024-04-24 15:01:24.907,20133,20134,20134,2,2
2024-04-24 15:01:25.167,20133,20134,20134,4,4
2024-04-24 15:01:25.167,20133,20134,20135,1,1
2024-04-24 15:01:26.784,20134,20136,20134,6,-6
2024-04-24 15:01:26.921,20133,20135,20135,4,4
2024-04-24 15:01:27.670,20136,20138,20136,5,-5
2024-04-24 15:01:27.670,20136,20138,20135,10,-10
2024-04-24 15:01:27.670,20136,20138,20134,11,-11
2024-04-24 15:01:27.747,20133,20134,20133,1,-1
2024-04-24 15:01:28.085,20133,20134,20132,5,-5
2024-04-24 15:01:28.085,20133,20134,20133,5,-5
2024-04-24 15:01:28.189,20132,20133,20132,1,-1
2024-04-24 15:01:28.261,20131,20132,20131,1,-1
2024-04-24 15:01:28.271,20131,20132,20132,1,1
2024-04-24 15:01:28.335,20131,20132,20132,1,1
2024-04-24 15:01:28.696,20131,20132,20131,1,-1
2024-04-24 15:01:28.831,20131,20132,20132,2,2
2024-04-24 15:01:28.876,20131,20132,20132,2,2
2024-04-24 15:01:28.878,20131,20132,20131,2,-2
2024-04-24 15:01:29.005,20131,20132,20132,1,1
2024-04-24 15:01:29.378,20131,20132,20131,3,-3
2024-04-24 15:01:29.820,20130,20131,20130,5,-5
2024-04-24 15:01:29.821,20130,20131,20130,9,-9
2024-04-24 15:01:29.821,20130,20131,20130,2,-2
2024-04-24 15:01:29.821,20130,20131,20129,1,-1
2024-04-24 15:01:29.822,20130,20131,20129,2,-2
2024-04-24 15:01:29.916,20128,20129,20128,1,-1
2024-04-24 15:01:29.920,20128,20129,20128,1,-1
2024-04-24 15:01:29.920,20128,20129,20128,4,-4
2024-04-24 15:01:29.920,20128,20129,20128,2,-2
2024-04-24 15:01:29.921,20128,20129,20127,2,-2
2024-04-24 15:01:29.921,20128,20129,20127,2,-2
2024-04-24 15:01:29.921,20128,20129,20127,1,-1
2024-04-24 15:01:29.954,20128,20129,20126,2,-2
2024-04-24 15:01:30.044,20126,20127,20126,3,-3
2024-04-24 15:01:30.059,20126,20127,20126,1,-1
2024-04-24 15:01:30.059,20126,20127,20126,3,-3
2024-04-24 15:01:30.059,20126,20127,20126,2,-2
2024-04-24 15:01:30.061,20126,20127,20125,1,-1
2024-04-24 15:01:30.066,20126,20127,20125,2,-2
2024-04-24 15:01:30.066,20126,20127,20125,1,-1
2024-04-24 15:01:30.079,20126,20127,20124,1,-1
2024-04-24 15:01:30.082,20126,20127,20124,2,-2
2024-04-24 15:01:30.082,20126,20127,20124,2,-2
2024-04-24 15:01:30.083,20126,20127,20123,1,-1
2024-04-24 15:01:30.083,20126,20127,20123,2,-2
2024-04-24 15:01:30.086,20126,20127,20123,1,-1
2024-04-24 15:01:30.087,20126,20127,20122,1,-1
2024-04-24 15:01:30.088,20126,20127,20122,2,-2
2024-04-24 15:01:30.091,20126,20127,20121,1,-1
2024-04-24 15:01:30.093,20126,20127,20121,1,-1
2024-04-24 15:01:30.094,20126,20127,20121,1,-1
2024-04-24 15:01:30.095,20126,20127,20121,1,-1
2024-04-24 15:01:30.096,20126,20127,20121,2,-2
2024-04-24 15:01:30.105,20126,20127,20120,1,-1
2024-04-24 15:01:30.108,20126,20127,20120,1,-1
2024-04-24 15:01:30.109,20126,20127,20120,1,-1
2024-04-24 15:01:30.138,20120,20123,20120,1,-1
2024-04-24 15:01:30.147,20120,20123,20120,1,-1
2024-04-24 15:01:30.185,20120,20123,20120,3,-3
2024-04-24 15:01:30.191,20120,20123,20122,2,2
2024-04-24 15:01:30.193,20120,20123,20123,1,1
2024-04-24 15:01:30.194,20120,20123,20123,1,1
2024-04-24 15:01:30.195,20120,20123,20124,2,2
2024-04-24 15:01:30.196,20120,20123,20125,1,1
2024-04-24 15:01:30.196,20120,20123,20125,1,1
2024-04-24 15:01:30.197,20120,20123,20126,1,1
2024-04-24 15:01:30.197,20120,20123,20124,1,1
2024-04-24 15:01:30.202,20120,20123,20124,1,1
2024-04-24 15:01:30.203,20120,20123,20124,1,1
2024-04-24 15:01:30.203,20120,20123,20124,1,1
2024-04-24 15:01:30.217,20120,20123,20122,1,1
2024-04-24 15:01:30.221,20120,20123,20121,1,-1
2024-04-24 15:01:30.221,20120,20123,20121,1,-1
2024-04-24 15:01:30.232,20120,20123,20121,1,-1
2024-04-24 15:01:30.236,20120,20123,20121,1,-1
2024-04-24 15:01:30.250,20122,20123,20122,1,-1
2024-04-24 15:01:30.262,20122,20123,20122,2,-2
2024-04-24 15:01:30.271,20122,20123,20121,1,-1
2024-04-24 15:01:30.272,20122,20123,20123,1,1
2024-04-24 15:01:30.288,20122,20123,20121,3,-3
2024-04-24 15:01:30.327,20122,20123,20120,1,-1
2024-04-24 15:01:30.344,20122,20123,20120,1,-1
2024-04-24 15:01:30.346,20122,20123,20120,1,-1
2024-04-24 15:01:30.393,20120,20122,20121,1,-1
2024-04-24 15:01:30.418,20120,20122,20120,1,-1
2024-04-24 15:01:30.425,20120,20122,20120,1,-1
2024-04-24 15:01:30.440,20120,20122,20120,4,-4
2024-04-24 15:01:30.440,20120,20122,20119,2,-2
2024-04-24 15:01:30.470,20120,20122,20119,1,-1
2024-04-24 15:01:30.470,20120,20122,20118,1,-1
2024-04-24 15:01:30.481,20120,20122,20118,1,-1
2024-04-24 15:01:30.525,20118,20120,20118,1,-1
2024-04-24 15:01:30.583,20118,20120,20118,2,-2
2024-04-24 15:01:30.593,20118,20120,20117,1,-1
2024-04-24 15:01:30.595,20118,20120,20117,1,-1
2024-04-24 15:01:30.621,20117,20120,20120,1,1
2024-04-24 15:01:30.623,20117,20120,20120,1,1
2024-04-24 15:01:30.632,20117,20120,20117,1,-1
2024-04-24 15:01:30.654,20117,20120,20117,1,-1
2024-04-24 15:01:30.683,20117,20120,20117,2,-2
2024-04-24 15:01:30.685,20117,20120,20119,4,4
2024-04-24 15:01:30.715,20117,20120,20117,1,-1
2024-04-24 15:01:30.715,20117,20120,20117,1,-1
2024-04-24 15:01:30.722,20117,20120,20116,5,-5
2024-04-24 15:01:30.722,20117,20120,20117,2,-2
2024-04-24 15:01:30.733,20117,20120,20116,1,-1
2024-04-24 15:01:30.734,20117,20120,20115,3,-3
2024-04-24 15:01:30.734,20117,20120,20115,1,-1
2024-04-24 15:01:30.741,20117,20120,20115,1,-1
2024-04-24 15:01:30.753,20115,20118,20115,1,-1
2024-04-24 15:01:30.753,20115,20118,20115,1,-1
2024-04-24 15:01:30.754,20115,20118,20115,1,-1
2024-04-24 15:01:30.793,20115,20118,20115,1,-1
2024-04-24 15:01:30.806,20115,20118,20115,1,-1
2024-04-24 15:01:30.808,20115,20118,20115,1,-1
2024-04-24 15:01:30.836,20115,20118,20115,1,-1
2024-04-24 15:01:30.839,20115,20118,20115,1,-1
2024-04-24 15:01:30.872,20115,20117,20115,1,-1
2024-04-24 15:01:30.882,20115,20117,20115,1,-1
2024-04-24 15:01:30.889,20115,20117,20115,1,-1
2024-04-24 15:01:30.890,20115,20117,20115,1,-1
2024-04-24 15:01:30.890,20115,20117,20115,1,-1
2024-04-24 15:01:30.908,20115,20117,20114,1,-1
2024-04-24 15:01:30.908,20115,20117,20114,2,-2
2024-04-24 15:01:30.908,20115,20117,20112,4,-4
2024-04-24 15:01:30.915,20115,20117,20113,1,-1
2024-04-24 15:01:30.916,20115,20117,20115,1,-1
2024-04-24 15:01:31.026,20113,20114,20113,1,-1
2024-04-24 15:01:31.070,20113,20114,20112,1,-1
2024-04-24 15:01:31.088,20113,20114,20112,1,-1
2024-04-24 15:01:31.128,20112,20114,20112,1,-1
2024-04-24 15:01:31.147,20112,20114,20112,1,-1
2024-04-24 15:01:31.147,20112,20114,20113,4,-4
2024-04-24 15:01:31.204,20112,20114,20114,2,2
2024-04-24 15:01:31.205,20112,20114,20114,2,2
2024-04-24 15:01:31.233,20112,20114,20114,1,1
2024-04-24 15:01:31.287,20111,20113,20111,2,-2
2024-04-24 15:01:31.287,20111,20113,20111,1,-1
2024-04-24 15:01:31.342,20111,20113,20111,1,-1
2024-04-24 15:01:31.344,20111,20113,20111,5,-5
2024-04-24 15:01:31.430,20110,20112,20110,1,-1
2024-04-24 15:01:31.463,20110,20112,20110,6,-6
2024-04-24 15:01:31.483,20110,20112,20111,2,-2
2024-04-24 15:01:31.540,20110,20112,20109,1,-1
2024-04-24 15:01:31.558,20110,20112,20109,1,-1
2024-04-24 15:01:31.573,20110,20112,20111,2,-2
2024-04-24 15:01:31.573,20110,20112,20111,3,-3
2024-04-24 15:01:31.657,20110,20112,20112,3,3
2024-04-24 15:01:31.658,20110,20112,20113,4,4
2024-04-24 15:01:31.661,20110,20112,20114,4,4
2024-04-24 15:01:31.763,20112,20114,20114,2,2
2024-04-24 15:01:31.875,20111,20114,20111,1,-1
2024-04-24 15:01:31.878,20111,20114,20113,1,1
2024-04-24 15:01:31.947,20111,20114,20115,3,3
2024-04-24 15:01:31.962,20111,20114,20116,1,1
2024-04-24 15:01:31.962,20111,20114,20117,1,1
2024-04-24 15:01:31.970,20111,20114,20118,2,2
2024-04-24 15:01:32.028,20117,20119,20119,2,2
2024-04-24 15:01:32.029,20117,20119,20119,1,1
2024-04-24 15:01:32.065,20117,20119,20119,1,1
2024-04-24 15:01:32.165,20119,20120,20119,2,-2
2024-04-24 15:01:32.343,20119,20120,20119,1,-1
2024-04-24 15:01:32.343,20119,20120,20118,2,-2
2024-04-24 15:01:32.344,20119,20120,20117,1,-1
2024-04-24 15:01:32.344,20119,20120,20117,1,-1
2024-04-24 15:01:32.344,20119,20120,20117,1,-1
2024-04-24 15:01:32.351,20119,20120,20116,1,-1
2024-04-24 15:01:32.475,20116,20118,20116,1,-1
2024-04-24 15:01:32.560,20116,20118,20117,1,-1
2024-04-24 15:01:32.688,20117,20119,20119,1,1
2024-04-24 15:01:32.709,20117,20119,20117,1,-1
2024-04-24 15:01:33.237,20117,20119,20117,1,-1
2024-04-24 15:01:33.338,20118,20120,20118,2,-2
2024-04-24 15:01:33.338,20118,20120,20117,2,-2
2024-04-24 15:01:33.338,20118,20120,20116,1,-1
2024-04-24 15:01:33.340,20118,20120,20118,2,-2
2024-04-24 15:01:33.340,20118,20120,20119,2,-2
2024-04-24 15:01:33.458,20117,20119,20119,1,1
2024-04-24 15:01:33.458,20117,20119,20119,1,1
2024-04-24 15:01:33.555,20118,20120,20120,1,1
2024-04-24 15:01:33.712,20119,20121,20121,1,1
2024-04-24 15:01:33.772,20119,20121,20121,1,1
2024-04-24 15:01:33.841,20119,20121,20119,1,-1
2024-04-24 15:01:34.276,20119,20121,20119,1,-1
2024-04-24 15:01:34.323,20119,20121,20120,1,-1
2024-04-24 15:01:34.324,20119,20121,20120,2,-2
2024-04-24 15:01:34.325,20119,20121,20121,2,2
2024-04-24 15:01:34.381,20119,20121,20119,1,-1
2024-04-24 15:01:34.381,20119,20121,20119,1,-1
2024-04-24 15:01:34.400,20119,20121,20120,1,-1
2024-04-24 15:01:34.567,20118,20120,20120,2,2
2024-04-24 15:01:35.148,20118,20120,20120,1,1
2024-04-24 15:01:35.195,20118,20120,20118,2,-2
2024-04-24 15:01:35.196,20118,20120,20117,1,-1
2024-04-24 15:01:35.196,20118,20120,20117,3,-3
2024-04-24 15:01:35.196,20118,20120,20117,1,-1
2024-04-24 15:01:35.254,20117,20119,20117,1,-1
2024-04-24 15:01:35.254,20117,20119,20117,1,-1
2024-04-24 15:01:35.259,20117,20119,20116,1,-1
2024-04-24 15:01:35.260,20117,20119,20116,2,-2
2024-04-24 15:01:35.350,20117,20119,20118,1,-1
2024-04-24 15:01:35.423,20116,20118,20116,1,-1
2024-04-24 15:01:35.423,20116,20118,20116,1,-1
2024-04-24 15:01:35.573,20116,20118,20115,4,-4
2024-04-24 15:01:35.573,20116,20118,20116,2,-2
2024-04-24 15:01:35.687,20115,20117,20115,2,-2
2024-04-24 15:01:36.000,20114,20116,20116,1,1
2024-04-24 15:01:36.126,20114,20116,20114,1,-1
2024-04-24 15:01:36.126,20114,20116,20114,1,-1
2024-04-24 15:01:36.276,20113,20115,20113,1,-1
2024-04-24 15:01:36.279,20113,20115,20111,1,-1
2024-04-24 15:01:36.632,20110,20112,20110,1,-1
2024-04-24 15:01:36.633,20110,20112,20111,2,-2
2024-04-24 15:01:36.720,20110,20112,20111,2,-2
2024-04-24 15:01:36.787,20111,20113,20111,1,-1
2024-04-24 15:01:36.897,20109,20111,20112,1,1
2024-04-24 15:01:36.970,20109,20111,20112,2,2
2024-04-24 15:01:37.003,20110,20113,20113,1,1
2024-04-24 15:01:37.059,20110,20113,20113,1,1
2024-04-24 15:01:37.132,20110,20113,20110,3,-3
2024-04-24 15:01:37.205,20110,20113,20110,1,-1
2024-04-24 15:01:37.357,20109,20112,20112,1,1
2024-04-24 15:01:37.471,20110,20113,20110,1,-1
2024-04-24 15:01:37.526,20109,20112,20111,2,2
2024-04-24 15:01:37.896,20108,20111,20111,2,2
2024-04-24 15:01:38.283,20108,20111,20111,1,1
2024-04-24 15:01:38.287,20108,20111,20111,1,1
2024-04-24 15:01:38.431,20108,20111,20108,3,-3
2024-04-24 15:01:38.518,20108,20111,20111,2,2
2024-04-24 15:01:38.639,20108,20111,20108,1,-1
2024-04-24 15:01:38.663,20108,20111,20108,2,-2
2024-04-24 15:01:38.699,20108,20111,20107,3,-3
2024-04-24 15:01:38.720,20108,20111,20108,1,-1
2024-04-24 15:01:38.720,20108,20111,20108,1,-1
2024-04-24 15:01:38.721,20108,20111,20109,1,-1
2024-04-24 15:01:38.721,20108,20111,20109,4,-4
2024-04-24 15:01:38.733,20108,20111,20108,1,-1
2024-04-24 15:01:38.859,20107,20109,20107,1,-1
2024-04-24 15:01:38.980,20106,20108,20108,2,2
2024-04-24 15:01:39.068,20107,20109,20109,1,1
2024-04-24 15:01:39.155,20107,20109,20109,1,1
2024-04-24 15:01:39.763,20107,20109,20109,2,2
2024-04-24 15:01:39.839,20107,20109,20109,2,2
2024-04-24 15:01:39.916,20107,20109,20109,1,1
2024-04-24 15:01:39.940,20107,20109,20108,1,1
2024-04-24 15:01:39.940,20107,20109,20107,1,-1
2024-04-24 15:01:39.953,20107,20109,20109,2,2
2024-04-24 15:01:40.011,20108,20109,20109,2,2
2024-04-24 15:01:40.114,20108,20109,20108,3,-3
2024-04-24 15:01:40.159,20108,20110,20110,1,1
2024-04-24 15:01:40.218,20108,20110,20110,1,1
2024-04-24 15:01:40.222,20108,20110,20110,1,1
2024-04-24 15:01:40.240,20108,20110,20111,2,2
2024-04-24 15:01:40.262,20109,20111,20111,1,1
2024-04-24 15:01:40.829,20108,20111,20108,4,-4
2024-04-24 15:01:41.109,20109,20110,20109,2,-2
2024-04-24 15:01:41.109,20109,20110,20107,8,-8
2024-04-24 15:01:41.109,20109,20110,20106,2,-2
2024-04-24 15:01:41.130,20106,20107,20107,3,3
2024-04-24 15:01:41.130,20106,20107,20107,1,1
2024-04-24 15:01:41.130,20106,20107,20107,1,1
2024-04-24 15:01:41.153,20106,20107,20109,1,1
2024-04-24 15:01:41.180,20106,20107,20107,1,1
2024-04-24 15:01:41.229,20106,20107,20107,1,1
2024-04-24 15:01:41.524,20106,20109,20106,1,-1
2024-04-24 15:01:41.966,20106,20107,20107,2,2
2024-04-24 15:01:42.181,20106,20107,20106,2,-2
2024-04-24 15:01:42.199,20106,20107,20106,1,-1
2024-04-24 15:01:42.199,20106,20107,20106,3,-3
2024-04-24 15:01:42.262,20105,20107,20105,1,-1
2024-04-24 15:01:42.334,20105,20107,20106,1,-1
2024-04-24 15:01:42.334,20105,20107,20106,4,-4
2024-04-24 15:01:42.386,20105,20108,20105,1,-1
2024-04-24 15:01:42.425,20105,20108,20105,1,-1
2024-04-24 15:01:42.425,20105,20108,20104,2,-2
2024-04-24 15:01:42.527,20104,20106,20104,1,-1
2024-04-24 15:01:42.585,20104,20106,20104,1,-1
2024-04-24 15:01:42.590,20104,20106,20104,1,-1
2024-04-24 15:01:42.591,20104,20106,20106,1,1
2024-04-24 15:01:42.609,20104,20106,20108,1,1
2024-04-24 15:01:42.609,20104,20106,20106,1,1
2024-04-24 15:01:42.843,20106,20108,20106,2,-2
2024-04-24 15:01:43.032,20106,20108,20108,1,1
2024-04-24 15:01:43.585,20107,20108,20107,2,-2
2024-04-24 15:01:43.585,20107,20108,20106,3,-3
2024-04-24 15:01:43.598,20107,20108,20106,1,-1
2024-04-24 15:01:44.391,20107,20108,20107,1,-1
2024-04-24 15:01:44.797,20107,20108,20105,3,-3
2024-04-24 15:01:44.797,20107,20108,20107,1,-1
2024-04-24 15:01:44.797,20107,20108,20106,1,-1
2024-04-24 15:01:44.827,20107,20108,20107,1,-1
2024-04-24 15:01:45.270,20106,20107,20107,1,1
2024-04-24 15:01:45.299,20106,20107,20108,1,1
2024-04-24 15:01:45.860,20106,20108,20108,1,1
2024-04-24 15:01:45.921,20106,20108,20106,2,-2
2024-04-24 15:01:46.035,20106,20108,20108,3,3
2024-04-24 15:01:46.458,20107,20108,20108,9,9
2024-04-24 15:01:46.458,20107,20108,20108,8,8
2024-04-24 15:01:46.809,20108,20110,20110,3,3
2024-04-24 15:01:46.810,20108,20110,20111,1,1
2024-04-24 15:01:46.810,20108,20110,20111,1,1
2024-04-24 15:01:46.811,20108,20110,20112,1,1
2024-04-24 15:01:47.328,20110,20112,20110,5,-5
2024-04-24 15:01:47.555,20111,20112,20111,1,-1
2024-04-24 15:01:47.598,20111,20112,20109,2,-2
2024-04-24 15:01:47.774,20109,20111,20111,1,1
2024-04-24 15:01:47.799,20109,20111,20111,1,1
2024-04-24 15:01:48.010,20109,20111,20111,2,2
2024-04-24 15:01:48.010,20109,20111,20112,1,1
2024-04-24 15:01:49.096,20109,20112,20112,3,3
2024-04-24 15:01:49.183,20110,20113,20110,1,-1
2024-04-24 15:01:49.373,20110,20113,20113,1,1
2024-04-24 15:01:49.733,20112,20113,20113,11,11
2024-04-24 15:01:49.734,20112,20113,20113,2,2
2024-04-24 15:01:49.734,20112,20113,20113,5,5
2024-04-24 15:01:49.734,20112,20113,20113,8,8
2024-04-24 15:01:49.735,20112,20113,20114,1,1
2024-04-24 15:01:49.735,20112,20113,20114,3,3
2024-04-24 15:01:49.735,20112,20113,20114,7,7
2024-04-24 15:01:49.737,20112,20113,20116,6,6
2024-04-24 15:01:49.806,20116,20118,20118,1,1
2024-04-24 15:01:49.832,20116,20118,20118,1,1
2024-04-24 15:01:49.878,20117,20119,20116,2,-2
2024-04-24 15:01:49.878,20117,20119,20117,2,-2
2024-04-24 15:01:50.250,20115,20117,20117,2,2
2024-04-24 15:01:50.541,20116,20119,20119,1,1
2024-04-24 15:01:50.541,20116,20119,20119,2,2
2024-04-24 15:01:50.664,20118,20120,20120,1,1
2024-04-24 15:01:50.666,20118,20120,20120,2,2
2024-04-24 15:01:50.666,20118,20120,20121,1,1
2024-04-24 15:01:50.765,20120,20122,20120,5,-5
2024-04-24 15:01:50.766,20120,20122,20120,2,-2
2024-04-24 15:01:50.878,20118,20120,20117,6,-6
2024-04-24 15:01:50.878,20118,20120,20116,2,-2
2024-04-24 15:01:50.878,20118,20120,20118,6,-6
2024-04-24 15:01:51.024,20116,20118,20117,1,-1
2024-04-24 15:01:51.077,20116,20118,20117,4,-4
2024-04-24 15:01:51.078,20116,20118,20117,1,-1
2024-04-24 15:01:51.124,20118,20120,20120,2,2
2024-04-24 15:01:51.218,20118,20120,20121,1,1
2024-04-24 15:01:51.264,20120,20122,20120,2,-2
2024-04-24 15:01:51.946,20118,20119,20118,1,-1
2024-04-24 15:01:52.272,20116,20118,20116,2,-2
2024-04-24 15:01:52.916,20115,20118,20118,1,1
2024-04-24 15:01:53.521,20115,20117,20114,3,-3
2024-04-24 15:01:53.521,20115,20117,20115,2,-2
2024-04-24 15:01:53.670,20114,20116,20116,1,1
2024-04-24 15:01:53.910,20114,20116,20116,2,2
2024-04-24 15:01:53.910,20114,20116,20117,1,1
2024-04-24 15:01:54.270,20115,20116,20116,1,1
2024-04-24 15:01:54.384,20115,20117,20117,1,1
2024-04-24 15:01:54.632,20115,20117,20117,1,1
2024-04-24 15:01:55.107,20115,20117,20115,2,-2
2024-04-24 15:01:55.169,20113,20115,20115,3,3
2024-04-24 15:01:55.241,20113,20115,20113,1,-1
2024-04-24 15:01:55.661,20113,20115,20115,2,2
2024-04-24 15:01:58.182,20116,20118,20116,2,-2
2024-04-24 15:01:58.182,20116,20118,20115,4,-4
2024-04-24 15:01:58.219,20116,20118,20115,3,-3
2024-04-24 15:01:58.390,20113,20115,20115,1,1
2024-04-24 15:01:58.390,20113,20115,20115,1,1
2024-04-24 15:01:58.390,20113,20115,20115,2,2
2024-04-24 15:01:59.614,20116,20118,20118,1,1
2024-04-24 15:01:59.627,20116,20118,20118,2,2
2024-04-24 15:01:59.627,20116,20118,20118,3,3
2024-04-24 15:02:00.042,20116,20118,20115,4,-4
2024-04-24 15:02:00.042,20116,20118,20116,1,-1
2024-04-24 15:02:00.121,20114,20117,20114,1,-1
2024-04-24 15:02:00.121,20114,20117,20114,1,-1
2024-04-24 15:02:00.121,20114,20117,20114,1,-1
2024-04-24 15:02:00.122,20114,20117,20113,1,-1
2024-04-24 15:02:00.122,20114,20117,20113,1,-1
2024-04-24 15:02:00.122,20114,20117,20113,1,-1
2024-04-24 15:02:00.122,20114,20117,20113,1,-1
2024-04-24 15:02:00.122,20114,20117,20113,1,-1
2024-04-24 15:02:00.123,20114,20117,20113,2,-2
2024-04-24 15:02:00.123,20114,20117,20113,1,-1
2024-04-24 15:02:00.138,20114,20117,20112,1,-1
2024-04-24 15:02:00.138,20114,20117,20112,3,-3
2024-04-24 15:02:00.138,20114,20117,20112,1,-1
2024-04-24 15:02:00.139,20114,20117,20111,2,-2
2024-04-24 15:02:00.140,20114,20117,20111,2,-2
2024-04-24 15:02:00.268,20110,20112,20112,1,1
2024-04-24 15:02:00.338,20110,20112,20110,2,-2
2024-04-24 15:02:00.411,20110,20112,20110,4,-4
2024-04-24 15:02:00.419,20110,20112,20110,1,-1
2024-04-24 15:02:00.504,20109,20111,20109,2,-2
2024-04-24 15:02:00.553,20109,20111,20108,6,-6
2024-04-24 15:02:00.553,20109,20111,20109,1,-1
2024-04-24 15:02:00.554,20109,20111,20107,2,-2
2024-04-24 15:02:00.565,20109,20111,20107,3,-3
2024-04-24 15:02:00.565,20109,20111,20106,1,-1
2024-04-24 15:02:00.679,20106,20108,20108,2,2
2024-04-24 15:02:00.687,20106,20108,20108,1,1
2024-04-24 15:02:00.696,20106,20108,20107,1,1
2024-04-24 15:02:00.766,20106,20109,20109,1,1
2024-04-24 15:02:00.835,20106,20109,20106,1,-1
2024-04-24 15:02:00.835,20106,20109,20107,1,-1
2024-04-24 15:02:00.972,20106,20108,20108,1,1
2024-04-24 15:02:01.116,20107,20109,20109,1,1
2024-04-24 15:02:01.121,20107,20109,20107,1,-1
2024-04-24 15:02:01.122,20107,20109,20106,1,-1
2024-04-24 15:02:01.122,20107,20109,20106,1,-1
2024-04-24 15:02:01.122,20107,20109,20108,1,-1
2024-04-24 15:02:01.122,20107,20109,20105,1,-1
2024-04-24 15:02:01.123,20107,20109,20105,2,-2
2024-04-24 15:02:01.124,20107,20109,20105,1,-1
2024-04-24 15:02:01.137,20107,20109,20107,2,-2
2024-04-24 15:02:01.137,20107,20109,20108,2,-2
2024-04-24 15:02:01.181,20107,20109,20108,2,-2
2024-04-24 15:02:01.192,20107,20109,20110,2,2
2024-04-24 15:02:01.192,20107,20109,20109,3,3
2024-04-24 15:02:01.518,20106,20109,20109,1,1
2024-04-24 15:02:01.887,20106,20108,20108,3,3
2024-04-24 15:02:01.934,20106,20108,20108,1,1
2024-04-24 15:02:02.341,20108,20110,20110,1,1
2024-04-24 15:02:03.262,20109,20112,20109,1,-1
2024-04-24 15:02:03.707,20109,20111,20109,1,-1
2024-04-24 15:02:03.707,20109,20111,20108,6,-6
2024-04-24 15:02:03.769,20108,20109,20109,2,2
2024-04-24 15:02:04.661,20108,20110,20110,1,1
2024-04-24 15:02:04.777,20109,20111,20111,1,1
2024-04-24 15:02:04.875,20113,20116,20110,1,-1
2024-04-24 15:02:04.987,20109,20112,20112,2,2
2024-04-24 15:02:04.989,20109,20112,20114,1,1
2024-04-24 15:02:05.409,20114,20116,20114,1,-1
2024-04-24 15:02:05.437,20114,20116,20116,1,1
2024-04-24 15:02:06.167,20113,20116,20113,5,-5
2024-04-24 15:02:06.240,20113,20116,20113,4,-4
2024-04-24 15:02:06.240,20113,20116,20112,1,-1
2024-04-24 15:02:06.969,20112,20114,20114,1,1
2024-04-24 15:02:06.970,20112,20114,20114,1,1
2024-04-24 15:02:07.997,20115,20116,20116,3,3
2024-04-24 15:02:07.997,20115,20116,20116,4,4
2024-04-24 15:02:07.997,20115,20116,20116,2,2
2024-04-24 15:02:08.054,20115,20116,20118,2,2
2024-04-24 15:02:08.121,20117,20119,20117,1,-1
2024-04-24 15:02:08.146,20117,20119,20118,1,-1
2024-04-24 15:02:08.245,20115,20118,20115,3,-3
2024-04-24 15:02:08.245,20115,20118,20114,2,-2
2024-04-24 15:02:08.246,20115,20118,20114,2,-2
2024-04-24 15:02:09.210,20115,20117,20118,1,1
2024-04-24 15:02:09.210,20115,20117,20119,1,1
2024-04-24 15:02:09.210,20115,20117,20117,1,1
2024-04-24 15:02:10.367,20115,20117,20115,3,-3
2024-04-24 15:02:10.367,20115,20117,20114,4,-4
2024-04-24 15:02:11.769,20115,20116,20116,1,1
2024-04-24 15:02:11.771,20115,20116,20117,2,2
2024-04-24 15:02:11.771,20115,20116,20117,1,1
2024-04-24 15:02:11.771,20115,20116,20117,1,1
2024-04-24 15:02:11.771,20115,20116,20117,1,1
2024-04-24 15:02:12.455,20115,20117,20117,1,1
2024-04-24 15:02:12.761,20115,20117,20118,4,4
2024-04-24 15:02:12.761,20115,20117,20117,5,5
2024-04-24 15:02:12.762,20115,20117,20118,11,11
2024-04-24 15:02:13.057,20116,20118,20116,2,-2
2024-04-24 15:02:13.057,20116,20118,20115,4,-4
2024-04-24 15:02:13.057,20116,20118,20114,1,-1
2024-04-24 15:02:13.325,20113,20115,20115,1,1
2024-04-24 15:02:13.325,20113,20115,20115,1,1
2024-04-24 15:02:15.427,20114,20116,20114,2,-2
2024-04-24 15:02:15.453,20114,20116,20114,1,-1
2024-04-24 15:02:15.732,20113,20114,20114,4,4
2024-04-24 15:02:15.743,20113,20114,20116,1,1
2024-04-24 15:02:16.222,20113,20116,20116,3,3
2024-04-24 15:02:16.246,20115,20118,20115,1,-1
2024-04-24 15:02:16.725,20115,20118,20115,1,-1
2024-04-24 15:02:16.787,20115,20118,20118,2,2
2024-04-24 15:02:17.021,20115,20116,20116,3,3
2024-04-24 15:02:17.498,20115,20118,20115,7,-7
2024-04-24 15:02:17.874,20114,20117,20117,1,1
2024-04-24 15:02:19.673,20115,20118,20118,3,3
2024-04-24 15:02:19.746,20116,20117,20116,1,-1
2024-04-24 15:02:19.747,20116,20117,20116,1,-1
2024-04-24 15:02:19.747,20116,20117,20116,1,-1
2024-04-24 15:02:19.747,20116,20117,20116,1,-1
2024-04-24 15:02:19.747,20116,20117,20116,1,-1
2024-04-24 15:02:19.748,20116,20117,20115,1,-1
2024-04-24 15:02:19.895,20115,20117,20115,2,-2
2024-04-24 15:02:19.895,20115,20117,20114,5,-5
2024-04-24 15:02:20.008,20113,20116,20116,1,1
2024-04-24 15:02:20.361,20114,20115,20114,1,-1
2024-04-24 15:02:20.535,20113,20115,20113,1,-1
2024-04-24 15:02:20.705,20113,20115,20115,1,1
2024-04-24 15:02:20.901,20113,20115,20115,1,1
2024-04-24 15:02:20.901,20113,20115,20116,2,2
2024-04-24 15:02:24.192,20113,20115,20115,1,1
2024-04-24 15:02:24.549,20113,20114,20113,1,-1
2024-04-24 15:02:24.550,20113,20114,20113,2,-2
2024-04-24 15:02:24.551,20113,20114,20112,2,-2
2024-04-24 15:02:24.551,20113,20114,20112,2,-2
2024-04-24 15:02:24.954,20111,20113,20114,2,2
2024-04-24 15:02:25.151,20112,20114,20112,2,-2
2024-04-24 15:02:25.335,20111,20114,20114,1,1
2024-04-24 15:02:28.695,20113,20114,20114,2,2
2024-04-24 15:02:28.948,20113,20114,20114,3,3
2024-04-24 15:02:28.948,20113,20114,20114,3,3
2024-04-24 15:02:28.948,20113,20114,20114,2,2
2024-04-24 15:02:28.948,20113,20114,20114,1,1
2024-04-24 15:02:29.020,20114,20115,20115,1,1
2024-04-24 15:02:29.121,20114,20116,20114,1,-1
2024-04-24 15:02:29.121,20114,20116,20114,1,-1
2024-04-24 15:02:29.122,20114,20116,20113,1,-1
2024-04-24 15:02:29.173,20114,20116,20116,2,2
2024-04-24 15:02:30.373,20114,20117,20114,7,-7
2024-04-24 15:02:30.962,20111,20114,20114,1,1
2024-04-24 15:02:32.118,20113,20115,20115,1,1
2024-04-24 15:02:32.118,20113,20115,20116,4,4
2024-04-24 15:02:33.171,20114,20117,20114,3,-3
2024-04-24 15:02:33.172,20114,20117,20114,3,-3
2024-04-24 15:02:33.172,20114,20117,20114,1,-1
2024-04-24 15:02:34.956,20113,20116,20116,1,1
2024-04-24 15:02:35.517,20113,20116,20116,1,1
2024-04-24 15:02:35.571,20113,20116,20116,2,2
2024-04-24 15:02:35.843,20114,20116,20114,2,-2
2024-04-24 15:02:35.976,20112,20114,20114,1,1
2024-04-24 15:02:38.350,20112,20114,20112,4,-4
2024-04-24 15:02:38.371,20111,20114,20111,1,-1
2024-04-24 15:02:38.371,20111,20114,20111,1,-1
2024-04-24 15:02:38.701,20111,20113,20111,6,-6
2024-04-24 15:02:39.596,20110,20112,20112,3,3
2024-04-24 15:02:39.596,20110,20112,20113,2,2
2024-04-24 15:02:39.620,20110,20113,20110,1,-1
2024-04-24 15:02:40.341,20110,20113,20112,1,1
2024-04-24 15:02:41.516,20110,20111,20111,1,1
2024-04-24 15:02:44.542,20111,20113,20111,5,-5
2024-04-24 15:02:44.542,20111,20113,20110,2,-2
2024-04-24 15:02:44.658,20110,20113,20110,1,-1
2024-04-24 15:02:45.584,20110,20111,20110,1,-1
2024-04-24 15:02:45.712,20110,20111,20111,1,1
2024-04-24 15:02:46.025,20110,20112,20112,1,1
2024-04-24 15:02:48.060,20111,20113,20111,2,-2
2024-04-24 15:02:49.753,20111,20113,20113,1,1
2024-04-24 15:02:50.143,20111,20112,20112,2,2
2024-04-24 15:02:50.407,20111,20113,20113,2,2
2024-04-24 15:02:50.407,20111,20113,20114,1,1
2024-04-24 15:02:50.656,20113,20114,20114,1,1
2024-04-24 15:02:50.657,20113,20114,20114,1,1
2024-04-24 15:02:50.657,20113,20114,20114,4,4
2024-04-24 15:02:50.657,20113,20114,20114,1,1
2024-04-24 15:02:50.657,20113,20114,20114,3,3
2024-04-24 15:02:50.658,20113,20114,20114,1,1
2024-04-24 15:02:50.756,20114,20115,20115,1,1
2024-04-24 15:02:51.539,20114,20115,20115,1,1
2024-04-24 15:02:51.539,20114,20115,20116,2,2
2024-04-24 15:02:51.671,20114,20117,20117,2,2
2024-04-24 15:02:52.105,20115,20118,20118,4,4
2024-04-24 15:02:53.325,20114,20117,20117,2,2
2024-04-24 15:02:55.880,20116,20118,20116,1,-1
2024-04-24 15:02:58.112,20115,20117,20117,1,1
2024-04-24 15:02:58.422,20115,20117,20115,1,-1
2024-04-24 15:02:59.648,20114,20115,20113,1,-1
2024-04-24 15:02:59.648,20114,20115,20114,1,-1
2024-04-24 15:02:59.932,20112,20115,20112,1,-1
2024-04-24 15:03:00.047,20112,20115,20112,1,-1
2024-04-24 15:03:00.301,20112,20114,20112,1,-1
2024-04-24 15:03:00.363,20112,20114,20111,1,-1
2024-04-24 15:03:00.838,20111,20113,20113,1,1
2024-04-24 15:03:01.083,20111,20114,20111,1,-1
2024-04-24 15:03:01.122,20111,20114,20111,1,-1
2024-04-24 15:03:01.124,20111,20114,20111,1,-1
2024-04-24 15:03:01.124,20111,20114,20111,6,-6
2024-04-24 15:03:01.174,20111,20114,20111,1,-1
2024-04-24 15:03:01.655,20110,20112,20110,2,-2
2024-04-24 15:03:03.940,20112,20114,20114,1,1
2024-04-24 15:03:04.589,20113,20116,20113,1,-1
2024-04-24 15:03:04.729,20113,20116,20113,1,-1
2024-04-24 15:03:05.131,20115,20116,20115,1,-1
2024-04-24 15:03:08.001,20116,20117,20116,1,-1
2024-04-24 15:03:08.196,20116,20117,20117,1,1
2024-04-24 15:03:08.520,20117,20118,20117,1,-1
2024-04-24 15:03:08.632,20117,20118,20118,1,1
2024-04-24 15:03:09.384,20117,20118,20118,1,1
2024-04-24 15:03:10.751,20117,20119,20117,1,-1
2024-04-24 15:03:12.290,20116,20118,20118,4,4
2024-04-24 15:03:12.290,20116,20118,20119,6,6
2024-04-24 15:03:12.507,20118,20119,20118,1,-1
2024-04-24 15:03:13.185,20117,20119,20117,3,-3
2024-04-24 15:03:13.185,20117,20119,20116,2,-2
2024-04-24 15:03:14.296,20118,20119,20118,1,-1
2024-04-24 15:03:15.349,20116,20118,20116,1,-1
2024-04-24 15:03:16.719,20115,20118,20118,1,1
2024-04-24 15:03:16.926,20117,20118,20117,1,-1
2024-04-24 15:03:17.147,20115,20117,20117,2,2
2024-04-24 15:03:17.957,20115,20117,20117,1,1
2024-04-24 15:03:18.690,20115,20117,20115,2,-2
2024-04-24 15:03:19.746,20116,20117,20117,1,1
2024-04-24 15:03:19.895,20116,20118,20118,1,1
2024-04-24 15:03:24.287,20116,20117,20116,1,-1
2024-04-24 15:03:24.586,20115,20117,20117,1,1
2024-04-24 15:03:26.804,20117,20118,20117,6,-6
2024-04-24 15:03:26.877,20117,20118,20117,1,-1
2024-04-24 15:03:26.891,20117,20118,20118,5,5
2024-04-24 15:03:29.265,20117,20118,20117,1,-1
2024-04-24 15:03:29.372,20117,20118,20117,4,-4
2024-04-24 15:03:29.372,20117,20118,20117,1,-1
2024-04-24 15:03:30.128,20115,20118,20118,2,2
2024-04-24 15:03:30.479,20116,20118,20118,2,2
2024-04-24 15:03:30.936,20117,20119,20117,1,-1
2024-04-24 15:03:33.364,20117,20119,20117,1,-1
2024-04-24 15:03:37.084,20118,20119,20119,3,3
2024-04-24 15:03:37.084,20118,20119,20119,2,2
2024-04-24 15:03:37.085,20118,20119,20119,1,1
2024-04-24 15:03:37.085,20118,20119,20119,1,1
2024-04-24 15:03:37.490,20118,20119,20119,10,10
2024-04-24 15:03:38.393,20119,20120,20120,1,1
2024-04-24 15:03:38.577,20119,20120,20119,1,-1
2024-04-24 15:03:38.598,20119,20120,20120,3,3
2024-04-24 15:03:39.062,20119,20120,20120,2,2
2024-04-24 15:03:39.101,20119,20120,20120,3,3
2024-04-24 15:03:39.101,20119,20120,20120,3,3
2024-04-24 15:03:39.555,20120,20121,20121,4,4
2024-04-24 15:03:39.622,20120,20121,20121,1,1
2024-04-24 15:03:39.622,20120,20121,20121,1,1
2024-04-24 15:03:39.661,20120,20121,20120,3,-3
2024-04-24 15:03:39.661,20120,20121,20119,5,-5
2024-04-24 15:03:39.661,20120,20121,20121,1,1
2024-04-24 15:03:40.233,20118,20119,20118,3,-3
2024-04-24 15:03:40.234,20118,20119,20118,1,-1
2024-04-24 15:03:40.253,20117,20118,20118,1,1
2024-04-24 15:03:40.567,20117,20119,20119,1,1
2024-04-24 15:03:41.253,20117,20119,20119,1,1
2024-04-24 15:03:41.253,20117,20119,20120,1,1
2024-04-24 15:03:43.904,20117,20119,20119,1,1
2024-04-24 15:03:45.051,20117,20119,20119,1,1
2024-04-24 15:03:47.619,20117,20119,20120,1,1
2024-04-24 15:03:47.619,20117,20119,20119,1,1
2024-04-24 15:03:50.143,20119,20120,20120,1,1
2024-04-24 15:03:50.143,20119,20120,20120,1,1
2024-04-24 15:03:50.143,20119,20120,20120,1,1
2024-04-24 15:03:50.458,20119,20120,20120,4,4
2024-04-24 15:03:50.458,20119,20120,20120,2,2
2024-04-24 15:03:50.460,20119,20120,20120,12,12
2024-04-24 15:03:50.460,20119,20120,20120,1,1
2024-04-24 15:03:50.461,20119,20120,20120,1,1
2024-04-24 15:03:50.594,20119,20120,20119,1,-1
2024-04-24 15:03:51.117,20119,20120,20119,4,-4
2024-04-24 15:03:51.400,20118,20120,20120,1,1
2024-04-24 15:03:51.736,20118,20120,20118,1,-1
2024-04-24 15:03:53.010,20118,20120,20120,1,1
2024-04-24 15:03:53.365,20118,20120,20120,1,1
2024-04-24 15:03:53.486,20118,20120,20120,10,10
2024-04-24 15:03:53.487,20118,20120,20120,1,1
2024-04-24 15:03:53.882,20119,20120,20120,1,1
2024-04-24 15:03:53.882,20119,20120,20120,1,1
2024-04-24 15:03:56.368,20119,20120,20120,1,1
2024-04-24 15:03:59.428,20119,20120,20120,1,1
2024-04-24 15:04:00.211,20119,20120,20119,1,-1
2024-04-24 15:04:00.604,20119,20120,20120,1,1
2024-04-24 15:04:00.762,20119,20120,20120,3,3
2024-04-24 15:04:00.804,20119,20120,20120,1,1
2024-04-24 15:04:00.805,20119,20120,20120,2,2
2024-04-24 15:04:00.805,20119,20120,20120,2,2
2024-04-24 15:04:01.919,20120,20121,20121,1,1
2024-04-24 15:04:01.919,20120,20121,20122,2,2
2024-04-24 15:04:02.061,20120,20122,20120,1,-1
2024-04-24 15:04:02.979,20121,20122,20122,1,1
2024-04-24 15:04:03.244,20121,20122,20122,2,2
2024-04-24 15:04:03.286,20121,20122,20122,1,1
2024-04-24 15:04:03.287,20121,20122,20122,2,2
2024-04-24 15:04:03.287,20121,20122,20122,1,1
2024-04-24 15:04:03.287,20121,20122,20122,1,1
2024-04-24 15:04:03.288,20121,20122,20122,1,1
2024-04-24 15:04:03.352,20121,20122,20121,2,-2
2024-04-24 15:04:04.188,20121,20122,20122,1,1
2024-04-24 15:04:04.968,20121,20122,20122,1,1
2024-04-24 15:04:05.014,20121,20122,20122,1,1
2024-04-24 15:04:06.276,20121,20122,20122,2,2
2024-04-24 15:04:07.652,20121,20122,20122,1,1
2024-04-24 15:04:07.652,20121,20122,20122,2,2
2024-04-24 15:04:09.282,20122,20123,20122,1,-1
2024-04-24 15:04:12.827,20122,20123,20123,1,1
2024-04-24 15:04:12.828,20122,20123,20123,1,1
2024-04-24 15:04:13.742,20122,20123,20124,1,1
2024-04-24 15:04:13.742,20122,20123,20123,1,1
2024-04-24 15:04:14.837,20122,20123,20123,1,1
2024-04-24 15:04:17.330,20123,20124,20124,1,1
2024-04-24 15:04:17.783,20123,20124,20124,2,2
2024-04-24 15:04:18.857,20123,20124,20124,3,3
2024-04-24 15:04:19.377,20124,20125,20125,1,1
2024-04-24 15:04:22.530,20123,20124,20124,1,1
2024-04-24 15:04:23.129,20123,20125,20125,1,1
2024-04-24 15:04:23.395,20123,20125,20125,1,1
2024-04-24 15:04:23.438,20123,20125,20125,1,1
2024-04-24 15:04:25.072,20124,20126,20125,1,1
2024-04-24 15:04:25.164,20124,20126,20124,1,-1
2024-04-24 15:04:25.176,20124,20126,20124,1,-1
2024-04-24 15:04:25.176,20124,20126,20124,1,-1
2024-04-24 15:04:25.177,20124,20126,20123,10,-10
2024-04-24 15:04:25.236,20124,20126,20122,1,-1
2024-04-24 15:04:25.236,20124,20126,20122,1,-1
2024-04-24 15:04:25.236,20124,20126,20122,1,-1
2024-04-24 15:04:25.237,20124,20126,20122,1,-1
2024-04-24 15:04:25.447,20121,20122,20121,1,-1
2024-04-24 15:04:25.682,20121,20122,20121,2,-2
2024-04-24 15:04:25.683,20121,20122,20120,2,-2
2024-04-24 15:04:25.684,20121,20122,20120,4,-4
2024-04-24 15:04:25.684,20121,20122,20120,2,-2
2024-04-24 15:04:25.684,20121,20122,20120,1,-1
2024-04-24 15:04:25.684,20121,20122,20120,1,-1
2024-04-24 15:04:25.684,20121,20122,20120,1,-1
2024-04-24 15:04:25.737,20121,20122,20121,1,-1
2024-04-24 15:04:25.814,20119,20121,20119,1,-1
2024-04-24 15:04:26.314,20119,20121,20121,2,2
2024-04-24 15:04:27.194,20120,20122,20122,1,1
2024-04-24 15:04:27.656,20121,20122,20122,1,1
2024-04-24 15:04:28.069,20120,20122,20122,2,2
2024-04-24 15:04:28.732,20120,20122,20122,2,2
2024-04-24 15:04:32.965,20121,20122,20121,1,-1
2024-04-24 15:04:34.117,20120,20122,20122,1,1
2024-04-24 15:04:35.024,20120,20122,20120,1,-1
2024-04-24 15:04:35.026,20120,20122,20120,9,-9
2024-04-24 15:04:35.362,20118,20120,20120,1,1
2024-04-24 15:04:36.113,20118,20120,20119,2,2
2024-04-24 15:04:36.595,20119,20121,20119,1,-1
2024-04-24 15:04:38.373,20119,20121,20119,1,-1
2024-04-24 15:04:40.342,20120,20121,20120,1,-1
2024-04-24 15:04:42.978,20120,20121,20120,1,-1
2024-04-24 15:04:43.868,20120,20121,20120,2,-2
2024-04-24 15:04:43.868,20120,20121,20120,1,-1
2024-04-24 15:04:43.868,20120,20121,20120,4,-4
2024-04-24 15:04:44.397,20119,20120,20120,2,2
2024-04-24 15:04:45.754,20119,20120,20120,1,1
2024-04-24 15:04:46.519,20119,20120,20120,3,3
2024-04-24 15:04:46.817,20119,20120,20120,1,1
2024-04-24 15:04:48.748,20119,20120,20119,2,-2
2024-04-24 15:04:51.154,20119,20120,20120,4,4
2024-04-24 15:04:51.421,20119,20120,20120,1,1
2024-04-24 15:04:51.421,20119,20120,20120,1,1
2024-04-24 15:04:51.422,20119,20120,20120,1,1
2024-04-24 15:04:53.689,20120,20121,20120,3,-3
2024-04-24 15:04:54.863,20119,20120,20120,1,1
2024-04-24 15:04:54.863,20119,20120,20120,1,1
2024-04-24 15:04:55.367,20119,20121,20121,1,1
2024-04-24 15:04:55.368,20119,20121,20121,4,4
2024-04-24 15:04:56.600,20120,20121,20120,1,-1
2024-04-24 15:04:56.971,20120,20121,20120,1,-1
2024-04-24 15:04:57.846,20120,20121,20121,1,1
2024-04-24 15:04:58.643,20120,20122,20120,1,-1
2024-04-24 15:05:00.213,20121,20122,20121,1,-1
2024-04-24 15:05:00.761,20120,20122,20120,1,-1
2024-04-24 15:05:00.882,20120,20122,20120,1,-1
2024-04-24 15:05:01.091,20119,20121,20119,1,-1
2024-04-24 15:05:01.309,20120,20121,20120,1,-1
2024-04-24 15:05:01.395,20119,20121,20119,1,-1
2024-04-24 15:05:01.485,20119,20121,20119,1,-1
2024-04-24 15:05:01.570,20119,20121,20119,1,-1
2024-04-24 15:05:01.596,20119,20121,20119,1,-1
2024-04-24 15:05:02.102,20119,20121,20119,1,-1
2024-04-24 15:05:02.288,20119,20121,20121,1,1
2024-04-24 15:05:02.721,20120,20121,20120,1,-1
2024-04-24 15:05:03.402,20120,20121,20121,1,1
2024-04-24 15:05:03.402,20120,20121,20121,1,1
2024-04-24 15:05:04.087,20119,20121,20119,1,-1
2024-04-24 15:05:04.393,20119,20121,20121,4,4
2024-04-24 15:05:04.393,20119,20121,20122,3,3
2024-04-24 15:05:07.120,20119,20121,20120,1,1
2024-04-24 15:05:07.121,20119,20121,20120,1,1
2024-04-24 15:05:09.367,20120,20121,20121,1,1
2024-04-24 15:05:12.503,20121,20122,20122,2,2
2024-04-24 15:05:13.463,20121,20122,20123,1,1
2024-04-24 15:05:13.463,20121,20122,20122,9,9
2024-04-24 15:05:13.464,20121,20122,20123,1,1
2024-04-24 15:05:13.464,20121,20122,20123,2,2
2024-04-24 15:05:13.465,20121,20122,20123,1,1
2024-04-24 15:05:13.465,20121,20122,20123,4,4
2024-04-24 15:05:13.465,20121,20122,20123,1,1
2024-04-24 15:05:14.734,20122,20123,20122,1,-1
2024-04-24 15:05:17.031,20121,20123,20123,1,1
2024-04-24 15:05:19.101,20121,20123,20123,2,2
2024-04-24 15:05:19.101,20121,20123,20123,1,1
2024-04-24 15:05:19.101,20121,20123,20123,2,2
2024-04-24 15:05:19.101,20121,20123,20123,1,1
2024-04-24 15:05:19.101,20121,20123,20123,1,1
2024-04-24 15:05:21.310,20122,20123,20123,1,1
2024-04-24 15:05:21.310,20122,20123,20124,2,2
2024-04-24 15:05:21.958,20122,20123,20123,1,1
2024-04-24 15:05:22.495,20123,20125,20125,3,3
2024-04-24 15:05:23.688,20123,20125,20124,2,2
2024-04-24 15:05:23.688,20123,20125,20125,1,1
2024-04-24 15:05:29.800,20123,20124,20124,3,3
2024-04-24 15:05:31.033,20124,20125,20125,1,1
2024-04-24 15:05:31.427,20124,20125,20124,1,-1
2024-04-24 15:05:32.913,20124,20125,20124,1,-1
2024-04-24 15:05:35.996,20123,20124,20124,3,3
2024-04-24 15:05:38.015,20123,20124,20124,1,1
2024-04-24 15:05:39.296,20123,20124,20123,1,-1
2024-04-24 15:05:39.632,20123,20124,20124,1,1
2024-04-24 15:05:39.632,20123,20124,20124,2,2
2024-04-24 15:05:45.042,20124,20125,20125,1,1
2024-04-24 15:05:45.043,20124,20125,20125,1,1
2024-04-24 15:05:45.043,20124,20125,20125,1,1
2024-04-24 15:05:45.043,20124,20125,20125,3,3
2024-04-24 15:05:45.043,20124,20125,20125,1,1
2024-04-24 15:05:45.043,20124,20125,20125,3,3
2024-04-24 15:05:45.043,20124,20125,20125,1,1
2024-04-24 15:05:45.335,20125,20126,20125,1,-1
2024-04-24 15:05:48.117,20124,20125,20125,1,1
2024-04-24 15:05:48.493,20124,20125,20125,1,1
2024-04-24 15:05:49.269,20124,20125,20125,1,1
2024-04-24 15:05:51.551,20124,20125,20125,2,2
2024-04-24 15:05:53.585,20125,20126,20125,1,-1
2024-04-24 15:05:58.398,20125,20126,20126,1,1
2024-04-24 15:05:58.715,20125,20126,20125,1,-1
2024-04-24 15:06:03.150,20125,20126,20125,11,-11
2024-04-24 15:06:03.151,20125,20126,20124,2,-2
2024-04-24 15:06:03.464,20122,20123,20122,1,-1
2024-04-24 15:06:03.493,20122,20123,20122,2,-2
2024-04-24 15:06:03.493,20122,20123,20122,4,-4
2024-04-24 15:06:03.494,20122,20123,20121,1,-1
2024-04-24 15:06:03.494,20122,20123,20121,1,-1
2024-04-24 15:06:03.494,20122,20123,20121,1,-1
2024-04-24 15:06:03.495,20122,20123,20121,1,-1
2024-04-24 15:06:03.495,20122,20123,20121,1,-1
2024-04-24 15:06:03.548,20122,20123,20120,2,-2
2024-04-24 15:06:03.548,20122,20123,20120,1,-1
2024-04-24 15:06:03.548,20122,20123,20120,1,-1
2024-04-24 15:06:03.549,20122,20123,20120,1,-1
2024-04-24 15:06:03.549,20122,20123,20120,2,-2
2024-04-24 15:06:03.549,20122,20123,20120,7,-7
2024-04-24 15:06:03.550,20122,20123,20119,1,-1
2024-04-24 15:06:03.550,20122,20123,20119,13,-13
2024-04-24 15:06:03.552,20122,20123,20118,3,-3
2024-04-24 15:06:03.552,20122,20123,20118,1,-1
2024-04-24 15:06:03.552,20122,20123,20118,1,-1
2024-04-24 15:06:03.600,20122,20123,20117,1,-1
2024-04-24 15:06:03.612,20122,20123,20118,1,-1
2024-04-24 15:06:03.619,20117,20118,20117,1,-1
2024-04-24 15:06:03.656,20117,20118,20117,2,-2
2024-04-24 15:06:03.657,20117,20118,20116,2,-2
2024-04-24 15:06:03.664,20117,20118,20116,5,-5
2024-04-24 15:06:03.664,20117,20118,20116,3,-3
2024-04-24 15:06:03.665,20117,20118,20116,2,-2
2024-04-24 15:06:03.714,20117,20118,20115,2,-2
2024-04-24 15:06:06.029,20115,20116,20115,3,-3
2024-04-24 15:06:06.029,20115,20116,20115,1,-1
2024-04-24 15:06:06.029,20115,20116,20115,2,-2
2024-04-24 15:06:06.029,20115,20116,20115,1,-1
2024-04-24 15:06:06.029,20115,20116,20115,1,-1
2024-04-24 15:06:06.030,20115,20116,20114,1,-1
2024-04-24 15:06:06.030,20115,20116,20115,1,-1
2024-04-24 15:06:06.030,20115,20116,20115,2,-2
2024-04-24 15:06:06.030,20115,20116,20115,1,-1
2024-04-24 15:06:06.030,20115,20116,20115,2,-2
2024-04-24 15:06:06.030,20115,20116,20115,2,-2
2024-04-24 15:06:06.030,20115,20116,20115,2,-2
2024-04-24 15:06:06.030,20115,20116,20115,4,-4
2024-04-24 15:06:06.030,20115,20116,20115,1,-1
2024-04-24 15:06:06.031,20115,20116,20114,4,-4
2024-04-24 15:06:08.504,20114,20115,20115,4,4
2024-04-24 15:06:08.504,20114,20115,20115,1,1
2024-04-24 15:06:17.489,20117,20120,20117,1,-1
2024-04-24 15:06:17.831,20117,20120,20117,1,-1
2024-04-24 15:06:18.915,20117,20119,20119,1,1
2024-04-24 15:06:20.372,20117,20119,20119,4,4
2024-04-24 15:06:20.423,20117,20119,20120,1,1
2024-04-24 15:06:20.423,20117,20119,20120,1,1
2024-04-24 15:06:20.423,20117,20119,20120,1,1
2024-04-24 15:06:20.423,20117,20119,20120,2,2
2024-04-24 15:06:20.423,20117,20119,20120,1,1
2024-04-24 15:06:23.317,20120,20122,20120,1,-1
2024-04-24 15:06:25.755,20120,20121,20121,2,2
2024-04-24 15:06:27.943,20120,20121,20121,2,2
2024-04-24 15:06:28.454,20120,20121,20120,1,-1
2024-04-24 15:06:28.455,20120,20121,20120,1,-1
2024-04-24 15:06:28.702,20119,20120,20120,1,1
2024-04-24 15:06:30.267,20119,20120,20119,1,-1
2024-04-24 15:06:32.874,20120,20121,20121,1,1
2024-04-24 15:06:32.874,20120,20121,20121,1,1
2024-04-24 15:06:33.571,20120,20123,20120,1,-1
2024-04-24 15:06:34.523,20119,20120,20120,1,1
2024-04-24 15:06:36.693,20121,20123,20123,1,1
2024-04-24 15:06:36.725,20121,20123,20123,1,1
2024-04-24 15:06:37.223,20121,20123,20123,1,1
2024-04-24 15:06:40.354,20122,20124,20124,2,2
2024-04-24 15:06:42.979,20124,20125,20124,1,-1
2024-04-24 15:06:44.237,20123,20125,20125,7,7
2024-04-24 15:06:44.237,20123,20125,20126,8,8
2024-04-24 15:06:44.237,20123,20125,20124,5,-5
2024-04-24 15:06:46.373,20125,20126,20126,2,2
2024-04-24 15:06:48.774,20124,20125,20124,1,-1
2024-04-24 15:06:48.774,20124,20125,20124,13,-13
2024-04-24 15:06:48.774,20124,20125,20124,1,-1
2024-04-24 15:06:48.775,20124,20125,20124,1,-1
2024-04-24 15:06:48.775,20124,20125,20124,35,-35
2024-04-24 15:06:48.775,20124,20125,20123,3,-3
2024-04-24 15:06:48.808,20124,20125,20124,3,-3
2024-04-24 15:06:48.808,20124,20125,20123,2,-2
2024-04-24 15:06:50.243,20122,20124,20124,1,1
2024-04-24 15:06:56.400,20123,20125,20125,1,1
2024-04-24 15:07:00.998,20124,20125,20124,2,-2
2024-04-24 15:07:01.273,20123,20124,20124,1,1
2024-04-24 15:07:03.222,20123,20124,20123,2,-2
2024-04-24 15:07:06.147,20121,20123,20123,1,1
2024-04-24 15:07:07.600,20121,20124,20124,1,1
2024-04-24 15:07:09.307,20121,20124,20124,1,1
2024-04-24 15:07:09.913,20121,20124,20123,2,2
2024-04-24 15:07:12.625,20121,20123,20123,2,2
2024-04-24 15:07:13.816,20121,20124,20121,1,-1
2024-04-24 15:07:13.914,20121,20124,20121,1,-1
2024-04-24 15:07:26.141,20120,20122,20120,2,-2
2024-04-24 15:07:26.141,20120,20122,20120,1,-1
2024-04-24 15:07:26.142,20120,20122,20120,1,-1
2024-04-24 15:07:31.367,20120,20122,20122,1,1
2024-04-24 15:07:31.368,20120,20122,20122,1,1
2024-04-24 15:07:31.444,20122,20123,20122,1,-1
2024-04-24 15:07:31.549,20122,20123,20122,1,-1
2024-04-24 15:07:36.000,20121,20123,20123,1,1
2024-04-24 15:07:37.046,20121,20123,20123,1,1
2024-04-24 15:07:38.807,20122,20124,20124,1,1
2024-04-24 15:07:40.476,20123,20124,20123,1,-1
2024-04-24 15:07:47.728,20123,20124,20123,1,-1
2024-04-24 15:07:47.728,20123,20124,20123,1,-1
2024-04-24 15:07:47.730,20123,20124,20123,4,-4
2024-04-24 15:07:48.109,20121,20124,20124,1,1
2024-04-24 15:07:49.091,20121,20124,20124,1,1
2024-04-24 15:07:51.780,20123,20124,20124,6,6
2024-04-24 15:07:53.635,20124,20125,20124,2,-2
2024-04-24 15:07:54.386,20124,20125,20124,2,-2
2024-04-24 15:07:57.880,20123,20124,20124,1,1
2024-04-24 15:07:59.279,20123,20124,20123,1,-1
2024-04-24 15:07:59.513,20123,20124,20124,1,1
2024-04-24 15:08:02.597,20123,20124,20124,1,1
2024-04-24 15:08:02.864,20123,20124,20123,1,-1
2024-04-24 15:08:03.628,20123,20124,20123,2,-2
2024-04-24 15:08:06.529,20123,20124,20124,1,1
2024-04-24 15:08:07.010,20123,20124,20123,1,-1
2024-04-24 15:08:07.159,20123,20124,20124,1,1
2024-04-24 15:08:07.497,20123,20124,20124,2,2
2024-04-24 15:08:07.498,20123,20124,20125,1,1
2024-04-24 15:08:07.498,20123,20124,20125,3,3
2024-04-24 15:08:07.498,20123,20124,20125,3,3
2024-04-24 15:08:07.647,20125,20126,20125,1,-1
2024-04-24 15:08:08.532,20124,20126,20124,1,-1
2024-04-24 15:08:14.091,20124,20126,20126,3,3
2024-04-24 15:08:15.484,20124,20126,20124,1,-1
2024-04-24 15:08:19.588,20123,20124,20123,1,-1
2024-04-24 15:08:19.588,20123,20124,20123,4,-4
2024-04-24 15:08:19.964,20122,20123,20123,1,1
2024-04-24 15:08:21.884,20122,20124,20124,1,1
2024-04-24 15:08:21.924,20122,20124,20124,1,1
2024-04-24 15:08:28.889,20122,20124,20122,1,-1
2024-04-24 15:08:31.761,20122,20123,20122,3,-3
2024-04-24 15:08:31.890,20121,20122,20121,1,-1
2024-04-24 15:08:31.892,20121,20122,20121,14,-14
2024-04-24 15:08:31.893,20121,20122,20120,4,-4
2024-04-24 15:08:31.893,20121,20122,20120,2,-2
2024-04-24 15:08:31.893,20121,20122,20120,1,-1
2024-04-24 15:08:31.893,20121,20122,20120,1,-1
2024-04-24 15:08:31.893,20121,20122,20120,1,-1
2024-04-24 15:08:31.894,20121,20122,20120,2,-2
2024-04-24 15:08:31.894,20121,20122,20120,2,-2
2024-04-24 15:08:32.240,20119,20121,20121,1,1
2024-04-24 15:08:32.889,20119,20121,20119,1,-1
2024-04-24 15:08:35.978,20119,20121,20118,5,-5
2024-04-24 15:08:35.978,20119,20121,20119,5,-5
2024-04-24 15:08:37.189,20118,20120,20120,10,10
2024-04-24 15:08:39.005,20119,20121,20119,3,-3
2024-04-24 15:08:39.417,20118,20121,20118,1,-1
2024-04-24 15:08:40.004,20120,20121,20120,4,-4
2024-04-24 15:08:40.593,20120,20121,20121,2,2
2024-04-24 15:08:40.593,20120,20121,20122,8,8
2024-04-24 15:08:40.593,20120,20121,20123,10,10
2024-04-24 15:08:40.824,20121,20123,20121,2,-2
2024-04-24 15:08:40.891,20121,20123,20121,1,-1
2024-04-24 15:08:41.121,20121,20123,20121,1,-1
2024-04-24 15:08:41.503,20121,20123,20121,1,-1
2024-04-24 15:08:42.784,20122,20123,20123,1,1
2024-04-24 15:08:43.727,20122,20124,20124,3,3
2024-04-24 15:08:43.728,20122,20124,20125,3,3
2024-04-24 15:08:43.728,20122,20124,20125,3,3
2024-04-24 15:08:47.592,20123,20125,20125,1,1
2024-04-24 15:08:49.090,20124,20126,20124,2,-2
2024-04-24 15:08:49.775,20123,20125,20125,1,1
2024-04-24 15:08:50.078,20124,20125,20123,3,-3
2024-04-24 15:08:50.078,20124,20125,20124,3,-3
2024-04-24 15:08:51.320,20123,20125,20125,1,1
2024-04-24 15:09:03.875,20123,20124,20123,3,-3
2024-04-24 15:09:04.304,20121,20123,20123,1,1
2024-04-24 15:09:12.548,20121,20123,20121,1,-1
2024-04-24 15:09:14.465,20121,20123,20122,1,-1
2024-04-24 15:09:16.215,20121,20122,20122,1,1
2024-04-24 15:09:19.256,20121,20122,20121,2,-2
2024-04-24 15:09:21.965,20121,20122,20121,1,-1
2024-04-24 15:09:24.771,20121,20122,20121,1,-1
2024-04-24 15:09:25.198,20120,20121,20120,2,-2
2024-04-24 15:09:25.199,20120,20121,20120,1,-1
2024-04-24 15:09:25.199,20120,20121,20120,3,-3
2024-04-24 15:09:25.200,20120,20121,20120,7,-7
2024-04-24 15:09:25.200,20120,20121,20120,1,-1
2024-04-24 15:09:25.200,20120,20121,20120,1,-1
2024-04-24 15:09:25.384,20119,20120,20119,3,-3
2024-04-24 15:09:30.420,20118,20119,20118,1,-1
2024-04-24 15:09:30.996,20118,20119,20118,1,-1
2024-04-24 15:09:33.037,20118,20119,20119,1,1
2024-04-24 15:09:33.199,20118,20119,20118,1,-1
2024-04-24 15:09:35.339,20118,20119,20118,1,-1
2024-04-24 15:09:35.765,20117,20119,20119,1,1
2024-04-24 15:09:36.369,20117,20119,20118,1,1
2024-04-24 15:09:36.427,20117,20119,20118,1,1
2024-04-24 15:09:38.397,20118,20119,20119,1,1
2024-04-24 15:09:38.575,20118,20121,20118,1,-1
2024-04-24 15:09:40.693,20117,20119,20117,3,-3
2024-04-24 15:09:40.694,20117,20119,20117,1,-1
2024-04-24 15:09:40.694,20117,20119,20117,4,-4
2024-04-24 15:09:40.694,20117,20119,20117,1,-1
2024-04-24 15:09:42.073,20116,20117,20117,1,1
2024-04-24 15:09:44.841,20116,20117,20116,2,-2
2024-04-24 15:09:45.712,20116,20117,20116,1,-1
2024-04-24 15:09:46.322,20116,20117,20117,1,1
2024-04-24 15:09:46.437,20116,20118,20118,1,1
2024-04-24 15:09:47.181,20117,20119,20117,1,-1
2024-04-24 15:09:51.984,20118,20119,20119,1,1
2024-04-24 15:09:51.984,20118,20119,20119,9,9
2024-04-24 15:09:52.679,20118,20121,20118,1,-1
2024-04-24 15:09:54.406,20117,20120,20117,10,-10
2024-04-24 15:09:54.431,20117,20120,20118,2,-2
2024-04-24 15:09:57.368,20118,20119,20119,1,1
2024-04-24 15:09:57.613,20119,20121,20119,1,-1
2024-04-24 15:09:59.970,20118,20120,20120,1,1
2024-04-24 15:10:00.731,20118,20120,20118,3,-3
2024-04-24 15:10:00.933,20118,20120,20118,4,-4
2024-04-24 15:10:00.940,20118,20120,20118,4,-4
2024-04-24 15:10:00.992,20118,20120,20117,4,-4
2024-04-24 15:10:01.016,20117,20119,20117,4,-4
2024-04-24 15:10:01.169,20117,20119,20118,1,-1
2024-04-24 15:10:01.187,20117,20119,20117,1,-1
2024-04-24 15:10:01.645,20117,20118,20117,4,-4
2024-04-24 15:10:01.645,20117,20118,20116,6,-6
2024-04-24 15:10:02.514,20116,20118,20118,1,1
2024-04-24 15:10:03.088,20117,20118,20118,1,1
2024-04-24 15:10:06.705,20116,20117,20117,4,4
2024-04-24 15:10:07.175,20117,20118,20117,1,-1
2024-04-24 15:10:07.845,20117,20118,20118,1,1
2024-04-24 15:10:07.845,20117,20118,20119,9,9
2024-04-24 15:10:11.709,20118,20119,20119,2,2
2024-04-24 15:10:12.074,20119,20120,20119,1,-1
2024-04-24 15:10:15.899,20118,20119,20119,1,1
2024-04-24 15:10:16.070,20118,20119,20118,1,-1
2024-04-24 15:10:17.657,20118,20119,20119,1,1
2024-04-24 15:10:18.035,20119,20120,20119,3,-3
2024-04-24 15:10:18.275,20119,20120,20119,1,-1
2024-04-24 15:10:21.517,20118,20119,20119,1,1
2024-04-24 15:10:22.266,20118,20120,20120,1,1
2024-04-24 15:10:22.272,20118,20120,20120,1,1
2024-04-24 15:10:22.301,20118,20120,20120,1,1
2024-04-24 15:10:22.313,20118,20120,20120,1,1
2024-04-24 15:10:24.069,20119,20120,20119,1,-1
2024-04-24 15:10:28.433,20119,20120,20119,1,-1
2024-04-24 15:10:30.588,20118,20119,20119,1,1
2024-04-24 15:10:32.301,20118,20119,20118,2,-2
2024-04-24 15:10:34.003,20118,20119,20118,4,-4
2024-04-24 15:10:34.020,20118,20119,20117,3,-3
2024-04-24 15:10:34.020,20118,20119,20117,3,-3
2024-04-24 15:10:34.020,20118,20119,20117,1,-1
2024-04-24 15:10:34.020,20118,20119,20117,5,-5
2024-04-24 15:10:34.020,20118,20119,20117,2,-2
2024-04-24 15:10:34.020,20118,20119,20117,1,-1
2024-04-24 15:10:34.101,20118,20119,20116,1,-1
2024-04-24 15:10:34.101,20118,20119,20116,1,-1
2024-04-24 15:10:34.101,20118,20119,20116,1,-1
2024-04-24 15:10:34.101,20118,20119,20116,3,-3
2024-04-24 15:10:34.623,20115,20116,20115,3,-3
2024-04-24 15:10:34.623,20115,20116,20115,1,-1
2024-04-24 15:10:34.623,20115,20116,20115,1,-1
2024-04-24 15:10:34.624,20115,20116,20115,13,-13
2024-04-24 15:10:34.625,20115,20116,20114,2,-2
2024-04-24 15:10:34.626,20115,20116,20114,1,-1
2024-04-24 15:10:34.666,20115,20116,20114,1,-1
2024-04-24 15:10:34.696,20115,20116,20113,1,-1
2024-04-24 15:10:34.791,20112,20114,20113,1,-1
2024-04-24 15:10:34.792,20112,20114,20112,1,-1
2024-04-24 15:10:34.805,20112,20114,20113,3,-3
2024-04-24 15:10:34.805,20112,20114,20114,1,1
2024-04-24 15:10:34.911,20112,20114,20112,1,-1
2024-04-24 15:10:35.622,20112,20114,20112,6,-6
2024-04-24 15:10:36.719,20111,20113,20113,1,1
2024-04-24 15:10:41.730,20113,20114,20114,1,1
2024-04-24 15:10:42.503,20113,20115,20113,1,-1
2024-04-24 15:10:43.161,20113,20114,20113,1,-1
2024-04-24 15:10:44.199,20113,20114,20112,1,-1
2024-04-24 15:10:45.008,20113,20114,20113,1,-1
2024-04-24 15:10:45.571,20112,20113,20112,1,-1
2024-04-24 15:10:46.151,20112,20113,20112,1,-1
2024-04-24 15:10:46.604,20112,20113,20113,6,6
2024-04-24 15:10:46.804,20113,20114,20114,1,1
2024-04-24 15:10:48.677,20114,20115,20115,1,1
2024-04-24 15:10:49.030,20114,20115,20115,1,1
2024-04-24 15:10:51.229,20114,20115,20115,1,1
2024-04-24 15:10:51.563,20115,20116,20115,1,-1
2024-04-24 15:10:53.280,20114,20115,20114,1,-1
2024-04-24 15:10:54.668,20114,20115,20115,1,1
2024-04-24 15:10:55.972,20114,20115,20114,1,-1
2024-04-24 15:10:55.972,20114,20115,20114,1,-1
2024-04-24 15:10:57.568,20113,20114,20113,2,-2
2024-04-24 15:10:58.254,20112,20113,20113,3,3
2024-04-24 15:10:59.611,20113,20114,20113,1,-1
2024-04-24 15:10:59.806,20112,20113,20112,3,-3
2024-04-24 15:11:00.516,20112,20113,20112,2,-2
2024-04-24 15:11:00.876,20111,20112,20111,3,-3
2024-04-24 15:11:01.154,20111,20112,20111,1,-1
2024-04-24 15:11:01.166,20111,20112,20111,1,-1
2024-04-24 15:11:02.629,20111,20112,20111,1,-1
2024-04-24 15:11:02.959,20111,20112,20111,3,-3
2024-04-24 15:11:03.551,20111,20112,20111,1,-1
2024-04-24 15:11:03.552,20111,20112,20111,1,-1
2024-04-24 15:11:04.232,20110,20112,20110,2,-2
2024-04-24 15:11:05.523,20110,20111,20111,1,1
2024-04-24 15:11:07.824,20110,20111,20111,3,3
2024-04-24 15:11:07.913,20111,20112,20112,2,2
2024-04-24 15:11:07.913,20111,20112,20112,1,1
2024-04-24 15:11:08.164,20112,20113,20112,4,-4
2024-04-24 15:11:09.828,20111,20113,20111,2,-2
2024-04-24 15:11:10.969,20111,20113,20112,1,-1
2024-04-24 15:11:11.772,20112,20113,20113,3,3
2024-04-24 15:11:11.795,20112,20113,20113,1,1
2024-04-24 15:11:11.811,20112,20113,20114,1,1
2024-04-24 15:11:12.740,20113,20114,20113,3,-3
2024-04-24 15:11:13.587,20112,20114,20114,3,3
2024-04-24 15:11:18.962,20112,20114,20111,4,-4
2024-04-24 15:11:18.962,20112,20114,20112,1,-1
2024-04-24 15:11:20.191,20112,20113,20112,1,-1
2024-04-24 15:11:21.230,20112,20113,20112,1,-1
2024-04-24 15:11:23.266,20112,20113,20112,2,-2
2024-04-24 15:11:23.267,20112,20113,20112,4,-4
2024-04-24 15:11:23.535,20111,20113,20111,12,-12
2024-04-24 15:11:23.535,20111,20113,20110,4,-4
2024-04-24 15:11:26.415,20110,20112,20110,2,-2
2024-04-24 15:11:28.212,20111,20112,20111,1,-1
2024-04-24 15:11:30.371,20111,20112,20111,1,-1
2024-04-24 15:11:30.372,20111,20112,20111,3,-3
2024-04-24 15:11:30.372,20111,20112,20111,1,-1
2024-04-24 15:11:34.442,20111,20112,20111,7,-7
2024-04-24 15:11:34.442,20111,20112,20110,9,-9
2024-04-24 15:11:34.854,20110,20112,20112,1,1
2024-04-24 15:11:39.101,20110,20111,20110,1,-1
2024-04-24 15:11:39.173,20110,20111,20110,5,-5
2024-04-24 15:11:39.174,20110,20111,20110,2,-2
2024-04-24 15:11:39.174,20110,20111,20110,2,-2
2024-04-24 15:11:39.174,20110,20111,20110,1,-1
2024-04-24 15:11:39.174,20110,20111,20110,1,-1
2024-04-24 15:11:39.174,20110,20111,20110,2,-2
2024-04-24 15:11:39.174,20110,20111,20110,2,-2
2024-04-24 15:11:39.174,20110,20111,20110,1,-1
2024-04-24 15:11:39.174,20110,20111,20110,1,-1
2024-04-24 15:11:39.175,20110,20111,20110,1,-1
2024-04-24 15:11:39.175,20110,20111,20110,3,-3
2024-04-24 15:11:39.175,20110,20111,20110,1,-1
2024-04-24 15:11:39.175,20110,20111,20110,1,-1
2024-04-24 15:11:39.175,20110,20111,20110,4,-4
2024-04-24 15:11:39.175,20110,20111,20110,1,-1
2024-04-24 15:11:39.175,20110,20111,20110,1,-1
2024-04-24 15:11:39.175,20110,20111,20110,1,-1
2024-04-24 15:11:40.354,20109,20111,20111,1,1
2024-04-24 15:11:40.355,20109,20111,20111,4,4
2024-04-24 15:11:41.346,20111,20112,20111,1,-1
2024-04-24 15:11:41.445,20111,20112,20111,1,-1
2024-04-24 15:11:41.445,20111,20112,20110,9,-9
2024-04-24 15:11:46.495,20109,20110,20109,4,-4
2024-04-24 15:11:46.547,20109,20110,20110,1,1
2024-04-24 15:11:46.791,20109,20110,20109,1,-1
2024-04-24 15:11:47.042,20109,20110,20110,1,1
2024-04-24 15:11:48.187,20109,20110,20110,1,1
2024-04-24 15:11:48.772,20109,20110,20110,2,2
2024-04-24 15:11:49.040,20110,20111,20110,2,-2
2024-04-24 15:11:49.072,20110,20111,20110,2,-2
2024-04-24 15:11:49.287,20109,20111,20109,1,-1
2024-04-24 15:11:49.290,20109,20111,20109,1,-1
2024-04-24 15:11:50.044,20110,20111,20110,1,-1
2024-04-24 15:11:50.781,20110,20111,20110,3,-3
2024-04-24 15:11:52.262,20109,20110,20110,1,1
2024-04-24 15:11:52.262,20109,20110,20110,1,1
2024-04-24 15:11:52.262,20109,20110,20110,1,1
2024-04-24 15:11:53.741,20110,20111,20111,7,7
2024-04-24 15:11:54.130,20111,20112,20111,1,-1
2024-04-24 15:11:56.401,20111,20112,20111,1,-1
2024-04-24 15:11:57.056,20111,20112,20112,2,2
2024-04-24 15:11:57.056,20111,20112,20112,1,1
2024-04-24 15:11:57.057,20111,20112,20112,2,2
2024-04-24 15:11:57.057,20111,20112,20112,1,1
2024-04-24 15:11:58.776,20112,20113,20112,5,-5
2024-04-24 15:12:01.413,20112,20114,20114,2,2
2024-04-24 15:12:01.485,20112,20114,20112,5,-5
2024-04-24 15:12:01.588,20111,20113,20114,1,1
2024-04-24 15:12:01.784,20112,20114,20112,1,-1
2024-04-24 15:12:01.800,20112,20114,20112,2,-2
2024-04-24 15:12:02.205,20112,20114,20112,1,-1
2024-04-24 15:12:04.624,20111,20112,20112,3,3
2024-04-24 15:12:05.077,20112,20113,20112,1,-1
2024-04-24 15:12:08.036,20112,20113,20112,1,-1
2024-04-24 15:12:08.176,20112,20113,20112,1,-1
2024-04-24 15:12:08.176,20112,20113,20111,2,-2
2024-04-24 15:12:10.340,20112,20113,20112,1,-1
2024-04-24 15:12:13.669,20111,20112,20111,1,-1
2024-04-24 15:12:15.064,20111,20112,20111,15,-15
2024-04-24 15:12:15.064,20111,20112,20111,2,-2
2024-04-24 15:12:15.065,20111,20112,20111,2,-2
2024-04-24 15:12:15.886,20110,20111,20110,2,-2
2024-04-24 15:12:19.620,20109,20110,20109,1,-1
2024-04-24 15:12:19.871,20109,20110,20109,1,-1
2024-04-24 15:12:19.871,20109,20110,20109,1,-1
2024-04-24 15:12:23.346,20109,20110,20109,1,-1
2024-04-24 15:12:24.013,20109,20110,20109,1,-1
2024-04-24 15:12:25.752,20109,20110,20109,1,-1
2024-04-24 15:12:26.326,20108,20110,20108,1,-1
2024-04-24 15:12:27.181,20108,20110,20109,2,-2
2024-04-24 15:12:27.183,20108,20110,20110,2,2
2024-04-24 15:12:27.226,20108,20110,20109,4,4
2024-04-24 15:12:27.260,20108,20110,20109,1,1
2024-04-24 15:12:28.734,20108,20109,20109,5,5
2024-04-24 15:12:28.735,20108,20109,20109,3,3
2024-04-24 15:12:30.218,20108,20109,20109,1,1
2024-04-24 15:12:30.507,20108,20109,20109,1,1
2024-04-24 15:12:30.917,20108,20110,20110,1,1
2024-04-24 15:12:31.691,20108,20110,20108,1,-1
2024-04-24 15:12:34.474,20109,20110,20110,1,1
2024-04-24 15:12:34.896,20109,20110,20110,1,1
2024-04-24 15:12:36.395,20109,20111,20109,4,-4
2024-04-24 15:12:38.571,20109,20110,20110,1,1
2024-04-24 15:12:39.542,20109,20110,20109,1,-1
2024-04-24 15:12:43.017,20108,20109,20108,25,-25
2024-04-24 15:12:43.017,20108,20109,20108,1,-1
2024-04-24 15:12:43.018,20108,20109,20108,1,-1
2024-04-24 15:12:43.018,20108,20109,20108,1,-1
2024-04-24 15:12:43.018,20108,20109,20108,2,-2
2024-04-24 15:12:43.540,20107,20108,20107,2,-2
2024-04-24 15:12:43.540,20107,20108,20107,1,-1
2024-04-24 15:12:43.540,20107,20108,20107,1,-1
2024-04-24 15:12:43.587,20107,20108,20108,3,3
2024-04-24 15:12:44.300,20107,20108,20107,1,-1
2024-04-24 15:12:45.254,20107,20108,20107,9,-9
2024-04-24 15:12:45.254,20107,20108,20106,11,-11
2024-04-24 15:12:45.364,20107,20108,20106,1,-1
2024-04-24 15:12:45.520,20106,20107,20107,1,1
2024-04-24 15:12:46.003,20106,20107,20106,4,-4
2024-04-24 15:12:46.003,20106,20107,20105,16,-16
2024-04-24 15:12:46.230,20105,20107,20105,1,-1
2024-04-24 15:12:46.273,20105,20107,20106,1,-1
2024-04-24 15:12:46.374,20105,20106,20105,5,-5
2024-04-24 15:12:46.374,20105,20106,20104,8,-8
2024-04-24 15:12:46.563,20104,20105,20103,10,-10
2024-04-24 15:12:46.563,20104,20105,20104,3,-3
2024-04-24 15:12:46.671,20103,20104,20103,3,-3
2024-04-24 15:12:46.671,20103,20104,20102,17,-17
2024-04-24 15:12:46.703,20103,20104,20102,1,-1
2024-04-24 15:12:46.704,20103,20104,20103,1,-1
2024-04-24 15:12:46.720,20103,20104,20102,2,-2
2024-04-24 15:12:46.720,20103,20104,20101,3,-3
2024-04-24 15:12:46.760,20101,20103,20101,13,-13
2024-04-24 15:12:46.760,20101,20103,20103,1,1
2024-04-24 15:12:46.842,20101,20103,20100,1,-1
2024-04-24 15:12:46.842,20101,20103,20101,1,-1
2024-04-24 15:12:46.858,20101,20103,20100,1,-1
2024-04-24 15:12:46.865,20101,20103,20100,1,-1
2024-04-24 15:12:46.885,20100,20102,20100,5,-5
2024-04-24 15:12:46.887,20100,20102,20100,1,-1
2024-04-24 15:12:46.891,20100,20102,20100,2,-2
2024-04-24 15:12:46.895,20100,20102,20101,1,-1
2024-04-24 15:12:46.895,20100,20102,20101,1,-1
2024-04-24 15:12:46.895,20100,20102,20101,1,-1
2024-04-24 15:12:46.896,20100,20102,20101,1,-1
2024-04-24 15:12:46.896,20100,20102,20101,1,-1
2024-04-24 15:12:46.896,20100,20102,20101,1,-1
2024-04-24 15:12:46.932,20100,20102,20102,1,1
2024-04-24 15:12:46.935,20100,20102,20101,1,1
2024-04-24 15:12:46.988,20100,20102,20102,5,5
2024-04-24 15:12:46.990,20100,20102,20103,3,3
2024-04-24 15:12:46.990,20100,20102,20103,1,1
2024-04-24 15:12:47.003,20103,20104,20103,1,-1
2024-04-24 15:12:47.011,20103,20104,20102,1,-1
2024-04-24 15:12:47.025,20103,20104,20102,1,-1
2024-04-24 15:12:47.032,20103,20104,20102,2,-2
2024-04-24 15:12:47.071,20103,20104,20102,2,-2
2024-04-24 15:12:47.093,20103,20104,20102,1,-1
2024-04-24 15:12:47.283,20102,20104,20102,1,-1
2024-04-24 15:12:47.628,20102,20104,20102,2,-2
2024-04-24 15:12:47.695,20102,20104,20102,1,-1
2024-04-24 15:12:48.296,20103,20104,20103,1,-1
2024-04-24 15:12:48.434,20102,20104,20102,1,-1
2024-04-24 15:12:48.592,20102,20103,20102,1,-1
2024-04-24 15:12:48.744,20101,20103,20101,4,-4
2024-04-24 15:12:49.898,20101,20103,20102,1,-1
2024-04-24 15:12:50.239,20101,20103,20101,1,-1
2024-04-24 15:12:50.586,20101,20103,20102,2,-2
2024-04-24 15:12:50.602,20101,20103,20103,2,2
2024-04-24 15:12:50.683,20102,20104,20104,2,2
2024-04-24 15:12:51.256,20104,20106,20104,1,-1
2024-04-24 15:12:51.345,20104,20106,20103,1,-1
2024-04-24 15:12:51.373,20103,20105,20103,1,-1
2024-04-24 15:12:52.498,20103,20104,20103,1,-1
2024-04-24 15:12:52.525,20103,20104,20103,1,-1
2024-04-24 15:12:52.755,20103,20104,20103,1,-1
2024-04-24 15:12:53.512,20103,20104,20103,3,-3
2024-04-24 15:12:53.512,20103,20104,20102,2,-2
2024-04-24 15:12:54.276,20102,20104,20102,3,-3
2024-04-24 15:12:54.916,20102,20104,20102,2,-2
2024-04-24 15:12:56.019,20102,20104,20104,5,5
2024-04-24 15:12:56.019,20102,20104,20105,5,5
2024-04-24 15:12:57.229,20103,20105,20103,2,-2
2024-04-24 15:12:57.496,20103,20105,20105,1,1
2024-04-24 15:13:01.155,20103,20105,20103,2,-2
2024-04-24 15:13:01.410,20103,20105,20103,1,-1
2024-04-24 15:13:01.449,20103,20105,20102,1,-1
2024-04-24 15:13:01.486,20103,20105,20102,1,-1
2024-04-24 15:13:02.875,20104,20105,20104,1,-1
2024-04-24 15:13:02.995,20103,20105,20103,1,-1
2024-04-24 15:13:03.753,20103,20104,20103,3,-3
2024-04-24 15:13:03.753,20103,20104,20102,7,-7
2024-04-24 15:13:08.028,20102,20104,20103,1,-1
2024-04-24 15:13:08.191,20102,20104,20104,1,1
2024-04-24 15:13:08.191,20102,20104,20104,5,5
2024-04-24 15:13:08.192,20102,20104,20105,1,1
2024-04-24 15:13:08.194,20102,20104,20105,7,7
2024-04-24 15:13:08.195,20102,20104,20106,1,1
2024-04-24 15:13:08.372,20105,20106,20105,1,-1
2024-04-24 15:13:08.691,20105,20106,20106,1,1
2024-04-24 15:13:09.059,20105,20106,20104,1,-1
2024-04-24 15:13:09.059,20105,20106,20105,1,-1
2024-04-24 15:13:09.122,20104,20106,20104,1,-1
2024-04-24 15:13:12.066,20104,20105,20105,1,1
2024-04-24 15:13:13.189,20104,20106,20105,1,1
2024-04-24 15:13:15.490,20105,20106,20106,1,1
2024-04-24 15:13:15.532,20106,20107,20107,3,3
2024-04-24 15:13:15.533,20106,20107,20108,5,5
2024-04-24 15:13:15.534,20106,20107,20109,3,3
2024-04-24 15:13:15.637,20109,20111,20109,1,-1
2024-04-24 15:13:15.726,20109,20111,20110,2,-2
2024-04-24 15:13:17.409,20109,20111,20109,1,-1
2024-04-24 15:13:17.556,20109,20111,20111,1,1
2024-04-24 15:13:18.002,20109,20111,20109,3,-3
2024-04-24 15:13:18.002,20109,20111,20108,9,-9
2024-04-24 15:13:18.125,20107,20109,20107,1,-1
2024-04-24 15:13:21.299,20105,20107,20107,1,1
2024-04-24 15:13:22.595,20105,20108,20108,3,3
2024-04-24 15:13:23.371,20105,20108,20108,1,1
2024-04-24 15:13:25.551,20106,20108,20108,4,4
2024-04-24 15:13:28.008,20107,20108,20108,2,2
2024-04-24 15:13:28.472,20107,20110,20108,1,-1
2024-04-24 15:13:28.757,20108,20110,20108,2,-2
2024-04-24 15:13:31.420,20109,20110,20110,3,3
2024-04-24 15:13:31.938,20109,20110,20110,1,1
2024-04-24 15:13:32.327,20109,20112,20109,3,-3
2024-04-24 15:13:32.364,20109,20112,20108,1,-1
2024-04-24 15:13:32.503,20108,20110,20110,1,1
2024-04-24 15:13:33.005,20108,20110,20110,3,3
2024-04-24 15:13:34.255,20108,20110,20110,2,2
2024-04-24 15:13:35.045,20108,20110,20110,1,1
2024-04-24 15:13:37.825,20109,20110,20109,4,-4
2024-04-24 15:13:37.825,20109,20110,20108,1,-1
2024-04-24 15:13:39.890,20108,20109,20110,1,1
2024-04-24 15:13:39.890,20108,20109,20109,3,3
2024-04-24 15:13:39.891,20108,20109,20110,2,2
2024-04-24 15:13:43.274,20108,20110,20110,1,1
2024-04-24 15:13:46.674,20109,20110,20109,1,-1
2024-04-24 15:13:46.675,20109,20110,20109,1,-1
2024-04-24 15:13:50.977,20108,20110,20110,3,3
2024-04-24 15:13:51.019,20109,20111,20111,1,1
2024-04-24 15:13:51.019,20109,20111,20111,1,1
2024-04-24 15:13:51.666,20110,20112,20110,1,-1
2024-04-24 15:13:53.302,20110,20112,20109,3,-3
2024-04-24 15:13:53.302,20110,20112,20110,4,-4
2024-04-24 15:13:57.821,20109,20110,20110,1,1
2024-04-24 15:13:59.782,20110,20112,20112,1,1
2024-04-24 15:13:59.796,20110,20112,20112,2,2
2024-04-24 15:14:00.050,20112,20113,20112,2,-2
2024-04-24 15:14:00.246,20111,20113,20111,1,-1
2024-04-24 15:14:00.300,20111,20113,20111,10,-10
2024-04-24 15:14:00.300,20111,20113,20110,15,-15
2024-04-24 15:14:00.302,20111,20113,20109,5,-5
2024-04-24 15:14:00.304,20111,20113,20108,1,-1
2024-04-24 15:14:00.304,20111,20113,20108,1,-1
2024-04-24 15:14:00.535,20108,20109,20109,1,1
2024-04-24 15:14:00.620,20108,20109,20108,3,-3
2024-04-24 15:14:00.626,20108,20109,20108,1,-1
2024-04-24 15:14:00.635,20108,20109,20107,1,-1
2024-04-24 15:14:00.637,20108,20109,20107,1,-1
2024-04-24 15:14:00.828,20106,20107,20106,1,-1
2024-04-24 15:14:01.058,20106,20107,20107,1,1
2024-04-24 15:14:01.168,20106,20107,20107,2,2
2024-04-24 15:14:01.235,20106,20107,20108,1,1
2024-04-24 15:14:01.245,20106,20108,20108,1,1
2024-04-24 15:14:01.269,20106,20108,20108,1,1
2024-04-24 15:14:05.536,20108,20109,20108,1,-1
2024-04-24 15:14:06.242,20107,20108,20108,2,2
2024-04-24 15:14:07.679,20107,20108,20107,1,-1
2024-04-24 15:14:07.679,20107,20108,20107,1,-1
2024-04-24 15:14:08.501,20106,20107,20107,1,1
2024-04-24 15:14:09.110,20106,20107,20107,1,1
2024-04-24 15:14:09.550,20106,20107,20107,2,2
2024-04-24 15:14:11.619,20106,20107,20107,1,1
2024-04-24 15:14:12.610,20106,20107,20107,1,1
2024-04-24 15:14:12.849,20106,20108,20106,1,-1
2024-04-24 15:14:13.290,20106,20108,20106,1,-1
2024-04-24 15:14:15.309,20106,20108,20106,1,-1
2024-04-24 15:14:16.387,20106,20108,20106,1,-1
2024-04-24 15:14:19.550,20106,20107,20107,2,2
2024-04-24 15:14:19.877,20106,20108,20106,4,-4
2024-04-24 15:14:19.877,20106,20108,20106,1,-1
2024-04-24 15:14:22.605,20105,20106,20105,1,-1
2024-04-24 15:14:22.712,20105,20106,20106,1,1
2024-04-24 15:14:24.864,20105,20106,20105,1,-1
2024-04-24 15:14:24.875,20105,20106,20105,3,-3
2024-04-24 15:14:26.561,20104,20105,20104,1,-1
2024-04-24 15:14:27.535,20104,20105,20104,1,-1
2024-04-24 15:14:27.535,20104,20105,20104,1,-1
2024-04-24 15:14:27.535,20104,20105,20104,1,-1
2024-04-24 15:14:27.535,20104,20105,20104,1,-1
2024-04-24 15:14:27.535,20104,20105,20104,1,-1
2024-04-24 15:14:27.535,20104,20105,20104,1,-1
2024-04-24 15:14:30.031,20103,20104,20103,1,-1
2024-04-24 15:14:31.674,20103,20104,20103,1,-1
2024-04-24 15:14:32.343,20103,20104,20103,1,-1
2024-04-24 15:14:33.860,20103,20104,20103,3,-3
2024-04-24 15:14:33.861,20103,20104,20103,1,-1
2024-04-24 15:14:34.577,20102,20103,20102,1,-1
2024-04-24 15:14:34.687,20102,20103,20102,5,-5
2024-04-24 15:14:34.687,20102,20103,20103,1,1
2024-04-24 15:14:37.014,20102,20103,20102,1,-1
2024-04-24 15:14:37.845,20102,20103,20102,1,-1
2024-04-24 15:14:38.876,20102,20103,20102,5,-5
2024-04-24 15:14:39.182,20101,20102,20101,2,-2
2024-04-24 15:14:41.660,20101,20102,20101,1,-1
2024-04-24 15:14:42.218,20101,20102,20101,1,-1
2024-04-24 15:14:42.223,20101,20102,20101,1,-1
2024-04-24 15:14:43.618,20101,20102,20102,3,3
2024-04-24 15:14:43.618,20101,20102,20101,1,-1
2024-04-24 15:14:44.618,20102,20103,20103,9,9
2024-04-24 15:14:44.660,20102,20103,20104,3,3
2024-04-24 15:14:44.660,20102,20103,20104,6,6
2024-04-24 15:14:45.221,20104,20105,20105,1,1
2024-04-24 15:14:45.221,20104,20105,20105,1,1
2024-04-24 15:14:45.221,20104,20105,20105,1,1
2024-04-24 15:14:46.052,20104,20106,20104,1,-1
2024-04-24 15:14:46.443,20104,20106,20106,1,1
2024-04-24 15:14:48.228,20104,20106,20104,10,-10
2024-04-24 15:14:50.433,20103,20105,20105,1,1
2024-04-24 15:14:50.515,20103,20105,20105,1,1
2024-04-24 15:14:53.651,20103,20105,20103,1,-1
2024-04-24 15:14:54.951,20104,20105,20104,1,-1
2024-04-24 15:14:59.455,20103,20104,20104,1,1
2024-04-24 15:14:59.455,20103,20104,20104,1,1
2024-04-24 15:15:00.129,20103,20105,20105,2,2
2024-04-24 15:15:00.139,20103,20105,20105,7,7
2024-04-24 15:15:00.559,20104,20106,20104,1,-1
2024-04-24 15:15:00.565,20104,20106,20104,1,-1
2024-04-24 15:15:00.726,20104,20106,20103,2,-2
2024-04-24 15:15:00.726,20104,20106,20104,1,-1
2024-04-24 15:15:00.751,20103,20105,20103,1,-1
2024-04-24 15:15:00.939,20103,20104,20103,1,-1
2024-04-24 15:15:01.033,20103,20104,20104,1,1
2024-04-24 15:15:01.385,20103,20104,20103,2,-2
2024-04-24 15:15:01.467,20103,20104,20103,1,-1
2024-04-24 15:15:01.492,20103,20104,20103,1,-1
2024-04-24 15:15:01.866,20103,20104,20103,4,-4
2024-04-24 15:15:01.866,20103,20104,20103,1,-1
2024-04-24 15:15:03.500,20102,20104,20103,1,-1
2024-04-24 15:15:06.134,20102,20104,20104,1,1
2024-04-24 15:15:07.115,20102,20104,20102,1,-1
2024-04-24 15:15:07.122,20102,20104,20102,1,-1
2024-04-24 15:15:07.947,20102,20104,20104,1,1
2024-04-24 15:15:08.629,20102,20104,20104,9,9
2024-04-24 15:15:08.631,20102,20104,20105,3,3
2024-04-24 15:15:09.561,20104,20106,20106,3,3
2024-04-24 15:15:12.126,20105,20106,20105,1,-1
2024-04-24 15:15:13.752,20104,20106,20106,1,1
2024-04-24 15:15:13.753,20104,20106,20106,1,1
2024-04-24 15:15:15.142,20105,20107,20105,5,-5
2024-04-24 15:15:15.508,20106,20107,20106,1,-1
2024-04-24 15:15:19.028,20105,20107,20106,1,-1
2024-04-24 15:15:19.121,20105,20107,20105,1,-1
2024-04-24 15:15:19.987,20105,20107,20106,1,-1
2024-04-24 15:15:24.865,20105,20106,20106,1,1
2024-04-24 15:15:24.872,20105,20106,20105,1,-1
2024-04-24 15:15:25.853,20105,20106,20106,4,4
2024-04-24 15:15:25.854,20105,20106,20106,5,5
2024-04-24 15:15:25.856,20105,20106,20107,1,1
2024-04-24 15:15:25.856,20105,20106,20107,1,1
2024-04-24 15:15:37.183,20106,20107,20110,14,14
2024-04-24 15:15:37.183,20106,20107,20109,25,25
2024-04-24 15:15:37.183,20106,20107,20107,7,7
2024-04-24 15:15:37.183,20106,20107,20108,14,14
2024-04-24 15:15:37.186,20106,20107,20110,1,1
2024-04-24 15:15:37.187,20106,20107,20110,2,2
2024-04-24 15:15:37.187,20106,20107,20110,1,1
2024-04-24 15:15:37.188,20106,20107,20111,2,2
2024-04-24 15:15:37.190,20106,20107,20112,3,3
2024-04-24 15:15:37.193,20106,20107,20113,3,3
2024-04-24 15:15:37.195,20106,20107,20114,3,3
2024-04-24 15:15:37.195,20106,20107,20114,1,1
2024-04-24 15:15:37.198,20106,20107,20113,3,3
2024-04-24 15:15:37.198,20106,20107,20113,1,1
2024-04-24 15:15:37.199,20106,20107,20113,1,1
2024-04-24 15:15:37.199,20106,20107,20114,2,2
2024-04-24 15:15:37.491,20111,20113,20111,1,-1
2024-04-24 15:15:40.318,20111,20112,20111,1,-1
2024-04-24 15:15:40.373,20110,20111,20110,1,-1
2024-04-24 15:15:40.676,20109,20111,20111,1,1
2024-04-24 15:15:41.762,20111,20113,20113,1,1
2024-04-24 15:15:42.187,20110,20112,20112,3,3
2024-04-24 15:15:42.188,20110,20112,20113,2,2
2024-04-24 15:15:42.188,20110,20112,20112,1,1
2024-04-24 15:15:42.188,20110,20112,20113,3,3
2024-04-24 15:15:42.189,20110,20112,20113,1,1
2024-04-24 15:15:44.477,20110,20112,20112,1,1
2024-04-24 15:15:44.639,20111,20113,20113,2,2
2024-04-24 15:15:44.640,20111,20113,20113,1,1
2024-04-24 15:15:44.640,20111,20113,20113,1,1
2024-04-24 15:15:45.285,20111,20113,20113,1,1
2024-04-24 15:15:45.371,20111,20113,20111,1,-1
2024-04-24 15:15:45.372,20111,20113,20111,1,-1
2024-04-24 15:15:45.373,20111,20113,20111,1,-1
2024-04-24 15:15:51.541,20114,20115,20115,1,1
2024-04-24 15:15:51.542,20114,20115,20115,1,1
2024-04-24 15:15:51.542,20114,20115,20115,1,1
2024-04-24 15:15:51.542,20114,20115,20115,1,1
2024-04-24 15:15:51.632,20115,20116,20116,5,5
2024-04-24 15:15:51.834,20115,20116,20116,1,1
2024-04-24 15:15:51.850,20115,20116,20116,1,1
2024-04-24 15:15:52.645,20116,20117,20117,2,2
2024-04-24 15:15:52.648,20116,20117,20118,1,1
2024-04-24 15:15:52.687,20116,20117,20118,1,1
2024-04-24 15:15:52.786,20118,20119,20119,1,1
2024-04-24 15:15:52.787,20118,20119,20119,1,1
2024-04-24 15:15:52.905,20118,20119,20119,3,3
2024-04-24 15:15:52.906,20118,20119,20120,1,1
2024-04-24 15:15:52.938,20118,20119,20119,6,6
2024-04-24 15:15:52.978,20118,20119,20120,6,6
2024-04-24 15:15:53.004,20119,20120,20119,1,-1
2024-04-24 15:15:53.035,20119,20120,20120,2,2
2024-04-24 15:15:53.035,20119,20120,20120,1,1
2024-04-24 15:15:53.036,20119,20120,20120,3,3
2024-04-24 15:15:53.036,20119,20120,20120,1,1
2024-04-24 15:15:53.036,20119,20120,20120,1,1
2024-04-24 15:15:53.036,20119,20120,20120,4,4
2024-04-24 15:15:53.045,20119,20120,20122,1,1
2024-04-24 15:15:53.045,20119,20120,20122,1,1
2024-04-24 15:15:53.046,20119,20120,20122,4,4
2024-04-24 15:15:53.047,20119,20120,20122,1,1
2024-04-24 15:15:53.047,20119,20120,20122,4,4
2024-04-24 15:15:53.047,20119,20120,20123,1,1
2024-04-24 15:15:53.049,20119,20120,20121,3,3
2024-04-24 15:15:53.130,20120,20121,20121,1,1
2024-04-24 15:15:53.130,20120,20121,20122,1,1
2024-04-24 15:15:53.167,20120,20121,20122,1,1
2024-04-24 15:15:53.344,20121,20122,20122,1,1
2024-04-24 15:15:53.443,20121,20122,20121,1,-1
2024-04-24 15:15:54.019,20120,20122,20122,1,1
2024-04-24 15:15:54.559,20120,20122,20122,1,1
2024-04-24 15:15:55.534,20119,20121,20121,1,1
2024-04-24 15:15:55.625,20119,20121,20121,1,1
2024-04-24 15:15:55.631,20119,20121,20119,1,-1
2024-04-24 15:15:55.805,20119,20121,20119,1,-1
2024-04-24 15:15:59.001,20118,20119,20119,1,1
2024-04-24 15:15:59.385,20118,20119,20118,2,-2
2024-04-24 15:15:59.811,20118,20119,20118,2,-2
2024-04-24 15:16:00.383,20115,20117,20117,3,3
2024-04-24 15:16:00.397,20115,20117,20118,1,1
2024-04-24 15:16:00.688,20115,20117,20117,1,1
2024-04-24 15:16:01.816,20115,20118,20116,3,-3
2024-04-24 15:16:01.872,20115,20117,20117,1,1
2024-04-24 15:16:02.154,20114,20116,20116,3,3
2024-04-24 15:16:02.264,20114,20116,20116,2,2
2024-04-24 15:16:03.470,20115,20117,20115,5,-5
2024-04-24 15:16:04.078,20115,20116,20116,1,1
2024-04-24 15:16:04.812,20115,20116,20115,5,-5
2024-04-24 15:16:04.812,20115,20116,20115,1,-1
2024-04-24 15:16:06.414,20113,20115,20115,1,1
2024-04-24 15:16:06.557,20113,20115,20115,5,5
2024-04-24 15:16:06.952,20114,20116,20114,1,-1
2024-04-24 15:16:07.544,20114,20116,20114,3,-3
2024-04-24 15:16:07.545,20114,20116,20114,2,-2
2024-04-24 15:16:07.621,20114,20116,20116,1,1
2024-04-24 15:16:07.622,20114,20116,20116,1,1
2024-04-24 15:16:07.622,20114,20116,20116,1,1
2024-04-24 15:16:07.622,20114,20116,20116,3,3
2024-04-24 15:16:08.955,20115,20116,20115,5,-5
2024-04-24 15:16:10.439,20115,20116,20116,1,1
2024-04-24 15:16:11.854,20115,20116,20115,1,-1
2024-04-24 15:16:11.874,20113,20115,20115,1,1
2024-04-24 15:16:13.082,20113,20115,20113,3,-3
2024-04-24 15:16:14.954,20113,20114,20113,4,-4
2024-04-24 15:16:16.250,20112,20113,20113,2,2
2024-04-24 15:16:18.007,20113,20115,20115,2,2
2024-04-24 15:16:20.221,20113,20115,20115,1,1
2024-04-24 15:16:22.192,20113,20114,20113,3,-3
2024-04-24 15:16:22.993,20112,20113,20113,3,3
2024-04-24 15:16:22.995,20112,20113,20113,2,2
2024-04-24 15:16:23.085,20112,20113,20114,2,2
2024-04-24 15:16:30.133,20112,20113,20112,1,-1
2024-04-24 15:16:30.602,20111,20112,20112,1,1
2024-04-24 15:16:33.754,20111,20112,20112,1,1
2024-04-24 15:16:33.825,20111,20112,20112,1,1
2024-04-24 15:16:34.945,20112,20113,20112,1,-1
2024-04-24 15:16:35.135,20112,20113,20112,1,-1
2024-04-24 15:16:38.002,20112,20113,20113,1,1
2024-04-24 15:16:42.669,20112,20113,20112,1,-1
2024-04-24 15:16:43.114,20112,20113,20113,1,1
2024-04-24 15:16:43.462,20112,20113,20113,6,6
2024-04-24 15:16:45.227,20113,20115,20115,1,1
2024-04-24 15:16:48.571,20113,20114,20113,1,-1
2024-04-24 15:16:48.794,20113,20114,20113,1,-1
2024-04-24 15:16:49.101,20112,20114,20114,1,1
2024-04-24 15:16:56.472,20113,20114,20113,5,-5
2024-04-24 15:16:58.606,20113,20114,20114,1,1
2024-04-24 15:16:59.959,20113,20114,20113,2,-2
2024-04-24 15:16:59.984,20113,20114,20112,11,-11
2024-04-24 15:17:00.019,20111,20112,20111,3,-3
2024-04-24 15:17:00.019,20111,20112,20111,4,-4
2024-04-24 15:17:00.019,20111,20112,20111,1,-1
2024-04-24 15:17:00.019,20111,20112,20111,1,-1
2024-04-24 15:17:00.766,20110,20111,20110,1,-1
2024-04-24 15:17:01.054,20110,20111,20110,2,-2
2024-04-24 15:17:01.280,20109,20110,20109,1,-1
2024-04-24 15:17:01.280,20109,20110,20109,1,-1
2024-04-24 15:17:01.563,20108,20109,20108,1,-1
2024-04-24 15:17:01.563,20108,20109,20108,1,-1
2024-04-24 15:17:01.563,20108,20109,20108,1,-1
2024-04-24 15:17:01.563,20108,20109,20108,1,-1
2024-04-24 15:17:01.563,20108,20109,20108,2,-2
2024-04-24 15:17:02.948,20107,20109,20107,2,-2
2024-04-24 15:17:06.092,20106,20108,20108,1,1
2024-04-24 15:17:08.973,20107,20108,20107,1,-1
2024-04-24 15:17:09.015,20107,20108,20107,1,-1
2024-04-24 15:17:09.015,20107,20108,20107,2,-2
2024-04-24 15:17:11.954,20107,20109,20109,1,1
2024-04-24 15:17:11.981,20107,20109,20109,1,1
2024-04-24 15:17:14.221,20108,20110,20110,1,1
2024-04-24 15:17:14.221,20108,20110,20110,1,1
2024-04-24 15:17:14.221,20108,20110,20110,1,1
2024-04-24 15:17:14.982,20109,20110,20110,1,1
2024-04-24 15:17:15.093,20110,20111,20111,1,1
2024-04-24 15:17:15.352,20110,20112,20110,2,-2
2024-04-24 15:17:16.178,20110,20112,20110,3,-3
2024-04-24 15:17:18.561,20109,20112,20109,2,-2
2024-04-24 15:17:22.117,20109,20110,20109,1,-1
2024-04-24 15:17:22.117,20109,20110,20109,1,-1
2024-04-24 15:17:22.117,20109,20110,20109,1,-1
2024-04-24 15:17:22.117,20109,20110,20109,1,-1
2024-04-24 15:17:22.996,20108,20109,20108,1,-1
2024-04-24 15:17:22.996,20108,20109,20107,4,-4
2024-04-24 15:17:26.500,20108,20109,20108,1,-1
2024-04-24 15:17:27.562,20108,20109,20109,1,1
2024-04-24 15:17:27.789,20109,20110,20110,2,2
2024-04-24 15:17:29.673,20109,20111,20109,3,-3
2024-04-24 15:17:30.830,20110,20111,20110,1,-1
2024-04-24 15:17:32.041,20110,20111,20110,1,-1
2024-04-24 15:17:35.720,20110,20111,20111,1,1
2024-04-24 15:17:35.816,20110,20112,20110,1,-1
2024-04-24 15:17:40.235,20110,20111,20110,8,-8
2024-04-24 15:17:51.789,20109,20110,20109,1,-1
2024-04-24 15:17:52.894,20108,20109,20108,1,-1
2024-04-24 15:17:52.895,20108,20109,20108,2,-2
2024-04-24 15:17:52.895,20108,20109,20108,2,-2
2024-04-24 15:17:52.895,20108,20109,20108,1,-1
2024-04-24 15:17:56.841,20107,20108,20108,2,2
2024-04-24 15:18:00.212,20108,20109,20108,2,-2
2024-04-24 15:18:00.268,20108,20109,20108,1,-1
2024-04-24 15:18:00.960,20108,20109,20109,1,1
2024-04-24 15:18:02.083,20109,20110,20110,1,1
2024-04-24 15:18:02.083,20109,20110,20110,1,1
2024-04-24 15:18:02.084,20109,20110,20110,2,2
2024-04-24 15:18:02.084,20109,20110,20110,5,5
2024-04-24 15:18:02.131,20110,20111,20110,1,-1
2024-04-24 15:18:03.742,20110,20111,20111,2,2
2024-04-24 15:18:05.479,20110,20112,20112,1,1
2024-04-24 15:18:10.049,20111,20112,20112,1,1
2024-04-24 15:18:10.050,20111,20112,20112,1,1
2024-04-24 15:18:10.050,20111,20112,20112,1,1
2024-04-24 15:18:13.273,20112,20113,20113,1,1
2024-04-24 15:18:16.105,20112,20113,20113,1,1
2024-04-24 15:18:17.063,20112,20114,20114,1,1
2024-04-24 15:18:17.433,20112,20114,20112,1,-1
2024-04-24 15:18:23.658,20112,20114,20113,2,-2
2024-04-24 15:18:26.727,20112,20113,20112,3,-3
2024-04-24 15:18:26.727,20112,20113,20112,3,-3
2024-04-24 15:18:27.359,20111,20112,20111,3,-3
2024-04-24 15:18:28.225,20110,20112,20112,2,2
2024-04-24 15:18:30.916,20111,20112,20112,1,1
2024-04-24 15:18:33.587,20111,20112,20112,4,4
2024-04-24 15:18:33.588,20111,20112,20112,2,2
2024-04-24 15:18:33.588,20111,20112,20112,1,1
2024-04-24 15:18:38.922,20112,20113,20112,1,-1
2024-04-24 15:18:41.462,20112,20114,20112,1,-1
2024-04-24 15:18:46.736,20112,20114,20114,1,1
2024-04-24 15:18:50.848,20112,20114,20114,1,1
2024-04-24 15:18:56.785,20112,20114,20114,1,1
2024-04-24 15:18:58.671,20112,20114,20112,1,-1
2024-04-24 15:19:00.217,20112,20114,20112,1,-1
2024-04-24 15:19:00.536,20112,20113,20113,1,1
2024-04-24 15:19:00.676,20112,20114,20112,1,-1
2024-04-24 15:19:02.265,20112,20114,20112,6,-6
2024-04-24 15:19:02.766,20112,20113,20112,1,-1
2024-04-24 15:19:03.978,20111,20112,20111,2,-2
2024-04-24 15:19:05.523,20110,20111,20110,1,-1
2024-04-24 15:19:07.989,20110,20111,20111,1,1
2024-04-24 15:19:07.989,20110,20111,20111,1,1
2024-04-24 15:19:07.989,20110,20111,20111,2,2
2024-04-24 15:19:08.181,20111,20112,20112,2,2
2024-04-24 15:19:08.182,20111,20112,20112,5,5
2024-04-24 15:19:09.117,20112,20114,20114,2,2
2024-04-24 15:19:11.689,20112,20113,20112,3,-3
2024-04-24 15:19:19.052,20112,20114,20112,1,-1
2024-04-24 15:19:19.101,20112,20114,20112,5,-5
2024-04-24 15:19:19.262,20111,20112,20112,1,1
2024-04-24 15:19:23.604,20111,20112,20112,1,1
2024-04-24 15:19:23.604,20111,20112,20112,1,1
2024-04-24 15:19:27.345,20112,20113,20113,1,1
2024-04-24 15:19:29.557,20112,20113,20113,1,1
2024-04-24 15:19:36.450,20113,20114,20113,5,-5
2024-04-24 15:19:39.465,20113,20114,20113,1,-1
2024-04-24 15:19:40.813,20112,20114,20114,1,1
2024-04-24 15:19:42.756,20112,20114,20113,1,1
2024-04-24 15:19:48.700,20112,20114,20114,1,1
2024-04-24 15:19:49.655,20112,20114,20114,5,5
2024-04-24 15:19:54.011,20113,20115,20113,2,-2
2024-04-24 15:19:58.101,20112,20113,20113,2,2
2024-04-24 15:20:04.604,20112,20113,20113,5,5
2024-04-24 15:20:04.737,20112,20113,20112,7,-7
2024-04-24 15:20:04.742,20112,20113,20112,3,-3
2024-04-24 15:20:04.851,20112,20113,20112,1,-1
2024-04-24 15:20:04.851,20112,20113,20111,1,-1
2024-04-24 15:20:04.926,20111,20113,20113,1,1
2024-04-24 15:20:04.970,20111,20113,20111,1,-1
2024-04-24 15:20:05.098,20111,20113,20113,1,1
2024-04-24 15:20:06.075,20111,20113,20113,1,1
2024-04-24 15:20:12.295,20111,20112,20111,1,-1
2024-04-24 15:20:12.295,20111,20112,20110,9,-9
2024-04-24 15:20:13.950,20110,20112,20110,1,-1
2024-04-24 15:20:16.813,20110,20111,20111,1,1
2024-04-24 15:20:21.204,20110,20112,20110,15,-15
2024-04-24 15:20:22.645,20109,20110,20110,1,1
2024-04-24 15:20:24.742,20109,20110,20109,1,-1
2024-04-24 15:20:26.028,20109,20110,20110,1,1
2024-04-24 15:20:26.028,20109,20110,20110,2,2
2024-04-24 15:20:32.188,20110,20111,20111,1,1
2024-04-24 15:20:32.189,20110,20111,20111,3,3
2024-04-24 15:20:32.318,20111,20112,20111,1,-1
2024-04-24 15:20:32.644,20110,20112,20110,1,-1
2024-04-24 15:20:37.094,20110,20112,20110,1,-1
2024-04-24 15:20:39.952,20110,20111,20110,1,-1
