2020-12-17 15:00:00.051,14175,14176,14176,85
2020-12-17 15:00:00.052,14175,14176,14175,11
2020-12-17 15:00:00.246,14174,14175,14175,1
2020-12-17 15:00:00.262,14174,14175,14174,2
2020-12-17 15:00:00.262,14174,14175,14174,3
2020-12-17 15:00:00.262,14174,14175,14173,5
2020-12-17 15:00:00.262,14174,14175,14172,9
2020-12-17 15:00:00.262,14174,14175,14171,13
2020-12-17 15:00:00.280,14174,14175,14171,6
2020-12-17 15:00:00.280,14174,14175,14170,9
2020-12-17 15:00:00.280,14174,14175,14170,1
2020-12-17 15:00:00.294,14174,14175,14170,1
2020-12-17 15:00:00.301,14174,14175,14169,1
2020-12-17 15:00:00.306,14174,14175,14170,1
2020-12-17 15:00:00.315,14174,14175,14170,1
2020-12-17 15:00:00.330,14174,14175,14170,2
2020-12-17 15:00:00.330,14174,14175,14169,1
2020-12-17 15:00:00.331,14174,14175,14169,1
2020-12-17 15:00:00.337,14169,14175,14169,2
2020-12-17 15:00:00.383,14169,14175,14169,1
2020-12-17 15:00:00.394,14169,14175,14169,1
2020-12-17 15:00:00.394,14169,14175,14168,1
2020-12-17 15:00:00.400,14169,14175,14169,1
2020-12-17 15:00:00.439,14169,14175,14170,3
2020-12-17 15:00:00.450,14169,14175,14169,1
2020-12-17 15:00:00.451,14169,14175,14169,1
2020-12-17 15:00:00.459,14169,14175,14169,1
2020-12-17 15:00:00.507,14168,14175,14168,1
2020-12-17 15:00:00.519,14168,14175,14169,1
2020-12-17 15:00:00.532,14168,14175,14171,1
2020-12-17 15:00:00.564,14168,14175,14174,1
2020-12-17 15:00:00.564,14168,14175,14175,1
2020-12-17 15:00:00.565,14168,14175,14175,2
2020-12-17 15:00:00.574,14168,14175,14171,1
2020-12-17 15:00:00.575,14168,14175,14170,1
2020-12-17 15:00:00.580,14168,14175,14170,1
2020-12-17 15:00:00.585,14168,14175,14170,2
2020-12-17 15:00:00.588,14169,14174,14169,3
2020-12-17 15:00:00.590,14169,14174,14169,1
2020-12-17 15:00:00.601,14169,14174,14169,3
2020-12-17 15:00:00.607,14169,14174,14169,1
2020-12-17 15:00:00.621,14169,14174,14169,1
2020-12-17 15:00:00.657,14169,14174,14169,1
2020-12-17 15:00:00.665,14169,14174,14169,1
2020-12-17 15:00:00.667,14169,14174,14169,1
2020-12-17 15:00:00.682,14169,14174,14169,1
2020-12-17 15:00:00.704,14169,14174,14169,1
2020-12-17 15:00:00.708,14169,14174,14172,1
2020-12-17 15:00:00.714,14170,14173,14170,1
2020-12-17 15:00:00.720,14170,14173,14169,2
2020-12-17 15:00:00.728,14170,14173,14169,2
2020-12-17 15:00:00.730,14170,14173,14169,1
2020-12-17 15:00:00.734,14170,14173,14169,1
2020-12-17 15:00:00.770,14170,14173,14169,1
2020-12-17 15:00:00.794,14170,14173,14169,1
2020-12-17 15:00:00.794,14170,14173,14168,2
2020-12-17 15:00:00.796,14170,14173,14169,1
2020-12-17 15:00:00.810,14170,14173,14169,1
2020-12-17 15:00:00.816,14170,14173,14169,1
2020-12-17 15:00:00.879,14169,14172,14169,1
2020-12-17 15:00:00.897,14169,14172,14172,1
2020-12-17 15:00:00.897,14169,14172,14173,2
2020-12-17 15:00:00.930,14169,14172,14172,1
2020-12-17 15:00:00.932,14169,14172,14170,1
2020-12-17 15:00:00.937,14169,14172,14173,1
2020-12-17 15:00:00.951,14169,14172,14171,1
2020-12-17 15:00:00.962,14170,14173,14170,1
2020-12-17 15:00:00.965,14170,14173,14170,1
2020-12-17 15:00:00.987,14170,14173,14170,1
2020-12-17 15:00:00.989,14170,14173,14169,1
2020-12-17 15:00:00.991,14170,14173,14172,1
2020-12-17 15:00:00.991,14170,14173,14173,1
2020-12-17 15:00:00.992,14170,14173,14169,1
2020-12-17 15:00:01.006,14170,14173,14173,1
2020-12-17 15:00:01.082,14170,14173,14171,1
2020-12-17 15:00:01.082,14170,14173,14170,1
2020-12-17 15:00:01.087,14169,14172,14172,1
2020-12-17 15:00:01.160,14169,14172,14173,1
2020-12-17 15:00:01.165,14169,14172,14173,1
2020-12-17 15:00:01.174,14169,14172,14170,1
2020-12-17 15:00:01.174,14169,14172,14169,2
2020-12-17 15:00:01.179,14169,14172,14173,1
2020-12-17 15:00:01.212,14170,14173,14173,3
2020-12-17 15:00:01.221,14170,14173,14174,1
2020-12-17 15:00:01.227,14170,14173,14171,1
2020-12-17 15:00:01.337,14172,14174,14174,1
2020-12-17 15:00:01.402,14172,14174,14175,1
2020-12-17 15:00:01.527,14172,14175,14172,1
2020-12-17 15:00:01.632,14171,14174,14174,1
2020-12-17 15:00:02.064,14172,14175,14172,1
2020-12-17 15:00:02.308,14171,14175,14174,1
2020-12-17 15:00:02.417,14172,14175,14174,1
2020-12-17 15:00:02.462,14172,14175,14172,1
2020-12-17 15:00:02.759,14173,14175,14175,1
2020-12-17 15:00:02.880,14173,14175,14173,1
2020-12-17 15:00:02.895,14173,14175,14174,1
2020-12-17 15:00:02.992,14171,14175,14175,1
2020-12-17 15:00:03.302,14172,14175,14173,1
2020-12-17 15:00:03.853,14172,14175,14172,1
2020-12-17 15:00:03.952,14172,14175,14173,1
2020-12-17 15:00:04.092,14171,14173,14173,1
2020-12-17 15:00:04.793,14172,14173,14173,1
2020-12-17 15:00:06.337,14173,14174,14174,1
2020-12-17 15:00:06.922,14173,14175,14175,1
2020-12-17 15:00:06.939,14173,14175,14175,1
2020-12-17 15:00:06.983,14173,14175,14175,1
2020-12-17 15:00:06.997,14173,14175,14175,1
2020-12-17 15:00:07.014,14173,14175,14175,1
2020-12-17 15:00:07.088,14173,14175,14175,1
2020-12-17 15:00:07.089,14173,14175,14175,1
2020-12-17 15:00:07.096,14173,14175,14174,1
2020-12-17 15:00:07.096,14173,14175,14175,2
2020-12-17 15:00:07.592,14173,14174,14174,1
2020-12-17 15:00:07.768,14173,14175,14174,1
2020-12-17 15:00:08.823,14173,14175,14173,6
2020-12-17 15:00:08.860,14173,14175,14173,1
2020-12-17 15:00:09.187,14173,14175,14175,1
2020-12-17 15:00:09.285,14173,14175,14174,1
2020-12-17 15:00:09.577,14173,14175,14175,1
2020-12-17 15:00:09.578,14173,14175,14173,3
2020-12-17 15:00:09.977,14172,14174,14174,1
2020-12-17 15:00:10.651,14172,14174,14173,1
2020-12-17 15:00:11.194,14172,14174,14173,1
2020-12-17 15:00:11.715,14172,14173,14173,1
2020-12-17 15:00:11.890,14172,14174,14174,1
2020-12-17 15:00:12.962,14173,14174,14174,5
2020-12-17 15:00:13.212,14173,14174,14174,1
2020-12-17 15:00:13.981,14173,14175,14175,1
2020-12-17 15:00:14.358,14173,14175,14174,1
2020-12-17 15:00:15.213,14173,14175,14175,1
2020-12-17 15:00:15.737,14173,14175,14173,1
2020-12-17 15:00:16.459,14174,14175,14175,1
2020-12-17 15:00:17.033,14174,14175,14174,1
2020-12-17 15:00:17.090,14173,14175,14175,1
2020-12-17 15:00:17.760,14174,14175,14175,6
2020-12-17 15:00:17.760,14174,14175,14176,5
2020-12-17 15:00:18.052,14174,14176,14174,2
2020-12-17 15:00:18.052,14174,14176,14173,9
2020-12-17 15:00:18.052,14174,14176,14173,1
2020-12-17 15:00:18.052,14174,14176,14173,3
2020-12-17 15:00:18.052,14174,14176,14173,5
2020-12-17 15:00:18.657,14174,14175,14175,1
2020-12-17 15:00:19.420,14174,14175,14174,1
2020-12-17 15:00:20.109,14173,14175,14175,2
2020-12-17 15:00:20.983,14173,14175,14174,1
2020-12-17 15:00:22.127,14173,14175,14175,2
2020-12-17 15:00:23.842,14173,14174,14174,1
2020-12-17 15:00:24.087,14173,14174,14174,1
2020-12-17 15:00:24.837,14173,14174,14174,1
2020-12-17 15:00:27.243,14174,14175,14175,1
2020-12-17 15:00:28.378,14174,14175,14175,3
2020-12-17 15:00:28.464,14174,14175,14175,1
2020-12-17 15:00:30.889,14174,14175,14175,1
2020-12-17 15:00:31.030,14174,14175,14175,1
2020-12-17 15:00:31.039,14174,14175,14175,1
2020-12-17 15:00:31.087,14174,14175,14175,9
2020-12-17 15:00:31.675,14175,14176,14175,1
2020-12-17 15:00:32.027,14175,14176,14176,2
2020-12-17 15:00:32.545,14175,14176,14175,4
2020-12-17 15:00:32.548,14175,14176,14175,5
2020-12-17 15:00:32.548,14175,14176,14175,4
2020-12-17 15:00:32.548,14175,14176,14175,33
2020-12-17 15:00:32.548,14175,14176,14175,4
2020-12-17 15:00:32.548,14175,14176,14175,4
2020-12-17 15:00:32.549,14175,14176,14175,2
2020-12-17 15:00:32.549,14175,14176,14175,6
2020-12-17 15:00:32.549,14175,14176,14175,1
2020-12-17 15:00:32.549,14175,14176,14175,1
2020-12-17 15:00:32.549,14175,14176,14175,1
2020-12-17 15:00:32.549,14175,14176,14175,1
2020-12-17 15:00:32.549,14175,14176,14175,1
2020-12-17 15:00:32.587,14175,14176,14176,3
2020-12-17 15:00:32.712,14175,14177,14177,22
2020-12-17 15:00:32.837,14177,14178,14178,1
2020-12-17 15:00:33.116,14177,14178,14177,2
2020-12-17 15:00:36.297,14177,14178,14177,3
2020-12-17 15:00:36.501,14177,14178,14178,2
2020-12-17 15:00:36.732,14177,14178,14177,1
2020-12-17 15:00:36.962,14177,14178,14177,1
2020-12-17 15:00:37.034,14177,14178,14177,1
2020-12-17 15:00:37.088,14176,14178,14178,1
2020-12-17 15:00:37.769,14176,14178,14176,1
2020-12-17 15:00:41.584,14176,14178,14176,9
2020-12-17 15:00:41.589,14175,14176,14176,1
2020-12-17 15:00:42.337,14176,14177,14176,1
2020-12-17 15:00:42.673,14176,14177,14176,1
2020-12-17 15:00:43.207,14175,14177,14175,1
2020-12-17 15:00:44.243,14175,14176,14176,1
2020-12-17 15:00:44.357,14175,14176,14176,1
2020-12-17 15:00:49.133,14175,14176,14175,10
2020-12-17 15:00:50.524,14174,14175,14175,1
2020-12-17 15:00:50.589,14174,14175,14175,1
2020-12-17 15:00:52.056,14174,14175,14174,2
2020-12-17 15:00:52.899,14174,14175,14175,2
2020-12-17 15:00:53.197,14174,14175,14175,3
2020-12-17 15:00:53.334,14174,14175,14174,1
2020-12-17 15:00:54.104,14174,14175,14174,4
2020-12-17 15:00:54.887,14174,14175,14175,1
2020-12-17 15:00:55.087,14174,14175,14174,5
2020-12-17 15:00:55.327,14173,14175,14174,1
2020-12-17 15:00:56.145,14173,14174,14173,3
2020-12-17 15:00:56.434,14173,14174,14173,1
2020-12-17 15:00:56.434,14173,14174,14173,11
2020-12-17 15:00:56.462,14172,14173,14172,23
2020-12-17 15:00:56.462,14172,14173,14172,1
2020-12-17 15:00:56.463,14172,14173,14172,1
2020-12-17 15:00:56.495,14172,14173,14171,2
2020-12-17 15:00:56.500,14172,14173,14171,1
2020-12-17 15:00:56.500,14172,14173,14171,7
2020-12-17 15:00:56.754,14170,14171,14171,1
2020-12-17 15:00:57.109,14171,14172,14172,1
2020-12-17 15:00:57.572,14171,14173,14173,1
2020-12-17 15:00:59.024,14171,14172,14172,1
2020-12-17 15:01:00.080,14171,14173,14171,2
2020-12-17 15:01:00.105,14171,14173,14171,2
2020-12-17 15:01:00.105,14171,14173,14171,1
2020-12-17 15:01:00.107,14171,14173,14171,1
2020-12-17 15:01:00.114,14171,14173,14171,1
2020-12-17 15:01:00.116,14171,14173,14171,1
2020-12-17 15:01:00.337,14171,14173,14173,7
2020-12-17 15:01:00.338,14171,14173,14173,1
2020-12-17 15:01:01.548,14172,14174,14172,2
2020-12-17 15:01:01.588,14172,14174,14172,1
2020-12-17 15:01:01.588,14172,14174,14172,1
2020-12-17 15:01:01.589,14172,14174,14172,1
2020-12-17 15:01:01.591,14172,14174,14171,1
2020-12-17 15:01:02.373,14171,14172,14172,3
2020-12-17 15:01:02.373,14171,14172,14172,1
2020-12-17 15:01:02.373,14171,14172,14172,1
2020-12-17 15:01:02.374,14171,14172,14172,2
2020-12-17 15:01:02.521,14171,14173,14173,1
2020-12-17 15:01:03.495,14172,14174,14174,1
2020-12-17 15:01:04.087,14172,14173,14173,1
2020-12-17 15:01:04.916,14172,14174,14172,1
2020-12-17 15:01:04.962,14172,14173,14173,1
2020-12-17 15:01:06.216,14173,14174,14173,1
2020-12-17 15:01:06.656,14172,14173,14173,1
2020-12-17 15:01:08.587,14172,14173,14172,7
2020-12-17 15:01:08.712,14172,14173,14172,2
2020-12-17 15:01:08.713,14172,14173,14171,2
2020-12-17 15:01:08.714,14172,14173,14171,2
2020-12-17 15:01:08.714,14172,14173,14171,1
2020-12-17 15:01:08.715,14172,14173,14171,1
2020-12-17 15:01:08.715,14172,14173,14171,1
2020-12-17 15:01:08.715,14172,14173,14170,1
2020-12-17 15:01:08.715,14172,14173,14170,1
2020-12-17 15:01:08.715,14172,14173,14170,1
2020-12-17 15:01:09.136,14170,14172,14170,3
2020-12-17 15:01:09.337,14171,14172,14172,1
2020-12-17 15:01:09.712,14171,14173,14173,6
2020-12-17 15:01:10.683,14172,14174,14172,2
2020-12-17 15:01:11.674,14171,14172,14171,10
2020-12-17 15:01:11.712,14171,14172,14171,7
2020-12-17 15:01:11.712,14171,14172,14171,3
2020-12-17 15:01:12.332,14170,14172,14172,1
2020-12-17 15:01:12.376,14170,14172,14170,3
2020-12-17 15:01:13.496,14171,14172,14171,1
2020-12-17 15:01:13.863,14170,14172,14171,1
2020-12-17 15:01:13.994,14170,14171,14170,1
2020-12-17 15:01:15.001,14169,14171,14169,1
2020-12-17 15:01:15.258,14169,14171,14171,1
2020-12-17 15:01:15.455,14170,14172,14170,3
2020-12-17 15:01:16.220,14170,14172,14170,1
2020-12-17 15:01:18.271,14171,14172,14171,1
2020-12-17 15:01:18.337,14171,14172,14172,7
2020-12-17 15:01:18.338,14171,14172,14171,2
2020-12-17 15:01:18.339,14171,14172,14171,1
2020-12-17 15:01:18.339,14171,14172,14171,1
2020-12-17 15:01:18.339,14171,14172,14171,3
2020-12-17 15:01:18.340,14171,14172,14171,1
2020-12-17 15:01:19.446,14171,14173,14171,1
2020-12-17 15:01:19.536,14171,14173,14171,4
2020-12-17 15:01:19.536,14171,14173,14170,4
2020-12-17 15:01:19.537,14171,14173,14170,1
2020-12-17 15:01:19.537,14171,14173,14170,1
2020-12-17 15:01:19.537,14171,14173,14170,1
2020-12-17 15:01:19.537,14171,14173,14170,9
2020-12-17 15:01:19.537,14171,14173,14171,1
2020-12-17 15:01:19.805,14170,14172,14171,1
2020-12-17 15:01:19.837,14170,14172,14172,3
2020-12-17 15:01:20.087,14170,14172,14172,2
2020-12-17 15:01:20.826,14170,14172,14171,2
2020-12-17 15:01:21.101,14170,14171,14171,1
2020-12-17 15:01:21.212,14170,14171,14171,1
2020-12-17 15:01:21.337,14170,14172,14172,2
2020-12-17 15:01:22.087,14171,14172,14172,1
2020-12-17 15:01:26.329,14171,14173,14171,1
2020-12-17 15:01:26.720,14172,14173,14172,1
2020-12-17 15:01:28.087,14171,14172,14172,14
2020-12-17 15:01:28.087,14171,14172,14172,3
2020-12-17 15:01:28.087,14171,14172,14172,1
2020-12-17 15:01:28.088,14171,14172,14172,1
2020-12-17 15:01:28.088,14171,14172,14172,5
2020-12-17 15:01:28.088,14171,14172,14172,2
2020-12-17 15:01:28.088,14171,14172,14172,1
2020-12-17 15:01:28.088,14171,14172,14172,2
2020-12-17 15:01:28.213,14171,14173,14171,2
2020-12-17 15:01:28.214,14171,14173,14171,1
2020-12-17 15:01:28.762,14171,14173,14172,2
2020-12-17 15:01:32.593,14171,14172,14172,4
2020-12-17 15:01:35.950,14171,14173,14171,4
2020-12-17 15:01:35.950,14171,14173,14170,4
2020-12-17 15:01:37.940,14171,14172,14172,1
2020-12-17 15:01:40.206,14172,14173,14172,1
2020-12-17 15:01:40.213,14172,14173,14172,1
2020-12-17 15:01:40.214,14172,14173,14172,1
2020-12-17 15:01:40.284,14172,14173,14173,1
2020-12-17 15:01:41.046,14172,14173,14172,2
2020-12-17 15:01:44.953,14172,14173,14172,1
2020-12-17 15:01:46.752,14172,14173,14172,1
2020-12-17 15:01:47.263,14171,14172,14172,1
2020-12-17 15:01:47.339,14171,14173,14171,1
2020-12-17 15:01:49.630,14171,14172,14172,1
2020-12-17 15:01:49.727,14171,14172,14172,3
2020-12-17 15:01:49.909,14172,14173,14172,2
2020-12-17 15:01:50.197,14171,14172,14171,1
2020-12-17 15:01:51.234,14170,14171,14171,1
2020-12-17 15:01:51.421,14170,14171,14171,1
2020-12-17 15:01:51.645,14170,14171,14171,1
2020-12-17 15:01:53.212,14170,14171,14170,17
2020-12-17 15:01:53.337,14169,14171,14169,7
2020-12-17 15:01:53.494,14168,14170,14170,1
2020-12-17 15:01:54.407,14168,14170,14169,5
2020-12-17 15:01:56.637,14168,14170,14168,1
2020-12-17 15:01:56.982,14168,14170,14168,3
2020-12-17 15:01:57.925,14168,14169,14169,1
2020-12-17 15:01:58.118,14168,14170,14168,1
2020-12-17 15:01:58.125,14168,14170,14168,1
2020-12-17 15:01:59.230,14168,14170,14168,1
2020-12-17 15:01:59.337,14168,14169,14168,6
2020-12-17 15:01:59.605,14168,14169,14168,2
2020-12-17 15:02:00.072,14168,14169,14168,1
2020-12-17 15:02:00.666,14168,14169,14169,1
2020-12-17 15:02:00.851,14168,14169,14169,1
2020-12-17 15:02:01.873,14168,14169,14168,5
2020-12-17 15:02:02.290,14168,14169,14169,2
2020-12-17 15:02:03.419,14169,14170,14170,1
2020-12-17 15:02:03.655,14169,14170,14169,1
2020-12-17 15:02:03.668,14169,14170,14169,1
2020-12-17 15:02:05.009,14169,14170,14170,1
2020-12-17 15:02:05.795,14169,14170,14170,1
2020-12-17 15:02:05.795,14169,14170,14170,6
2020-12-17 15:02:07.650,14170,14171,14171,3
2020-12-17 15:02:08.500,14171,14172,14171,1
2020-12-17 15:02:08.500,14171,14172,14170,8
2020-12-17 15:02:08.500,14171,14172,14170,1
2020-12-17 15:02:08.501,14171,14172,14170,10
2020-12-17 15:02:08.502,14171,14172,14170,10
2020-12-17 15:02:09.764,14169,14170,14170,1
2020-12-17 15:02:09.959,14169,14170,14170,2
2020-12-17 15:02:10.782,14169,14171,14169,1
2020-12-17 15:02:12.465,14170,14171,14170,1
2020-12-17 15:02:12.916,14169,14171,14169,11
2020-12-17 15:02:13.223,14169,14170,14170,2
2020-12-17 15:02:14.185,14169,14171,14169,1
2020-12-17 15:02:14.349,14169,14171,14169,4
2020-12-17 15:02:14.349,14169,14171,14168,2
2020-12-17 15:02:14.698,14168,14170,14170,1
2020-12-17 15:02:14.949,14168,14170,14170,1
2020-12-17 15:02:16.883,14169,14170,14169,1
2020-12-17 15:02:16.883,14169,14170,14168,4
2020-12-17 15:02:17.529,14168,14169,14169,1
2020-12-17 15:02:18.668,14168,14169,14168,1
2020-12-17 15:02:19.356,14168,14169,14169,4
2020-12-17 15:02:27.152,14169,14170,14170,1
2020-12-17 15:02:30.590,14169,14170,14169,5
2020-12-17 15:02:35.110,14169,14170,14170,1
2020-12-17 15:02:38.198,14169,14170,14169,1
2020-12-17 15:02:45.723,14169,14170,14169,1
2020-12-17 15:02:45.966,14169,14170,14169,1
2020-12-17 15:02:47.075,14169,14170,14169,3
2020-12-17 15:02:48.572,14169,14170,14170,3
2020-12-17 15:02:51.356,14169,14170,14170,1
2020-12-17 15:02:51.506,14169,14170,14169,2
2020-12-17 15:02:59.927,14169,14170,14170,1
2020-12-17 15:02:59.938,14169,14170,14170,1
2020-12-17 15:03:01.449,14169,14170,14170,1
2020-12-17 15:03:02.204,14169,14170,14170,2
2020-12-17 15:03:05.592,14170,14171,14170,2
2020-12-17 15:03:06.473,14169,14170,14170,1
2020-12-17 15:03:08.497,14169,14170,14170,1
2020-12-17 15:03:08.716,14169,14170,14170,1
2020-12-17 15:03:08.951,14169,14170,14169,4
2020-12-17 15:03:10.069,14169,14170,14170,1
2020-12-17 15:03:10.073,14169,14170,14170,1
2020-12-17 15:03:10.076,14169,14170,14170,1
2020-12-17 15:03:10.079,14169,14170,14170,1
2020-12-17 15:03:10.533,14169,14171,14170,1
2020-12-17 15:03:10.596,14169,14170,14170,1
2020-12-17 15:03:11.463,14169,14170,14170,3
2020-12-17 15:03:13.099,14169,14170,14170,1
2020-12-17 15:03:19.664,14169,14170,14170,1
2020-12-17 15:03:29.492,14169,14170,14170,1
2020-12-17 15:03:36.860,14169,14170,14170,1
2020-12-17 15:03:37.749,14169,14170,14169,3
2020-12-17 15:03:38.533,14169,14170,14169,2
2020-12-17 15:03:40.443,14169,14170,14169,1
2020-12-17 15:03:42.021,14169,14170,14169,1
2020-12-17 15:03:42.165,14169,14170,14169,1
2020-12-17 15:03:45.929,14169,14170,14169,1
2020-12-17 15:03:46.450,14169,14170,14170,1
2020-12-17 15:03:46.649,14169,14171,14169,3
2020-12-17 15:03:49.537,14169,14170,14169,1
2020-12-17 15:03:50.248,14169,14170,14169,1
2020-12-17 15:03:50.249,14169,14170,14169,1
2020-12-17 15:03:51.177,14168,14169,14169,1
2020-12-17 15:03:52.400,14168,14170,14168,1
2020-12-17 15:03:54.202,14168,14170,14168,1
2020-12-17 15:03:55.797,14168,14169,14168,4
2020-12-17 15:03:56.127,14168,14169,14169,1
2020-12-17 15:03:57.997,14169,14170,14169,2
2020-12-17 15:03:59.376,14169,14170,14169,1
2020-12-17 15:03:59.904,14169,14170,14170,3
2020-12-17 15:04:00.807,14169,14170,14169,1
2020-12-17 15:04:01.705,14169,14170,14169,1
2020-12-17 15:04:02.389,14169,14170,14169,1
2020-12-17 15:04:02.424,14169,14170,14170,10
2020-12-17 15:04:02.605,14169,14170,14170,4
2020-12-17 15:04:02.606,14169,14170,14170,11
2020-12-17 15:04:02.784,14170,14171,14170,1
2020-12-17 15:04:02.890,14169,14171,14171,1
2020-12-17 15:04:02.899,14169,14171,14169,1
2020-12-17 15:04:05.704,14170,14171,14170,1
2020-12-17 15:04:07.134,14170,14171,14171,1
2020-12-17 15:04:07.644,14170,14171,14170,1
2020-12-17 15:04:07.904,14170,14171,14171,6
2020-12-17 15:04:09.081,14170,14171,14171,2
2020-12-17 15:04:14.371,14170,14171,14171,1
2020-12-17 15:04:14.371,14170,14171,14171,1
2020-12-17 15:04:14.371,14170,14171,14171,2
2020-12-17 15:04:18.465,14171,14172,14171,1
2020-12-17 15:04:19.040,14171,14172,14172,1
2020-12-17 15:04:20.337,14171,14172,14172,1
2020-12-17 15:04:22.123,14172,14173,14172,1
2020-12-17 15:04:22.150,14172,14173,14171,6
2020-12-17 15:04:22.299,14171,14172,14171,1
2020-12-17 15:04:25.206,14171,14172,14172,1
2020-12-17 15:04:28.702,14172,14173,14172,2
2020-12-17 15:04:30.742,14171,14172,14172,2
2020-12-17 15:04:33.271,14171,14172,14172,1
2020-12-17 15:04:36.231,14171,14172,14171,1
2020-12-17 15:04:37.857,14171,14172,14172,5
2020-12-17 15:04:38.777,14171,14172,14172,1
2020-12-17 15:04:40.212,14171,14172,14172,3
2020-12-17 15:04:40.370,14172,14173,14172,1
2020-12-17 15:04:41.121,14172,14173,14172,1
2020-12-17 15:04:42.054,14172,14173,14172,1
2020-12-17 15:04:43.587,14172,14173,14173,11
2020-12-17 15:04:45.700,14173,14174,14174,1
2020-12-17 15:04:45.712,14173,14174,14174,15
2020-12-17 15:04:45.999,14174,14175,14174,7
2020-12-17 15:04:46.000,14174,14175,14174,1
2020-12-17 15:04:47.505,14173,14175,14175,4
2020-12-17 15:04:52.724,14173,14174,14174,1
2020-12-17 15:04:55.894,14173,14174,14173,1
2020-12-17 15:04:55.908,14173,14174,14173,2
2020-12-17 15:04:56.346,14173,14174,14174,4
2020-12-17 15:05:00.034,14173,14174,14173,1
2020-12-17 15:05:00.252,14173,14174,14174,4
2020-12-17 15:05:00.252,14173,14174,14174,1
2020-12-17 15:05:00.253,14173,14174,14174,3
2020-12-17 15:05:00.253,14173,14174,14174,2
2020-12-17 15:05:04.399,14174,14175,14174,3
2020-12-17 15:05:04.437,14174,14175,14174,2
2020-12-17 15:05:05.182,14173,14175,14175,1
2020-12-17 15:05:06.013,14173,14175,14175,1
2020-12-17 15:05:06.145,14173,14175,14175,1
2020-12-17 15:05:07.205,14174,14175,14175,10
2020-12-17 15:05:07.997,14174,14176,14174,1
2020-12-17 15:05:10.892,14173,14174,14174,1
2020-12-17 15:05:12.112,14173,14174,14174,1
2020-12-17 15:05:12.687,14173,14174,14174,1
2020-12-17 15:05:12.712,14173,14174,14173,4
2020-12-17 15:05:18.179,14173,14174,14173,2
2020-12-17 15:05:28.156,14173,14174,14173,3
2020-12-17 15:05:28.719,14172,14173,14173,1
2020-12-17 15:05:34.054,14172,14173,14173,2
2020-12-17 15:05:37.848,14172,14173,14172,1
2020-12-17 15:05:37.850,14172,14173,14172,3
2020-12-17 15:05:38.420,14171,14172,14172,1
2020-12-17 15:05:38.689,14171,14172,14171,1
2020-12-17 15:05:39.614,14171,14172,14171,1
2020-12-17 15:05:42.436,14171,14172,14172,1
2020-12-17 15:05:48.629,14171,14172,14172,1
2020-12-17 15:05:55.257,14171,14172,14172,2
2020-12-17 15:05:58.836,14171,14172,14172,1
2020-12-17 15:05:59.726,14171,14172,14172,1
2020-12-17 15:06:07.557,14171,14172,14171,3
2020-12-17 15:06:09.233,14171,14172,14171,1
2020-12-17 15:06:11.178,14171,14172,14171,1
2020-12-17 15:06:15.800,14171,14172,14171,3
2020-12-17 15:06:15.801,14171,14172,14171,2
2020-12-17 15:06:17.358,14170,14171,14171,5
2020-12-17 15:06:17.361,14170,14171,14171,1
2020-12-17 15:06:17.583,14171,14172,14171,5
2020-12-17 15:06:24.572,14171,14172,14171,1
2020-12-17 15:06:25.548,14171,14172,14171,1
2020-12-17 15:06:33.285,14171,14172,14171,1
2020-12-17 15:06:37.172,14171,14172,14171,1
2020-12-17 15:06:37.432,14171,14172,14171,8
2020-12-17 15:06:46.894,14170,14171,14170,1
2020-12-17 15:06:47.273,14170,14171,14171,1
2020-12-17 15:06:50.825,14170,14171,14170,5
2020-12-17 15:06:50.825,14170,14171,14170,18
2020-12-17 15:06:54.868,14169,14170,14169,2
2020-12-17 15:06:54.869,14169,14170,14169,5
2020-12-17 15:06:54.869,14169,14170,14169,2
2020-12-17 15:06:56.491,14168,14169,14168,1
2020-12-17 15:06:56.587,14168,14169,14168,14
2020-12-17 15:06:56.712,14167,14169,14167,12
2020-12-17 15:06:56.746,14167,14169,14167,1
2020-12-17 15:06:56.931,14167,14168,14168,1
2020-12-17 15:06:57.387,14167,14168,14167,1
2020-12-17 15:06:57.416,14167,14168,14167,1
2020-12-17 15:07:02.027,14167,14168,14167,1
2020-12-17 15:07:02.027,14167,14168,14166,2
2020-12-17 15:07:03.678,14166,14167,14166,2
2020-12-17 15:07:03.702,14166,14167,14167,1
2020-12-17 15:07:03.994,14166,14167,14167,1
2020-12-17 15:07:04.160,14166,14168,14166,1
2020-12-17 15:07:06.442,14166,14167,14167,1
2020-12-17 15:07:07.906,14167,14168,14167,1
2020-12-17 15:07:09.033,14167,14168,14167,1
2020-12-17 15:07:10.257,14167,14168,14168,1
2020-12-17 15:07:10.257,14167,14168,14168,1
2020-12-17 15:07:13.115,14167,14169,14167,1
2020-12-17 15:07:17.965,14167,14168,14168,1
2020-12-17 15:07:21.865,14167,14168,14168,1
2020-12-17 15:07:26.416,14167,14168,14167,1
2020-12-17 15:07:27.999,14167,14168,14168,1
2020-12-17 15:07:28.159,14167,14168,14168,1
2020-12-17 15:07:28.159,14167,14168,14168,1
2020-12-17 15:07:29.647,14168,14169,14168,4
2020-12-17 15:07:31.633,14167,14169,14169,1
2020-12-17 15:07:35.927,14167,14169,14167,2
2020-12-17 15:07:38.532,14167,14169,14167,1
2020-12-17 15:07:39.593,14167,14169,14167,4
2020-12-17 15:07:41.112,14168,14169,14168,1
2020-12-17 15:07:52.204,14167,14168,14167,2
2020-12-17 15:07:52.767,14167,14168,14167,3
2020-12-17 15:07:54.307,14166,14167,14166,3
2020-12-17 15:07:54.351,14166,14167,14166,3
2020-12-17 15:07:54.351,14166,14167,14166,7
2020-12-17 15:07:55.219,14165,14166,14166,1
2020-12-17 15:07:55.337,14165,14167,14165,1
2020-12-17 15:07:55.930,14165,14167,14167,1
2020-12-17 15:07:57.773,14165,14167,14167,1
2020-12-17 15:07:58.415,14165,14167,14165,1
2020-12-17 15:07:58.454,14165,14167,14165,1
2020-12-17 15:07:58.661,14165,14167,14165,2
2020-12-17 15:08:01.200,14166,14167,14166,1
2020-12-17 15:08:01.426,14165,14167,14165,2
2020-12-17 15:08:01.432,14165,14167,14165,2
2020-12-17 15:08:01.448,14165,14167,14165,2
2020-12-17 15:08:02.591,14165,14167,14167,1
2020-12-17 15:08:05.257,14165,14167,14165,4
2020-12-17 15:08:11.558,14165,14166,14165,1
2020-12-17 15:08:12.636,14165,14166,14166,1
2020-12-17 15:08:12.845,14165,14166,14166,1
2020-12-17 15:08:17.437,14166,14167,14166,1
2020-12-17 15:08:19.825,14165,14166,14166,1
2020-12-17 15:08:27.439,14166,14167,14166,1
2020-12-17 15:08:27.907,14166,14167,14167,5
2020-12-17 15:08:29.398,14167,14168,14167,3
2020-12-17 15:08:37.359,14166,14167,14167,1
2020-12-17 15:08:40.603,14167,14168,14168,1
2020-12-17 15:08:40.603,14167,14168,14168,5
2020-12-17 15:08:40.603,14167,14168,14168,2
2020-12-17 15:08:40.604,14167,14168,14168,4
2020-12-17 15:08:41.432,14167,14169,14167,2
2020-12-17 15:08:41.712,14167,14168,14168,1
2020-12-17 15:08:45.382,14167,14168,14168,1
2020-12-17 15:08:53.202,14167,14168,14167,3
2020-12-17 15:09:00.167,14167,14168,14167,1
2020-12-17 15:09:06.391,14166,14168,14166,3
2020-12-17 15:09:07.182,14166,14167,14167,1
2020-12-17 15:09:11.454,14166,14168,14166,9
2020-12-17 15:09:11.587,14166,14167,14166,1
2020-12-17 15:09:12.251,14166,14167,14167,2
2020-12-17 15:09:14.510,14166,14167,14167,1
2020-12-17 15:09:18.258,14166,14167,14166,2
2020-12-17 15:09:23.837,14166,14167,14167,3
2020-12-17 15:09:41.408,14167,14168,14167,1
2020-12-17 15:09:42.962,14167,14168,14168,8
2020-12-17 15:09:45.264,14167,14169,14167,1
2020-12-17 15:09:51.021,14168,14169,14168,1
2020-12-17 15:09:51.021,14168,14169,14167,1
2020-12-17 15:09:54.578,14167,14169,14167,1
2020-12-17 15:09:57.506,14167,14169,14169,1
2020-12-17 15:10:02.587,14168,14169,14169,5
2020-12-17 15:10:02.712,14168,14169,14169,1
2020-12-17 15:10:02.752,14168,14169,14169,2
2020-12-17 15:10:02.879,14169,14170,14169,1
2020-12-17 15:10:02.879,14169,14170,14168,1
2020-12-17 15:10:02.921,14169,14170,14168,2
2020-12-17 15:10:03.203,14168,14170,14170,2
2020-12-17 15:10:03.240,14168,14170,14170,1
2020-12-17 15:10:04.058,14168,14170,14170,1
2020-12-17 15:10:11.034,14170,14171,14170,1
2020-12-17 15:10:25.294,14169,14170,14169,1
2020-12-17 15:10:25.704,14169,14170,14169,1
2020-12-17 15:10:28.130,14169,14170,14170,1
2020-12-17 15:10:28.287,14169,14170,14169,9
2020-12-17 15:10:29.375,14168,14169,14169,2
2020-12-17 15:10:32.431,14169,14170,14169,1
2020-12-17 15:10:36.483,14169,14170,14169,1
2020-12-17 15:10:40.640,14168,14169,14169,1
2020-12-17 15:10:40.643,14168,14169,14169,1
2020-12-17 15:10:46.021,14168,14169,14169,1
2020-12-17 15:10:47.923,14168,14169,14168,1
2020-12-17 15:10:47.923,14168,14169,14168,2
2020-12-17 15:10:47.923,14168,14169,14168,2
2020-12-17 15:10:48.903,14167,14168,14168,1
2020-12-17 15:10:54.884,14167,14169,14169,2
2020-12-17 15:10:56.056,14168,14169,14168,2
2020-12-17 15:11:00.793,14168,14169,14169,1
2020-12-17 15:11:01.315,14168,14169,14168,1
2020-12-17 15:11:02.352,14167,14169,14169,1
2020-12-17 15:11:03.913,14168,14169,14168,1
2020-12-17 15:11:07.144,14168,14169,14168,1
2020-12-17 15:11:10.494,14168,14169,14168,1
2020-12-17 15:11:10.960,14168,14169,14168,1
2020-12-17 15:11:14.695,14167,14168,14167,3
2020-12-17 15:11:16.982,14167,14168,14168,2
2020-12-17 15:11:17.085,14167,14168,14167,3
2020-12-17 15:11:26.786,14167,14168,14167,1
2020-12-17 15:11:26.786,14167,14168,14166,4
2020-12-17 15:11:47.774,14166,14167,14167,1
2020-12-17 15:11:49.033,14166,14167,14167,1
2020-12-17 15:11:55.261,14166,14167,14167,2
2020-12-17 15:11:58.895,14166,14167,14167,1
2020-12-17 15:12:01.692,14166,14168,14166,2
2020-12-17 15:12:02.291,14166,14168,14168,1
2020-12-17 15:12:04.613,14167,14168,14167,2
2020-12-17 15:12:37.245,14167,14168,14168,11
2020-12-17 15:12:37.245,14167,14168,14169,1
2020-12-17 15:12:42.330,14167,14169,14169,1
2020-12-17 15:12:42.404,14167,14169,14167,4
2020-12-17 15:12:50.126,14167,14168,14168,1
2020-12-17 15:12:50.897,14167,14168,14168,1
2020-12-17 15:13:19.555,14168,14169,14168,1
2020-12-17 15:13:21.293,14168,14169,14169,1
2020-12-17 15:13:21.337,14168,14169,14169,4
2020-12-17 15:13:27.262,14169,14170,14170,1
2020-12-17 15:13:31.399,14169,14170,14170,1
2020-12-17 15:13:31.730,14169,14170,14170,1
2020-12-17 15:13:34.287,14169,14170,14170,1
2020-12-17 15:13:36.060,14169,14170,14170,1
2020-12-17 15:13:36.060,14169,14170,14170,3
2020-12-17 15:13:39.256,14170,14171,14170,1
2020-12-17 15:13:42.763,14170,14171,14171,1
2020-12-17 15:13:46.128,14170,14171,14171,1
2020-12-17 15:13:46.212,14170,14171,14171,6
2020-12-17 15:13:46.212,14170,14171,14171,3
2020-12-17 15:13:48.518,14171,14172,14172,4
2020-12-17 15:13:48.587,14171,14172,14172,3
2020-12-17 15:13:50.340,14171,14172,14172,1
2020-12-17 15:13:50.375,14171,14172,14172,9
2020-12-17 15:13:50.955,14172,14173,14172,1
2020-12-17 15:13:55.259,14171,14172,14172,1
2020-12-17 15:14:01.523,14171,14172,14172,4
2020-12-17 15:14:01.523,14171,14172,14173,1
2020-12-17 15:14:02.315,14171,14173,14172,1
2020-12-17 15:14:02.932,14171,14173,14173,1
2020-12-17 15:14:09.138,14171,14172,14172,1
2020-12-17 15:14:10.486,14171,14172,14172,1
2020-12-17 15:14:16.429,14171,14172,14172,1
2020-12-17 15:14:17.119,14171,14172,14172,1
2020-12-17 15:14:17.410,14171,14172,14172,1
2020-12-17 15:14:19.943,14171,14172,14172,1
2020-12-17 15:14:25.515,14171,14173,14173,1
2020-12-17 15:14:40.847,14171,14172,14172,1
2020-12-17 15:14:41.448,14171,14172,14171,5
2020-12-17 15:14:44.637,14170,14171,14170,5
2020-12-17 15:14:45.993,14170,14171,14171,1
2020-12-17 15:14:47.673,14170,14171,14170,4
2020-12-17 15:14:50.538,14169,14171,14169,1
2020-12-17 15:14:53.818,14169,14170,14170,2
2020-12-17 15:14:53.965,14169,14170,14170,1
2020-12-17 15:14:57.397,14169,14170,14170,1
2020-12-17 15:15:06.748,14169,14170,14169,2
2020-12-17 15:15:06.748,14169,14170,14169,4
2020-12-17 15:15:07.032,14168,14169,14168,3
2020-12-17 15:15:07.036,14168,14169,14168,2
2020-12-17 15:15:07.041,14168,14169,14169,2
2020-12-17 15:15:07.053,14168,14169,14169,4
2020-12-17 15:15:07.076,14168,14169,14170,2
2020-12-17 15:15:07.080,14168,14169,14168,6
2020-12-17 15:15:07.080,14168,14169,14167,13
2020-12-17 15:15:07.080,14168,14169,14166,11
2020-12-17 15:15:07.081,14168,14169,14166,2
2020-12-17 15:15:07.089,14167,14169,14169,1
2020-12-17 15:15:07.092,14167,14169,14167,6
2020-12-17 15:15:07.092,14167,14169,14166,6
2020-12-17 15:15:07.092,14167,14169,14165,3
2020-12-17 15:15:07.139,14167,14169,14166,3
2020-12-17 15:15:07.149,14167,14169,14167,1
2020-12-17 15:15:07.212,14166,14168,14166,2
2020-12-17 15:15:07.549,14165,14167,14167,1
2020-12-17 15:15:17.767,14167,14168,14167,2
2020-12-17 15:15:20.747,14166,14167,14166,1
2020-12-17 15:15:20.838,14166,14167,14167,1
2020-12-17 15:15:20.839,14166,14167,14167,1
2020-12-17 15:15:30.535,14166,14168,14167,1
2020-12-17 15:15:33.887,14167,14168,14167,4
2020-12-17 15:15:33.888,14167,14168,14167,1
2020-12-17 15:15:33.966,14166,14168,14168,1
2020-12-17 15:15:33.966,14166,14168,14168,1
2020-12-17 15:15:34.731,14167,14169,14167,1
2020-12-17 15:15:39.855,14167,14169,14169,2
2020-12-17 15:15:40.014,14167,14169,14167,1
2020-12-17 15:15:40.088,14167,14169,14169,1
2020-12-17 15:15:43.584,14167,14168,14167,10
2020-12-17 15:15:43.612,14166,14168,14166,5
2020-12-17 15:15:43.765,14166,14167,14167,1
2020-12-17 15:15:49.829,14166,14167,14167,1
2020-12-17 15:15:51.702,14166,14167,14166,5
2020-12-17 15:15:51.712,14166,14167,14166,3
2020-12-17 15:15:51.908,14165,14167,14165,5
2020-12-17 15:15:52.099,14165,14166,14165,5
2020-12-17 15:15:52.212,14165,14166,14165,5
2020-12-17 15:15:52.278,14165,14166,14164,5
2020-12-17 15:15:52.439,14164,14165,14164,5
2020-12-17 15:15:52.463,14164,14165,14165,1
2020-12-17 15:15:57.912,14164,14166,14164,6
2020-12-17 15:15:59.952,14164,14165,14164,3
2020-12-17 15:15:59.952,14164,14165,14163,3
2020-12-17 15:16:01.439,14164,14165,14165,2
2020-12-17 15:16:02.373,14164,14166,14166,1
2020-12-17 15:16:02.464,14164,14166,14166,1
2020-12-17 15:16:06.382,14165,14166,14165,5
2020-12-17 15:16:07.589,14165,14166,14165,1
2020-12-17 15:16:07.713,14164,14165,14165,1
2020-12-17 15:16:07.714,14164,14165,14165,1
2020-12-17 15:16:07.714,14164,14165,14165,1
2020-12-17 15:16:07.715,14164,14165,14166,1
2020-12-17 15:16:12.145,14165,14166,14165,1
2020-12-17 15:16:16.712,14165,14166,14166,1
2020-12-17 15:16:19.587,14165,14166,14166,2
2020-12-17 15:16:19.713,14165,14167,14167,1
2020-12-17 15:16:24.827,14166,14167,14167,1
2020-12-17 15:16:28.640,14166,14167,14166,4
2020-12-17 15:16:28.640,14166,14167,14165,1
2020-12-17 15:16:28.833,14165,14166,14165,5
2020-12-17 15:16:28.833,14165,14166,14165,3
2020-12-17 15:16:28.834,14165,14166,14165,1
2020-12-17 15:16:29.012,14164,14165,14164,4
2020-12-17 15:16:29.012,14164,14165,14163,1
2020-12-17 15:16:29.088,14163,14165,14165,1
2020-12-17 15:16:29.089,14163,14165,14165,1
2020-12-17 15:16:29.188,14163,14165,14164,4
2020-12-17 15:16:29.188,14163,14165,14163,1
2020-12-17 15:16:29.345,14163,14165,14163,5
2020-12-17 15:16:31.328,14164,14165,14164,1
2020-12-17 15:16:31.328,14164,14165,14163,1
2020-12-17 15:16:31.362,14163,14165,14163,5
2020-12-17 15:16:31.554,14163,14164,14164,2
2020-12-17 15:16:40.948,14164,14165,14165,1
2020-12-17 15:16:42.399,14164,14165,14165,1
2020-12-17 15:16:42.399,14164,14165,14165,1
2020-12-17 15:16:45.134,14166,14167,14166,1
2020-12-17 15:16:46.968,14166,14168,14166,5
2020-12-17 15:16:46.968,14166,14168,14165,4
2020-12-17 15:16:54.409,14165,14167,14165,10
2020-12-17 15:16:54.410,14165,14167,14165,1
2020-12-17 15:16:54.410,14165,14167,14165,2
2020-12-17 15:16:58.527,14164,14165,14165,1
2020-12-17 15:16:59.044,14165,14166,14165,1
2020-12-17 15:16:59.088,14165,14166,14166,1
2020-12-17 15:16:59.088,14165,14166,14166,1
2020-12-17 15:16:59.089,14165,14166,14167,1
2020-12-17 15:16:59.089,14165,14166,14167,1
2020-12-17 15:16:59.089,14165,14166,14167,1
2020-12-17 15:16:59.090,14165,14166,14167,1
2020-12-17 15:16:59.090,14165,14166,14167,1
2020-12-17 15:16:59.090,14165,14166,14167,1
2020-12-17 15:17:10.749,14166,14167,14167,1
2020-12-17 15:17:12.656,14166,14167,14167,1
2020-12-17 15:17:18.008,14167,14168,14167,3
2020-12-17 15:17:18.008,14167,14168,14167,1
2020-12-17 15:17:20.126,14167,14168,14168,2
2020-12-17 15:17:22.033,14167,14168,14167,2
2020-12-17 15:17:24.315,14166,14167,14167,1
2020-12-17 15:17:25.587,14166,14167,14166,1
2020-12-17 15:17:27.377,14165,14167,14165,1
2020-12-17 15:17:34.197,14165,14167,14167,1
2020-12-17 15:17:47.362,14166,14167,14166,1
2020-12-17 15:18:09.713,14166,14167,14166,4
2020-12-17 15:18:10.384,14165,14167,14167,1
2020-12-17 15:18:10.402,14165,14167,14167,1
2020-12-17 15:18:11.350,14165,14167,14167,1
2020-12-17 15:18:29.218,14165,14166,14166,1
2020-12-17 15:18:39.139,14165,14166,14166,1
2020-12-17 15:18:39.984,14165,14166,14166,1
2020-12-17 15:18:39.999,14165,14166,14165,2
2020-12-17 15:18:39.999,14165,14166,14165,2
2020-12-17 15:18:39.999,14165,14166,14165,7
2020-12-17 15:18:39.999,14165,14166,14165,3
2020-12-17 15:18:40.000,14165,14166,14165,4
2020-12-17 15:18:40.000,14165,14166,14165,1
2020-12-17 15:18:42.310,14164,14165,14165,2
2020-12-17 15:18:43.319,14164,14165,14165,2
2020-12-17 15:18:43.379,14164,14166,14165,2
2020-12-17 15:18:44.828,14164,14166,14166,1
2020-12-17 15:18:53.570,14165,14166,14166,1
2020-12-17 15:18:53.570,14165,14166,14166,4
2020-12-17 15:18:53.570,14165,14166,14166,1
2020-12-17 15:18:54.465,14166,14167,14166,1
2020-12-17 15:18:56.999,14166,14167,14166,3
2020-12-17 15:19:01.435,14165,14166,14166,1
2020-12-17 15:19:02.464,14165,14166,14166,1
2020-12-17 15:19:06.066,14165,14166,14165,2
2020-12-17 15:19:08.162,14165,14166,14165,4
2020-12-17 15:19:09.745,14164,14165,14164,18
2020-12-17 15:19:09.745,14164,14165,14163,32
2020-12-17 15:19:09.746,14164,14165,14164,2
2020-12-17 15:19:09.746,14164,14165,14164,1
2020-12-17 15:19:13.901,14163,14165,14163,1
2020-12-17 15:19:15.215,14163,14164,14163,1
2020-12-17 15:19:17.235,14162,14164,14163,1
2020-12-17 15:19:18.734,14162,14163,14162,10
2020-12-17 15:19:18.857,14162,14163,14162,3
2020-12-17 15:19:20.226,14162,14163,14163,1
2020-12-17 15:19:20.226,14162,14163,14163,1
2020-12-17 15:19:24.805,14162,14164,14163,1
2020-12-17 15:19:24.838,14162,14163,14163,1
2020-12-17 15:19:24.898,14162,14163,14163,1
2020-12-17 15:19:25.678,14162,14163,14163,1
2020-12-17 15:19:26.148,14162,14163,14163,1
2020-12-17 15:19:26.857,14162,14163,14163,2
2020-12-17 15:19:28.456,14162,14163,14163,2
2020-12-17 15:19:29.917,14162,14163,14163,1
2020-12-17 15:19:30.404,14162,14163,14163,1
2020-12-17 15:19:31.965,14162,14163,14163,1
2020-12-17 15:19:33.044,14162,14163,14163,2
2020-12-17 15:19:36.669,14162,14163,14163,1
2020-12-17 15:19:36.756,14162,14163,14163,1
2020-12-17 15:19:43.827,14162,14163,14163,1
2020-12-17 15:19:44.726,14162,14163,14163,3
2020-12-17 15:19:48.310,14162,14163,14162,1
2020-12-17 15:19:48.337,14162,14163,14162,22
2020-12-17 15:19:48.337,14162,14163,14162,4
2020-12-17 15:19:48.338,14162,14163,14162,10
2020-12-17 15:19:56.034,14162,14163,14162,15
2020-12-17 15:19:56.053,14162,14163,14161,1
2020-12-17 15:19:56.225,14161,14162,14161,3
2020-12-17 15:19:56.287,14161,14162,14161,1
2020-12-17 15:19:56.310,14161,14162,14161,2
2020-12-17 15:19:56.321,14161,14162,14161,1
2020-12-17 15:19:56.321,14161,14162,14161,16
2020-12-17 15:19:56.503,14160,14161,14160,2
2020-12-17 15:19:56.737,14160,14161,14160,1
2020-12-17 15:19:57.956,14160,14161,14161,1
2020-12-17 15:19:58.184,14160,14161,14160,1
2020-12-17 15:19:58.956,14160,14161,14160,2
2020-12-17 15:20:00.004,14160,14161,14161,1
2020-12-17 15:20:00.507,14160,14161,14160,2
2020-12-17 15:20:01.487,14160,14161,14161,1
2020-12-17 15:20:01.562,14160,14161,14160,1
2020-12-17 15:20:01.606,14160,14161,14161,6
2020-12-17 15:20:02.014,14161,14162,14161,1
2020-12-17 15:20:02.271,14161,14162,14161,7
2020-12-17 15:20:02.271,14161,14162,14160,39
2020-12-17 15:20:02.277,14161,14162,14161,1
2020-12-17 15:20:02.282,14161,14162,14161,4
2020-12-17 15:20:02.910,14160,14161,14161,1
2020-12-17 15:20:02.946,14160,14161,14161,1
2020-12-17 15:20:03.107,14160,14162,14162,1
2020-12-17 15:20:03.850,14160,14162,14160,1
2020-12-17 15:20:04.445,14159,14161,14161,5
2020-12-17 15:20:04.858,14160,14161,14161,2
2020-12-17 15:20:04.946,14160,14161,14162,5
2020-12-17 15:20:07.691,14160,14162,14160,2
2020-12-17 15:20:15.401,14161,14162,14161,1
2020-12-17 15:20:19.469,14160,14161,14160,7
2020-12-17 15:20:19.967,14160,14161,14161,1
2020-12-17 15:20:20.360,14160,14161,14161,2
2020-12-17 15:20:20.754,14160,14161,14161,1
2020-12-17 15:20:21.419,14160,14161,14161,1
2020-12-17 15:20:26.554,14160,14161,14160,2
2020-12-17 15:20:33.139,14160,14161,14161,1
2020-12-17 15:20:33.852,14160,14161,14160,1
2020-12-17 15:20:37.381,14160,14161,14161,4
2020-12-17 15:20:38.092,14161,14162,14161,1
2020-12-17 15:20:40.099,14161,14162,14161,1
2020-12-17 15:20:40.919,14161,14162,14161,1
2020-12-17 15:20:40.945,14161,14162,14162,1
2020-12-17 15:20:43.403,14161,14162,14161,2
2020-12-17 15:20:44.866,14161,14162,14161,9
2020-12-17 15:20:52.015,14160,14161,14161,2
2020-12-17 15:20:52.255,14160,14162,14160,1
2020-12-17 15:20:52.941,14160,14162,14160,1
2020-12-17 15:20:57.679,14161,14162,14161,1
2020-12-17 15:20:59.989,14161,14162,14161,2
2020-12-17 15:21:01.314,14161,14162,14161,1
2020-12-17 15:21:01.462,14161,14162,14162,12
2020-12-17 15:21:01.515,14161,14162,14162,1
2020-12-17 15:21:02.182,14162,14163,14163,1
2020-12-17 15:21:04.998,14162,14163,14163,1
2020-12-17 15:21:06.426,14162,14163,14163,3
2020-12-17 15:21:14.996,14162,14163,14163,1
2020-12-17 15:21:21.555,14162,14163,14162,2
2020-12-17 15:21:21.556,14162,14163,14162,3
2020-12-17 15:21:28.411,14162,14163,14163,8
2020-12-17 15:21:31.052,14163,14164,14163,1
2020-12-17 15:21:33.587,14163,14164,14164,8
2020-12-17 15:21:33.718,14164,14165,14165,2
2020-12-17 15:21:33.747,14164,14165,14165,1
2020-12-17 15:21:33.940,14164,14165,14165,1
2020-12-17 15:21:35.854,14164,14165,14165,1
2020-12-17 15:21:41.769,14164,14165,14165,2
2020-12-17 15:21:44.697,14164,14165,14164,2
2020-12-17 15:21:44.697,14164,14165,14164,1
2020-12-17 15:21:59.632,14164,14165,14164,1
2020-12-17 15:22:03.637,14164,14165,14165,1
2020-12-17 15:22:03.886,14164,14165,14165,2
2020-12-17 15:22:03.886,14164,14165,14165,1
2020-12-17 15:22:03.887,14164,14165,14165,6
2020-12-17 15:22:06.761,14165,14166,14165,2
2020-12-17 15:22:09.781,14164,14165,14165,1
2020-12-17 15:22:10.923,14165,14166,14165,1
2020-12-17 15:22:14.365,14164,14165,14164,2
2020-12-17 15:22:19.305,14164,14165,14165,1
2020-12-17 15:22:20.208,14164,14165,14165,1
2020-12-17 15:22:23.607,14164,14165,14165,2
2020-12-17 15:22:24.965,14165,14166,14165,1
2020-12-17 15:22:28.476,14165,14166,14165,2
2020-12-17 15:22:32.308,14164,14165,14165,2
2020-12-17 15:22:32.715,14164,14165,14165,5
2020-12-17 15:22:37.719,14164,14165,14165,2
2020-12-17 15:22:45.264,14165,14166,14166,1
2020-12-17 15:22:49.408,14165,14166,14165,1
2020-12-17 15:22:55.870,14165,14166,14165,1
2020-12-17 15:22:59.544,14165,14166,14165,1
2020-12-17 15:23:03.804,14165,14166,14166,1
2020-12-17 15:23:04.911,14165,14166,14166,1
2020-12-17 15:23:05.763,14165,14166,14165,1
2020-12-17 15:23:09.611,14165,14166,14166,1
2020-12-17 15:23:11.407,14165,14166,14166,1
2020-12-17 15:23:16.724,14165,14166,14166,1
2020-12-17 15:23:20.357,14165,14166,14165,1
2020-12-17 15:23:27.792,14165,14166,14166,1
2020-12-17 15:23:31.697,14165,14166,14166,12
2020-12-17 15:23:31.697,14165,14166,14166,2
2020-12-17 15:23:34.572,14166,14167,14167,1
2020-12-17 15:23:37.171,14166,14167,14166,1
2020-12-17 15:23:37.601,14166,14167,14166,5
2020-12-17 15:23:41.012,14166,14167,14166,2
2020-12-17 15:23:41.026,14166,14167,14166,1
2020-12-17 15:23:49.493,14165,14166,14165,17
2020-12-17 15:23:49.494,14165,14166,14165,1
2020-12-17 15:23:49.494,14165,14166,14165,1
2020-12-17 15:23:49.494,14165,14166,14165,1
2020-12-17 15:24:17.487,14164,14165,14164,1
2020-12-17 15:24:17.761,14164,14165,14165,1
2020-12-17 15:24:18.202,14165,14166,14166,1
2020-12-17 15:24:18.615,14165,14166,14166,1
2020-12-17 15:24:21.553,14165,14166,14165,1
2020-12-17 15:24:24.158,14165,14166,14166,2
2020-12-17 15:24:34.566,14165,14166,14165,1
2020-12-17 15:24:45.583,14165,14166,14166,1
2020-12-17 15:25:07.462,14165,14166,14166,1
2020-12-17 15:25:08.780,14165,14166,14166,3
2020-12-17 15:25:10.461,14165,14166,14165,4
2020-12-17 15:25:10.468,14165,14166,14165,1
2020-12-17 15:25:10.549,14165,14166,14165,1
2020-12-17 15:25:10.614,14165,14166,14165,1
2020-12-17 15:25:10.694,14165,14166,14164,1
2020-12-17 15:25:10.874,14164,14165,14164,1
2020-12-17 15:25:11.085,14164,14165,14164,3
2020-12-17 15:25:11.640,14164,14165,14165,2
2020-12-17 15:25:18.419,14165,14166,14165,1
2020-12-17 15:25:20.823,14165,14166,14165,1
2020-12-17 15:25:25.602,14165,14166,14165,1
2020-12-17 15:25:27.286,14165,14166,14165,1
2020-12-17 15:25:27.863,14165,14166,14166,1
2020-12-17 15:25:28.811,14165,14166,14166,1
2020-12-17 15:25:34.409,14165,14166,14166,1
2020-12-17 15:25:40.438,14165,14166,14166,1
2020-12-17 15:25:40.635,14165,14166,14166,1
2020-12-17 15:25:40.884,14165,14166,14166,1
2020-12-17 15:25:41.591,14165,14166,14166,1
2020-12-17 15:25:50.771,14166,14167,14167,2
2020-12-17 15:25:52.348,14166,14167,14167,4
2020-12-17 15:25:53.428,14166,14167,14167,5
2020-12-17 15:25:54.744,14166,14167,14167,3
2020-12-17 15:25:54.977,14166,14167,14167,3
2020-12-17 15:25:55.155,14166,14167,14167,1
2020-12-17 15:25:55.194,14166,14167,14167,3
2020-12-17 15:25:55.403,14166,14167,14167,3
2020-12-17 15:25:57.519,14166,14167,14167,4
2020-12-17 15:26:02.854,14166,14167,14167,4
2020-12-17 15:26:04.256,14166,14167,14167,1
2020-12-17 15:26:06.750,14166,14167,14167,2
2020-12-17 15:26:07.829,14167,14168,14167,1
2020-12-17 15:26:12.942,14167,14168,14167,2
2020-12-17 15:26:19.003,14166,14167,14167,1
2020-12-17 15:26:29.102,14166,14167,14167,1
2020-12-17 15:26:32.440,14166,14167,14167,1
2020-12-17 15:26:32.501,14166,14167,14167,5
2020-12-17 15:26:39.240,14167,14168,14168,3
2020-12-17 15:26:43.017,14167,14168,14168,4
2020-12-17 15:26:43.401,14167,14168,14168,1
2020-12-17 15:26:43.994,14167,14168,14168,2
2020-12-17 15:26:44.835,14167,14168,14168,1
2020-12-17 15:26:44.997,14167,14168,14168,1
2020-12-17 15:26:45.126,14167,14168,14168,1
2020-12-17 15:26:45.284,14167,14168,14168,1
2020-12-17 15:26:45.337,14167,14168,14168,10
2020-12-17 15:26:45.337,14167,14168,14168,2
2020-12-17 15:26:51.970,14168,14169,14169,1
2020-12-17 15:26:52.437,14168,14169,14169,1
2020-12-17 15:26:52.954,14168,14169,14169,1
2020-12-17 15:26:55.524,14168,14169,14169,1
2020-12-17 15:26:58.648,14168,14169,14169,2
2020-12-17 15:27:07.912,14168,14169,14169,1
2020-12-17 15:27:08.167,14168,14169,14168,1
2020-12-17 15:27:08.204,14168,14169,14168,1
2020-12-17 15:27:08.234,14168,14169,14168,1
2020-12-17 15:27:08.282,14168,14169,14168,3
2020-12-17 15:27:08.296,14168,14169,14168,1
2020-12-17 15:27:08.308,14168,14169,14168,1
2020-12-17 15:27:08.319,14168,14169,14168,1
2020-12-17 15:27:08.331,14168,14169,14168,3
2020-12-17 15:27:08.346,14168,14169,14168,1
2020-12-17 15:27:08.394,14168,14169,14168,2
2020-12-17 15:27:08.439,14168,14169,14168,1
2020-12-17 15:27:08.440,14168,14169,14168,1
2020-12-17 15:27:08.450,14168,14169,14168,1
2020-12-17 15:27:08.471,14168,14169,14168,1
2020-12-17 15:27:08.477,14168,14169,14168,2
2020-12-17 15:27:08.478,14168,14169,14168,7
2020-12-17 15:27:08.478,14168,14169,14168,4
2020-12-17 15:27:08.478,14168,14169,14168,1
2020-12-17 15:27:08.478,14168,14169,14168,7
2020-12-17 15:27:08.482,14168,14169,14167,1
2020-12-17 15:27:08.512,14168,14169,14167,2
2020-12-17 15:27:08.541,14168,14169,14167,3
2020-12-17 15:27:08.563,14168,14169,14167,3
2020-12-17 15:27:08.579,14168,14169,14167,1
2020-12-17 15:27:08.657,14167,14169,14167,2
2020-12-17 15:27:08.666,14167,14169,14167,1
2020-12-17 15:27:08.744,14167,14168,14167,1
2020-12-17 15:27:08.993,14167,14168,14167,1
2020-12-17 15:27:09.135,14167,14168,14167,1
2020-12-17 15:27:10.051,14167,14169,14167,1
2020-12-17 15:27:10.108,14167,14169,14169,1
2020-12-17 15:27:10.243,14167,14169,14169,1
2020-12-17 15:27:11.799,14167,14169,14168,5
2020-12-17 15:27:35.000,14167,14168,14168,1
2020-12-17 15:27:36.594,14167,14168,14168,1
2020-12-17 15:27:37.056,14167,14168,14168,1
2020-12-17 15:27:47.433,14167,14168,14167,3
2020-12-17 15:27:52.690,14166,14167,14167,1
2020-12-17 15:27:54.946,14167,14168,14167,1
2020-12-17 15:27:56.581,14167,14168,14168,1
2020-12-17 15:27:57.679,14167,14168,14167,1
2020-12-17 15:27:59.934,14167,14168,14168,1
2020-12-17 15:28:02.492,14167,14168,14168,1
2020-12-17 15:28:02.860,14167,14168,14168,1
2020-12-17 15:28:25.493,14167,14168,14168,1
2020-12-17 15:28:35.571,14167,14168,14167,14
2020-12-17 15:28:39.082,14166,14167,14166,1
2020-12-17 15:28:49.240,14166,14167,14166,1
2020-12-17 15:28:50.845,14166,14167,14166,1
2020-12-17 15:28:51.425,14166,14167,14166,1
2020-12-17 15:28:55.033,14166,14167,14167,2
2020-12-17 15:28:55.749,14166,14167,14167,1
2020-12-17 15:28:55.749,14166,14167,14167,1
2020-12-17 15:28:55.749,14166,14167,14167,3
2020-12-17 15:29:04.991,14167,14168,14167,4
2020-12-17 15:29:06.235,14167,14168,14168,1
2020-12-17 15:29:08.528,14167,14168,14168,1
2020-12-17 15:29:18.756,14167,14168,14168,10
2020-12-17 15:29:18.757,14167,14168,14168,5
2020-12-17 15:29:28.386,14168,14169,14169,2
2020-12-17 15:29:30.164,14168,14169,14169,4
2020-12-17 15:29:41.624,14169,14170,14170,23
2020-12-17 15:29:41.625,14169,14170,14170,1
2020-12-17 15:29:42.748,14169,14171,14170,4
2020-12-17 15:29:44.967,14169,14170,14170,1
2020-12-17 15:29:45.143,14170,14171,14171,1
2020-12-17 15:29:45.358,14170,14171,14171,1
2020-12-17 15:29:45.987,14170,14171,14170,2
2020-12-17 15:29:48.670,14170,14171,14171,5
2020-12-17 15:29:50.020,14170,14171,14171,1
2020-12-17 15:29:50.159,14170,14171,14171,1
2020-12-17 15:29:51.969,14170,14171,14171,1
2020-12-17 15:29:53.174,14170,14171,14171,1
2020-12-17 15:29:53.802,14170,14171,14171,1
2020-12-17 15:29:56.263,14170,14171,14171,1
2020-12-17 15:29:58.929,14170,14171,14171,1
2020-12-17 15:29:59.298,14170,14171,14171,2
2020-12-17 15:30:01.421,14171,14172,14171,1
2020-12-17 15:30:01.923,14171,14172,14171,2
2020-12-17 15:30:02.916,14170,14172,14172,1
2020-12-17 15:30:03.778,14170,14171,14170,1
2020-12-17 15:30:04.731,14170,14171,14171,1
2020-12-17 15:30:06.804,14171,14172,14171,1
2020-12-17 15:30:10.333,14171,14172,14171,1
2020-12-17 15:30:13.666,14170,14171,14170,4
2020-12-17 15:30:13.666,14170,14171,14170,4
2020-12-17 15:30:13.666,14170,14171,14170,3
2020-12-17 15:30:13.666,14170,14171,14170,15
2020-12-17 15:30:15.596,14169,14170,14169,4
2020-12-17 15:30:26.709,14169,14170,14170,1
2020-12-17 15:30:26.709,14169,14170,14170,1
2020-12-17 15:30:27.191,14169,14171,14169,2
2020-12-17 15:30:34.246,14169,14170,14170,1
2020-12-17 15:30:39.762,14169,14170,14170,1
2020-12-17 15:30:42.209,14169,14170,14169,1
2020-12-17 15:30:44.040,14169,14170,14169,1
2020-12-17 15:30:51.291,14168,14169,14168,1
2020-12-17 15:30:58.427,14168,14170,14170,1
2020-12-17 15:31:03.076,14169,14170,14169,4
2020-12-17 15:31:03.076,14169,14170,14168,6
2020-12-17 15:31:03.443,14168,14169,14169,1
2020-12-17 15:31:04.260,14168,14170,14170,1
2020-12-17 15:31:04.264,14168,14170,14170,1
2020-12-17 15:31:08.391,14170,14171,14170,1
2020-12-17 15:31:10.706,14170,14171,14170,1
2020-12-17 15:31:14.490,14169,14171,14171,1
2020-12-17 15:31:16.369,14170,14171,14171,1
2020-12-17 15:31:22.671,14171,14172,14171,1
2020-12-17 15:31:32.397,14171,14172,14172,1
2020-12-17 15:31:33.524,14171,14172,14172,1
2020-12-17 15:31:36.990,14171,14172,14172,1
2020-12-17 15:31:41.135,14171,14172,14171,11
2020-12-17 15:31:41.689,14170,14171,14171,1
2020-12-17 15:31:58.837,14170,14171,14170,2
2020-12-17 15:32:02.271,14169,14170,14170,1
2020-12-17 15:32:02.762,14169,14170,14170,1
2020-12-17 15:32:03.335,14169,14170,14169,1
2020-12-17 15:32:18.293,14169,14170,14169,1
2020-12-17 15:32:20.956,14169,14170,14169,2
2020-12-17 15:32:25.897,14169,14170,14169,1
2020-12-17 15:32:58.389,14168,14169,14168,9
2020-12-17 15:32:58.390,14168,14169,14168,1
2020-12-17 15:33:08.691,14168,14169,14168,1
2020-12-17 15:33:17.536,14167,14168,14168,1
2020-12-17 15:33:27.398,14167,14168,14168,1
2020-12-17 15:33:40.815,14168,14169,14168,2
2020-12-17 15:33:41.574,14167,14168,14168,1
2020-12-17 15:33:49.457,14167,14168,14168,2
2020-12-17 15:33:51.566,14167,14168,14168,1
2020-12-17 15:34:06.631,14168,14169,14168,4
2020-12-17 15:34:07.474,14167,14169,14169,1
2020-12-17 15:34:19.654,14168,14169,14169,1
2020-12-17 15:34:20.904,14168,14169,14168,1
2020-12-17 15:34:31.473,14168,14169,14168,1
2020-12-17 15:34:58.378,14167,14168,14167,1
2020-12-17 15:35:06.750,14167,14168,14168,1
2020-12-17 15:35:08.038,14167,14169,14169,1
2020-12-17 15:35:16.132,14167,14168,14168,1
2020-12-17 15:35:24.391,14167,14168,14168,1
2020-12-17 15:35:40.981,14168,14169,14168,1
2020-12-17 15:35:43.231,14167,14168,14168,1
2020-12-17 15:35:52.049,14167,14168,14168,2
2020-12-17 15:36:01.208,14168,14169,14169,1
2020-12-17 15:36:02.192,14168,14169,14169,1
2020-12-17 15:36:03.046,14168,14169,14169,1
2020-12-17 15:36:17.113,14168,14169,14169,3
2020-12-17 15:36:17.117,14168,14169,14169,1
2020-12-17 15:36:18.642,14169,14170,14170,1
2020-12-17 15:36:19.080,14169,14170,14169,3
2020-12-17 15:36:27.817,14168,14169,14169,2
2020-12-17 15:36:38.050,14168,14169,14169,1
2020-12-17 15:36:39.149,14168,14169,14169,1
2020-12-17 15:36:44.642,14168,14169,14169,2
2020-12-17 15:37:01.608,14169,14170,14169,1
2020-12-17 15:37:31.968,14169,14170,14170,1
2020-12-17 15:37:50.715,14169,14170,14170,1
2020-12-17 15:38:01.546,14169,14170,14169,1
2020-12-17 15:38:02.284,14169,14170,14170,1
2020-12-17 15:38:03.755,14169,14170,14170,1
2020-12-17 15:38:08.866,14169,14170,14170,1
2020-12-17 15:38:12.077,14169,14170,14170,6
2020-12-17 15:38:12.078,14169,14170,14170,4
2020-12-17 15:38:13.212,14170,14171,14171,2
2020-12-17 15:38:35.746,14171,14172,14171,1
2020-12-17 15:38:39.406,14171,14172,14171,1
2020-12-17 15:38:41.526,14171,14172,14171,4
2020-12-17 15:38:43.196,14171,14172,14171,2
2020-12-17 15:38:43.210,14171,14172,14171,1
2020-12-17 15:38:45.201,14171,14172,14171,1
2020-12-17 15:38:46.713,14170,14171,14171,2
2020-12-17 15:38:52.466,14170,14171,14171,1
2020-12-17 15:38:54.987,14170,14171,14171,1
2020-12-17 15:39:09.717,14171,14172,14172,1
2020-12-17 15:39:10.987,14171,14172,14172,1
2020-12-17 15:39:11.941,14171,14172,14171,1
2020-12-17 15:39:16.400,14171,14172,14172,2
2020-12-17 15:39:18.714,14171,14172,14172,1
2020-12-17 15:39:21.238,14171,14172,14172,1
2020-12-17 15:39:21.238,14171,14172,14172,4
2020-12-17 15:39:21.238,14171,14172,14172,9
2020-12-17 15:39:21.238,14171,14172,14172,2
2020-12-17 15:39:21.424,14172,14173,14173,2
2020-12-17 15:39:23.769,14172,14173,14172,3
2020-12-17 15:39:24.337,14171,14172,14171,1
2020-12-17 15:39:27.262,14171,14172,14171,1
2020-12-17 15:39:32.676,14171,14172,14172,1
2020-12-17 15:39:35.620,14171,14172,14172,1
2020-12-17 15:39:41.758,14171,14172,14172,1
2020-12-17 15:39:45.963,14171,14172,14171,9
2020-12-17 15:39:58.403,14170,14171,14170,4
2020-12-17 15:39:58.404,14170,14171,14170,2
2020-12-17 15:40:02.987,14169,14170,14170,2
2020-12-17 15:40:04.813,14169,14170,14170,1
2020-12-17 15:40:14.782,14169,14170,14170,1
2020-12-17 15:40:14.782,14169,14170,14170,1
2020-12-17 15:40:32.566,14170,14171,14171,1
2020-12-17 15:41:03.448,14170,14171,14171,2
2020-12-17 15:41:03.448,14170,14171,14171,4
2020-12-17 15:41:03.449,14170,14171,14171,1
2020-12-17 15:41:03.449,14170,14171,14171,5
2020-12-17 15:41:11.890,14171,14172,14172,1
2020-12-17 15:41:34.157,14171,14172,14172,1
2020-12-17 15:41:38.216,14171,14172,14172,1
2020-12-17 15:41:39.913,14171,14172,14171,10
2020-12-17 15:42:02.187,14171,14172,14172,2
2020-12-17 15:42:03.157,14171,14172,14172,2
2020-12-17 15:42:03.314,14171,14172,14172,2
2020-12-17 15:42:03.450,14171,14172,14172,2
2020-12-17 15:42:03.467,14171,14172,14172,4
2020-12-17 15:42:03.468,14171,14172,14172,4
2020-12-17 15:42:03.468,14171,14172,14172,1
2020-12-17 15:42:03.537,14171,14172,14173,2
2020-12-17 15:42:07.312,14172,14173,14173,4
2020-12-17 15:42:09.998,14172,14173,14173,1
2020-12-17 15:42:09.999,14172,14173,14173,1
2020-12-17 15:42:09.999,14172,14173,14173,2
2020-12-17 15:42:09.999,14172,14173,14173,4
2020-12-17 15:42:09.999,14172,14173,14173,4
2020-12-17 15:42:09.999,14172,14173,14173,2
2020-12-17 15:42:09.999,14172,14173,14173,2
2020-12-17 15:42:12.203,14173,14174,14173,1
2020-12-17 15:42:13.303,14172,14174,14172,1
2020-12-17 15:42:22.119,14172,14173,14173,1
2020-12-17 15:42:25.595,14172,14173,14173,1
2020-12-17 15:42:30.063,14172,14173,14173,5
2020-12-17 15:42:30.163,14172,14173,14173,2
2020-12-17 15:42:30.400,14173,14174,14174,2
2020-12-17 15:42:30.614,14173,14174,14174,18
2020-12-17 15:42:30.615,14173,14174,14174,1
2020-12-17 15:42:30.692,14173,14174,14175,1
2020-12-17 15:42:31.149,14174,14175,14175,1
2020-12-17 15:42:31.252,14174,14175,14175,1
2020-12-17 15:42:31.541,14174,14175,14175,1
2020-12-17 15:42:31.724,14174,14175,14175,1
2020-12-17 15:42:35.217,14174,14175,14175,1
2020-12-17 15:42:35.690,14174,14175,14175,1
2020-12-17 15:42:36.393,14174,14175,14175,1
2020-12-17 15:42:38.638,14174,14175,14175,1
2020-12-17 15:42:43.742,14174,14175,14174,4
2020-12-17 15:42:54.658,14173,14174,14174,1
2020-12-17 15:42:57.185,14173,14174,14174,1
2020-12-17 15:43:01.002,14173,14174,14174,1
2020-12-17 15:43:01.002,14173,14174,14174,1
2020-12-17 15:43:01.002,14173,14174,14174,1
2020-12-17 15:43:01.024,14173,14174,14174,1
2020-12-17 15:43:01.388,14174,14175,14175,2
2020-12-17 15:43:02.435,14174,14175,14175,3
2020-12-17 15:43:03.460,14174,14175,14175,1
2020-12-17 15:43:05.889,14174,14175,14175,4
2020-12-17 15:43:08.414,14174,14175,14175,1
2020-12-17 15:43:13.535,14174,14175,14175,4
2020-12-17 15:43:14.962,14174,14175,14175,1
2020-12-17 15:43:16.094,14174,14175,14175,1
2020-12-17 15:43:17.510,14174,14175,14174,7
2020-12-17 15:43:18.902,14173,14174,14174,1
2020-12-17 15:43:22.430,14173,14174,14174,1
2020-12-17 15:43:24.486,14173,14174,14174,1
2020-12-17 15:43:25.134,14173,14174,14173,3
2020-12-17 15:43:26.589,14172,14174,14174,1
2020-12-17 15:43:31.146,14173,14174,14173,1
2020-12-17 15:43:40.008,14172,14173,14173,1
2020-12-17 15:43:41.590,14172,14173,14173,1
2020-12-17 15:43:42.745,14172,14173,14172,2
2020-12-17 15:43:42.745,14172,14173,14172,3
2020-12-17 15:43:43.226,14171,14172,14171,1
2020-12-17 15:43:49.178,14171,14173,14171,3
2020-12-17 15:43:49.382,14171,14172,14171,3
2020-12-17 15:43:50.858,14171,14172,14171,1
2020-12-17 15:43:51.203,14171,14173,14171,3
2020-12-17 15:43:52.539,14171,14173,14171,5
2020-12-17 15:43:58.645,14171,14172,14172,3
2020-12-17 15:43:58.645,14171,14172,14172,4
2020-12-17 15:44:06.927,14171,14172,14172,1
2020-12-17 15:44:08.213,14171,14172,14172,1
2020-12-17 15:44:09.749,14171,14172,14172,1
2020-12-17 15:44:09.749,14171,14172,14172,4
2020-12-17 15:44:09.749,14171,14172,14172,4
2020-12-17 15:44:09.749,14171,14172,14172,1
2020-12-17 15:44:09.750,14171,14172,14172,1
2020-12-17 15:44:15.416,14172,14173,14172,1
2020-12-17 15:44:20.542,14171,14172,14172,6
2020-12-17 15:44:23.152,14171,14172,14172,1
2020-12-17 15:44:33.762,14172,14173,14173,1
2020-12-17 15:44:37.699,14172,14173,14173,2
2020-12-17 15:44:53.212,14172,14173,14172,2
2020-12-17 15:44:56.722,14171,14172,14172,2
2020-12-17 15:45:09.275,14171,14172,14172,1
2020-12-17 15:45:21.918,14172,14173,14173,1
2020-12-17 15:45:22.713,14172,14173,14173,1
2020-12-17 15:45:36.240,14172,14173,14172,11
2020-12-17 15:45:47.753,14171,14172,14172,1
2020-12-17 15:45:57.431,14171,14172,14172,1
2020-12-17 15:46:01.530,14171,14172,14172,2
2020-12-17 15:46:01.594,14171,14172,14172,1
2020-12-17 15:46:05.566,14171,14172,14172,1
2020-12-17 15:46:10.405,14171,14172,14172,1
2020-12-17 15:46:18.577,14171,14172,14172,4
2020-12-17 15:46:18.578,14171,14172,14172,1
2020-12-17 15:46:18.588,14171,14172,14172,1
2020-12-17 15:46:18.589,14171,14172,14172,1
2020-12-17 15:46:18.591,14171,14172,14173,1
2020-12-17 15:46:34.186,14171,14172,14172,1
2020-12-17 15:46:34.214,14171,14172,14172,1
2020-12-17 15:46:41.145,14171,14172,14172,1
2020-12-17 15:46:41.213,14171,14172,14172,1
2020-12-17 15:46:41.214,14171,14172,14172,1
2020-12-17 15:46:56.638,14171,14172,14171,1
2020-12-17 15:46:56.638,14171,14172,14171,7
2020-12-17 15:46:56.638,14171,14172,14171,4
2020-12-17 15:46:56.714,14170,14171,14171,1
2020-12-17 15:47:02.889,14170,14171,14171,1
2020-12-17 15:47:11.566,14170,14171,14170,1
2020-12-17 15:47:11.567,14170,14171,14170,7
2020-12-17 15:47:11.567,14170,14171,14170,4
2020-12-17 15:47:11.567,14170,14171,14170,6
2020-12-17 15:47:11.567,14170,14171,14170,13
2020-12-17 15:47:11.567,14170,14171,14170,8
2020-12-17 15:47:11.567,14170,14171,14170,2
2020-12-17 15:47:12.391,14169,14170,14170,1
2020-12-17 15:47:23.656,14169,14170,14170,1
2020-12-17 15:47:28.399,14170,14171,14170,1
2020-12-17 15:47:35.354,14170,14171,14170,1
2020-12-17 15:47:41.096,14169,14170,14169,3
2020-12-17 15:47:49.809,14168,14169,14169,1
2020-12-17 15:47:50.317,14168,14169,14169,1
2020-12-17 15:47:56.005,14169,14170,14170,1
2020-12-17 15:48:01.079,14169,14170,14169,2
2020-12-17 15:48:01.081,14169,14170,14169,1
2020-12-17 15:48:06.621,14168,14170,14168,1
2020-12-17 15:48:07.024,14168,14169,14168,1
2020-12-17 15:48:15.818,14168,14169,14168,2
2020-12-17 15:48:24.778,14168,14169,14168,5
2020-12-17 15:48:26.022,14168,14169,14169,1
2020-12-17 15:48:39.172,14168,14169,14168,5
2020-12-17 15:48:40.192,14168,14169,14169,1
2020-12-17 15:48:46.774,14168,14169,14168,1
2020-12-17 15:48:55.793,14168,14169,14168,1
2020-12-17 15:49:02.775,14168,14169,14168,5
2020-12-17 15:49:03.607,14168,14169,14168,5
2020-12-17 15:49:03.942,14167,14169,14168,1
2020-12-17 15:49:05.413,14168,14169,14169,12
2020-12-17 15:49:10.280,14168,14170,14168,1
2020-12-17 15:49:14.371,14169,14170,14169,1
2020-12-17 15:49:16.191,14169,14170,14169,2
2020-12-17 15:49:24.988,14169,14170,14169,2
2020-12-17 15:49:31.371,14168,14169,14168,2
2020-12-17 15:49:37.623,14168,14169,14169,2
2020-12-17 15:49:44.427,14169,14170,14169,1
2020-12-17 15:50:02.726,14169,14170,14169,2
2020-12-17 15:50:03.255,14169,14170,14170,1
2020-12-17 15:50:03.319,14169,14170,14169,1
2020-12-17 15:50:03.592,14169,14170,14170,2
2020-12-17 15:50:04.392,14169,14170,14170,1
2020-12-17 15:50:34.031,14169,14170,14170,7
2020-12-17 15:50:38.184,14170,14171,14171,1
2020-12-17 15:51:06.776,14170,14171,14171,4
2020-12-17 15:51:14.048,14171,14172,14172,1
2020-12-17 15:51:21.688,14171,14172,14172,1
2020-12-17 15:51:26.176,14171,14172,14172,1
2020-12-17 15:51:28.889,14171,14172,14172,1
2020-12-17 15:51:28.890,14171,14172,14172,6
2020-12-17 15:51:28.976,14172,14173,14173,1
2020-12-17 15:51:29.804,14172,14173,14172,1
2020-12-17 15:51:43.890,14172,14173,14173,1
2020-12-17 15:52:01.361,14172,14173,14173,1
2020-12-17 15:52:12.799,14172,14173,14172,2
2020-12-17 15:52:15.948,14172,14173,14172,1
2020-12-17 15:52:29.312,14172,14173,14173,6
2020-12-17 15:52:29.312,14172,14173,14173,4
2020-12-17 15:52:29.312,14172,14173,14173,1
2020-12-17 15:52:29.312,14172,14173,14173,5
2020-12-17 15:52:29.312,14172,14173,14173,10
2020-12-17 15:52:31.898,14173,14174,14174,1
2020-12-17 15:52:36.718,14173,14174,14173,1
2020-12-17 15:52:42.358,14173,14174,14173,2
2020-12-17 15:52:45.185,14172,14173,14172,4
2020-12-17 15:52:45.858,14171,14172,14172,1
2020-12-17 15:52:57.672,14171,14172,14172,1
2020-12-17 15:53:02.842,14171,14172,14171,4
2020-12-17 15:53:02.842,14171,14172,14171,1
2020-12-17 15:53:24.898,14171,14172,14172,4
2020-12-17 15:53:24.898,14171,14172,14172,4
2020-12-17 15:53:29.068,14172,14173,14172,1
2020-12-17 15:53:29.552,14172,14173,14172,1
2020-12-17 15:53:29.988,14172,14173,14172,1
2020-12-17 15:53:30.758,14171,14172,14172,2
2020-12-17 15:53:39.013,14171,14172,14172,5
2020-12-17 15:53:51.084,14172,14173,14172,1
2020-12-17 15:54:21.445,14172,14173,14173,2
2020-12-17 15:54:22.147,14172,14173,14173,2
2020-12-17 15:54:25.247,14173,14174,14174,2
2020-12-17 15:54:40.788,14173,14174,14173,3
2020-12-17 15:54:41.128,14173,14174,14174,1
2020-12-17 15:54:43.643,14173,14174,14174,7
2020-12-17 15:54:44.141,14173,14174,14174,1
2020-12-17 15:54:46.179,14173,14174,14173,1
2020-12-17 15:54:46.683,14173,14174,14173,2
2020-12-17 15:54:57.659,14173,14174,14174,2
2020-12-17 15:55:02.413,14173,14174,14173,1
2020-12-17 15:55:02.998,14173,14174,14173,1
2020-12-17 15:55:03.013,14173,14174,14173,1
2020-12-17 15:55:07.332,14173,14174,14173,4
2020-12-17 15:55:07.332,14173,14174,14173,1
2020-12-17 15:55:15.484,14172,14173,14173,1
2020-12-17 15:55:27.290,14172,14173,14172,1
2020-12-17 15:55:41.271,14171,14172,14171,3
2020-12-17 15:55:45.320,14170,14171,14171,2
2020-12-17 15:55:50.706,14170,14171,14171,4
2020-12-17 15:55:50.707,14170,14171,14171,1
2020-12-17 15:56:06.014,14171,14172,14171,1
2020-12-17 15:56:30.597,14170,14171,14170,2
2020-12-17 15:56:41.598,14170,14171,14170,2
2020-12-17 15:56:47.669,14170,14171,14171,1
2020-12-17 15:57:11.608,14170,14171,14171,1
2020-12-17 15:57:12.015,14170,14171,14171,2
2020-12-17 15:57:46.880,14170,14171,14171,1
2020-12-17 15:57:58.223,14170,14171,14170,1
2020-12-17 15:58:08.946,14170,14171,14170,1
2020-12-17 15:58:09.656,14169,14170,14170,1
2020-12-17 15:58:21.932,14169,14170,14170,4
2020-12-17 15:58:25.801,14170,14171,14170,1
2020-12-17 15:58:33.763,14169,14170,14170,1
2020-12-17 15:59:03.207,14170,14171,14171,4
2020-12-17 15:59:03.208,14170,14171,14171,9
2020-12-17 15:59:06.255,14171,14172,14171,2
2020-12-17 15:59:15.678,14170,14171,14171,1
2020-12-17 15:59:24.901,14170,14171,14171,1
2020-12-17 15:59:49.496,14170,14171,14171,1
2020-12-17 15:59:51.060,14171,14172,14171,1
2020-12-17 15:59:59.113,14170,14172,14172,4
2020-12-17 15:59:59.113,14170,14172,14172,1
2020-12-17 15:59:59.113,14170,14172,14172,1
2020-12-17 15:59:59.113,14170,14172,14172,1
2020-12-17 15:59:59.113,14170,14172,14172,1
2020-12-17 16:00:00.689,14172,14173,14173,9
2020-12-17 16:00:00.690,14172,14173,14173,1
2020-12-17 16:00:00.993,14173,14174,14174,1
2020-12-17 16:00:00.993,14173,14174,14174,1
2020-12-17 16:00:00.999,14173,14174,14174,1
2020-12-17 16:00:01.013,14173,14174,14174,1
2020-12-17 16:00:01.263,14172,14174,14174,1
2020-12-17 16:00:01.265,14172,14174,14174,1
2020-12-17 16:00:01.281,14172,14174,14174,1
2020-12-17 16:00:01.355,14172,14174,14174,1
2020-12-17 16:00:01.368,14172,14174,14174,1
2020-12-17 16:00:01.431,14172,14174,14174,1
2020-12-17 16:00:02.287,14172,14174,14174,5
2020-12-17 16:00:02.321,14172,14174,14174,1
2020-12-17 16:00:07.885,14172,14174,14172,4
2020-12-17 16:00:08.588,14172,14173,14173,2
2020-12-17 16:00:08.588,14172,14173,14174,11
2020-12-17 16:00:09.006,14173,14175,14175,1
2020-12-17 16:00:09.223,14173,14174,14174,1
2020-12-17 16:00:09.254,14173,14174,14174,1
2020-12-17 16:00:09.405,14173,14174,14174,1
2020-12-17 16:00:09.586,14173,14174,14174,1
2020-12-17 16:00:09.814,14173,14174,14174,1
2020-12-17 16:00:09.817,14173,14174,14174,1
2020-12-17 16:00:09.980,14173,14174,14174,1
2020-12-17 16:00:09.984,14173,14174,14175,1
2020-12-17 16:00:10.270,14174,14175,14174,1
2020-12-17 16:00:11.084,14173,14175,14175,3
2020-12-17 16:00:11.280,14173,14175,14175,6
2020-12-17 16:00:12.149,14173,14175,14175,1
2020-12-17 16:00:13.488,14173,14174,14174,1
2020-12-17 16:00:13.619,14173,14174,14173,3
2020-12-17 16:00:17.840,14172,14173,14172,5
2020-12-17 16:00:18.120,14171,14172,14172,4
2020-12-17 16:00:18.213,14172,14173,14173,1
2020-12-17 16:00:18.214,14172,14173,14173,1
2020-12-17 16:00:18.214,14172,14173,14173,1
2020-12-17 16:00:18.214,14172,14173,14173,2
2020-12-17 16:00:18.214,14172,14173,14173,1
2020-12-17 16:00:18.215,14172,14173,14174,1
2020-12-17 16:00:18.215,14172,14173,14174,1
2020-12-17 16:00:18.215,14172,14173,14174,1
2020-12-17 16:00:18.216,14172,14173,14174,1
2020-12-17 16:00:18.216,14172,14173,14174,1
2020-12-17 16:00:18.216,14172,14173,14174,1
2020-12-17 16:00:18.216,14172,14173,14174,1
2020-12-17 16:00:18.216,14172,14173,14174,1
2020-12-17 16:00:21.735,14172,14173,14173,1
2020-12-17 16:00:24.227,14173,14174,14174,1
2020-12-17 16:00:24.227,14173,14174,14174,2
2020-12-17 16:00:27.381,14173,14174,14174,1
2020-12-17 16:00:32.069,14175,14176,14175,1
2020-12-17 16:00:34.400,14175,14176,14175,1
2020-12-17 16:00:34.942,14175,14176,14175,1
2020-12-17 16:00:43.681,14175,14176,14175,1
2020-12-17 16:00:45.608,14175,14176,14175,2
2020-12-17 16:00:45.713,14174,14175,14175,1
2020-12-17 16:00:47.510,14174,14175,14175,1
2020-12-17 16:00:57.701,14174,14175,14175,1
2020-12-17 16:00:57.714,14174,14175,14175,1
2020-12-17 16:01:02.701,14174,14175,14174,1
2020-12-17 16:01:03.067,14173,14174,14174,1
2020-12-17 16:01:03.090,14172,14174,14174,1
2020-12-17 16:01:03.380,14172,14174,14174,4
2020-12-17 16:01:10.766,14174,14175,14174,3
2020-12-17 16:01:12.363,14174,14175,14174,1
2020-12-17 16:01:14.304,14173,14175,14174,1
2020-12-17 16:01:15.118,14174,14175,14175,13
2020-12-17 16:01:18.511,14175,14176,14175,1
2020-12-17 16:01:22.512,14174,14175,14175,2
2020-12-17 16:01:23.510,14174,14176,14176,40
2020-12-17 16:01:23.615,14175,14176,14176,1
2020-12-17 16:01:23.621,14175,14176,14175,1
2020-12-17 16:01:23.736,14175,14176,14176,1
2020-12-17 16:01:23.736,14175,14176,14176,1
2020-12-17 16:01:23.736,14175,14176,14176,3
2020-12-17 16:01:23.737,14175,14176,14177,1
2020-12-17 16:01:23.764,14175,14176,14177,1
2020-12-17 16:01:23.765,14175,14176,14177,2
2020-12-17 16:01:23.768,14175,14176,14177,1
2020-12-17 16:01:23.781,14175,14176,14177,2
2020-12-17 16:01:23.910,14175,14177,14177,1
2020-12-17 16:01:24.128,14176,14177,14176,1
2020-12-17 16:01:26.791,14176,14177,14177,1
2020-12-17 16:01:29.801,14176,14177,14177,2
2020-12-17 16:01:30.153,14176,14177,14176,1
2020-12-17 16:01:30.497,14176,14177,14177,1
2020-12-17 16:01:40.503,14176,14177,14176,1
2020-12-17 16:01:43.027,14176,14177,14176,1
2020-12-17 16:01:43.027,14176,14177,14176,1
2020-12-17 16:01:43.027,14176,14177,14176,1
2020-12-17 16:01:43.027,14176,14177,14176,1
2020-12-17 16:01:43.027,14176,14177,14176,1
2020-12-17 16:01:43.027,14176,14177,14176,1
2020-12-17 16:01:46.210,14175,14176,14176,2
2020-12-17 16:01:47.732,14175,14176,14176,2
2020-12-17 16:01:47.753,14175,14176,14176,1
2020-12-17 16:01:47.754,14175,14176,14176,1
2020-12-17 16:01:47.828,14175,14176,14176,1
2020-12-17 16:01:50.845,14176,14177,14176,5
2020-12-17 16:01:50.845,14176,14177,14176,8
2020-12-17 16:01:54.439,14175,14176,14176,1
2020-12-17 16:01:55.798,14175,14176,14175,1
2020-12-17 16:01:59.410,14175,14176,14176,1
2020-12-17 16:01:59.914,14175,14176,14175,1
2020-12-17 16:02:03.779,14175,14176,14176,1
2020-12-17 16:02:06.985,14175,14176,14176,2
2020-12-17 16:02:08.193,14175,14176,14176,2
2020-12-17 16:02:08.242,14175,14176,14176,2
2020-12-17 16:02:08.247,14175,14176,14176,2
2020-12-17 16:02:09.231,14176,14177,14176,1
2020-12-17 16:02:10.732,14176,14177,14176,3
2020-12-17 16:02:13.179,14176,14177,14176,1
2020-12-17 16:02:13.180,14176,14177,14176,1
2020-12-17 16:02:13.180,14176,14177,14176,2
2020-12-17 16:02:13.180,14176,14177,14176,1
2020-12-17 16:02:13.180,14176,14177,14176,4
2020-12-17 16:02:15.069,14176,14177,14176,1
2020-12-17 16:02:17.052,14176,14177,14176,3
2020-12-17 16:02:18.510,14176,14177,14177,9
2020-12-17 16:02:18.510,14176,14177,14177,1
2020-12-17 16:02:18.510,14176,14177,14177,1
2020-12-17 16:02:18.510,14176,14177,14177,1
2020-12-17 16:02:18.510,14176,14177,14177,1
2020-12-17 16:02:18.510,14176,14177,14177,1
2020-12-17 16:02:21.167,14176,14178,14177,1
2020-12-17 16:02:21.168,14176,14178,14177,1
2020-12-17 16:02:21.657,14176,14177,14177,2
2020-12-17 16:02:24.264,14177,14178,14178,1
2020-12-17 16:02:24.264,14177,14178,14178,3
2020-12-17 16:02:24.264,14177,14178,14178,13
2020-12-17 16:02:24.264,14177,14178,14178,5
2020-12-17 16:02:24.264,14177,14178,14178,4
2020-12-17 16:02:24.392,14178,14179,14179,1
2020-12-17 16:02:24.405,14178,14179,14179,9
2020-12-17 16:02:24.405,14178,14179,14179,1
2020-12-17 16:02:24.436,14178,14179,14179,2
2020-12-17 16:02:24.437,14178,14179,14179,1
2020-12-17 16:02:24.477,14178,14180,14178,4
2020-12-17 16:02:24.486,14178,14180,14180,1
2020-12-17 16:02:24.496,14178,14180,14180,1
2020-12-17 16:02:24.539,14178,14180,14179,3
2020-12-17 16:02:24.757,14179,14180,14180,1
2020-12-17 16:02:24.804,14179,14180,14180,1
2020-12-17 16:02:24.815,14179,14180,14180,8
2020-12-17 16:02:24.816,14179,14180,14180,1
2020-12-17 16:02:24.816,14179,14180,14180,1
2020-12-17 16:02:24.816,14179,14180,14180,2
2020-12-17 16:02:24.948,14179,14180,14180,1
2020-12-17 16:02:25.427,14179,14180,14180,1
2020-12-17 16:02:25.868,14179,14180,14180,2
2020-12-17 16:02:26.491,14179,14180,14180,2
2020-12-17 16:02:26.582,14179,14180,14180,1
2020-12-17 16:02:26.676,14179,14180,14180,1
2020-12-17 16:02:26.825,14179,14180,14179,2
2020-12-17 16:02:26.825,14179,14180,14179,1
2020-12-17 16:02:26.825,14179,14180,14179,1
2020-12-17 16:02:26.825,14179,14180,14179,1
2020-12-17 16:02:26.825,14179,14180,14179,1
2020-12-17 16:02:26.826,14179,14180,14179,1
2020-12-17 16:02:27.256,14178,14179,14179,3
2020-12-17 16:02:27.505,14178,14179,14179,1
2020-12-17 16:02:27.739,14177,14179,14179,3
2020-12-17 16:02:27.739,14177,14179,14180,1
2020-12-17 16:02:35.018,14178,14179,14179,1
2020-12-17 16:02:35.018,14178,14179,14179,1
2020-12-17 16:02:35.018,14178,14179,14179,7
2020-12-17 16:02:35.914,14179,14180,14180,13
2020-12-17 16:02:36.062,14179,14180,14180,1
2020-12-17 16:02:36.669,14179,14180,14179,1
2020-12-17 16:02:38.796,14179,14180,14179,2
2020-12-17 16:02:40.316,14179,14180,14180,1
2020-12-17 16:02:40.420,14179,14180,14179,1
2020-12-17 16:02:43.614,14179,14180,14179,1
2020-12-17 16:02:44.303,14179,14180,14179,1
2020-12-17 16:02:45.177,14179,14180,14179,2
2020-12-17 16:02:46.393,14179,14180,14179,2
2020-12-17 16:02:47.677,14178,14179,14179,1
2020-12-17 16:02:48.361,14178,14179,14178,1
2020-12-17 16:02:50.436,14178,14179,14178,9
2020-12-17 16:02:50.549,14177,14179,14178,2
2020-12-17 16:02:51.935,14177,14178,14178,1
2020-12-17 16:03:00.494,14178,14179,14179,1
2020-12-17 16:03:06.134,14178,14179,14179,12
2020-12-17 16:03:07.996,14179,14180,14179,1
2020-12-17 16:03:08.425,14179,14180,14180,1
2020-12-17 16:03:10.716,14179,14180,14180,2
2020-12-17 16:03:14.548,14179,14180,14180,1
2020-12-17 16:03:14.882,14179,14180,14180,10
2020-12-17 16:03:14.883,14179,14180,14180,5
2020-12-17 16:03:15.412,14179,14180,14180,1
2020-12-17 16:03:17.347,14179,14180,14180,1
2020-12-17 16:03:17.998,14179,14180,14179,1
2020-12-17 16:03:18.294,14179,14180,14180,2
2020-12-17 16:03:22.968,14179,14180,14179,2
2020-12-17 16:03:23.192,14179,14180,14180,1
2020-12-17 16:03:23.291,14179,14180,14180,5
2020-12-17 16:03:28.906,14179,14181,14180,3
2020-12-17 16:03:30.692,14180,14181,14180,2
2020-12-17 16:03:32.558,14180,14181,14180,1
2020-12-17 16:03:36.957,14179,14180,14179,2
2020-12-17 16:03:37.164,14179,14180,14179,6
2020-12-17 16:03:43.850,14178,14180,14180,1
2020-12-17 16:03:44.042,14178,14180,14178,2
2020-12-17 16:03:47.427,14178,14180,14178,1
2020-12-17 16:03:49.739,14178,14179,14178,2
2020-12-17 16:03:49.808,14178,14179,14178,3
2020-12-17 16:03:55.447,14177,14178,14178,1
2020-12-17 16:04:01.644,14177,14178,14178,1
2020-12-17 16:04:06.498,14177,14178,14177,1
2020-12-17 16:04:06.676,14177,14178,14178,3
2020-12-17 16:04:06.676,14177,14178,14179,2
2020-12-17 16:04:06.883,14177,14179,14179,1
2020-12-17 16:04:22.285,14178,14179,14179,1
2020-12-17 16:04:22.489,14178,14179,14179,8
2020-12-17 16:04:22.568,14178,14179,14180,2
2020-12-17 16:04:22.827,14179,14180,14180,1
2020-12-17 16:04:25.321,14179,14180,14180,1
2020-12-17 16:04:29.199,14179,14180,14180,1
2020-12-17 16:04:30.379,14179,14180,14180,1
2020-12-17 16:04:32.260,14179,14180,14180,1
2020-12-17 16:04:33.211,14179,14180,14180,1
2020-12-17 16:04:35.182,14179,14180,14180,1
2020-12-17 16:04:36.815,14179,14180,14180,2
2020-12-17 16:04:43.350,14180,14181,14180,2
2020-12-17 16:04:43.538,14180,14181,14180,1
2020-12-17 16:04:45.955,14180,14181,14180,1
2020-12-17 16:04:47.434,14179,14181,14179,1
2020-12-17 16:04:49.093,14179,14180,14179,3
2020-12-17 16:04:55.852,14178,14179,14178,1
2020-12-17 16:05:03.824,14178,14180,14178,2
2020-12-17 16:05:04.101,14178,14179,14179,5
2020-12-17 16:05:04.101,14178,14179,14180,2
2020-12-17 16:05:04.313,14178,14180,14180,1
2020-12-17 16:05:13.369,14178,14179,14179,1
2020-12-17 16:05:18.113,14178,14179,14179,5
2020-12-17 16:05:19.048,14178,14179,14179,2
2020-12-17 16:05:21.242,14179,14180,14179,1
2020-12-17 16:05:24.070,14179,14180,14179,2
2020-12-17 16:05:29.587,14178,14179,14178,4
2020-12-17 16:05:33.145,14177,14178,14178,5
2020-12-17 16:05:33.793,14177,14178,14178,3
2020-12-17 16:05:33.795,14177,14178,14178,2
2020-12-17 16:05:41.586,14177,14178,14178,5
2020-12-17 16:05:52.992,14178,14179,14179,7
2020-12-17 16:05:52.993,14178,14179,14179,6
2020-12-17 16:06:10.221,14178,14179,14179,10
2020-12-17 16:06:10.692,14179,14180,14180,1
2020-12-17 16:06:10.830,14179,14180,14180,2
2020-12-17 16:06:10.845,14179,14180,14180,4
2020-12-17 16:06:10.985,14180,14181,14181,1
2020-12-17 16:06:10.994,14180,14181,14181,1
2020-12-17 16:06:19.948,14179,14180,14180,1
2020-12-17 16:06:27.875,14179,14180,14180,2
2020-12-17 16:06:28.258,14179,14180,14180,4
2020-12-17 16:06:28.733,14180,14181,14180,1
2020-12-17 16:06:30.476,14179,14180,14180,1
2020-12-17 16:06:35.830,14180,14181,14180,2
2020-12-17 16:06:39.645,14179,14181,14179,1
2020-12-17 16:06:50.567,14179,14180,14180,1
2020-12-17 16:06:50.883,14179,14180,14179,1
2020-12-17 16:06:51.192,14179,14180,14179,2
2020-12-17 16:06:53.823,14178,14179,14179,3
2020-12-17 16:07:06.772,14179,14180,14179,4
2020-12-17 16:07:09.060,14178,14179,14179,4
2020-12-17 16:07:19.916,14178,14179,14179,1
2020-12-17 16:07:40.036,14179,14180,14179,1
2020-12-17 16:07:43.996,14179,14180,14179,2
2020-12-17 16:07:54.281,14178,14179,14179,1
2020-12-17 16:08:04.352,14178,14179,14179,1
2020-12-17 16:08:10.401,14178,14179,14179,1
2020-12-17 16:08:13.507,14178,14179,14179,1
2020-12-17 16:08:18.842,14178,14179,14179,5
2020-12-17 16:08:19.410,14178,14179,14178,1
2020-12-17 16:08:19.507,14178,14179,14178,1
2020-12-17 16:08:25.276,14178,14179,14178,1
2020-12-17 16:08:25.276,14178,14179,14178,2
2020-12-17 16:08:27.813,14177,14178,14178,4
2020-12-17 16:08:39.570,14178,14179,14179,1
2020-12-17 16:08:47.727,14178,14179,14179,5
2020-12-17 16:08:47.837,14179,14180,14180,4
2020-12-17 16:08:52.579,14179,14180,14179,1
2020-12-17 16:09:08.947,14179,14180,14179,1
2020-12-17 16:09:25.119,14179,14180,14179,1
2020-12-17 16:09:35.512,14179,14180,14180,13
2020-12-17 16:09:35.864,14180,14181,14180,1
2020-12-17 16:09:43.001,14180,14181,14181,1
2020-12-17 16:09:43.231,14180,14181,14181,1
2020-12-17 16:09:43.243,14180,14181,14181,1
2020-12-17 16:09:45.917,14180,14181,14181,1
2020-12-17 16:09:54.778,14180,14181,14180,3
2020-12-17 16:09:59.029,14179,14180,14179,3
2020-12-17 16:10:00.212,14178,14179,14178,2
2020-12-17 16:10:02.587,14177,14179,14179,1
2020-12-17 16:10:08.087,14178,14179,14178,1
2020-12-17 16:10:08.367,14177,14178,14178,4
2020-12-17 16:10:13.572,14178,14179,14178,2
2020-12-17 16:10:14.877,14177,14178,14178,1
2020-12-17 16:10:15.852,14177,14178,14178,2
2020-12-17 16:10:15.951,14177,14178,14178,1
2020-12-17 16:10:16.041,14177,14178,14178,3
2020-12-17 16:10:16.042,14177,14178,14178,2
2020-12-17 16:10:18.337,14177,14178,14177,3
2020-12-17 16:10:26.671,14176,14178,14178,1
2020-12-17 16:10:31.196,14176,14177,14177,1
2020-12-17 16:10:35.164,14176,14177,14177,5
2020-12-17 16:10:37.333,14176,14178,14176,1
2020-12-17 16:10:37.589,14176,14177,14177,1
2020-12-17 16:10:42.831,14176,14177,14176,1
2020-12-17 16:10:43.774,14176,14177,14177,1
2020-12-17 16:11:13.095,14176,14178,14176,1
2020-12-17 16:11:27.237,14176,14177,14176,7
2020-12-17 16:11:27.571,14175,14176,14176,2
2020-12-17 16:11:36.688,14175,14176,14177,1
2020-12-17 16:11:51.284,14175,14176,14175,2
2020-12-17 16:11:54.786,14175,14176,14175,3
2020-12-17 16:11:59.658,14175,14176,14175,3
2020-12-17 16:12:00.863,14175,14176,14175,1
2020-12-17 16:12:04.693,14174,14176,14174,1
2020-12-17 16:12:20.555,14174,14175,14174,1
2020-12-17 16:12:31.284,14174,14175,14175,7
2020-12-17 16:12:31.337,14175,14176,14176,1
2020-12-17 16:12:35.349,14175,14176,14175,1
2020-12-17 16:12:36.233,14175,14176,14176,4
2020-12-17 16:12:38.782,14175,14177,14175,2
2020-12-17 16:12:43.632,14175,14177,14175,2
2020-12-17 16:12:48.819,14175,14177,14175,12
2020-12-17 16:12:58.470,14174,14175,14174,2
2020-12-17 16:12:58.471,14174,14175,14174,6
2020-12-17 16:12:58.883,14173,14174,14174,2
2020-12-17 16:13:02.089,14173,14174,14173,2
2020-12-17 16:13:02.365,14173,14174,14173,2
2020-12-17 16:13:06.093,14173,14174,14173,1
2020-12-17 16:13:07.841,14173,14174,14173,1
2020-12-17 16:13:08.349,14173,14174,14173,1
2020-12-17 16:13:08.492,14173,14174,14173,1
2020-12-17 16:13:10.982,14173,14174,14173,1
2020-12-17 16:13:11.043,14173,14174,14173,1
2020-12-17 16:13:12.489,14173,14174,14173,1
2020-12-17 16:13:12.494,14173,14174,14173,1
2020-12-17 16:13:13.200,14173,14174,14173,1
2020-12-17 16:13:13.808,14173,14174,14174,1
2020-12-17 16:13:13.815,14173,14174,14174,1
2020-12-17 16:13:15.005,14173,14174,14173,1
2020-12-17 16:13:20.571,14173,14174,14173,1
2020-12-17 16:13:22.175,14173,14174,14174,2
2020-12-17 16:13:22.175,14173,14174,14174,1
2020-12-17 16:13:29.577,14174,14175,14174,2
2020-12-17 16:13:43.401,14174,14175,14175,12
2020-12-17 16:13:43.401,14174,14175,14175,1
2020-12-17 16:13:43.401,14174,14175,14175,2
2020-12-17 16:13:43.401,14174,14175,14175,1
2020-12-17 16:13:43.401,14174,14175,14175,1
2020-12-17 16:13:43.401,14174,14175,14175,1
2020-12-17 16:13:43.401,14174,14175,14175,1
2020-12-17 16:13:43.401,14174,14175,14175,1
2020-12-17 16:13:43.401,14174,14175,14175,13
2020-12-17 16:14:01.625,14174,14175,14175,1
2020-12-17 16:14:14.994,14174,14175,14175,1
2020-12-17 16:14:51.822,14174,14175,14175,1
2020-12-17 16:15:09.285,14174,14175,14175,1
2020-12-17 16:15:10.942,14174,14175,14174,7
2020-12-17 16:15:19.483,14173,14174,14174,1
2020-12-17 16:15:25.212,14174,14175,14174,1
2020-12-17 16:15:43.417,14174,14175,14174,2
2020-12-17 16:15:43.417,14174,14175,14174,1
2020-12-17 16:15:44.742,14173,14174,14174,1
2020-12-17 16:15:56.656,14173,14174,14174,2
2020-12-17 16:16:16.547,14173,14174,14174,1
2020-12-17 16:16:16.719,14174,14175,14174,2
2020-12-17 16:16:20.829,14174,14175,14174,1
2020-12-17 16:16:20.838,14173,14175,14175,1
2020-12-17 16:16:20.839,14173,14175,14175,1
2020-12-17 16:16:55.378,14174,14175,14174,1
2020-12-17 16:17:01.380,14174,14175,14175,4
2020-12-17 16:17:40.234,14174,14175,14174,1
2020-12-17 16:18:08.451,14173,14174,14174,1
2020-12-17 16:18:18.466,14173,14174,14174,1
2020-12-17 16:19:11.680,14174,14175,14175,25
2020-12-17 16:19:13.391,14175,14176,14176,7
2020-12-17 16:19:29.179,14175,14176,14176,1
2020-12-17 16:19:37.586,14175,14176,14176,1
2020-12-17 16:19:43.736,14175,14176,14176,1
2020-12-17 16:19:54.809,14175,14176,14176,2
2020-12-17 16:19:56.036,14175,14176,14176,1
2020-12-17 16:19:58.722,14175,14176,14176,2
2020-12-17 16:19:58.839,14175,14177,14176,2
2020-12-17 16:19:58.839,14175,14177,14176,1
2020-12-17 16:20:09.761,14176,14177,14177,2
2020-12-17 16:20:22.710,14176,14177,14176,2
2020-12-17 16:20:30.668,14175,14176,14175,2
2020-12-17 16:20:30.670,14175,14176,14175,4
2020-12-17 16:20:36.796,14174,14176,14176,5
2020-12-17 16:20:51.791,14175,14176,14176,1
2020-12-17 16:20:55.845,14175,14176,14176,1
2020-12-17 16:21:16.594,14176,14177,14176,3
2020-12-17 16:21:21.108,14175,14176,14176,1
2020-12-17 16:21:21.212,14176,14177,14177,4
2020-12-17 16:21:24.995,14176,14178,14176,1
2020-12-17 16:21:30.481,14176,14178,14178,1
2020-12-17 16:21:46.312,14176,14178,14178,1
2020-12-17 16:22:21.564,14177,14178,14177,1
2020-12-17 16:22:40.071,14177,14178,14178,1
2020-12-17 16:22:47.538,14177,14178,14178,6
2020-12-17 16:23:02.275,14178,14179,14178,3
2020-12-17 16:23:03.589,14178,14179,14179,1
2020-12-17 16:23:03.589,14178,14179,14179,2
2020-12-17 16:23:03.643,14178,14179,14180,1
2020-12-17 16:23:03.677,14178,14179,14179,1
2020-12-17 16:23:03.899,14178,14180,14180,1
2020-12-17 16:23:24.464,14178,14179,14179,1
2020-12-17 16:23:39.933,14178,14179,14179,1
2020-12-17 16:23:43.004,14178,14179,14179,4
2020-12-17 16:23:49.601,14178,14180,14178,5
2020-12-17 16:23:51.615,14179,14180,14179,2
2020-12-17 16:23:51.713,14178,14180,14180,1
2020-12-17 16:23:51.713,14178,14180,14180,1
2020-12-17 16:23:51.714,14178,14180,14180,1
2020-12-17 16:23:51.714,14178,14180,14180,1
2020-12-17 16:23:51.714,14178,14180,14180,1
2020-12-17 16:23:51.714,14178,14180,14180,1
2020-12-17 16:23:51.715,14178,14180,14180,1
2020-12-17 16:23:51.715,14178,14180,14180,1
2020-12-17 16:23:51.715,14178,14180,14180,1
2020-12-17 16:23:51.715,14178,14180,14180,1
2020-12-17 16:23:51.715,14178,14180,14180,1
2020-12-17 16:23:51.715,14178,14180,14180,1
2020-12-17 16:23:51.715,14178,14180,14180,1
2020-12-17 16:23:51.791,14178,14180,14179,1
2020-12-17 16:23:57.009,14178,14179,14179,1
2020-12-17 16:23:58.720,14178,14179,14179,4
2020-12-17 16:24:05.745,14178,14179,14178,1
2020-12-17 16:24:06.254,14178,14179,14179,1
2020-12-17 16:24:08.185,14178,14179,14178,1
2020-12-17 16:24:08.448,14177,14179,14178,1
2020-12-17 16:24:08.512,14177,14179,14179,4
2020-12-17 16:24:21.366,14177,14178,14177,2
2020-12-17 16:24:21.366,14177,14178,14177,1
2020-12-17 16:24:54.635,14176,14177,14177,4
2020-12-17 16:25:02.356,14177,14178,14177,1
2020-12-17 16:25:11.831,14177,14178,14178,1
2020-12-17 16:25:18.629,14177,14178,14178,3
2020-12-17 16:25:21.475,14177,14178,14177,1
2020-12-17 16:25:28.656,14176,14178,14178,5
2020-12-17 16:25:32.842,14176,14178,14176,2
2020-12-17 16:25:41.803,14176,14177,14177,2
2020-12-17 16:25:53.157,14177,14178,14177,1
2020-12-17 16:25:57.715,14177,14178,14178,1
2020-12-17 16:25:57.786,14177,14178,14179,1
2020-12-17 16:26:03.555,14177,14178,14178,4
2020-12-17 16:27:04.385,14177,14178,14177,1
2020-12-17 16:27:12.631,14176,14178,14177,1
2020-12-17 16:27:38.335,14176,14177,14176,1
2020-12-17 16:27:51.758,14176,14177,14177,1
2020-12-17 16:27:55.616,14177,14178,14177,1
2020-12-17 16:28:02.468,14177,14178,14177,1
2020-12-17 16:28:02.468,14177,14178,14177,1
2020-12-17 16:28:27.712,14177,14178,14178,1
2020-12-17 16:28:38.907,14177,14178,14178,2
2020-12-17 16:28:39.454,14177,14178,14177,2
2020-12-17 16:28:47.091,14177,14178,14178,1
2020-12-17 16:28:54.142,14177,14178,14178,12
2020-12-17 16:29:08.983,14178,14179,14179,2
2020-12-17 16:29:30.782,14178,14179,14178,1
2020-12-17 16:29:33.587,14178,14179,14179,1
2020-12-17 16:29:52.863,14178,14179,14179,4
2020-12-17 16:30:05.593,14178,14179,14179,2
2020-12-17 16:30:06.050,14178,14179,14178,1
2020-12-17 16:30:06.151,14178,14179,14179,2
2020-12-17 16:30:06.228,14178,14179,14179,1
2020-12-17 16:30:06.229,14178,14179,14179,3
2020-12-17 16:30:06.260,14178,14179,14180,2
2020-12-17 16:30:06.285,14178,14179,14180,1
2020-12-17 16:30:07.194,14179,14180,14180,1
2020-12-17 16:30:07.753,14179,14180,14180,2
2020-12-17 16:30:08.431,14179,14180,14180,5
2020-12-17 16:30:10.577,14179,14181,14181,1
2020-12-17 16:30:10.608,14179,14181,14181,2
2020-12-17 16:30:10.692,14179,14181,14181,1
2020-12-17 16:30:10.788,14179,14181,14181,1
2020-12-17 16:30:14.357,14180,14181,14181,2
2020-12-17 16:30:14.357,14180,14181,14181,5
2020-12-17 16:30:20.694,14181,14182,14181,3
2020-12-17 16:30:29.501,14181,14182,14182,10
2020-12-17 16:30:29.744,14181,14182,14182,1
2020-12-17 16:30:34.076,14181,14182,14182,1
2020-12-17 16:30:42.715,14181,14182,14182,1
2020-12-17 16:30:44.909,14181,14182,14181,1
2020-12-17 16:30:49.283,14181,14182,14181,1
2020-12-17 16:30:53.177,14181,14182,14182,1
2020-12-17 16:30:57.201,14181,14182,14181,1
2020-12-17 16:31:00.672,14181,14182,14182,7
2020-12-17 16:31:01.263,14181,14182,14182,3
2020-12-17 16:31:01.263,14181,14182,14183,1
2020-12-17 16:31:01.646,14181,14183,14181,4
2020-12-17 16:31:02.357,14181,14182,14181,1
2020-12-17 16:31:02.601,14180,14181,14181,1
2020-12-17 16:31:03.400,14180,14182,14181,3
2020-12-17 16:31:07.134,14180,14181,14181,1
2020-12-17 16:31:07.877,14180,14181,14181,2
2020-12-17 16:31:20.761,14180,14181,14181,2
2020-12-17 16:31:20.807,14180,14181,14181,1
2020-12-17 16:31:21.680,14180,14181,14181,1
2020-12-17 16:31:25.232,14180,14181,14181,1
2020-12-17 16:31:25.551,14180,14181,14181,2
2020-12-17 16:31:25.598,14180,14181,14181,1
2020-12-17 16:31:25.598,14180,14181,14181,1
2020-12-17 16:31:26.268,14181,14182,14182,1
2020-12-17 16:31:30.408,14181,14182,14182,1
2020-12-17 16:31:30.494,14181,14182,14182,1
2020-12-17 16:31:32.563,14182,14183,14182,1
2020-12-17 16:31:55.781,14182,14183,14182,1
2020-12-17 16:32:02.276,14182,14183,14182,1
2020-12-17 16:32:42.116,14182,14183,14182,1
2020-12-17 16:32:43.864,14182,14183,14183,2
2020-12-17 16:32:44.069,14182,14183,14183,1
2020-12-17 16:32:44.104,14182,14183,14183,1
2020-12-17 16:32:44.360,14182,14183,14183,1
2020-12-17 16:32:55.671,14182,14183,14183,2
2020-12-17 16:33:02.203,14182,14183,14182,1
2020-12-17 16:33:34.012,14182,14183,14182,3
2020-12-17 16:33:39.098,14182,14183,14182,1
2020-12-17 16:33:44.374,14182,14183,14182,4
2020-12-17 16:33:44.375,14182,14183,14182,10
2020-12-17 16:34:02.182,14181,14182,14181,2
2020-12-17 16:34:09.273,14181,14182,14181,1
2020-12-17 16:34:11.166,14181,14182,14181,1
2020-12-17 16:34:18.651,14181,14182,14181,1
2020-12-17 16:34:40.811,14180,14181,14180,1
2020-12-17 16:34:48.008,14180,14181,14181,3
2020-12-17 16:34:48.008,14180,14181,14181,1
2020-12-17 16:34:48.175,14180,14182,14180,1
2020-12-17 16:34:53.616,14180,14181,14181,2
2020-12-17 16:35:02.289,14181,14182,14181,1
2020-12-17 16:35:03.185,14181,14182,14181,1
2020-12-17 16:35:03.185,14181,14182,14181,1
2020-12-17 16:35:07.997,14180,14181,14181,1
2020-12-17 16:35:14.854,14180,14181,14181,2
2020-12-17 16:35:23.359,14181,14182,14182,12
2020-12-17 16:35:31.086,14182,14183,14183,2
2020-12-17 16:35:31.250,14182,14183,14183,1
2020-12-17 16:35:31.264,14182,14183,14183,1
2020-12-17 16:35:31.265,14182,14183,14183,6
2020-12-17 16:35:40.457,14183,14184,14184,2
2020-12-17 16:35:40.590,14183,14184,14184,4
2020-12-17 16:35:45.803,14183,14184,14184,1
2020-12-17 16:35:50.263,14183,14184,14184,1
2020-12-17 16:35:53.347,14183,14184,14184,1
2020-12-17 16:35:54.493,14183,14184,14184,1
2020-12-17 16:35:55.516,14183,14184,14184,1
2020-12-17 16:35:57.506,14183,14184,14184,1
2020-12-17 16:36:06.926,14183,14184,14183,8
2020-12-17 16:36:06.967,14182,14183,14183,1
2020-12-17 16:36:12.564,14182,14183,14183,1
2020-12-17 16:36:12.588,14182,14184,14184,1
2020-12-17 16:36:12.589,14182,14184,14184,1
2020-12-17 16:36:13.761,14183,14184,14184,1
2020-12-17 16:36:15.978,14183,14184,14183,1
2020-12-17 16:36:19.749,14182,14183,14183,1
2020-12-17 16:36:35.364,14182,14183,14183,1
2020-12-17 16:36:35.463,14182,14183,14183,1
2020-12-17 16:36:35.464,14182,14183,14184,2
2020-12-17 16:36:35.464,14182,14183,14184,1
2020-12-17 16:36:44.623,14182,14183,14183,2
2020-12-17 16:36:44.713,14182,14184,14184,1
2020-12-17 16:36:44.714,14182,14184,14184,1
2020-12-17 16:36:52.309,14183,14184,14183,1
2020-12-17 16:36:52.338,14182,14183,14183,1
2020-12-17 16:36:52.339,14182,14183,14184,1
2020-12-17 16:37:07.814,14182,14183,14183,1
2020-12-17 16:37:07.848,14182,14183,14183,1
2020-12-17 16:37:07.848,14182,14183,14183,1
2020-12-17 16:37:07.849,14182,14183,14183,1
2020-12-17 16:37:07.855,14182,14183,14183,1
2020-12-17 16:37:08.212,14182,14183,14182,8
2020-12-17 16:37:08.338,14181,14182,14182,2
2020-12-17 16:37:08.338,14181,14182,14183,2
2020-12-17 16:37:08.339,14181,14182,14183,1
2020-12-17 16:37:08.339,14181,14182,14183,1
2020-12-17 16:37:08.339,14181,14182,14183,1
2020-12-17 16:37:08.340,14181,14182,14183,1
2020-12-17 16:37:08.340,14181,14182,14183,1
2020-12-17 16:37:08.342,14181,14182,14183,1
2020-12-17 16:37:08.447,14181,14182,14183,1
2020-12-17 16:37:08.465,14181,14183,14183,1
2020-12-17 16:37:08.798,14181,14183,14181,2
2020-12-17 16:37:14.709,14181,14182,14181,1
2020-12-17 16:37:15.420,14181,14182,14181,1
2020-12-17 16:37:17.212,14181,14182,14181,2
2020-12-17 16:37:18.824,14180,14182,14180,1
2020-12-17 16:37:18.838,14180,14182,14182,2
2020-12-17 16:37:18.839,14180,14182,14182,3
2020-12-17 16:37:21.309,14181,14182,14181,2
2020-12-17 16:37:39.853,14181,14182,14181,1
2020-12-17 16:38:00.018,14180,14181,14181,1
2020-12-17 16:38:00.089,14180,14181,14181,2
2020-12-17 16:38:00.089,14180,14181,14181,1
2020-12-17 16:38:00.089,14180,14181,14182,1
2020-12-17 16:38:36.852,14181,14182,14182,5
2020-12-17 16:38:37.246,14182,14183,14183,4
2020-12-17 16:38:37.338,14183,14184,14184,1
2020-12-17 16:38:37.338,14183,14184,14184,1
2020-12-17 16:38:37.611,14182,14184,14184,1
2020-12-17 16:38:37.837,14183,14184,14184,3
2020-12-17 16:38:39.296,14183,14184,14183,1
2020-12-17 16:38:43.768,14182,14184,14184,1
2020-12-17 16:38:48.770,14183,14184,14183,1
2020-12-17 16:38:50.004,14182,14184,14184,2
2020-12-17 16:38:50.244,14183,14184,14184,1
2020-12-17 16:38:53.195,14183,14184,14183,3
2020-12-17 16:38:53.196,14183,14184,14183,1
2020-12-17 16:38:59.117,14183,14184,14183,1
2020-12-17 16:39:00.659,14183,14184,14183,6
2020-12-17 16:39:00.857,14182,14183,14182,1
2020-12-17 16:39:00.946,14182,14183,14183,5
2020-12-17 16:39:01.496,14182,14183,14183,1
2020-12-17 16:39:02.210,14182,14183,14182,5
2020-12-17 16:39:03.512,14182,14183,14182,2
2020-12-17 16:39:27.908,14181,14182,14181,5
2020-12-17 16:39:29.341,14181,14182,14181,4
2020-12-17 16:39:29.628,14180,14181,14181,1
2020-12-17 16:39:30.899,14181,14182,14182,1
2020-12-17 16:39:37.696,14181,14182,14181,5
2020-12-17 16:39:39.398,14181,14182,14181,1
2020-12-17 16:39:39.686,14180,14181,14181,4
2020-12-17 16:39:45.841,14180,14182,14182,10
2020-12-17 16:39:54.993,14181,14182,14181,5
2020-12-17 16:39:57.888,14180,14182,14180,1
2020-12-17 16:40:01.460,14180,14181,14180,1
2020-12-17 16:40:01.627,14180,14181,14180,1
2020-12-17 16:40:02.537,14180,14181,14180,1
2020-12-17 16:40:08.559,14180,14181,14180,2
2020-12-17 16:40:13.113,14180,14181,14180,1
2020-12-17 16:40:34.022,14180,14181,14180,4
2020-12-17 16:40:34.306,14179,14180,14180,16
2020-12-17 16:40:43.975,14180,14181,14180,1
2020-12-17 16:40:53.942,14180,14181,14180,1
2020-12-17 16:40:57.360,14180,14181,14180,2
2020-12-17 16:41:04.666,14180,14181,14180,3
2020-12-17 16:41:04.935,14180,14181,14180,1
2020-12-17 16:41:05.269,14179,14180,14180,2
2020-12-17 16:41:12.698,14179,14180,14180,1
2020-12-17 16:41:14.781,14179,14180,14180,1
2020-12-17 16:41:22.045,14179,14180,14179,1
2020-12-17 16:41:29.376,14179,14180,14179,3
2020-12-17 16:41:41.680,14179,14180,14179,1
2020-12-17 16:41:44.991,14179,14180,14179,1
2020-12-17 16:41:49.344,14179,14180,14179,10
2020-12-17 16:41:53.320,14179,14180,14179,1
2020-12-17 16:41:55.360,14179,14180,14179,1
2020-12-17 16:41:56.483,14178,14179,14179,2
2020-12-17 16:42:19.059,14179,14180,14179,1
2020-12-17 16:42:22.960,14178,14180,14180,1
2020-12-17 16:42:39.616,14179,14180,14179,1
2020-12-17 16:42:39.616,14179,14180,14179,1
2020-12-17 16:43:14.589,14178,14179,14179,1
2020-12-17 16:43:15.203,14178,14179,14178,1
2020-12-17 16:43:33.597,14178,14179,14178,1
2020-12-17 16:43:52.678,14178,14179,14178,1
2020-12-17 16:44:00.085,14178,14179,14178,2
2020-12-17 16:44:00.085,14178,14179,14178,1
2020-12-17 16:44:02.293,14177,14178,14177,1
2020-12-17 16:44:02.644,14177,14178,14177,2
2020-12-17 16:44:06.115,14177,14178,14177,1
2020-12-17 16:44:12.900,14177,14178,14177,1
2020-12-17 16:44:17.581,14176,14178,14176,5
2020-12-17 16:44:19.962,14177,14178,14178,1
2020-12-17 16:44:35.462,14178,14179,14179,3
2020-12-17 16:44:38.436,14179,14180,14179,1
2020-12-17 16:44:46.299,14179,14180,14179,1
2020-12-17 16:44:50.244,14179,14180,14179,2
2020-12-17 16:44:52.457,14179,14180,14179,1
2020-12-17 16:45:37.703,14179,14180,14179,1
2020-12-17 16:45:37.726,14179,14180,14180,1
2020-12-17 16:45:38.719,14179,14180,14180,1
2020-12-17 16:45:38.838,14179,14180,14180,1
2020-12-17 16:45:38.839,14179,14180,14180,2
2020-12-17 16:46:23.590,14179,14180,14179,2
2020-12-17 16:46:59.675,14178,14179,14178,1
2020-12-17 16:46:59.713,14178,14179,14179,2
2020-12-17 16:46:59.714,14178,14179,14179,1
2020-12-17 16:47:07.464,14178,14179,14179,1
2020-12-17 16:47:09.887,14178,14179,14179,1
2020-12-17 16:47:09.963,14178,14179,14179,1
2020-12-17 16:47:16.162,14178,14179,14179,1
2020-12-17 16:47:18.068,14178,14179,14178,8
2020-12-17 16:47:18.068,14178,14179,14178,1
2020-12-17 16:47:18.088,14178,14179,14179,1
2020-12-17 16:47:18.088,14178,14179,14179,1
2020-12-17 16:47:29.980,14178,14179,14178,6
2020-12-17 16:47:29.981,14178,14179,14178,2
2020-12-17 16:47:57.569,14177,14178,14177,9
2020-12-17 16:48:03.660,14177,14178,14177,2
2020-12-17 16:48:03.714,14176,14177,14177,1
2020-12-17 16:48:10.252,14176,14177,14177,3
2020-12-17 16:48:11.630,14176,14178,14176,2
2020-12-17 16:48:18.962,14176,14177,14177,1
2020-12-17 16:48:22.774,14177,14178,14177,1
2020-12-17 16:48:26.693,14177,14178,14177,1
2020-12-17 16:48:30.141,14177,14178,14178,7
2020-12-17 16:48:39.087,14177,14178,14178,1
2020-12-17 16:49:36.266,14177,14178,14177,4
2020-12-17 16:49:58.027,14176,14177,14177,1
2020-12-17 16:50:06.061,14177,14178,14177,1
2020-12-17 16:50:07.248,14176,14178,14178,1
2020-12-17 16:50:07.760,14176,14178,14178,2
2020-12-17 16:50:07.979,14177,14178,14178,1
2020-12-17 16:50:08.137,14177,14178,14178,1
2020-12-17 16:50:08.174,14177,14178,14179,1
2020-12-17 16:50:08.433,14177,14179,14179,1
2020-12-17 16:50:13.315,14178,14179,14178,2
2020-12-17 16:50:16.130,14177,14178,14178,1
2020-12-17 16:50:29.213,14177,14178,14177,1
2020-12-17 16:50:39.848,14177,14178,14177,1
2020-12-17 16:50:49.977,14176,14177,14177,1
2020-12-17 16:50:53.142,14176,14177,14176,1
2020-12-17 16:50:59.683,14176,14177,14177,1
2020-12-17 16:51:01.885,14176,14177,14177,1
2020-12-17 16:51:10.221,14176,14177,14177,1
2020-12-17 16:51:23.436,14176,14177,14176,1
2020-12-17 16:51:30.428,14176,14177,14176,2
2020-12-17 16:51:30.429,14176,14177,14176,3
2020-12-17 16:51:33.841,14175,14176,14176,1
2020-12-17 16:51:33.960,14175,14176,14176,1
2020-12-17 16:51:38.563,14175,14176,14175,1
2020-12-17 16:51:38.609,14175,14176,14175,1
2020-12-17 16:51:49.635,14175,14176,14175,1
2020-12-17 16:51:52.295,14175,14176,14176,1
2020-12-17 16:51:55.165,14175,14176,14175,1
2020-12-17 16:51:56.426,14175,14176,14176,1
2020-12-17 16:52:02.422,14175,14176,14176,1
2020-12-17 16:52:04.531,14175,14176,14176,1
2020-12-17 16:52:05.648,14175,14176,14175,1
2020-12-17 16:52:10.586,14175,14176,14175,1
2020-12-17 16:52:21.127,14175,14176,14175,2
2020-12-17 16:52:21.128,14175,14176,14175,4
2020-12-17 16:52:21.128,14175,14176,14175,4
2020-12-17 16:52:21.128,14175,14176,14175,1
2020-12-17 16:52:21.925,14174,14176,14174,10
2020-12-17 16:52:31.444,14174,14175,14175,1
2020-12-17 16:52:46.868,14174,14175,14174,1
2020-12-17 16:52:51.042,14174,14175,14174,1
2020-12-17 16:52:52.812,14174,14175,14174,1
2020-12-17 16:52:55.377,14174,14175,14174,2
2020-12-17 16:52:55.656,14174,14175,14174,1
2020-12-17 16:52:56.018,14174,14175,14174,8
2020-12-17 16:52:56.229,14173,14174,14174,2
2020-12-17 16:52:56.427,14174,14175,14174,1
2020-12-17 16:52:57.034,14174,14175,14174,1
2020-12-17 16:52:58.283,14174,14175,14175,18
2020-12-17 16:52:58.284,14174,14175,14175,1
2020-12-17 16:53:01.516,14175,14176,14176,1
2020-12-17 16:53:06.502,14175,14176,14176,1
2020-12-17 16:53:07.404,14175,14176,14176,1
2020-12-17 16:53:07.473,14176,14177,14177,3
2020-12-17 16:53:19.536,14176,14177,14176,2
2020-12-17 16:53:19.536,14176,14177,14176,1
2020-12-17 16:53:19.754,14175,14177,14175,2
2020-12-17 16:53:22.152,14175,14176,14176,2
2020-12-17 16:53:34.554,14176,14177,14176,1
2020-12-17 16:53:46.096,14176,14177,14176,1
2020-12-17 16:53:55.186,14176,14177,14176,2
2020-12-17 16:54:02.431,14175,14176,14175,4
2020-12-17 16:54:08.369,14174,14175,14175,1
2020-12-17 16:54:10.444,14174,14175,14175,1
2020-12-17 16:54:21.208,14174,14175,14175,1
2020-12-17 16:54:25.373,14174,14175,14175,1
2020-12-17 16:54:26.429,14174,14175,14174,1
2020-12-17 16:54:31.721,14174,14175,14175,6
2020-12-17 16:54:32.809,14174,14176,14174,1
2020-12-17 16:54:45.695,14175,14176,14175,2
2020-12-17 16:54:46.691,14174,14175,14175,1
2020-12-17 16:54:49.572,14174,14175,14175,1
2020-12-17 16:55:13.562,14174,14175,14174,2
2020-12-17 16:55:13.982,14174,14175,14175,1
2020-12-17 16:55:15.372,14174,14175,14175,1
2020-12-17 16:55:16.607,14174,14175,14174,2
2020-12-17 16:55:28.943,14174,14175,14175,1
2020-12-17 16:55:29.081,14174,14175,14175,1
2020-12-17 16:55:39.269,14174,14175,14174,10
2020-12-17 16:55:41.643,14173,14175,14173,2
2020-12-17 16:55:41.789,14173,14174,14173,1
2020-12-17 16:55:41.917,14173,14174,14173,1
2020-12-17 16:55:56.594,14173,14174,14174,1
2020-12-17 16:55:57.254,14173,14174,14173,2
2020-12-17 16:55:57.670,14173,14174,14173,7
2020-12-17 16:55:59.272,14173,14174,14173,15
2020-12-17 16:55:59.272,14173,14174,14173,1
2020-12-17 16:55:59.275,14173,14174,14173,1
2020-12-17 16:56:00.880,14172,14174,14174,1
2020-12-17 16:56:07.238,14173,14174,14173,1
2020-12-17 16:56:10.768,14172,14173,14173,1
2020-12-17 16:56:41.515,14173,14174,14174,2
2020-12-17 16:56:43.769,14173,14174,14173,1
2020-12-17 16:56:45.874,14173,14174,14173,2
2020-12-17 16:56:48.803,14173,14174,14173,2
2020-12-17 16:56:49.732,14173,14174,14173,1
2020-12-17 16:56:49.812,14173,14174,14173,1
2020-12-17 16:57:07.034,14172,14173,14173,2
2020-12-17 16:57:07.034,14172,14173,14173,1
2020-12-17 16:57:07.034,14172,14173,14173,1
2020-12-17 16:57:08.904,14173,14174,14173,6
2020-12-17 16:57:08.904,14173,14174,14172,19
2020-12-17 16:57:18.637,14173,14174,14173,1
2020-12-17 16:57:27.083,14172,14173,14173,2
2020-12-17 16:57:29.658,14172,14173,14172,3
2020-12-17 16:57:32.688,14172,14173,14172,1
2020-12-17 16:57:37.886,14172,14173,14172,1
2020-12-17 16:57:37.887,14172,14173,14172,1
2020-12-17 16:57:37.887,14172,14173,14172,8
2020-12-17 16:57:38.282,14171,14172,14172,8
2020-12-17 16:57:38.635,14171,14173,14173,2
2020-12-17 16:57:44.097,14172,14173,14172,1
2020-12-17 16:57:52.763,14171,14172,14172,1
2020-12-17 16:57:55.986,14171,14172,14171,2
2020-12-17 16:57:56.097,14171,14172,14171,1
2020-12-17 16:57:56.358,14171,14172,14171,2
2020-12-17 16:57:57.086,14171,14172,14171,8
2020-12-17 16:57:57.086,14171,14172,14171,1
2020-12-17 16:57:57.086,14171,14172,14171,1
2020-12-17 16:57:57.086,14171,14172,14171,1
