2020-04-06,15:00:00.013000,9815,9816,9813,79
2020-04-06,15:00:00.048000,9812,9813,9813,1
2020-04-06,15:00:00.134000,9812,9813,9813,3
2020-04-06,15:00:00.242000,9812,9814,9814,1
2020-04-06,15:00:00.283000,9812,9814,9814,1
2020-04-06,15:00:00.373000,9813,9814,9814,2
2020-04-06,15:00:00.395000,9813,9814,9815,1
2020-04-06,15:00:00.510000,9813,9815,9815,1
2020-04-06,15:00:00.567000,9813,9814,9814,2
2020-04-06,15:00:00.591000,9813,9814,9813,1
2020-04-06,15:00:00.605000,9813,9814,9815,1
2020-04-06,15:00:00.634000,9813,9814,9815,4
2020-04-06,15:00:00.684000,9813,9816,9816,1
2020-04-06,15:00:00.694000,9813,9816,9816,1
2020-04-06,15:00:00.758000,9813,9816,9814,2
2020-04-06,15:00:00.845000,9813,9814,9814,1
2020-04-06,15:00:00.873000,9813,9814,9816,1
2020-04-06,15:00:00.892000,9813,9814,9814,1
2020-04-06,15:00:01.057000,9814,9816,9816,1
2020-04-06,15:00:01.095000,9814,9816,9815,1
2020-04-06,15:00:01.160000,9815,9816,9816,2
2020-04-06,15:00:01.160000,9815,9816,9816,3
2020-04-06,15:00:01.160000,9815,9816,9816,1
2020-04-06,15:00:01.242000,9815,9816,9817,1
2020-04-06,15:00:01.309000,9816,9817,9817,1
2020-04-06,15:00:01.354000,9816,9817,9817,1
2020-04-06,15:00:01.398000,9816,9817,9816,2
2020-04-06,15:00:01.575000,9817,9818,9818,1
2020-04-06,15:00:01.577000,9817,9818,9818,5
2020-04-06,15:00:01.635000,9817,9818,9818,1
2020-04-06,15:00:01.917000,9817,9819,9817,1
2020-04-06,15:00:01.932000,9817,9819,9818,1
2020-04-06,15:00:02.208000,9817,9818,9818,1
2020-04-06,15:00:02.253000,9817,9818,9818,1
2020-04-06,15:00:02.478000,9817,9819,9818,1
2020-04-06,15:00:02.699000,9817,9819,9819,1
2020-04-06,15:00:02.977000,9818,9819,9819,1
2020-04-06,15:00:03.160000,9818,9819,9819,1
2020-04-06,15:00:03.160000,9818,9819,9819,1
2020-04-06,15:00:03.193000,9818,9819,9818,1
2020-04-06,15:00:03.247000,9818,9819,9819,1
2020-04-06,15:00:03.660000,9818,9819,9818,2
2020-04-06,15:00:03.794000,9817,9819,9817,1
2020-04-06,15:00:04.304000,9817,9819,9818,1
2020-04-06,15:00:04.382000,9817,9819,9819,1
2020-04-06,15:00:04.548000,9817,9819,9817,1
2020-04-06,15:00:04.785000,9817,9818,9818,1
2020-04-06,15:00:05.486000,9817,9819,9817,1
2020-04-06,15:00:05.919000,9818,9819,9819,1
2020-04-06,15:00:05.926000,9818,9819,9818,1
2020-04-06,15:00:05.964000,9818,9819,9817,1
2020-04-06,15:00:06.050000,9817,9819,9819,1
2020-04-06,15:00:06.160000,9816,9819,9819,1
2020-04-06,15:00:06.309000,9816,9819,9819,1
2020-04-06,15:00:06.497000,9817,9819,9819,4
2020-04-06,15:00:06.542000,9817,9820,9817,2
2020-04-06,15:00:06.562000,9817,9820,9819,6
2020-04-06,15:00:06.995000,9817,9819,9819,4
2020-04-06,15:00:07.060000,9817,9820,9819,1
2020-04-06,15:00:07.549000,9817,9819,9817,1
2020-04-06,15:00:07.618000,9817,9819,9817,1
2020-04-06,15:00:07.660000,9817,9818,9817,1
2020-04-06,15:00:07.676000,9817,9818,9816,2
2020-04-06,15:00:08.596000,9816,9817,9816,3
2020-04-06,15:00:09.014000,9815,9817,9817,2
2020-04-06,15:00:09.252000,9815,9817,9817,3
2020-04-06,15:00:09.435000,9816,9817,9816,1
2020-04-06,15:00:09.471000,9816,9817,9816,2
2020-04-06,15:00:10.537000,9815,9816,9816,1
2020-04-06,15:00:10.537000,9815,9816,9816,3
2020-04-06,15:00:10.874000,9815,9816,9816,1
2020-04-06,15:00:11.132000,9815,9817,9817,2
2020-04-06,15:00:11.197000,9816,9818,9818,1
2020-04-06,15:00:11.376000,9816,9818,9816,1
2020-04-06,15:00:11.880000,9816,9818,9816,1
2020-04-06,15:00:12.439000,9816,9817,9817,1
2020-04-06,15:00:12.828000,9816,9817,9816,2
2020-04-06,15:00:12.910000,9816,9817,9816,1
2020-04-06,15:00:13.335000,9815,9817,9815,1
2020-04-06,15:00:13.415000,9815,9817,9815,1
2020-04-06,15:00:13.535000,9815,9816,9815,1
2020-04-06,15:00:13.895000,9814,9816,9816,1
2020-04-06,15:00:14.597000,9814,9816,9815,1
2020-04-06,15:00:15.473000,9814,9815,9814,3
2020-04-06,15:00:16.819000,9813,9815,9815,2
2020-04-06,15:00:17.304000,9814,9816,9814,1
2020-04-06,15:00:17.627000,9813,9815,9815,1
2020-04-06,15:00:18.190000,9814,9815,9814,1
2020-04-06,15:00:19.448000,9814,9815,9815,3
2020-04-06,15:00:19.792000,9815,9816,9815,2
2020-04-06,15:00:20.668000,9814,9815,9814,1
2020-04-06,15:00:21.877000,9814,9815,9814,1
2020-04-06,15:00:22.032000,9813,9815,9814,5
2020-04-06,15:00:22.160000,9813,9814,9813,1
2020-04-06,15:00:22.301000,9813,9814,9813,17
2020-04-06,15:00:22.301000,9813,9814,9813,3
2020-04-06,15:00:22.301000,9813,9814,9813,1
2020-04-06,15:00:22.301000,9813,9814,9813,1
2020-04-06,15:00:22.410000,9813,9814,9813,1
2020-04-06,15:00:23.736000,9812,9813,9812,2
2020-04-06,15:00:23.785000,9812,9813,9812,2
2020-04-06,15:00:23.829000,9812,9813,9811,5
2020-04-06,15:00:23.957000,9811,9813,9812,2
2020-04-06,15:00:24.365000,9811,9812,9812,1
2020-04-06,15:00:24.765000,9811,9812,9811,1
2020-04-06,15:00:25.210000,9811,9812,9811,1
2020-04-06,15:00:25.535000,9811,9812,9811,2
2020-04-06,15:00:25.709000,9810,9812,9810,3
2020-04-06,15:00:25.777000,9810,9812,9810,1
2020-04-06,15:00:25.919000,9810,9812,9810,1
2020-04-06,15:00:26.172000,9810,9812,9810,3
2020-04-06,15:00:26.770000,9810,9811,9811,2
2020-04-06,15:00:26.906000,9810,9811,9810,2
2020-04-06,15:00:27.256000,9810,9812,9810,1
2020-04-06,15:00:27.410000,9810,9811,9810,1
2020-04-06,15:00:27.890000,9809,9811,9809,2
2020-04-06,15:00:27.924000,9809,9811,9809,2
2020-04-06,15:00:27.924000,9809,9811,9808,2
2020-04-06,15:00:28.259000,9809,9810,9810,1
2020-04-06,15:00:28.529000,9809,9811,9809,1
2020-04-06,15:00:28.556000,9809,9810,9810,1
2020-04-06,15:00:28.922000,9810,9811,9810,1
2020-04-06,15:00:29.202000,9810,9811,9811,2
2020-04-06,15:00:29.323000,9810,9812,9810,1
2020-04-06,15:00:29.323000,9810,9812,9809,1
2020-04-06,15:00:29.624000,9809,9811,9811,3
2020-04-06,15:00:29.691000,9809,9812,9810,1
2020-04-06,15:00:29.948000,9810,9811,9810,1
2020-04-06,15:00:30.250000,9810,9811,9810,1
2020-04-06,15:00:30.250000,9810,9811,9809,1
2020-04-06,15:00:30.405000,9809,9811,9809,1
2020-04-06,15:00:31.363000,9808,9809,9809,1
2020-04-06,15:00:31.363000,9808,9809,9810,1
2020-04-06,15:00:32.082000,9810,9811,9810,1
2020-04-06,15:00:32.117000,9810,9811,9810,1
2020-04-06,15:00:32.136000,9810,9811,9809,2
2020-04-06,15:00:32.633000,9808,9810,9810,1
2020-04-06,15:00:34.196000,9808,9809,9808,1
2020-04-06,15:00:34.451000,9808,9809,9808,1
2020-04-06,15:00:34.785000,9808,9809,9808,1
2020-04-06,15:00:34.785000,9808,9809,9808,2
2020-04-06,15:00:34.910000,9808,9809,9808,1
2020-04-06,15:00:35.094000,9807,9809,9809,2
2020-04-06,15:00:35.375000,9809,9810,9809,1
2020-04-06,15:00:35.773000,9809,9810,9810,1
2020-04-06,15:00:35.785000,9809,9810,9810,1
2020-04-06,15:00:35.910000,9809,9810,9810,1
2020-04-06,15:00:36.125000,9809,9811,9809,1
2020-04-06,15:00:36.561000,9809,9810,9810,1
2020-04-06,15:00:36.834000,9810,9811,9810,1
2020-04-06,15:00:36.842000,9810,9811,9810,1
2020-04-06,15:00:37.493000,9810,9811,9810,1
2020-04-06,15:00:37.633000,9810,9811,9811,7
2020-04-06,15:00:37.913000,9811,9812,9811,1
2020-04-06,15:00:37.935000,9811,9812,9810,1
2020-04-06,15:00:38.234000,9811,9812,9811,2
2020-04-06,15:00:38.234000,9811,9812,9810,2
2020-04-06,15:00:38.410000,9810,9811,9811,1
2020-04-06,15:00:38.994000,9810,9812,9810,1
2020-04-06,15:00:39.053000,9811,9812,9811,1
2020-04-06,15:00:39.053000,9811,9812,9810,1
2020-04-06,15:00:39.640000,9810,9812,9810,1
2020-04-06,15:00:40.178000,9810,9812,9810,8
2020-04-06,15:00:40.381000,9809,9810,9810,1
2020-04-06,15:00:40.381000,9809,9810,9810,3
2020-04-06,15:00:40.410000,9809,9810,9810,5
2020-04-06,15:00:40.658000,9809,9810,9809,1
2020-04-06,15:00:40.664000,9809,9810,9810,1
2020-04-06,15:00:40.768000,9809,9810,9810,1
2020-04-06,15:00:40.801000,9809,9810,9810,1
2020-04-06,15:00:41.625000,9809,9810,9810,1
2020-04-06,15:00:41.709000,9809,9811,9811,1
2020-04-06,15:00:42.717000,9810,9812,9810,1
2020-04-06,15:00:42.924000,9809,9811,9809,1
2020-04-06,15:00:42.999000,9809,9811,9811,1
2020-04-06,15:00:43.224000,9809,9811,9811,2
2020-04-06,15:00:43.989000,9810,9811,9810,1
2020-04-06,15:00:45.450000,9810,9811,9811,1
2020-04-06,15:00:45.751000,9810,9811,9810,1
2020-04-06,15:00:45.857000,9810,9811,9810,1
2020-04-06,15:00:45.899000,9810,9811,9811,1
2020-04-06,15:00:46.115000,9810,9812,9809,2
2020-04-06,15:00:46.115000,9810,9812,9808,3
2020-04-06,15:00:46.370000,9808,9811,9811,3
2020-04-06,15:00:46.453000,9809,9811,9811,1
2020-04-06,15:00:48.534000,9808,9809,9809,1
2020-04-06,15:00:48.535000,9809,9810,9809,1
2020-04-06,15:00:48.984000,9808,9810,9810,1
2020-04-06,15:00:49.088000,9808,9810,9809,3
2020-04-06,15:00:49.969000,9809,9810,9809,2
2020-04-06,15:00:49.969000,9809,9810,9808,3
2020-04-06,15:00:50.314000,9808,9810,9809,1
2020-04-06,15:00:51.916000,9809,9810,9810,1
2020-04-06,15:00:51.916000,9809,9810,9810,1
2020-04-06,15:00:51.916000,9809,9810,9810,1
2020-04-06,15:00:51.916000,9809,9810,9810,1
2020-04-06,15:00:52.369000,9810,9811,9810,2
2020-04-06,15:00:52.369000,9810,9811,9809,3
2020-04-06,15:00:53.338000,9809,9811,9809,1
2020-04-06,15:00:53.422000,9809,9811,9809,1
2020-04-06,15:00:53.988000,9809,9810,9809,1
2020-04-06,15:00:54.026000,9809,9810,9810,2
2020-04-06,15:00:55.296000,9810,9811,9810,1
2020-04-06,15:00:56.524000,9810,9811,9810,1
2020-04-06,15:00:56.930000,9809,9810,9810,1
2020-04-06,15:00:57.093000,9809,9810,9809,1
2020-04-06,15:00:57.629000,9809,9810,9810,2
2020-04-06,15:00:59.863000,9810,9811,9811,1
2020-04-06,15:00:59.909000,9810,9811,9810,1
2020-04-06,15:01:00.035000,9810,9811,9811,1
2020-04-06,15:01:00.036000,9810,9811,9811,1
2020-04-06,15:01:00.050000,9810,9811,9810,1
2020-04-06,15:01:00.145000,9810,9811,9810,1
2020-04-06,15:01:00.149000,9810,9811,9811,1
2020-04-06,15:01:00.256000,9809,9811,9811,1
2020-04-06,15:01:00.339000,9809,9811,9809,1
2020-04-06,15:01:00.580000,9809,9810,9810,1
2020-04-06,15:01:01.057000,9809,9811,9811,1
2020-04-06,15:01:01.057000,9809,9811,9812,1
2020-04-06,15:01:01.398000,9810,9812,9810,6
2020-04-06,15:01:01.398000,9810,9812,9809,2
2020-04-06,15:01:01.420000,9809,9812,9809,1
2020-04-06,15:01:01.420000,9809,9812,9809,1
2020-04-06,15:01:01.423000,9809,9812,9809,2
2020-04-06,15:01:01.424000,9809,9812,9809,1
2020-04-06,15:01:01.427000,9809,9812,9809,1
2020-04-06,15:01:01.429000,9809,9812,9809,1
2020-04-06,15:01:01.431000,9809,9812,9809,1
2020-04-06,15:01:01.435000,9809,9812,9809,5
2020-04-06,15:01:01.435000,9809,9812,9809,2
2020-04-06,15:01:01.435000,9809,9812,9809,1
2020-04-06,15:01:01.451000,9809,9812,9809,1
2020-04-06,15:01:01.451000,9809,9812,9808,3
2020-04-06,15:01:01.660000,9808,9809,9808,2
2020-04-06,15:01:01.678000,9808,9809,9808,2
2020-04-06,15:01:01.802000,9808,9809,9809,1
2020-04-06,15:01:01.881000,9808,9809,9809,2
2020-04-06,15:01:02.047000,9808,9809,9809,1
2020-04-06,15:01:02.207000,9808,9809,9809,1
2020-04-06,15:01:02.604000,9809,9810,9810,1
2020-04-06,15:01:03.478000,9809,9810,9810,1
2020-04-06,15:01:03.615000,9809,9810,9810,1
2020-04-06,15:01:05.316000,9809,9810,9809,1
2020-04-06,15:01:05.317000,9809,9810,9809,2
2020-04-06,15:01:05.535000,9808,9809,9808,1
2020-04-06,15:01:05.582000,9808,9809,9808,3
2020-04-06,15:01:05.582000,9808,9809,9808,4
2020-04-06,15:01:07.410000,9807,9809,9809,1
2020-04-06,15:01:07.717000,9808,9809,9808,1
2020-04-06,15:01:08.848000,9808,9809,9808,1
2020-04-06,15:01:08.849000,9808,9809,9809,1
2020-04-06,15:01:09.254000,9809,9810,9809,1
2020-04-06,15:01:09.498000,9809,9810,9809,1
2020-04-06,15:01:10.257000,9809,9810,9809,1
2020-04-06,15:01:10.264000,9809,9810,9809,2
2020-04-06,15:01:10.745000,9808,9809,9808,3
2020-04-06,15:01:11.425000,9808,9809,9808,1
2020-04-06,15:01:12.669000,9807,9808,9807,4
2020-04-06,15:01:12.879000,9806,9808,9806,5
2020-04-06,15:01:12.882000,9806,9808,9807,1
2020-04-06,15:01:12.905000,9806,9808,9806,1
2020-04-06,15:01:12.967000,9806,9807,9806,1
2020-04-06,15:01:13.035000,9806,9807,9806,4
2020-04-06,15:01:13.070000,9806,9807,9805,1
2020-04-06,15:01:13.309000,9805,9806,9805,1
2020-04-06,15:01:13.391000,9805,9806,9805,1
2020-04-06,15:01:13.718000,9805,9806,9806,1
2020-04-06,15:01:14.379000,9805,9806,9806,1
2020-04-06,15:01:16.835000,9805,9806,9806,1
2020-04-06,15:01:16.990000,9806,9807,9806,1
2020-04-06,15:01:17.693000,9805,9807,9807,1
2020-04-06,15:01:19.512000,9805,9806,9805,1
2020-04-06,15:01:20.716000,9805,9806,9805,4
2020-04-06,15:01:21.822000,9804,9805,9805,1
2020-04-06,15:01:22.578000,9804,9805,9804,2
2020-04-06,15:01:22.855000,9804,9805,9805,1
2020-04-06,15:01:22.949000,9804,9805,9805,2
2020-04-06,15:01:23.198000,9805,9806,9805,1
2020-04-06,15:01:23.278000,9805,9806,9805,1
2020-04-06,15:01:23.685000,9805,9806,9805,1
2020-04-06,15:01:23.922000,9805,9806,9805,1
2020-04-06,15:01:24.264000,9804,9806,9804,2
2020-04-06,15:01:24.555000,9804,9805,9804,3
2020-04-06,15:01:25.232000,9803,9805,9803,1
2020-04-06,15:01:25.477000,9803,9804,9803,1
2020-04-06,15:01:26.170000,9803,9804,9803,1
2020-04-06,15:01:28.312000,9803,9804,9803,1
2020-04-06,15:01:29.072000,9803,9804,9803,1
2020-04-06,15:01:29.917000,9803,9804,9803,1
2020-04-06,15:01:30.001000,9803,9804,9803,4
2020-04-06,15:01:30.052000,9803,9804,9803,1
2020-04-06,15:01:30.258000,9802,9804,9802,5
2020-04-06,15:01:30.258000,9802,9804,9801,20
2020-04-06,15:01:30.339000,9801,9803,9801,1
2020-04-06,15:01:30.487000,9801,9803,9803,1
2020-04-06,15:01:30.540000,9801,9803,9801,2
2020-04-06,15:01:30.911000,9801,9803,9803,4
2020-04-06,15:01:31.062000,9801,9803,9801,1
2020-04-06,15:01:31.376000,9801,9802,9802,1
2020-04-06,15:01:31.759000,9801,9803,9803,1
2020-04-06,15:01:32.377000,9802,9803,9803,1
2020-04-06,15:01:32.378000,9802,9803,9803,2
2020-04-06,15:01:32.750000,9802,9804,9804,2
2020-04-06,15:01:33.160000,9802,9803,9802,1
2020-04-06,15:01:34.160000,9802,9803,9802,2
2020-04-06,15:01:34.160000,9802,9803,9802,1
2020-04-06,15:01:34.299000,9801,9802,9801,4
2020-04-06,15:01:34.299000,9801,9802,9800,1
2020-04-06,15:01:34.493000,9800,9802,9800,1
2020-04-06,15:01:34.534000,9800,9801,9800,1
2020-04-06,15:01:34.547000,9800,9801,9800,1
2020-04-06,15:01:34.596000,9800,9801,9800,3
2020-04-06,15:01:34.795000,9800,9801,9800,3
2020-04-06,15:01:34.807000,9800,9801,9800,1
2020-04-06,15:01:34.810000,9800,9801,9800,1
2020-04-06,15:01:34.841000,9800,9801,9800,1
2020-04-06,15:01:34.889000,9800,9801,9800,1
2020-04-06,15:01:34.957000,9800,9801,9800,1
2020-04-06,15:01:35.148000,9800,9801,9800,1
2020-04-06,15:01:35.264000,9800,9801,9800,2
2020-04-06,15:01:35.596000,9800,9801,9800,1
2020-04-06,15:01:37.372000,9800,9801,9800,2
2020-04-06,15:01:38.314000,9800,9801,9800,2
2020-04-06,15:01:38.680000,9800,9801,9800,1
2020-04-06,15:01:38.857000,9800,9801,9800,1
2020-04-06,15:01:38.953000,9800,9801,9800,1
2020-04-06,15:01:39.042000,9800,9801,9800,1
2020-04-06,15:01:39.535000,9800,9801,9800,1
2020-04-06,15:01:39.956000,9799,9800,9799,1
2020-04-06,15:01:39.964000,9799,9800,9799,1
2020-04-06,15:01:40.224000,9799,9800,9799,1
2020-04-06,15:01:40.253000,9799,9800,9800,1
2020-04-06,15:01:40.687000,9799,9800,9800,2
2020-04-06,15:01:40.687000,9799,9800,9800,1
2020-04-06,15:01:40.821000,9800,9801,9800,1
2020-04-06,15:01:41.673000,9799,9800,9800,1
2020-04-06,15:01:42.864000,9799,9800,9800,1
2020-04-06,15:01:43.073000,9799,9800,9800,1
2020-04-06,15:01:43.891000,9798,9799,9799,1
2020-04-06,15:01:44.900000,9798,9799,9799,1
2020-04-06,15:01:46.489000,9799,9800,9799,3
2020-04-06,15:01:46.489000,9799,9800,9798,2
2020-04-06,15:01:46.613000,9798,9800,9800,1
2020-04-06,15:01:46.787000,9798,9799,9799,1
2020-04-06,15:01:46.787000,9798,9799,9800,3
2020-04-06,15:01:47.901000,9798,9800,9798,5
2020-04-06,15:01:48.294000,9798,9799,9798,1
2020-04-06,15:01:48.427000,9798,9799,9798,6
2020-04-06,15:01:48.706000,9797,9798,9797,3
2020-04-06,15:01:48.706000,9797,9798,9796,3
2020-04-06,15:01:48.798000,9796,9797,9796,1
2020-04-06,15:01:48.820000,9796,9797,9796,1
2020-04-06,15:01:49.501000,9795,9797,9795,1
2020-04-06,15:01:49.910000,9795,9796,9795,3
2020-04-06,15:01:49.911000,9795,9796,9795,2
2020-04-06,15:01:50.005000,9795,9796,9796,1
2020-04-06,15:01:50.919000,9794,9795,9795,1
2020-04-06,15:01:50.994000,9794,9795,9795,1
2020-04-06,15:01:51.396000,9795,9796,9795,1
2020-04-06,15:01:51.396000,9795,9796,9794,3
2020-04-06,15:01:51.507000,9794,9796,9794,1
2020-04-06,15:01:51.533000,9794,9796,9794,1
2020-04-06,15:01:51.701000,9794,9796,9794,1
2020-04-06,15:01:51.707000,9794,9796,9795,2
2020-04-06,15:01:51.824000,9794,9796,9794,2
2020-04-06,15:01:51.906000,9794,9796,9793,1
2020-04-06,15:01:51.921000,9793,9795,9793,1
2020-04-06,15:01:52.205000,9793,9794,9793,1
2020-04-06,15:01:52.251000,9793,9794,9792,1
2020-04-06,15:01:52.291000,9792,9794,9793,1
2020-04-06,15:01:52.291000,9792,9794,9794,1
2020-04-06,15:01:52.348000,9792,9794,9794,1
2020-04-06,15:01:52.591000,9793,9795,9794,1
2020-04-06,15:01:52.637000,9793,9795,9793,1
2020-04-06,15:01:52.796000,9794,9796,9794,4
2020-04-06,15:01:52.796000,9794,9796,9793,6
2020-04-06,15:01:52.870000,9794,9796,9795,2
2020-04-06,15:01:53.730000,9793,9795,9793,1
2020-04-06,15:01:54.685000,9793,9794,9794,1
2020-04-06,15:01:55.141000,9793,9794,9794,1
2020-04-06,15:01:55.389000,9793,9794,9794,1
2020-04-06,15:01:55.635000,9793,9794,9793,4
2020-04-06,15:01:56.649000,9792,9794,9793,1
2020-04-06,15:01:56.653000,9792,9794,9792,1
2020-04-06,15:01:57.022000,9792,9793,9793,1
2020-04-06,15:01:57.233000,9792,9793,9792,1
2020-04-06,15:01:57.491000,9792,9793,9793,2
2020-04-06,15:01:57.741000,9792,9793,9793,2
2020-04-06,15:01:57.741000,9792,9793,9794,3
2020-04-06,15:01:57.826000,9792,9794,9792,1
2020-04-06,15:01:58.615000,9793,9794,9794,1
2020-04-06,15:01:58.751000,9793,9794,9794,1
2020-04-06,15:01:58.842000,9793,9794,9793,2
2020-04-06,15:01:59.035000,9793,9794,9794,1
2020-04-06,15:01:59.459000,9793,9794,9794,2
2020-04-06,15:01:59.701000,9793,9794,9794,1
2020-04-06,15:01:59.815000,9793,9794,9793,1
2020-04-06,15:02:00.030000,9793,9794,9793,1
2020-04-06,15:02:00.229000,9792,9794,9794,1
2020-04-06,15:02:00.260000,9792,9794,9794,2
2020-04-06,15:02:00.744000,9792,9794,9792,1
2020-04-06,15:02:01.637000,9792,9793,9793,2
2020-04-06,15:02:02.531000,9793,9794,9793,1
2020-04-06,15:02:02.593000,9793,9794,9793,1
2020-04-06,15:02:02.593000,9793,9794,9792,4
2020-04-06,15:02:03.695000,9793,9794,9794,3
2020-04-06,15:02:03.923000,9794,9795,9794,1
2020-04-06,15:02:04.030000,9794,9795,9795,1
2020-04-06,15:02:04.209000,9794,9795,9794,1
2020-04-06,15:02:04.795000,9794,9795,9794,1
2020-04-06,15:02:04.922000,9794,9795,9794,1
2020-04-06,15:02:05.244000,9794,9795,9795,1
2020-04-06,15:02:05.536000,9794,9795,9794,1
2020-04-06,15:02:05.763000,9794,9795,9794,1
2020-04-06,15:02:06.216000,9794,9795,9794,1
2020-04-06,15:02:06.311000,9794,9795,9794,1
2020-04-06,15:02:06.313000,9794,9795,9795,1
2020-04-06,15:02:06.607000,9794,9795,9795,1
2020-04-06,15:02:07.511000,9794,9795,9794,2
2020-04-06,15:02:07.511000,9794,9795,9793,8
2020-04-06,15:02:07.894000,9793,9794,9793,1
2020-04-06,15:02:08.054000,9793,9794,9793,1
2020-04-06,15:02:08.417000,9793,9794,9794,4
2020-04-06,15:02:08.418000,9793,9794,9794,1
2020-04-06,15:02:08.850000,9793,9794,9794,1
2020-04-06,15:02:08.938000,9793,9794,9794,2
2020-04-06,15:02:10.507000,9793,9794,9793,1
2020-04-06,15:02:11.146000,9793,9794,9793,1
2020-04-06,15:02:11.163000,9793,9794,9793,1
2020-04-06,15:02:11.438000,9793,9794,9794,1
2020-04-06,15:02:11.439000,9793,9794,9794,1
2020-04-06,15:02:11.740000,9794,9795,9794,1
2020-04-06,15:02:11.956000,9793,9794,9794,1
2020-04-06,15:02:12.174000,9793,9794,9793,10
2020-04-06,15:02:12.175000,9793,9794,9793,2
2020-04-06,15:02:12.379000,9793,9794,9793,3
2020-04-06,15:02:13.148000,9794,9795,9795,2
2020-04-06,15:02:13.160000,9794,9795,9795,17
2020-04-06,15:02:13.177000,9794,9795,9795,6
2020-04-06,15:02:13.177000,9794,9795,9794,2
2020-04-06,15:02:13.773000,9794,9796,9794,1
2020-04-06,15:02:13.900000,9794,9796,9794,1
2020-04-06,15:02:14.425000,9794,9795,9795,1
2020-04-06,15:02:14.425000,9794,9795,9795,1
2020-04-06,15:02:14.661000,9794,9796,9794,5
2020-04-06,15:02:14.661000,9794,9796,9793,3
2020-04-06,15:02:15.602000,9794,9796,9796,3
2020-04-06,15:02:17.024000,9794,9795,9794,4
2020-04-06,15:02:17.679000,9793,9794,9793,1
2020-04-06,15:02:17.688000,9793,9794,9794,1
2020-04-06,15:02:18.367000,9793,9794,9794,2
2020-04-06,15:02:18.508000,9793,9794,9794,2
2020-04-06,15:02:18.508000,9793,9794,9794,1
2020-04-06,15:02:18.984000,9794,9795,9794,1
2020-04-06,15:02:20.005000,9793,9795,9795,1
2020-04-06,15:02:21.103000,9794,9796,9794,3
2020-04-06,15:02:22.535000,9795,9796,9796,2
2020-04-06,15:02:22.552000,9795,9796,9796,1
2020-04-06,15:02:22.669000,9795,9797,9795,1
2020-04-06,15:02:23.291000,9795,9797,9797,1
2020-04-06,15:02:24.048000,9795,9797,9797,1
2020-04-06,15:02:24.367000,9796,9797,9797,1
2020-04-06,15:02:24.373000,9796,9797,9796,2
2020-04-06,15:02:24.373000,9796,9797,9795,8
2020-04-06,15:02:26.717000,9795,9796,9796,5
2020-04-06,15:02:27.048000,9795,9796,9796,1
2020-04-06,15:02:27.048000,9795,9796,9796,4
2020-04-06,15:02:28.226000,9795,9797,9797,2
2020-04-06,15:02:28.747000,9795,9798,9798,2
2020-04-06,15:02:30.614000,9796,9798,9798,1
2020-04-06,15:02:30.823000,9797,9798,9797,3
2020-04-06,15:02:31.578000,9795,9797,9797,1
2020-04-06,15:02:32.744000,9796,9797,9797,1
2020-04-06,15:02:33.732000,9796,9797,9797,2
2020-04-06,15:02:35.198000,9796,9797,9797,1
2020-04-06,15:02:35.243000,9796,9797,9797,1
2020-04-06,15:02:35.629000,9796,9797,9797,1
2020-04-06,15:02:35.629000,9796,9797,9797,2
2020-04-06,15:02:35.630000,9796,9797,9797,2
2020-04-06,15:02:35.630000,9796,9797,9797,1
2020-04-06,15:02:36.456000,9797,9798,9798,2
2020-04-06,15:02:37.166000,9797,9798,9797,1
2020-04-06,15:02:37.480000,9797,9798,9798,1
2020-04-06,15:02:37.480000,9797,9798,9799,5
2020-04-06,15:02:37.547000,9797,9799,9797,10
2020-04-06,15:02:38.057000,9796,9798,9798,1
2020-04-06,15:02:39.429000,9797,9798,9797,2
2020-04-06,15:02:43.400000,9797,9798,9797,1
2020-04-06,15:02:43.736000,9797,9798,9798,1
2020-04-06,15:02:43.808000,9797,9798,9798,11
2020-04-06,15:02:45.025000,9798,9799,9798,1
2020-04-06,15:02:45.649000,9798,9799,9798,6
2020-04-06,15:02:45.649000,9798,9799,9797,4
2020-04-06,15:02:45.875000,9797,9799,9799,1
2020-04-06,15:02:47.542000,9798,9799,9798,1
2020-04-06,15:02:49.243000,9798,9799,9798,2
2020-04-06,15:02:49.471000,9798,9799,9799,1
2020-04-06,15:02:50.037000,9798,9799,9798,4
2020-04-06,15:02:52.318000,9797,9798,9797,1
2020-04-06,15:02:52.911000,9797,9798,9798,1
2020-04-06,15:02:53.180000,9797,9798,9798,1
2020-04-06,15:02:53.349000,9797,9798,9797,2
2020-04-06,15:02:57.651000,9797,9798,9797,1
2020-04-06,15:02:57.748000,9797,9798,9798,2
2020-04-06,15:02:58.172000,9797,9798,9798,4
2020-04-06,15:03:00.535000,9798,9799,9798,3
2020-04-06,15:03:01.202000,9797,9799,9799,1
2020-04-06,15:03:02.360000,9798,9799,9799,4
2020-04-06,15:03:04.785000,9798,9799,9798,5
2020-04-06,15:03:05.529000,9797,9798,9798,1
2020-04-06,15:03:05.559000,9797,9798,9798,1
2020-04-06,15:03:05.923000,9797,9798,9798,2
2020-04-06,15:03:06.449000,9797,9798,9798,2
2020-04-06,15:03:06.789000,9798,9799,9799,1
2020-04-06,15:03:06.807000,9798,9799,9799,1
2020-04-06,15:03:07.660000,9798,9799,9798,1
2020-04-06,15:03:10.119000,9798,9800,9800,1
2020-04-06,15:03:10.306000,9798,9800,9800,1
2020-04-06,15:03:10.800000,9799,9800,9800,12
2020-04-06,15:03:11.225000,9799,9800,9800,1
2020-04-06,15:03:11.984000,9799,9800,9799,1
2020-04-06,15:03:12.035000,9799,9800,9800,6
2020-04-06,15:03:12.035000,9799,9800,9800,3
2020-04-06,15:03:12.224000,9800,9801,9801,1
2020-04-06,15:03:12.371000,9800,9801,9799,1
2020-04-06,15:03:13.107000,9799,9801,9799,1
2020-04-06,15:03:13.903000,9800,9801,9800,1
2020-04-06,15:03:14.037000,9800,9801,9800,1
2020-04-06,15:03:14.549000,9799,9800,9800,2
2020-04-06,15:03:15.378000,9799,9800,9800,5
2020-04-06,15:03:15.626000,9799,9800,9800,1
2020-04-06,15:03:16.503000,9799,9800,9800,1
2020-04-06,15:03:16.712000,9800,9801,9800,1
2020-04-06,15:03:16.831000,9799,9801,9801,1
2020-04-06,15:03:17.189000,9799,9801,9801,1
2020-04-06,15:03:18.123000,9799,9800,9800,1
2020-04-06,15:03:18.350000,9800,9801,9800,1
2020-04-06,15:03:19.258000,9800,9801,9800,1
2020-04-06,15:03:21.235000,9800,9801,9801,1
2020-04-06,15:03:21.249000,9800,9801,9801,1
2020-04-06,15:03:21.249000,9800,9801,9801,4
2020-04-06,15:03:21.285000,9800,9801,9801,5
2020-04-06,15:03:21.285000,9800,9801,9801,7
2020-04-06,15:03:21.410000,9801,9802,9801,1
2020-04-06,15:03:21.410000,9801,9802,9800,1
2020-04-06,15:03:21.930000,9801,9802,9801,1
2020-04-06,15:03:21.930000,9801,9802,9800,1
2020-04-06,15:03:24.202000,9801,9802,9802,1
2020-04-06,15:03:24.463000,9801,9802,9801,1
2020-04-06,15:03:24.542000,9800,9801,9801,2
2020-04-06,15:03:25.162000,9800,9801,9801,5
2020-04-06,15:03:25.162000,9800,9801,9801,2
2020-04-06,15:03:26.231000,9801,9802,9801,3
2020-04-06,15:03:26.905000,9800,9801,9802,1
2020-04-06,15:03:27.777000,9800,9802,9800,1
2020-04-06,15:03:28.035000,9800,9801,9800,5
2020-04-06,15:03:29.703000,9799,9800,9800,1
2020-04-06,15:03:32.340000,9800,9802,9801,1
2020-04-06,15:03:32.340000,9800,9802,9802,1
2020-04-06,15:03:33.536000,9800,9802,9801,1
2020-04-06,15:03:34.050000,9801,9802,9802,1
2020-04-06,15:03:35.215000,9801,9802,9801,1
2020-04-06,15:03:35.635000,9800,9801,9801,9
2020-04-06,15:03:36.574000,9801,9802,9802,4
2020-04-06,15:03:36.580000,9801,9802,9802,2
2020-04-06,15:03:36.592000,9801,9802,9802,1
2020-04-06,15:03:36.650000,9801,9802,9802,1
2020-04-06,15:03:36.660000,9801,9802,9802,3
2020-04-06,15:03:36.660000,9801,9802,9802,8
2020-04-06,15:03:38.890000,9802,9803,9803,1
2020-04-06,15:03:39.674000,9802,9804,9802,8
2020-04-06,15:03:39.674000,9802,9804,9802,1
2020-04-06,15:03:44.847000,9802,9803,9803,1
2020-04-06,15:03:45.389000,9803,9804,9804,1
2020-04-06,15:03:45.395000,9803,9804,9804,1
2020-04-06,15:03:45.400000,9803,9804,9804,1
2020-04-06,15:03:46.410000,9803,9804,9804,4
2020-04-06,15:03:47.053000,9803,9804,9804,1
2020-04-06,15:03:48.050000,9803,9804,9804,15
2020-04-06,15:03:48.649000,9803,9805,9805,2
2020-04-06,15:03:48.689000,9803,9805,9805,8
2020-04-06,15:03:49.749000,9804,9805,9805,5
2020-04-06,15:03:50.124000,9804,9806,9806,4
2020-04-06,15:03:51.075000,9805,9807,9807,1
2020-04-06,15:03:52.577000,9806,9807,9807,1
2020-04-06,15:03:53.105000,9806,9808,9807,1
2020-04-06,15:03:53.201000,9806,9808,9808,1
2020-04-06,15:03:53.442000,9806,9808,9808,1
2020-04-06,15:03:53.919000,9806,9808,9806,1
2020-04-06,15:03:54.024000,9806,9808,9808,8
2020-04-06,15:03:56.093000,9807,9808,9807,1
2020-04-06,15:03:56.663000,9807,9808,9808,1
2020-04-06,15:03:57.165000,9807,9808,9808,1
2020-04-06,15:03:57.975000,9808,9809,9808,1
2020-04-06,15:03:58.020000,9808,9809,9808,1
2020-04-06,15:03:58.285000,9807,9808,9807,4
2020-04-06,15:03:58.509000,9806,9807,9807,1
2020-04-06,15:04:00.401000,9806,9807,9807,1
2020-04-06,15:04:00.409000,9806,9807,9807,2
2020-04-06,15:04:01.474000,9807,9808,9807,1
2020-04-06,15:04:02.163000,9806,9807,9807,3
2020-04-06,15:04:03.325000,9806,9807,9807,1
2020-04-06,15:04:03.625000,9806,9807,9807,2
2020-04-06,15:04:04.013000,9806,9807,9807,1
2020-04-06,15:04:04.203000,9806,9807,9806,1
2020-04-06,15:04:04.449000,9806,9807,9807,1
2020-04-06,15:04:04.526000,9806,9807,9807,2
2020-04-06,15:04:04.743000,9806,9807,9806,1
2020-04-06,15:04:05.385000,9806,9807,9806,4
2020-04-06,15:04:05.386000,9806,9807,9806,1
2020-04-06,15:04:05.390000,9806,9807,9806,1
2020-04-06,15:04:05.610000,9805,9807,9807,2
2020-04-06,15:04:06.882000,9805,9807,9807,10
2020-04-06,15:04:07.143000,9806,9808,9807,1
2020-04-06,15:04:07.297000,9806,9808,9807,1
2020-04-06,15:04:08.066000,9806,9808,9808,1
2020-04-06,15:04:08.857000,9807,9808,9808,1
2020-04-06,15:04:08.857000,9807,9808,9808,3
2020-04-06,15:04:08.857000,9807,9808,9808,2
2020-04-06,15:04:08.910000,9807,9808,9808,2
2020-04-06,15:04:09.110000,9808,9809,9808,2
2020-04-06,15:04:09.117000,9808,9809,9808,2
2020-04-06,15:04:09.120000,9808,9809,9807,2
2020-04-06,15:04:09.685000,9807,9809,9809,2
2020-04-06,15:04:10.209000,9807,9809,9807,1
2020-04-06,15:04:11.526000,9807,9808,9808,1
2020-04-06,15:04:12.550000,9807,9808,9808,1
2020-04-06,15:04:12.702000,9808,9809,9808,1
2020-04-06,15:04:13.569000,9808,9809,9808,1
2020-04-06,15:04:18.041000,9808,9809,9808,2
2020-04-06,15:04:18.515000,9807,9809,9809,1
2020-04-06,15:04:20.178000,9807,9809,9807,1
2020-04-06,15:04:23.462000,9808,9809,9809,1
2020-04-06,15:04:24.048000,9808,9809,9809,1
2020-04-06,15:04:24.849000,9808,9809,9808,4
2020-04-06,15:04:25.352000,9807,9808,9807,4
2020-04-06,15:04:26.609000,9807,9809,9809,1
2020-04-06,15:04:27.357000,9807,9809,9809,5
2020-04-06,15:04:28.747000,9808,9809,9808,1
2020-04-06,15:04:30.477000,9808,9809,9808,1
2020-04-06,15:04:35.316000,9808,9809,9808,1
2020-04-06,15:04:35.378000,9808,9809,9808,1
2020-04-06,15:04:36.046000,9808,9809,9809,5
2020-04-06,15:04:36.046000,9808,9809,9809,1
2020-04-06,15:04:36.280000,9808,9810,9810,1
2020-04-06,15:04:36.822000,9809,9810,9810,1
2020-04-06,15:04:37.105000,9809,9810,9809,2
2020-04-06,15:04:37.450000,9808,9809,9809,1
2020-04-06,15:04:40.788000,9809,9810,9809,1
2020-04-06,15:04:40.811000,9809,9810,9809,4
2020-04-06,15:04:40.959000,9809,9810,9809,1
2020-04-06,15:04:41.059000,9809,9810,9810,1
2020-04-06,15:04:42.018000,9809,9810,9809,1
2020-04-06,15:04:44.330000,9809,9810,9809,3
2020-04-06,15:04:44.669000,9809,9810,9810,1
2020-04-06,15:04:44.827000,9809,9810,9809,4
2020-04-06,15:04:44.827000,9809,9810,9809,1
2020-04-06,15:04:44.827000,9809,9810,9809,3
2020-04-06,15:04:44.827000,9809,9810,9809,9
2020-04-06,15:04:45.116000,9808,9809,9809,2
2020-04-06,15:04:46.596000,9808,9809,9809,4
2020-04-06,15:04:46.596000,9808,9809,9810,1
2020-04-06,15:04:48.880000,9809,9810,9809,1
2020-04-06,15:04:49.017000,9809,9810,9809,1
2020-04-06,15:04:49.082000,9809,9810,9809,1
2020-04-06,15:04:49.285000,9808,9809,9808,5
2020-04-06,15:04:49.485000,9807,9809,9807,10
2020-04-06,15:04:49.485000,9807,9809,9806,10
2020-04-06,15:04:49.616000,9806,9807,9806,11
2020-04-06,15:04:49.909000,9805,9807,9806,1
2020-04-06,15:04:52.714000,9805,9807,9807,2
2020-04-06,15:04:52.910000,9805,9806,9805,3
2020-04-06,15:04:55.468000,9805,9807,9805,1
2020-04-06,15:04:56.570000,9805,9806,9805,1
2020-04-06,15:04:58.056000,9804,9806,9806,1
2020-04-06,15:04:59.044000,9804,9805,9805,1
2020-04-06,15:05:00.364000,9804,9806,9805,1
2020-04-06,15:05:01.459000,9804,9805,9804,4
2020-04-06,15:05:01.587000,9803,9804,9804,2
2020-04-06,15:05:02.358000,9803,9804,9804,2
2020-04-06,15:05:02.826000,9803,9805,9805,1
2020-04-06,15:05:03.160000,9804,9805,9805,1
2020-04-06,15:05:03.380000,9804,9806,9805,1
2020-04-06,15:05:05.309000,9805,9806,9806,2
2020-04-06,15:05:05.479000,9805,9807,9805,2
2020-04-06,15:05:05.688000,9806,9807,9807,2
2020-04-06,15:05:05.982000,9806,9807,9807,1
2020-04-06,15:05:06.627000,9806,9807,9807,4
2020-04-06,15:05:06.627000,9806,9807,9808,1
2020-04-06,15:05:07.759000,9806,9808,9806,1
2020-04-06,15:05:10.589000,9805,9807,9805,1
2020-04-06,15:05:12.300000,9805,9806,9805,2
2020-04-06,15:05:13.035000,9805,9806,9805,2
2020-04-06,15:05:13.035000,9805,9806,9805,1
2020-04-06,15:05:13.754000,9804,9805,9804,2
2020-04-06,15:05:13.926000,9804,9805,9804,1
2020-04-06,15:05:14.333000,9804,9805,9804,1
2020-04-06,15:05:14.856000,9804,9805,9804,1
2020-04-06,15:05:14.879000,9804,9805,9805,1
2020-04-06,15:05:15.049000,9805,9806,9806,1
2020-04-06,15:05:15.909000,9804,9806,9805,1
2020-04-06,15:05:16.374000,9805,9806,9805,1
2020-04-06,15:05:16.492000,9805,9806,9805,1
2020-04-06,15:05:16.883000,9804,9806,9804,2
2020-04-06,15:05:18.326000,9804,9806,9804,8
2020-04-06,15:05:18.326000,9804,9806,9804,1
2020-04-06,15:05:18.327000,9804,9806,9804,1
2020-04-06,15:05:20.068000,9805,9806,9805,2
2020-04-06,15:05:22.714000,9804,9805,9804,1
2020-04-06,15:05:26.827000,9804,9805,9804,1
2020-04-06,15:05:28.285000,9804,9805,9805,2
2020-04-06,15:05:28.394000,9804,9805,9805,1
2020-04-06,15:05:29.040000,9804,9806,9804,1
2020-04-06,15:05:30.035000,9804,9805,9804,1
2020-04-06,15:05:31.054000,9804,9805,9805,1
2020-04-06,15:05:32.251000,9804,9805,9804,1
2020-04-06,15:05:32.660000,9804,9805,9804,3
2020-04-06,15:05:37.419000,9804,9805,9805,3
2020-04-06,15:05:37.528000,9804,9805,9805,3
2020-04-06,15:05:37.528000,9804,9805,9805,1
2020-04-06,15:05:37.952000,9805,9806,9805,1
2020-04-06,15:05:38.348000,9805,9806,9806,7
2020-04-06,15:05:38.410000,9805,9806,9806,2
2020-04-06,15:05:38.410000,9805,9806,9806,1
2020-04-06,15:05:40.832000,9805,9807,9807,1
2020-04-06,15:05:41.224000,9806,9807,9807,1
2020-04-06,15:05:42.144000,9807,9808,9808,1
2020-04-06,15:05:42.766000,9807,9808,9807,1
2020-04-06,15:05:43.423000,9807,9808,9807,1
2020-04-06,15:05:46.150000,9806,9807,9807,1
2020-04-06,15:05:48.063000,9806,9807,9807,1
2020-04-06,15:05:50.338000,9806,9807,9807,1
2020-04-06,15:05:55.724000,9806,9807,9807,1
2020-04-06,15:05:55.914000,9806,9807,9807,1
2020-04-06,15:05:57.160000,9806,9807,9807,2
2020-04-06,15:06:02.216000,9807,9808,9808,5
2020-04-06,15:06:02.216000,9807,9808,9808,1
2020-04-06,15:06:05.051000,9808,9809,9809,1
2020-04-06,15:06:05.574000,9808,9809,9808,1
2020-04-06,15:06:07.368000,9808,9809,9808,2
2020-04-06,15:06:07.387000,9808,9809,9808,4
2020-04-06,15:06:07.388000,9808,9809,9808,1
2020-04-06,15:06:07.388000,9808,9809,9808,1
2020-04-06,15:06:07.578000,9807,9808,9808,1
2020-04-06,15:06:09.064000,9808,9809,9808,1
2020-04-06,15:06:09.679000,9806,9808,9808,1
2020-04-06,15:06:11.106000,9806,9808,9808,1
2020-04-06,15:06:11.107000,9806,9808,9808,1
2020-04-06,15:06:15.569000,9807,9808,9807,1
2020-04-06,15:06:15.569000,9807,9808,9806,1
2020-04-06,15:06:17.413000,9806,9808,9808,2
2020-04-06,15:06:17.618000,9806,9808,9808,2
2020-04-06,15:06:20.644000,9807,9808,9807,1
2020-04-06,15:06:20.644000,9807,9808,9807,1
2020-04-06,15:06:22.056000,9805,9807,9807,1
2020-04-06,15:06:23.148000,9805,9807,9805,3
2020-04-06,15:06:23.825000,9805,9806,9805,3
2020-04-06,15:06:24.920000,9804,9806,9804,1
2020-04-06,15:06:25.167000,9805,9807,9805,1
2020-04-06,15:06:25.449000,9804,9806,9804,2
2020-04-06,15:06:26.199000,9804,9806,9804,1
2020-04-06,15:06:27,9804,9805,9804,1
2020-04-06,15:06:27.399000,9804,9805,9804,2
2020-04-06,15:06:27.660000,9804,9805,9804,3
2020-04-06,15:06:28.728000,9803,9804,9803,2
2020-04-06,15:06:28.785000,9803,9804,9803,2
2020-04-06,15:06:30.679000,9802,9803,9803,4
2020-04-06,15:06:30.689000,9802,9803,9803,2
2020-04-06,15:06:30.691000,9802,9803,9803,1
2020-04-06,15:06:30.785000,9802,9803,9803,5
2020-04-06,15:06:34.954000,9804,9805,9805,1
2020-04-06,15:06:34.954000,9804,9805,9805,1
2020-04-06,15:06:35.209000,9804,9806,9805,1
2020-04-06,15:06:35.304000,9805,9807,9805,1
2020-04-06,15:06:35.352000,9805,9807,9805,1
2020-04-06,15:06:36.370000,9805,9807,9805,1
2020-04-06,15:06:38.677000,9805,9806,9805,1
2020-04-06,15:06:39.065000,9805,9807,9807,1
2020-04-06,15:06:40.809000,9805,9806,9806,1
2020-04-06,15:06:41.511000,9806,9808,9806,3
2020-04-06,15:06:49.312000,9806,9807,9807,1
2020-04-06,15:06:54.535000,9806,9807,9806,4
2020-04-06,15:06:54.816000,9805,9806,9806,1
2020-04-06,15:06:55.086000,9805,9806,9806,1
2020-04-06,15:06:56.115000,9805,9806,9805,2
2020-04-06,15:06:58.644000,9804,9805,9804,2
2020-04-06,15:06:59.674000,9803,9804,9804,1
2020-04-06,15:07:00.080000,9803,9804,9803,1
2020-04-06,15:07:00.160000,9803,9804,9803,6
2020-04-06,15:07:00.261000,9803,9804,9803,8
2020-04-06,15:07:00.261000,9803,9804,9803,3
2020-04-06,15:07:00.261000,9803,9804,9803,2
2020-04-06,15:07:02.926000,9802,9803,9803,2
2020-04-06,15:07:02.926000,9802,9803,9803,1
2020-04-06,15:07:02.926000,9802,9803,9803,2
2020-04-06,15:07:05.732000,9802,9804,9802,1
2020-04-06,15:07:08.953000,9802,9803,9803,1
2020-04-06,15:07:09.415000,9802,9803,9803,4
2020-04-06,15:07:09.415000,9802,9803,9803,4
2020-04-06,15:07:09.415000,9802,9803,9803,2
2020-04-06,15:07:09.415000,9802,9803,9803,3
2020-04-06,15:07:09.463000,9802,9803,9804,6
2020-04-06,15:07:09.535000,9803,9804,9804,6
2020-04-06,15:07:10.441000,9804,9806,9804,1
2020-04-06,15:07:10.943000,9804,9806,9804,3
2020-04-06,15:07:10.943000,9804,9806,9803,7
2020-04-06,15:07:12.063000,9803,9805,9805,1
2020-04-06,15:07:12.077000,9803,9805,9805,5
2020-04-06,15:07:13.635000,9804,9805,9804,1
2020-04-06,15:07:13.689000,9804,9805,9805,1
2020-04-06,15:07:14.614000,9805,9806,9805,1
2020-04-06,15:07:15.287000,9805,9806,9806,1
2020-04-06,15:07:17.721000,9805,9806,9805,3
2020-04-06,15:07:18.914000,9805,9806,9806,2
2020-04-06,15:07:18.916000,9805,9806,9806,3
2020-04-06,15:07:19.134000,9805,9807,9806,1
2020-04-06,15:07:19.425000,9806,9807,9806,1
2020-04-06,15:07:22.644000,9805,9806,9806,1
2020-04-06,15:07:24.725000,9806,9807,9806,1
2020-04-06,15:07:25.339000,9806,9807,9806,1
2020-04-06,15:07:26.815000,9806,9807,9806,1
2020-04-06,15:07:29.061000,9806,9807,9807,1
2020-04-06,15:07:29.544000,9806,9807,9806,1
2020-04-06,15:07:29.832000,9806,9807,9807,2
2020-04-06,15:07:29.832000,9806,9807,9808,3
2020-04-06,15:07:30.999000,9806,9808,9807,1
2020-04-06,15:07:31.811000,9806,9808,9806,1
2020-04-06,15:07:37.981000,9806,9808,9808,3
2020-04-06,15:07:44.119000,9806,9807,9806,1
2020-04-06,15:07:44.379000,9806,9807,9806,1
2020-04-06,15:07:46.038000,9806,9807,9807,1
2020-04-06,15:07:50.506000,9806,9807,9807,2
2020-04-06,15:07:55.660000,9806,9807,9806,4
2020-04-06,15:07:55.660000,9806,9807,9806,1
2020-04-06,15:07:55.660000,9806,9807,9806,3
2020-04-06,15:07:55.910000,9805,9806,9805,4
2020-04-06,15:07:56.035000,9805,9806,9805,2
2020-04-06,15:07:56.285000,9805,9806,9805,1
2020-04-06,15:08:02.052000,9805,9806,9806,1
2020-04-06,15:08:02.261000,9805,9806,9806,1
2020-04-06,15:08:08.069000,9806,9807,9807,1
2020-04-06,15:08:08.660000,9806,9807,9807,3
2020-04-06,15:08:09.828000,9807,9808,9807,1
2020-04-06,15:08:11.660000,9807,9808,9808,1
2020-04-06,15:08:11.664000,9807,9808,9808,3
2020-04-06,15:08:11.665000,9807,9808,9808,9
2020-04-06,15:08:11.665000,9807,9808,9808,4
2020-04-06,15:08:11.805000,9807,9809,9809,1
2020-04-06,15:08:14.350000,9808,9809,9809,1
2020-04-06,15:08:14.739000,9808,9809,9809,1
2020-04-06,15:08:15.422000,9808,9809,9808,1
2020-04-06,15:08:18.067000,9807,9809,9807,1
2020-04-06,15:08:19.067000,9807,9809,9809,1
2020-04-06,15:08:21.634000,9809,9810,9810,1
2020-04-06,15:08:22.703000,9809,9810,9809,1
2020-04-06,15:08:22.787000,9808,9810,9810,5
2020-04-06,15:08:24.617000,9808,9809,9809,1
2020-04-06,15:08:26.206000,9808,9810,9810,1
2020-04-06,15:08:26.535000,9809,9810,9810,1
2020-04-06,15:08:26.555000,9809,9810,9809,1
2020-04-06,15:08:27.877000,9809,9811,9809,1
2020-04-06,15:08:30.273000,9809,9810,9810,1
2020-04-06,15:08:31.036000,9810,9811,9810,1
2020-04-06,15:08:32.659000,9810,9811,9810,1
2020-04-06,15:08:33.627000,9810,9811,9811,5
2020-04-06,15:08:33.815000,9810,9811,9811,1
2020-04-06,15:08:34.395000,9810,9811,9811,1
2020-04-06,15:08:34.521000,9810,9811,9811,1
2020-04-06,15:08:35.086000,9810,9811,9810,2
2020-04-06,15:08:36.048000,9808,9809,9809,1
2020-04-06,15:08:37.125000,9808,9809,9809,1
2020-04-06,15:08:37.362000,9808,9809,9809,1
2020-04-06,15:08:37.462000,9808,9809,9809,1
2020-04-06,15:08:37.701000,9808,9810,9810,1
2020-04-06,15:08:39.290000,9808,9809,9808,3
2020-04-06,15:08:40.190000,9807,9808,9808,1
2020-04-06,15:08:40.565000,9807,9808,9807,1
2020-04-06,15:08:41.199000,9807,9808,9809,1
2020-04-06,15:08:43.918000,9808,9809,9808,1
2020-04-06,15:08:44.021000,9808,9809,9808,1
2020-04-06,15:08:44.329000,9807,9808,9808,1
2020-04-06,15:08:46.410000,9807,9808,9807,2
2020-04-06,15:08:46.491000,9807,9808,9807,1
2020-04-06,15:08:50.035000,9806,9807,9806,19
2020-04-06,15:08:50.036000,9806,9807,9805,2
2020-04-06,15:08:50.037000,9806,9807,9805,5
2020-04-06,15:08:50.160000,9805,9806,9805,2
2020-04-06,15:08:50.160000,9805,9806,9805,7
2020-04-06,15:08:50.160000,9805,9806,9805,4
2020-04-06,15:08:50.160000,9805,9806,9805,1
2020-04-06,15:08:50.160000,9805,9806,9805,6
2020-04-06,15:08:51.321000,9805,9807,9807,1
2020-04-06,15:08:53.078000,9805,9807,9807,1
2020-04-06,15:08:54.143000,9806,9807,9807,1
2020-04-06,15:08:55.020000,9806,9807,9806,1
2020-04-06,15:08:56.159000,9806,9807,9806,1
2020-04-06,15:08:58.978000,9805,9806,9805,1
2020-04-06,15:09:03.460000,9805,9806,9805,1
2020-04-06,15:09:03.758000,9805,9806,9806,3
2020-04-06,15:09:03.990000,9805,9806,9806,1
2020-04-06,15:09:04.289000,9805,9806,9806,1
2020-04-06,15:09:04.650000,9805,9807,9806,1
2020-04-06,15:09:04.860000,9806,9807,9806,1
2020-04-06,15:09:09.059000,9806,9807,9807,1
2020-04-06,15:09:09.917000,9806,9807,9806,2
2020-04-06,15:09:09.917000,9806,9807,9805,18
2020-04-06,15:09:11.208000,9806,9807,9807,2
2020-04-06,15:09:11.208000,9806,9807,9807,4
2020-04-06,15:09:11.209000,9806,9807,9807,5
2020-04-06,15:09:11.209000,9806,9807,9807,2
2020-04-06,15:09:11.431000,9807,9808,9808,5
2020-04-06,15:09:11.994000,9808,9809,9808,1
2020-04-06,15:09:12.445000,9808,9809,9809,3
2020-04-06,15:09:12.750000,9808,9810,9808,1
2020-04-06,15:09:18.316000,9808,9810,9808,1
2020-04-06,15:09:20.524000,9808,9809,9809,1
2020-04-06,15:09:20.852000,9808,9809,9809,1
2020-04-06,15:09:25.618000,9809,9810,9809,1
2020-04-06,15:09:26.041000,9809,9810,9810,1
2020-04-06,15:09:26.160000,9809,9810,9810,8
2020-04-06,15:09:29.172000,9810,9811,9810,1
2020-04-06,15:09:31.559000,9809,9810,9809,1
2020-04-06,15:09:33.079000,9809,9810,9809,1
2020-04-06,15:09:37.601000,9808,9809,9808,6
2020-04-06,15:09:37.601000,9808,9809,9808,2
2020-04-06,15:09:37.601000,9808,9809,9808,2
2020-04-06,15:09:42.592000,9807,9809,9809,1
2020-04-06,15:09:43.164000,9807,9809,9809,1
2020-04-06,15:09:44.187000,9807,9809,9807,4
2020-04-06,15:09:44.257000,9807,9809,9807,2
2020-04-06,15:09:48.070000,9808,9809,9809,3
2020-04-06,15:09:48.784000,9808,9809,9808,1
2020-04-06,15:09:49.172000,9807,9808,9808,1
2020-04-06,15:09:55.535000,9808,9809,9808,2
2020-04-06,15:09:57.962000,9807,9809,9807,1
2020-04-06,15:09:59.658000,9807,9809,9808,1
2020-04-06,15:10:00.084000,9808,9809,9809,1
2020-04-06,15:10:01.884000,9807,9808,9808,3
2020-04-06,15:10:02.450000,9808,9809,9808,1
2020-04-06,15:10:02.450000,9808,9809,9808,1
2020-04-06,15:10:02.709000,9807,9809,9809,2
2020-04-06,15:10:02.709000,9807,9809,9809,2
2020-04-06,15:10:04.837000,9807,9809,9809,1
2020-04-06,15:10:06.256000,9807,9808,9807,2
2020-04-06,15:10:13.299000,9806,9807,9807,1
2020-04-06,15:10:14.309000,9806,9807,9806,1
2020-04-06,15:10:17.068000,9806,9808,9808,1
2020-04-06,15:10:20.494000,9806,9807,9807,1
2020-04-06,15:10:27.807000,9806,9808,9806,1
2020-04-06,15:10:31.153000,9806,9808,9808,1
2020-04-06,15:10:33.055000,9807,9808,9808,1
2020-04-06,15:10:33.480000,9807,9808,9807,1
2020-04-06,15:10:37.566000,9806,9807,9807,1
2020-04-06,15:10:38.747000,9807,9808,9808,3
2020-04-06,15:10:38.747000,9807,9808,9808,1
2020-04-06,15:10:38.785000,9807,9808,9808,1
2020-04-06,15:10:40.535000,9808,9809,9809,2
2020-04-06,15:10:44.783000,9808,9809,9809,1
2020-04-06,15:10:44.893000,9808,9809,9809,1
2020-04-06,15:10:45.634000,9809,9810,9810,1
2020-04-06,15:10:45.634000,9809,9810,9810,1
2020-04-06,15:10:45.634000,9809,9810,9810,2
2020-04-06,15:10:45.634000,9809,9810,9810,1
2020-04-06,15:10:50.062000,9809,9810,9810,1
2020-04-06,15:10:53.957000,9809,9810,9809,2
2020-04-06,15:10:55.352000,9808,9810,9810,1
2020-04-06,15:10:59.466000,9809,9810,9809,1
2020-04-06,15:11:00.030000,9809,9810,9810,1
2020-04-06,15:11:00.416000,9809,9810,9809,1
2020-04-06,15:11:00.494000,9809,9810,9809,1
2020-04-06,15:11:00.560000,9809,9810,9809,1
2020-04-06,15:11:01.456000,9809,9810,9810,1
2020-04-06,15:11:01.818000,9809,9810,9810,1
2020-04-06,15:11:02.303000,9809,9810,9810,10
2020-04-06,15:11:04.757000,9810,9811,9810,1
2020-04-06,15:11:07.036000,9810,9811,9811,1
2020-04-06,15:11:08.540000,9810,9811,9810,1
2020-04-06,15:11:09.134000,9810,9811,9810,1
2020-04-06,15:11:09.134000,9810,9811,9810,1
2020-04-06,15:11:10.395000,9809,9810,9810,1
2020-04-06,15:11:12.245000,9809,9811,9811,1
2020-04-06,15:11:15.995000,9810,9811,9811,1
2020-04-06,15:11:15.995000,9810,9811,9811,2
2020-04-06,15:11:15.995000,9810,9811,9811,2
2020-04-06,15:11:16.035000,9810,9811,9811,6
2020-04-06,15:11:16.035000,9810,9811,9811,4
2020-04-06,15:11:16.035000,9810,9811,9811,5
2020-04-06,15:11:16.554000,9811,9812,9811,1
2020-04-06,15:11:17.141000,9811,9812,9811,4
2020-04-06,15:11:17.142000,9811,9812,9811,6
2020-04-06,15:11:17.571000,9811,9812,9811,1
2020-04-06,15:11:21.215000,9810,9811,9811,3
2020-04-06,15:11:24.047000,9810,9812,9812,1
2020-04-06,15:11:24.328000,9810,9812,9812,1
2020-04-06,15:11:24.501000,9810,9812,9812,1
2020-04-06,15:11:25.228000,9810,9812,9812,5
2020-04-06,15:11:26.750000,9811,9812,9812,1
2020-04-06,15:11:27.992000,9812,9813,9812,1
2020-04-06,15:11:28.426000,9812,9813,9813,1
2020-04-06,15:11:28.878000,9812,9813,9813,1
2020-04-06,15:11:29.075000,9812,9813,9813,1
2020-04-06,15:11:30.265000,9812,9813,9812,1
2020-04-06,15:11:30.660000,9811,9812,9812,4
2020-04-06,15:11:31.876000,9811,9812,9812,1
2020-04-06,15:11:35.993000,9812,9813,9813,1
2020-04-06,15:11:35.993000,9812,9813,9813,1
2020-04-06,15:11:36.036000,9812,9813,9813,3
2020-04-06,15:11:36.963000,9813,9814,9814,2
2020-04-06,15:11:37.042000,9813,9814,9814,1
2020-04-06,15:11:37.797000,9813,9814,9814,1
2020-04-06,15:11:38.749000,9813,9815,9813,1
2020-04-06,15:11:40.043000,9813,9815,9815,1
2020-04-06,15:11:42.649000,9812,9814,9814,1
2020-04-06,15:11:43.432000,9813,9814,9814,1
2020-04-06,15:11:43.914000,9813,9814,9813,1
2020-04-06,15:11:44.035000,9813,9814,9813,1
2020-04-06,15:11:44.405000,9811,9813,9813,1
2020-04-06,15:11:45.022000,9812,9814,9814,1
2020-04-06,15:11:46.227000,9813,9814,9815,1
2020-04-06,15:11:47.140000,9813,9815,9813,1
2020-04-06,15:11:48.193000,9813,9815,9815,8
2020-04-06,15:11:52.067000,9814,9815,9814,1
2020-04-06,15:11:52.797000,9813,9814,9814,1
2020-04-06,15:11:53.940000,9814,9815,9814,2
2020-04-06,15:11:56.535000,9814,9815,9814,1
2020-04-06,15:11:57.048000,9813,9815,9815,1
2020-04-06,15:12:00.070000,9814,9815,9814,3
2020-04-06,15:12:00.534000,9814,9815,9815,1
2020-04-06,15:12:00.688000,9814,9815,9815,1
2020-04-06,15:12:00.719000,9814,9815,9815,1
2020-04-06,15:12:01.416000,9814,9815,9814,9
2020-04-06,15:12:01.416000,9814,9815,9814,1
2020-04-06,15:12:01.416000,9814,9815,9814,7
2020-04-06,15:12:01.416000,9814,9815,9814,4
2020-04-06,15:12:01.417000,9814,9815,9814,1
2020-04-06,15:12:01.660000,9813,9814,9813,2
2020-04-06,15:12:01.792000,9813,9814,9814,1
2020-04-06,15:12:03.052000,9813,9814,9813,1
2020-04-06,15:12:03.322000,9812,9814,9814,3
2020-04-06,15:12:03.732000,9812,9814,9814,1
2020-04-06,15:12:08.084000,9814,9815,9815,6
2020-04-06,15:12:08.085000,9814,9815,9815,2
2020-04-06,15:12:08.085000,9814,9815,9815,1
2020-04-06,15:12:08.085000,9814,9815,9815,1
2020-04-06,15:12:08.085000,9814,9815,9815,3
2020-04-06,15:12:08.085000,9814,9815,9815,2
2020-04-06,15:12:08.085000,9814,9815,9815,1
2020-04-06,15:12:08.086000,9814,9815,9815,2
2020-04-06,15:12:08.088000,9814,9815,9815,1
2020-04-06,15:12:09.737000,9814,9816,9814,1
2020-04-06,15:12:13.644000,9814,9815,9815,1
2020-04-06,15:12:13.910000,9815,9816,9815,1
2020-04-06,15:12:14.042000,9814,9816,9816,1
2020-04-06,15:12:14.186000,9815,9816,9816,1
2020-04-06,15:12:14.417000,9815,9816,9816,5
2020-04-06,15:12:14.844000,9816,9817,9816,1
2020-04-06,15:12:15.421000,9816,9817,9816,2
2020-04-06,15:12:17.270000,9816,9817,9817,2
2020-04-06,15:12:17.422000,9816,9817,9817,2
2020-04-06,15:12:17.423000,9816,9817,9817,1
2020-04-06,15:12:17.454000,9816,9817,9816,1
2020-04-06,15:12:20.039000,9816,9817,9817,1
2020-04-06,15:12:21.396000,9817,9818,9817,1
2020-04-06,15:12:21.564000,9817,9818,9817,1
2020-04-06,15:12:21.845000,9816,9818,9818,2
2020-04-06,15:12:21.910000,9817,9818,9818,1
2020-04-06,15:12:25.366000,9817,9819,9819,1
2020-04-06,15:12:25.624000,9817,9819,9819,2
2020-04-06,15:12:25.715000,9817,9819,9819,1
2020-04-06,15:12:25.716000,9817,9819,9819,5
2020-04-06,15:12:25.716000,9817,9819,9820,5
2020-04-06,15:12:25.773000,9817,9819,9820,1
2020-04-06,15:12:25.816000,9818,9820,9820,1
2020-04-06,15:12:25.822000,9818,9820,9820,1
2020-04-06,15:12:25.919000,9818,9820,9820,1
2020-04-06,15:12:25.922000,9818,9820,9821,1
2020-04-06,15:12:25.981000,9818,9820,9818,1
2020-04-06,15:12:25.998000,9818,9820,9820,1
2020-04-06,15:12:26.024000,9818,9820,9820,1
2020-04-06,15:12:26.037000,9818,9820,9820,1
2020-04-06,15:12:26.364000,9819,9820,9820,1
2020-04-06,15:12:26.607000,9819,9820,9820,1
2020-04-06,15:12:27.250000,9818,9820,9820,1
2020-04-06,15:12:27.660000,9818,9819,9818,2
2020-04-06,15:12:27.952000,9817,9819,9819,2
2020-04-06,15:12:28.006000,9817,9819,9817,1
2020-04-06,15:12:29.101000,9817,9818,9818,1
2020-04-06,15:12:30.426000,9817,9818,9818,1
2020-04-06,15:12:31.067000,9817,9819,9819,1
2020-04-06,15:12:32.909000,9817,9818,9818,1
2020-04-06,15:12:33.189000,9817,9819,9817,1
2020-04-06,15:12:35.811000,9818,9819,9818,1
2020-04-06,15:12:38.411000,9818,9819,9819,5
2020-04-06,15:12:40.024000,9818,9819,9819,1
2020-04-06,15:12:41.514000,9819,9820,9820,1
2020-04-06,15:12:41.782000,9819,9820,9820,1
2020-04-06,15:12:45.905000,9821,9822,9821,1
2020-04-06,15:12:46.014000,9820,9822,9822,1
2020-04-06,15:12:46.303000,9820,9822,9822,1
2020-04-06,15:12:48.031000,9820,9821,9821,1
2020-04-06,15:12:48.039000,9820,9822,9822,1
2020-04-06,15:12:48.045000,9820,9822,9822,1
2020-04-06,15:12:48.442000,9820,9821,9821,1
2020-04-06,15:12:48.582000,9820,9822,9822,1
2020-04-06,15:12:52.678000,9820,9821,9821,1
2020-04-06,15:12:52.789000,9820,9821,9821,1
2020-04-06,15:12:53.904000,9821,9822,9822,2
2020-04-06,15:12:54.498000,9821,9822,9822,2
2020-04-06,15:12:55.265000,9821,9822,9821,2
2020-04-06,15:12:55.313000,9820,9821,9821,1
2020-04-06,15:12:55.655000,9820,9821,9821,5
2020-04-06,15:12:57.552000,9820,9821,9821,1
2020-04-06,15:12:58.542000,9820,9821,9820,10
2020-04-06,15:12:58.560000,9820,9821,9821,1
2020-04-06,15:12:58.959000,9819,9820,9820,1
2020-04-06,15:12:59.583000,9819,9821,9821,1
2020-04-06,15:13:01.798000,9820,9821,9821,2
2020-04-06,15:13:03.035000,9821,9822,9822,2
2020-04-06,15:13:03.035000,9821,9822,9822,2
2020-04-06,15:13:03.239000,9822,9823,9822,1
2020-04-06,15:13:04.037000,9822,9823,9823,1
2020-04-06,15:13:04.267000,9822,9823,9823,2
2020-04-06,15:13:04.357000,9822,9823,9823,1
2020-04-06,15:13:04.358000,9822,9823,9823,1
2020-04-06,15:13:05.490000,9822,9823,9822,1
2020-04-06,15:13:06.835000,9822,9823,9823,2
2020-04-06,15:13:08.677000,9822,9823,9822,2
2020-04-06,15:13:09.795000,9821,9823,9823,4
2020-04-06,15:13:10.095000,9822,9823,9822,2
2020-04-06,15:13:10.095000,9822,9823,9822,1
2020-04-06,15:13:10.310000,9821,9822,9822,1
2020-04-06,15:13:11.822000,9821,9822,9821,1
2020-04-06,15:13:11.910000,9821,9822,9821,2
2020-04-06,15:13:11.985000,9821,9822,9822,1
2020-04-06,15:13:12.037000,9821,9822,9821,1
2020-04-06,15:13:14.070000,9820,9822,9820,1
2020-04-06,15:13:14.081000,9820,9822,9822,1
2020-04-06,15:13:16.453000,9821,9822,9821,1
2020-04-06,15:13:16.744000,9821,9822,9822,1
2020-04-06,15:13:17.633000,9821,9822,9822,2
2020-04-06,15:13:21.054000,9821,9822,9822,1
2020-04-06,15:13:21.664000,9821,9822,9822,1
2020-04-06,15:13:23.608000,9821,9822,9822,1
2020-04-06,15:13:23.942000,9821,9822,9822,1
2020-04-06,15:13:24.106000,9821,9822,9821,1
2020-04-06,15:13:28.325000,9821,9822,9821,1
2020-04-06,15:13:31.006000,9820,9821,9820,1
2020-04-06,15:13:31.919000,9820,9821,9821,1
2020-04-06,15:13:32.661000,9820,9821,9821,1
2020-04-06,15:13:33.785000,9820,9821,9820,1
2020-04-06,15:13:33.785000,9820,9821,9820,4
2020-04-06,15:13:35.091000,9819,9821,9821,5
2020-04-06,15:13:35.554000,9819,9820,9819,4
2020-04-06,15:13:35.554000,9819,9820,9819,1
2020-04-06,15:13:35.554000,9819,9820,9819,1
2020-04-06,15:13:35.555000,9819,9820,9819,2
2020-04-06,15:13:35.555000,9819,9820,9819,3
2020-04-06,15:13:35.842000,9818,9820,9820,1
2020-04-06,15:13:36.385000,9818,9820,9820,1
2020-04-06,15:13:36.967000,9818,9820,9820,1
2020-04-06,15:13:38.045000,9818,9820,9820,1
2020-04-06,15:13:38.763000,9818,9820,9820,1
2020-04-06,15:13:39.435000,9819,9821,9819,1
2020-04-06,15:13:41.427000,9818,9820,9820,1
2020-04-06,15:13:43.337000,9819,9820,9819,1
2020-04-06,15:13:43.836000,9819,9820,9819,1
2020-04-06,15:13:47.873000,9818,9819,9818,5
2020-04-06,15:13:47.873000,9818,9819,9817,15
2020-04-06,15:13:47.873000,9818,9819,9816,6
2020-04-06,15:13:48.029000,9817,9819,9818,1
2020-04-06,15:13:49.118000,9817,9819,9819,1
2020-04-06,15:13:49.996000,9818,9819,9819,4
2020-04-06,15:13:49.996000,9818,9819,9819,2
2020-04-06,15:13:54.157000,9818,9819,9818,2
2020-04-06,15:13:54.909000,9816,9818,9816,3
2020-04-06,15:13:55.058000,9816,9817,9817,1
2020-04-06,15:13:55.513000,9816,9818,9816,2
2020-04-06,15:13:55.535000,9815,9817,9817,1
2020-04-06,15:13:55.799000,9815,9817,9815,2
2020-04-06,15:13:55.931000,9815,9817,9815,1
2020-04-06,15:13:56.090000,9815,9817,9815,1
2020-04-06,15:13:56.284000,9815,9817,9815,2
2020-04-06,15:13:56.561000,9815,9816,9816,1
2020-04-06,15:13:56.655000,9815,9816,9815,3
2020-04-06,15:13:56.848000,9815,9817,9815,3
2020-04-06,15:13:56.969000,9814,9816,9815,2
2020-04-06,15:13:59.433000,9816,9818,9816,1
2020-04-06,15:14:00.327000,9816,9818,9818,1
2020-04-06,15:14:00.890000,9816,9818,9818,1
2020-04-06,15:14:02.396000,9816,9818,9818,1
2020-04-06,15:14:03.285000,9817,9818,9818,2
2020-04-06,15:14:06.261000,9818,9819,9819,2
2020-04-06,15:14:06.261000,9818,9819,9819,1
2020-04-06,15:14:06.261000,9818,9819,9819,1
2020-04-06,15:14:06.261000,9818,9819,9819,3
2020-04-06,15:14:06.262000,9818,9819,9819,2
2020-04-06,15:14:06.465000,9819,9820,9820,1
2020-04-06,15:14:11.051000,9819,9820,9820,1
2020-04-06,15:14:11.160000,9819,9820,9820,6
2020-04-06,15:14:11.285000,9819,9820,9820,1
2020-04-06,15:14:11.819000,9820,9821,9820,1
2020-04-06,15:14:14.390000,9820,9821,9820,1
2020-04-06,15:14:17.133000,9819,9820,9820,1
2020-04-06,15:14:18.821000,9820,9821,9820,1
2020-04-06,15:14:21.093000,9820,9821,9820,1
2020-04-06,15:14:22.070000,9819,9820,9820,1
2020-04-06,15:14:24.802000,9819,9820,9819,1
2020-04-06,15:14:26.017000,9819,9820,9819,1
2020-04-06,15:14:28.055000,9819,9820,9820,1
2020-04-06,15:14:29.790000,9819,9820,9820,1
2020-04-06,15:14:29.790000,9819,9820,9820,4
2020-04-06,15:14:34.044000,9820,9821,9821,1
2020-04-06,15:14:35.255000,9820,9821,9820,1
2020-04-06,15:14:37.623000,9820,9821,9820,1
2020-04-06,15:14:37.782000,9820,9821,9820,1
2020-04-06,15:14:39.400000,9820,9821,9820,1
2020-04-06,15:14:42.034000,9820,9821,9820,1
2020-04-06,15:14:45.028000,9820,9821,9820,1
2020-04-06,15:14:45.052000,9820,9821,9821,1
2020-04-06,15:14:45.466000,9820,9821,9820,1
2020-04-06,15:14:47.328000,9820,9821,9821,1
2020-04-06,15:14:47.331000,9820,9821,9821,2
2020-04-06,15:14:47.332000,9820,9821,9821,8
2020-04-06,15:14:48.103000,9821,9822,9821,1
2020-04-06,15:14:48.675000,9821,9822,9822,1
2020-04-06,15:14:49.874000,9821,9822,9822,2
2020-04-06,15:14:50.285000,9821,9822,9822,4
2020-04-06,15:14:50.285000,9821,9822,9822,2
2020-04-06,15:14:50.614000,9822,9823,9822,1
2020-04-06,15:14:50.905000,9822,9823,9823,1
2020-04-06,15:14:52.890000,9822,9823,9822,1
2020-04-06,15:14:53.664000,9821,9823,9823,16
2020-04-06,15:14:53.664000,9821,9823,9824,9
2020-04-06,15:14:54.008000,9823,9824,9824,1
2020-04-06,15:14:54.037000,9822,9824,9824,1
2020-04-06,15:14:54.304000,9822,9824,9822,8
2020-04-06,15:14:54.839000,9821,9823,9823,1
2020-04-06,15:14:58.177000,9822,9823,9823,1
2020-04-06,15:15:02.060000,9823,9824,9824,1
2020-04-06,15:15:02.342000,9823,9824,9824,2
2020-04-06,15:15:02.347000,9823,9824,9824,3
2020-04-06,15:15:02.370000,9823,9824,9825,2
2020-04-06,15:15:02.433000,9823,9825,9825,1
2020-04-06,15:15:02.491000,9823,9825,9825,1
2020-04-06,15:15:02.649000,9824,9825,9825,1
2020-04-06,15:15:02.923000,9824,9825,9824,5
2020-04-06,15:15:03.011000,9824,9825,9824,1
2020-04-06,15:15:05.514000,9824,9825,9825,1
2020-04-06,15:15:05.579000,9824,9825,9825,1
2020-04-06,15:15:05.888000,9824,9825,9824,1
2020-04-06,15:15:06.949000,9824,9825,9825,1
2020-04-06,15:15:07.271000,9824,9825,9825,1
2020-04-06,15:15:08.311000,9824,9825,9824,1
2020-04-06,15:15:08.751000,9824,9825,9824,10
2020-04-06,15:15:08.905000,9823,9824,9824,1
2020-04-06,15:15:14.106000,9823,9824,9824,4
2020-04-06,15:15:14.257000,9823,9825,9825,10
2020-04-06,15:15:14.934000,9824,9825,9824,1
2020-04-06,15:15:17.686000,9824,9825,9824,1
2020-04-06,15:15:18.046000,9823,9825,9825,1
2020-04-06,15:15:18.816000,9823,9824,9824,1
2020-04-06,15:15:20.027000,9824,9825,9825,1
2020-04-06,15:15:21.995000,9824,9825,9825,1
2020-04-06,15:15:23.705000,9824,9825,9825,2
2020-04-06,15:15:24.203000,9824,9825,9824,1
2020-04-06,15:15:24.660000,9824,9825,9824,2
2020-04-06,15:15:24.684000,9824,9825,9825,1
2020-04-06,15:15:27.839000,9823,9824,9824,1
2020-04-06,15:15:28.192000,9823,9824,9824,1
2020-04-06,15:15:29.497000,9823,9825,9823,5
2020-04-06,15:15:30.072000,9823,9824,9824,1
2020-04-06,15:15:33.240000,9823,9824,9824,1
2020-04-06,15:15:35.056000,9823,9824,9824,1
2020-04-06,15:15:37.721000,9824,9825,9824,2
2020-04-06,15:15:38.535000,9823,9824,9823,4
2020-04-06,15:15:38.535000,9823,9824,9823,2
2020-04-06,15:15:38.535000,9823,9824,9823,2
2020-04-06,15:15:38.536000,9823,9824,9823,2
2020-04-06,15:15:38.660000,9823,9824,9823,2
2020-04-06,15:15:38.815000,9822,9823,9823,1
2020-04-06,15:15:39.622000,9822,9823,9823,1
2020-04-06,15:15:44.169000,9823,9824,9824,4
2020-04-06,15:15:44.169000,9823,9824,9824,1
2020-04-06,15:15:45.551000,9823,9824,9824,1
2020-04-06,15:15:45.551000,9823,9824,9825,1
2020-04-06,15:15:46.586000,9823,9825,9823,1
2020-04-06,15:15:47.576000,9823,9825,9825,2
2020-04-06,15:15:50.420000,9824,9825,9824,1
2020-04-06,15:15:52.041000,9823,9825,9825,1
2020-04-06,15:15:54.370000,9823,9824,9824,1
2020-04-06,15:15:55.410000,9824,9825,9825,2
2020-04-06,15:15:55.410000,9824,9825,9825,6
2020-04-06,15:15:56.468000,9825,9826,9825,1
2020-04-06,15:15:59.476000,9825,9826,9826,9
2020-04-06,15:15:59.476000,9825,9826,9826,1
2020-04-06,15:15:59.551000,9826,9827,9827,5
2020-04-06,15:15:59.573000,9826,9827,9827,1
2020-04-06,15:15:59.588000,9826,9827,9827,2
2020-04-06,15:15:59.607000,9826,9827,9828,1
2020-04-06,15:15:59.786000,9826,9828,9828,1
2020-04-06,15:15:59.807000,9826,9828,9828,1
2020-04-06,15:15:59.819000,9826,9828,9828,1
2020-04-06,15:15:59.834000,9826,9828,9829,1
2020-04-06,15:15:59.855000,9826,9828,9829,1
2020-04-06,15:15:59.931000,9827,9829,9830,1
2020-04-06,15:16:00.010000,9827,9829,9830,2
2020-04-06,15:16:00.084000,9829,9830,9830,1
2020-04-06,15:16:00.112000,9829,9830,9830,1
2020-04-06,15:16:00.143000,9829,9830,9830,1
2020-04-06,15:16:00.160000,9829,9830,9830,1
2020-04-06,15:16:00.175000,9829,9830,9830,2
2020-04-06,15:16:00.206000,9829,9830,9830,1
2020-04-06,15:16:00.213000,9829,9830,9830,1
2020-04-06,15:16:00.224000,9829,9830,9830,1
2020-04-06,15:16:00.236000,9829,9830,9830,1
2020-04-06,15:16:00.290000,9829,9830,9830,1
2020-04-06,15:16:00.371000,9829,9830,9830,1
2020-04-06,15:16:00.371000,9829,9830,9831,1
2020-04-06,15:16:00.404000,9829,9830,9831,3
2020-04-06,15:16:00.418000,9830,9832,9832,2
2020-04-06,15:16:00.539000,9829,9831,9831,2
2020-04-06,15:16:00.551000,9829,9831,9831,2
2020-04-06,15:16:00.551000,9829,9831,9832,2
2020-04-06,15:16:00.578000,9829,9831,9832,1
2020-04-06,15:16:00.620000,9829,9831,9832,1
2020-04-06,15:16:00.888000,9831,9832,9832,2
2020-04-06,15:16:00.921000,9831,9833,9833,1
2020-04-06,15:16:01.023000,9831,9833,9832,1
2020-04-06,15:16:01.036000,9831,9832,9831,2
2020-04-06,15:16:01.225000,9830,9832,9832,1
2020-04-06,15:16:01.388000,9830,9832,9832,1
2020-04-06,15:16:01.654000,9830,9833,9832,1
2020-04-06,15:16:01.765000,9830,9832,9832,1
2020-04-06,15:16:01.919000,9830,9832,9832,1
2020-04-06,15:16:02.994000,9830,9832,9832,1
2020-04-06,15:16:03.106000,9830,9832,9830,1
2020-04-06,15:16:03.174000,9830,9832,9830,1
2020-04-06,15:16:03.527000,9830,9831,9831,1
2020-04-06,15:16:03.631000,9830,9832,9830,1
2020-04-06,15:16:03.724000,9830,9832,9832,1
2020-04-06,15:16:04.300000,9830,9832,9832,3
2020-04-06,15:16:05.188000,9831,9832,9832,3
2020-04-06,15:16:05.209000,9831,9832,9832,1
2020-04-06,15:16:05.209000,9831,9832,9833,5
2020-04-06,15:16:06.757000,9831,9833,9831,1
2020-04-06,15:16:07.954000,9831,9832,9831,1
2020-04-06,15:16:08.119000,9829,9831,9831,2
2020-04-06,15:16:08.536000,9831,9832,9831,1
2020-04-06,15:16:09.073000,9829,9830,9830,1
2020-04-06,15:16:09.094000,9829,9830,9831,1
2020-04-06,15:16:09.746000,9830,9832,9832,5
2020-04-06,15:16:10.247000,9830,9832,9832,1
2020-04-06,15:16:10.247000,9830,9832,9833,4
2020-04-06,15:16:11.026000,9832,9833,9833,5
2020-04-06,15:16:12.089000,9832,9833,9833,2
2020-04-06,15:16:12.089000,9832,9833,9834,3
2020-04-06,15:16:12.551000,9832,9834,9834,2
2020-04-06,15:16:13.479000,9832,9834,9832,1
2020-04-06,15:16:14.685000,9833,9834,9834,2
2020-04-06,15:16:15.248000,9833,9834,9833,1
2020-04-06,15:16:15.593000,9833,9834,9833,1
2020-04-06,15:16:15.851000,9833,9834,9834,1
2020-04-06,15:16:15.852000,9833,9834,9835,1
2020-04-06,15:16:15.877000,9833,9834,9833,1
2020-04-06,15:16:15.895000,9833,9834,9835,1
2020-04-06,15:16:16.123000,9833,9835,9835,1
2020-04-06,15:16:16.632000,9834,9835,9834,1
2020-04-06,15:16:17.546000,9834,9835,9834,3
2020-04-06,15:16:20.116000,9833,9834,9834,1
2020-04-06,15:16:20.168000,9833,9835,9835,1
2020-04-06,15:16:20.174000,9833,9835,9835,2
2020-04-06,15:16:20.625000,9833,9835,9834,1
2020-04-06,15:16:21.080000,9834,9835,9835,1
2020-04-06,15:16:21.410000,9834,9835,9835,2
2020-04-06,15:16:22.206000,9834,9835,9834,1
2020-04-06,15:16:23.418000,9834,9835,9834,5
2020-04-06,15:16:23.547000,9833,9834,9833,6
2020-04-06,15:16:24.564000,9832,9833,9833,1
2020-04-06,15:16:24.564000,9832,9833,9834,4
2020-04-06,15:16:25.112000,9832,9834,9834,2
2020-04-06,15:16:25.971000,9833,9834,9834,1
2020-04-06,15:16:26.058000,9833,9834,9834,1
2020-04-06,15:16:28.031000,9833,9834,9834,1
2020-04-06,15:16:29.068000,9833,9834,9834,1
2020-04-06,15:16:30.993000,9834,9835,9835,1
2020-04-06,15:16:32.558000,9834,9835,9834,4
2020-04-06,15:16:33.802000,9833,9834,9834,5
2020-04-06,15:16:33.802000,9833,9834,9834,1
2020-04-06,15:16:34.156000,9833,9834,9834,1
2020-04-06,15:16:34.658000,9834,9835,9835,1
2020-04-06,15:16:35.199000,9834,9835,9835,1
2020-04-06,15:16:35.207000,9834,9835,9835,2
2020-04-06,15:16:36.283000,9834,9835,9834,1
2020-04-06,15:16:37.879000,9834,9835,9835,1
2020-04-06,15:16:41.354000,9834,9835,9834,4
2020-04-06,15:16:41.500000,9834,9835,9835,1
2020-04-06,15:16:41.660000,9834,9835,9834,4
2020-04-06,15:16:41.911000,9834,9835,9834,2
2020-04-06,15:16:42.067000,9833,9835,9834,1
2020-04-06,15:16:44.480000,9833,9834,9834,1
2020-04-06,15:16:45.588000,9834,9835,9835,1
2020-04-06,15:16:46.338000,9834,9835,9834,1
2020-04-06,15:16:46.581000,9834,9835,9834,1
2020-04-06,15:16:46.728000,9833,9835,9835,1
2020-04-06,15:16:47.421000,9833,9834,9834,2
2020-04-06,15:16:48.014000,9833,9834,9833,1
2020-04-06,15:16:49.910000,9833,9834,9834,1
2020-04-06,15:16:50.878000,9833,9834,9834,1
2020-04-06,15:16:51.884000,9833,9834,9834,1
2020-04-06,15:16:52.043000,9833,9835,9833,3
2020-04-06,15:16:52.830000,9833,9834,9834,1
2020-04-06,15:16:55.547000,9833,9834,9833,1
2020-04-06,15:16:56.158000,9833,9834,9834,1
2020-04-06,15:16:56.857000,9833,9834,9834,1
2020-04-06,15:16:57.410000,9833,9834,9833,6
2020-04-06,15:16:58.446000,9832,9833,9832,1
2020-04-06,15:16:58.535000,9832,9833,9832,4
2020-04-06,15:16:58.535000,9832,9833,9832,4
2020-04-06,15:16:59.125000,9831,9832,9832,1
2020-04-06,15:17:00.074000,9831,9832,9832,2
2020-04-06,15:17:00.074000,9831,9832,9833,1
2020-04-06,15:17:00.075000,9831,9832,9833,6
2020-04-06,15:17:00.134000,9831,9832,9832,1
2020-04-06,15:17:00.160000,9832,9833,9832,1
2020-04-06,15:17:00.491000,9832,9833,9832,1
2020-04-06,15:17:03.298000,9832,9833,9832,2
2020-04-06,15:17:04.816000,9832,9833,9832,2
2020-04-06,15:17:05.336000,9832,9833,9832,1
2020-04-06,15:17:06.666000,9831,9832,9831,1
2020-04-06,15:17:06.924000,9831,9832,9831,1
2020-04-06,15:17:07.036000,9831,9832,9831,3
2020-04-06,15:17:09.587000,9830,9832,9830,1
2020-04-06,15:17:09.910000,9830,9831,9830,2
2020-04-06,15:17:12.178000,9830,9831,9830,1
2020-04-06,15:17:13.804000,9830,9831,9830,1
2020-04-06,15:17:14.580000,9830,9831,9830,2
2020-04-06,15:17:15.034000,9830,9831,9830,1
2020-04-06,15:17:15.035000,9830,9831,9830,1
2020-04-06,15:17:15.035000,9830,9831,9830,6
2020-04-06,15:17:15.160000,9830,9831,9830,5
2020-04-06,15:17:15.857000,9829,9831,9831,2
2020-04-06,15:17:16.060000,9829,9831,9831,1
2020-04-06,15:17:17.275000,9830,9831,9830,1
2020-04-06,15:17:18.766000,9829,9830,9830,1
2020-04-06,15:17:19.471000,9829,9831,9829,1
2020-04-06,15:17:22.638000,9830,9831,9830,1
2020-04-06,15:17:23.264000,9830,9831,9830,1
2020-04-06,15:17:23.428000,9829,9831,9831,1
2020-04-06,15:17:25.228000,9829,9830,9829,1
2020-04-06,15:17:26.562000,9829,9830,9829,2
2020-04-06,15:17:28.395000,9828,9830,9828,1
2020-04-06,15:17:29.239000,9828,9830,9828,1
2020-04-06,15:17:29.863000,9828,9830,9830,1
2020-04-06,15:17:30.623000,9828,9830,9830,1
2020-04-06,15:17:31.022000,9829,9830,9829,2
2020-04-06,15:17:31.889000,9828,9830,9830,5
2020-04-06,15:17:33.041000,9829,9831,9831,1
2020-04-06,15:17:34.535000,9829,9830,9830,1
2020-04-06,15:17:34.912000,9830,9831,9830,1
2020-04-06,15:17:35.889000,9830,9831,9830,1
2020-04-06,15:17:42.292000,9829,9830,9829,3
2020-04-06,15:17:44.318000,9828,9830,9830,1
2020-04-06,15:17:49.030000,9829,9830,9830,1
2020-04-06,15:17:50.433000,9829,9830,9830,2
2020-04-06,15:17:50.785000,9829,9830,9830,6
2020-04-06,15:17:53.317000,9830,9831,9830,1
2020-04-06,15:17:53.317000,9830,9831,9829,1
2020-04-06,15:17:54.492000,9830,9831,9830,1
2020-04-06,15:17:55.232000,9830,9831,9830,1
2020-04-06,15:17:55.926000,9828,9830,9828,1
2020-04-06,15:17:56.670000,9829,9830,9829,1
2020-04-06,15:17:57.248000,9828,9829,9828,2
2020-04-06,15:17:58,9827,9829,9829,3
2020-04-06,15:17:58,9827,9829,9830,2
2020-04-06,15:17:58.286000,9829,9830,9829,1
2020-04-06,15:17:58.547000,9829,9830,9829,1
2020-04-06,15:18:00.398000,9829,9830,9829,1
2020-04-06,15:18:00.688000,9829,9830,9830,2
2020-04-06,15:18:00.828000,9829,9830,9830,2
2020-04-06,15:18:06.092000,9829,9830,9830,1
2020-04-06,15:18:15.023000,9829,9830,9830,1
2020-04-06,15:18:16.471000,9829,9830,9829,1
2020-04-06,15:18:17.905000,9829,9830,9829,1
2020-04-06,15:18:19.106000,9828,9830,9828,1
2020-04-06,15:18:21.660000,9828,9829,9828,3
2020-04-06,15:18:22.710000,9828,9829,9828,1
2020-04-06,15:18:22.711000,9828,9829,9828,1
2020-04-06,15:18:22.711000,9828,9829,9828,1
2020-04-06,15:18:23.092000,9827,9829,9829,1
2020-04-06,15:18:24.025000,9827,9829,9827,1
2020-04-06,15:18:25.764000,9828,9829,9828,1
2020-04-06,15:18:26.898000,9827,9829,9829,1
2020-04-06,15:18:27.003000,9827,9829,9829,2
2020-04-06,15:18:30.390000,9829,9830,9829,1
2020-04-06,15:18:30.810000,9829,9830,9830,3
2020-04-06,15:18:30.855000,9829,9830,9830,2
2020-04-06,15:18:30.855000,9829,9830,9830,1
2020-04-06,15:18:30.855000,9829,9830,9830,2
2020-04-06,15:18:30.855000,9829,9830,9830,4
2020-04-06,15:18:30.856000,9829,9830,9830,4
2020-04-06,15:18:30.856000,9829,9830,9830,1
2020-04-06,15:18:30.856000,9829,9830,9830,1
2020-04-06,15:18:30.910000,9829,9831,9831,2
2020-04-06,15:18:30.962000,9829,9831,9831,12
2020-04-06,15:18:31.056000,9831,9832,9832,4
2020-04-06,15:18:31.155000,9831,9832,9831,1
2020-04-06,15:18:31.160000,9830,9832,9832,2
2020-04-06,15:18:31.160000,9830,9832,9832,2
2020-04-06,15:18:31.161000,9830,9832,9832,2
2020-04-06,15:18:31.639000,9831,9833,9831,1
2020-04-06,15:18:33.160000,9830,9832,9832,1
2020-04-06,15:18:35.995000,9832,9833,9833,1
2020-04-06,15:18:36.151000,9832,9833,9832,1
2020-04-06,15:18:36.344000,9832,9833,9832,1
2020-04-06,15:18:40.069000,9831,9833,9833,1
2020-04-06,15:18:40.372000,9831,9833,9833,1
2020-04-06,15:18:41.758000,9832,9833,9832,1
2020-04-06,15:18:43.011000,9831,9833,9832,1
2020-04-06,15:18:43.011000,9831,9833,9833,2
2020-04-06,15:18:43.910000,9831,9832,9831,1
2020-04-06,15:18:50.480000,9831,9832,9832,1
2020-04-06,15:18:52.938000,9832,9833,9832,1
2020-04-06,15:18:57.054000,9832,9833,9833,1
2020-04-06,15:18:58.099000,9832,9833,9832,3
2020-04-06,15:18:59.949000,9831,9832,9832,1
2020-04-06,15:19:00.105000,9831,9832,9831,1
2020-04-06,15:19:00.105000,9831,9832,9831,2
2020-04-06,15:19:02.665000,9830,9831,9831,1
2020-04-06,15:19:03.617000,9830,9831,9830,1
2020-04-06,15:19:03.745000,9830,9831,9830,6
2020-04-06,15:19:03.745000,9830,9831,9830,1
2020-04-06,15:19:03.745000,9830,9831,9830,6
2020-04-06,15:19:03.746000,9830,9831,9830,1
2020-04-06,15:19:04.121000,9829,9831,9829,6
2020-04-06,15:19:05.530000,9828,9829,9829,1
2020-04-06,15:19:08.749000,9829,9830,9830,1
2020-04-06,15:19:08.749000,9829,9830,9830,1
2020-04-06,15:19:09.591000,9830,9832,9832,1
2020-04-06,15:19:09.952000,9830,9832,9832,1
2020-04-06,15:19:10.372000,9831,9832,9832,1
2020-04-06,15:19:13.070000,9831,9833,9833,1
2020-04-06,15:19:15.092000,9832,9833,9832,1
2020-04-06,15:19:17.609000,9832,9833,9833,2
2020-04-06,15:19:17.609000,9832,9833,9833,1
2020-04-06,15:19:17.660000,9832,9833,9833,6
2020-04-06,15:19:17.660000,9832,9833,9833,1
2020-04-06,15:19:18.374000,9833,9834,9833,1
2020-04-06,15:19:19.485000,9833,9834,9833,1
2020-04-06,15:19:24.054000,9833,9834,9833,1
2020-04-06,15:19:24.785000,9833,9834,9834,4
2020-04-06,15:19:24.785000,9833,9834,9834,4
2020-04-06,15:19:24.785000,9833,9834,9834,2
2020-04-06,15:19:24.785000,9833,9834,9834,2
2020-04-06,15:19:24.910000,9833,9834,9834,3
2020-04-06,15:19:24.978000,9833,9834,9834,1
2020-04-06,15:19:27.161000,9833,9834,9834,1
2020-04-06,15:19:28.011000,9833,9835,9834,3
2020-04-06,15:19:28.011000,9833,9835,9833,2
2020-04-06,15:19:29.328000,9833,9834,9834,1
2020-04-06,15:19:30.063000,9834,9835,9835,1
2020-04-06,15:19:31.382000,9834,9835,9834,1
2020-04-06,15:19:34.997000,9834,9835,9834,1
2020-04-06,15:19:35.941000,9834,9835,9834,1
2020-04-06,15:19:36.301000,9833,9834,9834,1
2020-04-06,15:19:36.873000,9833,9835,9835,1
2020-04-06,15:19:39.562000,9833,9835,9835,1
2020-04-06,15:19:46.815000,9833,9834,9834,1
2020-04-06,15:19:47.076000,9833,9835,9835,1
2020-04-06,15:19:48.299000,9833,9834,9834,1
2020-04-06,15:19:48.957000,9833,9834,9833,1
2020-04-06,15:19:51.805000,9833,9834,9833,1
2020-04-06,15:19:55.019000,9833,9834,9834,2
2020-04-06,15:19:55.670000,9833,9835,9833,1
2020-04-06,15:19:56.308000,9833,9834,9834,1
2020-04-06,15:19:56.308000,9833,9834,9835,4
2020-04-06,15:19:59.135000,9834,9835,9835,1
2020-04-06,15:19:59.188000,9834,9835,9835,3
2020-04-06,15:19:59.285000,9834,9835,9835,4
2020-04-06,15:19:59.285000,9834,9835,9835,2
2020-04-06,15:19:59.326000,9834,9835,9834,1
2020-04-06,15:20:00.020000,9834,9835,9835,1
2020-04-06,15:20:00.023000,9834,9835,9836,1
2020-04-06,15:20:00.037000,9834,9836,9836,11
2020-04-06,15:20:00.164000,9836,9837,9837,1
2020-04-06,15:20:00.327000,9835,9837,9837,1
2020-04-06,15:20:00.341000,9835,9837,9837,1
2020-04-06,15:20:00.343000,9835,9837,9837,1
2020-04-06,15:20:00.359000,9835,9837,9837,2
2020-04-06,15:20:00.561000,9836,9838,9838,1
2020-04-06,15:20:00.661000,9836,9838,9838,1
2020-04-06,15:20:00.691000,9836,9838,9838,1
2020-04-06,15:20:00.716000,9836,9838,9838,2
2020-04-06,15:20:01.122000,9836,9838,9836,1
2020-04-06,15:20:01.620000,9836,9838,9836,2
2020-04-06,15:20:02.086000,9836,9838,9838,1
2020-04-06,15:20:02.217000,9836,9838,9838,1
2020-04-06,15:20:02.364000,9836,9838,9838,1
2020-04-06,15:20:02.469000,9836,9838,9839,1
2020-04-06,15:20:02.621000,9836,9838,9839,1
2020-04-06,15:20:04.066000,9837,9839,9839,1
2020-04-06,15:20:04.434000,9837,9839,9839,2
2020-04-06,15:20:05.852000,9838,9839,9839,2
2020-04-06,15:20:05.855000,9838,9839,9839,4
2020-04-06,15:20:06.223000,9838,9839,9838,1
2020-04-06,15:20:06.224000,9838,9839,9838,1
2020-04-06,15:20:06.761000,9836,9837,9837,1
2020-04-06,15:20:07.166000,9836,9837,9837,1
2020-04-06,15:20:07.444000,9836,9838,9838,1
2020-04-06,15:20:07.778000,9836,9838,9838,1
2020-04-06,15:20:13.838000,9837,9838,9838,1
2020-04-06,15:20:14.438000,9837,9838,9837,1
2020-04-06,15:20:14.567000,9837,9838,9838,1
2020-04-06,15:20:15.492000,9837,9838,9838,1
2020-04-06,15:20:15.639000,9837,9838,9838,3
2020-04-06,15:20:15.639000,9837,9838,9838,1
2020-04-06,15:20:16.624000,9838,9839,9838,1
2020-04-06,15:20:16.911000,9836,9838,9838,1
2020-04-06,15:20:17.268000,9836,9838,9838,1
2020-04-06,15:20:17.764000,9836,9838,9838,2
2020-04-06,15:20:17.884000,9836,9838,9838,1
2020-04-06,15:20:19.340000,9836,9838,9838,1
2020-04-06,15:20:19.566000,9837,9838,9838,1
2020-04-06,15:20:19.566000,9837,9838,9839,1
2020-04-06,15:20:20.059000,9838,9839,9839,1
2020-04-06,15:20:20.549000,9838,9839,9838,1
2020-04-06,15:20:20.916000,9838,9839,9838,1
2020-04-06,15:20:21.765000,9838,9839,9838,1
2020-04-06,15:20:22.994000,9837,9838,9838,1
2020-04-06,15:20:24.553000,9838,9839,9838,1
2020-04-06,15:20:24.662000,9837,9838,9838,1
2020-04-06,15:20:25.060000,9837,9838,9838,1
2020-04-06,15:20:25.720000,9837,9839,9838,1
2020-04-06,15:20:28.510000,9838,9839,9838,1
2020-04-06,15:20:29.477000,9838,9839,9838,1
2020-04-06,15:20:29.604000,9838,9839,9838,1
2020-04-06,15:20:30.600000,9838,9839,9839,1
2020-04-06,15:20:30.695000,9839,9840,9839,1
2020-04-06,15:20:32.346000,9839,9840,9840,1
2020-04-06,15:20:32.448000,9839,9840,9839,1
2020-04-06,15:20:32.721000,9839,9840,9840,1
2020-04-06,15:20:33.830000,9839,9840,9839,2
2020-04-06,15:20:33.915000,9838,9840,9838,1
2020-04-06,15:20:34.888000,9839,9840,9839,2
2020-04-06,15:20:37.060000,9838,9839,9839,1
2020-04-06,15:20:37.486000,9838,9840,9838,2
2020-04-06,15:20:38.545000,9838,9840,9840,1
2020-04-06,15:20:41.140000,9839,9840,9840,1
2020-04-06,15:20:41.148000,9839,9840,9840,2
2020-04-06,15:20:41.160000,9839,9840,9840,4
2020-04-06,15:20:41.160000,9839,9840,9840,1
2020-04-06,15:20:41.191000,9839,9840,9840,1
2020-04-06,15:20:41.286000,9839,9840,9840,9
2020-04-06,15:20:42.128000,9839,9841,9841,2
2020-04-06,15:20:42.190000,9839,9841,9841,1
2020-04-06,15:20:43.885000,9840,9841,9840,1
2020-04-06,15:20:44.575000,9840,9841,9841,1
2020-04-06,15:20:45.439000,9840,9841,9841,1
2020-04-06,15:20:46.052000,9840,9841,9841,2
2020-04-06,15:20:46.287000,9840,9841,9841,2
2020-04-06,15:20:46.613000,9840,9842,9840,1
2020-04-06,15:20:46.896000,9840,9842,9841,1
2020-04-06,15:20:47.863000,9840,9842,9841,1
2020-04-06,15:20:48.459000,9841,9842,9842,3
2020-04-06,15:20:48.976000,9841,9842,9842,2
2020-04-06,15:20:49.193000,9841,9842,9842,2
2020-04-06,15:20:49.332000,9841,9843,9843,3
2020-04-06,15:20:49.522000,9841,9843,9843,1
2020-04-06,15:20:49.791000,9842,9843,9842,1
2020-04-06,15:20:49.882000,9842,9843,9843,2
2020-04-06,15:20:50.093000,9842,9843,9843,2
2020-04-06,15:20:50.100000,9842,9843,9844,4
2020-04-06,15:20:50.194000,9842,9844,9844,2
2020-04-06,15:20:50.499000,9842,9844,9844,1
2020-04-06,15:20:50.668000,9843,9844,9844,3
2020-04-06,15:20:51.070000,9843,9845,9843,1
2020-04-06,15:20:52.051000,9843,9844,9843,1
2020-04-06,15:20:52.067000,9843,9844,9843,2
2020-04-06,15:20:52.351000,9842,9843,9842,1
2020-04-06,15:20:52.515000,9842,9843,9843,1
2020-04-06,15:20:52.515000,9842,9843,9844,2
2020-04-06,15:20:53.142000,9843,9844,9844,6
2020-04-06,15:20:53.142000,9843,9844,9845,1
2020-04-06,15:20:53.204000,9843,9845,9843,1
2020-04-06,15:20:53.529000,9844,9845,9844,1
2020-04-06,15:20:53.581000,9844,9845,9844,1
2020-04-06,15:20:53.659000,9844,9845,9845,1
2020-04-06,15:20:53.922000,9843,9845,9843,1
2020-04-06,15:20:54.061000,9843,9845,9845,1
2020-04-06,15:20:54.338000,9843,9845,9845,1
2020-04-06,15:20:54.536000,9843,9845,9845,1
2020-04-06,15:20:55.140000,9844,9845,9845,1
2020-04-06,15:20:55.144000,9844,9845,9845,2
2020-04-06,15:20:55.465000,9844,9845,9845,3
2020-04-06,15:20:55.465000,9844,9845,9845,2
2020-04-06,15:20:55.693000,9844,9846,9846,1
2020-04-06,15:20:55.805000,9844,9846,9846,7
2020-04-06,15:20:55.805000,9844,9846,9847,7
2020-04-06,15:20:55.853000,9844,9846,9847,3
2020-04-06,15:20:56.154000,9846,9848,9846,1
2020-04-06,15:20:56.154000,9846,9848,9846,1
2020-04-06,15:20:56.201000,9846,9848,9846,1
2020-04-06,15:20:57.657000,9845,9846,9846,1
2020-04-06,15:20:57.959000,9845,9847,9847,1
2020-04-06,15:20:59.362000,9846,9848,9846,1
2020-04-06,15:20:59.532000,9846,9848,9848,4
2020-04-06,15:20:59.572000,9847,9848,9848,1
2020-04-06,15:21:00.151000,9847,9848,9848,2
2020-04-06,15:21:00.176000,9847,9848,9848,2
2020-04-06,15:21:00.176000,9847,9848,9849,2
2020-04-06,15:21:00.212000,9847,9848,9849,6
2020-04-06,15:21:00.212000,9847,9848,9850,8
2020-04-06,15:21:00.251000,9847,9848,9850,7
2020-04-06,15:21:00.293000,9848,9850,9850,1
2020-04-06,15:21:00.301000,9848,9850,9848,1
2020-04-06,15:21:00.349000,9848,9850,9850,1
2020-04-06,15:21:00.404000,9848,9850,9850,1
2020-04-06,15:21:00.455000,9848,9850,9850,3
2020-04-06,15:21:00.459000,9848,9850,9848,10
2020-04-06,15:21:00.485000,9848,9850,9849,1
2020-04-06,15:21:00.536000,9847,9849,9847,1
2020-04-06,15:21:00.805000,9848,9849,9848,1
2020-04-06,15:21:01.410000,9848,9849,9848,1
2020-04-06,15:21:02.987000,9848,9849,9848,1
2020-04-06,15:21:02.998000,9848,9849,9849,1
2020-04-06,15:21:03.135000,9848,9849,9849,5
2020-04-06,15:21:03.135000,9848,9849,9850,21
2020-04-06,15:21:03.137000,9848,9849,9851,2
2020-04-06,15:21:03.301000,9850,9852,9850,1
2020-04-06,15:21:03.439000,9850,9852,9851,1
2020-04-06,15:21:03.601000,9850,9851,9850,1
2020-04-06,15:21:04.124000,9850,9851,9850,10
2020-04-06,15:21:04.125000,9850,9851,9850,5
2020-04-06,15:21:04.154000,9850,9851,9850,1
2020-04-06,15:21:04.160000,9850,9851,9850,33
2020-04-06,15:21:04.160000,9850,9851,9850,8
2020-04-06,15:21:04.160000,9850,9851,9850,7
2020-04-06,15:21:04.160000,9850,9851,9850,1
2020-04-06,15:21:04.160000,9850,9851,9850,7
2020-04-06,15:21:04.285000,9849,9850,9849,1
2020-04-06,15:21:04.289000,9849,9850,9850,1
2020-04-06,15:21:04.465000,9848,9850,9850,1
2020-04-06,15:21:04.625000,9848,9850,9848,3
2020-04-06,15:21:04.857000,9847,9849,9848,1
2020-04-06,15:21:05.088000,9848,9850,9850,1
2020-04-06,15:21:05.099000,9848,9850,9850,2
2020-04-06,15:21:05.122000,9848,9850,9848,5
2020-04-06,15:21:05.825000,9849,9851,9849,1
2020-04-06,15:21:06.251000,9848,9850,9848,1
2020-04-06,15:21:06.429000,9848,9850,9850,1
2020-04-06,15:21:07.268000,9848,9850,9848,1
2020-04-06,15:21:07.737000,9848,9849,9848,1
2020-04-06,15:21:07.779000,9848,9849,9848,1
2020-04-06,15:21:07.839000,9848,9849,9848,1
2020-04-06,15:21:08.244000,9847,9848,9848,1
2020-04-06,15:21:08.301000,9847,9849,9847,2
2020-04-06,15:21:08.958000,9847,9848,9848,1
2020-04-06,15:21:09.366000,9847,9848,9848,2
2020-04-06,15:21:09.480000,9847,9849,9847,1
2020-04-06,15:21:09.730000,9847,9848,9848,1
2020-04-06,15:21:09.763000,9847,9848,9848,2
2020-04-06,15:21:09.763000,9847,9848,9849,1
2020-04-06,15:21:09.873000,9847,9849,9849,2
2020-04-06,15:21:10.900000,9847,9848,9847,1
2020-04-06,15:21:11.083000,9847,9848,9848,1
2020-04-06,15:21:11.183000,9847,9849,9847,1
2020-04-06,15:21:12.882000,9847,9849,9849,1
2020-04-06,15:21:14.117000,9848,9849,9848,1
2020-04-06,15:21:14.395000,9848,9849,9849,11
2020-04-06,15:21:14.445000,9849,9850,9850,1
2020-04-06,15:21:14.625000,9849,9850,9849,1
2020-04-06,15:21:14.625000,9849,9850,9848,1
2020-04-06,15:21:14.837000,9848,9850,9848,1
2020-04-06,15:21:15.095000,9848,9850,9848,1
2020-04-06,15:21:15.440000,9848,9850,9850,2
2020-04-06,15:21:16.048000,9848,9850,9848,1
2020-04-06,15:21:16.192000,9848,9849,9848,1
2020-04-06,15:21:16.623000,9847,9849,9849,2
2020-04-06,15:21:16.891000,9847,9849,9848,1
2020-04-06,15:21:17.503000,9847,9849,9848,1
2020-04-06,15:21:17.689000,9848,9850,9850,1
2020-04-06,15:21:18.018000,9848,9850,9848,1
2020-04-06,15:21:18.443000,9848,9850,9848,1
2020-04-06,15:21:18.443000,9848,9850,9847,1
2020-04-06,15:21:19.756000,9847,9848,9848,1
2020-04-06,15:21:20.084000,9847,9849,9847,1
2020-04-06,15:21:20.468000,9847,9848,9848,1
2020-04-06,15:21:20.929000,9847,9848,9848,1
2020-04-06,15:21:21.685000,9847,9848,9848,1
2020-04-06,15:21:22.297000,9848,9849,9848,1
2020-04-06,15:21:23.091000,9848,9849,9849,1
2020-04-06,15:21:24.754000,9848,9849,9848,2
2020-04-06,15:21:25.563000,9847,9848,9848,1
2020-04-06,15:21:26.477000,9847,9848,9848,1
2020-04-06,15:21:27.073000,9847,9848,9848,1
2020-04-06,15:21:30.925000,9847,9848,9848,2
2020-04-06,15:21:31.406000,9847,9849,9847,1
2020-04-06,15:21:32.412000,9847,9848,9847,1
2020-04-06,15:21:32.942000,9847,9848,9847,1
2020-04-06,15:21:34.127000,9847,9848,9847,1
2020-04-06,15:21:35.004000,9847,9848,9847,10
2020-04-06,15:21:35.005000,9847,9848,9847,4
2020-04-06,15:21:35.754000,9846,9847,9847,1
2020-04-06,15:21:36.068000,9847,9848,9847,1
2020-04-06,15:21:36.174000,9846,9848,9846,1
2020-04-06,15:21:36.355000,9846,9847,9847,1
2020-04-06,15:21:36.896000,9846,9847,9846,1
2020-04-06,15:21:37.015000,9846,9848,9846,2
2020-04-06,15:21:38.162000,9847,9848,9847,1
2020-04-06,15:21:38.834000,9847,9848,9847,1
2020-04-06,15:21:40.259000,9847,9848,9847,1
2020-04-06,15:21:40.417000,9847,9848,9847,1
2020-04-06,15:21:42.193000,9847,9848,9847,1
2020-04-06,15:21:43.237000,9846,9847,9847,1
2020-04-06,15:21:44.063000,9846,9848,9848,1
2020-04-06,15:21:44.230000,9846,9848,9847,2
2020-04-06,15:21:46.983000,9847,9848,9847,1
2020-04-06,15:21:46.983000,9847,9848,9846,3
2020-04-06,15:21:49.559000,9847,9848,9847,2
2020-04-06,15:21:53.365000,9846,9847,9846,1
2020-04-06,15:21:54.361000,9846,9847,9846,1
2020-04-06,15:21:54.613000,9846,9847,9847,1
2020-04-06,15:21:54.679000,9847,9848,9847,1
2020-04-06,15:21:57.594000,9847,9848,9848,2
2020-04-06,15:21:57.594000,9847,9848,9848,4
2020-04-06,15:21:57.660000,9847,9848,9848,2
2020-04-06,15:21:57.660000,9847,9848,9848,3
2020-04-06,15:21:57.785000,9848,9849,9849,11
2020-04-06,15:21:57.785000,9848,9849,9849,1
2020-04-06,15:22:00.726000,9848,9850,9850,1
2020-04-06,15:22:00.738000,9848,9850,9850,2
2020-04-06,15:22:01.080000,9848,9850,9850,1
2020-04-06,15:22:02.034000,9849,9850,9849,1
2020-04-06,15:22:02.040000,9849,9850,9850,1
2020-04-06,15:22:02.052000,9849,9850,9850,1
2020-04-06,15:22:02.123000,9849,9850,9849,2
2020-04-06,15:22:02.123000,9849,9850,9848,1
2020-04-06,15:22:02.535000,9848,9849,9849,2
2020-04-06,15:22:06.341000,9848,9849,9849,1
2020-04-06,15:22:06.417000,9849,9850,9849,1
2020-04-06,15:22:06.770000,9848,9849,9848,2
2020-04-06,15:22:07.169000,9848,9849,9848,2
2020-04-06,15:22:08.175000,9848,9849,9849,1
2020-04-06,15:22:10.529000,9849,9850,9850,5
2020-04-06,15:22:13.664000,9849,9850,9849,1
2020-04-06,15:22:15.005000,9849,9850,9849,4
2020-04-06,15:22:15.666000,9848,9849,9849,4
2020-04-06,15:22:16.382000,9848,9849,9849,1
2020-04-06,15:22:17.588000,9848,9849,9848,5
2020-04-06,15:22:17.588000,9848,9849,9848,1
2020-04-06,15:22:17.589000,9848,9849,9848,2
2020-04-06,15:22:17.661000,9847,9848,9847,1
2020-04-06,15:22:17.668000,9847,9848,9847,5
2020-04-06,15:22:17.785000,9846,9847,9846,1
2020-04-06,15:22:17.910000,9846,9847,9846,1
2020-04-06,15:22:17.976000,9846,9847,9846,1
2020-04-06,15:22:18.035000,9846,9847,9846,1
2020-04-06,15:22:18.065000,9846,9847,9847,1
2020-04-06,15:22:18.084000,9846,9847,9847,2
2020-04-06,15:22:18.160000,9846,9848,9846,1
2020-04-06,15:22:18.285000,9846,9848,9846,1
2020-04-06,15:22:22.441000,9846,9847,9846,1
2020-04-06,15:22:22.491000,9846,9847,9846,1
2020-04-06,15:22:22.535000,9846,9847,9846,2
2020-04-06,15:22:23.531000,9845,9846,9845,2
2020-04-06,15:22:24.401000,9845,9846,9845,5
2020-04-06,15:22:24.592000,9845,9846,9846,3
2020-04-06,15:22:25.040000,9846,9847,9846,1
2020-04-06,15:22:25.932000,9845,9847,9847,1
2020-04-06,15:22:27.994000,9845,9846,9846,1
2020-04-06,15:22:28.265000,9845,9846,9845,1
2020-04-06,15:22:29.049000,9845,9847,9845,3
2020-04-06,15:22:29.049000,9845,9847,9845,4
2020-04-06,15:22:29.049000,9845,9847,9845,1
2020-04-06,15:22:29.049000,9845,9847,9845,1
2020-04-06,15:22:29.805000,9845,9846,9845,1
2020-04-06,15:22:30.444000,9844,9846,9844,1
2020-04-06,15:22:30.777000,9844,9846,9846,2
2020-04-06,15:22:31.276000,9845,9846,9845,1
2020-04-06,15:22:34.037000,9845,9846,9845,1
2020-04-06,15:22:35.050000,9844,9845,9845,1
2020-04-06,15:22:35.050000,9844,9845,9845,1
2020-04-06,15:22:35.717000,9844,9845,9845,1
2020-04-06,15:22:35.880000,9844,9845,9844,2
2020-04-06,15:22:35.880000,9844,9845,9843,6
2020-04-06,15:22:37.444000,9844,9845,9844,1
2020-04-06,15:22:37.584000,9844,9845,9844,1
2020-04-06,15:22:38.353000,9844,9846,9844,1
2020-04-06,15:22:41.074000,9844,9846,9846,1
2020-04-06,15:22:41.154000,9844,9846,9844,1
2020-04-06,15:22:41.652000,9844,9846,9844,1
2020-04-06,15:22:43.611000,9844,9845,9844,1
2020-04-06,15:22:48.377000,9843,9844,9843,1
2020-04-06,15:22:51.065000,9843,9844,9844,1
2020-04-06,15:22:52.506000,9843,9844,9843,1
2020-04-06,15:22:54.210000,9843,9844,9844,8
2020-04-06,15:22:54.211000,9843,9844,9844,2
2020-04-06,15:22:54.211000,9843,9844,9844,1
2020-04-06,15:22:54.211000,9843,9844,9844,1
2020-04-06,15:22:54.211000,9843,9844,9844,1
2020-04-06,15:22:56.075000,9844,9845,9844,4
2020-04-06,15:22:59.992000,9844,9845,9844,4
2020-04-06,15:22:59.992000,9844,9845,9843,3
2020-04-06,15:22:59.992000,9844,9845,9843,8
2020-04-06,15:22:59.993000,9844,9845,9843,2
2020-04-06,15:22:59.993000,9844,9845,9842,2
2020-04-06,15:22:59.994000,9844,9845,9842,1
2020-04-06,15:22:59.994000,9844,9845,9842,6
2020-04-06,15:22:59.997000,9844,9845,9841,3
2020-04-06,15:22:59.997000,9844,9845,9842,2
2020-04-06,15:23:00,9844,9845,9841,3
2020-04-06,15:23:00.007000,9844,9845,9841,2
2020-04-06,15:23:00.133000,9840,9842,9840,2
2020-04-06,15:23:00.583000,9840,9841,9840,2
2020-04-06,15:23:00.587000,9840,9841,9840,1
2020-04-06,15:23:00.601000,9840,9841,9840,1
2020-04-06,15:23:00.602000,9840,9841,9840,2
2020-04-06,15:23:00.837000,9839,9840,9840,1
2020-04-06,15:23:00.838000,9839,9840,9840,1
2020-04-06,15:23:01.119000,9840,9841,9840,5
2020-04-06,15:23:01.450000,9839,9841,9841,1
2020-04-06,15:23:03.530000,9840,9842,9840,1
2020-04-06,15:23:05.003000,9841,9842,9842,1
2020-04-06,15:23:05.081000,9842,9844,9842,1
2020-04-06,15:23:05.282000,9842,9844,9842,1
2020-04-06,15:23:05.510000,9841,9842,9841,1
2020-04-06,15:23:05.996000,9841,9842,9841,1
2020-04-06,15:23:08.061000,9840,9842,9842,1
2020-04-06,15:23:11.262000,9840,9842,9840,1
2020-04-06,15:23:13.886000,9840,9841,9840,1
2020-04-06,15:23:16.609000,9840,9841,9840,2
2020-04-06,15:23:16.940000,9840,9841,9841,1
2020-04-06,15:23:17.039000,9841,9842,9841,1
2020-04-06,15:23:17.486000,9841,9842,9842,1
2020-04-06,15:23:18.279000,9841,9842,9842,1
2020-04-06,15:23:18.783000,9841,9842,9842,3
2020-04-06,15:23:19.535000,9842,9843,9843,9
2020-04-06,15:23:19.535000,9842,9843,9843,2
2020-04-06,15:23:19.841000,9843,9844,9844,1
2020-04-06,15:23:20.311000,9844,9845,9844,1
2020-04-06,15:23:20.311000,9844,9845,9843,2
2020-04-06,15:23:21.800000,9843,9844,9843,1
2020-04-06,15:23:23.881000,9843,9844,9843,2
2020-04-06,15:23:23.906000,9843,9844,9843,1
2020-04-06,15:23:25.078000,9841,9843,9843,1
2020-04-06,15:23:26.684000,9841,9843,9843,1
2020-04-06,15:23:26.759000,9841,9843,9843,1
2020-04-06,15:23:27.112000,9842,9843,9843,1
2020-04-06,15:23:32.888000,9843,9844,9843,1
2020-04-06,15:23:34.920000,9843,9844,9843,1
2020-04-06,15:23:35.982000,9843,9844,9843,3
2020-04-06,15:23:38.304000,9842,9843,9842,2
2020-04-06,15:23:40.334000,9841,9842,9841,1
2020-04-06,15:23:40.704000,9841,9842,9842,1
2020-04-06,15:23:41.171000,9841,9843,9841,1
2020-04-06,15:23:42.055000,9841,9842,9842,1
2020-04-06,15:23:45.390000,9841,9842,9841,1
2020-04-06,15:23:50.410000,9841,9843,9841,1
2020-04-06,15:23:51.416000,9842,9843,9842,1
2020-04-06,15:23:51.416000,9842,9843,9841,3
2020-04-06,15:23:51.416000,9842,9843,9840,1
2020-04-06,15:23:52.178000,9840,9842,9840,1
2020-04-06,15:23:53.860000,9840,9842,9840,1
2020-04-06,15:23:55.172000,9840,9842,9840,5
2020-04-06,15:23:55.823000,9840,9842,9840,2
2020-04-06,15:23:57.393000,9840,9841,9840,1
2020-04-06,15:23:58.060000,9839,9841,9841,1
2020-04-06,15:24:01.534000,9840,9841,9840,3
2020-04-06,15:24:01.805000,9839,9840,9841,1
2020-04-06,15:24:01.843000,9839,9840,9841,2
2020-04-06,15:24:02.152000,9839,9841,9841,4
2020-04-06,15:24:03.663000,9840,9841,9841,1
2020-04-06,15:24:04.332000,9840,9842,9840,1
2020-04-06,15:24:05.785000,9841,9842,9842,2
2020-04-06,15:24:05.785000,9841,9842,9842,12
2020-04-06,15:24:06.916000,9842,9843,9842,1
2020-04-06,15:24:06.968000,9842,9843,9842,1
2020-04-06,15:24:07.036000,9842,9843,9842,1
2020-04-06,15:24:09.177000,9842,9843,9842,1
2020-04-06,15:24:13.465000,9841,9842,9842,1
2020-04-06,15:24:13.696000,9841,9842,9842,2
2020-04-06,15:24:14.660000,9841,9842,9841,1
2020-04-06,15:24:15.066000,9840,9841,9841,1
2020-04-06,15:24:15.853000,9840,9841,9840,1
2020-04-06,15:24:15.910000,9840,9841,9840,1
2020-04-06,15:24:15.910000,9840,9841,9840,6
2020-04-06,15:24:21.597000,9839,9840,9839,1
2020-04-06,15:24:21.812000,9839,9840,9839,1
2020-04-06,15:24:21.979000,9839,9840,9839,1
2020-04-06,15:24:22.375000,9839,9840,9840,1
2020-04-06,15:24:22.410000,9839,9840,9839,4
2020-04-06,15:24:22.558000,9839,9840,9839,1
2020-04-06,15:24:22.559000,9839,9840,9839,1
2020-04-06,15:24:22.559000,9839,9840,9839,2
2020-04-06,15:24:23.150000,9838,9839,9839,1
2020-04-06,15:24:23.557000,9838,9839,9838,3
2020-04-06,15:24:25.055000,9838,9839,9838,1
2020-04-06,15:24:25.286000,9838,9839,9838,2
2020-04-06,15:24:25.293000,9838,9839,9837,1
2020-04-06,15:24:25.444000,9837,9839,9837,1
2020-04-06,15:24:25.829000,9837,9839,9839,1
2020-04-06,15:24:25.926000,9837,9838,9837,1
2020-04-06,15:24:26.153000,9837,9838,9838,1
2020-04-06,15:24:26.770000,9838,9839,9838,1
2020-04-06,15:24:28.329000,9837,9838,9837,1
2020-04-06,15:24:31.072000,9837,9838,9838,1
2020-04-06,15:24:32.062000,9837,9838,9838,1
2020-04-06,15:24:33.207000,9837,9838,9837,1
2020-04-06,15:24:35.595000,9837,9838,9837,1
2020-04-06,15:24:35.687000,9837,9838,9837,2
2020-04-06,15:24:36.109000,9837,9838,9837,1
2020-04-06,15:24:37.199000,9836,9838,9838,1
2020-04-06,15:24:38.700000,9837,9838,9838,2
2020-04-06,15:24:40.485000,9838,9839,9838,1
2020-04-06,15:24:41.810000,9837,9839,9838,1
2020-04-06,15:24:47.568000,9837,9838,9837,1
2020-04-06,15:24:48.285000,9837,9838,9837,1
2020-04-06,15:24:48.285000,9837,9838,9837,2
2020-04-06,15:24:48.410000,9836,9837,9836,2
2020-04-06,15:24:48.788000,9836,9837,9837,1
2020-04-06,15:24:48.893000,9836,9837,9836,2
2020-04-06,15:24:48.893000,9836,9837,9836,4
2020-04-06,15:24:48.954000,9836,9837,9836,2
2020-04-06,15:24:49.002000,9836,9837,9835,2
2020-04-06,15:24:49.080000,9835,9836,9835,2
2020-04-06,15:24:49.122000,9835,9836,9835,1
2020-04-06,15:24:49.242000,9834,9835,9834,1
2020-04-06,15:24:49.242000,9834,9835,9833,1
2020-04-06,15:24:49.381000,9833,9835,9833,2
2020-04-06,15:24:49.484000,9833,9834,9834,1
2020-04-06,15:24:51.253000,9834,9835,9835,1
2020-04-06,15:24:52.390000,9834,9835,9835,5
2020-04-06,15:24:52.410000,9834,9835,9835,1
2020-04-06,15:24:53.004000,9835,9836,9836,1
2020-04-06,15:24:54.904000,9835,9836,9835,1
2020-04-06,15:24:54.954000,9835,9836,9835,4
2020-04-06,15:24:56.390000,9835,9836,9835,1
2020-04-06,15:24:56.993000,9835,9836,9835,1
2020-04-06,15:24:57.113000,9834,9835,9835,1
2020-04-06,15:24:57.323000,9834,9835,9835,1
2020-04-06,15:24:58.725000,9834,9836,9836,1
2020-04-06,15:25:00.466000,9834,9835,9835,1
2020-04-06,15:25:00.985000,9834,9835,9834,1
2020-04-06,15:25:01.621000,9834,9836,9836,1
2020-04-06,15:25:02.410000,9835,9836,9836,1
2020-04-06,15:25:02.773000,9835,9837,9835,1
2020-04-06,15:25:02.870000,9835,9836,9836,1
2020-04-06,15:25:03.162000,9835,9836,9836,1
2020-04-06,15:25:04.164000,9836,9837,9837,1
2020-04-06,15:25:04.218000,9836,9837,9836,1
2020-04-06,15:25:04.415000,9835,9836,9835,1
2020-04-06,15:25:05.952000,9835,9836,9835,6
2020-04-06,15:25:06.049000,9834,9835,9835,1
2020-04-06,15:25:08.945000,9835,9836,9836,1
2020-04-06,15:25:09.091000,9835,9836,9836,3
2020-04-06,15:25:09.160000,9836,9837,9837,1
2020-04-06,15:25:09.899000,9836,9837,9837,1
2020-04-06,15:25:10.824000,9836,9838,9836,1
2020-04-06,15:25:12.476000,9836,9837,9836,1
2020-04-06,15:25:14.338000,9835,9837,9837,1
2020-04-06,15:25:15.683000,9836,9838,9838,1
2020-04-06,15:25:18.453000,9836,9837,9837,1
2020-04-06,15:25:18.453000,9836,9837,9838,1
2020-04-06,15:25:21.005000,9836,9837,9836,1
2020-04-06,15:25:21.628000,9835,9837,9835,1
2020-04-06,15:25:22.089000,9835,9836,9836,1
2020-04-06,15:25:22.994000,9835,9836,9836,1
2020-04-06,15:25:23.865000,9835,9836,9835,2
2020-04-06,15:25:24.278000,9834,9835,9835,1
2020-04-06,15:25:24.328000,9834,9835,9834,1
2020-04-06,15:25:24.820000,9834,9835,9834,4
2020-04-06,15:25:24.821000,9834,9835,9834,1
2020-04-06,15:25:27.903000,9833,9834,9834,1
2020-04-06,15:25:28.945000,9833,9834,9834,1
2020-04-06,15:25:29.497000,9833,9835,9835,2
2020-04-06,15:25:34.622000,9834,9835,9835,1
2020-04-06,15:25:37.420000,9836,9837,9836,1
2020-04-06,15:25:39.070000,9835,9837,9837,1
2020-04-06,15:25:39.460000,9835,9837,9837,1
2020-04-06,15:25:41.708000,9834,9836,9836,2
2020-04-06,15:25:45.149000,9835,9836,9836,1
2020-04-06,15:25:48.636000,9835,9836,9836,1
2020-04-06,15:25:48.822000,9835,9837,9837,1
2020-04-06,15:25:53.069000,9835,9837,9837,1
2020-04-06,15:25:55.783000,9836,9837,9836,2
2020-04-06,15:25:55.785000,9836,9837,9836,1
2020-04-06,15:25:56.069000,9835,9837,9837,1
2020-04-06,15:25:56.491000,9835,9837,9835,1
2020-04-06,15:25:58.874000,9835,9836,9836,1
2020-04-06,15:26:00.205000,9836,9837,9837,8
2020-04-06,15:26:02.083000,9837,9838,9837,1
2020-04-06,15:26:02.300000,9837,9838,9837,1
2020-04-06,15:26:02.679000,9836,9837,9837,2
2020-04-06,15:26:02.701000,9836,9837,9838,1
2020-04-06,15:26:02.701000,9836,9837,9838,5
2020-04-06,15:26:02.704000,9836,9837,9838,2
2020-04-06,15:26:04.035000,9837,9838,9838,1
2020-04-06,15:26:05.275000,9838,9839,9839,2
2020-04-06,15:26:05.285000,9838,9839,9839,2
2020-04-06,15:26:06.191000,9838,9840,9838,9
2020-04-06,15:26:06.191000,9838,9840,9837,15
2020-04-06,15:26:06.192000,9838,9840,9837,1
2020-04-06,15:26:06.192000,9838,9840,9837,3
2020-04-06,15:26:06.192000,9838,9840,9837,3
2020-04-06,15:26:06.192000,9838,9840,9837,1
2020-04-06,15:26:06.192000,9838,9840,9837,2
2020-04-06,15:26:06.193000,9838,9840,9837,1
2020-04-06,15:26:06.193000,9838,9840,9837,1
2020-04-06,15:26:07.342000,9836,9837,9836,1
2020-04-06,15:26:07.342000,9836,9837,9836,4
2020-04-06,15:26:07.435000,9835,9836,9836,1
2020-04-06,15:26:08.527000,9835,9836,9836,1
2020-04-06,15:26:12.861000,9836,9837,9837,1
2020-04-06,15:26:12.910000,9836,9837,9837,1
2020-04-06,15:26:12.910000,9836,9837,9837,2
2020-04-06,15:26:12.910000,9836,9837,9837,11
2020-04-06,15:26:13.061000,9837,9838,9838,1
2020-04-06,15:26:13.182000,9837,9839,9837,1
2020-04-06,15:26:14.645000,9837,9839,9837,1
2020-04-06,15:26:17.108000,9837,9838,9838,1
2020-04-06,15:26:18.285000,9837,9838,9838,1
2020-04-06,15:26:22.006000,9837,9838,9838,1
2020-04-06,15:26:22.008000,9837,9838,9837,5
2020-04-06,15:26:22.009000,9837,9838,9837,2
2020-04-06,15:26:22.009000,9837,9838,9837,1
2020-04-06,15:26:22.282000,9836,9837,9837,1
2020-04-06,15:26:23.389000,9836,9837,9837,1
2020-04-06,15:26:24.435000,9837,9838,9837,1
2020-04-06,15:26:24.678000,9836,9838,9838,3
2020-04-06,15:26:29.057000,9837,9838,9838,1
2020-04-06,15:26:29.378000,9837,9838,9838,2
2020-04-06,15:26:29.795000,9837,9838,9838,3
2020-04-06,15:26:29.795000,9837,9838,9839,4
2020-04-06,15:26:29.795000,9837,9838,9839,8
2020-04-06,15:26:29.797000,9837,9838,9839,1
2020-04-06,15:26:29.798000,9837,9838,9839,1
2020-04-06,15:26:29.798000,9837,9838,9839,2
2020-04-06,15:26:30.085000,9839,9840,9839,1
2020-04-06,15:26:31.785000,9839,9840,9840,5
2020-04-06,15:26:31.910000,9840,9841,9841,1
2020-04-06,15:26:31.961000,9840,9841,9841,1
2020-04-06,15:26:33.166000,9840,9842,9840,4
2020-04-06,15:26:33.167000,9840,9842,9840,1
2020-04-06,15:26:34.807000,9839,9840,9840,1
2020-04-06,15:26:37.563000,9839,9840,9840,1
2020-04-06,15:26:37.563000,9839,9840,9840,1
2020-04-06,15:26:37.671000,9840,9841,9841,1
2020-04-06,15:26:37.680000,9840,9841,9841,1
2020-04-06,15:26:37.680000,9840,9841,9841,1
2020-04-06,15:26:43.938000,9841,9842,9842,1
2020-04-06,15:26:45.495000,9841,9842,9842,1
2020-04-06,15:26:46.058000,9841,9842,9842,1
2020-04-06,15:26:46.470000,9841,9842,9842,1
2020-04-06,15:26:48.022000,9841,9842,9842,1
2020-04-06,15:26:48.063000,9841,9842,9841,1
2020-04-06,15:26:48.142000,9841,9842,9842,1
2020-04-06,15:26:48.515000,9841,9842,9842,1
2020-04-06,15:26:50.815000,9841,9842,9841,5
2020-04-06,15:26:51.535000,9840,9841,9840,3
2020-04-06,15:26:51.535000,9840,9841,9840,3
2020-04-06,15:26:52.450000,9839,9840,9839,3
2020-04-06,15:26:52.451000,9839,9840,9839,1
2020-04-06,15:26:54.986000,9838,9839,9839,1
2020-04-06,15:26:56.193000,9838,9839,9839,1
2020-04-06,15:26:57.902000,9839,9840,9840,2
2020-04-06,15:26:58.075000,9839,9840,9841,3
2020-04-06,15:26:58.337000,9839,9841,9841,2
2020-04-06,15:26:59.060000,9840,9841,9841,2
2020-04-06,15:26:59.362000,9840,9842,9842,1
2020-04-06,15:26:59.376000,9840,9842,9842,3
2020-04-06,15:26:59.584000,9840,9842,9842,3
2020-04-06,15:26:59.673000,9841,9842,9842,2
2020-04-06,15:26:59.953000,9841,9842,9842,1
2020-04-06,15:27:00.180000,9841,9842,9842,1
2020-04-06,15:27:00.180000,9841,9842,9843,1
2020-04-06,15:27:02.198000,9841,9842,9841,3
2020-04-06,15:27:02.444000,9841,9842,9842,1
2020-04-06,15:27:02.827000,9842,9843,9842,1
2020-04-06,15:27:03.074000,9841,9843,9843,1
2020-04-06,15:27:04.143000,9841,9843,9842,1
2020-04-06,15:27:04.871000,9841,9843,9841,1
2020-04-06,15:27:10.169000,9841,9842,9841,1
2020-04-06,15:27:10.744000,9841,9842,9842,1
2020-04-06,15:27:10.861000,9841,9842,9841,1
2020-04-06,15:27:15.042000,9841,9842,9841,1
2020-04-06,15:27:15.555000,9840,9841,9841,1
2020-04-06,15:27:17.085000,9840,9841,9841,1
2020-04-06,15:27:19.779000,9840,9841,9840,1
2020-04-06,15:27:19.780000,9840,9841,9840,1
2020-04-06,15:27:19.780000,9840,9841,9840,2
2020-04-06,15:27:19.780000,9840,9841,9840,2
2020-04-06,15:27:19.785000,9840,9841,9840,2
2020-04-06,15:27:19.813000,9840,9841,9840,1
2020-04-06,15:27:20.062000,9838,9840,9840,1
2020-04-06,15:27:20.468000,9839,9841,9841,2
2020-04-06,15:27:21.510000,9840,9841,9840,1
2020-04-06,15:27:25.351000,9839,9840,9839,1
2020-04-06,15:27:27.702000,9839,9840,9839,2
2020-04-06,15:27:30.875000,9839,9840,9839,1
2020-04-06,15:27:33.027000,9838,9840,9840,1
2020-04-06,15:27:34.160000,9839,9840,9840,8
2020-04-06,15:27:34.627000,9840,9841,9840,1
2020-04-06,15:27:36.072000,9839,9841,9841,1
2020-04-06,15:27:41.194000,9839,9840,9840,1
2020-04-06,15:27:41.372000,9840,9841,9840,1
2020-04-06,15:27:44.111000,9840,9841,9840,1
2020-04-06,15:27:45.035000,9840,9841,9841,2
2020-04-06,15:27:49.675000,9841,9842,9842,1
2020-04-06,15:27:51.461000,9841,9842,9841,1
2020-04-06,15:27:53.056000,9840,9841,9841,1
2020-04-06,15:28:05.005000,9841,9842,9841,1
2020-04-06,15:28:05.671000,9840,9842,9842,3
2020-04-06,15:28:05.769000,9840,9842,9841,1
2020-04-06,15:28:07.108000,9841,9843,9843,1
2020-04-06,15:28:10.050000,9841,9843,9843,1
2020-04-06,15:28:14.207000,9842,9843,9843,1
2020-04-06,15:28:15.577000,9841,9843,9843,2
2020-04-06,15:28:17.988000,9842,9843,9842,1
2020-04-06,15:28:18.692000,9842,9843,9842,1
2020-04-06,15:28:22.416000,9842,9843,9842,1
2020-04-06,15:28:24.409000,9841,9842,9842,1
2020-04-06,15:28:24.993000,9841,9842,9842,1
2020-04-06,15:28:25.288000,9842,9843,9842,1
2020-04-06,15:28:25.699000,9842,9843,9842,1
2020-04-06,15:28:27.058000,9841,9843,9843,1
2020-04-06,15:28:29.521000,9841,9842,9842,1
2020-04-06,15:28:34.560000,9842,9843,9842,1
2020-04-06,15:28:39.895000,9842,9843,9842,1
2020-04-06,15:28:42.935000,9841,9842,9841,3
2020-04-06,15:28:44.057000,9840,9841,9841,1
2020-04-06,15:28:48.524000,9840,9841,9841,1
2020-04-06,15:28:57.029000,9840,9841,9841,1
2020-04-06,15:28:57.029000,9840,9841,9842,1
2020-04-06,15:29:00.053000,9841,9842,9842,1
2020-04-06,15:29:02.772000,9841,9842,9842,1
2020-04-06,15:29:04.022000,9842,9843,9843,1
2020-04-06,15:29:05.042000,9843,9844,9844,5
2020-04-06,15:29:06.329000,9843,9845,9843,3
2020-04-06,15:29:09.109000,9842,9844,9844,3
2020-04-06,15:29:09.109000,9842,9844,9845,7
2020-04-06,15:29:10.313000,9843,9845,9843,4
2020-04-06,15:29:13.170000,9843,9844,9844,1
2020-04-06,15:29:14.010000,9843,9844,9843,1
2020-04-06,15:29:16.540000,9843,9844,9844,1
2020-04-06,15:29:17.067000,9844,9845,9845,1
2020-04-06,15:29:17.208000,9844,9845,9844,1
2020-04-06,15:29:19.256000,9843,9844,9843,1
2020-04-06,15:29:22.844000,9842,9843,9843,1
2020-04-06,15:29:23.236000,9843,9844,9843,4
2020-04-06,15:29:23.285000,9843,9844,9843,1
2020-04-06,15:29:23.356000,9843,9844,9843,1
2020-04-06,15:29:24.392000,9843,9844,9843,1
2020-04-06,15:29:34.045000,9843,9844,9844,1
2020-04-06,15:29:37.106000,9843,9844,9843,3
2020-04-06,15:29:37.689000,9842,9843,9843,1
2020-04-06,15:29:39.648000,9842,9843,9843,1
2020-04-06,15:29:40.970000,9842,9844,9844,1
2020-04-06,15:29:41.091000,9842,9844,9842,2
2020-04-06,15:29:41.354000,9843,9844,9843,1
2020-04-06,15:29:43.785000,9842,9843,9842,1
2020-04-06,15:29:51.063000,9841,9842,9842,1
2020-04-06,15:29:51.113000,9841,9842,9842,2
2020-04-06,15:29:51.660000,9842,9843,9843,1
2020-04-06,15:29:54.969000,9842,9843,9843,1
2020-04-06,15:29:55.027000,9842,9843,9843,2
2020-04-06,15:30:00.801000,9842,9843,9843,1
2020-04-06,15:30:02.255000,9843,9844,9844,3
2020-04-06,15:30:02.255000,9843,9844,9844,1
2020-04-06,15:30:02.256000,9843,9844,9844,1
2020-04-06,15:30:05.660000,9844,9845,9845,1
2020-04-06,15:30:05.660000,9844,9845,9845,3
2020-04-06,15:30:05.660000,9844,9845,9845,5
2020-04-06,15:30:05.660000,9844,9845,9845,2
