2020-11-19 15:00:00.077,13760,13761,13760,128
2020-11-19 15:00:00.079,13759,13760,13760,21
2020-11-19 15:00:00.135,13759,13761,13761,10
2020-11-19 15:00:00.138,13759,13761,13761,2
2020-11-19 15:00:00.146,13759,13761,13761,2
2020-11-19 15:00:00.154,13759,13761,13761,5
2020-11-19 15:00:00.187,13759,13761,13760,4
2020-11-19 15:00:00.187,13759,13761,13759,1
2020-11-19 15:00:00.187,13759,13761,13758,1
2020-11-19 15:00:00.190,13759,13761,13759,1
2020-11-19 15:00:00.191,13759,13761,13759,1
2020-11-19 15:00:00.239,13759,13761,13761,1
2020-11-19 15:00:00.268,13759,13761,13761,2
2020-11-19 15:00:00.285,13759,13761,13761,5
2020-11-19 15:00:00.297,13759,13761,13761,2
2020-11-19 15:00:00.302,13759,13761,13762,2
2020-11-19 15:00:00.383,13759,13761,13761,1
2020-11-19 15:00:00.407,13759,13761,13761,3
2020-11-19 15:00:00.450,13759,13761,13762,1
2020-11-19 15:00:00.450,13759,13761,13761,2
2020-11-19 15:00:00.450,13759,13761,13759,3
2020-11-19 15:00:00.450,13759,13761,13758,5
2020-11-19 15:00:00.451,13759,13761,13761,1
2020-11-19 15:00:00.473,13759,13761,13761,1
2020-11-19 15:00:00.523,13759,13761,13761,1
2020-11-19 15:00:00.526,13759,13761,13761,1
2020-11-19 15:00:00.535,13759,13761,13761,2
2020-11-19 15:00:00.564,13759,13761,13761,1
2020-11-19 15:00:00.573,13759,13761,13761,1
2020-11-19 15:00:00.620,13759,13760,13760,1
2020-11-19 15:00:00.620,13759,13760,13761,4
2020-11-19 15:00:00.633,13759,13760,13761,2
2020-11-19 15:00:00.633,13759,13760,13762,1
2020-11-19 15:00:00.643,13759,13760,13761,1
2020-11-19 15:00:00.665,13759,13760,13762,1
2020-11-19 15:00:00.679,13759,13760,13762,1
2020-11-19 15:00:00.690,13759,13760,13762,2
2020-11-19 15:00:00.708,13759,13760,13761,1
2020-11-19 15:00:00.716,13759,13760,13762,1
2020-11-19 15:00:00.716,13759,13760,13762,1
2020-11-19 15:00:00.717,13759,13760,13762,1
2020-11-19 15:00:00.728,13759,13760,13762,3
2020-11-19 15:00:00.728,13759,13760,13763,3
2020-11-19 15:00:00.761,13762,13763,13763,1
2020-11-19 15:00:00.762,13762,13763,13763,1
2020-11-19 15:00:00.802,13762,13763,13763,1
2020-11-19 15:00:00.802,13762,13763,13763,1
2020-11-19 15:00:00.802,13762,13763,13763,1
2020-11-19 15:00:00.802,13762,13763,13763,1
2020-11-19 15:00:00.802,13762,13763,13763,4
2020-11-19 15:00:00.803,13762,13763,13763,4
2020-11-19 15:00:00.807,13762,13763,13764,2
2020-11-19 15:00:00.810,13762,13763,13764,1
2020-11-19 15:00:00.822,13762,13763,13764,2
2020-11-19 15:00:00.834,13762,13763,13764,1
2020-11-19 15:00:00.933,13763,13764,13764,1
2020-11-19 15:00:00.971,13763,13764,13763,4
2020-11-19 15:00:00.977,13763,13764,13763,1
2020-11-19 15:00:00.993,13762,13763,13763,4
2020-11-19 15:00:01.052,13762,13763,13762,1
2020-11-19 15:00:01.196,13761,13762,13762,2
2020-11-19 15:00:01.226,13761,13762,13763,1
2020-11-19 15:00:01.228,13761,13762,13763,1
2020-11-19 15:00:01.269,13761,13764,13764,1
2020-11-19 15:00:01.313,13761,13764,13764,1
2020-11-19 15:00:01.314,13761,13764,13764,1
2020-11-19 15:00:01.322,13761,13764,13764,1
2020-11-19 15:00:01.326,13761,13764,13764,1
2020-11-19 15:00:01.388,13763,13764,13763,1
2020-11-19 15:00:01.388,13763,13764,13763,1
2020-11-19 15:00:01.442,13763,13764,13763,2
2020-11-19 15:00:01.442,13763,13764,13762,1
2020-11-19 15:00:01.452,13763,13764,13764,1
2020-11-19 15:00:01.502,13761,13763,13761,3
2020-11-19 15:00:01.516,13761,13763,13763,1
2020-11-19 15:00:01.522,13761,13763,13762,1
2020-11-19 15:00:01.531,13761,13763,13762,1
2020-11-19 15:00:01.543,13761,13763,13763,2
2020-11-19 15:00:01.573,13761,13763,13762,4
2020-11-19 15:00:01.581,13761,13763,13762,1
2020-11-19 15:00:01.581,13761,13763,13763,1
2020-11-19 15:00:01.584,13761,13763,13763,1
2020-11-19 15:00:01.640,13762,13763,13762,6
2020-11-19 15:00:01.650,13762,13763,13761,2
2020-11-19 15:00:01.693,13762,13763,13763,1
2020-11-19 15:00:01.720,13762,13763,13763,1
2020-11-19 15:00:01.720,13762,13763,13763,1
2020-11-19 15:00:01.734,13762,13763,13763,1
2020-11-19 15:00:01.736,13762,13763,13763,2
2020-11-19 15:00:01.745,13762,13763,13763,1
2020-11-19 15:00:01.797,13762,13763,13763,2
2020-11-19 15:00:01.804,13762,13763,13764,2
2020-11-19 15:00:01.804,13762,13763,13764,3
2020-11-19 15:00:01.804,13762,13763,13765,3
2020-11-19 15:00:01.804,13762,13763,13765,3
2020-11-19 15:00:01.849,13762,13763,13765,2
2020-11-19 15:00:01.872,13764,13765,13764,2
2020-11-19 15:00:01.872,13764,13765,13765,1
2020-11-19 15:00:01.875,13764,13765,13765,1
2020-11-19 15:00:01.884,13764,13765,13765,1
2020-11-19 15:00:02.107,13763,13765,13765,1
2020-11-19 15:00:02.165,13763,13765,13764,1
2020-11-19 15:00:02.165,13763,13765,13763,5
2020-11-19 15:00:02.165,13763,13765,13764,1
2020-11-19 15:00:02.191,13763,13765,13764,1
2020-11-19 15:00:02.204,13763,13765,13764,1
2020-11-19 15:00:02.246,13763,13764,13764,1
2020-11-19 15:00:02.337,13763,13764,13763,1
2020-11-19 15:00:02.437,13763,13764,13763,4
2020-11-19 15:00:02.437,13763,13764,13762,3
2020-11-19 15:00:02.437,13763,13764,13761,2
2020-11-19 15:00:02.442,13763,13764,13762,4
2020-11-19 15:00:02.442,13763,13764,13761,2
2020-11-19 15:00:02.452,13763,13764,13763,1
2020-11-19 15:00:02.551,13762,13763,13763,1
2020-11-19 15:00:02.779,13763,13764,13763,1
2020-11-19 15:00:02.801,13763,13764,13762,1
2020-11-19 15:00:02.826,13763,13764,13763,1
2020-11-19 15:00:02.843,13763,13764,13763,1
2020-11-19 15:00:02.856,13763,13764,13764,1
2020-11-19 15:00:02.935,13762,13764,13764,2
2020-11-19 15:00:02.935,13762,13764,13765,2
2020-11-19 15:00:03.027,13762,13764,13762,1
2020-11-19 15:00:03.062,13762,13764,13764,1
2020-11-19 15:00:03.066,13762,13764,13764,1
2020-11-19 15:00:03.093,13762,13764,13764,1
2020-11-19 15:00:03.137,13762,13764,13764,1
2020-11-19 15:00:03.218,13762,13764,13762,1
2020-11-19 15:00:03.235,13762,13764,13763,1
2020-11-19 15:00:03.335,13762,13763,13763,2
2020-11-19 15:00:03.336,13762,13763,13763,1
2020-11-19 15:00:03.353,13762,13763,13763,1
2020-11-19 15:00:03.409,13762,13763,13763,1
2020-11-19 15:00:03.498,13762,13763,13763,2
2020-11-19 15:00:03.498,13762,13763,13764,1
2020-11-19 15:00:03.547,13762,13763,13763,1
2020-11-19 15:00:03.753,13761,13763,13761,2
2020-11-19 15:00:03.756,13761,13763,13761,2
2020-11-19 15:00:03.758,13761,13763,13761,1
2020-11-19 15:00:03.772,13761,13763,13763,4
2020-11-19 15:00:03.772,13761,13763,13764,2
2020-11-19 15:00:03.775,13761,13763,13763,4
2020-11-19 15:00:03.776,13761,13763,13762,3
2020-11-19 15:00:03.852,13761,13763,13761,1
2020-11-19 15:00:03.898,13761,13763,13761,1
2020-11-19 15:00:03.919,13761,13763,13760,2
2020-11-19 15:00:03.962,13761,13763,13763,2
2020-11-19 15:00:04.071,13762,13764,13762,1
2020-11-19 15:00:04.109,13762,13764,13763,1
2020-11-19 15:00:04.285,13761,13762,13761,1
2020-11-19 15:00:04.287,13761,13762,13762,1
2020-11-19 15:00:04.378,13762,13763,13762,2
2020-11-19 15:00:04.420,13762,13763,13763,1
2020-11-19 15:00:04.723,13761,13763,13761,1
2020-11-19 15:00:04.810,13761,13763,13762,1
2020-11-19 15:00:04.956,13761,13763,13761,1
2020-11-19 15:00:05.122,13762,13763,13762,1
2020-11-19 15:00:05.157,13762,13763,13762,1
2020-11-19 15:00:05.179,13762,13763,13761,1
2020-11-19 15:00:05.229,13762,13763,13761,1
2020-11-19 15:00:06.020,13761,13762,13762,1
2020-11-19 15:00:06.124,13761,13762,13762,1
2020-11-19 15:00:06.129,13761,13762,13763,1
2020-11-19 15:00:06.238,13762,13763,13762,1
2020-11-19 15:00:06.312,13762,13763,13763,2
2020-11-19 15:00:06.604,13762,13763,13763,5
2020-11-19 15:00:06.652,13761,13763,13763,3
2020-11-19 15:00:06.654,13761,13763,13763,1
2020-11-19 15:00:06.772,13762,13764,13762,6
2020-11-19 15:00:07.152,13761,13763,13763,1
2020-11-19 15:00:07.240,13761,13763,13763,1
2020-11-19 15:00:07.241,13761,13763,13763,1
2020-11-19 15:00:08.618,13762,13763,13762,1
2020-11-19 15:00:08.745,13761,13762,13762,1
2020-11-19 15:00:08.802,13761,13762,13761,1
2020-11-19 15:00:09.086,13761,13763,13761,1
2020-11-19 15:00:09.252,13761,13763,13761,2
2020-11-19 15:00:09.261,13761,13763,13762,1
2020-11-19 15:00:09.261,13761,13763,13763,1
2020-11-19 15:00:09.279,13761,13763,13761,1
2020-11-19 15:00:09.348,13761,13763,13761,2
2020-11-19 15:00:09.366,13761,13762,13762,1
2020-11-19 15:00:09.391,13761,13762,13762,1
2020-11-19 15:00:09.393,13761,13762,13762,1
2020-11-19 15:00:09.582,13761,13762,13761,1
2020-11-19 15:00:09.637,13761,13762,13762,1
2020-11-19 15:00:09.784,13761,13762,13761,1
2020-11-19 15:00:09.842,13761,13762,13761,2
2020-11-19 15:00:10.227,13761,13762,13762,1
2020-11-19 15:00:10.228,13761,13762,13762,2
2020-11-19 15:00:10.256,13762,13763,13762,1
2020-11-19 15:00:11.063,13761,13763,13761,2
2020-11-19 15:00:11.140,13761,13763,13763,2
2020-11-19 15:00:11.184,13761,13763,13763,1
2020-11-19 15:00:11.482,13762,13763,13762,1
2020-11-19 15:00:11.503,13761,13762,13762,1
2020-11-19 15:00:11.658,13761,13762,13762,1
2020-11-19 15:00:11.864,13761,13762,13761,1
2020-11-19 15:00:12.152,13760,13761,13761,1
2020-11-19 15:00:12.156,13760,13761,13760,2
2020-11-19 15:00:12.522,13760,13761,13761,1
2020-11-19 15:00:12.937,13760,13761,13761,1
2020-11-19 15:00:12.946,13760,13761,13761,1
2020-11-19 15:00:13.236,13760,13761,13761,1
2020-11-19 15:00:14.090,13760,13761,13761,1
2020-11-19 15:00:14.090,13760,13761,13761,1
2020-11-19 15:00:14.448,13760,13761,13761,2
2020-11-19 15:00:14.541,13761,13762,13762,1
2020-11-19 15:00:15.325,13760,13762,13762,1
2020-11-19 15:00:16.246,13760,13761,13761,4
2020-11-19 15:00:17.114,13760,13761,13761,1
2020-11-19 15:00:17.161,13760,13761,13761,1
2020-11-19 15:00:17.312,13760,13761,13761,1
2020-11-19 15:00:17.543,13760,13761,13760,1
2020-11-19 15:00:17.590,13760,13761,13761,1
2020-11-19 15:00:17.720,13760,13761,13760,2
2020-11-19 15:00:17.958,13760,13761,13761,1
2020-11-19 15:00:18.827,13760,13761,13761,3
2020-11-19 15:00:18.827,13760,13761,13762,1
2020-11-19 15:00:18.829,13760,13761,13762,6
2020-11-19 15:00:19.323,13762,13763,13761,1
2020-11-19 15:00:19.611,13761,13763,13762,1
2020-11-19 15:00:19.722,13762,13763,13763,7
2020-11-19 15:00:19.823,13763,13764,13764,1
2020-11-19 15:00:19.824,13763,13764,13764,1
2020-11-19 15:00:20.051,13763,13764,13763,1
2020-11-19 15:00:20.166,13763,13764,13764,1
2020-11-19 15:00:20.229,13763,13764,13763,1
2020-11-19 15:00:20.506,13763,13764,13764,1
2020-11-19 15:00:20.776,13763,13764,13763,2
2020-11-19 15:00:21.221,13763,13764,13764,2
2020-11-19 15:00:21.222,13763,13764,13764,1
2020-11-19 15:00:21.222,13763,13764,13764,4
2020-11-19 15:00:21.266,13763,13765,13765,2
2020-11-19 15:00:21.382,13763,13765,13765,3
2020-11-19 15:00:21.407,13763,13765,13765,1
2020-11-19 15:00:21.836,13764,13766,13764,3
2020-11-19 15:00:22.705,13764,13765,13764,1
2020-11-19 15:00:22.705,13764,13765,13763,4
2020-11-19 15:00:25.593,13764,13765,13764,4
2020-11-19 15:00:25.805,13763,13764,13764,2
2020-11-19 15:00:25.877,13763,13764,13764,1
2020-11-19 15:00:26.141,13763,13764,13763,1
2020-11-19 15:00:26.167,13763,13764,13763,1
2020-11-19 15:00:26.465,13763,13764,13763,2
2020-11-19 15:00:28.007,13763,13764,13764,1
2020-11-19 15:00:28.763,13763,13764,13764,1
2020-11-19 15:00:28.966,13763,13764,13764,1
2020-11-19 15:00:29.640,13764,13765,13764,3
2020-11-19 15:00:32.123,13764,13765,13765,2
2020-11-19 15:00:32.388,13764,13765,13765,1
2020-11-19 15:00:32.778,13764,13765,13765,1
2020-11-19 15:00:33.111,13764,13765,13765,1
2020-11-19 15:00:33.527,13764,13765,13764,1
2020-11-19 15:00:34.423,13764,13765,13764,1
2020-11-19 15:00:35.423,13764,13765,13765,1
2020-11-19 15:00:35.828,13764,13765,13764,3
2020-11-19 15:00:37.264,13764,13765,13764,2
2020-11-19 15:00:37.574,13764,13765,13764,3
2020-11-19 15:00:37.660,13764,13765,13764,1
2020-11-19 15:00:38.295,13763,13764,13764,1
2020-11-19 15:00:38.477,13764,13765,13764,1
2020-11-19 15:00:38.698,13764,13765,13765,2
2020-11-19 15:00:38.939,13764,13765,13765,9
2020-11-19 15:00:39.850,13764,13765,13765,2
2020-11-19 15:00:39.850,13764,13765,13765,1
2020-11-19 15:00:39.891,13764,13765,13764,1
2020-11-19 15:00:41.321,13764,13765,13764,1
2020-11-19 15:00:41.430,13764,13765,13764,5
2020-11-19 15:00:41.440,13764,13765,13764,3
2020-11-19 15:00:41.441,13764,13765,13764,1
2020-11-19 15:00:41.451,13764,13765,13764,1
2020-11-19 15:00:42.337,13763,13764,13764,2
2020-11-19 15:00:42.607,13763,13764,13763,5
2020-11-19 15:00:43.194,13763,13764,13764,1
2020-11-19 15:00:44.874,13763,13764,13763,4
2020-11-19 15:00:44.874,13763,13764,13763,1
2020-11-19 15:00:45.496,13762,13763,13763,1
2020-11-19 15:00:46.781,13762,13763,13763,2
2020-11-19 15:00:47.257,13762,13763,13762,1
2020-11-19 15:00:47.524,13762,13763,13762,1
2020-11-19 15:00:47.839,13762,13763,13763,1
2020-11-19 15:00:47.976,13762,13763,13763,1
2020-11-19 15:00:48.093,13762,13763,13762,1
2020-11-19 15:00:48.704,13762,13763,13763,2
2020-11-19 15:00:48.704,13762,13763,13764,2
2020-11-19 15:00:48.704,13762,13763,13763,1
2020-11-19 15:00:49.358,13762,13763,13763,1
2020-11-19 15:00:50.354,13762,13763,13763,1
2020-11-19 15:00:51.123,13762,13763,13762,1
2020-11-19 15:00:51.154,13762,13763,13763,1
2020-11-19 15:00:51.814,13762,13763,13763,3
2020-11-19 15:00:52.324,13762,13763,13763,1
2020-11-19 15:00:52.962,13762,13763,13763,6
2020-11-19 15:00:52.962,13762,13763,13763,1
2020-11-19 15:00:53.274,13762,13763,13763,1
2020-11-19 15:00:53.274,13762,13763,13763,1
2020-11-19 15:00:54.436,13762,13763,13762,1
2020-11-19 15:00:54.620,13762,13763,13763,1
2020-11-19 15:00:54.807,13762,13763,13763,1
2020-11-19 15:00:55.852,13762,13763,13763,1
2020-11-19 15:00:57.099,13763,13764,13763,1
2020-11-19 15:00:57.429,13763,13764,13764,1
2020-11-19 15:00:57.450,13763,13764,13763,1
2020-11-19 15:00:57.558,13763,13764,13763,1
2020-11-19 15:00:57.558,13763,13764,13762,1
2020-11-19 15:00:58.783,13762,13764,13762,1
2020-11-19 15:01:00.011,13762,13764,13764,1
2020-11-19 15:01:00.017,13762,13764,13764,2
2020-11-19 15:01:00.025,13762,13764,13764,1
2020-11-19 15:01:00.027,13762,13764,13764,12
2020-11-19 15:01:00.027,13762,13764,13765,12
2020-11-19 15:01:00.028,13762,13764,13765,3
2020-11-19 15:01:00.039,13762,13764,13765,1
2020-11-19 15:01:00.059,13762,13764,13765,1
2020-11-19 15:01:00.067,13762,13764,13765,1
2020-11-19 15:01:00.067,13762,13764,13765,2
2020-11-19 15:01:00.067,13762,13764,13765,1
2020-11-19 15:01:00.067,13762,13764,13765,4
2020-11-19 15:01:00.067,13762,13764,13765,2
2020-11-19 15:01:00.071,13762,13764,13766,3
2020-11-19 15:01:00.078,13762,13764,13766,1
2020-11-19 15:01:00.079,13762,13764,13766,1
2020-11-19 15:01:00.084,13762,13764,13766,1
2020-11-19 15:01:00.092,13762,13764,13766,8
2020-11-19 15:01:00.092,13762,13764,13766,1
2020-11-19 15:01:00.092,13762,13764,13766,3
2020-11-19 15:01:00.092,13762,13764,13766,1
2020-11-19 15:01:00.093,13762,13764,13766,4
2020-11-19 15:01:00.162,13765,13766,13766,1
2020-11-19 15:01:00.181,13765,13766,13766,11
2020-11-19 15:01:00.181,13765,13766,13766,1
2020-11-19 15:01:00.184,13765,13766,13765,1
2020-11-19 15:01:00.273,13765,13767,13765,1
2020-11-19 15:01:00.289,13765,13767,13767,3
2020-11-19 15:01:00.293,13765,13767,13767,5
2020-11-19 15:01:00.309,13765,13767,13766,1
2020-11-19 15:01:00.346,13765,13767,13767,1
2020-11-19 15:01:00.354,13765,13767,13766,1
2020-11-19 15:01:00.374,13766,13767,13767,7
2020-11-19 15:01:00.374,13766,13767,13767,1
2020-11-19 15:01:00.374,13766,13767,13767,1
2020-11-19 15:01:00.374,13766,13767,13767,5
2020-11-19 15:01:00.414,13766,13767,13768,1
2020-11-19 15:01:00.438,13766,13767,13768,1
2020-11-19 15:01:00.438,13766,13767,13768,1
2020-11-19 15:01:00.473,13766,13767,13767,1
2020-11-19 15:01:00.529,13767,13768,13768,1
2020-11-19 15:01:00.565,13767,13768,13768,1
2020-11-19 15:01:00.653,13767,13768,13768,1
2020-11-19 15:01:00.855,13767,13768,13768,6
2020-11-19 15:01:00.855,13767,13768,13768,1
2020-11-19 15:01:00.855,13767,13768,13768,3
2020-11-19 15:01:00.861,13767,13768,13769,1
2020-11-19 15:01:00.940,13768,13769,13769,8
2020-11-19 15:01:01.020,13769,13770,13770,1
2020-11-19 15:01:01.115,13769,13770,13770,1
2020-11-19 15:01:01.116,13769,13770,13770,1
2020-11-19 15:01:01.116,13769,13770,13770,1
2020-11-19 15:01:01.116,13769,13770,13770,1
2020-11-19 15:01:01.116,13769,13770,13770,3
2020-11-19 15:01:01.116,13769,13770,13770,15
2020-11-19 15:01:01.116,13769,13770,13770,1
2020-11-19 15:01:01.117,13769,13770,13771,1
2020-11-19 15:01:01.117,13769,13770,13771,1
2020-11-19 15:01:01.117,13769,13770,13771,1
2020-11-19 15:01:01.118,13769,13770,13771,1
2020-11-19 15:01:01.118,13769,13770,13771,1
2020-11-19 15:01:01.118,13769,13770,13771,1
2020-11-19 15:01:01.154,13769,13770,13771,1
2020-11-19 15:01:01.176,13769,13770,13771,1
2020-11-19 15:01:01.273,13770,13771,13771,2
2020-11-19 15:01:01.285,13770,13771,13771,1
2020-11-19 15:01:01.286,13770,13771,13771,1
2020-11-19 15:01:01.286,13770,13771,13771,1
2020-11-19 15:01:01.286,13770,13771,13771,4
2020-11-19 15:01:01.286,13770,13771,13771,1
2020-11-19 15:01:01.286,13770,13771,13771,1
2020-11-19 15:01:01.286,13770,13771,13771,3
2020-11-19 15:01:01.308,13770,13771,13770,1
2020-11-19 15:01:01.314,13770,13771,13771,2
2020-11-19 15:01:01.366,13770,13771,13770,1
2020-11-19 15:01:01.475,13770,13771,13771,1
2020-11-19 15:01:01.482,13770,13771,13771,1
2020-11-19 15:01:01.500,13770,13771,13771,1
2020-11-19 15:01:01.510,13770,13771,13770,2
2020-11-19 15:01:01.610,13770,13771,13771,1
2020-11-19 15:01:01.969,13768,13770,13770,1
2020-11-19 15:01:01.987,13768,13770,13770,2
2020-11-19 15:01:02.000,13769,13771,13771,1
2020-11-19 15:01:02.000,13769,13771,13771,1
2020-11-19 15:01:02.005,13769,13771,13771,1
2020-11-19 15:01:02.013,13769,13771,13771,1
2020-11-19 15:01:02.025,13769,13771,13771,1
2020-11-19 15:01:02.031,13769,13771,13771,1
2020-11-19 15:01:02.031,13769,13771,13771,1
2020-11-19 15:01:02.035,13769,13771,13771,1
2020-11-19 15:01:02.098,13769,13771,13771,1
2020-11-19 15:01:02.442,13768,13770,13769,1
2020-11-19 15:01:02.443,13768,13770,13769,1
2020-11-19 15:01:02.445,13768,13770,13769,1
2020-11-19 15:01:02.600,13767,13769,13769,1
2020-11-19 15:01:02.624,13767,13769,13767,1
2020-11-19 15:01:03.097,13767,13768,13767,2
2020-11-19 15:01:03.130,13766,13768,13768,1
2020-11-19 15:01:03.134,13766,13768,13768,2
2020-11-19 15:01:04.330,13767,13768,13767,1
2020-11-19 15:01:04.888,13766,13768,13768,2
2020-11-19 15:01:05.000,13766,13768,13768,3
2020-11-19 15:01:05.127,13767,13768,13767,2
2020-11-19 15:01:05.941,13767,13768,13767,1
2020-11-19 15:01:06.259,13766,13767,13766,2
2020-11-19 15:01:06.494,13766,13767,13767,1
2020-11-19 15:01:07.389,13767,13768,13768,1
2020-11-19 15:01:07.490,13767,13769,13769,1
2020-11-19 15:01:07.490,13767,13769,13769,1
2020-11-19 15:01:07.871,13767,13769,13769,2
2020-11-19 15:01:08.313,13768,13770,13768,1
2020-11-19 15:01:09.643,13769,13770,13770,4
2020-11-19 15:01:11.313,13769,13770,13769,10
2020-11-19 15:01:11.819,13769,13770,13770,1
2020-11-19 15:01:11.995,13769,13770,13770,4
2020-11-19 15:01:11.996,13769,13770,13770,2
2020-11-19 15:01:11.996,13769,13770,13770,3
2020-11-19 15:01:12.006,13769,13770,13771,2
2020-11-19 15:01:12.178,13770,13772,13770,4
2020-11-19 15:01:12.768,13770,13771,13770,1
2020-11-19 15:01:13.686,13770,13771,13772,9
2020-11-19 15:01:13.805,13771,13772,13770,4
2020-11-19 15:01:13.807,13771,13772,13772,1
2020-11-19 15:01:13.858,13771,13772,13772,2
2020-11-19 15:01:13.920,13770,13772,13770,4
2020-11-19 15:01:13.920,13770,13772,13769,1
2020-11-19 15:01:13.968,13770,13772,13769,2
2020-11-19 15:01:13.979,13770,13772,13769,5
2020-11-19 15:01:13.982,13770,13772,13769,5
2020-11-19 15:01:13.985,13770,13772,13769,2
2020-11-19 15:01:13.985,13770,13772,13768,3
2020-11-19 15:01:13.986,13770,13772,13769,4
2020-11-19 15:01:14.550,13769,13770,13769,1
2020-11-19 15:01:14.550,13769,13770,13769,1
2020-11-19 15:01:14.550,13769,13770,13769,4
2020-11-19 15:01:14.595,13769,13770,13770,1
2020-11-19 15:01:14.840,13768,13770,13770,1
2020-11-19 15:01:14.949,13768,13770,13770,4
2020-11-19 15:01:15.608,13769,13770,13770,2
2020-11-19 15:01:15.683,13769,13770,13770,1
2020-11-19 15:01:16.531,13770,13771,13771,2
2020-11-19 15:01:16.804,13770,13771,13771,1
2020-11-19 15:01:17.573,13770,13771,13771,1
2020-11-19 15:01:17.615,13770,13771,13771,1
2020-11-19 15:01:17.615,13770,13771,13771,1
2020-11-19 15:01:17.615,13770,13771,13771,1
2020-11-19 15:01:17.616,13770,13771,13772,1
2020-11-19 15:01:17.617,13770,13771,13772,1
2020-11-19 15:01:18.288,13771,13772,13771,1
2020-11-19 15:01:18.696,13771,13772,13772,1
2020-11-19 15:01:18.742,13771,13772,13772,1
2020-11-19 15:01:19.153,13771,13772,13772,4
2020-11-19 15:01:19.620,13771,13772,13771,1
2020-11-19 15:01:19.964,13771,13772,13772,1
2020-11-19 15:01:20.253,13771,13772,13772,1
2020-11-19 15:01:20.785,13771,13772,13772,1
2020-11-19 15:01:21.250,13771,13772,13771,1
2020-11-19 15:01:21.629,13771,13772,13771,2
2020-11-19 15:01:21.870,13771,13772,13771,1
2020-11-19 15:01:22.760,13771,13772,13772,2
2020-11-19 15:01:23.169,13772,13773,13772,2
2020-11-19 15:01:23.400,13771,13773,13771,1
2020-11-19 15:01:24.143,13771,13772,13772,1
2020-11-19 15:01:24.231,13771,13772,13773,1
2020-11-19 15:01:24.969,13771,13772,13772,1
2020-11-19 15:01:24.980,13771,13772,13773,1
2020-11-19 15:01:25.117,13771,13773,13771,1
2020-11-19 15:01:25.171,13771,13773,13772,1
2020-11-19 15:01:26.354,13772,13773,13772,1
2020-11-19 15:01:26.523,13771,13772,13772,1
2020-11-19 15:01:26.596,13771,13772,13773,1
2020-11-19 15:01:26.678,13772,13773,13772,1
2020-11-19 15:01:26.679,13772,13773,13771,2
2020-11-19 15:01:26.680,13772,13773,13770,8
2020-11-19 15:01:26.680,13772,13773,13770,3
2020-11-19 15:01:26.680,13772,13773,13770,3
2020-11-19 15:01:26.751,13769,13771,13771,3
2020-11-19 15:01:26.913,13769,13771,13771,1
2020-11-19 15:01:27.035,13769,13771,13771,1
2020-11-19 15:01:27.115,13770,13772,13772,1
2020-11-19 15:01:27.115,13770,13772,13772,1
2020-11-19 15:01:27.116,13770,13772,13772,1
2020-11-19 15:01:27.649,13770,13772,13772,1
2020-11-19 15:01:27.916,13770,13772,13772,1
2020-11-19 15:01:27.916,13770,13772,13773,1
2020-11-19 15:01:28.144,13771,13772,13772,1
2020-11-19 15:01:28.563,13771,13772,13772,2
2020-11-19 15:01:28.755,13770,13772,13770,2
2020-11-19 15:01:29.321,13770,13772,13772,1
2020-11-19 15:01:29.347,13770,13772,13772,1
2020-11-19 15:01:29.737,13770,13772,13772,1
2020-11-19 15:01:29.949,13770,13771,13771,1
2020-11-19 15:01:30.076,13770,13771,13771,1
2020-11-19 15:01:30.343,13770,13772,13772,1
2020-11-19 15:01:31.493,13770,13771,13771,1
2020-11-19 15:01:32.194,13770,13771,13770,7
2020-11-19 15:01:32.198,13770,13771,13769,2
2020-11-19 15:01:32.684,13769,13770,13770,1
2020-11-19 15:01:32.899,13769,13770,13770,1
2020-11-19 15:01:33.044,13769,13770,13770,1
2020-11-19 15:01:33.310,13769,13770,13770,1
2020-11-19 15:01:33.537,13769,13770,13770,1
2020-11-19 15:01:34.063,13769,13770,13770,2
2020-11-19 15:01:34.419,13770,13771,13771,2
2020-11-19 15:01:35.148,13770,13771,13771,1
2020-11-19 15:01:35.651,13770,13772,13772,1
2020-11-19 15:01:36.276,13770,13772,13770,8
2020-11-19 15:01:36.276,13770,13772,13770,2
2020-11-19 15:01:36.278,13770,13772,13769,1
2020-11-19 15:01:36.286,13770,13772,13769,10
2020-11-19 15:01:37.377,13768,13769,13768,19
2020-11-19 15:01:37.490,13767,13768,13768,1
2020-11-19 15:01:37.491,13767,13768,13768,1
2020-11-19 15:01:37.684,13767,13768,13767,4
2020-11-19 15:01:37.824,13766,13767,13767,3
2020-11-19 15:01:37.839,13766,13767,13769,1
2020-11-19 15:01:37.913,13767,13769,13769,1
2020-11-19 15:01:38.249,13767,13769,13769,2
2020-11-19 15:01:38.685,13767,13768,13768,1
2020-11-19 15:01:38.837,13767,13770,13768,3
2020-11-19 15:01:39.206,13767,13769,13769,1
2020-11-19 15:01:40.071,13766,13768,13766,1
2020-11-19 15:01:40.504,13766,13768,13766,1
2020-11-19 15:01:41.012,13767,13768,13767,1
2020-11-19 15:01:41.272,13766,13768,13768,1
2020-11-19 15:01:41.918,13766,13768,13766,1
2020-11-19 15:01:44.270,13766,13767,13766,3
2020-11-19 15:01:44.508,13766,13767,13766,1
2020-11-19 15:01:45.894,13766,13767,13767,1
2020-11-19 15:01:46.014,13766,13767,13767,1
2020-11-19 15:01:46.806,13766,13767,13767,2
2020-11-19 15:01:47.758,13766,13768,13766,1
2020-11-19 15:01:49.128,13766,13767,13767,1
2020-11-19 15:01:49.345,13767,13768,13768,1
2020-11-19 15:01:49.407,13767,13768,13767,1
2020-11-19 15:01:49.407,13767,13768,13766,3
2020-11-19 15:01:49.550,13766,13768,13766,14
2020-11-19 15:01:49.550,13766,13768,13765,16
2020-11-19 15:01:49.802,13765,13766,13766,1
2020-11-19 15:01:50.214,13765,13767,13766,1
2020-11-19 15:01:50.285,13766,13768,13766,2
2020-11-19 15:01:50.609,13765,13767,13766,5
2020-11-19 15:01:50.609,13765,13767,13767,1
2020-11-19 15:01:51.879,13766,13767,13767,1
2020-11-19 15:01:51.879,13766,13767,13767,1
2020-11-19 15:01:52.309,13766,13767,13766,3
2020-11-19 15:01:54.070,13766,13767,13767,1
2020-11-19 15:01:54.105,13766,13767,13767,1
2020-11-19 15:01:54.707,13766,13767,13766,1
2020-11-19 15:01:55.590,13766,13767,13766,1
2020-11-19 15:01:56.221,13766,13767,13766,1
2020-11-19 15:01:57.011,13766,13767,13766,1
2020-11-19 15:01:58.417,13766,13767,13767,2
2020-11-19 15:01:58.993,13766,13767,13766,1
2020-11-19 15:02:00.932,13766,13767,13767,1
2020-11-19 15:02:00.996,13766,13767,13767,1
2020-11-19 15:02:01.605,13766,13767,13766,1
2020-11-19 15:02:01.615,13766,13767,13767,1
2020-11-19 15:02:01.615,13766,13767,13767,1
2020-11-19 15:02:01.615,13766,13767,13767,1
2020-11-19 15:02:01.615,13766,13767,13767,1
2020-11-19 15:02:01.615,13766,13767,13767,1
2020-11-19 15:02:01.615,13766,13767,13767,1
2020-11-19 15:02:01.617,13766,13767,13767,1
2020-11-19 15:02:01.617,13766,13767,13767,1
2020-11-19 15:02:01.617,13766,13767,13767,1
2020-11-19 15:02:01.617,13766,13767,13767,1
2020-11-19 15:02:01.617,13766,13767,13767,1
2020-11-19 15:02:01.617,13766,13767,13767,1
2020-11-19 15:02:01.734,13766,13767,13767,1
2020-11-19 15:02:01.812,13766,13767,13767,1
2020-11-19 15:02:02.026,13766,13767,13766,3
2020-11-19 15:02:02.444,13766,13767,13766,7
2020-11-19 15:02:02.673,13766,13767,13767,1
2020-11-19 15:02:03.256,13766,13767,13767,1
2020-11-19 15:02:03.286,13766,13767,13766,1
2020-11-19 15:02:04.120,13766,13768,13766,4
2020-11-19 15:02:04.121,13766,13768,13766,3
2020-11-19 15:02:04.584,13766,13768,13766,1
2020-11-19 15:02:08.456,13766,13767,13767,1
2020-11-19 15:02:09.780,13766,13767,13767,1
2020-11-19 15:02:15.600,13766,13767,13767,1
2020-11-19 15:02:17.399,13766,13767,13767,1
2020-11-19 15:02:17.670,13766,13767,13767,1
2020-11-19 15:02:20.146,13766,13767,13766,1
2020-11-19 15:02:20.240,13766,13767,13767,1
2020-11-19 15:02:20.240,13766,13767,13767,1
2020-11-19 15:02:21.112,13766,13767,13767,1
2020-11-19 15:02:23.581,13766,13767,13767,1
2020-11-19 15:02:25.578,13766,13767,13767,1
2020-11-19 15:02:28.131,13766,13767,13767,1
2020-11-19 15:02:28.313,13766,13767,13767,1
2020-11-19 15:02:28.923,13766,13767,13767,1
2020-11-19 15:02:29.301,13766,13767,13766,33
2020-11-19 15:02:29.301,13766,13767,13766,1
2020-11-19 15:02:29.628,13765,13766,13766,2
2020-11-19 15:02:30.967,13765,13766,13765,1
2020-11-19 15:02:35.129,13765,13766,13766,1
2020-11-19 15:02:35.851,13765,13766,13765,2
2020-11-19 15:02:35.851,13765,13766,13765,4
2020-11-19 15:02:35.851,13765,13766,13765,4
2020-11-19 15:02:35.851,13765,13766,13765,9
2020-11-19 15:02:38.300,13764,13766,13764,2
2020-11-19 15:02:38.477,13764,13766,13764,1
2020-11-19 15:02:38.856,13764,13765,13765,1
2020-11-19 15:02:38.875,13765,13766,13765,1
2020-11-19 15:02:40.366,13765,13766,13766,3
2020-11-19 15:02:40.366,13765,13766,13766,4
2020-11-19 15:02:40.366,13765,13766,13766,5
2020-11-19 15:02:40.490,13766,13767,13767,1
2020-11-19 15:02:40.490,13766,13767,13767,1
2020-11-19 15:02:40.661,13766,13767,13767,1
2020-11-19 15:02:40.779,13766,13767,13767,1
2020-11-19 15:02:40.964,13766,13767,13766,1
2020-11-19 15:02:40.971,13766,13767,13767,6
2020-11-19 15:02:41.089,13766,13767,13767,1
2020-11-19 15:02:41.757,13766,13767,13766,1
2020-11-19 15:02:43.138,13766,13767,13767,2
2020-11-19 15:02:43.632,13766,13767,13766,2
2020-11-19 15:02:44.486,13766,13767,13766,4
2020-11-19 15:02:44.486,13766,13767,13765,1
2020-11-19 15:02:45.916,13766,13767,13766,1
2020-11-19 15:02:46.095,13765,13767,13765,3
2020-11-19 15:02:48.248,13765,13767,13765,2
2020-11-19 15:02:51.240,13766,13767,13766,1
2020-11-19 15:02:52.160,13766,13767,13766,1
2020-11-19 15:02:54.433,13766,13767,13766,2
2020-11-19 15:02:54.693,13766,13767,13767,1
2020-11-19 15:02:54.776,13766,13767,13766,1
2020-11-19 15:02:55.420,13766,13767,13766,1
2020-11-19 15:02:56.136,13766,13767,13766,1
2020-11-19 15:02:57.059,13766,13767,13766,1
2020-11-19 15:03:00.049,13766,13767,13767,1
2020-11-19 15:03:00.125,13766,13767,13767,1
2020-11-19 15:03:00.126,13766,13767,13767,2
2020-11-19 15:03:00.126,13766,13767,13767,1
2020-11-19 15:03:00.126,13766,13767,13767,2
2020-11-19 15:03:00.137,13766,13767,13768,1
2020-11-19 15:03:00.329,13767,13768,13768,1
2020-11-19 15:03:00.404,13767,13768,13768,1
2020-11-19 15:03:00.407,13767,13768,13768,1
2020-11-19 15:03:00.417,13767,13768,13768,1
2020-11-19 15:03:00.441,13767,13768,13768,1
2020-11-19 15:03:00.441,13767,13768,13769,1
2020-11-19 15:03:00.486,13767,13768,13769,1
2020-11-19 15:03:01.027,13767,13768,13768,1
2020-11-19 15:03:01.077,13767,13768,13769,1
2020-11-19 15:03:01.115,13767,13769,13769,1
2020-11-19 15:03:01.116,13767,13769,13769,1
2020-11-19 15:03:01.116,13767,13769,13769,1
2020-11-19 15:03:01.117,13767,13769,13769,1
2020-11-19 15:03:01.202,13767,13769,13769,1
2020-11-19 15:03:01.287,13767,13769,13769,1
2020-11-19 15:03:01.858,13767,13769,13769,1
2020-11-19 15:03:02.098,13767,13769,13767,1
2020-11-19 15:03:03.053,13767,13768,13767,1
2020-11-19 15:03:03.515,13767,13768,13767,1
2020-11-19 15:03:03.586,13767,13768,13768,1
2020-11-19 15:03:03.649,13767,13768,13768,1
2020-11-19 15:03:06.771,13767,13768,13767,1
2020-11-19 15:03:12.653,13766,13767,13767,1
2020-11-19 15:03:12.740,13766,13767,13767,1
2020-11-19 15:03:12.741,13766,13767,13768,1
2020-11-19 15:03:13.347,13766,13768,13767,1
2020-11-19 15:03:14.550,13766,13767,13767,2
2020-11-19 15:03:15.552,13766,13767,13767,1
2020-11-19 15:03:15.916,13766,13768,13766,1
2020-11-19 15:03:15.943,13766,13768,13766,1
2020-11-19 15:03:16.166,13766,13768,13767,1
2020-11-19 15:03:16.919,13766,13768,13767,1
2020-11-19 15:03:20.182,13766,13767,13766,6
2020-11-19 15:03:20.182,13766,13767,13766,4
2020-11-19 15:03:20.183,13766,13767,13766,3
2020-11-19 15:03:20.183,13766,13767,13766,7
2020-11-19 15:03:20.240,13765,13766,13766,1
2020-11-19 15:03:20.241,13765,13766,13766,1
2020-11-19 15:03:23.547,13765,13766,13765,8
2020-11-19 15:03:23.963,13764,13765,13765,1
2020-11-19 15:03:24.206,13764,13766,13764,1
2020-11-19 15:03:25.597,13764,13765,13764,1
2020-11-19 15:03:28.285,13764,13765,13765,1
2020-11-19 15:03:29.923,13764,13765,13765,1
2020-11-19 15:03:29.990,13764,13765,13765,1
2020-11-19 15:03:29.990,13764,13765,13765,1
2020-11-19 15:03:29.991,13764,13765,13765,1
2020-11-19 15:03:29.991,13764,13765,13765,1
2020-11-19 15:03:29.992,13764,13765,13765,1
2020-11-19 15:03:29.992,13764,13765,13765,1
2020-11-19 15:03:29.992,13764,13765,13766,1
2020-11-19 15:03:29.992,13764,13765,13766,1
2020-11-19 15:03:29.992,13764,13765,13766,1
2020-11-19 15:03:32.407,13765,13766,13765,1
2020-11-19 15:03:33.267,13764,13766,13764,1
2020-11-19 15:03:33.334,13764,13766,13764,2
2020-11-19 15:03:33.730,13764,13765,13765,1
2020-11-19 15:03:33.991,13764,13765,13765,2
2020-11-19 15:03:35.556,13764,13765,13764,1
2020-11-19 15:03:40.150,13764,13765,13764,1
2020-11-19 15:03:40.947,13764,13765,13765,1
2020-11-19 15:03:41.189,13764,13765,13765,1
2020-11-19 15:03:43.300,13765,13766,13765,3
2020-11-19 15:03:46.222,13765,13766,13765,1
2020-11-19 15:03:46.663,13764,13766,13765,1
2020-11-19 15:03:47.272,13764,13765,13764,1
2020-11-19 15:03:47.365,13764,13765,13765,1
2020-11-19 15:03:47.365,13764,13765,13765,1
2020-11-19 15:03:47.700,13765,13766,13765,1
2020-11-19 15:03:48.256,13765,13766,13766,1
2020-11-19 15:03:48.928,13765,13766,13765,1
2020-11-19 15:03:49.154,13765,13766,13765,1
2020-11-19 15:03:52.266,13765,13766,13765,1
2020-11-19 15:03:54.495,13765,13766,13765,2
2020-11-19 15:03:55.318,13765,13766,13765,1
2020-11-19 15:03:55.320,13765,13766,13765,5
2020-11-19 15:03:56.702,13764,13765,13764,1
2020-11-19 15:03:56.973,13764,13765,13765,1
2020-11-19 15:03:57.831,13764,13765,13764,1
2020-11-19 15:03:59.160,13764,13765,13764,2
2020-11-19 15:04:01.157,13764,13765,13765,8
2020-11-19 15:04:01.157,13764,13765,13766,4
2020-11-19 15:04:01.609,13765,13766,13766,1
2020-11-19 15:04:01.725,13765,13766,13765,1
2020-11-19 15:04:01.874,13765,13766,13766,1
2020-11-19 15:04:01.968,13765,13766,13766,2
2020-11-19 15:04:09.137,13765,13766,13765,1
2020-11-19 15:04:09.293,13764,13765,13764,1
2020-11-19 15:04:12.691,13764,13765,13764,1
2020-11-19 15:04:14.629,13764,13765,13764,1
2020-11-19 15:04:17.489,13764,13765,13764,1
2020-11-19 15:04:23.294,13764,13765,13764,14
2020-11-19 15:04:24.367,13763,13764,13764,1
2020-11-19 15:04:24.505,13763,13764,13763,5
2020-11-19 15:04:25.040,13763,13764,13763,6
2020-11-19 15:04:25.040,13763,13764,13763,1
2020-11-19 15:04:25.040,13763,13764,13763,3
2020-11-19 15:04:25.043,13763,13764,13762,10
2020-11-19 15:04:25.788,13762,13763,13762,2
2020-11-19 15:04:25.836,13762,13763,13762,1
2020-11-19 15:04:27.340,13761,13762,13762,1
2020-11-19 15:04:28.718,13761,13762,13762,3
2020-11-19 15:04:29.149,13761,13762,13762,2
2020-11-19 15:04:32.114,13762,13763,13763,1
2020-11-19 15:04:32.173,13762,13763,13762,1
2020-11-19 15:04:32.986,13761,13762,13761,3
2020-11-19 15:04:33.004,13761,13762,13762,1
2020-11-19 15:04:33.196,13761,13762,13762,2
2020-11-19 15:04:34.151,13761,13762,13761,1
2020-11-19 15:04:34.388,13761,13762,13762,1
2020-11-19 15:04:36.110,13761,13762,13762,2
2020-11-19 15:04:36.110,13761,13762,13762,1
2020-11-19 15:04:36.423,13762,13763,13762,2
2020-11-19 15:04:36.423,13762,13763,13761,8
2020-11-19 15:04:36.718,13761,13762,13762,1
2020-11-19 15:04:38.408,13762,13763,13762,1
2020-11-19 15:04:38.892,13762,13763,13762,1
2020-11-19 15:04:38.998,13762,13763,13762,2
2020-11-19 15:04:42.094,13762,13763,13763,2
2020-11-19 15:04:42.148,13763,13764,13763,1
2020-11-19 15:04:42.397,13762,13763,13762,1
2020-11-19 15:04:45.854,13762,13763,13762,1
2020-11-19 15:04:47.674,13762,13763,13763,1
2020-11-19 15:04:48.763,13763,13764,13763,1
2020-11-19 15:04:49.831,13763,13764,13763,1
2020-11-19 15:04:50.636,13763,13764,13763,3
2020-11-19 15:04:50.636,13763,13764,13762,2
2020-11-19 15:04:51.859,13763,13764,13763,1
2020-11-19 15:04:54.598,13763,13764,13763,1
2020-11-19 15:04:55.498,13763,13764,13763,1
2020-11-19 15:04:56.086,13763,13764,13763,1
2020-11-19 15:04:58.770,13763,13764,13764,4
2020-11-19 15:04:58.770,13763,13764,13764,7
2020-11-19 15:05:00.030,13764,13765,13765,1
2020-11-19 15:05:00.030,13764,13765,13765,2
2020-11-19 15:05:00.031,13764,13765,13765,5
2020-11-19 15:05:00.233,13764,13766,13766,3
2020-11-19 15:05:00.363,13764,13766,13766,2
2020-11-19 15:05:00.411,13764,13766,13766,2
2020-11-19 15:05:00.412,13764,13766,13766,1
2020-11-19 15:05:02.884,13765,13767,13765,1
2020-11-19 15:05:03.392,13765,13767,13765,1
2020-11-19 15:05:03.548,13765,13767,13767,3
2020-11-19 15:05:03.640,13765,13767,13767,1
2020-11-19 15:05:03.642,13765,13767,13767,1
2020-11-19 15:05:03.648,13765,13767,13767,1
2020-11-19 15:05:03.651,13765,13767,13767,1
2020-11-19 15:05:03.654,13765,13767,13768,1
2020-11-19 15:05:03.654,13765,13767,13768,1
2020-11-19 15:05:03.683,13765,13767,13768,1
2020-11-19 15:05:03.830,13766,13768,13768,1
2020-11-19 15:05:04.200,13766,13768,13768,1
2020-11-19 15:05:08.683,13765,13767,13767,1
2020-11-19 15:05:11.023,13765,13767,13765,2
2020-11-19 15:05:11.580,13764,13766,13766,1
2020-11-19 15:05:11.923,13764,13766,13766,1
2020-11-19 15:05:12.235,13764,13766,13766,1
2020-11-19 15:05:12.353,13764,13766,13765,1
2020-11-19 15:05:12.877,13764,13766,13766,1
2020-11-19 15:05:24.403,13765,13766,13765,1
2020-11-19 15:05:25.806,13765,13766,13765,2
2020-11-19 15:05:33.196,13764,13765,13765,1
2020-11-19 15:05:33.392,13764,13765,13765,1
2020-11-19 15:05:33.679,13764,13766,13764,1
2020-11-19 15:05:34.748,13764,13765,13765,1
2020-11-19 15:05:39.280,13764,13766,13764,5
2020-11-19 15:05:41.328,13764,13765,13765,1
2020-11-19 15:05:45.950,13764,13765,13764,1
2020-11-19 15:05:49.213,13764,13765,13765,1
2020-11-19 15:05:51.562,13764,13765,13764,1
2020-11-19 15:05:52.503,13764,13765,13765,1
2020-11-19 15:05:54.918,13764,13765,13764,1
2020-11-19 15:06:00.063,13764,13765,13765,1
2020-11-19 15:06:07.298,13764,13765,13765,5
2020-11-19 15:06:07.454,13764,13765,13765,4
2020-11-19 15:06:07.829,13764,13765,13765,1
2020-11-19 15:06:10.617,13764,13765,13765,1
2020-11-19 15:06:16.264,13764,13765,13765,2
2020-11-19 15:06:22.604,13764,13765,13765,1
2020-11-19 15:06:27.303,13764,13765,13765,1
2020-11-19 15:06:29.075,13764,13765,13765,1
2020-11-19 15:06:30.394,13764,13765,13765,1
2020-11-19 15:06:32.432,13764,13765,13764,1
2020-11-19 15:06:32.816,13764,13765,13764,1
2020-11-19 15:06:33.682,13764,13765,13764,2
2020-11-19 15:06:35.157,13764,13765,13764,2
2020-11-19 15:06:37.368,13764,13765,13764,1
2020-11-19 15:06:39.136,13764,13765,13764,1
2020-11-19 15:06:39.136,13764,13765,13763,8
2020-11-19 15:06:39.136,13764,13765,13762,5
2020-11-19 15:06:45.987,13762,13764,13764,1
2020-11-19 15:06:58.886,13762,13763,13762,1
2020-11-19 15:07:01.821,13762,13763,13762,2
2020-11-19 15:07:04.038,13762,13763,13763,2
2020-11-19 15:07:04.294,13762,13763,13762,2
2020-11-19 15:07:04.761,13762,13763,13763,1
2020-11-19 15:07:05.388,13762,13763,13762,1
2020-11-19 15:07:06.450,13762,13763,13762,1
2020-11-19 15:07:07.745,13762,13763,13763,1
2020-11-19 15:07:15.572,13762,13763,13763,1
2020-11-19 15:07:19.620,13762,13763,13762,1
2020-11-19 15:07:20.527,13762,13763,13763,1
2020-11-19 15:07:22.197,13762,13764,13764,1
2020-11-19 15:07:24.320,13762,13764,13764,2
2020-11-19 15:07:25.404,13762,13763,13763,1
2020-11-19 15:07:30.292,13762,13763,13762,1
2020-11-19 15:07:31.413,13762,13763,13763,1
2020-11-19 15:07:35.971,13762,13763,13763,3
2020-11-19 15:07:38.386,13763,13764,13764,15
2020-11-19 15:07:38.386,13763,13764,13764,1
2020-11-19 15:07:38.386,13763,13764,13764,1
2020-11-19 15:07:38.386,13763,13764,13764,2
2020-11-19 15:07:38.386,13763,13764,13764,9
2020-11-19 15:07:40.440,13763,13764,13764,1
2020-11-19 15:07:44.786,13764,13765,13764,1
2020-11-19 15:07:48.058,13763,13765,13765,2
2020-11-19 15:07:48.310,13763,13765,13763,1
2020-11-19 15:07:51.037,13763,13764,13764,1
2020-11-19 15:07:54.724,13764,13765,13765,5
2020-11-19 15:07:55.025,13764,13765,13764,1
2020-11-19 15:07:56.891,13763,13765,13765,1
2020-11-19 15:08:04.762,13764,13765,13765,1
2020-11-19 15:08:04.955,13764,13765,13765,7
2020-11-19 15:08:05.124,13765,13766,13766,1
2020-11-19 15:08:05.125,13765,13766,13766,3
2020-11-19 15:08:05.385,13765,13766,13766,2
2020-11-19 15:08:05.386,13765,13766,13766,1
2020-11-19 15:08:05.386,13765,13766,13766,1
2020-11-19 15:08:05.386,13765,13766,13766,3
2020-11-19 15:08:06.052,13765,13767,13765,1
2020-11-19 15:08:09.403,13766,13767,13767,1
2020-11-19 15:08:09.404,13766,13767,13767,1
2020-11-19 15:08:09.437,13766,13767,13767,6
2020-11-19 15:08:15.403,13767,13768,13768,11
2020-11-19 15:08:15.506,13768,13769,13769,2
2020-11-19 15:08:15.508,13768,13769,13769,4
2020-11-19 15:08:15.559,13768,13769,13769,1
2020-11-19 15:08:15.609,13768,13769,13769,1
2020-11-19 15:08:15.615,13768,13770,13769,1
2020-11-19 15:08:15.705,13768,13770,13769,1
2020-11-19 15:08:15.726,13768,13770,13769,2
2020-11-19 15:08:15.841,13768,13770,13770,1
2020-11-19 15:08:15.841,13768,13770,13770,1
2020-11-19 15:08:15.841,13768,13770,13770,1
2020-11-19 15:08:15.880,13769,13770,13770,1
2020-11-19 15:08:15.881,13769,13770,13770,1
2020-11-19 15:08:15.892,13769,13770,13770,1
2020-11-19 15:08:15.958,13769,13770,13770,1
2020-11-19 15:08:16.254,13769,13770,13770,1
2020-11-19 15:08:16.302,13769,13770,13770,1
2020-11-19 15:08:16.591,13769,13770,13770,1
2020-11-19 15:08:17.152,13769,13770,13770,1
2020-11-19 15:08:17.273,13769,13770,13770,1
2020-11-19 15:08:17.841,13769,13770,13769,1
2020-11-19 15:08:21.146,13769,13770,13769,1
2020-11-19 15:08:21.276,13769,13770,13770,1
2020-11-19 15:08:21.314,13769,13770,13770,1
2020-11-19 15:08:22.793,13769,13770,13770,1
2020-11-19 15:08:23.542,13769,13770,13770,2
2020-11-19 15:08:23.605,13769,13770,13770,1
2020-11-19 15:08:24.421,13769,13770,13769,1
2020-11-19 15:08:24.614,13768,13769,13769,1
2020-11-19 15:08:25.309,13768,13769,13769,1
2020-11-19 15:08:28.010,13768,13769,13769,5
2020-11-19 15:08:28.010,13768,13769,13770,5
2020-11-19 15:08:28.284,13769,13770,13769,1
2020-11-19 15:08:30.022,13769,13770,13769,1
2020-11-19 15:08:32.387,13769,13770,13770,2
2020-11-19 15:08:32.388,13769,13770,13770,3
2020-11-19 15:08:33.130,13769,13770,13769,1
2020-11-19 15:08:33.998,13769,13770,13770,1
2020-11-19 15:08:34.301,13769,13770,13770,1
2020-11-19 15:08:37.191,13770,13771,13771,3
2020-11-19 15:08:37.936,13770,13771,13770,1
2020-11-19 15:08:39.564,13770,13771,13770,1
2020-11-19 15:08:42.253,13770,13771,13770,2
2020-11-19 15:08:43.805,13770,13771,13771,1
2020-11-19 15:08:44.241,13770,13771,13770,3
2020-11-19 15:08:45.626,13770,13771,13771,1
2020-11-19 15:08:47.549,13770,13771,13771,1
2020-11-19 15:08:48.431,13770,13771,13770,1
2020-11-19 15:08:49.332,13770,13771,13770,1
2020-11-19 15:08:52.952,13770,13771,13771,1
2020-11-19 15:08:53.371,13770,13771,13770,2
2020-11-19 15:08:55.779,13770,13771,13771,1
2020-11-19 15:08:55.889,13770,13771,13771,1
2020-11-19 15:08:56.851,13770,13771,13771,1
2020-11-19 15:08:56.907,13770,13771,13771,1
2020-11-19 15:08:58.017,13771,13772,13771,1
2020-11-19 15:09:01.213,13771,13772,13772,17
2020-11-19 15:09:01.681,13772,13773,13773,1
2020-11-19 15:09:01.977,13772,13773,13773,6
2020-11-19 15:09:01.984,13772,13773,13774,4
2020-11-19 15:09:01.984,13772,13773,13774,2
2020-11-19 15:09:01.994,13773,13774,13774,1
2020-11-19 15:09:02.069,13773,13774,13774,1
2020-11-19 15:09:02.113,13773,13774,13774,1
2020-11-19 15:09:02.119,13773,13774,13774,1
2020-11-19 15:09:02.296,13773,13774,13774,1
2020-11-19 15:09:02.302,13773,13774,13774,1
2020-11-19 15:09:02.308,13773,13774,13774,1
2020-11-19 15:09:02.428,13773,13774,13774,1
2020-11-19 15:09:02.570,13773,13774,13773,2
2020-11-19 15:09:02.892,13773,13774,13774,2
2020-11-19 15:09:05.069,13773,13774,13774,2
2020-11-19 15:09:05.852,13773,13774,13774,1
2020-11-19 15:09:06.828,13773,13774,13774,2
2020-11-19 15:09:06.992,13773,13774,13774,1
2020-11-19 15:09:07.455,13773,13774,13774,1
2020-11-19 15:09:07.471,13773,13774,13774,1
2020-11-19 15:09:07.831,13773,13774,13774,1
2020-11-19 15:09:08.106,13773,13774,13774,1
2020-11-19 15:09:09.351,13773,13774,13774,1
2020-11-19 15:09:09.473,13773,13774,13774,2
2020-11-19 15:09:09.756,13773,13774,13774,3
2020-11-19 15:09:10.751,13774,13775,13774,1
2020-11-19 15:09:11.569,13774,13775,13775,1
2020-11-19 15:09:11.656,13774,13775,13775,1
2020-11-19 15:09:11.829,13774,13775,13774,2
2020-11-19 15:09:11.842,13774,13775,13775,1
2020-11-19 15:09:11.856,13774,13775,13775,1
2020-11-19 15:09:11.958,13774,13775,13775,1
2020-11-19 15:09:12.132,13774,13775,13775,1
2020-11-19 15:09:12.639,13774,13775,13775,2
2020-11-19 15:09:12.704,13774,13775,13774,1
2020-11-19 15:09:12.720,13774,13775,13775,1
2020-11-19 15:09:13.601,13774,13775,13775,1
2020-11-19 15:09:14.090,13774,13775,13775,2
2020-11-19 15:09:14.376,13774,13775,13775,1
2020-11-19 15:09:14.433,13774,13775,13774,5
2020-11-19 15:09:14.458,13774,13775,13774,1
2020-11-19 15:09:16.282,13774,13775,13774,1
2020-11-19 15:09:17.231,13774,13775,13775,1
2020-11-19 15:09:19.052,13774,13775,13774,1
2020-11-19 15:09:20.384,13774,13775,13775,1
2020-11-19 15:09:21.032,13774,13775,13775,2
2020-11-19 15:09:21.032,13774,13775,13775,4
2020-11-19 15:09:21.032,13774,13775,13775,2
2020-11-19 15:09:21.032,13774,13775,13775,1
2020-11-19 15:09:21.032,13774,13775,13775,1
2020-11-19 15:09:21.657,13774,13776,13774,1
2020-11-19 15:09:22.049,13775,13776,13775,1
2020-11-19 15:09:22.277,13775,13776,13775,2
2020-11-19 15:09:22.983,13775,13776,13776,2
2020-11-19 15:09:23.354,13775,13776,13776,1
2020-11-19 15:09:23.412,13775,13776,13776,1
2020-11-19 15:09:23.642,13775,13776,13776,1
2020-11-19 15:09:24.091,13775,13776,13776,1
2020-11-19 15:09:24.168,13775,13777,13777,1
2020-11-19 15:09:24.178,13775,13777,13777,2
2020-11-19 15:09:24.614,13776,13777,13777,5
2020-11-19 15:09:24.636,13776,13777,13777,5
2020-11-19 15:09:24.818,13776,13777,13776,1
2020-11-19 15:09:25.391,13775,13777,13777,1
2020-11-19 15:09:25.421,13775,13777,13775,1
2020-11-19 15:09:25.556,13776,13777,13777,1
2020-11-19 15:09:25.797,13776,13777,13777,1
2020-11-19 15:09:26.088,13776,13777,13776,1
2020-11-19 15:09:27.868,13775,13776,13776,1
2020-11-19 15:09:28.519,13775,13776,13775,1
2020-11-19 15:09:29.314,13774,13775,13774,2
2020-11-19 15:09:29.793,13774,13775,13775,1
2020-11-19 15:09:30.050,13774,13775,13775,1
2020-11-19 15:09:30.685,13774,13775,13774,1
2020-11-19 15:09:31.997,13774,13775,13775,1
2020-11-19 15:09:32.276,13774,13775,13775,1
2020-11-19 15:09:32.547,13774,13775,13775,1
2020-11-19 15:09:34.803,13774,13775,13775,1
2020-11-19 15:09:36.216,13774,13775,13775,1
2020-11-19 15:09:38.417,13774,13775,13775,3
2020-11-19 15:09:40.142,13775,13776,13775,1
2020-11-19 15:09:40.268,13775,13776,13775,1
2020-11-19 15:09:40.663,13774,13776,13776,2
2020-11-19 15:09:42.456,13775,13776,13775,1
2020-11-19 15:09:42.521,13775,13776,13775,1
2020-11-19 15:09:43.687,13774,13776,13774,2
2020-11-19 15:09:44.767,13774,13775,13775,1
2020-11-19 15:09:45.817,13775,13776,13775,1
2020-11-19 15:09:45.881,13774,13776,13774,1
2020-11-19 15:09:46.572,13774,13776,13775,1
2020-11-19 15:09:46.762,13774,13776,13774,1
2020-11-19 15:09:49.939,13774,13775,13775,1
2020-11-19 15:09:51.525,13774,13775,13775,1
2020-11-19 15:09:51.723,13774,13775,13774,8
2020-11-19 15:09:51.724,13774,13775,13774,4
2020-11-19 15:09:51.724,13774,13775,13774,12
2020-11-19 15:09:51.939,13773,13774,13773,1
2020-11-19 15:09:51.971,13773,13774,13772,1
2020-11-19 15:09:52.209,13772,13774,13774,1
2020-11-19 15:09:52.304,13772,13774,13774,2
2020-11-19 15:09:52.396,13772,13774,13774,1
2020-11-19 15:09:52.942,13772,13774,13774,3
2020-11-19 15:09:53.354,13772,13774,13774,1
2020-11-19 15:09:53.488,13772,13774,13772,1
2020-11-19 15:09:53.735,13772,13774,13774,1
2020-11-19 15:09:55.489,13772,13774,13774,1
2020-11-19 15:09:56.827,13772,13774,13772,1
2020-11-19 15:09:57.248,13772,13773,13773,4
2020-11-19 15:09:58.334,13772,13774,13774,1
2020-11-19 15:09:59.846,13772,13773,13772,1
2020-11-19 15:09:59.968,13771,13773,13773,1
2020-11-19 15:10:03.042,13771,13772,13772,3
2020-11-19 15:10:03.408,13771,13772,13772,2
2020-11-19 15:10:03.603,13771,13772,13772,6
2020-11-19 15:10:03.604,13771,13772,13772,1
2020-11-19 15:10:03.723,13772,13773,13773,4
2020-11-19 15:10:03.780,13772,13774,13774,1
2020-11-19 15:10:03.813,13772,13774,13772,4
2020-11-19 15:10:03.839,13772,13774,13772,1
2020-11-19 15:10:03.918,13772,13773,13773,4
2020-11-19 15:10:03.938,13772,13773,13774,4
2020-11-19 15:10:03.969,13772,13773,13774,4
2020-11-19 15:10:04.002,13772,13774,13772,1
2020-11-19 15:10:04.009,13772,13774,13772,1
2020-11-19 15:10:04.502,13772,13773,13773,1
2020-11-19 15:10:05.080,13772,13773,13773,1
2020-11-19 15:10:05.096,13772,13773,13774,1
2020-11-19 15:10:09.160,13773,13774,13773,1
2020-11-19 15:10:09.640,13773,13774,13773,4
2020-11-19 15:10:10.030,13772,13773,13773,2
2020-11-19 15:10:10.031,13772,13773,13773,1
2020-11-19 15:10:11.518,13773,13774,13773,5
2020-11-19 15:10:14.354,13773,13774,13773,1
2020-11-19 15:10:17.734,13773,13774,13773,1
2020-11-19 15:10:18.606,13772,13773,13773,1
2020-11-19 15:10:19.613,13772,13773,13772,1
2020-11-19 15:10:22.475,13772,13773,13773,1
2020-11-19 15:10:27.330,13772,13773,13772,1
2020-11-19 15:10:28.051,13772,13773,13772,1
2020-11-19 15:10:28.228,13772,13773,13772,5
2020-11-19 15:10:28.228,13772,13773,13771,3
2020-11-19 15:10:29.917,13771,13772,13771,1
2020-11-19 15:10:30.055,13771,13772,13772,1
2020-11-19 15:10:30.542,13771,13772,13772,1
2020-11-19 15:10:30.834,13771,13772,13772,1
2020-11-19 15:10:31.595,13771,13772,13772,1
2020-11-19 15:10:36.137,13772,13773,13772,4
2020-11-19 15:10:37.728,13771,13772,13772,1
2020-11-19 15:10:39.938,13772,13773,13772,1
2020-11-19 15:10:41.072,13771,13772,13772,1
2020-11-19 15:10:46.059,13771,13772,13772,1
2020-11-19 15:10:50.901,13771,13772,13772,1
2020-11-19 15:10:52.253,13771,13772,13772,2
2020-11-19 15:10:56.615,13771,13772,13772,1
2020-11-19 15:10:57.385,13771,13772,13772,1
2020-11-19 15:10:58.034,13771,13772,13771,2
2020-11-19 15:10:58.702,13771,13772,13772,1
2020-11-19 15:11:00.650,13771,13772,13771,1
2020-11-19 15:11:11.488,13771,13772,13771,2
2020-11-19 15:11:12.076,13771,13772,13772,1
2020-11-19 15:11:12.788,13771,13772,13772,1
2020-11-19 15:11:15.417,13771,13772,13772,2
2020-11-19 15:11:19.906,13771,13772,13772,1
2020-11-19 15:11:19.907,13771,13772,13772,2
2020-11-19 15:11:22.153,13772,13773,13773,25
2020-11-19 15:11:22.759,13772,13774,13774,1
2020-11-19 15:11:23.385,13773,13774,13773,1
2020-11-19 15:11:23.385,13773,13774,13772,9
2020-11-19 15:11:25.682,13773,13774,13774,1
2020-11-19 15:11:26.387,13773,13774,13773,1
2020-11-19 15:11:26.457,13773,13774,13773,1
2020-11-19 15:11:27.214,13772,13773,13772,1
2020-11-19 15:11:29.381,13771,13773,13773,1
2020-11-19 15:11:30.974,13771,13773,13771,9
2020-11-19 15:11:34.902,13770,13771,13770,4
2020-11-19 15:11:34.902,13770,13771,13770,16
2020-11-19 15:11:35.228,13769,13770,13770,1
2020-11-19 15:11:36.015,13769,13770,13770,1
2020-11-19 15:11:36.419,13769,13770,13770,1
2020-11-19 15:11:39.088,13769,13770,13769,1
2020-11-19 15:11:39.089,13769,13770,13769,10
2020-11-19 15:11:39.908,13768,13769,13769,2
2020-11-19 15:11:40.337,13768,13770,13770,1
2020-11-19 15:11:43.547,13768,13769,13769,1
2020-11-19 15:11:44.558,13768,13770,13768,2
2020-11-19 15:11:46.585,13768,13769,13768,1
2020-11-19 15:11:46.959,13768,13769,13768,9
2020-11-19 15:11:49.925,13767,13768,13767,1
2020-11-19 15:11:50.150,13766,13768,13766,2
2020-11-19 15:11:51.749,13766,13768,13766,3
2020-11-19 15:11:52.176,13766,13767,13766,1
2020-11-19 15:11:54.818,13766,13767,13766,2
2020-11-19 15:11:56.720,13766,13767,13766,1
2020-11-19 15:11:59.195,13766,13767,13766,1
2020-11-19 15:11:59.827,13766,13767,13766,2
2020-11-19 15:12:00.626,13766,13767,13766,1
2020-11-19 15:12:00.881,13765,13767,13767,1
2020-11-19 15:12:01.093,13765,13767,13767,2
2020-11-19 15:12:01.107,13765,13767,13767,1
2020-11-19 15:12:01.120,13765,13767,13767,2
2020-11-19 15:12:01.175,13765,13767,13767,2
2020-11-19 15:12:01.209,13765,13767,13766,1
2020-11-19 15:12:01.267,13766,13767,13767,6
2020-11-19 15:12:01.432,13766,13767,13767,2
2020-11-19 15:12:01.433,13766,13767,13767,1
2020-11-19 15:12:01.465,13766,13767,13768,2
2020-11-19 15:12:01.507,13767,13769,13769,2
2020-11-19 15:12:01.698,13768,13770,13769,1
2020-11-19 15:12:05.519,13769,13770,13770,1
2020-11-19 15:12:12.785,13769,13770,13769,5
2020-11-19 15:12:14.158,13768,13769,13768,1
2020-11-19 15:12:17.416,13768,13769,13768,2
2020-11-19 15:12:17.857,13768,13769,13768,1
2020-11-19 15:12:19.490,13768,13769,13768,3
2020-11-19 15:12:19.490,13768,13769,13767,2
2020-11-19 15:12:19.615,13767,13768,13768,1
2020-11-19 15:12:19.617,13767,13768,13769,1
2020-11-19 15:12:25.948,13768,13769,13768,1
2020-11-19 15:12:27.358,13768,13769,13768,1
2020-11-19 15:12:34.805,13767,13768,13767,5
2020-11-19 15:12:34.865,13767,13768,13768,1
2020-11-19 15:12:34.866,13767,13768,13768,1
2020-11-19 15:12:39.142,13767,13768,13768,1
2020-11-19 15:12:43.371,13767,13768,13768,2
2020-11-19 15:12:44.729,13768,13769,13768,4
2020-11-19 15:12:53.852,13768,13769,13768,1
2020-11-19 15:12:57.904,13768,13769,13769,2
2020-11-19 15:12:59.591,13768,13769,13768,1
2020-11-19 15:13:01.285,13768,13769,13769,1
2020-11-19 15:13:01.285,13768,13769,13769,1
2020-11-19 15:13:01.285,13768,13769,13769,2
2020-11-19 15:13:01.784,13769,13770,13770,2
2020-11-19 15:13:01.840,13769,13770,13770,5
2020-11-19 15:13:01.869,13769,13771,13769,4
2020-11-19 15:13:01.872,13769,13771,13771,4
2020-11-19 15:13:02.337,13770,13771,13770,2
2020-11-19 15:13:07.264,13770,13771,13770,2
2020-11-19 15:13:12.880,13770,13771,13770,2
2020-11-19 15:13:14.409,13769,13770,13770,1
2020-11-19 15:13:18.894,13769,13770,13769,1
2020-11-19 15:13:18.919,13769,13770,13769,1
2020-11-19 15:13:20.086,13768,13770,13769,1
2020-11-19 15:13:20.583,13768,13770,13768,5
2020-11-19 15:13:22.177,13769,13770,13769,1
2020-11-19 15:13:26.176,13769,13770,13769,1
2020-11-19 15:13:36.466,13768,13769,13769,1
2020-11-19 15:13:44.405,13768,13769,13769,1
2020-11-19 15:13:56.908,13768,13769,13769,2
2020-11-19 15:14:00.351,13768,13769,13769,1
2020-11-19 15:14:01.754,13768,13769,13768,1
2020-11-19 15:14:02.306,13768,13769,13769,1
2020-11-19 15:14:02.554,13768,13769,13768,1
2020-11-19 15:14:03.334,13768,13769,13769,1
2020-11-19 15:14:14.417,13769,13770,13769,1
2020-11-19 15:14:14.418,13769,13770,13769,1
2020-11-19 15:14:23.484,13768,13770,13770,2
2020-11-19 15:14:41.900,13769,13770,13770,1
2020-11-19 15:14:41.900,13769,13770,13770,5
2020-11-19 15:14:45.858,13770,13771,13770,1
2020-11-19 15:14:47.213,13770,13771,13770,2
2020-11-19 15:14:47.682,13770,13771,13770,2
2020-11-19 15:14:52.454,13769,13771,13770,4
2020-11-19 15:14:52.455,13769,13771,13770,1
2020-11-19 15:14:52.467,13769,13771,13770,1
2020-11-19 15:14:56.935,13770,13771,13771,4
2020-11-19 15:14:56.936,13770,13771,13771,2
2020-11-19 15:14:58.132,13771,13772,13771,2
2020-11-19 15:15:00.579,13771,13772,13772,2
2020-11-19 15:15:00.579,13771,13772,13772,4
2020-11-19 15:15:00.579,13771,13772,13772,2
2020-11-19 15:15:00.622,13772,13773,13772,2
2020-11-19 15:15:00.634,13772,13773,13772,1
2020-11-19 15:15:00.976,13772,13773,13772,1
2020-11-19 15:15:01.196,13772,13773,13772,1
2020-11-19 15:15:01.199,13772,13773,13772,1
2020-11-19 15:15:01.210,13772,13773,13772,1
2020-11-19 15:15:01.240,13771,13773,13771,1
2020-11-19 15:15:01.240,13771,13773,13771,1
2020-11-19 15:15:01.241,13771,13773,13771,1
2020-11-19 15:15:01.242,13771,13773,13771,1
2020-11-19 15:15:04.166,13772,13773,13772,2
2020-11-19 15:15:05.387,13772,13773,13773,1
2020-11-19 15:15:05.539,13772,13773,13773,1
2020-11-19 15:15:05.908,13772,13774,13774,1
2020-11-19 15:15:06.696,13772,13774,13774,1
2020-11-19 15:15:10.008,13773,13774,13774,1
2020-11-19 15:15:10.115,13773,13774,13773,1
2020-11-19 15:15:10.115,13773,13774,13773,1
2020-11-19 15:15:12.241,13771,13773,13773,1
2020-11-19 15:15:13.086,13771,13773,13773,1
2020-11-19 15:15:16.281,13773,13774,13773,1
2020-11-19 15:15:20.092,13772,13774,13774,1
2020-11-19 15:15:20.115,13772,13774,13772,1
2020-11-19 15:15:20.116,13772,13774,13772,1
2020-11-19 15:15:20.116,13772,13774,13772,1
2020-11-19 15:15:20.116,13772,13774,13772,1
2020-11-19 15:15:20.116,13772,13774,13772,1
2020-11-19 15:15:20.116,13772,13774,13772,1
2020-11-19 15:15:20.117,13772,13774,13771,1
2020-11-19 15:15:20.117,13772,13774,13771,1
2020-11-19 15:15:20.118,13772,13774,13771,1
2020-11-19 15:15:20.174,13772,13774,13773,1
2020-11-19 15:15:25.932,13772,13774,13774,5
2020-11-19 15:15:25.982,13772,13774,13774,1
2020-11-19 15:15:25.991,13774,13775,13774,1
2020-11-19 15:15:26.042,13774,13775,13774,1
2020-11-19 15:15:28.852,13773,13774,13774,1
2020-11-19 15:15:28.865,13774,13775,13774,1
2020-11-19 15:15:28.866,13774,13775,13774,1
2020-11-19 15:15:28.866,13774,13775,13774,1
2020-11-19 15:15:29.652,13773,13775,13774,1
2020-11-19 15:15:30.375,13774,13775,13774,1
2020-11-19 15:15:32.662,13774,13775,13775,1
2020-11-19 15:15:32.789,13774,13775,13774,1
2020-11-19 15:15:33.406,13774,13775,13775,33
2020-11-19 15:15:33.407,13774,13775,13775,1
2020-11-19 15:15:35.899,13775,13776,13775,1
2020-11-19 15:15:36.713,13775,13776,13775,1
2020-11-19 15:15:38.487,13775,13776,13776,2
2020-11-19 15:15:38.488,13775,13776,13776,4
2020-11-19 15:15:38.489,13775,13776,13776,20
2020-11-19 15:15:39.653,13776,13777,13776,1
2020-11-19 15:15:39.653,13776,13777,13775,1
2020-11-19 15:15:39.662,13776,13777,13775,1
2020-11-19 15:15:39.784,13775,13777,13777,1
2020-11-19 15:15:39.892,13775,13777,13777,5
2020-11-19 15:15:39.893,13775,13777,13777,2
2020-11-19 15:15:40.109,13776,13777,13777,3
2020-11-19 15:15:40.141,13776,13777,13777,1
2020-11-19 15:15:40.149,13776,13777,13777,2
2020-11-19 15:15:40.492,13776,13777,13777,3
2020-11-19 15:15:40.903,13777,13778,13777,1
2020-11-19 15:15:40.904,13777,13778,13778,1
2020-11-19 15:15:41.014,13777,13778,13778,2
2020-11-19 15:15:41.045,13777,13778,13778,15
2020-11-19 15:15:41.046,13777,13778,13778,1
2020-11-19 15:15:41.046,13777,13778,13778,1
2020-11-19 15:15:41.254,13777,13779,13779,2
2020-11-19 15:15:41.324,13777,13779,13779,2
2020-11-19 15:15:41.418,13777,13779,13779,2
2020-11-19 15:15:41.442,13777,13779,13779,2
2020-11-19 15:15:41.459,13777,13779,13779,2
2020-11-19 15:15:41.770,13777,13779,13777,5
2020-11-19 15:15:43.600,13777,13779,13779,1
2020-11-19 15:15:44.265,13777,13779,13777,6
2020-11-19 15:15:45.366,13777,13778,13778,1
2020-11-19 15:15:47.981,13777,13778,13778,1
2020-11-19 15:15:48.003,13777,13778,13778,1
2020-11-19 15:15:48.026,13777,13778,13778,2
2020-11-19 15:15:49.337,13777,13778,13778,1
2020-11-19 15:15:49.441,13777,13778,13778,2
2020-11-19 15:15:50.592,13777,13778,13778,1
2020-11-19 15:15:51.034,13777,13778,13778,4
2020-11-19 15:15:52.165,13778,13779,13778,1
2020-11-19 15:15:53.525,13778,13779,13778,5
2020-11-19 15:15:54.339,13777,13779,13779,5
2020-11-19 15:15:54.489,13778,13779,13778,4
2020-11-19 15:15:56.036,13777,13778,13778,1
2020-11-19 15:15:57.655,13777,13778,13778,1
2020-11-19 15:15:57.753,13777,13778,13778,1
2020-11-19 15:15:58.508,13777,13778,13778,4
2020-11-19 15:16:00.246,13778,13779,13779,1
2020-11-19 15:16:01.372,13778,13779,13779,1
2020-11-19 15:16:01.490,13778,13779,13778,1
2020-11-19 15:16:01.490,13778,13779,13778,1
2020-11-19 15:16:01.585,13778,13779,13779,1
2020-11-19 15:16:01.782,13778,13779,13778,1
2020-11-19 15:16:02.427,13777,13778,13778,5
2020-11-19 15:16:03.604,13777,13778,13778,1
2020-11-19 15:16:04.187,13777,13778,13778,1
2020-11-19 15:16:04.647,13777,13778,13778,2
2020-11-19 15:16:07.574,13777,13778,13778,3
2020-11-19 15:16:07.647,13777,13778,13777,1
2020-11-19 15:16:07.945,13777,13778,13778,1
2020-11-19 15:16:08.111,13777,13778,13778,1
2020-11-19 15:16:08.620,13777,13778,13778,1
2020-11-19 15:16:10.340,13777,13778,13778,2
2020-11-19 15:16:10.340,13777,13778,13778,1
2020-11-19 15:16:12.404,13777,13778,13778,2
2020-11-19 15:16:14.396,13777,13778,13777,1
2020-11-19 15:16:14.396,13777,13778,13777,1
2020-11-19 15:16:14.396,13777,13778,13777,4
2020-11-19 15:16:14.396,13777,13778,13777,4
2020-11-19 15:16:15.331,13776,13778,13778,2
2020-11-19 15:16:16.484,13776,13778,13778,1
2020-11-19 15:16:19.988,13777,13778,13777,1
2020-11-19 15:16:22.109,13776,13777,13776,5
2020-11-19 15:16:22.109,13776,13777,13775,4
2020-11-19 15:16:26.102,13775,13776,13775,1
2020-11-19 15:16:27.329,13775,13776,13775,1
2020-11-19 15:16:27.366,13775,13776,13775,1
2020-11-19 15:16:27.367,13775,13776,13775,1
2020-11-19 15:16:27.367,13775,13776,13775,1
2020-11-19 15:16:27.370,13775,13776,13775,1
2020-11-19 15:16:28.062,13774,13775,13774,1
2020-11-19 15:16:28.075,13774,13775,13775,1
2020-11-19 15:16:28.287,13774,13776,13776,3
2020-11-19 15:16:29.325,13776,13777,13777,2
2020-11-19 15:16:29.356,13776,13777,13777,1
2020-11-19 15:16:30.669,13776,13777,13777,2
2020-11-19 15:16:33.842,13777,13778,13778,1
2020-11-19 15:16:35.481,13777,13778,13777,2
2020-11-19 15:16:36.417,13777,13778,13778,1
2020-11-19 15:16:37.113,13777,13778,13778,2
2020-11-19 15:16:39.627,13777,13778,13778,1
2020-11-19 15:16:40.529,13777,13778,13778,1
2020-11-19 15:16:40.529,13777,13778,13778,12
2020-11-19 15:16:40.529,13777,13778,13778,2
2020-11-19 15:16:40.765,13778,13779,13778,2
2020-11-19 15:16:41.361,13778,13779,13778,1
2020-11-19 15:16:48.175,13778,13779,13779,1
2020-11-19 15:16:49.004,13778,13779,13778,1
2020-11-19 15:16:51.141,13778,13779,13778,1
2020-11-19 15:16:51.632,13778,13779,13778,1
2020-11-19 15:16:53.517,13778,13779,13778,1
2020-11-19 15:16:57.060,13778,13779,13778,1
2020-11-19 15:17:03.331,13778,13779,13779,1
2020-11-19 15:17:03.622,13778,13779,13778,1
2020-11-19 15:17:03.692,13778,13779,13779,1
2020-11-19 15:17:03.808,13778,13779,13778,1
2020-11-19 15:17:04.115,13778,13779,13779,1
2020-11-19 15:17:04.403,13778,13779,13778,1
2020-11-19 15:17:04.759,13778,13779,13779,4
2020-11-19 15:17:04.759,13778,13779,13779,2
2020-11-19 15:17:04.759,13778,13779,13779,1
2020-11-19 15:17:04.759,13778,13779,13779,14
2020-11-19 15:17:04.759,13778,13779,13779,7
2020-11-19 15:17:04.760,13778,13779,13779,1
2020-11-19 15:17:04.760,13778,13779,13779,1
2020-11-19 15:17:04.760,13778,13779,13779,1
2020-11-19 15:17:04.760,13778,13779,13779,2
2020-11-19 15:17:04.760,13778,13779,13779,1
2020-11-19 15:17:04.760,13778,13779,13779,2
2020-11-19 15:17:05.172,13779,13780,13780,29
2020-11-19 15:17:05.173,13779,13780,13780,1
2020-11-19 15:17:05.173,13779,13780,13780,2
2020-11-19 15:17:05.173,13779,13780,13780,1
2020-11-19 15:17:05.173,13779,13780,13780,3
2020-11-19 15:17:05.175,13779,13780,13781,8
2020-11-19 15:17:05.314,13781,13782,13782,1
2020-11-19 15:17:05.329,13781,13782,13781,1
2020-11-19 15:17:05.417,13781,13782,13782,4
2020-11-19 15:17:05.580,13781,13782,13782,3
2020-11-19 15:17:05.596,13781,13782,13782,1
2020-11-19 15:17:05.630,13781,13782,13782,1
2020-11-19 15:17:05.661,13781,13782,13781,1
2020-11-19 15:17:05.663,13781,13782,13782,3
2020-11-19 15:17:05.663,13781,13782,13782,1
2020-11-19 15:17:05.721,13781,13782,13783,1
2020-11-19 15:17:05.723,13781,13782,13783,2
2020-11-19 15:17:05.727,13781,13782,13783,1
2020-11-19 15:17:05.730,13781,13782,13783,3
2020-11-19 15:17:05.731,13781,13782,13783,4
2020-11-19 15:17:05.731,13781,13782,13783,1
2020-11-19 15:17:05.734,13781,13782,13783,1
2020-11-19 15:17:05.750,13782,13784,13783,1
2020-11-19 15:17:05.755,13782,13784,13782,1
2020-11-19 15:17:05.791,13782,13784,13784,1
2020-11-19 15:17:05.793,13782,13784,13784,1
2020-11-19 15:17:05.794,13782,13784,13784,2
2020-11-19 15:17:05.799,13782,13784,13784,1
2020-11-19 15:17:05.808,13782,13784,13784,1
2020-11-19 15:17:05.811,13782,13784,13784,1
2020-11-19 15:17:05.831,13782,13784,13784,4
2020-11-19 15:17:05.872,13783,13784,13784,2
2020-11-19 15:17:05.884,13783,13784,13784,1
2020-11-19 15:17:05.944,13783,13784,13784,1
2020-11-19 15:17:05.979,13783,13784,13784,1
2020-11-19 15:17:06.004,13783,13785,13785,1
2020-11-19 15:17:06.005,13783,13785,13785,3
2020-11-19 15:17:06.009,13783,13785,13785,1
2020-11-19 15:17:06.032,13783,13785,13785,1
2020-11-19 15:17:06.048,13783,13785,13785,1
2020-11-19 15:17:06.048,13783,13785,13785,1
2020-11-19 15:17:06.087,13783,13785,13785,6
2020-11-19 15:17:06.091,13783,13785,13785,1
2020-11-19 15:17:06.097,13783,13785,13785,1
2020-11-19 15:17:06.111,13783,13785,13785,1
2020-11-19 15:17:06.130,13784,13785,13785,2
2020-11-19 15:17:06.145,13784,13785,13785,1
2020-11-19 15:17:06.151,13784,13785,13785,2
2020-11-19 15:17:06.152,13784,13785,13785,1
2020-11-19 15:17:06.159,13784,13785,13785,1
2020-11-19 15:17:06.162,13784,13785,13785,1
2020-11-19 15:17:06.170,13784,13785,13785,2
2020-11-19 15:17:06.173,13784,13785,13785,1
2020-11-19 15:17:06.183,13784,13785,13785,1
2020-11-19 15:17:06.196,13784,13785,13785,1
2020-11-19 15:17:06.212,13784,13785,13785,4
2020-11-19 15:17:06.218,13784,13785,13785,1
2020-11-19 15:17:06.241,13783,13784,13784,1
2020-11-19 15:17:06.251,13783,13784,13785,1
2020-11-19 15:17:06.271,13783,13784,13785,1
2020-11-19 15:17:06.280,13783,13784,13785,6
2020-11-19 15:17:06.280,13783,13784,13786,4
2020-11-19 15:17:06.294,13783,13784,13783,5
2020-11-19 15:17:06.303,13783,13784,13785,1
2020-11-19 15:17:06.377,13783,13785,13785,1
2020-11-19 15:17:06.392,13783,13785,13783,1
2020-11-19 15:17:06.440,13783,13785,13783,2
2020-11-19 15:17:06.443,13783,13785,13785,2
2020-11-19 15:17:06.473,13783,13785,13784,1
2020-11-19 15:17:06.496,13783,13784,13784,1
2020-11-19 15:17:06.499,13783,13784,13784,1
2020-11-19 15:17:06.510,13783,13784,13784,1
2020-11-19 15:17:06.547,13783,13784,13784,1
2020-11-19 15:17:06.551,13783,13784,13784,1
2020-11-19 15:17:06.613,13783,13784,13784,1
2020-11-19 15:17:06.690,13783,13784,13784,1
2020-11-19 15:17:06.797,13783,13784,13784,1
2020-11-19 15:17:06.870,13783,13784,13784,2
2020-11-19 15:17:06.904,13783,13784,13785,1
2020-11-19 15:17:07.301,13783,13785,13785,1
2020-11-19 15:17:07.511,13784,13785,13785,1
2020-11-19 15:17:07.905,13784,13785,13785,1
2020-11-19 15:17:07.960,13784,13785,13785,1
2020-11-19 15:17:08.050,13784,13785,13785,4
2020-11-19 15:17:08.050,13784,13785,13786,40
2020-11-19 15:17:08.050,13784,13785,13787,1
2020-11-19 15:17:08.184,13784,13786,13786,4
2020-11-19 15:17:08.213,13784,13786,13786,2
2020-11-19 15:17:08.363,13785,13786,13786,1
2020-11-19 15:17:08.363,13785,13786,13787,2
2020-11-19 15:17:08.394,13785,13787,13787,1
2020-11-19 15:17:08.476,13785,13787,13787,1
2020-11-19 15:17:08.526,13785,13787,13787,1
2020-11-19 15:17:08.637,13785,13787,13787,1
2020-11-19 15:17:08.660,13785,13787,13787,1
2020-11-19 15:17:08.701,13785,13787,13787,1
2020-11-19 15:17:08.722,13785,13787,13787,1
2020-11-19 15:17:08.722,13785,13787,13788,1
2020-11-19 15:17:08.755,13785,13788,13787,1
2020-11-19 15:17:08.771,13785,13788,13787,1
2020-11-19 15:17:08.804,13785,13788,13787,1
2020-11-19 15:17:08.811,13785,13788,13787,1
2020-11-19 15:17:08.821,13785,13788,13785,1
2020-11-19 15:17:08.876,13785,13787,13785,2
2020-11-19 15:17:08.898,13785,13787,13786,1
2020-11-19 15:17:08.992,13785,13786,13786,1
2020-11-19 15:17:08.992,13785,13786,13787,1
2020-11-19 15:17:09.014,13785,13786,13786,1
2020-11-19 15:17:09.025,13785,13786,13786,1
2020-11-19 15:17:09.109,13785,13786,13787,3
2020-11-19 15:17:09.111,13785,13786,13787,1
2020-11-19 15:17:09.126,13785,13787,13787,3
2020-11-19 15:17:09.550,13785,13787,13787,2
2020-11-19 15:17:09.603,13785,13787,13787,1
2020-11-19 15:17:09.619,13785,13787,13787,1
2020-11-19 15:17:09.682,13785,13787,13787,1
2020-11-19 15:17:10.090,13785,13787,13786,1
2020-11-19 15:17:10.090,13785,13787,13787,2
2020-11-19 15:17:10.091,13785,13787,13787,3
2020-11-19 15:17:10.091,13785,13787,13787,30
2020-11-19 15:17:10.274,13784,13786,13786,1
2020-11-19 15:17:10.693,13784,13786,13786,1
2020-11-19 15:17:11.872,13785,13786,13785,2
2020-11-19 15:17:11.873,13785,13786,13785,3
2020-11-19 15:17:12.147,13784,13786,13784,1
2020-11-19 15:17:12.182,13784,13786,13786,1
2020-11-19 15:17:12.334,13784,13786,13786,5
2020-11-19 15:17:12.334,13784,13786,13787,6
2020-11-19 15:17:13.581,13785,13786,13786,1
2020-11-19 15:17:14.983,13785,13786,13785,4
2020-11-19 15:17:15.101,13784,13785,13785,1
2020-11-19 15:17:15.467,13784,13785,13785,1
2020-11-19 15:17:16.650,13784,13785,13785,1
2020-11-19 15:17:17.371,13784,13786,13786,1
2020-11-19 15:17:17.463,13784,13786,13786,1
2020-11-19 15:17:18.267,13785,13786,13785,1
2020-11-19 15:17:18.268,13785,13786,13785,2
2020-11-19 15:17:18.384,13784,13786,13784,1
2020-11-19 15:17:18.906,13784,13786,13786,1
2020-11-19 15:17:19.175,13785,13786,13786,1
2020-11-19 15:17:19.841,13785,13786,13785,1
2020-11-19 15:17:19.924,13785,13786,13786,2
2020-11-19 15:17:20.195,13785,13786,13785,1
2020-11-19 15:17:20.846,13785,13786,13786,1
2020-11-19 15:17:21.543,13785,13786,13785,3
2020-11-19 15:17:22.108,13785,13786,13785,1
2020-11-19 15:17:22.646,13785,13786,13786,1
2020-11-19 15:17:23.047,13785,13787,13787,1
2020-11-19 15:17:23.688,13785,13786,13786,1
2020-11-19 15:17:25.028,13785,13786,13786,5
2020-11-19 15:17:25.295,13785,13786,13786,1
2020-11-19 15:17:28.294,13785,13786,13786,1
2020-11-19 15:17:29.309,13786,13787,13787,2
2020-11-19 15:17:29.707,13786,13787,13786,1
2020-11-19 15:17:29.767,13786,13787,13786,1
2020-11-19 15:17:30.793,13786,13787,13786,1
2020-11-19 15:17:31.508,13786,13787,13786,1
2020-11-19 15:17:31.826,13786,13787,13786,1
2020-11-19 15:17:32.037,13785,13786,13785,1
2020-11-19 15:17:33.909,13785,13786,13786,1
2020-11-19 15:17:34.555,13786,13787,13786,1
2020-11-19 15:17:34.741,13785,13786,13786,2
2020-11-19 15:17:35.645,13785,13786,13786,1
2020-11-19 15:17:35.645,13785,13786,13787,5
2020-11-19 15:17:35.947,13786,13787,13786,6
2020-11-19 15:17:36.128,13785,13786,13786,1
2020-11-19 15:17:36.653,13786,13787,13787,1
2020-11-19 15:17:36.988,13786,13787,13787,10
2020-11-19 15:17:36.988,13786,13787,13787,1
2020-11-19 15:17:36.988,13786,13787,13787,5
2020-11-19 15:17:36.989,13786,13788,13787,1
2020-11-19 15:17:37.040,13786,13788,13787,1
2020-11-19 15:17:37.214,13786,13788,13786,1
2020-11-19 15:17:37.648,13786,13788,13786,5
2020-11-19 15:17:37.825,13786,13787,13786,1
2020-11-19 15:17:40.262,13786,13788,13788,2
2020-11-19 15:17:40.410,13787,13788,13788,5
2020-11-19 15:17:41.197,13787,13788,13787,1
2020-11-19 15:17:41.575,13787,13788,13788,1
2020-11-19 15:17:41.962,13787,13788,13787,2
2020-11-19 15:17:42.489,13787,13788,13787,1
2020-11-19 15:17:42.616,13786,13787,13786,1
2020-11-19 15:17:43.543,13786,13787,13787,1
2020-11-19 15:17:44.020,13786,13787,13787,1
2020-11-19 15:17:44.567,13786,13787,13786,1
2020-11-19 15:17:45.751,13786,13787,13787,1
2020-11-19 15:17:47.278,13786,13787,13787,1
2020-11-19 15:17:48.180,13786,13787,13787,3
2020-11-19 15:17:48.359,13786,13787,13787,1
2020-11-19 15:17:49.074,13786,13787,13786,1
2020-11-19 15:17:49.658,13786,13787,13787,1
2020-11-19 15:17:51.833,13786,13787,13787,1
2020-11-19 15:17:54.682,13786,13787,13787,1
2020-11-19 15:17:54.844,13786,13787,13786,1
2020-11-19 15:17:57.754,13786,13787,13786,1
2020-11-19 15:17:57.773,13786,13787,13786,4
2020-11-19 15:17:57.773,13786,13787,13786,4
2020-11-19 15:17:57.773,13786,13787,13786,1
2020-11-19 15:17:58.066,13785,13786,13786,4
2020-11-19 15:17:58.066,13785,13786,13787,1
2020-11-19 15:18:00.065,13786,13787,13787,2
2020-11-19 15:18:00.105,13786,13787,13787,2
2020-11-19 15:18:00.272,13786,13787,13787,10
2020-11-19 15:18:00.758,13786,13788,13788,2
2020-11-19 15:18:00.934,13787,13788,13788,1
2020-11-19 15:18:00.974,13787,13788,13788,1
2020-11-19 15:18:01.169,13787,13788,13788,1
2020-11-19 15:18:01.276,13787,13788,13788,3
2020-11-19 15:18:01.277,13787,13788,13788,16
2020-11-19 15:18:01.428,13787,13789,13789,1
2020-11-19 15:18:01.522,13787,13789,13789,1
2020-11-19 15:18:01.550,13787,13789,13787,2
2020-11-19 15:18:01.608,13787,13789,13787,1
2020-11-19 15:18:01.635,13787,13789,13789,1
2020-11-19 15:18:01.812,13787,13789,13787,2
2020-11-19 15:18:01.833,13787,13789,13789,2
2020-11-19 15:18:01.944,13787,13789,13789,1
2020-11-19 15:18:02.349,13788,13789,13788,1
2020-11-19 15:18:02.544,13788,13789,13788,1
2020-11-19 15:18:05.453,13787,13788,13787,2
2020-11-19 15:18:05.742,13787,13788,13788,1
2020-11-19 15:18:06.619,13787,13788,13788,1
2020-11-19 15:18:07.183,13787,13788,13788,1
2020-11-19 15:18:08.280,13787,13788,13787,1
2020-11-19 15:18:08.569,13786,13788,13788,2
2020-11-19 15:18:10.451,13786,13788,13786,2
2020-11-19 15:18:10.945,13786,13788,13788,1
2020-11-19 15:18:12.135,13786,13788,13788,9
2020-11-19 15:18:12.136,13786,13788,13788,1
2020-11-19 15:18:12.137,13786,13788,13788,1
2020-11-19 15:18:12.137,13786,13788,13788,4
2020-11-19 15:18:12.137,13786,13788,13788,1
2020-11-19 15:18:12.137,13786,13788,13788,12
2020-11-19 15:18:12.137,13786,13788,13788,2
2020-11-19 15:18:12.152,13786,13788,13788,3
2020-11-19 15:18:12.205,13786,13788,13789,5
2020-11-19 15:18:12.816,13787,13788,13787,2
2020-11-19 15:18:13.123,13786,13787,13787,1
2020-11-19 15:18:15.213,13786,13787,13787,1
2020-11-19 15:18:17.399,13786,13787,13787,10
2020-11-19 15:18:17.899,13786,13787,13787,1
2020-11-19 15:18:18.317,13786,13787,13787,1
2020-11-19 15:18:18.365,13786,13787,13787,1
2020-11-19 15:18:18.366,13786,13787,13787,1
2020-11-19 15:18:18.366,13786,13787,13787,1
2020-11-19 15:18:18.367,13786,13787,13787,1
2020-11-19 15:18:18.367,13786,13787,13787,4
2020-11-19 15:18:18.368,13786,13787,13787,11
2020-11-19 15:18:20.006,13787,13788,13788,2
2020-11-19 15:18:21.038,13787,13788,13787,1
2020-11-19 15:18:21.651,13786,13787,13787,1
2020-11-19 15:18:22.342,13786,13788,13788,1
2020-11-19 15:18:22.370,13786,13788,13788,1
2020-11-19 15:18:23.820,13786,13787,13787,1
2020-11-19 15:18:25.182,13786,13787,13786,1
2020-11-19 15:18:25.331,13786,13787,13787,1
2020-11-19 15:18:26.660,13787,13788,13787,1
2020-11-19 15:18:28.741,13787,13788,13788,5
2020-11-19 15:18:29.953,13787,13788,13787,3
2020-11-19 15:18:30.018,13786,13787,13787,1
2020-11-19 15:18:30.110,13786,13787,13787,1
2020-11-19 15:18:34.227,13786,13787,13787,1
2020-11-19 15:18:34.254,13786,13787,13787,1
2020-11-19 15:18:34.973,13786,13787,13787,2
2020-11-19 15:18:35.086,13786,13788,13788,1
2020-11-19 15:18:35.627,13786,13788,13788,1
2020-11-19 15:18:36.824,13787,13788,13787,1
2020-11-19 15:18:39.310,13787,13788,13787,1
2020-11-19 15:18:40.857,13787,13788,13787,1
2020-11-19 15:18:41.594,13786,13787,13787,1
2020-11-19 15:18:43.375,13786,13787,13786,8
2020-11-19 15:18:43.754,13786,13787,13787,1
2020-11-19 15:18:48.333,13786,13787,13787,1
2020-11-19 15:18:49.362,13786,13787,13786,1
2020-11-19 15:18:49.362,13786,13787,13786,10
2020-11-19 15:18:49.368,13785,13787,13786,1
2020-11-19 15:18:50.489,13785,13786,13785,36
2020-11-19 15:18:50.490,13785,13786,13785,1
2020-11-19 15:18:50.643,13784,13785,13784,1
2020-11-19 15:18:50.652,13784,13785,13784,2
2020-11-19 15:18:50.694,13784,13785,13784,1
2020-11-19 15:18:50.694,13784,13785,13784,2
2020-11-19 15:18:50.694,13784,13785,13784,6
2020-11-19 15:18:50.849,13783,13784,13783,3
2020-11-19 15:18:51.482,13783,13784,13784,1
2020-11-19 15:18:52.924,13783,13784,13784,1
2020-11-19 15:18:53.649,13783,13784,13784,1
2020-11-19 15:18:55.790,13784,13785,13785,3
2020-11-19 15:18:56.116,13784,13785,13784,3
2020-11-19 15:19:01.688,13784,13785,13785,2
2020-11-19 15:19:01.824,13784,13785,13784,1
2020-11-19 15:19:01.840,13784,13785,13785,1
2020-11-19 15:19:02.018,13784,13786,13784,1
2020-11-19 15:19:02.227,13784,13786,13786,2
2020-11-19 15:19:09.996,13784,13785,13785,7
2020-11-19 15:19:11.865,13785,13786,13785,3
2020-11-19 15:19:12.298,13784,13786,13786,1
2020-11-19 15:19:13.789,13784,13786,13786,1
2020-11-19 15:19:14.355,13785,13786,13785,1
2020-11-19 15:19:14.550,13785,13786,13785,1
2020-11-19 15:19:14.903,13784,13786,13784,1
2020-11-19 15:19:15.005,13784,13785,13784,1
2020-11-19 15:19:16.517,13784,13785,13785,1
2020-11-19 15:19:16.517,13784,13785,13786,3
2020-11-19 15:19:17.238,13785,13786,13785,1
2020-11-19 15:19:20.408,13784,13786,13786,5
2020-11-19 15:19:20.490,13785,13786,13786,4
2020-11-19 15:19:20.670,13785,13787,13787,5
2020-11-19 15:19:20.834,13785,13787,13785,1
2020-11-19 15:19:20.961,13785,13787,13787,5
2020-11-19 15:19:21.240,13786,13787,13787,5
2020-11-19 15:19:22.183,13785,13787,13785,1
2020-11-19 15:19:22.206,13785,13787,13787,5
2020-11-19 15:19:22.441,13785,13787,13787,5
2020-11-19 15:19:23.696,13785,13787,13787,1
2020-11-19 15:19:24.451,13785,13787,13785,1
2020-11-19 15:19:24.663,13785,13787,13785,8
2020-11-19 15:19:24.663,13785,13787,13785,1
2020-11-19 15:19:24.663,13785,13787,13785,1
2020-11-19 15:19:24.664,13785,13787,13785,13
2020-11-19 15:19:24.664,13785,13787,13785,4
2020-11-19 15:19:24.664,13785,13787,13785,3
2020-11-19 15:19:24.664,13785,13787,13785,1
2020-11-19 15:19:25.131,13785,13787,13787,1
2020-11-19 15:19:30.970,13785,13787,13785,2
2020-11-19 15:19:31.437,13785,13786,13785,1
2020-11-19 15:19:34.360,13785,13786,13785,4
2020-11-19 15:19:34.360,13785,13786,13785,5
2020-11-19 15:19:35.160,13784,13785,13785,1
2020-11-19 15:19:36.023,13784,13785,13785,1
2020-11-19 15:19:39.076,13784,13785,13785,1
2020-11-19 15:19:40.459,13784,13785,13784,2
2020-11-19 15:19:41.022,13784,13785,13784,5
2020-11-19 15:19:41.788,13784,13785,13785,2
2020-11-19 15:19:43.698,13784,13785,13784,1
2020-11-19 15:19:44.680,13784,13785,13785,1
2020-11-19 15:19:46.044,13784,13785,13785,1
2020-11-19 15:19:46.667,13784,13785,13785,1
2020-11-19 15:19:46.938,13784,13785,13785,1
2020-11-19 15:19:47.184,13784,13785,13784,3
2020-11-19 15:19:50.078,13784,13785,13784,1
2020-11-19 15:19:51.354,13784,13785,13784,3
2020-11-19 15:19:52.286,13784,13785,13784,1
2020-11-19 15:19:53.340,13784,13785,13785,5
2020-11-19 15:19:55.520,13784,13785,13784,1
2020-11-19 15:19:56.414,13784,13785,13784,1
2020-11-19 15:20:00.083,13784,13785,13784,3
2020-11-19 15:20:00.307,13784,13785,13785,3
2020-11-19 15:20:00.361,13784,13785,13785,1
2020-11-19 15:20:00.367,13784,13785,13785,2
2020-11-19 15:20:00.489,13784,13785,13785,1
2020-11-19 15:20:02.197,13785,13786,13785,1
2020-11-19 15:20:02.531,13785,13786,13785,1
2020-11-19 15:20:03.859,13785,13786,13785,1
2020-11-19 15:20:05.794,13785,13786,13785,1
2020-11-19 15:20:10.000,13785,13786,13785,1
2020-11-19 15:20:10.684,13784,13785,13785,1
2020-11-19 15:20:14.083,13784,13785,13785,3
2020-11-19 15:20:14.462,13784,13785,13784,1
2020-11-19 15:20:15.852,13784,13785,13785,1
2020-11-19 15:20:24.220,13784,13785,13784,1
2020-11-19 15:20:25.233,13784,13785,13784,4
2020-11-19 15:20:26.383,13784,13785,13784,4
2020-11-19 15:20:26.384,13784,13785,13784,10
2020-11-19 15:20:26.384,13784,13785,13784,1
2020-11-19 15:20:26.384,13784,13785,13784,4
2020-11-19 15:20:26.384,13784,13785,13784,1
2020-11-19 15:20:26.968,13783,13784,13784,2
2020-11-19 15:20:31.404,13783,13784,13783,12
2020-11-19 15:20:32.895,13782,13783,13782,1
2020-11-19 15:20:33.337,13782,13783,13782,1
2020-11-19 15:20:34.357,13782,13783,13782,1
2020-11-19 15:20:36.141,13782,13783,13782,3
2020-11-19 15:20:37.883,13782,13783,13782,1
2020-11-19 15:20:38.101,13782,13783,13782,1
2020-11-19 15:20:38.534,13782,13783,13782,1
2020-11-19 15:20:39.082,13782,13783,13782,1
2020-11-19 15:20:40.372,13782,13783,13782,1
2020-11-19 15:20:42.271,13782,13783,13782,1
2020-11-19 15:20:44.192,13782,13783,13782,1
2020-11-19 15:20:47.581,13782,13783,13782,1
2020-11-19 15:20:49.532,13781,13782,13782,2
2020-11-19 15:20:49.614,13781,13782,13782,2
2020-11-19 15:20:50.113,13781,13783,13781,1
2020-11-19 15:20:51.334,13781,13783,13783,1
2020-11-19 15:20:52.364,13782,13783,13783,19
2020-11-19 15:20:52.489,13783,13784,13784,1
2020-11-19 15:20:54.821,13783,13784,13783,5
2020-11-19 15:20:56.062,13782,13784,13784,1
2020-11-19 15:20:58.808,13782,13784,13783,1
2020-11-19 15:21:10.993,13782,13783,13782,1
2020-11-19 15:21:11.245,13782,13783,13782,1
2020-11-19 15:21:11.381,13782,13783,13783,2
2020-11-19 15:21:11.450,13782,13783,13783,1
2020-11-19 15:21:11.466,13782,13783,13783,1
2020-11-19 15:21:11.918,13782,13783,13783,1
2020-11-19 15:21:18.743,13783,13784,13783,1
2020-11-19 15:21:22.107,13783,13784,13783,1
2020-11-19 15:21:33.916,13782,13783,13783,5
2020-11-19 15:21:33.917,13782,13783,13783,1
2020-11-19 15:21:35.614,13782,13784,13782,2
2020-11-19 15:21:39.559,13782,13783,13782,1
2020-11-19 15:21:41.135,13782,13783,13783,1
2020-11-19 15:21:47.032,13782,13783,13783,1
2020-11-19 15:21:47.177,13782,13783,13782,1
2020-11-19 15:21:48.847,13782,13783,13782,1
2020-11-19 15:21:52.103,13782,13783,13782,1
2020-11-19 15:21:54.851,13782,13783,13782,1
2020-11-19 15:21:57.378,13781,13782,13781,1
2020-11-19 15:21:57.677,13781,13782,13781,1
2020-11-19 15:21:58.075,13781,13782,13781,5
2020-11-19 15:21:59.300,13780,13781,13781,1
2020-11-19 15:22:01.523,13780,13781,13781,1
2020-11-19 15:22:02.296,13780,13781,13780,2
2020-11-19 15:22:03.112,13780,13781,13780,1
2020-11-19 15:22:04.209,13780,13781,13780,1
2020-11-19 15:22:05.121,13780,13781,13780,1
2020-11-19 15:22:05.145,13780,13781,13781,1
2020-11-19 15:22:06.517,13780,13781,13781,1
2020-11-19 15:22:09.448,13780,13781,13781,1
2020-11-19 15:22:12.646,13780,13781,13780,1
2020-11-19 15:22:12.874,13780,13781,13780,4
2020-11-19 15:22:12.883,13780,13781,13781,1
2020-11-19 15:22:13.361,13780,13781,13781,4
2020-11-19 15:22:14.218,13780,13781,13780,1
2020-11-19 15:22:17.267,13780,13781,13780,1
2020-11-19 15:22:20.652,13780,13781,13780,1
2020-11-19 15:22:20.654,13780,13781,13780,1
2020-11-19 15:22:22.973,13780,13781,13780,1
2020-11-19 15:22:29.577,13779,13780,13780,2
2020-11-19 15:22:36.336,13779,13780,13780,2
2020-11-19 15:22:37.268,13779,13780,13780,1
2020-11-19 15:22:37.268,13779,13780,13780,2
2020-11-19 15:22:38.156,13779,13781,13779,10
2020-11-19 15:22:38.298,13779,13781,13779,5
2020-11-19 15:22:39.523,13780,13781,13780,1
2020-11-19 15:22:40.330,13779,13780,13780,1
2020-11-19 15:22:40.905,13779,13780,13779,1
2020-11-19 15:22:42.503,13779,13780,13779,6
2020-11-19 15:22:42.503,13779,13780,13779,1
2020-11-19 15:22:52.398,13779,13780,13780,1
2020-11-19 15:22:56.197,13779,13780,13780,6
2020-11-19 15:22:57.920,13779,13781,13779,10
2020-11-19 15:22:58.075,13779,13781,13779,1
2020-11-19 15:22:59.135,13779,13781,13779,2
2020-11-19 15:23:02.880,13779,13780,13779,1
2020-11-19 15:23:06.012,13779,13780,13780,1
2020-11-19 15:23:06.066,13779,13780,13780,2
2020-11-19 15:23:08.649,13780,13781,13780,1
2020-11-19 15:23:08.760,13780,13781,13780,1
2020-11-19 15:23:13.125,13780,13781,13780,1
2020-11-19 15:23:17.257,13780,13781,13780,1
2020-11-19 15:23:23.905,13780,13781,13780,1
2020-11-19 15:23:23.956,13780,13781,13780,1
2020-11-19 15:23:23.972,13780,13781,13780,1
2020-11-19 15:23:25.617,13780,13781,13780,1
2020-11-19 15:23:27.738,13780,13781,13780,1
2020-11-19 15:23:32.133,13780,13781,13780,2
2020-11-19 15:23:32.134,13780,13781,13780,1
2020-11-19 15:23:33.282,13779,13780,13780,5
2020-11-19 15:23:36.092,13779,13780,13780,1
2020-11-19 15:23:36.093,13779,13780,13780,2
2020-11-19 15:23:36.093,13779,13780,13780,1
2020-11-19 15:23:36.093,13779,13780,13780,1
2020-11-19 15:23:37.728,13780,13781,13780,1
2020-11-19 15:23:44.953,13780,13781,13780,4
2020-11-19 15:23:46.465,13780,13781,13781,4
2020-11-19 15:23:46.465,13780,13781,13781,3
2020-11-19 15:23:46.937,13781,13782,13782,1
2020-11-19 15:23:47.052,13781,13782,13782,3
2020-11-19 15:23:58.272,13781,13782,13782,2
2020-11-19 15:23:58.273,13781,13782,13782,23
2020-11-19 15:23:58.273,13781,13782,13782,1
2020-11-19 15:23:58.273,13781,13782,13782,2
2020-11-19 15:23:58.273,13781,13782,13782,1
2020-11-19 15:23:58.273,13781,13782,13782,4
2020-11-19 15:24:01.699,13781,13783,13783,2
2020-11-19 15:24:01.935,13781,13783,13783,7
2020-11-19 15:24:02.001,13781,13783,13783,2
2020-11-19 15:24:02.222,13781,13783,13783,1
2020-11-19 15:24:02.385,13781,13783,13783,1
2020-11-19 15:24:02.404,13781,13783,13783,1
2020-11-19 15:24:02.422,13781,13783,13782,3
2020-11-19 15:24:03.141,13782,13783,13783,1
2020-11-19 15:24:03.559,13782,13783,13783,1
2020-11-19 15:24:03.617,13782,13783,13783,1
2020-11-19 15:24:03.969,13782,13783,13783,1
2020-11-19 15:24:04.193,13782,13783,13783,1
2020-11-19 15:24:04.899,13783,13784,13783,1
2020-11-19 15:24:05.729,13783,13784,13784,1
2020-11-19 15:24:05.976,13783,13784,13784,1
2020-11-19 15:24:06.112,13783,13784,13784,1
2020-11-19 15:24:08.221,13783,13784,13784,1
2020-11-19 15:24:08.821,13783,13784,13784,1
2020-11-19 15:24:19.290,13783,13784,13783,4
2020-11-19 15:24:19.291,13783,13784,13783,2
2020-11-19 15:24:21.107,13782,13783,13783,1
2020-11-19 15:24:33.816,13782,13783,13782,2
2020-11-19 15:24:36.417,13782,13783,13783,1
2020-11-19 15:24:43.651,13782,13783,13783,1
2020-11-19 15:24:45.278,13782,13783,13782,9
2020-11-19 15:24:45.423,13781,13782,13781,4
2020-11-19 15:24:45.423,13781,13782,13781,3
2020-11-19 15:24:48.939,13780,13781,13781,2
2020-11-19 15:24:48.958,13780,13781,13780,1
2020-11-19 15:24:49.043,13780,13781,13780,2
2020-11-19 15:24:50.641,13780,13781,13781,2
2020-11-19 15:24:54.088,13780,13781,13781,3
2020-11-19 15:24:54.659,13780,13781,13780,1
2020-11-19 15:25:00.641,13780,13781,13780,1
2020-11-19 15:25:02.299,13780,13781,13780,6
2020-11-19 15:25:02.299,13780,13781,13780,1
2020-11-19 15:25:02.299,13780,13781,13780,2
2020-11-19 15:25:02.299,13780,13781,13780,2
2020-11-19 15:25:02.299,13780,13781,13780,3
2020-11-19 15:25:06.152,13779,13780,13780,1
2020-11-19 15:25:07.510,13779,13780,13779,2
2020-11-19 15:25:07.511,13779,13780,13779,5
2020-11-19 15:25:07.511,13779,13780,13779,1
2020-11-19 15:25:08.568,13778,13779,13779,1
2020-11-19 15:25:10.232,13778,13780,13778,3
2020-11-19 15:25:10.267,13778,13779,13779,1
2020-11-19 15:25:12.080,13778,13780,13778,4
2020-11-19 15:25:17.413,13778,13780,13778,1
2020-11-19 15:25:17.918,13778,13780,13778,4
2020-11-19 15:25:19.155,13778,13779,13778,1
2020-11-19 15:25:22.275,13778,13779,13779,1
2020-11-19 15:25:22.513,13778,13779,13779,3
2020-11-19 15:25:22.991,13778,13780,13778,4
2020-11-19 15:25:31.221,13778,13779,13779,1
2020-11-19 15:25:31.788,13779,13780,13779,1
2020-11-19 15:25:32.293,13778,13780,13778,2
2020-11-19 15:25:34.086,13779,13780,13779,5
2020-11-19 15:25:37.723,13778,13779,13779,1
2020-11-19 15:25:43.653,13778,13779,13778,1
2020-11-19 15:25:49.899,13778,13779,13778,1
2020-11-19 15:25:50.064,13778,13779,13778,1
2020-11-19 15:25:50.775,13778,13779,13778,3
2020-11-19 15:25:51.664,13778,13779,13778,1
2020-11-19 15:25:51.851,13778,13779,13778,1
2020-11-19 15:25:52.244,13778,13779,13778,1
2020-11-19 15:25:55.911,13778,13779,13778,1
2020-11-19 15:25:57.376,13778,13779,13778,1
2020-11-19 15:26:00.176,13778,13779,13778,1
2020-11-19 15:26:00.492,13777,13779,13779,1
2020-11-19 15:26:07.612,13778,13779,13778,1
2020-11-19 15:26:09.408,13778,13779,13778,1
2020-11-19 15:26:10.237,13778,13779,13778,1
2020-11-19 15:26:11.545,13777,13778,13778,1
2020-11-19 15:26:13.651,13777,13778,13777,2
2020-11-19 15:26:13.780,13777,13778,13777,1
2020-11-19 15:26:13.830,13777,13778,13777,1
2020-11-19 15:26:15.443,13777,13778,13778,1
2020-11-19 15:26:16.018,13777,13778,13778,1
2020-11-19 15:26:16.742,13778,13779,13779,2
2020-11-19 15:26:18.433,13778,13779,13778,1
2020-11-19 15:26:18.561,13778,13779,13778,2
2020-11-19 15:26:24.591,13778,13779,13778,2
2020-11-19 15:26:24.961,13778,13779,13778,2
2020-11-19 15:26:29.146,13777,13778,13777,1
2020-11-19 15:26:32.956,13777,13778,13777,2
2020-11-19 15:26:32.964,13777,13778,13777,1
2020-11-19 15:26:33.658,13777,13778,13777,1
2020-11-19 15:26:33.995,13777,13778,13777,2
2020-11-19 15:26:34.925,13777,13778,13777,1
2020-11-19 15:26:38.111,13777,13778,13777,1
2020-11-19 15:26:38.129,13777,13778,13777,1
2020-11-19 15:26:39.542,13777,13778,13777,1
2020-11-19 15:26:42.783,13777,13778,13777,1
2020-11-19 15:26:46.046,13777,13778,13777,1
2020-11-19 15:26:46.705,13777,13778,13777,1
2020-11-19 15:26:49.504,13777,13778,13777,1
2020-11-19 15:26:55.978,13777,13778,13777,2
2020-11-19 15:26:57.110,13777,13778,13777,1
2020-11-19 15:27:04.219,13777,13778,13777,1
2020-11-19 15:27:06.730,13777,13778,13778,5
2020-11-19 15:27:06.956,13778,13779,13778,1
2020-11-19 15:27:08.218,13778,13779,13779,1
2020-11-19 15:27:16.514,13778,13779,13778,1
2020-11-19 15:27:16.813,13778,13779,13779,3
2020-11-19 15:27:20.292,13778,13779,13778,1
2020-11-19 15:27:20.316,13778,13779,13778,1
2020-11-19 15:27:33.878,13777,13778,13778,1
2020-11-19 15:27:36.741,13777,13778,13778,5
2020-11-19 15:27:37.709,13778,13779,13779,2
2020-11-19 15:27:39.634,13778,13779,13778,1
2020-11-19 15:27:46.917,13778,13779,13778,2
2020-11-19 15:27:50.812,13777,13778,13777,2
2020-11-19 15:27:51.336,13777,13778,13778,2
2020-11-19 15:27:51.713,13777,13778,13778,1
2020-11-19 15:28:01.503,13778,13779,13778,1
2020-11-19 15:28:01.949,13778,13779,13778,1
2020-11-19 15:28:02.353,13778,13779,13778,1
2020-11-19 15:28:03.657,13778,13779,13779,1
2020-11-19 15:28:03.732,13778,13779,13779,6
2020-11-19 15:28:03.732,13778,13779,13779,17
2020-11-19 15:28:03.822,13779,13780,13780,1
2020-11-19 15:28:03.890,13779,13780,13780,1
2020-11-19 15:28:03.971,13779,13780,13780,1
2020-11-19 15:28:04.133,13778,13780,13780,1
2020-11-19 15:28:04.143,13778,13780,13780,1
2020-11-19 15:28:04.286,13778,13780,13780,3
2020-11-19 15:28:04.392,13778,13780,13780,2
2020-11-19 15:28:04.412,13778,13780,13780,2
2020-11-19 15:28:04.433,13778,13780,13781,2
2020-11-19 15:28:04.467,13778,13780,13781,2
2020-11-19 15:28:04.530,13780,13781,13781,2
2020-11-19 15:28:04.587,13780,13781,13781,1
2020-11-19 15:28:04.587,13780,13781,13782,1
2020-11-19 15:28:04.624,13780,13782,13782,2
2020-11-19 15:28:04.704,13780,13782,13782,2
2020-11-19 15:28:04.732,13780,13782,13782,1
2020-11-19 15:28:04.807,13780,13782,13780,1
2020-11-19 15:28:04.905,13780,13782,13782,1
2020-11-19 15:28:07.744,13779,13781,13779,5
2020-11-19 15:28:16.043,13778,13780,13780,1
2020-11-19 15:28:20.139,13777,13779,13779,1
2020-11-19 15:28:23.394,13777,13779,13779,2
2020-11-19 15:28:23.666,13777,13779,13779,1
2020-11-19 15:28:26.463,13777,13779,13779,9
2020-11-19 15:28:34.837,13779,13780,13779,1
2020-11-19 15:28:34.838,13779,13780,13779,8
2020-11-19 15:28:34.838,13779,13780,13779,2
2020-11-19 15:28:35.050,13778,13779,13779,1
2020-11-19 15:28:52.448,13778,13779,13779,1
2020-11-19 15:28:55.000,13778,13779,13779,1
2020-11-19 15:28:56.018,13778,13779,13778,1
2020-11-19 15:28:57.139,13778,13779,13778,2
2020-11-19 15:28:57.339,13777,13778,13778,1
2020-11-19 15:28:57.699,13777,13778,13778,1
2020-11-19 15:29:04.103,13778,13779,13778,1
2020-11-19 15:29:04.896,13778,13779,13779,1
2020-11-19 15:29:10.224,13778,13779,13779,1
2020-11-19 15:29:11.399,13778,13779,13779,3
2020-11-19 15:29:11.399,13778,13779,13780,2
2020-11-19 15:29:11.655,13779,13780,13779,2
2020-11-19 15:29:12.783,13778,13780,13778,1
2020-11-19 15:29:16.816,13779,13780,13779,4
2020-11-19 15:29:16.816,13779,13780,13778,11
2020-11-19 15:29:22.987,13778,13779,13778,2
2020-11-19 15:29:25.330,13778,13779,13778,1
2020-11-19 15:29:25.330,13778,13779,13778,3
2020-11-19 15:29:30.128,13777,13778,13778,1
2020-11-19 15:29:32.853,13777,13778,13777,4
2020-11-19 15:29:32.854,13777,13778,13777,6
2020-11-19 15:29:32.854,13777,13778,13777,6
2020-11-19 15:29:32.982,13776,13777,13776,1
2020-11-19 15:29:33.657,13776,13777,13777,1
2020-11-19 15:29:35.766,13776,13777,13776,1
2020-11-19 15:29:37.799,13776,13777,13776,5
2020-11-19 15:29:38.873,13776,13777,13776,5
2020-11-19 15:29:38.873,13776,13777,13776,8
2020-11-19 15:29:39.832,13775,13777,13775,1
2020-11-19 15:29:40.425,13775,13776,13775,1
2020-11-19 15:29:40.822,13775,13776,13775,1
2020-11-19 15:29:42.666,13775,13776,13775,1
2020-11-19 15:29:42.739,13775,13776,13775,1
2020-11-19 15:29:43.972,13775,13776,13775,1
2020-11-19 15:29:45.700,13775,13776,13776,3
2020-11-19 15:29:46.746,13775,13776,13775,2
2020-11-19 15:29:47.206,13775,13776,13775,2
2020-11-19 15:29:49.173,13775,13776,13775,4
2020-11-19 15:29:49.173,13775,13776,13775,2
2020-11-19 15:29:49.173,13775,13776,13775,3
2020-11-19 15:29:50.909,13774,13775,13775,1
2020-11-19 15:29:51.779,13774,13775,13775,1
2020-11-19 15:29:52.137,13774,13775,13774,2
2020-11-19 15:29:52.256,13774,13775,13774,5
2020-11-19 15:29:52.406,13774,13775,13774,2
2020-11-19 15:29:52.750,13774,13775,13774,1
2020-11-19 15:29:53.153,13773,13774,13774,1
2020-11-19 15:29:54.398,13773,13774,13774,1
2020-11-19 15:29:54.672,13773,13774,13774,3
2020-11-19 15:29:55.347,13773,13774,13774,1
2020-11-19 15:29:56.577,13773,13774,13773,2
2020-11-19 15:29:56.586,13773,13774,13774,1
2020-11-19 15:29:56.642,13773,13774,13773,4
2020-11-19 15:29:56.711,13773,13774,13773,1
2020-11-19 15:30:00.156,13773,13774,13774,1
2020-11-19 15:30:00.157,13773,13774,13774,2
2020-11-19 15:30:00.249,13774,13775,13774,1
2020-11-19 15:30:00.324,13774,13775,13774,1
2020-11-19 15:30:00.615,13774,13775,13775,2
2020-11-19 15:30:00.750,13774,13775,13775,1
2020-11-19 15:30:00.750,13774,13775,13776,1
2020-11-19 15:30:00.947,13774,13776,13776,2
2020-11-19 15:30:01.056,13775,13776,13776,1
2020-11-19 15:30:01.522,13774,13776,13776,2
2020-11-19 15:30:01.686,13774,13776,13776,1
2020-11-19 15:30:01.830,13774,13776,13776,2
2020-11-19 15:30:01.946,13774,13776,13776,1
2020-11-19 15:30:02.048,13774,13776,13776,1
2020-11-19 15:30:02.332,13774,13776,13776,1
2020-11-19 15:30:02.432,13774,13776,13776,1
2020-11-19 15:30:03.014,13774,13775,13774,1
2020-11-19 15:30:03.079,13774,13775,13773,5
2020-11-19 15:30:03.603,13773,13775,13773,1
2020-11-19 15:30:06.525,13773,13775,13773,1
2020-11-19 15:30:07.187,13773,13774,13774,1
2020-11-19 15:30:09.024,13773,13774,13774,1
2020-11-19 15:30:11.116,13774,13775,13775,3
2020-11-19 15:30:12.081,13775,13776,13775,1
2020-11-19 15:30:12.661,13774,13775,13774,1
2020-11-19 15:30:15.406,13773,13775,13775,1
2020-11-19 15:30:17.035,13774,13775,13774,1
2020-11-19 15:30:20.454,13774,13775,13775,7
2020-11-19 15:30:21.525,13774,13776,13774,1
2020-11-19 15:30:21.609,13774,13776,13774,1
2020-11-19 15:30:22.555,13775,13776,13776,2
2020-11-19 15:30:33.786,13775,13776,13775,9
2020-11-19 15:30:34.337,13774,13775,13775,1
2020-11-19 15:30:34.807,13774,13775,13775,1
2020-11-19 15:30:34.839,13774,13775,13775,19
2020-11-19 15:30:34.998,13774,13776,13776,9
2020-11-19 15:30:35.131,13775,13776,13775,1
2020-11-19 15:30:36.705,13775,13776,13775,2
2020-11-19 15:30:38.136,13775,13776,13776,3
2020-11-19 15:30:38.136,13775,13776,13776,3
2020-11-19 15:30:38.136,13775,13776,13776,4
2020-11-19 15:30:38.137,13775,13776,13776,6
2020-11-19 15:30:38.402,13776,13777,13776,1
2020-11-19 15:30:39.899,13776,13777,13777,1
2020-11-19 15:30:39.946,13776,13777,13778,2
2020-11-19 15:30:40.289,13776,13778,13778,5
2020-11-19 15:30:40.809,13777,13779,13779,1
2020-11-19 15:30:40.889,13777,13779,13779,1
2020-11-19 15:30:40.930,13777,13779,13779,2
2020-11-19 15:30:41.301,13777,13779,13779,2
2020-11-19 15:30:41.476,13778,13779,13779,1
2020-11-19 15:30:41.552,13778,13779,13779,1
2020-11-19 15:30:41.566,13778,13779,13778,1
2020-11-19 15:30:42.330,13778,13779,13778,2
2020-11-19 15:30:43.388,13777,13779,13779,1
2020-11-19 15:30:46.402,13777,13778,13777,1
2020-11-19 15:30:46.402,13777,13778,13776,4
2020-11-19 15:30:46.495,13776,13778,13778,1
2020-11-19 15:30:47.609,13776,13778,13778,1
2020-11-19 15:31:00.532,13777,13778,13778,1
2020-11-19 15:31:01.724,13777,13778,13777,1
2020-11-19 15:31:01.725,13777,13778,13777,3
2020-11-19 15:31:01.779,13776,13777,13776,2
2020-11-19 15:31:02.146,13776,13777,13777,2
2020-11-19 15:31:02.201,13776,13777,13777,1
2020-11-19 15:31:03.134,13776,13777,13777,1
2020-11-19 15:31:12.016,13777,13778,13777,1
2020-11-19 15:31:15.906,13777,13778,13777,1
2020-11-19 15:31:19.426,13777,13778,13778,2
2020-11-19 15:31:19.561,13777,13778,13778,1
2020-11-19 15:31:19.793,13777,13778,13778,1
2020-11-19 15:31:19.973,13778,13779,13779,1
2020-11-19 15:31:20.454,13778,13779,13779,1
2020-11-19 15:31:20.490,13778,13780,13780,1
2020-11-19 15:31:20.491,13778,13780,13780,1
2020-11-19 15:31:21.566,13779,13780,13779,1
2020-11-19 15:31:22.104,13779,13780,13779,1
2020-11-19 15:31:22.641,13778,13780,13778,1
2020-11-19 15:31:22.747,13778,13780,13780,2
2020-11-19 15:31:25.921,13777,13779,13779,1
2020-11-19 15:31:26.349,13778,13779,13779,1
2020-11-19 15:31:28.647,13778,13779,13779,3
2020-11-19 15:31:36.474,13778,13779,13778,1
2020-11-19 15:31:38.477,13778,13779,13779,1
2020-11-19 15:31:38.657,13778,13779,13779,2
2020-11-19 15:31:40.356,13778,13779,13778,3
2020-11-19 15:31:40.407,13777,13778,13778,1
2020-11-19 15:31:40.750,13777,13778,13778,1
2020-11-19 15:31:42.833,13777,13778,13778,1
2020-11-19 15:31:44.855,13777,13778,13778,1
2020-11-19 15:31:50.798,13777,13778,13777,8
2020-11-19 15:31:51.865,13777,13778,13777,1
2020-11-19 15:31:58.445,13777,13778,13777,1
2020-11-19 15:31:58.905,13777,13778,13777,1
2020-11-19 15:31:59.090,13777,13778,13777,1
2020-11-19 15:31:59.090,13777,13778,13777,3
2020-11-19 15:32:12.801,13776,13777,13776,1
2020-11-19 15:32:14.224,13776,13777,13776,1
2020-11-19 15:32:14.224,13776,13777,13775,2
2020-11-19 15:32:15.945,13776,13777,13776,1
2020-11-19 15:32:16.991,13776,13777,13776,2
2020-11-19 15:32:19.491,13775,13776,13776,1
2020-11-19 15:32:23.987,13775,13776,13775,1
2020-11-19 15:32:36.405,13775,13776,13775,1
2020-11-19 15:32:40.825,13775,13776,13776,3
2020-11-19 15:32:42.047,13776,13777,13776,1
2020-11-19 15:32:43.840,13776,13777,13776,1
2020-11-19 15:32:47.948,13776,13777,13776,1
2020-11-19 15:32:53.627,13775,13776,13776,1
2020-11-19 15:32:56.163,13775,13777,13775,6
2020-11-19 15:32:56.445,13775,13776,13776,1
2020-11-19 15:32:56.500,13775,13776,13776,1
2020-11-19 15:32:59.657,13776,13777,13776,1
2020-11-19 15:33:09.009,13775,13776,13776,1
2020-11-19 15:33:09.304,13775,13777,13777,1
2020-11-19 15:33:09.311,13775,13777,13777,1
2020-11-19 15:33:14.403,13776,13777,13777,1
2020-11-19 15:33:14.699,13776,13777,13776,3
2020-11-19 15:33:20.739,13775,13776,13776,1
2020-11-19 15:33:28.465,13775,13776,13776,1
2020-11-19 15:33:29.129,13775,13777,13777,1
2020-11-19 15:33:29.419,13776,13777,13776,4
2020-11-19 15:33:37.378,13775,13776,13776,2
2020-11-19 15:33:38.840,13775,13776,13775,12
2020-11-19 15:33:38.840,13775,13776,13775,4
2020-11-19 15:33:38.840,13775,13776,13775,2
2020-11-19 15:33:41.496,13774,13775,13775,4
2020-11-19 15:33:44.530,13775,13776,13775,1
2020-11-19 15:33:46.258,13775,13776,13775,3
2020-11-19 15:33:49.251,13775,13776,13775,2
2020-11-19 15:33:49.911,13775,13776,13775,1
2020-11-19 15:33:50.635,13775,13776,13775,1
2020-11-19 15:34:00.682,13775,13776,13775,2
2020-11-19 15:34:02.615,13775,13776,13776,1
2020-11-19 15:34:02.615,13775,13776,13776,1
2020-11-19 15:34:02.615,13775,13776,13776,3
2020-11-19 15:34:02.615,13775,13776,13776,4
2020-11-19 15:34:04.878,13776,13777,13777,1
2020-11-19 15:34:18.678,13776,13777,13777,1
2020-11-19 15:34:25.592,13776,13778,13778,1
2020-11-19 15:34:38.691,13776,13777,13776,1
2020-11-19 15:34:39.511,13776,13777,13777,1
2020-11-19 15:34:44.402,13776,13777,13777,1
2020-11-19 15:34:45.755,13776,13778,13778,1
2020-11-19 15:34:49.111,13777,13778,13778,4
2020-11-19 15:34:49.111,13777,13778,13778,7
2020-11-19 15:34:52.469,13778,13779,13779,1
2020-11-19 15:35:10.095,13777,13778,13778,1
2020-11-19 15:35:13.235,13778,13779,13778,1
2020-11-19 15:35:24.712,13777,13778,13778,4
2020-11-19 15:35:24.713,13777,13778,13778,1
2020-11-19 15:35:24.791,13778,13779,13779,1
2020-11-19 15:35:26.938,13778,13779,13779,9
2020-11-19 15:35:30.255,13779,13780,13779,1
2020-11-19 15:35:47.220,13778,13779,13779,1
2020-11-19 15:35:48.708,13778,13779,13779,1
2020-11-19 15:36:05.747,13778,13779,13778,1
2020-11-19 15:36:05.747,13778,13779,13778,8
2020-11-19 15:36:06.002,13777,13778,13778,1
2020-11-19 15:36:06.105,13777,13778,13778,3
2020-11-19 15:36:06.224,13777,13778,13778,1
2020-11-19 15:36:42.885,13778,13779,13778,1
2020-11-19 15:36:50.030,13778,13779,13778,1
2020-11-19 15:36:58.038,13778,13779,13778,1
2020-11-19 15:36:58.701,13778,13779,13779,1
2020-11-19 15:37:00.274,13778,13779,13779,2
2020-11-19 15:37:02.370,13778,13779,13779,1
2020-11-19 15:37:08.644,13778,13779,13779,1
2020-11-19 15:37:16.635,13778,13779,13779,2
2020-11-19 15:37:18.840,13778,13779,13779,6
2020-11-19 15:37:24.515,13779,13780,13779,1
2020-11-19 15:37:25.480,13779,13780,13779,5
2020-11-19 15:37:28.142,13778,13779,13778,3
2020-11-19 15:37:28.142,13778,13779,13778,22
2020-11-19 15:37:28.247,13777,13778,13777,1
2020-11-19 15:37:31.175,13777,13778,13777,1
2020-11-19 15:37:38.267,13777,13778,13777,2
2020-11-19 15:37:38.267,13777,13778,13777,1
2020-11-19 15:37:38.267,13777,13778,13777,4
2020-11-19 15:37:38.267,13777,13778,13777,7
2020-11-19 15:37:38.733,13776,13777,13777,1
2020-11-19 15:37:40.886,13776,13777,13776,2
2020-11-19 15:37:40.886,13776,13777,13776,2
2020-11-19 15:37:40.995,13775,13776,13775,4
2020-11-19 15:37:40.996,13775,13776,13775,2
2020-11-19 15:37:41.392,13774,13775,13775,1
2020-11-19 15:37:41.455,13774,13775,13775,2
2020-11-19 15:37:41.626,13774,13775,13775,1
2020-11-19 15:37:42.578,13774,13776,13774,3
2020-11-19 15:37:42.641,13774,13776,13774,1
2020-11-19 15:37:47.439,13775,13776,13775,2
2020-11-19 15:37:49.393,13775,13776,13775,1
2020-11-19 15:37:50.616,13774,13776,13774,1
2020-11-19 15:37:54.277,13774,13775,13775,5
2020-11-19 15:37:55.917,13774,13775,13774,1
2020-11-19 15:37:57.513,13774,13775,13774,5
2020-11-19 15:37:57.722,13774,13775,13774,1
2020-11-19 15:38:00.365,13773,13774,13774,1
2020-11-19 15:38:00.747,13773,13775,13775,1
2020-11-19 15:38:03.656,13774,13775,13774,1
2020-11-19 15:38:08.528,13774,13775,13774,1
2020-11-19 15:38:08.668,13774,13775,13774,2
2020-11-19 15:38:22.026,13774,13775,13774,1
2020-11-19 15:38:27.472,13774,13775,13774,1
2020-11-19 15:38:31.184,13774,13775,13774,3
2020-11-19 15:38:31.486,13774,13775,13774,1
2020-11-19 15:38:34.154,13774,13775,13775,1
2020-11-19 15:38:34.154,13774,13775,13775,10
2020-11-19 15:38:34.950,13775,13776,13775,1
2020-11-19 15:38:35.469,13774,13775,13774,1
2020-11-19 15:38:37.135,13774,13775,13774,1
2020-11-19 15:38:39.543,13774,13775,13774,1
2020-11-19 15:38:40.798,13774,13775,13774,1
2020-11-19 15:38:40.873,13773,13774,13773,1
2020-11-19 15:38:45.015,13773,13774,13773,1
2020-11-19 15:38:45.097,13773,13774,13773,4
2020-11-19 15:38:50.288,13772,13773,13772,1
2020-11-19 15:38:50.425,13772,13773,13772,2
2020-11-19 15:38:51.916,13772,13773,13772,4
2020-11-19 15:38:52.301,13772,13773,13772,1
2020-11-19 15:38:54.250,13772,13773,13772,1
2020-11-19 15:38:54.773,13772,13773,13772,1
2020-11-19 15:38:58.766,13772,13773,13772,4
2020-11-19 15:39:00.011,13772,13773,13772,1
2020-11-19 15:39:00.680,13772,13773,13772,1
