2019-10-31 15:00:00.056,11343,11345,11344,54
2019-10-31 15:00:00.128,11344,11345,11344,4
2019-10-31 15:00:00.159,11344,11345,11344,1
2019-10-31 15:00:00.269,11344,11345,11344,1
2019-10-31 15:00:00.713,11344,11345,11344,4
2019-10-31 15:00:00.743,11344,11345,11344,1
2019-10-31 15:00:00.745,11344,11345,11344,1
2019-10-31 15:00:00.746,11344,11345,11344,2
2019-10-31 15:00:00.753,11344,11345,11344,1
2019-10-31 15:00:00.755,11344,11345,11344,1
2019-10-31 15:00:00.776,11344,11345,11344,1
2019-10-31 15:00:01.092,11344,11345,11344,1
2019-10-31 15:00:01.094,11344,11345,11345,1
2019-10-31 15:00:01.111,11344,11345,11344,1
2019-10-31 15:00:01.277,11344,11345,11344,2
2019-10-31 15:00:01.311,11344,11345,11345,1
2019-10-31 15:00:01.361,11344,11345,11344,1
2019-10-31 15:00:01.366,11344,11345,11343,2
2019-10-31 15:00:01.531,11343,11345,11344,1
2019-10-31 15:00:01.591,11343,11345,11343,8
2019-10-31 15:00:01.610,11343,11344,11343,5
2019-10-31 15:00:01.610,11343,11344,11342,1
2019-10-31 15:00:01.777,11342,11343,11342,4
2019-10-31 15:00:02.160,11342,11344,11342,1
2019-10-31 15:00:03.276,11343,11344,11343,4
2019-10-31 15:00:03.557,11342,11344,11342,1
2019-10-31 15:00:05.152,11343,11344,11343,1
2019-10-31 15:00:05.209,11343,11344,11343,1
2019-10-31 15:00:08.752,11343,11344,11344,2
2019-10-31 15:00:12.647,11343,11345,11345,1
2019-10-31 15:00:15.692,11344,11345,11345,2
2019-10-31 15:00:16.253,11344,11345,11345,4
2019-10-31 15:00:17.474,11345,11346,11345,5
2019-10-31 15:00:18.143,11344,11345,11345,1
2019-10-31 15:00:20.884,11344,11345,11345,1
2019-10-31 15:00:23.306,11344,11345,11345,1
2019-10-31 15:00:25.754,11344,11345,11345,7
2019-10-31 15:00:25.860,11344,11345,11345,1
2019-10-31 15:00:28.727,11345,11346,11345,1
2019-10-31 15:00:29.350,11345,11346,11345,1
2019-10-31 15:00:29.963,11345,11346,11346,1
2019-10-31 15:00:30.367,11345,11346,11346,1
2019-10-31 15:00:31.982,11345,11346,11345,1
2019-10-31 15:00:32.146,11345,11346,11345,1
2019-10-31 15:00:33.501,11345,11346,11346,2
2019-10-31 15:00:42.496,11345,11346,11346,1
2019-10-31 15:00:49.112,11345,11346,11346,1
2019-10-31 15:00:52.749,11345,11346,11345,1
2019-10-31 15:00:54.598,11345,11346,11346,4
2019-10-31 15:00:56.988,11345,11346,11346,1
2019-10-31 15:00:57.783,11345,11346,11345,1
2019-10-31 15:01:00.308,11345,11346,11345,2
2019-10-31 15:01:02.061,11344,11345,11345,1
2019-10-31 15:01:02.260,11344,11345,11344,3
2019-10-31 15:01:02.953,11344,11345,11345,1
2019-10-31 15:01:03.254,11344,11345,11344,3
2019-10-31 15:01:08.580,11343,11344,11344,1
2019-10-31 15:01:09.408,11343,11344,11343,2
2019-10-31 15:01:11.661,11343,11344,11343,1
2019-10-31 15:01:16.255,11343,11344,11343,1
2019-10-31 15:01:16.563,11343,11344,11343,1
2019-10-31 15:01:16.734,11343,11344,11343,2
2019-10-31 15:01:17.044,11343,11344,11343,5
2019-10-31 15:01:17.498,11342,11343,11343,1
2019-10-31 15:01:18.700,11342,11343,11343,2
2019-10-31 15:01:18.890,11342,11343,11343,1
2019-10-31 15:01:23.741,11342,11343,11342,1
2019-10-31 15:01:26.008,11342,11343,11343,1
2019-10-31 15:01:27.036,11342,11343,11342,1
2019-10-31 15:01:34.246,11342,11343,11343,1
2019-10-31 15:01:43.942,11342,11343,11342,1
2019-10-31 15:01:47.120,11342,11343,11343,1
2019-10-31 15:01:51.866,11342,11343,11343,2
2019-10-31 15:01:54.063,11342,11343,11342,1
2019-10-31 15:01:54.692,11342,11343,11343,2
2019-10-31 15:01:54.694,11342,11343,11343,2
2019-10-31 15:01:59.698,11343,11344,11343,1
2019-10-31 15:02:02.163,11343,11344,11343,4
2019-10-31 15:02:03.195,11343,11344,11343,1
2019-10-31 15:02:10.965,11343,11344,11343,1
2019-10-31 15:02:12.638,11343,11344,11343,1
2019-10-31 15:02:14.781,11343,11344,11343,2
2019-10-31 15:02:36.257,11343,11344,11343,1
2019-10-31 15:02:42.231,11343,11344,11343,2
2019-10-31 15:02:43.275,11343,11344,11343,2
2019-10-31 15:02:46.317,11343,11344,11343,1
2019-10-31 15:02:57.389,11343,11344,11343,1
2019-10-31 15:02:59.225,11343,11344,11343,2
2019-10-31 15:03:00.018,11343,11344,11343,1
2019-10-31 15:03:00.088,11343,11344,11343,6
2019-10-31 15:03:00.088,11343,11344,11342,3
2019-10-31 15:03:00.124,11342,11344,11343,1
2019-10-31 15:03:21.373,11342,11343,11342,1
2019-10-31 15:03:23.743,11342,11343,11343,1
2019-10-31 15:03:32.159,11342,11343,11343,6
2019-10-31 15:03:32.851,11342,11343,11342,1
2019-10-31 15:03:37.503,11342,11343,11343,1
2019-10-31 15:03:40.365,11342,11343,11342,1
2019-10-31 15:03:44.816,11342,11343,11343,2
2019-10-31 15:03:45.606,11342,11343,11343,1
2019-10-31 15:03:52.137,11342,11343,11343,1
2019-10-31 15:03:58.671,11342,11343,11343,5
2019-10-31 15:03:59.094,11342,11343,11343,1
2019-10-31 15:04:00.269,11342,11343,11343,1
2019-10-31 15:04:01.485,11342,11343,11343,1
2019-10-31 15:04:01.949,11343,11344,11343,1
2019-10-31 15:04:08.968,11342,11343,11343,7
2019-10-31 15:04:09.339,11342,11343,11343,1
2019-10-31 15:04:16.388,11342,11343,11343,1
2019-10-31 15:04:19.630,11342,11343,11342,1
2019-10-31 15:04:20.389,11342,11343,11342,1
2019-10-31 15:04:20.912,11342,11343,11343,1
2019-10-31 15:04:21.101,11342,11343,11342,2
2019-10-31 15:04:21.876,11342,11343,11342,1
2019-10-31 15:04:22.495,11342,11343,11343,1
2019-10-31 15:04:23.425,11342,11343,11343,4
2019-10-31 15:04:59.584,11343,11344,11344,1
2019-10-31 15:05:02.432,11343,11344,11343,8
2019-10-31 15:05:03.152,11343,11344,11343,1
2019-10-31 15:05:08.878,11343,11344,11343,3
2019-10-31 15:05:08.985,11343,11344,11343,3
2019-10-31 15:05:09.151,11342,11343,11343,2
2019-10-31 15:05:13.910,11342,11343,11343,1
2019-10-31 15:05:18.403,11342,11343,11342,1
2019-10-31 15:05:18.615,11342,11343,11342,1
2019-10-31 15:05:18.672,11342,11343,11342,1
2019-10-31 15:05:19.006,11342,11343,11342,1
2019-10-31 15:05:19.058,11342,11343,11342,1
2019-10-31 15:05:19.096,11342,11343,11342,2
2019-10-31 15:05:25.158,11342,11343,11343,5
2019-10-31 15:05:25.334,11342,11344,11342,1
2019-10-31 15:06:19.788,11343,11344,11344,1
2019-10-31 15:06:20.982,11343,11344,11343,1
2019-10-31 15:06:22.666,11343,11344,11343,1
2019-10-31 15:06:24.405,11343,11344,11343,1
2019-10-31 15:06:33.955,11343,11344,11344,2
2019-10-31 15:06:35.715,11343,11344,11343,1
2019-10-31 15:07:00.138,11343,11344,11343,1
2019-10-31 15:07:09.836,11343,11344,11344,1
2019-10-31 15:07:19.099,11343,11344,11344,1
2019-10-31 15:07:21.153,11343,11344,11344,1
2019-10-31 15:07:31.984,11343,11344,11344,1
2019-10-31 15:07:31.985,11343,11344,11344,1
2019-10-31 15:07:34.980,11343,11344,11344,5
2019-10-31 15:07:34.980,11343,11344,11344,6
2019-10-31 15:07:34.980,11343,11344,11344,4
2019-10-31 15:07:34.980,11343,11344,11344,1
2019-10-31 15:07:34.985,11343,11344,11344,3
2019-10-31 15:07:34.985,11343,11344,11344,9
2019-10-31 15:07:35.010,11343,11344,11345,5
2019-10-31 15:07:37.485,11344,11345,11345,9
2019-10-31 15:07:37.526,11344,11345,11345,2
2019-10-31 15:07:37.611,11344,11345,11345,1
2019-10-31 15:07:37.611,11344,11345,11345,1
2019-10-31 15:07:40.831,11345,11346,11345,1
2019-10-31 15:07:41.610,11345,11346,11346,1
2019-10-31 15:07:41.847,11345,11346,11346,2
2019-10-31 15:07:42.153,11345,11346,11346,3
2019-10-31 15:07:42.153,11345,11346,11346,4
2019-10-31 15:07:42.214,11345,11346,11346,1
2019-10-31 15:07:42.236,11345,11346,11346,2
2019-10-31 15:07:42.236,11345,11346,11346,2
2019-10-31 15:07:50.997,11346,11347,11347,1
2019-10-31 15:07:51.213,11346,11347,11347,3
2019-10-31 15:07:52.813,11346,11347,11347,1
2019-10-31 15:07:53.019,11346,11347,11347,5
2019-10-31 15:07:53.110,11346,11347,11347,2
2019-10-31 15:07:53.235,11346,11347,11347,2
2019-10-31 15:07:53.360,11346,11347,11347,1
2019-10-31 15:07:55.054,11347,11348,11347,1
2019-10-31 15:07:58.855,11347,11348,11347,1
2019-10-31 15:07:59.412,11347,11348,11347,1
2019-10-31 15:08:00.470,11347,11348,11348,1
2019-10-31 15:08:06.641,11347,11348,11347,3
2019-10-31 15:08:07.487,11347,11348,11348,4
2019-10-31 15:08:15.161,11347,11348,11348,2
2019-10-31 15:08:18.945,11347,11348,11347,8
2019-10-31 15:08:19.252,11347,11348,11347,2
2019-10-31 15:08:19.252,11347,11348,11346,3
2019-10-31 15:08:22.664,11346,11347,11347,1
2019-10-31 15:08:25.934,11346,11347,11346,1
2019-10-31 15:08:27.975,11346,11347,11347,1
2019-10-31 15:08:30.122,11346,11347,11347,1
2019-10-31 15:08:41.597,11346,11347,11346,3
2019-10-31 15:08:54.486,11346,11347,11347,1
2019-10-31 15:09:03.274,11346,11347,11347,10
2019-10-31 15:09:08.504,11346,11347,11347,1
2019-10-31 15:09:09.976,11346,11347,11347,1
2019-10-31 15:09:11.927,11346,11347,11347,1
2019-10-31 15:09:11.951,11346,11347,11347,1
2019-10-31 15:09:13.948,11346,11347,11347,1
2019-10-31 15:09:14.225,11346,11347,11347,1
2019-10-31 15:09:15.665,11346,11347,11347,1
2019-10-31 15:09:15.967,11346,11347,11347,1
2019-10-31 15:09:25.940,11346,11347,11347,1
2019-10-31 15:09:34.980,11346,11347,11347,5
2019-10-31 15:09:35.212,11346,11347,11347,1
2019-10-31 15:09:35.811,11346,11347,11347,1
2019-10-31 15:09:44.354,11346,11347,11347,1
2019-10-31 15:09:46.007,11346,11347,11347,1
2019-10-31 15:09:50.821,11346,11347,11347,1
2019-10-31 15:09:50.835,11346,11347,11347,1
2019-10-31 15:10:05.548,11347,11348,11348,1
2019-10-31 15:10:05.948,11347,11348,11348,2
2019-10-31 15:10:09.152,11347,11348,11348,4
2019-10-31 15:10:09.307,11347,11348,11348,4
2019-10-31 15:10:12.105,11347,11348,11347,3
2019-10-31 15:10:15.106,11347,11348,11348,5
2019-10-31 15:10:17.183,11347,11348,11347,1
2019-10-31 15:10:20.455,11347,11348,11347,3
2019-10-31 15:10:22.561,11347,11348,11347,1
2019-10-31 15:10:26.760,11347,11348,11347,1
2019-10-31 15:10:32.097,11347,11348,11347,3
2019-10-31 15:10:36.334,11347,11348,11347,1
2019-10-31 15:10:46.579,11346,11347,11347,5
2019-10-31 15:10:50.657,11346,11347,11346,1
2019-10-31 15:11:16.109,11346,11347,11346,1
2019-10-31 15:11:17.685,11346,11347,11346,1
2019-10-31 15:11:19.737,11346,11347,11347,2
2019-10-31 15:11:22.192,11346,11347,11346,1
2019-10-31 15:11:27.717,11346,11347,11347,1
2019-10-31 15:11:28.556,11346,11347,11346,2
2019-10-31 15:11:32.976,11346,11347,11347,3
2019-10-31 15:11:33.341,11346,11347,11347,1
2019-10-31 15:11:39.677,11347,11348,11347,1
2019-10-31 15:11:39.677,11347,11348,11346,9
2019-10-31 15:11:41.316,11346,11348,11348,1
2019-10-31 15:11:45.152,11347,11348,11348,1
2019-10-31 15:11:45.432,11347,11348,11347,1
2019-10-31 15:11:46.269,11347,11348,11348,1
2019-10-31 15:11:48.912,11347,11348,11348,1
2019-10-31 15:11:48.986,11347,11348,11348,3
2019-10-31 15:11:50.724,11347,11348,11348,1
2019-10-31 15:11:53.231,11347,11348,11348,1
2019-10-31 15:11:55.299,11347,11348,11348,1
2019-10-31 15:11:55.448,11347,11348,11347,1
2019-10-31 15:12:02.137,11347,11348,11348,2
2019-10-31 15:12:03.576,11347,11348,11347,1
2019-10-31 15:12:03.687,11347,11348,11347,4
2019-10-31 15:12:10.888,11347,11348,11348,3
2019-10-31 15:12:10.985,11347,11348,11348,1
2019-10-31 15:12:11.111,11347,11348,11348,3
2019-10-31 15:12:11.235,11347,11348,11348,5
2019-10-31 15:12:11.360,11347,11348,11348,1
2019-10-31 15:12:11.360,11347,11348,11348,5
2019-10-31 15:12:19.820,11348,11349,11349,1
2019-10-31 15:12:26.874,11348,11349,11349,3
2019-10-31 15:12:27.006,11348,11349,11348,1
2019-10-31 15:12:30.453,11348,11349,11349,10
2019-10-31 15:12:33.405,11348,11349,11349,2
2019-10-31 15:12:34.556,11348,11349,11348,3
2019-10-31 15:12:34.571,11348,11349,11348,1
2019-10-31 15:12:37.508,11348,11349,11349,2
2019-10-31 15:12:40.543,11348,11349,11349,5
2019-10-31 15:12:40.844,11348,11349,11349,1
2019-10-31 15:12:42.333,11349,11350,11349,1
2019-10-31 15:12:47.904,11349,11350,11350,1
2019-10-31 15:12:48.904,11349,11350,11349,1
2019-10-31 15:13:04.593,11349,11350,11349,1
2019-10-31 15:13:06.949,11349,11350,11349,1
2019-10-31 15:13:30.414,11349,11350,11350,38
2019-10-31 15:13:33.856,11350,11351,11351,1
2019-10-31 15:13:33.880,11350,11351,11351,1
2019-10-31 15:13:33.899,11350,11351,11351,1
2019-10-31 15:13:33.994,11350,11351,11351,1
2019-10-31 15:13:35.772,11350,11351,11351,1
2019-10-31 15:13:36.237,11350,11351,11351,2
2019-10-31 15:13:37.415,11350,11351,11351,1
2019-10-31 15:13:37.641,11350,11351,11351,1
2019-10-31 15:13:37.974,11350,11351,11351,2
2019-10-31 15:13:38.347,11350,11351,11351,1
2019-10-31 15:13:39.052,11350,11351,11351,6
2019-10-31 15:13:39.110,11350,11351,11351,2
2019-10-31 15:13:40.041,11351,11352,11351,1
2019-10-31 15:13:40.402,11351,11352,11351,1
2019-10-31 15:13:40.630,11351,11352,11352,1
2019-10-31 15:13:41.027,11351,11352,11352,1
2019-10-31 15:13:42.983,11351,11352,11352,1
2019-10-31 15:13:43.895,11351,11352,11351,6
2019-10-31 15:13:43.895,11351,11352,11350,4
2019-10-31 15:13:46.107,11350,11351,11351,2
2019-10-31 15:13:46.644,11350,11351,11351,1
2019-10-31 15:13:46.745,11350,11351,11351,2
2019-10-31 15:13:49.557,11350,11351,11351,3
2019-10-31 15:13:51.035,11350,11351,11351,3
2019-10-31 15:13:51.671,11350,11351,11351,1
2019-10-31 15:13:52.638,11350,11351,11351,1
2019-10-31 15:13:54.973,11350,11351,11351,20
2019-10-31 15:13:57.433,11350,11351,11351,1
2019-10-31 15:13:58.649,11350,11351,11351,1
2019-10-31 15:14:01.233,11350,11351,11351,1
2019-10-31 15:14:02.916,11350,11351,11351,1
2019-10-31 15:14:04.099,11350,11351,11351,2
2019-10-31 15:14:04.244,11350,11351,11351,2
2019-10-31 15:14:06.149,11350,11351,11351,1
2019-10-31 15:14:09.248,11350,11351,11351,1
2019-10-31 15:14:10.024,11350,11351,11351,1
2019-10-31 15:14:17.507,11350,11351,11351,1
2019-10-31 15:14:18.555,11350,11351,11351,1
2019-10-31 15:14:30.906,11350,11351,11351,1
2019-10-31 15:14:31.659,11350,11351,11350,4
2019-10-31 15:14:32.464,11350,11351,11351,1
2019-10-31 15:14:34.521,11350,11351,11350,1
2019-10-31 15:14:34.897,11350,11351,11351,1
2019-10-31 15:14:35.022,11350,11351,11351,1
2019-10-31 15:14:36.170,11350,11351,11351,1
2019-10-31 15:14:36.334,11350,11351,11351,1
2019-10-31 15:14:37.375,11350,11351,11350,1
2019-10-31 15:14:37.828,11350,11351,11351,1
2019-10-31 15:14:38.710,11350,11351,11350,1
2019-10-31 15:14:39.559,11350,11351,11351,1
2019-10-31 15:14:43.020,11350,11351,11351,1
2019-10-31 15:14:43.020,11350,11351,11350,1
2019-10-31 15:14:43.624,11350,11351,11350,1
2019-10-31 15:14:44.163,11350,11351,11351,3
2019-10-31 15:14:52.314,11350,11351,11350,1
2019-10-31 15:14:54.489,11350,11351,11350,1
2019-10-31 15:15:01.886,11350,11351,11351,1
2019-10-31 15:15:04.467,11350,11351,11350,1
2019-10-31 15:15:04.486,11350,11351,11350,24
2019-10-31 15:15:04.611,11350,11351,11350,9
2019-10-31 15:15:04.677,11350,11351,11350,1
2019-10-31 15:15:04.906,11349,11350,11349,3
2019-10-31 15:15:04.914,11349,11350,11349,2
2019-10-31 15:15:04.968,11349,11350,11350,1
2019-10-31 15:15:14.931,11349,11350,11350,2
2019-10-31 15:15:37.616,11349,11350,11349,2
2019-10-31 15:15:37.735,11349,11350,11349,2
2019-10-31 15:15:37.860,11349,11350,11349,1
2019-10-31 15:15:37.999,11348,11350,11348,3
2019-10-31 15:15:40.597,11349,11350,11349,1
2019-10-31 15:15:47.514,11349,11350,11349,1
2019-10-31 15:15:50.357,11349,11350,11349,2
2019-10-31 15:15:53.123,11349,11350,11349,1
2019-10-31 15:15:55.146,11349,11350,11349,3
2019-10-31 15:15:58.224,11349,11350,11349,1
2019-10-31 15:15:58.224,11349,11350,11348,9
2019-10-31 15:16:12.851,11348,11349,11349,2
2019-10-31 15:16:23.695,11349,11350,11349,1
2019-10-31 15:16:28.097,11349,11350,11349,1
2019-10-31 15:16:30.623,11349,11350,11350,33
2019-10-31 15:16:36.642,11350,11351,11351,5
2019-10-31 15:16:38.297,11350,11351,11351,1
2019-10-31 15:16:39.518,11350,11351,11351,1
2019-10-31 15:16:46.105,11350,11351,11351,1
2019-10-31 15:17:01.945,11350,11351,11351,2
2019-10-31 15:17:03.402,11350,11351,11351,6
2019-10-31 15:17:09.364,11350,11351,11351,5
2019-10-31 15:17:19.616,11351,11352,11351,1
2019-10-31 15:17:37.423,11351,11352,11352,1
2019-10-31 15:17:37.973,11351,11352,11352,1
2019-10-31 15:17:38.541,11351,11352,11352,1
2019-10-31 15:17:39.865,11351,11352,11352,3
2019-10-31 15:17:39.985,11351,11352,11352,2
2019-10-31 15:17:40.971,11351,11352,11351,2
2019-10-31 15:17:41.798,11351,11352,11352,1
2019-10-31 15:17:43.462,11351,11352,11351,10
2019-10-31 15:17:52.225,11351,11352,11351,14
2019-10-31 15:18:10.145,11350,11351,11351,1
2019-10-31 15:18:21.400,11350,11351,11351,1
2019-10-31 15:18:55.244,11350,11351,11350,3
2019-10-31 15:19:02.280,11350,11351,11350,7
2019-10-31 15:19:02.360,11350,11351,11350,1
2019-10-31 15:19:10.128,11349,11350,11350,1
2019-10-31 15:19:11.156,11350,11351,11350,1
2019-10-31 15:19:13.886,11350,11351,11350,1
2019-10-31 15:19:15.213,11350,11351,11350,2
2019-10-31 15:19:18.532,11350,11351,11350,3
2019-10-31 15:19:23.374,11349,11350,11350,1
2019-10-31 15:19:24.539,11349,11350,11350,4
2019-10-31 15:20:04.136,11350,11351,11350,1
2019-10-31 15:20:20.990,11350,11351,11350,1
2019-10-31 15:20:35.945,11350,11351,11350,2
2019-10-31 15:20:36.380,11350,11351,11350,1
2019-10-31 15:20:52.283,11350,11351,11351,2
2019-10-31 15:20:54.694,11350,11351,11350,1
2019-10-31 15:21:00.851,11350,11351,11350,1
2019-10-31 15:21:01.810,11350,11351,11350,1
2019-10-31 15:21:03.527,11350,11351,11350,5
2019-10-31 15:21:15.158,11349,11350,11350,1
2019-10-31 15:21:16.333,11349,11350,11350,1
2019-10-31 15:21:18.427,11349,11350,11350,1
2019-10-31 15:21:19.643,11349,11350,11350,1
2019-10-31 15:21:30.849,11349,11350,11350,1
2019-10-31 15:21:38.692,11349,11350,11349,4
2019-10-31 15:21:43.009,11349,11350,11350,1
2019-10-31 15:22:03.994,11349,11350,11349,4
2019-10-31 15:22:09.786,11349,11350,11349,5
2019-10-31 15:22:13.725,11349,11350,11349,1
2019-10-31 15:22:14.304,11349,11350,11349,2
2019-10-31 15:22:18.142,11349,11350,11349,1
2019-10-31 15:22:19.075,11349,11350,11349,1
2019-10-31 15:22:28.600,11349,11350,11349,1
2019-10-31 15:22:28.719,11349,11350,11350,1
2019-10-31 15:23:20.739,11349,11350,11350,1
2019-10-31 15:23:22.833,11349,11350,11350,1
2019-10-31 15:23:37.368,11349,11350,11349,1
2019-10-31 15:24:03.876,11349,11350,11349,1
2019-10-31 15:24:04.532,11349,11350,11349,1
2019-10-31 15:24:05.711,11349,11350,11349,1
2019-10-31 15:24:05.852,11349,11350,11349,1
2019-10-31 15:24:17.866,11349,11350,11349,1
2019-10-31 15:24:24.027,11349,11350,11349,1
2019-10-31 15:24:29.830,11349,11350,11349,1
2019-10-31 15:24:45.430,11349,11350,11349,1
2019-10-31 15:24:45.507,11349,11350,11350,1
2019-10-31 15:24:49.916,11349,11350,11349,1
2019-10-31 15:24:55.596,11349,11350,11349,2
2019-10-31 15:24:58.762,11349,11350,11349,1
2019-10-31 15:25:10.808,11349,11350,11349,1
2019-10-31 15:25:10.951,11349,11350,11349,1
2019-10-31 15:25:12.555,11349,11350,11349,1
2019-10-31 15:25:14.423,11349,11350,11349,1
2019-10-31 15:25:37.864,11349,11350,11349,1
2019-10-31 15:26:02.332,11349,11350,11349,1
2019-10-31 15:26:04.496,11349,11350,11350,2
2019-10-31 15:26:11.755,11349,11350,11350,2
2019-10-31 15:27:02.235,11349,11350,11349,2
2019-10-31 15:27:04.197,11349,11350,11350,1
2019-10-31 15:27:32.485,11349,11350,11349,3
2019-10-31 15:27:32.623,11349,11350,11349,1
2019-10-31 15:27:35.427,11349,11350,11349,1
2019-10-31 15:27:36.871,11349,11350,11350,1
2019-10-31 15:28:01.839,11349,11350,11350,1
2019-10-31 15:28:04.402,11349,11350,11349,1
2019-10-31 15:28:08.229,11349,11350,11349,1
2019-10-31 15:28:18.163,11349,11350,11349,1
2019-10-31 15:28:22.860,11349,11350,11349,2
2019-10-31 15:28:55.102,11349,11350,11349,2
2019-10-31 15:29:02.278,11349,11350,11349,4
2019-10-31 15:29:04.033,11349,11350,11349,1
2019-10-31 15:29:24.644,11349,11350,11349,1
2019-10-31 15:29:51.339,11349,11350,11349,1
2019-10-31 15:29:57.201,11349,11350,11349,1
2019-10-31 15:30:02.175,11349,11350,11349,4
2019-10-31 15:30:02.968,11348,11350,11348,2
2019-10-31 15:30:03.165,11348,11350,11348,2
2019-10-31 15:30:05.999,11348,11349,11349,1
2019-10-31 15:30:18.498,11348,11349,11349,1
2019-10-31 15:30:44.508,11348,11349,11349,1
2019-10-31 15:30:45.753,11349,11350,11349,2
2019-10-31 15:30:47.447,11348,11349,11348,25
2019-10-31 15:31:02.324,11348,11349,11348,6
2019-10-31 15:31:06.206,11348,11349,11349,1
2019-10-31 15:31:11.119,11348,11349,11348,1
2019-10-31 15:31:12.511,11348,11349,11349,2
2019-10-31 15:31:22.276,11348,11349,11349,1
2019-10-31 15:31:25.121,11348,11349,11349,1
2019-10-31 15:31:25.122,11348,11349,11349,1
2019-10-31 15:31:25.123,11348,11349,11349,2
2019-10-31 15:31:43.169,11349,11350,11349,1
2019-10-31 15:31:59.085,11349,11350,11349,3
2019-10-31 15:32:09.068,11349,11350,11349,1
2019-10-31 15:32:29.004,11348,11349,11348,1
2019-10-31 15:32:32.790,11348,11349,11348,5
2019-10-31 15:32:50.171,11348,11349,11349,1
2019-10-31 15:34:37.584,11348,11349,11348,1
2019-10-31 15:34:39.767,11348,11349,11349,1
2019-10-31 15:34:53.514,11348,11349,11348,1
2019-10-31 15:35:16.445,11348,11349,11348,1
2019-10-31 15:35:18.809,11348,11349,11348,1
2019-10-31 15:35:20.994,11348,11349,11348,1
2019-10-31 15:35:23.153,11348,11349,11348,1
2019-10-31 15:35:27.086,11348,11349,11348,12
2019-10-31 15:35:27.110,11348,11349,11348,5
2019-10-31 15:35:27.309,11348,11349,11348,1
2019-10-31 15:35:28.907,11348,11349,11348,1
2019-10-31 15:35:30.550,11348,11349,11348,1
2019-10-31 15:35:54.540,11348,11349,11348,2
2019-10-31 15:36:06.927,11348,11349,11348,1
2019-10-31 15:37:42.002,11348,11349,11348,1
2019-10-31 15:37:42.136,11348,11349,11349,1
2019-10-31 15:37:49.884,11348,11349,11348,1
2019-10-31 15:38:02.370,11348,11349,11348,9
2019-10-31 15:38:02.485,11348,11349,11348,2
2019-10-31 15:38:02.848,11347,11348,11348,1
2019-10-31 15:38:32.181,11347,11348,11347,1
2019-10-31 15:38:43.600,11347,11348,11347,1
2019-10-31 15:38:50.944,11347,11348,11347,1
2019-10-31 15:38:54.809,11347,11348,11347,1
2019-10-31 15:39:03.886,11347,11348,11347,2
2019-10-31 15:39:12.916,11347,11348,11347,1
2019-10-31 15:39:28.061,11347,11348,11347,1
2019-10-31 15:39:29.890,11347,11348,11347,5
2019-10-31 15:39:30.154,11347,11348,11347,4
2019-10-31 15:39:33.058,11347,11348,11347,4
2019-10-31 15:39:36.466,11347,11348,11347,5
2019-10-31 15:39:39.501,11347,11348,11347,1
2019-10-31 15:39:43.465,11347,11348,11347,4
2019-10-31 15:39:50.154,11347,11348,11347,1
2019-10-31 15:39:52.954,11347,11348,11347,3
2019-10-31 15:39:54.416,11347,11348,11347,2
2019-10-31 15:39:59.392,11347,11348,11347,8
2019-10-31 15:40:11.424,11347,11348,11347,3
2019-10-31 15:40:11.486,11347,11348,11347,2
2019-10-31 15:40:14.566,11347,11348,11347,2
2019-10-31 15:40:15.838,11346,11347,11347,2
2019-10-31 15:40:22.343,11346,11347,11347,2
2019-10-31 15:40:29.069,11346,11347,11347,6
2019-10-31 15:40:34.119,11346,11347,11347,1
2019-10-31 15:40:36.680,11346,11347,11347,1
2019-10-31 15:41:03.436,11346,11347,11346,27
2019-10-31 15:41:03.548,11345,11347,11345,1
2019-10-31 15:41:03.735,11345,11346,11346,1
2019-10-31 15:41:03.942,11345,11346,11345,1
2019-10-31 15:41:09.093,11345,11346,11345,1
2019-10-31 15:41:17.505,11345,11346,11345,2
2019-10-31 15:41:24.266,11345,11346,11345,1
2019-10-31 15:41:31.036,11345,11346,11346,1
2019-10-31 15:41:37.374,11346,11347,11346,1
2019-10-31 15:41:38.356,11346,11347,11346,1
2019-10-31 15:41:46.712,11346,11347,11346,1
2019-10-31 15:41:49.597,11346,11347,11346,1
2019-10-31 15:42:04.958,11346,11347,11346,1
2019-10-31 15:42:05.190,11346,11347,11347,2
2019-10-31 15:42:05.193,11346,11347,11347,3
2019-10-31 15:42:05.261,11346,11347,11347,3
2019-10-31 15:42:05.272,11346,11347,11347,2
2019-10-31 15:42:05.346,11346,11347,11347,3
2019-10-31 15:42:05.358,11346,11347,11347,1
2019-10-31 15:42:05.359,11346,11347,11347,2
2019-10-31 15:42:05.398,11346,11347,11347,1
2019-10-31 15:42:05.421,11346,11347,11347,3
2019-10-31 15:42:05.448,11346,11347,11348,1
2019-10-31 15:42:05.479,11346,11347,11348,2
2019-10-31 15:42:05.504,11346,11348,11348,1
2019-10-31 15:42:05.507,11346,11348,11348,3
2019-10-31 15:42:05.528,11346,11348,11348,3
2019-10-31 15:42:05.540,11346,11348,11348,2
2019-10-31 15:42:05.567,11346,11348,11348,3
2019-10-31 15:42:05.581,11346,11348,11348,3
2019-10-31 15:42:05.583,11346,11348,11348,2
2019-10-31 15:42:05.588,11346,11348,11348,1
2019-10-31 15:42:05.589,11346,11348,11348,1
2019-10-31 15:42:05.640,11347,11348,11348,2
2019-10-31 15:42:05.652,11347,11348,11348,3
2019-10-31 15:42:05.686,11347,11348,11348,1
2019-10-31 15:42:05.686,11347,11348,11349,2
2019-10-31 15:42:05.687,11347,11348,11349,3
2019-10-31 15:42:05.713,11347,11348,11348,2
2019-10-31 15:42:05.715,11347,11348,11348,1
2019-10-31 15:42:05.715,11347,11348,11349,2
2019-10-31 15:42:06.744,11347,11348,11348,2
2019-10-31 15:42:06.744,11347,11348,11348,3
2019-10-31 15:42:06.746,11347,11348,11348,2
2019-10-31 15:42:06.746,11347,11348,11348,3
2019-10-31 15:42:06.746,11347,11348,11348,3
2019-10-31 15:42:06.747,11347,11348,11348,1
2019-10-31 15:42:06.747,11347,11348,11349,2
2019-10-31 15:42:06.747,11347,11348,11349,2
2019-10-31 15:42:06.747,11347,11348,11349,3
2019-10-31 15:42:09.837,11348,11349,11349,2
2019-10-31 15:42:09.973,11348,11349,11348,1
2019-10-31 15:42:41.139,11348,11349,11348,1
2019-10-31 15:43:02.496,11348,11349,11349,2
2019-10-31 15:43:38.208,11348,11349,11349,6
2019-10-31 15:43:38.235,11348,11349,11349,6
2019-10-31 15:44:13.601,11349,11350,11349,1
2019-10-31 15:44:35.501,11349,11350,11350,6
2019-10-31 15:44:36.501,11349,11350,11350,2
2019-10-31 15:44:58.126,11349,11350,11350,2
2019-10-31 15:44:59.030,11349,11350,11350,1
2019-10-31 15:44:59.428,11349,11350,11350,1
2019-10-31 15:44:59.485,11349,11350,11350,2
2019-10-31 15:44:59.847,11349,11350,11350,1
2019-10-31 15:45:02.167,11349,11350,11349,1
2019-10-31 15:45:02.753,11349,11350,11350,2
2019-10-31 15:45:09.202,11349,11350,11350,1
2019-10-31 15:45:19.517,11349,11350,11350,1
2019-10-31 15:45:20.482,11349,11350,11350,1
2019-10-31 15:45:21.215,11349,11350,11350,1
2019-10-31 15:45:22.469,11349,11350,11350,1
2019-10-31 15:45:22.549,11349,11350,11350,1
2019-10-31 15:45:25.344,11349,11350,11350,1
2019-10-31 15:45:26.392,11349,11350,11350,1
2019-10-31 15:45:29.619,11349,11350,11350,1
2019-10-31 15:45:29.971,11349,11350,11350,1
2019-10-31 15:45:30.850,11349,11350,11350,1
2019-10-31 15:45:31.128,11349,11350,11350,1
2019-10-31 15:45:34.811,11349,11350,11350,1
2019-10-31 15:45:36.005,11349,11350,11350,1
2019-10-31 15:45:38.298,11349,11350,11350,1
2019-10-31 15:45:57.870,11349,11350,11350,1
2019-10-31 15:46:18.455,11349,11350,11350,1
2019-10-31 15:46:20.944,11349,11350,11350,1
2019-10-31 15:46:25.433,11349,11350,11350,4
2019-10-31 15:46:33.329,11349,11350,11350,2
2019-10-31 15:46:44.917,11349,11350,11350,1
2019-10-31 15:47:09.751,11349,11350,11350,2
2019-10-31 15:47:51.735,11349,11350,11350,1
2019-10-31 15:47:51.844,11349,11350,11350,1
2019-10-31 15:47:52.240,11349,11350,11350,4
2019-10-31 15:48:17.432,11350,11351,11351,1
2019-10-31 15:48:21.526,11350,11351,11350,1
2019-10-31 15:49:02.259,11350,11351,11350,7
2019-10-31 15:49:02.904,11350,11351,11350,2
2019-10-31 15:49:16.685,11349,11350,11350,1
2019-10-31 15:49:24.967,11349,11350,11350,1
2019-10-31 15:49:26.970,11349,11350,11350,1
2019-10-31 15:49:32.593,11349,11350,11350,1
2019-10-31 15:50:02.160,11350,11351,11350,2
2019-10-31 15:50:48.754,11350,11351,11351,2
2019-10-31 15:50:50.670,11350,11351,11350,1
2019-10-31 15:50:57.870,11350,11351,11351,31
2019-10-31 15:50:58.028,11350,11351,11351,2
2019-10-31 15:50:59.209,11351,11352,11352,2
2019-10-31 15:51:00.196,11351,11352,11352,1
2019-10-31 15:51:01.198,11351,11352,11352,1
2019-10-31 15:51:06.614,11351,11352,11351,1
2019-10-31 15:51:19.909,11351,11352,11352,1
2019-10-31 15:51:20.992,11351,11352,11351,1
2019-10-31 15:52:02.452,11351,11352,11351,5
2019-10-31 15:52:12.157,11350,11351,11351,1
2019-10-31 15:52:21.540,11350,11351,11351,8
2019-10-31 15:52:31.286,11351,11352,11351,1
2019-10-31 15:52:48.297,11351,11352,11352,2
2019-10-31 15:52:51.583,11351,11352,11352,5
2019-10-31 15:52:58.293,11351,11352,11352,3
2019-10-31 15:53:07.489,11351,11352,11351,1
2019-10-31 15:53:28.009,11351,11352,11352,1
2019-10-31 15:53:45.156,11351,11352,11352,1
2019-10-31 15:53:53.307,11351,11352,11352,1
2019-10-31 15:53:57.780,11351,11352,11352,1
2019-10-31 15:54:19.059,11351,11352,11351,1
2019-10-31 15:54:19.059,11351,11352,11351,2
2019-10-31 15:54:41.262,11350,11351,11351,1
2019-10-31 15:55:15.659,11350,11351,11351,1
2019-10-31 15:55:35.513,11350,11351,11351,3
2019-10-31 15:55:45.042,11350,11351,11351,5
2019-10-31 15:56:45.884,11350,11351,11350,1
2019-10-31 15:56:46.627,11350,11351,11350,1
2019-10-31 15:56:47.177,11350,11351,11350,1
2019-10-31 15:56:47.267,11350,11351,11350,1
2019-10-31 15:56:47.285,11350,11351,11350,1
2019-10-31 15:56:47.308,11350,11351,11350,1
2019-10-31 15:56:47.416,11350,11351,11350,2
2019-10-31 15:56:47.511,11350,11351,11350,1
2019-10-31 15:56:47.544,11350,11351,11350,1
2019-10-31 15:56:47.600,11350,11351,11350,1
2019-10-31 15:56:47.710,11350,11351,11350,1
2019-10-31 15:56:47.818,11350,11351,11350,1
2019-10-31 15:56:47.824,11350,11351,11350,2
2019-10-31 15:56:47.871,11350,11351,11350,2
2019-10-31 15:56:47.891,11350,11351,11350,1
2019-10-31 15:56:48.513,11350,11351,11351,1
2019-10-31 15:56:48.515,11350,11351,11350,1
2019-10-31 15:56:48.933,11350,11351,11350,1
2019-10-31 15:56:49.131,11350,11351,11350,1
2019-10-31 15:56:49.931,11350,11351,11350,1
2019-10-31 15:56:52.072,11350,11351,11350,1
2019-10-31 15:56:55.293,11350,11351,11350,1
2019-10-31 15:56:57.026,11350,11351,11351,11
2019-10-31 15:57:04.779,11351,11352,11352,1
2019-10-31 15:57:18.005,11351,11352,11352,4
2019-10-31 15:57:24.234,11351,11352,11351,1
2019-10-31 15:57:25.791,11351,11352,11352,11
2019-10-31 15:57:52.322,11351,11352,11351,1
2019-10-31 15:58:12.200,11351,11352,11351,1
2019-10-31 15:58:23.524,11351,11352,11351,1
2019-10-31 15:58:30.120,11351,11352,11351,1
2019-10-31 15:58:30.891,11351,11352,11352,2
2019-10-31 15:58:42.261,11351,11352,11352,2
2019-10-31 15:58:48.943,11351,11352,11352,12
2019-10-31 15:59:03.439,11351,11352,11352,1
2019-10-31 15:59:03.486,11351,11352,11352,2
2019-10-31 15:59:03.610,11351,11352,11352,1
2019-10-31 15:59:03.610,11351,11352,11352,2
2019-10-31 15:59:03.735,11351,11352,11352,3
2019-10-31 15:59:09.180,11352,11353,11352,1
2019-10-31 15:59:17.170,11352,11353,11352,1
2019-10-31 15:59:20.503,11352,11353,11353,2
2019-10-31 15:59:20.744,11352,11353,11353,1
2019-10-31 15:59:20.841,11352,11353,11353,2
2019-10-31 15:59:33.615,11352,11353,11352,1
2019-10-31 15:59:42.978,11352,11353,11352,1
2019-10-31 15:59:55.231,11352,11353,11352,1
2019-10-31 15:59:58.690,11352,11353,11352,4
2019-10-31 16:00:01.500,11352,11353,11352,1
2019-10-31 16:00:01.910,11352,11353,11353,1
2019-10-31 16:00:02.121,11352,11353,11353,5
2019-10-31 16:00:02.121,11352,11353,11353,5
2019-10-31 16:00:02.344,11352,11353,11352,2
2019-10-31 16:00:02.546,11352,11353,11352,4
2019-10-31 16:00:02.671,11352,11353,11353,1
2019-10-31 16:00:02.704,11352,11353,11353,2
2019-10-31 16:00:02.718,11352,11353,11353,1
2019-10-31 16:00:02.743,11352,11353,11352,2
2019-10-31 16:00:02.944,11352,11353,11352,2
2019-10-31 16:00:03.153,11352,11353,11352,2
2019-10-31 16:00:03.344,11352,11353,11352,1
2019-10-31 16:00:03.748,11352,11353,11352,2
2019-10-31 16:00:03.947,11351,11353,11351,20
2019-10-31 16:00:04.075,11351,11353,11352,2
2019-10-31 16:00:04.149,11351,11352,11351,2
2019-10-31 16:00:04.151,11351,11352,11351,1
2019-10-31 16:00:04.273,11350,11351,11350,2
2019-10-31 16:00:04.287,11350,11351,11350,2
2019-10-31 16:00:04.312,11350,11351,11350,4
2019-10-31 16:00:04.322,11350,11351,11350,2
2019-10-31 16:00:04.354,11350,11351,11350,4
2019-10-31 16:00:04.360,11350,11351,11350,2
2019-10-31 16:00:04.365,11350,11351,11350,2
2019-10-31 16:00:07.029,11350,11351,11351,2
2019-10-31 16:00:20.110,11351,11352,11351,2
2019-10-31 16:00:21.743,11350,11352,11351,1
2019-10-31 16:00:21.744,11350,11352,11351,1
2019-10-31 16:00:42.210,11350,11351,11350,2
2019-10-31 16:00:42.213,11350,11351,11350,1
2019-10-31 16:00:42.213,11350,11351,11350,1
2019-10-31 16:00:46.202,11350,11351,11350,1
2019-10-31 16:00:46.497,11350,11351,11350,1
2019-10-31 16:00:52.410,11349,11351,11351,1
2019-10-31 16:01:09.804,11350,11351,11350,2
2019-10-31 16:01:09.860,11350,11351,11350,1
2019-10-31 16:01:17.773,11350,11351,11350,1
2019-10-31 16:01:21.251,11350,11351,11350,1
2019-10-31 16:02:01.729,11350,11351,11350,1
2019-10-31 16:02:03.234,11350,11351,11350,2
2019-10-31 16:02:03.235,11350,11351,11350,1
2019-10-31 16:02:03.239,11350,11351,11350,1
2019-10-31 16:02:03.239,11350,11351,11350,1
2019-10-31 16:02:08.610,11350,11351,11350,1
2019-10-31 16:02:09.525,11350,11351,11350,4
2019-10-31 16:02:09.525,11350,11351,11350,1
2019-10-31 16:02:09.525,11350,11351,11350,3
2019-10-31 16:02:09.526,11350,11351,11350,1
2019-10-31 16:02:13.379,11350,11351,11350,1
2019-10-31 16:02:29.250,11349,11350,11349,30
2019-10-31 16:02:39.110,11349,11350,11349,8
2019-10-31 16:02:39.235,11349,11350,11349,2
2019-10-31 16:02:47.685,11348,11349,11348,1
2019-10-31 16:02:47.759,11348,11349,11348,2
2019-10-31 16:02:48.147,11348,11349,11348,12
2019-10-31 16:02:50.446,11348,11349,11348,1
2019-10-31 16:03:10.868,11348,11349,11348,6
2019-10-31 16:03:10.985,11348,11349,11348,11
2019-10-31 16:03:49.930,11347,11348,11347,15
2019-10-31 16:03:49.986,11347,11348,11347,1
2019-10-31 16:03:56.659,11346,11347,11347,1
2019-10-31 16:04:02.896,11347,11348,11347,1
2019-10-31 16:04:11.595,11347,11348,11348,1
2019-10-31 16:04:12.493,11347,11348,11347,1
2019-10-31 16:04:17.915,11347,11348,11347,1
2019-10-31 16:04:50.233,11347,11348,11347,1
2019-10-31 16:04:53.063,11347,11348,11347,1
2019-10-31 16:04:54.790,11347,11348,11348,4
2019-10-31 16:05:22.489,11347,11348,11348,2
2019-10-31 16:05:51.182,11348,11349,11348,1
2019-10-31 16:05:51.182,11348,11349,11348,1
2019-10-31 16:05:51.235,11348,11349,11348,2
2019-10-31 16:05:51.235,11348,11349,11348,2
2019-10-31 16:05:51.235,11348,11349,11348,1
2019-10-31 16:05:59.110,11347,11348,11348,1
2019-10-31 16:06:27.556,11347,11348,11347,1
2019-10-31 16:06:28.314,11347,11348,11348,1
2019-10-31 16:06:36.343,11347,11348,11348,1
2019-10-31 16:06:41.298,11347,11348,11348,1
2019-10-31 16:06:59.907,11347,11348,11348,5
2019-10-31 16:06:59.985,11347,11348,11348,4
2019-10-31 16:07:19.677,11348,11349,11349,10
2019-10-31 16:07:19.702,11348,11349,11349,1
2019-10-31 16:07:19.728,11348,11349,11349,1
2019-10-31 16:07:31.496,11348,11349,11349,1
2019-10-31 16:07:42.159,11348,11349,11349,1
2019-10-31 16:07:59.125,11348,11349,11348,3
2019-10-31 16:08:14.695,11347,11348,11348,2
2019-10-31 16:08:16.048,11347,11348,11348,1
2019-10-31 16:08:57.455,11348,11349,11348,1
2019-10-31 16:09:05.745,11348,11349,11349,5
2019-10-31 16:09:05.860,11348,11349,11349,5
2019-10-31 16:09:06.360,11349,11350,11349,1
2019-10-31 16:09:06.486,11348,11349,11349,1
2019-10-31 16:09:06.511,11348,11349,11349,1
2019-10-31 16:09:06.536,11348,11349,11349,1
2019-10-31 16:09:06.562,11348,11349,11349,1
2019-10-31 16:09:25.518,11349,11350,11349,10
2019-10-31 16:09:25.610,11349,11350,11349,2
2019-10-31 16:09:32.494,11348,11349,11349,1
2019-10-31 16:09:33.299,11348,11349,11349,3
2019-10-31 16:10:08.800,11348,11349,11349,1
2019-10-31 16:10:10.316,11348,11349,11349,2
2019-10-31 16:10:10.327,11348,11349,11349,2
2019-10-31 16:10:10.672,11348,11349,11349,1
2019-10-31 16:10:10.704,11348,11349,11349,1
2019-10-31 16:10:10.816,11348,11349,11349,2
2019-10-31 16:10:10.820,11348,11349,11349,2
2019-10-31 16:10:10.897,11348,11349,11349,1
2019-10-31 16:10:10.929,11348,11349,11349,1
2019-10-31 16:10:16.961,11348,11349,11349,1
2019-10-31 16:10:33.880,11348,11349,11349,2
2019-10-31 16:10:42.115,11348,11349,11349,1
2019-10-31 16:11:49.704,11348,11349,11349,1
2019-10-31 16:12:11.436,11348,11349,11349,3
2019-10-31 16:12:34.563,11348,11349,11348,11
2019-10-31 16:12:34.725,11348,11349,11349,4
2019-10-31 16:12:43.210,11348,11349,11348,2
2019-10-31 16:12:54.865,11348,11349,11348,2
2019-10-31 16:13:08.908,11348,11349,11348,1
2019-10-31 16:13:33.129,11348,11349,11348,1
2019-10-31 16:14:00.198,11348,11349,11349,1
2019-10-31 16:14:02.259,11348,11349,11349,1
2019-10-31 16:14:11.103,11348,11349,11349,1
2019-10-31 16:14:45.540,11348,11349,11348,1
2019-10-31 16:15:21.071,11348,11349,11348,2
2019-10-31 16:15:21.548,11348,11349,11348,1
2019-10-31 16:15:21.572,11348,11349,11348,1
2019-10-31 16:15:22.367,11348,11349,11348,1
2019-10-31 16:15:22.417,11348,11349,11348,1
2019-10-31 16:15:22.474,11348,11349,11348,2
2019-10-31 16:15:22.514,11348,11349,11348,2
2019-10-31 16:15:22.918,11348,11349,11348,2
2019-10-31 16:15:22.943,11348,11349,11348,1
2019-10-31 16:15:26.863,11347,11348,11348,3
2019-10-31 16:15:27.289,11348,11349,11348,1
2019-10-31 16:15:47.674,11348,11349,11349,1
2019-10-31 16:16:02.392,11348,11349,11349,3
2019-10-31 16:16:03.083,11348,11349,11349,7
2019-10-31 16:16:13.907,11349,11350,11350,10
2019-10-31 16:16:19.868,11350,11351,11351,9
2019-10-31 16:16:22.378,11350,11352,11350,1
2019-10-31 16:16:36.283,11351,11352,11352,3
2019-10-31 16:16:36.360,11351,11352,11352,9
2019-10-31 16:16:36.485,11351,11352,11352,2
2019-10-31 16:16:38.388,11351,11352,11352,1
2019-10-31 16:16:38.824,11351,11352,11352,1
2019-10-31 16:16:39.731,11351,11352,11352,1
2019-10-31 16:16:41.002,11351,11352,11352,1
2019-10-31 16:16:44.485,11352,11353,11352,1
2019-10-31 16:16:44.511,11352,11353,11352,1
2019-10-31 16:16:44.536,11352,11353,11352,1
2019-10-31 16:16:44.562,11352,11353,11352,1
2019-10-31 16:16:53.246,11352,11353,11352,2
2019-10-31 16:17:02.204,11351,11352,11352,8
2019-10-31 16:17:14.736,11351,11352,11352,2
2019-10-31 16:17:26.975,11352,11353,11352,1
2019-10-31 16:17:35.600,11351,11352,11352,1
2019-10-31 16:17:39.704,11352,11353,11352,3
2019-10-31 16:17:52.378,11351,11352,11352,1
2019-10-31 16:18:02.677,11351,11352,11352,6
2019-10-31 16:18:02.894,11351,11352,11352,1
2019-10-31 16:18:03.670,11351,11352,11351,1
2019-10-31 16:18:28.082,11351,11352,11352,1
2019-10-31 16:18:35.753,11351,11352,11351,1
2019-10-31 16:18:42.130,11351,11352,11351,1
2019-10-31 16:20:00.491,11351,11352,11352,1
2019-10-31 16:20:00.610,11351,11352,11352,4
2019-10-31 16:20:02.097,11351,11352,11352,2
2019-10-31 16:20:02.110,11351,11352,11352,2
2019-10-31 16:20:02.361,11351,11352,11352,10
2019-10-31 16:20:17.982,11352,11353,11353,1
2019-10-31 16:20:18.441,11352,11353,11353,1
2019-10-31 16:20:19.072,11352,11353,11353,1
2019-10-31 16:20:27.851,11352,11353,11353,2
2019-10-31 16:20:35.025,11352,11353,11353,1
2019-10-31 16:20:51.411,11352,11353,11353,1
2019-10-31 16:21:02.312,11352,11353,11353,3
2019-10-31 16:21:04.129,11352,11353,11353,1
2019-10-31 16:21:06.178,11352,11353,11353,1
2019-10-31 16:21:14.630,11352,11353,11352,6
2019-10-31 16:21:24.875,11352,11353,11353,3
2019-10-31 16:21:27.687,11352,11353,11353,2
2019-10-31 16:21:32.587,11352,11353,11352,1
2019-10-31 16:21:50.640,11352,11353,11352,1
2019-10-31 16:22:44.837,11352,11353,11353,1
2019-10-31 16:22:44.837,11352,11353,11353,2
2019-10-31 16:22:44.842,11352,11353,11353,14
2019-10-31 16:22:44.860,11352,11353,11353,4
2019-10-31 16:22:44.860,11352,11353,11353,3
2019-10-31 16:22:44.861,11352,11353,11353,3
2019-10-31 16:22:44.861,11352,11353,11353,9
2019-10-31 16:22:44.861,11352,11353,11353,4
2019-10-31 16:22:44.861,11352,11353,11353,4
2019-10-31 16:22:44.861,11352,11353,11353,2
2019-10-31 16:22:44.861,11352,11353,11353,2
2019-10-31 16:22:44.862,11352,11353,11353,14
2019-10-31 16:22:58.955,11353,11354,11353,1
2019-10-31 16:23:02.647,11353,11354,11353,1
2019-10-31 16:23:04.967,11353,11354,11353,1
2019-10-31 16:23:19.167,11353,11354,11353,2
2019-10-31 16:23:25.623,11353,11354,11353,7
2019-10-31 16:23:31.292,11353,11354,11353,1
2019-10-31 16:23:57.657,11353,11354,11353,1
2019-10-31 16:23:59.543,11353,11354,11353,1
2019-10-31 16:24:13.430,11353,11354,11353,1
2019-10-31 16:24:13.872,11353,11354,11354,2
2019-10-31 16:24:14.056,11353,11354,11354,1
2019-10-31 16:24:14.457,11353,11354,11354,2
2019-10-31 16:24:26.438,11353,11354,11354,1
2019-10-31 16:24:43.463,11353,11354,11354,1
2019-10-31 16:24:48.479,11353,11354,11354,1
2019-10-31 16:24:52.428,11353,11354,11354,5
2019-10-31 16:24:54.150,11353,11354,11354,5
2019-10-31 16:24:57.641,11353,11354,11354,1
2019-10-31 16:24:59.543,11353,11354,11354,1
2019-10-31 16:25:00.628,11353,11354,11354,4
2019-10-31 16:25:01.248,11353,11354,11354,1
2019-10-31 16:25:01.592,11353,11354,11353,1
2019-10-31 16:25:06.247,11353,11354,11354,1
2019-10-31 16:25:06.320,11353,11354,11354,1
2019-10-31 16:25:07.056,11353,11354,11354,2
2019-10-31 16:25:07.138,11353,11354,11354,2
2019-10-31 16:25:08.974,11353,11354,11354,1
2019-10-31 16:25:10.785,11353,11354,11354,1
2019-10-31 16:25:15.116,11353,11354,11353,1
2019-10-31 16:25:23.886,11353,11354,11353,4
2019-10-31 16:25:31.356,11353,11354,11353,1
2019-10-31 16:25:50.195,11353,11354,11353,1
2019-10-31 16:25:58.144,11353,11354,11353,1
2019-10-31 16:26:03.060,11353,11354,11354,1
2019-10-31 16:26:04.211,11353,11354,11354,1
2019-10-31 16:26:21.777,11353,11354,11353,15
2019-10-31 16:26:23.294,11352,11353,11353,1
2019-10-31 16:26:23.412,11352,11353,11353,1
2019-10-31 16:26:23.842,11352,11353,11353,1
2019-10-31 16:26:27.595,11352,11353,11353,16
2019-10-31 16:26:27.991,11353,11354,11354,1
2019-10-31 16:26:28.017,11353,11354,11354,1
2019-10-31 16:26:28.042,11353,11354,11354,1
2019-10-31 16:26:28.067,11353,11354,11354,1
2019-10-31 16:26:28.093,11353,11354,11354,1
2019-10-31 16:26:29.094,11353,11354,11353,1
2019-10-31 16:26:34.344,11353,11354,11353,13
2019-10-31 16:26:36.765,11352,11353,11353,1
2019-10-31 16:26:40.792,11352,11353,11353,8
2019-10-31 16:26:41.009,11353,11354,11353,1
2019-10-31 16:26:41.853,11353,11354,11353,1
2019-10-31 16:26:44.829,11352,11353,11353,3
2019-10-31 16:27:00.843,11353,11354,11353,10
2019-10-31 16:27:02.762,11352,11353,11353,3
2019-10-31 16:27:07.168,11352,11353,11353,1
2019-10-31 16:27:11.299,11352,11353,11352,7
2019-10-31 16:27:11.459,11352,11353,11352,7
2019-10-31 16:27:11.485,11352,11353,11352,5
2019-10-31 16:27:20.133,11351,11353,11351,1
2019-10-31 16:27:23.900,11352,11353,11352,1
2019-10-31 16:27:41.940,11351,11352,11352,1
2019-10-31 16:27:50.578,11352,11353,11352,1
2019-10-31 16:27:51.976,11352,11353,11352,1
2019-10-31 16:27:52.061,11352,11353,11352,2
2019-10-31 16:29:25.369,11352,11353,11353,1
2019-10-31 16:29:28.891,11352,11353,11352,4
2019-10-31 16:29:28.895,11352,11353,11352,1
2019-10-31 16:29:28.896,11352,11353,11352,2
2019-10-31 16:29:28.896,11352,11353,11352,1
2019-10-31 16:30:01.033,11351,11352,11351,2
2019-10-31 16:30:07.714,11351,11352,11351,5
2019-10-31 16:30:21.097,11351,11352,11352,3
2019-10-31 16:30:32.656,11352,11353,11352,3
2019-10-31 16:30:32.722,11352,11353,11352,2
2019-10-31 16:30:32.733,11352,11353,11352,6
2019-10-31 16:30:37.513,11351,11352,11351,3
2019-10-31 16:30:41.294,11351,11352,11351,1
2019-10-31 16:30:46.416,11351,11352,11351,2
2019-10-31 16:30:53.099,11351,11352,11352,2
2019-10-31 16:30:53.465,11351,11352,11351,1
2019-10-31 16:30:53.725,11351,11352,11351,1
2019-10-31 16:30:59.573,11351,11352,11351,1
2019-10-31 16:31:00.594,11351,11352,11351,1
2019-10-31 16:31:09.529,11351,11352,11352,5
2019-10-31 16:31:37.661,11351,11352,11352,2
2019-10-31 16:32:00.504,11351,11352,11352,1
2019-10-31 16:32:08.438,11351,11352,11351,1
2019-10-31 16:32:16.573,11351,11352,11352,1
2019-10-31 16:32:19.105,11351,11352,11352,1
2019-10-31 16:32:20.314,11351,11352,11352,1
2019-10-31 16:32:55.742,11351,11352,11352,4
2019-10-31 16:33:13.081,11351,11352,11351,8
2019-10-31 16:33:13.081,11351,11352,11351,4
2019-10-31 16:33:13.082,11351,11352,11351,2
2019-10-31 16:33:13.082,11351,11352,11351,2
2019-10-31 16:33:23.008,11350,11351,11351,1
2019-10-31 16:33:35.328,11350,11351,11351,2
2019-10-31 16:34:10.090,11351,11352,11351,1
2019-10-31 16:34:12.045,11351,11352,11352,5
2019-10-31 16:35:16.676,11351,11352,11352,3
2019-10-31 16:35:26.054,11351,11352,11352,3
2019-10-31 16:35:31.376,11351,11352,11352,1
2019-10-31 16:35:45.306,11351,11352,11352,1
2019-10-31 16:35:53.853,11351,11352,11352,1
2019-10-31 16:36:04.259,11351,11352,11352,5
2019-10-31 16:36:09.294,11351,11352,11352,4
2019-10-31 16:36:14.186,11351,11352,11352,4
2019-10-31 16:36:25.139,11351,11352,11351,2
2019-10-31 16:36:27.124,11351,11352,11351,15
2019-10-31 16:36:27.609,11350,11351,11351,4
2019-10-31 16:36:31.373,11350,11351,11350,4
2019-10-31 16:36:31.373,11350,11351,11350,9
2019-10-31 16:36:31.373,11350,11351,11350,8
2019-10-31 16:36:31.374,11350,11351,11350,1
2019-10-31 16:36:31.374,11350,11351,11350,5
2019-10-31 16:36:31.379,11350,11351,11350,27
2019-10-31 16:36:31.534,11349,11350,11349,2
2019-10-31 16:36:31.546,11349,11350,11349,3
2019-10-31 16:36:31.638,11349,11350,11349,1
2019-10-31 16:36:31.641,11349,11350,11349,1
2019-10-31 16:36:31.657,11349,11350,11349,1
2019-10-31 16:36:31.736,11349,11350,11349,3
2019-10-31 16:36:31.736,11349,11350,11349,2
2019-10-31 16:36:31.797,11349,11350,11349,1
2019-10-31 16:36:31.860,11349,11350,11349,1
2019-10-31 16:36:31.860,11349,11350,11349,2
2019-10-31 16:36:32.126,11349,11350,11349,16
2019-10-31 16:36:32.924,11348,11349,11348,4
2019-10-31 16:36:32.938,11348,11349,11348,4
2019-10-31 16:36:32.947,11348,11349,11348,2
2019-10-31 16:36:37.581,11348,11349,11348,11
2019-10-31 16:36:37.790,11347,11348,11347,4
2019-10-31 16:36:37.793,11347,11348,11347,4
2019-10-31 16:36:39.706,11347,11348,11347,2
2019-10-31 16:36:40.593,11347,11348,11347,2
2019-10-31 16:36:42.746,11347,11348,11347,1
2019-10-31 16:36:42.796,11347,11348,11347,1
2019-10-31 16:36:45.082,11347,11348,11347,2
2019-10-31 16:36:45.133,11347,11348,11347,14
2019-10-31 16:36:47.331,11346,11348,11348,3
2019-10-31 16:36:52.996,11347,11348,11347,1
2019-10-31 16:36:59.476,11347,11348,11347,1
2019-10-31 16:37:05.783,11347,11348,11347,2
2019-10-31 16:37:05.833,11347,11348,11347,2
2019-10-31 16:37:06.796,11347,11348,11347,1
2019-10-31 16:37:07.571,11347,11348,11347,1
2019-10-31 16:37:07.609,11347,11348,11347,1
2019-10-31 16:37:11.776,11347,11348,11347,1
2019-10-31 16:37:11.934,11347,11348,11347,1
2019-10-31 16:37:18.207,11347,11348,11347,1
2019-10-31 16:37:28.428,11347,11348,11347,1
2019-10-31 16:37:30.092,11347,11348,11347,1
2019-10-31 16:37:51.113,11347,11348,11347,1
2019-10-31 16:37:56.619,11347,11348,11347,1
2019-10-31 16:38:00.968,11347,11348,11348,1
2019-10-31 16:38:09.410,11347,11348,11348,1
2019-10-31 16:38:19.331,11347,11348,11348,1
2019-10-31 16:38:24.376,11347,11348,11348,15
2019-10-31 16:38:24.485,11347,11348,11348,3
2019-10-31 16:38:24.503,11347,11348,11349,2
2019-10-31 16:38:41.211,11348,11349,11348,1
2019-10-31 16:38:53.741,11347,11348,11348,1
2019-10-31 16:38:53.816,11347,11348,11348,1
2019-10-31 16:39:04.792,11347,11348,11348,1
2019-10-31 16:39:05.806,11347,11348,11348,2
2019-10-31 16:39:09.573,11348,11349,11348,1
2019-10-31 16:39:34.886,11347,11348,11348,2
2019-10-31 16:39:35.125,11347,11348,11348,1
2019-10-31 16:40:34.815,11348,11349,11349,1
2019-10-31 16:41:00.985,11348,11349,11349,1
2019-10-31 16:41:01.008,11348,11349,11349,1
2019-10-31 16:41:02.263,11348,11349,11349,1
2019-10-31 16:41:02.263,11348,11349,11349,1
2019-10-31 16:41:02.776,11348,11350,11348,2
2019-10-31 16:41:04.397,11348,11350,11348,4
2019-10-31 16:41:05.693,11348,11350,11348,1
2019-10-31 16:41:16.058,11348,11350,11348,1
2019-10-31 16:41:39.915,11348,11349,11348,1
2019-10-31 16:41:43.767,11348,11349,11349,2
2019-10-31 16:42:05.437,11348,11349,11349,1
2019-10-31 16:44:26.771,11348,11349,11348,1
2019-10-31 16:44:46.743,11348,11349,11348,1
2019-10-31 16:45:35.839,11348,11349,11348,1
2019-10-31 16:45:47.782,11348,11349,11349,2
2019-10-31 16:46:18.061,11348,11349,11349,1
2019-10-31 16:46:22.835,11348,11349,11349,1
2019-10-31 16:46:42.229,11348,11349,11349,1
2019-10-31 16:46:54.315,11348,11349,11349,1
2019-10-31 16:47:21.774,11348,11349,11348,1
2019-10-31 16:47:23.803,11348,11349,11348,1
2019-10-31 16:47:46.767,11348,11349,11348,28
2019-10-31 16:47:46.767,11348,11349,11347,14
2019-10-31 16:47:46.893,11347,11349,11347,1
2019-10-31 16:47:47.617,11347,11349,11347,1
2019-10-31 16:47:48.164,11347,11349,11347,1
2019-10-31 16:47:52.612,11347,11348,11347,1
2019-10-31 16:48:12.375,11347,11348,11348,1
2019-10-31 16:48:33.076,11347,11348,11348,2
2019-10-31 16:48:39.132,11347,11348,11348,1
2019-10-31 16:49:29.578,11347,11348,11348,2
2019-10-31 16:49:36.985,11347,11348,11348,2
2019-10-31 16:49:37.041,11347,11348,11348,3
2019-10-31 16:49:44.937,11348,11349,11349,10
2019-10-31 16:49:45.984,11349,11350,11349,1
2019-10-31 16:49:46.036,11349,11350,11349,1
2019-10-31 16:50:09.035,11348,11349,11349,1
2019-10-31 16:50:19.405,11348,11349,11349,1
2019-10-31 16:50:31.056,11348,11349,11349,3
2019-10-31 16:50:36.870,11349,11350,11349,1
2019-10-31 16:52:23.797,11349,11350,11349,2
2019-10-31 16:52:57.963,11349,11350,11349,1
2019-10-31 16:53:32.271,11349,11350,11349,1
2019-10-31 16:55:19.648,11349,11350,11349,1
2019-10-31 16:55:48.891,11349,11350,11349,1
2019-10-31 16:56:06.642,11349,11350,11349,2
2019-10-31 16:56:26.187,11349,11350,11350,2
2019-10-31 16:56:26.225,11349,11350,11350,1
2019-10-31 16:56:26.225,11349,11350,11350,4
2019-10-31 16:56:26.225,11349,11350,11350,7
2019-10-31 16:56:26.225,11349,11350,11350,4
2019-10-31 16:56:28.557,11350,11351,11350,1
2019-10-31 16:56:33.378,11350,11351,11351,1
2019-10-31 16:56:43.904,11350,11351,11351,2
2019-10-31 16:56:45.339,11350,11351,11351,1
2019-10-31 16:56:46.787,11350,11351,11350,2
2019-10-31 16:56:48.261,11350,11351,11351,1
2019-10-31 16:56:52.918,11350,11351,11351,1
2019-10-31 16:57:17.652,11350,11351,11350,1
2019-10-31 16:57:50.619,11350,11351,11350,4
2019-10-31 16:58:02.442,11349,11350,11350,7
2019-10-31 16:58:11.177,11349,11350,11350,2
2019-10-31 16:58:17.066,11350,11351,11350,1
2019-10-31 16:58:21.893,11350,11351,11350,1
2019-10-31 16:58:41.583,11350,11351,11350,1
2019-10-31 16:58:44.864,11350,11351,11350,1
2019-10-31 17:00:02.184,11350,11351,11351,1
2019-10-31 17:00:03.652,11350,11351,11350,2
2019-10-31 17:00:18.300,11350,11351,11351,1
2019-10-31 17:00:32.538,11350,11351,11351,1
2019-10-31 17:00:35.423,11350,11351,11351,1
2019-10-31 17:00:46.522,11350,11351,11350,1
2019-10-31 17:01:53.325,11350,11351,11351,1
2019-10-31 17:03:00.763,11350,11351,11351,1
2019-10-31 17:03:05.637,11350,11351,11351,1
2019-10-31 17:03:11.416,11350,11351,11351,1
2019-10-31 17:03:11.423,11350,11351,11351,1
2019-10-31 17:03:14.585,11350,11351,11351,1
2019-10-31 17:03:55.895,11350,11351,11351,3
2019-10-31 17:03:58.261,11350,11351,11351,1
2019-10-31 17:04:02.286,11350,11351,11351,6
2019-10-31 17:04:10.934,11350,11351,11351,1
2019-10-31 17:04:17.398,11350,11351,11351,1
2019-10-31 17:04:25.623,11350,11351,11351,1
2019-10-31 17:04:37.052,11350,11351,11351,1
2019-10-31 17:04:40.984,11350,11351,11351,1
2019-10-31 17:04:53.725,11350,11351,11350,8
2019-10-31 17:04:53.725,11350,11351,11350,8
2019-10-31 17:04:53.726,11350,11351,11350,5
2019-10-31 17:04:53.726,11350,11351,11349,2
2019-10-31 17:04:53.726,11350,11351,11349,7
2019-10-31 17:04:53.731,11350,11351,11349,15
2019-10-31 17:04:53.731,11350,11351,11349,5
2019-10-31 17:04:53.731,11350,11351,11349,3
2019-10-31 17:04:53.732,11350,11351,11349,3
2019-10-31 17:04:53.732,11350,11351,11349,3
2019-10-31 17:04:53.732,11350,11351,11349,3
2019-10-31 17:04:53.736,11349,11350,11349,3
2019-10-31 17:04:53.737,11349,11350,11349,4
2019-10-31 17:04:53.737,11349,11350,11349,2
2019-10-31 17:04:53.737,11349,11350,11349,1
2019-10-31 17:04:53.737,11349,11350,11349,1
2019-10-31 17:04:53.739,11349,11350,11349,2
2019-10-31 17:04:53.786,11349,11350,11348,1
2019-10-31 17:04:53.806,11349,11350,11348,4
2019-10-31 17:04:53.807,11349,11350,11348,4
2019-10-31 17:04:53.861,11348,11349,11348,14
2019-10-31 17:04:54.047,11347,11348,11347,6
2019-10-31 17:04:54.052,11347,11348,11347,5
2019-10-31 17:04:54.052,11347,11348,11347,6
2019-10-31 17:04:54.052,11347,11348,11347,5
2019-10-31 17:04:54.052,11347,11348,11347,3
2019-10-31 17:04:54.111,11346,11347,11346,13
2019-10-31 17:04:54.151,11346,11347,11346,1
2019-10-31 17:04:54.163,11346,11347,11346,2
2019-10-31 17:04:54.174,11346,11347,11346,3
2019-10-31 17:04:54.179,11346,11347,11346,2
2019-10-31 17:04:54.200,11346,11347,11346,2
2019-10-31 17:04:54.217,11346,11347,11346,3
2019-10-31 17:04:54.235,11346,11347,11346,6
2019-10-31 17:04:54.451,11346,11347,11346,1
2019-10-31 17:04:54.841,11346,11347,11346,1
2019-10-31 17:04:55.002,11346,11347,11346,1
2019-10-31 17:04:55.055,11346,11347,11346,4
2019-10-31 17:04:55.360,11345,11346,11345,1
2019-10-31 17:04:55.476,11345,11346,11345,8
2019-10-31 17:04:55.476,11345,11346,11345,2
2019-10-31 17:04:55.486,11345,11346,11345,4
2019-10-31 17:04:55.486,11345,11346,11345,1
2019-10-31 17:04:55.486,11345,11346,11345,1
2019-10-31 17:04:55.533,11345,11346,11345,1
2019-10-31 17:04:55.533,11345,11346,11345,1
2019-10-31 17:04:55.555,11345,11346,11345,1
2019-10-31 17:04:55.557,11345,11346,11345,1
2019-10-31 17:04:55.561,11345,11346,11345,1
2019-10-31 17:04:55.561,11345,11346,11345,1
2019-10-31 17:04:55.561,11345,11346,11345,1
2019-10-31 17:04:55.612,11345,11346,11345,37
2019-10-31 17:04:55.903,11344,11345,11344,4
2019-10-31 17:04:55.956,11344,11345,11344,1
2019-10-31 17:04:56.020,11344,11345,11344,3
2019-10-31 17:04:56.021,11344,11345,11344,1
2019-10-31 17:04:56.027,11344,11345,11344,3
2019-10-31 17:04:56.036,11344,11345,11344,3
2019-10-31 17:04:56.611,11344,11345,11344,3
2019-10-31 17:04:56.845,11344,11345,11344,1
2019-10-31 17:04:56.988,11344,11345,11344,1
2019-10-31 17:04:57.034,11344,11345,11345,2
2019-10-31 17:04:57.036,11344,11345,11345,1
2019-10-31 17:04:57.036,11344,11345,11345,4
2019-10-31 17:04:57.077,11344,11345,11345,2
2019-10-31 17:04:57.141,11345,11346,11345,1
2019-10-31 17:04:57.429,11344,11345,11345,4
2019-10-31 17:04:57.429,11344,11345,11345,1
2019-10-31 17:04:57.430,11344,11345,11345,7
2019-10-31 17:04:57.432,11344,11345,11345,2
2019-10-31 17:04:57.433,11344,11345,11345,2
2019-10-31 17:04:57.435,11344,11345,11345,2
2019-10-31 17:04:57.439,11344,11345,11345,2
2019-10-31 17:04:57.751,11345,11346,11346,8
2019-10-31 17:04:57.751,11345,11346,11346,7
2019-10-31 17:04:57.915,11346,11347,11346,2
2019-10-31 17:04:57.915,11346,11347,11345,13
2019-10-31 17:04:58.146,11345,11346,11345,1
2019-10-31 17:04:58.507,11345,11346,11345,2
2019-10-31 17:04:58.839,11344,11345,11344,1
2019-10-31 17:04:59.930,11344,11345,11344,2
2019-10-31 17:05:00.272,11344,11345,11344,2
2019-10-31 17:05:00.324,11344,11345,11344,2
2019-10-31 17:05:00.413,11344,11345,11344,13
2019-10-31 17:05:00.455,11344,11345,11344,1
2019-10-31 17:05:00.644,11343,11344,11343,4
2019-10-31 17:05:00.866,11343,11344,11343,1
2019-10-31 17:05:01.141,11343,11344,11343,2
2019-10-31 17:05:01.650,11343,11344,11343,3
2019-10-31 17:05:02.454,11343,11344,11343,3
2019-10-31 17:05:02.454,11343,11344,11343,5
2019-10-31 17:05:02.456,11343,11344,11343,6
2019-10-31 17:05:02.457,11343,11344,11343,2
2019-10-31 17:05:02.488,11343,11344,11344,2
2019-10-31 17:05:02.662,11343,11344,11343,1
2019-10-31 17:05:02.739,11343,11344,11343,1
2019-10-31 17:05:02.761,11343,11344,11343,1
2019-10-31 17:05:03.067,11343,11344,11343,2
2019-10-31 17:05:03.077,11343,11344,11344,4
2019-10-31 17:05:03.080,11343,11344,11343,2
2019-10-31 17:05:03.190,11343,11344,11343,1
2019-10-31 17:05:03.280,11343,11344,11343,1
2019-10-31 17:05:03.779,11343,11344,11343,2
2019-10-31 17:05:03.783,11343,11344,11343,1
2019-10-31 17:05:03.786,11343,11344,11343,2
2019-10-31 17:05:04.994,11343,11344,11343,4
2019-10-31 17:05:05.160,11343,11344,11343,21
2019-10-31 17:05:05.408,11342,11343,11342,1
2019-10-31 17:05:05.411,11342,11343,11342,1
2019-10-31 17:05:05.503,11342,11343,11342,5
2019-10-31 17:05:05.611,11342,11343,11342,1
2019-10-31 17:05:05.735,11342,11343,11342,1
2019-10-31 17:05:05.841,11342,11343,11342,3
2019-10-31 17:05:05.861,11342,11343,11342,1
2019-10-31 17:05:05.861,11342,11343,11342,1
2019-10-31 17:05:05.861,11342,11343,11342,5
2019-10-31 17:05:05.862,11342,11343,11342,1
2019-10-31 17:05:05.961,11342,11343,11342,1
2019-10-31 17:05:05.978,11342,11343,11342,2
2019-10-31 17:05:06.096,11342,11343,11342,1
2019-10-31 17:05:06.096,11342,11343,11342,1
2019-10-31 17:05:06.097,11342,11343,11342,1
2019-10-31 17:05:06.254,11342,11343,11342,20
2019-10-31 17:05:06.361,11342,11343,11342,1
2019-10-31 17:05:06.367,11342,11343,11342,2
2019-10-31 17:05:06.695,11342,11343,11342,1
2019-10-31 17:05:08.036,11342,11343,11342,9
2019-10-31 17:05:08.087,11342,11343,11342,7
2019-10-31 17:05:08.337,11341,11342,11341,4
2019-10-31 17:05:08.390,11341,11342,11341,4
2019-10-31 17:05:08.434,11341,11342,11341,1
2019-10-31 17:05:08.491,11341,11342,11341,1
2019-10-31 17:05:08.552,11341,11342,11342,1
2019-10-31 17:05:08.693,11341,11342,11341,1
2019-10-31 17:05:08.736,11341,11342,11341,2
2019-10-31 17:05:08.747,11341,11342,11341,2
2019-10-31 17:05:08.800,11341,11342,11341,6
2019-10-31 17:05:08.860,11341,11342,11341,1
2019-10-31 17:05:08.861,11341,11342,11341,5
2019-10-31 17:05:08.916,11341,11342,11340,1
2019-10-31 17:05:08.937,11341,11342,11340,1
2019-10-31 17:05:09.009,11340,11342,11340,20
2019-10-31 17:05:09.013,11340,11342,11340,2
2019-10-31 17:05:09.015,11340,11342,11340,5
2019-10-31 17:05:09.017,11340,11342,11340,1
2019-10-31 17:05:09.048,11340,11342,11340,20
2019-10-31 17:05:09.271,11340,11341,11340,2
2019-10-31 17:05:09.272,11340,11341,11340,4
2019-10-31 17:05:09.274,11340,11341,11340,4
2019-10-31 17:05:09.302,11340,11341,11340,2
2019-10-31 17:05:09.313,11340,11341,11340,1
2019-10-31 17:05:09.320,11340,11341,11340,1
2019-10-31 17:05:09.331,11340,11341,11340,1
2019-10-31 17:05:09.339,11340,11341,11340,7
2019-10-31 17:05:09.339,11340,11341,11339,3
2019-10-31 17:05:09.397,11339,11341,11339,1
2019-10-31 17:05:09.430,11339,11341,11339,1
2019-10-31 17:05:09.455,11339,11341,11340,1
2019-10-31 17:05:09.459,11339,11341,11339,1
2019-10-31 17:05:09.526,11339,11341,11339,1
2019-10-31 17:05:09.593,11339,11341,11339,2
2019-10-31 17:05:09.593,11339,11341,11339,1
2019-10-31 17:05:09.854,11339,11341,11339,1
2019-10-31 17:05:09.956,11339,11341,11339,1
2019-10-31 17:05:09.998,11339,11340,11339,2
2019-10-31 17:05:10.037,11339,11340,11339,2
2019-10-31 17:05:10.130,11339,11340,11338,1
2019-10-31 17:05:10.236,11338,11339,11339,3
2019-10-31 17:05:10.238,11338,11339,11338,2
2019-10-31 17:05:10.248,11338,11339,11338,1
2019-10-31 17:05:10.260,11338,11339,11338,1
2019-10-31 17:05:10.360,11338,11339,11339,2
2019-10-31 17:05:10.389,11338,11339,11338,2
2019-10-31 17:05:10.399,11338,11339,11338,1
2019-10-31 17:05:10.411,11338,11339,11338,1
2019-10-31 17:05:10.471,11338,11339,11338,1
2019-10-31 17:05:10.506,11338,11339,11338,2
2019-10-31 17:05:10.508,11338,11339,11338,1
2019-10-31 17:05:10.515,11338,11339,11338,1
2019-10-31 17:05:10.571,11338,11339,11338,6
2019-10-31 17:05:10.939,11338,11339,11338,1
2019-10-31 17:05:11.133,11338,11339,11339,1
2019-10-31 17:05:11.344,11338,11339,11338,1
2019-10-31 17:05:11.358,11338,11339,11338,1
2019-10-31 17:05:11.519,11338,11339,11339,1
2019-10-31 17:05:11.784,11338,11339,11338,1
2019-10-31 17:05:11.860,11338,11339,11339,1
2019-10-31 17:05:12.731,11338,11339,11338,2
2019-10-31 17:05:13.025,11338,11339,11338,1
2019-10-31 17:05:13.184,11338,11339,11338,2
2019-10-31 17:05:13.186,11338,11339,11338,3
2019-10-31 17:05:13.204,11338,11339,11338,1
2019-10-31 17:05:13.236,11338,11339,11338,4
2019-10-31 17:05:13.236,11338,11339,11338,29
2019-10-31 17:05:13.294,11338,11339,11338,1
2019-10-31 17:05:13.294,11338,11339,11337,2
2019-10-31 17:05:13.421,11337,11339,11337,1
2019-10-31 17:05:13.442,11337,11339,11337,1
2019-10-31 17:05:13.464,11337,11339,11337,1
2019-10-31 17:05:13.514,11337,11338,11337,1
2019-10-31 17:05:13.519,11337,11338,11337,1
2019-10-31 17:05:13.529,11337,11338,11337,1
2019-10-31 17:05:13.549,11337,11338,11337,1
2019-10-31 17:05:13.617,11337,11338,11338,1
2019-10-31 17:05:13.618,11337,11338,11337,1
2019-10-31 17:05:13.642,11337,11338,11338,1
2019-10-31 17:05:13.655,11337,11338,11337,2
2019-10-31 17:05:13.655,11337,11338,11336,5
2019-10-31 17:05:13.655,11337,11338,11336,6
2019-10-31 17:05:13.667,11337,11338,11337,1
2019-10-31 17:05:13.693,11337,11338,11338,1
2019-10-31 17:05:13.718,11337,11338,11338,1
2019-10-31 17:05:13.736,11336,11338,11337,1
2019-10-31 17:05:13.761,11336,11338,11337,1
2019-10-31 17:05:13.787,11336,11338,11337,1
2019-10-31 17:05:13.818,11336,11338,11336,2
2019-10-31 17:05:13.841,11336,11338,11336,1
2019-10-31 17:05:13.878,11336,11337,11336,1
2019-10-31 17:05:13.879,11336,11337,11336,1
2019-10-31 17:05:13.894,11336,11337,11336,1
2019-10-31 17:05:13.986,11336,11337,11336,4
2019-10-31 17:05:14.014,11336,11337,11336,8
2019-10-31 17:05:14.023,11336,11337,11336,1
2019-10-31 17:05:14.332,11335,11337,11336,1
2019-10-31 17:05:14.343,11335,11337,11336,1
2019-10-31 17:05:14.350,11335,11337,11335,1
2019-10-31 17:05:14.357,11335,11337,11335,1
2019-10-31 17:05:14.359,11335,11337,11335,1
2019-10-31 17:05:14.446,11335,11337,11335,1
2019-10-31 17:05:14.633,11335,11337,11335,1
2019-10-31 17:05:14.645,11335,11337,11335,1
2019-10-31 17:05:15.188,11336,11337,11336,2
2019-10-31 17:05:15.479,11336,11337,11336,2
2019-10-31 17:05:15.678,11336,11337,11336,2
2019-10-31 17:05:15.832,11335,11337,11335,1
2019-10-31 17:05:15.980,11335,11337,11335,1
2019-10-31 17:05:16.117,11335,11336,11336,2
2019-10-31 17:05:16.179,11335,11336,11336,2
2019-10-31 17:05:16.184,11335,11336,11336,1
2019-10-31 17:05:16.313,11336,11337,11336,1
2019-10-31 17:05:16.360,11336,11337,11336,1
2019-10-31 17:05:16.362,11336,11337,11335,1
2019-10-31 17:05:16.386,11336,11337,11336,1
2019-10-31 17:05:16.411,11336,11337,11336,1
2019-10-31 17:05:16.436,11336,11337,11336,1
2019-10-31 17:05:16.455,11336,11337,11335,2
2019-10-31 17:05:16.905,11335,11337,11335,6
2019-10-31 17:05:17.153,11335,11337,11335,2
2019-10-31 17:05:17.501,11335,11337,11335,2
2019-10-31 17:05:17.899,11335,11337,11336,1
2019-10-31 17:05:17.933,11335,11337,11336,2
2019-10-31 17:05:18.267,11336,11337,11336,2
2019-10-31 17:05:18.402,11336,11337,11337,1
2019-10-31 17:05:18.485,11336,11337,11337,4
2019-10-31 17:05:18.485,11336,11337,11337,1
2019-10-31 17:05:18.513,11336,11337,11337,1
2019-10-31 17:05:18.559,11336,11337,11337,1
2019-10-31 17:05:18.610,11336,11337,11337,1
2019-10-31 17:05:18.689,11336,11337,11337,6
2019-10-31 17:05:18.754,11336,11338,11337,1
2019-10-31 17:05:18.813,11336,11338,11337,2
2019-10-31 17:05:19.262,11336,11337,11337,2
2019-10-31 17:05:19.661,11337,11338,11337,20
2019-10-31 17:05:19.786,11337,11338,11337,1
2019-10-31 17:05:19.860,11337,11338,11338,4
2019-10-31 17:05:19.907,11337,11338,11338,1
2019-10-31 17:05:19.983,11337,11338,11339,5
2019-10-31 17:05:19.984,11337,11338,11339,1
2019-10-31 17:05:19.984,11337,11338,11339,7
2019-10-31 17:05:19.984,11337,11338,11339,5
2019-10-31 17:05:19.984,11337,11338,11339,13
2019-10-31 17:05:19.986,11338,11340,11339,2
2019-10-31 17:05:19.986,11338,11340,11340,2
2019-10-31 17:05:19.990,11338,11340,11340,1
2019-10-31 17:05:19.991,11338,11340,11340,1
2019-10-31 17:05:20.028,11338,11340,11340,5
2019-10-31 17:05:20.161,11339,11341,11340,7
2019-10-31 17:05:20.236,11340,11341,11341,2
2019-10-31 17:05:20.236,11340,11341,11341,2
2019-10-31 17:05:20.238,11340,11341,11341,6
2019-10-31 17:05:20.238,11340,11341,11341,1
2019-10-31 17:05:20.370,11341,11342,11341,1
2019-10-31 17:05:20.455,11341,11342,11340,2
2019-10-31 17:05:20.736,11340,11341,11341,3
2019-10-31 17:05:20.859,11340,11341,11341,1
2019-10-31 17:05:20.861,11341,11342,11342,3
2019-10-31 17:05:20.861,11341,11342,11342,5
2019-10-31 17:05:20.861,11341,11342,11342,3
2019-10-31 17:05:20.861,11341,11342,11342,2
2019-10-31 17:05:20.870,11341,11342,11342,1
2019-10-31 17:05:20.941,11341,11342,11341,2
2019-10-31 17:05:21.256,11341,11342,11341,2
2019-10-31 17:05:21.511,11340,11341,11340,1
2019-10-31 17:05:21.842,11340,11341,11341,2
2019-10-31 17:05:21.985,11340,11341,11340,12
2019-10-31 17:05:22.116,11340,11341,11340,1
2019-10-31 17:05:22.194,11340,11341,11340,1
2019-10-31 17:05:22.220,11340,11341,11340,1
2019-10-31 17:05:22.236,11339,11340,11340,1
2019-10-31 17:05:22.305,11339,11340,11340,1
2019-10-31 17:05:23.403,11339,11341,11339,1
2019-10-31 17:05:24.406,11339,11340,11339,1
2019-10-31 17:05:25.236,11340,11341,11340,3
2019-10-31 17:05:26.080,11339,11341,11339,1
2019-10-31 17:05:27.002,11340,11341,11341,3
2019-10-31 17:05:27.101,11340,11341,11340,1
2019-10-31 17:05:27.243,11340,11341,11340,17
2019-10-31 17:05:28.739,11340,11341,11340,3
2019-10-31 17:05:28.782,11340,11341,11340,1
2019-10-31 17:05:28.864,11340,11341,11340,1
2019-10-31 17:05:29.612,11339,11340,11340,1
2019-10-31 17:05:29.871,11339,11340,11340,1
2019-10-31 17:05:30.103,11339,11340,11339,5
2019-10-31 17:05:32.119,11339,11340,11339,1
2019-10-31 17:05:32.157,11339,11340,11339,2
2019-10-31 17:05:32.159,11339,11340,11339,2
2019-10-31 17:05:33.002,11338,11339,11338,1
2019-10-31 17:05:33.210,11338,11339,11338,4
2019-10-31 17:05:33.229,11338,11339,11339,1
2019-10-31 17:05:34.027,11337,11338,11337,1
2019-10-31 17:05:34.041,11337,11338,11337,1
2019-10-31 17:05:34.631,11337,11338,11337,1
2019-10-31 17:05:35.485,11337,11338,11337,5
2019-10-31 17:05:35.610,11337,11338,11337,2
2019-10-31 17:05:36.117,11336,11337,11337,1
2019-10-31 17:05:37.088,11336,11337,11336,2
2019-10-31 17:05:37.089,11336,11337,11336,2
2019-10-31 17:05:37.089,11336,11337,11336,4
2019-10-31 17:05:37.110,11336,11337,11336,1
2019-10-31 17:05:37.276,11335,11336,11335,1
2019-10-31 17:05:37.576,11335,11336,11336,1
2019-10-31 17:05:38.092,11335,11336,11335,6
2019-10-31 17:05:38.289,11335,11336,11336,2
2019-10-31 17:05:38.781,11335,11336,11335,7
2019-10-31 17:05:38.781,11335,11336,11335,5
2019-10-31 17:05:39.210,11334,11335,11335,1
2019-10-31 17:05:39.409,11334,11335,11335,1
2019-10-31 17:05:40.466,11334,11335,11335,1
2019-10-31 17:05:40.564,11334,11335,11335,1
2019-10-31 17:05:40.840,11334,11335,11335,1
2019-10-31 17:05:41.095,11334,11335,11335,1
2019-10-31 17:05:41.984,11334,11335,11335,3
2019-10-31 17:05:42.520,11334,11335,11335,1
2019-10-31 17:05:42.725,11334,11335,11335,1
2019-10-31 17:05:42.993,11334,11335,11334,1
2019-10-31 17:05:43.136,11334,11335,11334,2
2019-10-31 17:05:43.199,11334,11335,11334,1
2019-10-31 17:05:43.236,11334,11335,11334,1
2019-10-31 17:05:43.248,11334,11335,11334,2
2019-10-31 17:05:43.252,11334,11335,11334,1
2019-10-31 17:05:43.319,11334,11335,11334,1
2019-10-31 17:05:43.320,11334,11335,11334,1
2019-10-31 17:05:43.379,11334,11335,11334,2
2019-10-31 17:05:43.880,11334,11335,11334,1
2019-10-31 17:05:44.022,11334,11335,11334,1
2019-10-31 17:05:44.552,11334,11335,11335,3
2019-10-31 17:05:45.050,11334,11335,11335,1
2019-10-31 17:05:46.676,11334,11335,11334,4
2019-10-31 17:05:48.079,11334,11335,11335,1
2019-10-31 17:05:48.094,11334,11335,11335,3
2019-10-31 17:05:49.458,11334,11335,11335,1
2019-10-31 17:05:50.643,11334,11335,11335,1
2019-10-31 17:05:52.949,11334,11336,11334,26
2019-10-31 17:05:53.110,11333,11334,11334,1
2019-10-31 17:05:53.389,11333,11334,11334,1
2019-10-31 17:05:53.487,11333,11334,11334,1
2019-10-31 17:05:53.538,11333,11334,11333,5
2019-10-31 17:05:53.725,11333,11334,11333,1
2019-10-31 17:05:53.757,11333,11334,11333,1
2019-10-31 17:05:54.106,11333,11334,11334,2
2019-10-31 17:05:54.151,11333,11334,11334,2
2019-10-31 17:05:54.179,11333,11334,11333,1
2019-10-31 17:05:54.187,11333,11334,11333,2
2019-10-31 17:05:54.351,11333,11334,11333,1
2019-10-31 17:05:54.965,11333,11334,11334,1
2019-10-31 17:05:55.617,11333,11334,11334,5
2019-10-31 17:05:55.618,11333,11334,11334,3
2019-10-31 17:05:55.618,11333,11334,11334,3
2019-10-31 17:05:55.736,11333,11334,11334,23
2019-10-31 17:05:55.736,11333,11334,11334,5
2019-10-31 17:05:55.736,11333,11334,11334,1
2019-10-31 17:05:55.736,11333,11334,11334,3
2019-10-31 17:05:55.736,11333,11334,11334,4
2019-10-31 17:05:55.736,11333,11334,11334,2
2019-10-31 17:05:55.736,11333,11334,11334,1
2019-10-31 17:05:55.737,11333,11334,11334,9
2019-10-31 17:05:55.741,11333,11334,11334,2
2019-10-31 17:05:56.567,11334,11335,11335,3
2019-10-31 17:05:57.337,11335,11336,11336,2
2019-10-31 17:05:58.061,11336,11337,11336,1
2019-10-31 17:05:58.272,11336,11337,11336,1
2019-10-31 17:05:59.770,11336,11337,11337,2
2019-10-31 17:05:59.774,11336,11337,11337,2
2019-10-31 17:05:59.812,11336,11337,11337,1
2019-10-31 17:05:59.855,11336,11337,11336,1
2019-10-31 17:06:00.468,11337,11338,11337,1
2019-10-31 17:06:00.468,11337,11338,11337,3
2019-10-31 17:06:00.865,11336,11337,11336,2
2019-10-31 17:06:01.083,11336,11337,11336,1
2019-10-31 17:06:01.093,11336,11337,11335,1
2019-10-31 17:06:01.116,11335,11337,11335,1
2019-10-31 17:06:01.423,11335,11336,11335,2
2019-10-31 17:06:01.680,11335,11336,11336,1
2019-10-31 17:06:02.283,11335,11336,11335,2
2019-10-31 17:06:02.362,11335,11336,11335,2
2019-10-31 17:06:03.316,11335,11336,11336,1
2019-10-31 17:06:03.317,11335,11336,11335,2
2019-10-31 17:06:03.431,11335,11336,11336,3
2019-10-31 17:06:04.426,11335,11336,11336,7
2019-10-31 17:06:04.426,11335,11336,11337,1
2019-10-31 17:06:04.426,11335,11336,11337,7
2019-10-31 17:06:04.426,11335,11336,11337,7
2019-10-31 17:06:04.427,11335,11336,11337,8
2019-10-31 17:06:04.442,11335,11336,11338,4
2019-10-31 17:06:04.442,11335,11336,11338,1
2019-10-31 17:06:04.443,11335,11336,11338,5
2019-10-31 17:06:04.443,11335,11336,11338,15
2019-10-31 17:06:04.485,11338,11339,11338,5
2019-10-31 17:06:04.486,11338,11339,11338,2
2019-10-31 17:06:04.486,11338,11339,11339,2
2019-10-31 17:06:04.486,11338,11339,11339,5
2019-10-31 17:06:04.611,11339,11340,11340,11
2019-10-31 17:06:04.611,11339,11340,11340,9
2019-10-31 17:06:04.659,11339,11340,11339,1
2019-10-31 17:06:04.986,11340,11341,11341,2
2019-10-31 17:06:05.012,11340,11341,11341,2
2019-10-31 17:06:05.336,11341,11342,11341,1
2019-10-31 17:06:05.429,11341,11342,11341,1
2019-10-31 17:06:05.430,11341,11342,11341,1
2019-10-31 17:06:05.430,11341,11342,11341,1
2019-10-31 17:06:05.453,11341,11342,11341,11
2019-10-31 17:06:05.453,11341,11342,11341,2
2019-10-31 17:06:05.493,11340,11341,11340,2
2019-10-31 17:06:05.588,11340,11341,11341,2
2019-10-31 17:06:06.035,11340,11341,11340,1
2019-10-31 17:06:06.573,11339,11341,11339,4
2019-10-31 17:06:06.735,11339,11340,11340,1
2019-10-31 17:06:06.860,11340,11341,11340,2
2019-10-31 17:06:06.861,11340,11341,11340,2
2019-10-31 17:06:06.861,11340,11341,11340,2
2019-10-31 17:06:07.015,11339,11341,11339,1
2019-10-31 17:06:07.363,11339,11340,11339,1
2019-10-31 17:06:08.291,11339,11340,11339,6
2019-10-31 17:06:08.316,11339,11340,11339,2
2019-10-31 17:06:08.342,11339,11340,11339,2
2019-10-31 17:06:08.513,11339,11340,11339,6
2019-10-31 17:06:08.527,11339,11340,11339,1
2019-10-31 17:06:08.538,11339,11340,11339,2
2019-10-31 17:06:08.543,11339,11340,11339,1
2019-10-31 17:06:09.442,11339,11340,11340,2
2019-10-31 17:06:09.485,11339,11340,11340,1
2019-10-31 17:06:09.547,11340,11341,11340,1
2019-10-31 17:06:09.665,11339,11341,11339,1
2019-10-31 17:06:10.166,11339,11340,11340,1
2019-10-31 17:06:11.141,11339,11340,11339,1
2019-10-31 17:06:11.752,11339,11340,11340,1
2019-10-31 17:06:12.501,11339,11340,11339,1
2019-10-31 17:06:13.278,11339,11340,11339,2
2019-10-31 17:06:15.780,11339,11340,11339,4
2019-10-31 17:06:15.780,11339,11340,11338,1
2019-10-31 17:06:15.861,11339,11340,11339,1
2019-10-31 17:06:15.954,11339,11340,11339,1
2019-10-31 17:06:15.982,11339,11340,11339,1
2019-10-31 17:06:15.986,11338,11339,11339,1
2019-10-31 17:06:15.998,11338,11339,11339,1
2019-10-31 17:06:16.110,11339,11340,11339,1
2019-10-31 17:06:16.199,11339,11340,11339,1
2019-10-31 17:06:16.224,11339,11340,11339,1
2019-10-31 17:06:16.236,11338,11339,11339,1
2019-10-31 17:06:16.261,11338,11339,11339,1
2019-10-31 17:06:16.286,11338,11339,11339,1
2019-10-31 17:06:17.137,11338,11339,11339,23
2019-10-31 17:06:18.598,11337,11338,11338,1
2019-10-31 17:06:19.906,11337,11338,11337,10
2019-10-31 17:06:20.224,11337,11338,11337,4
2019-10-31 17:06:21.395,11336,11337,11337,1
2019-10-31 17:06:23.656,11336,11337,11337,1
2019-10-31 17:06:23.754,11336,11337,11337,2
2019-10-31 17:06:24.429,11336,11337,11336,2
2019-10-31 17:06:24.731,11336,11337,11336,1
2019-10-31 17:06:26.553,11336,11337,11337,1
2019-10-31 17:06:26.772,11336,11337,11336,1
2019-10-31 17:06:27.751,11336,11337,11336,1
2019-10-31 17:06:27.930,11336,11337,11336,1
2019-10-31 17:06:27.949,11336,11337,11336,2
2019-10-31 17:06:27.985,11336,11337,11336,3
2019-10-31 17:06:30.701,11335,11336,11336,1
2019-10-31 17:06:31.257,11336,11337,11336,1
2019-10-31 17:06:32.144,11335,11336,11335,7
2019-10-31 17:06:32.236,11334,11335,11335,1
2019-10-31 17:06:33.166,11334,11335,11335,1
2019-10-31 17:06:33.682,11334,11335,11334,2
2019-10-31 17:06:33.735,11334,11335,11334,2
2019-10-31 17:06:33.975,11333,11335,11335,2
2019-10-31 17:06:34.652,11333,11334,11333,1
2019-10-31 17:06:34.652,11333,11334,11333,2
2019-10-31 17:06:34.736,11333,11334,11333,6
2019-10-31 17:06:34.736,11333,11334,11333,1
2019-10-31 17:06:34.893,11333,11334,11332,2
2019-10-31 17:06:34.924,11333,11334,11332,1
2019-10-31 17:06:35.260,11332,11334,11333,1
2019-10-31 17:06:35.269,11332,11334,11332,1
2019-10-31 17:06:35.707,11332,11334,11332,1
2019-10-31 17:06:36.167,11332,11334,11333,1
2019-10-31 17:06:36.410,11333,11334,11334,2
2019-10-31 17:06:36.822,11333,11334,11333,1
2019-10-31 17:06:36.822,11333,11334,11333,3
2019-10-31 17:06:36.822,11333,11334,11333,2
2019-10-31 17:06:36.823,11333,11334,11333,2
2019-10-31 17:06:37.187,11332,11333,11332,4
2019-10-31 17:06:37.389,11332,11333,11332,1
2019-10-31 17:06:37.766,11332,11333,11332,1
2019-10-31 17:06:38.322,11332,11333,11333,1
2019-10-31 17:06:38.322,11332,11333,11333,1
2019-10-31 17:06:38.911,11333,11334,11333,1
2019-10-31 17:06:39.715,11333,11334,11334,2
2019-10-31 17:06:39.809,11333,11334,11333,2
2019-10-31 17:06:40.030,11333,11334,11333,1
2019-10-31 17:06:40.474,11333,11334,11333,1
2019-10-31 17:06:41.503,11333,11334,11333,1
2019-10-31 17:06:42.087,11333,11334,11333,1
2019-10-31 17:06:42.606,11333,11334,11334,3
2019-10-31 17:06:42.713,11333,11335,11335,1
2019-10-31 17:06:42.955,11334,11335,11333,1
2019-10-31 17:06:43.377,11333,11335,11335,1
2019-10-31 17:06:43.596,11333,11335,11333,2
2019-10-31 17:06:45.597,11334,11335,11335,24
2019-10-31 17:06:45.611,11334,11335,11335,9
2019-10-31 17:06:45.611,11334,11335,11335,4
2019-10-31 17:06:45.611,11334,11335,11335,5
2019-10-31 17:06:45.611,11334,11335,11335,1
2019-10-31 17:06:45.737,11335,11336,11336,1
2019-10-31 17:06:45.737,11335,11336,11336,2
2019-10-31 17:06:45.738,11335,11336,11336,2
2019-10-31 17:06:45.755,11335,11336,11336,2
2019-10-31 17:06:45.860,11336,11337,11336,1
2019-10-31 17:06:45.860,11336,11337,11336,1
2019-10-31 17:06:45.863,11336,11337,11337,1
2019-10-31 17:06:45.977,11336,11337,11336,1
2019-10-31 17:06:46.283,11335,11336,11335,1
2019-10-31 17:06:47.390,11335,11336,11336,2
2019-10-31 17:06:47.444,11335,11336,11336,1
2019-10-31 17:06:48.264,11335,11336,11335,2
2019-10-31 17:06:48.629,11335,11336,11335,1
2019-10-31 17:06:49.109,11335,11336,11335,1
2019-10-31 17:06:50.069,11335,11337,11335,1
2019-10-31 17:06:50.663,11335,11336,11335,1
2019-10-31 17:06:52.099,11335,11336,11336,9
2019-10-31 17:06:52.111,11336,11337,11336,1
2019-10-31 17:06:58.610,11337,11338,11337,1
2019-10-31 17:07:00.015,11336,11337,11337,1
2019-10-31 17:07:01.137,11337,11338,11337,2
2019-10-31 17:07:02.079,11336,11337,11336,1
2019-10-31 17:07:02.162,11336,11337,11337,1
2019-10-31 17:07:04.800,11336,11337,11337,1
2019-10-31 17:07:05.486,11336,11337,11337,2
2019-10-31 17:07:05.486,11336,11337,11337,1
2019-10-31 17:07:07.110,11337,11338,11337,1
2019-10-31 17:07:09.398,11336,11337,11337,1
2019-10-31 17:07:09.398,11336,11337,11338,1
2019-10-31 17:07:10.955,11336,11337,11336,9
2019-10-31 17:07:11.467,11335,11336,11335,6
2019-10-31 17:07:11.642,11335,11336,11336,1
2019-10-31 17:07:15.382,11335,11336,11335,1
2019-10-31 17:07:16.036,11335,11336,11336,1
2019-10-31 17:07:16.210,11335,11336,11336,1
2019-10-31 17:07:19.464,11335,11336,11335,4
2019-10-31 17:07:19.464,11335,11336,11335,3
2019-10-31 17:07:19.580,11334,11336,11334,5
2019-10-31 17:07:20.355,11334,11335,11334,5
2019-10-31 17:07:21.425,11334,11335,11334,3
2019-10-31 17:07:21.425,11334,11335,11333,2
2019-10-31 17:07:22.680,11333,11335,11333,5
2019-10-31 17:07:24.531,11333,11335,11334,1
2019-10-31 17:07:24.531,11333,11335,11333,4
2019-10-31 17:07:24.789,11333,11335,11333,5
2019-10-31 17:07:26.080,11334,11335,11334,5
2019-10-31 17:07:26.307,11334,11335,11334,5
2019-10-31 17:07:28.198,11334,11335,11335,2
2019-10-31 17:07:30.227,11335,11336,11335,2
2019-10-31 17:07:31.516,11334,11336,11334,1
2019-10-31 17:07:36.549,11335,11336,11336,18
2019-10-31 17:07:37.525,11336,11337,11337,2
2019-10-31 17:07:37.530,11336,11337,11337,2
2019-10-31 17:07:37.530,11336,11337,11337,2
2019-10-31 17:07:37.610,11336,11337,11337,4
2019-10-31 17:07:38.440,11336,11338,11336,1
2019-10-31 17:07:42.748,11337,11338,11337,1
2019-10-31 17:07:45.112,11337,11338,11338,2
2019-10-31 17:07:45.127,11337,11338,11337,1
2019-10-31 17:07:45.674,11337,11338,11337,6
2019-10-31 17:07:45.674,11337,11338,11337,2
2019-10-31 17:07:45.674,11337,11338,11337,1
2019-10-31 17:07:45.675,11337,11338,11337,2
2019-10-31 17:07:45.736,11336,11337,11337,2
2019-10-31 17:07:47.954,11336,11337,11337,2
2019-10-31 17:07:48.610,11336,11337,11337,5
2019-10-31 17:07:51.356,11337,11338,11337,7
2019-10-31 17:07:51.356,11337,11338,11337,1
2019-10-31 17:07:51.361,11336,11337,11337,2
2019-10-31 17:07:51.361,11336,11337,11337,3
2019-10-31 17:07:52.322,11337,11338,11337,1
2019-10-31 17:07:53.554,11337,11338,11338,1
2019-10-31 17:07:54.487,11337,11338,11338,2
2019-10-31 17:07:54.951,11337,11338,11337,6
2019-10-31 17:07:54.986,11336,11337,11337,3
2019-10-31 17:07:55.865,11336,11338,11338,1
2019-10-31 17:07:57.282,11337,11338,11337,8
2019-10-31 17:07:58.458,11337,11338,11338,1
2019-10-31 17:07:59.785,11337,11338,11338,1
2019-10-31 17:08:01.729,11337,11338,11337,8
2019-10-31 17:08:02.141,11336,11337,11336,2
2019-10-31 17:08:02.568,11336,11337,11337,10
2019-10-31 17:08:02.854,11336,11337,11336,1
2019-10-31 17:08:02.935,11336,11337,11337,1
2019-10-31 17:08:06.544,11336,11337,11337,1
2019-10-31 17:08:07.787,11336,11337,11337,10
2019-10-31 17:08:09.626,11336,11337,11337,1
2019-10-31 17:08:12.510,11336,11337,11337,1
2019-10-31 17:08:12.854,11336,11337,11337,1
2019-10-31 17:08:13.306,11336,11337,11337,9
2019-10-31 17:08:15.872,11336,11337,11336,2
2019-10-31 17:08:16.916,11336,11337,11337,1
2019-10-31 17:08:21.861,11336,11337,11336,1
2019-10-31 17:08:24.590,11336,11337,11336,1
2019-10-31 17:08:24.908,11336,11337,11336,1
2019-10-31 17:08:25.128,11336,11337,11336,1
2019-10-31 17:08:26.628,11336,11337,11337,1
2019-10-31 17:08:31.464,11336,11337,11336,1
2019-10-31 17:08:33.466,11336,11337,11336,8
2019-10-31 17:08:39.146,11335,11336,11336,1
2019-10-31 17:08:39.653,11336,11337,11336,1
2019-10-31 17:08:44.605,11336,11337,11336,12
2019-10-31 17:08:44.743,11335,11336,11336,2
2019-10-31 17:08:44.743,11335,11336,11336,1
2019-10-31 17:08:47.036,11335,11336,11336,5
2019-10-31 17:08:49.154,11336,11337,11336,1
2019-10-31 17:08:55.765,11336,11337,11337,2
2019-10-31 17:08:56.027,11336,11337,11337,10
2019-10-31 17:08:56.027,11336,11337,11337,1
2019-10-31 17:08:56.110,11336,11337,11337,8
2019-10-31 17:08:56.110,11336,11337,11337,5
2019-10-31 17:08:57.428,11336,11337,11337,2
2019-10-31 17:09:00.390,11336,11337,11337,2
2019-10-31 17:09:00.390,11336,11337,11337,3
2019-10-31 17:09:00.390,11336,11337,11337,1
2019-10-31 17:09:01.838,11337,11338,11337,1
2019-10-31 17:09:02.194,11337,11338,11337,1
2019-10-31 17:09:08.864,11336,11337,11336,1
2019-10-31 17:09:11.197,11336,11337,11336,4
2019-10-31 17:09:13.398,11336,11337,11337,5
2019-10-31 17:09:16.373,11336,11337,11336,3
2019-10-31 17:09:16.378,11336,11337,11336,2
2019-10-31 17:09:17.062,11336,11337,11336,9
2019-10-31 17:09:17.110,11336,11337,11336,2
2019-10-31 17:09:18.299,11335,11337,11337,1
2019-10-31 17:09:18.548,11335,11337,11335,2
2019-10-31 17:09:18.608,11335,11337,11335,3
2019-10-31 17:09:18.688,11335,11337,11335,3
2019-10-31 17:09:19.546,11336,11337,11336,2
2019-10-31 17:09:20.317,11335,11336,11335,3
2019-10-31 17:09:30.479,11336,11337,11336,5
2019-10-31 17:09:32.641,11336,11337,11336,1
2019-10-31 17:09:32.641,11336,11337,11335,2
2019-10-31 17:09:37.067,11335,11336,11336,2
2019-10-31 17:09:38.100,11335,11336,11336,1
2019-10-31 17:09:43.890,11336,11337,11336,1
2019-10-31 17:09:43.985,11336,11337,11336,1
2019-10-31 17:09:48.794,11336,11337,11336,1
2019-10-31 17:09:54.081,11335,11337,11335,2
2019-10-31 17:09:54.081,11335,11337,11335,3
2019-10-31 17:09:56.937,11335,11337,11335,1
2019-10-31 17:09:59.966,11335,11336,11336,1
2019-10-31 17:10:00.170,11335,11336,11336,1
2019-10-31 17:10:00.315,11335,11336,11335,1
2019-10-31 17:10:01.417,11335,11336,11335,2
2019-10-31 17:10:01.833,11335,11336,11335,2
2019-10-31 17:10:01.834,11335,11336,11335,2
2019-10-31 17:10:01.841,11335,11336,11335,5
2019-10-31 17:10:02.067,11335,11336,11335,1
2019-10-31 17:10:04.861,11335,11336,11335,2
2019-10-31 17:10:04.985,11335,11336,11335,11
2019-10-31 17:10:06.018,11335,11336,11335,2
2019-10-31 17:10:06.018,11335,11336,11335,1
2019-10-31 17:10:06.018,11335,11336,11335,2
2019-10-31 17:10:06.018,11335,11336,11335,2
2019-10-31 17:10:06.018,11335,11336,11335,6
2019-10-31 17:10:06.049,11335,11336,11335,3
2019-10-31 17:10:06.074,11335,11336,11335,3
2019-10-31 17:10:07.394,11334,11335,11334,5
2019-10-31 17:10:07.602,11334,11335,11334,5
2019-10-31 17:10:07.951,11334,11335,11334,19
2019-10-31 17:10:07.954,11334,11335,11334,3
2019-10-31 17:10:07.954,11334,11335,11334,4
2019-10-31 17:10:07.955,11334,11335,11334,2
2019-10-31 17:10:07.985,11334,11335,11334,5
2019-10-31 17:10:07.986,11334,11335,11334,1
2019-10-31 17:10:08.218,11333,11334,11333,1
2019-10-31 17:10:08.222,11333,11334,11333,3
2019-10-31 17:10:08.332,11333,11334,11333,3
2019-10-31 17:10:11.191,11333,11334,11333,3
2019-10-31 17:10:11.191,11333,11334,11333,1
2019-10-31 17:10:11.191,11333,11334,11333,2
2019-10-31 17:10:11.191,11333,11334,11333,6
2019-10-31 17:10:11.191,11333,11334,11333,2
2019-10-31 17:10:11.191,11333,11334,11333,2
2019-10-31 17:10:11.236,11333,11334,11333,2
2019-10-31 17:10:11.236,11333,11334,11333,2
2019-10-31 17:10:11.793,11333,11334,11333,1
2019-10-31 17:10:13.027,11333,11334,11333,7
2019-10-31 17:10:13.028,11333,11334,11333,1
2019-10-31 17:10:13.517,11333,11334,11333,1
2019-10-31 17:10:13.954,11333,11334,11333,1
2019-10-31 17:10:14.671,11333,11334,11334,1
2019-10-31 17:10:14.671,11333,11334,11334,1
2019-10-31 17:10:20.692,11334,11335,11334,1
2019-10-31 17:10:21.307,11334,11335,11335,1
2019-10-31 17:10:24.709,11334,11335,11334,1
2019-10-31 17:10:24.709,11334,11335,11333,1
2019-10-31 17:10:30.139,11334,11335,11335,1
2019-10-31 17:10:32.386,11334,11335,11334,1
2019-10-31 17:10:36.719,11334,11335,11335,1
2019-10-31 17:10:37.274,11334,11335,11334,1
2019-10-31 17:10:41.227,11334,11335,11334,1
2019-10-31 17:10:44.463,11334,11335,11335,8
2019-10-31 17:10:45.095,11335,11336,11335,1
2019-10-31 17:10:48.469,11335,11336,11336,1
2019-10-31 17:10:48.488,11336,11337,11337,1
2019-10-31 17:10:48.504,11336,11337,11337,2
2019-10-31 17:10:52.169,11335,11337,11337,1
2019-10-31 17:10:53.737,11335,11337,11335,1
2019-10-31 17:11:00.048,11336,11337,11337,1
2019-10-31 17:11:14.032,11335,11336,11336,2
2019-10-31 17:11:15.394,11335,11336,11335,1
2019-10-31 17:11:19.214,11335,11336,11336,3
2019-10-31 17:11:19.803,11336,11337,11336,1
2019-10-31 17:11:19.822,11336,11337,11336,1
2019-10-31 17:11:21.011,11335,11336,11335,1
2019-10-31 17:11:22.220,11335,11336,11336,1
2019-10-31 17:11:23.901,11335,11336,11336,1
2019-10-31 17:11:38.877,11336,11337,11337,3
2019-10-31 17:11:39.668,11336,11337,11336,7
2019-10-31 17:11:44.038,11335,11336,11336,1
2019-10-31 17:11:54.235,11335,11336,11336,1
2019-10-31 17:11:56.420,11335,11336,11336,1
2019-10-31 17:12:00.675,11336,11337,11336,1
2019-10-31 17:12:02.912,11336,11337,11336,1
2019-10-31 17:12:02.912,11336,11337,11336,2
2019-10-31 17:12:04.307,11335,11336,11336,1
2019-10-31 17:12:07.988,11335,11336,11336,1
2019-10-31 17:12:10.805,11336,11337,11337,1
2019-10-31 17:12:18.053,11336,11337,11337,1
2019-10-31 17:12:18.286,11336,11337,11337,1
2019-10-31 17:12:20.375,11336,11337,11337,1
2019-10-31 17:12:21.463,11336,11337,11336,1
2019-10-31 17:12:22.530,11336,11337,11337,1
2019-10-31 17:12:26.050,11336,11337,11337,1
2019-10-31 17:12:39.401,11336,11337,11336,1
2019-10-31 17:12:42.791,11336,11337,11337,1
2019-10-31 17:12:46.099,11336,11337,11336,1
2019-10-31 17:12:46.138,11336,11337,11336,1
2019-10-31 17:12:46.486,11336,11337,11337,2
2019-10-31 17:12:48.442,11336,11337,11336,1
2019-10-31 17:12:51.812,11336,11337,11336,8
2019-10-31 17:12:51.860,11336,11337,11336,2
2019-10-31 17:12:51.860,11336,11337,11336,2
2019-10-31 17:12:51.985,11336,11337,11336,1
2019-10-31 17:12:54.212,11335,11336,11336,1
2019-10-31 17:12:59.422,11335,11336,11336,1
2019-10-31 17:13:04.659,11335,11337,11335,1
2019-10-31 17:13:04.676,11335,11337,11335,1
2019-10-31 17:13:06.830,11335,11336,11336,1
2019-10-31 17:13:10.803,11335,11336,11335,10
2019-10-31 17:13:10.973,11335,11336,11335,8
2019-10-31 17:13:17.420,11334,11335,11335,1
2019-10-31 17:13:20.432,11334,11335,11335,2
2019-10-31 17:13:20.823,11334,11335,11335,1
2019-10-31 17:13:26.684,11335,11336,11335,2
2019-10-31 17:13:38.915,11335,11336,11335,1
2019-10-31 17:13:46.606,11335,11336,11335,1
2019-10-31 17:13:51.061,11335,11336,11335,1
2019-10-31 17:13:57.510,11335,11336,11336,1
2019-10-31 17:14:02.293,11335,11336,11335,2
2019-10-31 17:14:09.592,11335,11336,11335,1
2019-10-31 17:14:11.561,11335,11336,11336,1
2019-10-31 17:14:15.776,11335,11336,11336,8
2019-10-31 17:14:17.102,11335,11336,11336,3
2019-10-31 17:14:20.266,11336,11337,11336,1
2019-10-31 17:14:25.745,11336,11337,11337,1
2019-10-31 17:14:36.189,11336,11337,11337,1
2019-10-31 17:14:36.620,11336,11337,11337,3
2019-10-31 17:14:38.334,11336,11337,11337,1
2019-10-31 17:14:46.047,11336,11337,11336,2
2019-10-31 17:14:46.047,11336,11337,11336,1
2019-10-31 17:14:46.047,11336,11337,11336,2
2019-10-31 17:14:46.048,11336,11337,11336,1
2019-10-31 17:14:46.048,11336,11337,11336,1
2019-10-31 17:14:46.048,11336,11337,11336,1
2019-10-31 17:14:46.245,11335,11336,11335,3
2019-10-31 17:14:46.259,11335,11336,11335,3
2019-10-31 17:14:46.329,11335,11336,11335,1
2019-10-31 17:14:46.330,11335,11336,11335,1
2019-10-31 17:14:46.339,11335,11336,11335,2
2019-10-31 17:14:46.361,11335,11336,11335,3
2019-10-31 17:14:46.371,11335,11336,11335,1
2019-10-31 17:14:46.486,11334,11335,11334,1
2019-10-31 17:14:46.972,11334,11336,11334,3
2019-10-31 17:14:53.939,11334,11335,11334,1
2019-10-31 17:14:54.688,11334,11335,11335,1
2019-10-31 17:15:00.118,11334,11335,11334,2
2019-10-31 17:15:00.120,11334,11335,11334,2
2019-10-31 17:15:00.122,11334,11335,11334,2
2019-10-31 17:15:00.327,11334,11335,11335,1
2019-10-31 17:15:06.188,11335,11336,11335,1
2019-10-31 17:15:16.760,11335,11336,11335,3
2019-10-31 17:15:18.366,11335,11336,11335,1
2019-10-31 17:15:18.840,11335,11336,11335,1
2019-10-31 17:15:20.746,11335,11336,11335,2
2019-10-31 17:15:23.592,11335,11336,11335,1
2019-10-31 17:15:26.117,11334,11335,11335,1
2019-10-31 17:15:26.839,11334,11335,11334,1
2019-10-31 17:15:26.844,11334,11335,11334,1
2019-10-31 17:15:26.849,11334,11335,11334,4
2019-10-31 17:15:26.860,11334,11335,11334,3
2019-10-31 17:15:26.860,11334,11335,11334,7
2019-10-31 17:15:30.062,11333,11334,11334,1
2019-10-31 17:15:34.982,11334,11335,11334,1
2019-10-31 17:15:37.540,11334,11335,11334,1
2019-10-31 17:15:38.201,11334,11335,11334,1
2019-10-31 17:15:40.123,11334,11335,11334,1
2019-10-31 17:15:42.577,11334,11335,11334,2
2019-10-31 17:15:45.002,11334,11335,11334,1
2019-10-31 17:15:45.271,11334,11335,11334,1
2019-10-31 17:15:46.234,11334,11335,11334,1
2019-10-31 17:15:46.339,11334,11335,11334,1
2019-10-31 17:15:52.203,11334,11335,11335,3
2019-10-31 17:15:53.865,11335,11336,11335,2
2019-10-31 17:15:53.865,11335,11336,11334,8
2019-10-31 17:15:57.099,11334,11335,11335,1
2019-10-31 17:15:57.602,11334,11335,11334,1
2019-10-31 17:15:58.990,11334,11335,11334,1
2019-10-31 17:15:59.117,11334,11335,11334,1
2019-10-31 17:16:00.178,11334,11335,11334,7
2019-10-31 17:16:00.178,11334,11335,11334,2
2019-10-31 17:16:07.140,11333,11334,11333,1
2019-10-31 17:16:07.264,11333,11334,11333,1
2019-10-31 17:16:08.498,11333,11334,11333,1
2019-10-31 17:16:08.992,11333,11334,11333,1
2019-10-31 17:16:12.158,11333,11334,11333,2
2019-10-31 17:16:12.688,11333,11334,11333,1
2019-10-31 17:16:15.939,11333,11334,11334,5
2019-10-31 17:16:19.061,11333,11334,11333,2
2019-10-31 17:16:19.061,11333,11334,11333,6
2019-10-31 17:16:19.061,11333,11334,11333,6
2019-10-31 17:16:19.064,11333,11334,11333,1
2019-10-31 17:16:19.065,11333,11334,11333,3
2019-10-31 17:16:19.065,11333,11334,11333,1
2019-10-31 17:16:19.508,11332,11334,11334,1
2019-10-31 17:16:20.292,11332,11334,11334,1
2019-10-31 17:16:23.005,11332,11333,11333,1
2019-10-31 17:16:23.965,11332,11333,11332,2
2019-10-31 17:16:23.967,11332,11333,11332,4
2019-10-31 17:16:24.017,11332,11333,11332,2
2019-10-31 17:16:24.041,11332,11333,11332,1
2019-10-31 17:16:24.267,11332,11333,11332,2
2019-10-31 17:16:24.271,11332,11333,11332,1
2019-10-31 17:16:24.272,11332,11333,11332,2
2019-10-31 17:16:24.284,11332,11333,11332,3
2019-10-31 17:16:24.405,11332,11333,11332,1
2019-10-31 17:16:24.416,11332,11333,11332,4
2019-10-31 17:16:24.420,11332,11333,11332,1
2019-10-31 17:16:24.427,11332,11333,11332,1
2019-10-31 17:16:24.452,11332,11333,11332,4
2019-10-31 17:16:24.462,11332,11333,11332,1
2019-10-31 17:16:24.469,11332,11333,11332,1
2019-10-31 17:16:24.506,11332,11333,11332,8
2019-10-31 17:16:24.506,11332,11333,11331,4
2019-10-31 17:16:24.524,11332,11333,11331,2
2019-10-31 17:16:24.537,11332,11333,11331,16
2019-10-31 17:16:24.549,11332,11333,11333,1
2019-10-31 17:16:24.583,11332,11333,11331,1
2019-10-31 17:16:24.631,11331,11333,11331,2
2019-10-31 17:16:24.634,11331,11333,11331,1
2019-10-31 17:16:24.645,11331,11333,11331,1
2019-10-31 17:16:24.652,11331,11333,11331,4
2019-10-31 17:16:24.677,11331,11333,11331,2
2019-10-31 17:16:24.677,11331,11333,11331,2
2019-10-31 17:16:24.709,11331,11333,11331,1
2019-10-31 17:16:24.712,11331,11333,11331,1
2019-10-31 17:16:24.745,11331,11332,11331,1
2019-10-31 17:16:24.747,11331,11332,11331,2
2019-10-31 17:16:24.749,11331,11332,11331,1
2019-10-31 17:16:24.750,11331,11332,11331,1
2019-10-31 17:16:24.754,11331,11332,11331,1
2019-10-31 17:16:24.759,11331,11332,11331,1
2019-10-31 17:16:24.770,11331,11332,11331,1
2019-10-31 17:16:24.859,11331,11332,11331,2
2019-10-31 17:16:24.884,11331,11332,11331,2
2019-10-31 17:16:24.916,11331,11332,11331,1
2019-10-31 17:16:24.932,11331,11332,11331,1
2019-10-31 17:16:24.941,11331,11332,11331,1
2019-10-31 17:16:25.033,11331,11332,11332,1
2019-10-31 17:16:25.055,11331,11332,11332,2
2019-10-31 17:16:25.084,11331,11332,11332,1
2019-10-31 17:16:25.222,11331,11332,11331,1
2019-10-31 17:16:25.355,11331,11332,11331,1
2019-10-31 17:16:25.799,11331,11332,11331,1
2019-10-31 17:16:26.111,11331,11332,11331,3
2019-10-31 17:16:26.361,11330,11331,11331,2
2019-10-31 17:16:26.787,11330,11332,11331,2
2019-10-31 17:16:26.860,11330,11331,11331,2
2019-10-31 17:16:27.487,11331,11332,11332,2
2019-10-31 17:16:27.838,11331,11332,11331,1
2019-10-31 17:16:27.911,11331,11332,11331,1
2019-10-31 17:16:28.824,11331,11332,11331,1
2019-10-31 17:16:29.169,11331,11332,11332,2
2019-10-31 17:16:32.000,11331,11332,11332,4
2019-10-31 17:16:32.526,11331,11333,11333,5
2019-10-31 17:16:32.628,11331,11333,11331,10
2019-10-31 17:16:33.659,11331,11332,11332,1
2019-10-31 17:16:33.871,11331,11333,11331,1
2019-10-31 17:16:34.734,11331,11333,11331,3
2019-10-31 17:16:35.427,11331,11332,11331,25
2019-10-31 17:16:35.427,11331,11332,11331,1
2019-10-31 17:16:36.995,11331,11332,11331,4
2019-10-31 17:16:38.994,11331,11332,11331,1
2019-10-31 17:16:39.383,11331,11332,11331,1
2019-10-31 17:16:40.281,11331,11332,11331,1
2019-10-31 17:16:40.492,11331,11332,11331,3
2019-10-31 17:16:43.912,11331,11332,11331,1
2019-10-31 17:16:47.313,11331,11332,11332,2
2019-10-31 17:16:50.086,11332,11333,11333,3
2019-10-31 17:16:52.602,11332,11333,11333,2
2019-10-31 17:16:52.603,11332,11333,11333,1
2019-10-31 17:16:55.069,11333,11334,11333,1
2019-10-31 17:16:57.993,11333,11334,11333,1
2019-10-31 17:16:58.235,11333,11334,11333,2
2019-10-31 17:16:59.110,11333,11334,11333,1
2019-10-31 17:17:02.357,11333,11334,11333,4
2019-10-31 17:17:03.444,11333,11334,11334,1
2019-10-31 17:17:04.607,11332,11334,11334,20
2019-10-31 17:17:13.211,11333,11334,11334,3
2019-10-31 17:17:18.718,11334,11335,11335,1
2019-10-31 17:17:21.243,11334,11335,11334,2
2019-10-31 17:17:23.103,11334,11335,11335,12
2019-10-31 17:17:28.094,11334,11335,11335,1
2019-10-31 17:17:28.612,11334,11335,11334,2
2019-10-31 17:17:32.458,11334,11335,11334,1
2019-10-31 17:17:32.458,11334,11335,11334,2
2019-10-31 17:17:37.610,11334,11335,11334,1
2019-10-31 17:17:37.726,11334,11335,11335,2
2019-10-31 17:17:44.889,11333,11334,11334,2
2019-10-31 17:17:45.765,11333,11334,11334,1
2019-10-31 17:17:46.796,11333,11334,11334,1
2019-10-31 17:17:46.861,11333,11334,11334,1
2019-10-31 17:17:50.198,11334,11335,11334,1
2019-10-31 17:17:50.925,11333,11334,11334,3
2019-10-31 17:17:50.949,11333,11334,11334,1
2019-10-31 17:17:51.737,11334,11335,11334,1
2019-10-31 17:17:51.738,11334,11335,11334,1
2019-10-31 17:17:52.980,11333,11335,11334,1
2019-10-31 17:17:57.049,11333,11334,11334,2
2019-10-31 17:17:59.610,11333,11334,11334,1
2019-10-31 17:18:01.145,11333,11334,11333,2
2019-10-31 17:18:01.145,11333,11334,11333,5
2019-10-31 17:18:01.145,11333,11334,11333,1
2019-10-31 17:18:01.236,11333,11334,11333,3
2019-10-31 17:18:01.236,11333,11334,11333,1
2019-10-31 17:18:01.382,11332,11333,11332,1
2019-10-31 17:18:01.717,11332,11333,11332,2
2019-10-31 17:18:10.659,11332,11333,11332,1
2019-10-31 17:18:10.830,11332,11333,11332,1
2019-10-31 17:18:10.830,11332,11333,11332,1
2019-10-31 17:18:10.830,11332,11333,11332,4
2019-10-31 17:18:10.830,11332,11333,11332,2
2019-10-31 17:18:10.830,11332,11333,11332,5
2019-10-31 17:18:10.831,11332,11333,11332,1
2019-10-31 17:18:11.197,11331,11332,11331,2
2019-10-31 17:18:12.249,11331,11332,11332,1
2019-10-31 17:18:19.262,11331,11332,11331,1
2019-10-31 17:18:24.725,11331,11332,11331,1
2019-10-31 17:18:25.169,11331,11332,11331,9
2019-10-31 17:18:25.174,11331,11332,11331,1
2019-10-31 17:18:25.174,11331,11332,11331,1
2019-10-31 17:18:25.380,11331,11332,11331,1
2019-10-31 17:18:25.400,11331,11332,11331,2
2019-10-31 17:18:25.401,11331,11332,11331,2
2019-10-31 17:18:25.401,11331,11332,11331,1
2019-10-31 17:18:25.401,11331,11332,11331,1
2019-10-31 17:18:25.402,11331,11332,11331,2
2019-10-31 17:18:25.404,11331,11332,11331,13
2019-10-31 17:18:25.404,11331,11332,11331,8
2019-10-31 17:18:25.549,11330,11331,11330,1
2019-10-31 17:18:25.639,11330,11331,11330,1
2019-10-31 17:18:25.771,11330,11331,11330,1
2019-10-31 17:18:26.072,11330,11331,11330,10
2019-10-31 17:18:26.666,11330,11331,11330,2
2019-10-31 17:18:28.286,11330,11331,11330,5
2019-10-31 17:18:34.310,11330,11331,11330,20
2019-10-31 17:18:34.984,11330,11331,11330,2
2019-10-31 17:18:35.638,11330,11331,11330,2
2019-10-31 17:18:35.658,11330,11331,11330,1
2019-10-31 17:18:35.694,11330,11331,11330,2
2019-10-31 17:18:35.722,11330,11331,11331,1
2019-10-31 17:18:39.771,11330,11331,11330,1
2019-10-31 17:18:41.267,11330,11331,11330,4
2019-10-31 17:18:41.361,11330,11331,11330,4
2019-10-31 17:18:41.504,11330,11331,11330,3
2019-10-31 17:18:41.603,11330,11331,11330,1
2019-10-31 17:18:41.641,11330,11331,11330,1
2019-10-31 17:18:41.711,11330,11331,11330,1
2019-10-31 17:18:41.756,11330,11331,11330,2
2019-10-31 17:18:42.651,11330,11331,11330,1
2019-10-31 17:18:42.757,11330,11331,11331,1
2019-10-31 17:18:44.105,11330,11331,11330,5
2019-10-31 17:18:44.529,11330,11331,11330,1
2019-10-31 17:18:44.791,11330,11331,11330,1
2019-10-31 17:18:46.806,11330,11331,11330,1
2019-10-31 17:18:47.114,11330,11331,11330,1
2019-10-31 17:18:47.492,11330,11331,11330,1
2019-10-31 17:18:47.674,11330,11331,11330,4
2019-10-31 17:18:49.118,11329,11330,11330,2
2019-10-31 17:18:49.123,11329,11330,11330,2
2019-10-31 17:18:49.713,11330,11331,11330,2
2019-10-31 17:18:51.198,11329,11330,11329,1
2019-10-31 17:18:51.303,11329,11330,11329,1
2019-10-31 17:18:51.455,11329,11330,11329,10
2019-10-31 17:18:52.213,11329,11330,11330,1
2019-10-31 17:18:52.241,11329,11330,11329,5
2019-10-31 17:18:52.824,11329,11330,11329,1
2019-10-31 17:18:52.824,11329,11330,11328,1
2019-10-31 17:18:52.907,11328,11330,11328,11
2019-10-31 17:18:52.987,11328,11329,11328,1
2019-10-31 17:18:52.987,11328,11329,11328,1
2019-10-31 17:18:53.063,11328,11329,11328,2
2019-10-31 17:18:54.062,11328,11330,11328,1
2019-10-31 17:18:54.172,11328,11330,11328,1
2019-10-31 17:18:54.302,11328,11330,11328,1
2019-10-31 17:18:54.436,11328,11330,11328,2
2019-10-31 17:18:54.457,11328,11330,11328,1
2019-10-31 17:18:55.006,11328,11330,11328,1
2019-10-31 17:18:55.104,11328,11330,11328,1
2019-10-31 17:18:55.121,11328,11330,11328,1
2019-10-31 17:18:55.234,11328,11330,11328,1
2019-10-31 17:18:57.050,11329,11330,11329,2
2019-10-31 17:18:57.051,11329,11330,11329,1
2019-10-31 17:18:57.111,11329,11330,11329,1
2019-10-31 17:18:58.872,11329,11330,11329,1
2019-10-31 17:19:01.770,11329,11330,11329,2
2019-10-31 17:19:01.807,11329,11330,11329,1
2019-10-31 17:19:02.393,11329,11330,11329,10
2019-10-31 17:19:02.493,11329,11330,11329,2
2019-10-31 17:19:02.617,11329,11330,11329,4
2019-10-31 17:19:02.618,11329,11330,11329,2
2019-10-31 17:19:02.618,11329,11330,11329,2
2019-10-31 17:19:02.618,11329,11330,11328,2
2019-10-31 17:19:02.628,11329,11330,11328,1
2019-10-31 17:19:02.632,11329,11330,11328,1
2019-10-31 17:19:02.632,11329,11330,11328,1
2019-10-31 17:19:02.743,11328,11330,11328,3
2019-10-31 17:19:03.027,11328,11329,11328,1
2019-10-31 17:19:03.264,11328,11329,11328,1
2019-10-31 17:19:03.485,11328,11329,11329,4
2019-10-31 17:19:04.179,11329,11330,11329,1
2019-10-31 17:19:04.705,11329,11330,11329,6
2019-10-31 17:19:04.874,11329,11330,11329,1
2019-10-31 17:19:05.558,11329,11330,11330,1
2019-10-31 17:19:05.563,11329,11330,11330,1
2019-10-31 17:19:05.563,11329,11330,11330,1
2019-10-31 17:19:05.658,11329,11330,11330,4
2019-10-31 17:19:05.658,11329,11330,11330,3
2019-10-31 17:19:11.743,11329,11330,11329,1
2019-10-31 17:19:11.962,11329,11330,11330,1
2019-10-31 17:19:12.421,11329,11330,11329,1
2019-10-31 17:19:12.990,11329,11330,11330,1
2019-10-31 17:19:13.115,11329,11330,11330,1
2019-10-31 17:19:16.093,11329,11330,11329,5
2019-10-31 17:19:16.311,11329,11330,11330,1
2019-10-31 17:19:16.335,11329,11330,11330,1
2019-10-31 17:19:16.944,11329,11330,11329,1
2019-10-31 17:19:18.733,11329,11330,11329,1
2019-10-31 17:19:18.877,11329,11330,11329,2
2019-10-31 17:19:18.898,11329,11330,11330,1
2019-10-31 17:19:20.377,11329,11330,11329,1
2019-10-31 17:19:20.472,11329,11330,11329,1
2019-10-31 17:19:22.281,11329,11330,11330,2
2019-10-31 17:19:24.650,11329,11330,11330,1
2019-10-31 17:19:25.945,11329,11330,11330,1
2019-10-31 17:19:28.434,11329,11330,11330,1
2019-10-31 17:19:29.862,11329,11330,11329,2
2019-10-31 17:19:32.051,11329,11330,11329,1
2019-10-31 17:19:32.621,11329,11330,11330,5
2019-10-31 17:19:39.045,11329,11330,11329,6
2019-10-31 17:19:47.675,11329,11330,11330,1
2019-10-31 17:19:48.584,11329,11330,11330,1
2019-10-31 17:19:49.591,11329,11330,11330,6
2019-10-31 17:19:49.591,11329,11330,11330,3
2019-10-31 17:19:51.174,11330,11331,11330,1
2019-10-31 17:19:53.186,11330,11331,11330,1
2019-10-31 17:19:57.493,11330,11331,11330,1
2019-10-31 17:19:58.129,11330,11331,11330,1
2019-10-31 17:20:00.253,11330,11331,11330,3
2019-10-31 17:20:00.333,11330,11331,11330,2
2019-10-31 17:20:01.392,11329,11330,11329,7
2019-10-31 17:20:01.491,11329,11330,11329,6
2019-10-31 17:20:01.520,11329,11330,11329,1
2019-10-31 17:20:03.215,11329,11330,11330,1
2019-10-31 17:20:05.671,11329,11330,11330,1
2019-10-31 17:20:07.394,11329,11330,11330,3
2019-10-31 17:20:10.314,11329,11330,11329,1
2019-10-31 17:20:12.926,11329,11330,11329,2
2019-10-31 17:20:12.926,11329,11330,11329,2
2019-10-31 17:20:12.926,11329,11330,11329,2
2019-10-31 17:20:12.928,11329,11330,11329,10
2019-10-31 17:20:15.824,11328,11329,11329,5
2019-10-31 17:20:17.088,11328,11329,11328,2
2019-10-31 17:20:17.543,11328,11329,11328,1
2019-10-31 17:20:17.845,11328,11329,11328,4
2019-10-31 17:20:20.081,11328,11329,11328,2
2019-10-31 17:20:20.081,11328,11329,11328,1
2019-10-31 17:20:20.081,11328,11329,11328,3
2019-10-31 17:20:20.516,11327,11328,11328,1
2019-10-31 17:20:21.663,11327,11328,11328,1
2019-10-31 17:20:22.725,11327,11328,11328,1
2019-10-31 17:20:23.923,11327,11328,11328,3
2019-10-31 17:20:25.360,11327,11328,11328,1
2019-10-31 17:20:30.338,11328,11329,11328,4
2019-10-31 17:20:30.338,11328,11329,11327,1
2019-10-31 17:20:30.697,11327,11328,11327,1
2019-10-31 17:20:30.751,11327,11328,11328,2
2019-10-31 17:20:31.040,11328,11329,11328,1
2019-10-31 17:20:31.597,11327,11329,11327,3
2019-10-31 17:20:36.159,11328,11329,11328,3
2019-10-31 17:20:36.738,11328,11329,11328,2
2019-10-31 17:20:39.626,11328,11329,11328,1
2019-10-31 17:20:40.182,11327,11329,11329,1
2019-10-31 17:20:42.623,11327,11328,11328,1
2019-10-31 17:20:43.132,11327,11328,11327,10
2019-10-31 17:20:46.414,11327,11328,11327,1
2019-10-31 17:20:47.188,11327,11328,11328,1
