2020-06-23,15:00:00.037000,11469,11470,11470,54
2020-06-23,15:00:00.040000,11469,11470,11469,1
2020-06-23,15:00:00.113000,11468,11470,11469,1
2020-06-23,15:00:00.113000,11468,11470,11470,9
2020-06-23,15:00:00.132000,11468,11470,11470,1
2020-06-23,15:00:00.132000,11468,11470,11471,3
2020-06-23,15:00:00.250000,11469,11471,11470,1
2020-06-23,15:00:00.258000,11469,11470,11470,1
2020-06-23,15:00:00.285000,11469,11470,11470,2
2020-06-23,15:00:00.285000,11469,11470,11470,1
2020-06-23,15:00:00.341000,11469,11470,11470,1
2020-06-23,15:00:00.353000,11469,11470,11470,3
2020-06-23,15:00:00.410000,11470,11471,11470,1
2020-06-23,15:00:00.542000,11470,11471,11471,1
2020-06-23,15:00:01.130000,11469,11470,11470,5
2020-06-23,15:00:01.131000,11469,11470,11470,1
2020-06-23,15:00:01.251000,11470,11471,11471,1
2020-06-23,15:00:01.259000,11470,11471,11470,4
2020-06-23,15:00:01.349000,11470,11471,11468,9
2020-06-23,15:00:01.350000,11470,11471,11468,11
2020-06-23,15:00:01.350000,11470,11471,11467,2
2020-06-23,15:00:01.353000,11470,11471,11468,1
2020-06-23,15:00:01.353000,11470,11471,11468,2
2020-06-23,15:00:01.354000,11470,11471,11469,2
2020-06-23,15:00:01.362000,11470,11471,11469,5
2020-06-23,15:00:01.393000,11467,11468,11468,3
2020-06-23,15:00:01.393000,11467,11468,11468,1
2020-06-23,15:00:01.451000,11467,11468,11469,1
2020-06-23,15:00:01.451000,11467,11468,11470,4
2020-06-23,15:00:01.465000,11467,11468,11470,1
2020-06-23,15:00:01.530000,11468,11470,11470,1
2020-06-23,15:00:02.318000,11469,11470,11470,3
2020-06-23,15:00:02.445000,11469,11471,11470,1
2020-06-23,15:00:02.445000,11469,11471,11469,1
2020-06-23,15:00:02.450000,11469,11471,11470,1
2020-06-23,15:00:02.458000,11469,11471,11471,1
2020-06-23,15:00:02.600000,11469,11471,11471,10
2020-06-23,15:00:02.600000,11469,11471,11471,3
2020-06-23,15:00:02.848000,11470,11471,11471,8
2020-06-23,15:00:02.848000,11470,11471,11471,2
2020-06-23,15:00:02.887000,11469,11471,11469,2
2020-06-23,15:00:03.577000,11470,11471,11470,1
2020-06-23,15:00:04.759000,11470,11471,11470,1
2020-06-23,15:00:06.124000,11469,11470,11469,4
2020-06-23,15:00:07.051000,11468,11469,11468,1
2020-06-23,15:00:07.051000,11468,11469,11467,1
2020-06-23,15:00:07.616000,11467,11469,11469,1
2020-06-23,15:00:07.618000,11467,11469,11469,1
2020-06-23,15:00:07.833000,11467,11469,11467,1
2020-06-23,15:00:08,11467,11469,11468,3
2020-06-23,15:00:08.428000,11466,11468,11468,1
2020-06-23,15:00:08.529000,11466,11468,11468,5
2020-06-23,15:00:10.837000,11466,11467,11467,1
2020-06-23,15:00:10.974000,11466,11467,11467,11
2020-06-23,15:00:10.974000,11466,11467,11468,4
2020-06-23,15:00:10.974000,11466,11467,11468,17
2020-06-23,15:00:11.923000,11466,11467,11467,1
2020-06-23,15:00:12.297000,11467,11469,11467,2
2020-06-23,15:00:14.275000,11468,11469,11468,1
2020-06-23,15:00:14.299000,11468,11469,11468,1
2020-06-23,15:00:14.974000,11467,11469,11469,1
2020-06-23,15:00:15.541000,11467,11468,11467,2
2020-06-23,15:00:15.541000,11467,11468,11467,1
2020-06-23,15:00:15.541000,11467,11468,11466,1
2020-06-23,15:00:15.887000,11466,11468,11466,1
2020-06-23,15:00:19.248000,11466,11467,11466,1
2020-06-23,15:00:20.953000,11466,11467,11466,1
2020-06-23,15:00:21.543000,11466,11467,11466,13
2020-06-23,15:00:21.544000,11466,11467,11465,6
2020-06-23,15:00:21.689000,11464,11466,11465,1
2020-06-23,15:00:22.617000,11463,11464,11464,1
2020-06-23,15:00:23.380000,11463,11464,11464,9
2020-06-23,15:00:23.380000,11463,11464,11465,11
2020-06-23,15:00:23.381000,11463,11464,11465,3
2020-06-23,15:00:23.489000,11464,11465,11464,2
2020-06-23,15:00:25.600000,11464,11465,11464,1
2020-06-23,15:00:25.690000,11464,11465,11464,2
2020-06-23,15:00:25.995000,11463,11465,11465,2
2020-06-23,15:00:26,11463,11465,11463,1
2020-06-23,15:00:27.763000,11464,11465,11464,1
2020-06-23,15:00:28.828000,11464,11465,11464,1
2020-06-23,15:00:33.129000,11463,11464,11463,2
2020-06-23,15:00:33.176000,11463,11464,11463,1
2020-06-23,15:00:35.887000,11463,11464,11463,1
2020-06-23,15:00:37.096000,11463,11464,11464,8
2020-06-23,15:00:37.097000,11463,11464,11465,1
2020-06-23,15:00:37.658000,11464,11466,11464,1
2020-06-23,15:00:38.509000,11464,11465,11465,2
2020-06-23,15:00:38.557000,11464,11465,11464,1
2020-06-23,15:00:38.824000,11464,11466,11466,1
2020-06-23,15:00:38.842000,11464,11466,11467,1
2020-06-23,15:00:39.661000,11465,11467,11465,4
2020-06-23,15:00:40.088000,11465,11467,11467,4
2020-06-23,15:00:41.511000,11465,11466,11466,2
2020-06-23,15:00:41.512000,11465,11466,11466,3
2020-06-23,15:00:41.531000,11465,11466,11465,1
2020-06-23,15:00:41.707000,11465,11467,11466,3
2020-06-23,15:00:42.554000,11466,11467,11467,5
2020-06-23,15:00:43.031000,11466,11467,11467,5
2020-06-23,15:00:43.096000,11466,11467,11466,1
2020-06-23,15:00:44.420000,11467,11468,11467,2
2020-06-23,15:00:44.671000,11467,11468,11468,5
2020-06-23,15:00:47.403000,11467,11468,11467,1
2020-06-23,15:00:47.537000,11467,11468,11468,1
2020-06-23,15:00:47.537000,11467,11468,11469,8
2020-06-23,15:00:47.537000,11467,11468,11470,1
2020-06-23,15:00:48.601000,11467,11468,11468,1
2020-06-23,15:00:48.858000,11467,11469,11467,7
2020-06-23,15:00:52.279000,11467,11468,11468,1
2020-06-23,15:00:52.739000,11467,11468,11468,3
2020-06-23,15:00:52.759000,11467,11468,11468,1
2020-06-23,15:00:54.198000,11468,11469,11468,1
2020-06-23,15:00:57.455000,11468,11469,11468,1
2020-06-23,15:00:58.213000,11467,11468,11468,1
2020-06-23,15:00:59.962000,11467,11468,11468,3
2020-06-23,15:00:59.976000,11467,11468,11469,2
2020-06-23,15:00:59.990000,11467,11468,11469,1
2020-06-23,15:01:00.055000,11468,11469,11468,2
2020-06-23,15:01:00.057000,11468,11469,11468,2
2020-06-23,15:01:00.094000,11468,11469,11469,1
2020-06-23,15:01:00.376000,11468,11469,11468,1
2020-06-23,15:01:00.376000,11468,11469,11468,1
2020-06-23,15:01:00.376000,11468,11469,11468,1
2020-06-23,15:01:00.475000,11467,11468,11468,1
2020-06-23,15:01:01.353000,11467,11468,11467,1
2020-06-23,15:01:02.954000,11468,11469,11468,2
2020-06-23,15:01:03.014000,11468,11469,11469,1
2020-06-23,15:01:03.586000,11468,11469,11468,2
2020-06-23,15:01:03.586000,11468,11469,11467,8
2020-06-23,15:01:04.977000,11468,11469,11468,1
2020-06-23,15:01:05.177000,11467,11468,11468,1
2020-06-23,15:01:05.590000,11467,11468,11468,1
2020-06-23,15:01:07.234000,11467,11468,11468,3
2020-06-23,15:01:07.259000,11467,11468,11468,1
2020-06-23,15:01:10.197000,11467,11468,11468,1
2020-06-23,15:01:13.137000,11467,11468,11468,1
2020-06-23,15:01:13.473000,11467,11468,11468,2
2020-06-23,15:01:18.082000,11467,11468,11467,1
2020-06-23,15:01:19.604000,11467,11468,11467,1
2020-06-23,15:01:19.604000,11467,11468,11467,2
2020-06-23,15:01:19.604000,11467,11468,11467,6
2020-06-23,15:01:20.002000,11466,11467,11467,2
2020-06-23,15:01:23.418000,11466,11467,11467,2
2020-06-23,15:01:24.317000,11466,11467,11467,2
2020-06-23,15:01:26.004000,11466,11467,11466,5
2020-06-23,15:01:27.242000,11465,11466,11466,1
2020-06-23,15:01:27.242000,11465,11466,11467,1
2020-06-23,15:01:34.397000,11466,11467,11466,1
2020-06-23,15:01:35.141000,11466,11467,11466,1
2020-06-23,15:01:41.049000,11466,11467,11467,1
2020-06-23,15:01:43.658000,11466,11467,11466,1
2020-06-23,15:01:44.041000,11466,11467,11466,1
2020-06-23,15:01:44.041000,11466,11467,11466,2
2020-06-23,15:01:49.009000,11465,11466,11466,10
2020-06-23,15:01:49.009000,11465,11466,11466,2
2020-06-23,15:01:52.938000,11465,11466,11466,1
2020-06-23,15:01:53.908000,11465,11466,11466,1
2020-06-23,15:01:54.408000,11465,11466,11466,1
2020-06-23,15:01:57.417000,11465,11466,11465,1
2020-06-23,15:02:00.540000,11465,11466,11465,1
2020-06-23,15:02:00.688000,11465,11466,11465,1
2020-06-23,15:02:01.066000,11465,11466,11465,1
2020-06-23,15:02:01.490000,11465,11466,11465,1
2020-06-23,15:02:01.752000,11465,11466,11466,1
2020-06-23,15:02:02.181000,11465,11466,11466,5
2020-06-23,15:02:03.685000,11465,11466,11466,1
2020-06-23,15:02:09.099000,11465,11466,11466,2
2020-06-23,15:02:10.323000,11465,11466,11465,1
2020-06-23,15:02:13.511000,11465,11466,11466,1
2020-06-23,15:02:14.312000,11465,11466,11466,2
2020-06-23,15:02:18.294000,11466,11467,11466,1
2020-06-23,15:02:19.668000,11466,11467,11467,4
2020-06-23,15:02:19.669000,11466,11467,11467,3
2020-06-23,15:02:19.669000,11466,11467,11467,8
2020-06-23,15:02:21.063000,11467,11468,11468,1
2020-06-23,15:02:21.912000,11467,11468,11468,1
2020-06-23,15:02:23.670000,11467,11468,11467,3
2020-06-23,15:02:28.399000,11467,11468,11468,1
2020-06-23,15:02:28.711000,11467,11468,11468,5
2020-06-23,15:02:30.846000,11467,11468,11467,1
2020-06-23,15:02:31.246000,11467,11468,11468,1
2020-06-23,15:02:31.246000,11467,11468,11468,1
2020-06-23,15:02:31.246000,11467,11468,11468,2
2020-06-23,15:02:31.247000,11467,11468,11468,5
2020-06-23,15:02:33.497000,11467,11469,11468,1
2020-06-23,15:02:33.991000,11468,11469,11469,1
2020-06-23,15:02:35.499000,11468,11469,11468,2
2020-06-23,15:02:35.499000,11468,11469,11468,1
2020-06-23,15:02:35.499000,11468,11469,11468,1
2020-06-23,15:02:38.653000,11467,11468,11468,2
2020-06-23,15:02:38.653000,11467,11468,11469,1
2020-06-23,15:02:46.083000,11467,11468,11468,1
2020-06-23,15:02:52.690000,11467,11468,11468,1
2020-06-23,15:02:58.086000,11467,11468,11468,1
2020-06-23,15:03:02.219000,11467,11468,11468,1
2020-06-23,15:03:02.219000,11467,11468,11468,3
2020-06-23,15:03:02.391000,11468,11469,11468,1
2020-06-23,15:03:02.434000,11468,11469,11468,1
2020-06-23,15:03:02.950000,11468,11469,11469,1
2020-06-23,15:03:10.831000,11468,11469,11469,1
2020-06-23,15:03:17.806000,11468,11469,11468,1
2020-06-23,15:03:17.873000,11468,11469,11469,1
2020-06-23,15:03:18.220000,11468,11469,11468,2
2020-06-23,15:03:18.232000,11468,11469,11468,2
2020-06-23,15:03:21.191000,11468,11469,11468,1
2020-06-23,15:03:22.227000,11468,11469,11469,2
2020-06-23,15:03:22.893000,11468,11469,11468,11
2020-06-23,15:03:23.132000,11467,11468,11467,1
2020-06-23,15:03:25.448000,11467,11468,11467,4
2020-06-23,15:03:25.449000,11467,11468,11467,7
2020-06-23,15:03:26.092000,11466,11467,11466,1
2020-06-23,15:03:28.635000,11467,11468,11467,2
2020-06-23,15:03:29.991000,11466,11467,11467,1
2020-06-23,15:03:31.658000,11466,11467,11467,1
2020-06-23,15:03:40.452000,11467,11468,11468,10
2020-06-23,15:03:40.907000,11467,11469,11467,1
2020-06-23,15:03:43.779000,11468,11469,11468,1
2020-06-23,15:03:44.226000,11468,11469,11469,7
2020-06-23,15:03:44.258000,11468,11469,11469,2
2020-06-23,15:03:45.964000,11468,11469,11468,3
2020-06-23,15:03:46.693000,11468,11469,11469,1
2020-06-23,15:03:52.513000,11468,11469,11469,1
2020-06-23,15:03:53.447000,11468,11469,11469,2
2020-06-23,15:03:55.204000,11468,11469,11469,1
2020-06-23,15:03:57.900000,11468,11469,11468,1
2020-06-23,15:03:58.599000,11468,11469,11469,3
2020-06-23,15:04:02.229000,11468,11469,11469,9
2020-06-23,15:04:02.382000,11468,11469,11468,1
2020-06-23,15:04:02.416000,11468,11469,11469,1
2020-06-23,15:04:03.214000,11469,11470,11469,1
2020-06-23,15:04:06.315000,11469,11470,11470,2
2020-06-23,15:04:06.357000,11469,11470,11469,2
2020-06-23,15:04:06.388000,11469,11470,11469,2
2020-06-23,15:04:06.438000,11469,11470,11469,2
2020-06-23,15:04:06.960000,11469,11470,11469,1
2020-06-23,15:04:06.960000,11469,11470,11469,1
2020-06-23,15:04:06.960000,11469,11470,11469,1
2020-06-23,15:04:16.351000,11468,11469,11469,1
2020-06-23,15:04:18.186000,11468,11469,11468,1
2020-06-23,15:04:18.186000,11468,11469,11468,2
2020-06-23,15:04:18.187000,11468,11469,11468,3
2020-06-23,15:04:30.130000,11466,11468,11468,2
2020-06-23,15:04:39.400000,11467,11468,11467,2
2020-06-23,15:04:47.701000,11467,11468,11467,2
2020-06-23,15:04:47.940000,11466,11467,11466,1
2020-06-23,15:04:50.786000,11466,11467,11466,2
2020-06-23,15:04:51.089000,11466,11467,11466,2
2020-06-23,15:04:51.715000,11466,11467,11467,1
2020-06-23,15:04:51.715000,11466,11467,11467,1
2020-06-23,15:04:53.849000,11466,11468,11466,2
2020-06-23,15:05:00.359000,11465,11466,11465,4
2020-06-23,15:05:00.360000,11465,11466,11465,5
2020-06-23,15:05:01.809000,11464,11465,11464,1
2020-06-23,15:05:02.027000,11464,11465,11464,2
2020-06-23,15:05:02.065000,11464,11465,11464,3
2020-06-23,15:05:02.478000,11463,11465,11465,1
2020-06-23,15:05:02.588000,11463,11465,11464,2
2020-06-23,15:05:02.634000,11464,11465,11464,1
2020-06-23,15:05:02.846000,11463,11465,11465,2
2020-06-23,15:05:08.303000,11463,11464,11464,1
2020-06-23,15:05:08.449000,11464,11465,11464,2
2020-06-23,15:05:10.387000,11463,11464,11464,1
2020-06-23,15:05:11.562000,11463,11465,11463,2
2020-06-23,15:05:11.709000,11463,11465,11463,1
2020-06-23,15:05:16.523000,11463,11464,11463,2
2020-06-23,15:05:16.523000,11463,11464,11463,1
2020-06-23,15:05:16.524000,11463,11464,11463,1
2020-06-23,15:05:16.524000,11463,11464,11463,1
2020-06-23,15:05:16.524000,11463,11464,11463,2
2020-06-23,15:05:16.524000,11463,11464,11463,2
2020-06-23,15:05:17.371000,11462,11463,11462,1
2020-06-23,15:05:17.523000,11462,11463,11462,1
2020-06-23,15:05:17.571000,11462,11463,11462,1
2020-06-23,15:05:18.417000,11462,11463,11463,1
2020-06-23,15:05:20.383000,11462,11463,11462,1
2020-06-23,15:05:20.714000,11461,11463,11461,1
2020-06-23,15:05:20.791000,11461,11463,11461,1
2020-06-23,15:05:21.542000,11462,11463,11462,1
2020-06-23,15:05:21.913000,11461,11463,11463,1
2020-06-23,15:05:23.513000,11462,11463,11462,1
2020-06-23,15:05:29.991000,11462,11463,11462,1
2020-06-23,15:05:32.052000,11461,11462,11461,1
2020-06-23,15:05:34.508000,11461,11462,11461,1
2020-06-23,15:05:34.883000,11460,11462,11460,1
2020-06-23,15:05:34.886000,11460,11462,11460,2
2020-06-23,15:05:35.182000,11460,11462,11460,3
2020-06-23,15:05:35.454000,11460,11461,11461,1
2020-06-23,15:05:39.205000,11460,11461,11460,1
2020-06-23,15:05:40.357000,11460,11461,11460,3
2020-06-23,15:05:42.176000,11460,11461,11460,1
2020-06-23,15:05:43.696000,11460,11461,11460,1
2020-06-23,15:05:43.724000,11460,11461,11460,1
2020-06-23,15:05:45.636000,11460,11461,11460,1
2020-06-23,15:05:47.678000,11460,11461,11461,11
2020-06-23,15:05:51.860000,11461,11462,11461,1
2020-06-23,15:05:54.981000,11460,11462,11461,1
2020-06-23,15:05:59.644000,11460,11461,11460,1
2020-06-23,15:06:00.047000,11460,11461,11461,1
2020-06-23,15:06:00.051000,11460,11461,11461,1
2020-06-23,15:06:00.068000,11460,11461,11461,1
2020-06-23,15:06:02.280000,11460,11461,11461,7
2020-06-23,15:06:02.280000,11460,11461,11461,8
2020-06-23,15:06:02.408000,11460,11461,11460,1
2020-06-23,15:06:07.797000,11460,11461,11460,2
2020-06-23,15:06:08.813000,11460,11461,11460,4
2020-06-23,15:06:09.504000,11460,11461,11460,1
2020-06-23,15:06:10.884000,11460,11461,11461,2
2020-06-23,15:06:10.884000,11460,11461,11461,2
2020-06-23,15:06:10.885000,11460,11461,11461,2
2020-06-23,15:06:17.123000,11461,11462,11462,3
2020-06-23,15:06:17.378000,11462,11463,11462,1
2020-06-23,15:06:23.333000,11462,11463,11462,2
2020-06-23,15:06:26.463000,11461,11462,11462,1
2020-06-23,15:06:28.395000,11461,11462,11462,1
2020-06-23,15:06:28.395000,11461,11462,11462,1
2020-06-23,15:06:28.395000,11461,11462,11462,1
2020-06-23,15:06:28.740000,11462,11463,11462,1
2020-06-23,15:06:31.461000,11462,11463,11462,1
2020-06-23,15:06:32.043000,11461,11462,11462,1
2020-06-23,15:06:34.242000,11462,11463,11462,1
2020-06-23,15:06:36.726000,11462,11463,11462,2
2020-06-23,15:06:41.309000,11461,11462,11462,1
2020-06-23,15:06:41.912000,11461,11462,11461,1
2020-06-23,15:06:47.273000,11461,11462,11462,1
2020-06-23,15:06:50.404000,11461,11462,11462,3
2020-06-23,15:06:50.604000,11462,11463,11462,3
2020-06-23,15:07:00.521000,11462,11463,11463,2
2020-06-23,15:07:02.231000,11463,11464,11463,1
2020-06-23,15:07:02.488000,11463,11464,11463,3
2020-06-23,15:07:03.867000,11463,11464,11463,1
2020-06-23,15:07:12.536000,11462,11463,11463,1
2020-06-23,15:07:12.647000,11462,11463,11463,2
2020-06-23,15:07:21.276000,11462,11463,11463,4
2020-06-23,15:07:21.276000,11462,11463,11463,1
2020-06-23,15:07:24.137000,11463,11464,11463,2
2020-06-23,15:07:27.671000,11463,11464,11463,3
2020-06-23,15:07:31.374000,11463,11464,11463,3
2020-06-23,15:07:37.950000,11463,11464,11463,3
2020-06-23,15:07:42.485000,11463,11464,11463,2
2020-06-23,15:07:52.432000,11462,11463,11463,3
2020-06-23,15:07:52.433000,11462,11463,11463,6
2020-06-23,15:07:55.230000,11462,11463,11463,6
2020-06-23,15:07:56.144000,11463,11464,11464,1
2020-06-23,15:07:56.679000,11463,11464,11463,2
2020-06-23,15:07:59.021000,11463,11464,11464,3
2020-06-23,15:08:00.400000,11463,11464,11463,3
2020-06-23,15:08:01.298000,11463,11464,11464,8
2020-06-23,15:08:03.239000,11464,11465,11465,1
2020-06-23,15:08:03.263000,11464,11465,11465,3
2020-06-23,15:08:03.265000,11464,11465,11465,1
2020-06-23,15:08:03.266000,11464,11465,11465,3
2020-06-23,15:08:03.266000,11464,11465,11465,6
2020-06-23,15:08:03.266000,11464,11465,11466,5
2020-06-23,15:08:03.270000,11464,11465,11466,1
2020-06-23,15:08:03.271000,11464,11465,11466,1
2020-06-23,15:08:03.272000,11464,11465,11466,1
2020-06-23,15:08:03.273000,11464,11465,11466,2
2020-06-23,15:08:03.274000,11464,11465,11466,1
2020-06-23,15:08:03.281000,11464,11465,11466,3
2020-06-23,15:08:03.293000,11464,11465,11466,1
2020-06-23,15:08:03.636000,11464,11466,11466,1
2020-06-23,15:08:03.725000,11464,11466,11466,2
2020-06-23,15:08:06.168000,11464,11466,11464,3
2020-06-23,15:08:08.332000,11464,11466,11466,1
2020-06-23,15:08:11.068000,11465,11466,11465,3
2020-06-23,15:08:14.559000,11465,11466,11465,1
2020-06-23,15:08:14.751000,11464,11465,11465,4
2020-06-23,15:08:15.491000,11465,11466,11465,2
2020-06-23,15:08:18.482000,11465,11466,11465,3
2020-06-23,15:08:20.208000,11465,11466,11466,1
2020-06-23,15:08:20.208000,11465,11466,11466,4
2020-06-23,15:08:20.208000,11465,11466,11466,2
2020-06-23,15:08:20.478000,11466,11467,11467,7
2020-06-23,15:08:20.781000,11466,11468,11467,1
2020-06-23,15:08:21.349000,11466,11467,11466,3
2020-06-23,15:08:24.751000,11467,11468,11467,3
2020-06-23,15:08:29.688000,11466,11467,11467,1
2020-06-23,15:08:29.937000,11467,11468,11467,1
2020-06-23,15:08:31.158000,11466,11467,11467,1
2020-06-23,15:08:31.446000,11467,11468,11467,1
2020-06-23,15:08:32.380000,11466,11467,11467,2
2020-06-23,15:08:34.939000,11467,11468,11467,3
2020-06-23,15:08:36.778000,11467,11468,11467,1
2020-06-23,15:08:37.638000,11467,11468,11468,9
2020-06-23,15:08:42.180000,11468,11469,11468,1
2020-06-23,15:08:43.497000,11468,11469,11469,1
2020-06-23,15:08:43.976000,11468,11469,11469,3
2020-06-23,15:08:44.123000,11468,11469,11468,1
2020-06-23,15:08:45.033000,11468,11469,11468,1
2020-06-23,15:08:48.867000,11468,11469,11468,1
2020-06-23,15:08:50.217000,11468,11469,11469,1
2020-06-23,15:08:53.730000,11468,11469,11469,1
2020-06-23,15:08:53.974000,11468,11469,11469,5
2020-06-23,15:08:53.975000,11468,11469,11469,1
2020-06-23,15:08:53.978000,11468,11469,11469,2
2020-06-23,15:08:54.225000,11469,11470,11470,1
2020-06-23,15:08:54.581000,11469,11470,11469,1
2020-06-23,15:08:55.280000,11468,11469,11469,1
2020-06-23,15:08:55.620000,11468,11470,11469,1
2020-06-23,15:08:58.541000,11468,11469,11468,1
2020-06-23,15:09:01.707000,11468,11469,11469,1
2020-06-23,15:09:01.709000,11468,11469,11469,1
2020-06-23,15:09:02.300000,11468,11469,11469,2
2020-06-23,15:09:02.485000,11468,11469,11469,2
2020-06-23,15:09:02.672000,11468,11469,11469,3
2020-06-23,15:09:03.647000,11468,11469,11469,9
2020-06-23,15:09:03.648000,11468,11469,11469,1
2020-06-23,15:09:03.649000,11468,11469,11469,1
2020-06-23,15:09:08.079000,11468,11469,11468,1
2020-06-23,15:09:08.080000,11468,11469,11468,3
2020-06-23,15:09:09.648000,11468,11469,11468,1
2020-06-23,15:09:12.414000,11467,11468,11468,1
2020-06-23,15:09:14.955000,11467,11468,11467,1
2020-06-23,15:09:15.241000,11467,11468,11467,2
2020-06-23,15:09:15.800000,11466,11467,11466,1
2020-06-23,15:09:21.599000,11466,11467,11466,1
2020-06-23,15:09:25.460000,11466,11467,11467,2
2020-06-23,15:09:25.460000,11466,11467,11467,1
2020-06-23,15:09:25.461000,11466,11467,11467,4
2020-06-23,15:09:25.461000,11466,11467,11467,1
2020-06-23,15:09:29.207000,11467,11468,11468,5
2020-06-23,15:09:29.552000,11467,11469,11467,1
2020-06-23,15:09:36.031000,11468,11469,11468,2
2020-06-23,15:09:37.749000,11468,11469,11468,1
2020-06-23,15:09:38.003000,11468,11469,11468,1
2020-06-23,15:09:43.099000,11467,11468,11468,1
2020-06-23,15:09:47.903000,11467,11468,11468,2
2020-06-23,15:09:49.922000,11467,11468,11468,1
2020-06-23,15:09:49.963000,11467,11468,11468,2
2020-06-23,15:09:50.257000,11467,11468,11468,1
2020-06-23,15:09:52.131000,11467,11468,11468,9
2020-06-23,15:09:58.945000,11468,11469,11468,1
2020-06-23,15:09:59.513000,11468,11469,11469,2
2020-06-23,15:10:00.342000,11468,11469,11469,5
2020-06-23,15:10:00.342000,11468,11469,11469,1
2020-06-23,15:10:00.342000,11468,11469,11469,1
2020-06-23,15:10:00.342000,11468,11469,11469,1
2020-06-23,15:10:00.342000,11468,11469,11469,1
2020-06-23,15:10:00.981000,11469,11470,11469,1
2020-06-23,15:10:01.672000,11469,11470,11469,3
2020-06-23,15:10:01.672000,11469,11470,11468,2
2020-06-23,15:10:02.113000,11468,11470,11470,1
2020-06-23,15:10:02.138000,11468,11470,11470,1
2020-06-23,15:10:02.350000,11469,11470,11470,1
2020-06-23,15:10:02.387000,11469,11470,11470,1
2020-06-23,15:10:02.922000,11468,11470,11470,1
2020-06-23,15:10:07.068000,11468,11469,11469,3
2020-06-23,15:10:07.297000,11468,11470,11470,1
2020-06-23,15:10:09.963000,11469,11470,11469,1
2020-06-23,15:10:09.963000,11469,11470,11469,2
2020-06-23,15:10:09.963000,11469,11470,11469,1
2020-06-23,15:10:10.688000,11468,11469,11469,1
2020-06-23,15:10:10.969000,11468,11469,11469,6
2020-06-23,15:10:11.952000,11468,11469,11469,2
2020-06-23,15:10:14.453000,11468,11469,11468,1
2020-06-23,15:10:14.454000,11468,11469,11468,1
2020-06-23,15:10:15.302000,11467,11468,11468,1
2020-06-23,15:10:15.927000,11467,11468,11468,1
2020-06-23,15:10:16.174000,11467,11468,11468,1
2020-06-23,15:10:17.667000,11467,11468,11468,1
2020-06-23,15:10:19.434000,11468,11469,11468,1
2020-06-23,15:10:22.784000,11468,11469,11469,1
2020-06-23,15:10:27.634000,11468,11469,11469,5
2020-06-23,15:10:27.634000,11468,11469,11469,2
2020-06-23,15:10:27.666000,11468,11469,11469,1
2020-06-23,15:10:29.714000,11469,11470,11469,1
2020-06-23,15:10:32.959000,11468,11469,11469,1
2020-06-23,15:10:33.800000,11468,11469,11469,3
2020-06-23,15:10:35.067000,11468,11469,11468,7
2020-06-23,15:10:35.067000,11468,11469,11468,8
2020-06-23,15:10:35.067000,11468,11469,11468,6
2020-06-23,15:10:35.164000,11467,11468,11467,1
2020-06-23,15:10:35.517000,11467,11468,11468,1
2020-06-23,15:10:35.657000,11467,11468,11468,8
2020-06-23,15:10:37.775000,11467,11468,11468,1
2020-06-23,15:10:39.746000,11467,11469,11467,1
2020-06-23,15:10:42.422000,11468,11469,11468,1
2020-06-23,15:10:43.024000,11467,11468,11468,1
2020-06-23,15:10:46.659000,11467,11469,11469,1
2020-06-23,15:11:01.377000,11468,11469,11468,2
2020-06-23,15:11:01.808000,11467,11468,11468,1
2020-06-23,15:11:13.929000,11468,11469,11468,2
2020-06-23,15:11:34.139000,11468,11469,11468,1
2020-06-23,15:11:34.417000,11468,11469,11469,3
2020-06-23,15:11:34.418000,11468,11469,11469,14
2020-06-23,15:11:37.719000,11469,11470,11469,1
2020-06-23,15:11:40.792000,11469,11470,11470,14
2020-06-23,15:11:40.793000,11469,11470,11470,1
2020-06-23,15:11:40.793000,11469,11470,11470,31
2020-06-23,15:11:40.793000,11469,11470,11470,1
2020-06-23,15:11:40.793000,11469,11470,11470,3
2020-06-23,15:11:40.793000,11469,11470,11470,4
2020-06-23,15:11:41.014000,11470,11471,11471,1
2020-06-23,15:11:41.014000,11470,11471,11471,1
2020-06-23,15:11:41.142000,11470,11471,11471,5
2020-06-23,15:11:41.177000,11470,11471,11471,1
2020-06-23,15:11:41.258000,11470,11471,11471,6
2020-06-23,15:11:41.411000,11470,11472,11472,1
2020-06-23,15:11:41.522000,11470,11472,11472,1
2020-06-23,15:11:41.780000,11470,11472,11472,3
2020-06-23,15:11:41.836000,11470,11472,11472,1
2020-06-23,15:11:41.995000,11470,11472,11472,13
2020-06-23,15:11:41.995000,11470,11472,11472,5
2020-06-23,15:11:43.755000,11470,11472,11472,3
2020-06-23,15:11:46.084000,11470,11472,11472,1
2020-06-23,15:11:46.141000,11470,11472,11472,1
2020-06-23,15:11:47.924000,11471,11472,11472,1
2020-06-23,15:11:48.031000,11471,11472,11471,2
2020-06-23,15:11:48.999000,11471,11472,11471,1
2020-06-23,15:11:49.995000,11471,11472,11471,2
2020-06-23,15:11:51.814000,11471,11472,11471,1
2020-06-23,15:11:53.931000,11470,11471,11471,1
2020-06-23,15:11:59.556000,11470,11471,11470,6
2020-06-23,15:11:59.767000,11469,11470,11469,1
2020-06-23,15:11:59.797000,11469,11470,11470,1
2020-06-23,15:12:00.275000,11470,11471,11471,1
2020-06-23,15:12:00.658000,11470,11471,11471,2
2020-06-23,15:12:04.129000,11469,11471,11469,1
2020-06-23,15:12:10.072000,11470,11471,11470,2
2020-06-23,15:12:13.021000,11469,11470,11469,1
2020-06-23,15:12:13.021000,11469,11470,11469,4
2020-06-23,15:12:13.021000,11469,11470,11469,5
2020-06-23,15:12:29.211000,11469,11470,11470,3
2020-06-23,15:12:39.461000,11470,11471,11471,8
2020-06-23,15:12:39.461000,11470,11471,11471,2
2020-06-23,15:12:39.509000,11470,11472,11471,1
2020-06-23,15:12:41.870000,11470,11471,11471,5
2020-06-23,15:12:41.871000,11470,11471,11471,2
2020-06-23,15:12:41.871000,11470,11471,11471,2
2020-06-23,15:12:41.884000,11471,11472,11471,1
2020-06-23,15:12:56.129000,11470,11471,11471,5
2020-06-23,15:13:00.346000,11470,11471,11471,2
2020-06-23,15:13:00.347000,11470,11471,11471,2
2020-06-23,15:13:00.347000,11470,11471,11471,2
2020-06-23,15:13:00.347000,11470,11471,11471,1
2020-06-23,15:13:00.347000,11470,11471,11471,1
2020-06-23,15:13:00.388000,11470,11471,11471,4
2020-06-23,15:13:01.097000,11471,11472,11471,2
2020-06-23,15:13:02.312000,11471,11472,11472,4
2020-06-23,15:13:02.884000,11471,11472,11472,1
2020-06-23,15:13:02.904000,11471,11472,11472,1
2020-06-23,15:13:03.665000,11471,11472,11471,2
2020-06-23,15:13:08.411000,11470,11471,11471,1
2020-06-23,15:13:14.287000,11471,11472,11471,1
2020-06-23,15:13:16.557000,11471,11472,11471,1
2020-06-23,15:13:17.196000,11471,11472,11471,1
2020-06-23,15:13:22.469000,11471,11472,11471,1
2020-06-23,15:13:31.805000,11471,11472,11471,2
2020-06-23,15:13:31.805000,11471,11472,11471,1
2020-06-23,15:13:36.103000,11471,11472,11471,2
2020-06-23,15:13:50.343000,11471,11472,11472,1
2020-06-23,15:13:51.564000,11471,11472,11471,4
2020-06-23,15:13:54.462000,11471,11472,11472,1
2020-06-23,15:14:02.213000,11471,11472,11472,1
2020-06-23,15:14:02.656000,11471,11472,11471,1
2020-06-23,15:14:02.999000,11471,11472,11472,2
2020-06-23,15:14:03.013000,11471,11472,11472,1
2020-06-23,15:14:03.030000,11471,11472,11472,1
2020-06-23,15:14:03.201000,11471,11472,11472,1
2020-06-23,15:14:05.356000,11471,11472,11471,2
2020-06-23,15:14:13.244000,11471,11472,11472,1
2020-06-23,15:14:14.438000,11471,11472,11472,1
2020-06-23,15:14:17.037000,11471,11472,11471,1
2020-06-23,15:14:17.238000,11471,11472,11472,1
2020-06-23,15:14:17.239000,11471,11472,11472,2
2020-06-23,15:14:17.243000,11471,11472,11472,7
2020-06-23,15:14:17.243000,11471,11472,11472,10
2020-06-23,15:14:17.243000,11471,11472,11472,9
2020-06-23,15:14:17.259000,11472,11473,11473,18
2020-06-23,15:14:17.617000,11472,11473,11473,1
2020-06-23,15:14:22.529000,11472,11473,11473,5
2020-06-23,15:14:22.709000,11472,11473,11473,1
2020-06-23,15:14:23.555000,11472,11473,11473,3
2020-06-23,15:14:24.183000,11472,11473,11472,2
2020-06-23,15:14:24.226000,11472,11473,11473,5
2020-06-23,15:14:25,11472,11473,11473,1
2020-06-23,15:14:26.517000,11472,11473,11473,5
2020-06-23,15:14:28.812000,11472,11473,11472,4
2020-06-23,15:14:30.041000,11472,11473,11473,1
2020-06-23,15:14:37.395000,11472,11473,11473,1
2020-06-23,15:14:38.490000,11472,11473,11473,4
2020-06-23,15:14:49.255000,11473,11474,11473,2
2020-06-23,15:14:55.634000,11473,11474,11473,1
2020-06-23,15:14:55.906000,11473,11474,11474,1
2020-06-23,15:14:56.373000,11473,11474,11474,1
2020-06-23,15:14:56.385000,11473,11474,11474,1
2020-06-23,15:14:56.425000,11473,11474,11474,7
2020-06-23,15:14:56.446000,11473,11474,11474,1
2020-06-23,15:14:56.477000,11473,11474,11474,2
2020-06-23,15:14:56.525000,11474,11475,11475,2
2020-06-23,15:14:56.579000,11474,11475,11475,1
2020-06-23,15:14:56.678000,11474,11475,11475,1
2020-06-23,15:14:56.733000,11474,11475,11475,1
2020-06-23,15:14:57.124000,11474,11475,11475,1
2020-06-23,15:14:57.124000,11474,11475,11475,1
2020-06-23,15:14:57.546000,11474,11475,11475,5
2020-06-23,15:14:57.706000,11474,11475,11475,5
2020-06-23,15:14:57.707000,11474,11475,11475,4
2020-06-23,15:14:57.807000,11474,11475,11475,5
2020-06-23,15:14:57.807000,11474,11475,11475,1
2020-06-23,15:14:59.598000,11475,11476,11475,2
2020-06-23,15:15:00.077000,11475,11476,11476,5
2020-06-23,15:15:00.077000,11475,11476,11476,17
2020-06-23,15:15:00.077000,11475,11476,11476,1
2020-06-23,15:15:00.145000,11476,11477,11477,1
2020-06-23,15:15:00.155000,11476,11477,11476,2
2020-06-23,15:15:00.369000,11476,11477,11477,1
2020-06-23,15:15:00.454000,11476,11477,11477,9
2020-06-23,15:15:00.508000,11476,11477,11477,1
2020-06-23,15:15:00.521000,11476,11477,11477,1
2020-06-23,15:15:00.565000,11476,11477,11478,1
2020-06-23,15:15:00.578000,11476,11477,11478,1
2020-06-23,15:15:00.579000,11476,11477,11478,4
2020-06-23,15:15:00.679000,11477,11478,11478,15
2020-06-23,15:15:00.679000,11477,11478,11478,9
2020-06-23,15:15:00.766000,11478,11479,11479,1
2020-06-23,15:15:00.781000,11478,11479,11479,1
2020-06-23,15:15:01.147000,11478,11479,11479,1
2020-06-23,15:15:01.162000,11478,11479,11479,1
2020-06-23,15:15:01.170000,11478,11479,11479,1
2020-06-23,15:15:01.173000,11478,11479,11479,1
2020-06-23,15:15:01.173000,11478,11479,11479,1
2020-06-23,15:15:01.173000,11478,11479,11479,1
2020-06-23,15:15:01.174000,11478,11479,11479,11
2020-06-23,15:15:01.187000,11478,11479,11480,1
2020-06-23,15:15:01.196000,11478,11479,11480,1
2020-06-23,15:15:01.205000,11478,11479,11480,1
2020-06-23,15:15:01.235000,11478,11479,11479,2
2020-06-23,15:15:01.259000,11478,11480,11480,1
2020-06-23,15:15:01.264000,11478,11480,11479,1
2020-06-23,15:15:01.269000,11478,11480,11479,1
2020-06-23,15:15:01.270000,11478,11480,11480,2
2020-06-23,15:15:01.400000,11478,11479,11479,1
2020-06-23,15:15:01.428000,11478,11479,11479,1
2020-06-23,15:15:01.588000,11478,11480,11480,1
2020-06-23,15:15:01.633000,11479,11480,11480,1
2020-06-23,15:15:01.760000,11479,11480,11480,1
2020-06-23,15:15:01.949000,11478,11479,11479,2
2020-06-23,15:15:01.990000,11478,11479,11480,1
2020-06-23,15:15:01.999000,11478,11479,11480,2
2020-06-23,15:15:02.008000,11479,11480,11480,1
2020-06-23,15:15:02.026000,11479,11480,11480,1
2020-06-23,15:15:02.077000,11479,11480,11480,3
2020-06-23,15:15:02.296000,11478,11479,11479,4
2020-06-23,15:15:02.296000,11478,11479,11480,2
2020-06-23,15:15:02.398000,11478,11480,11480,1
2020-06-23,15:15:02.508000,11478,11480,11480,1
2020-06-23,15:15:02.800000,11479,11480,11480,1
2020-06-23,15:15:03.096000,11480,11481,11481,10
2020-06-23,15:15:03.104000,11480,11481,11481,2
2020-06-23,15:15:03.210000,11480,11481,11481,1
2020-06-23,15:15:03.243000,11480,11481,11481,1
2020-06-23,15:15:03.243000,11480,11481,11481,4
2020-06-23,15:15:03.273000,11480,11481,11481,1
2020-06-23,15:15:03.283000,11480,11481,11481,1
2020-06-23,15:15:03.304000,11480,11481,11481,1
2020-06-23,15:15:03.304000,11480,11481,11481,1
2020-06-23,15:15:03.368000,11480,11481,11481,2
2020-06-23,15:15:03.450000,11480,11481,11481,1
2020-06-23,15:15:03.453000,11480,11481,11481,4
2020-06-23,15:15:03.505000,11480,11481,11482,2
2020-06-23,15:15:03.722000,11481,11482,11482,3
2020-06-23,15:15:03.776000,11481,11482,11482,5
2020-06-23,15:15:03.776000,11481,11482,11482,1
2020-06-23,15:15:03.814000,11481,11482,11483,3
2020-06-23,15:15:03.933000,11482,11483,11483,2
2020-06-23,15:15:03.945000,11482,11483,11483,2
2020-06-23,15:15:03.945000,11482,11483,11483,3
2020-06-23,15:15:03.995000,11482,11483,11484,1
2020-06-23,15:15:04.007000,11482,11483,11484,2
2020-06-23,15:15:04.032000,11483,11484,11484,2
2020-06-23,15:15:04.049000,11483,11484,11484,2
2020-06-23,15:15:04.073000,11483,11484,11484,2
2020-06-23,15:15:04.083000,11483,11484,11484,2
2020-06-23,15:15:04.108000,11483,11484,11484,1
2020-06-23,15:15:04.134000,11483,11484,11484,1
2020-06-23,15:15:04.176000,11483,11484,11483,1
2020-06-23,15:15:04.187000,11483,11484,11483,1
2020-06-23,15:15:04.209000,11483,11484,11484,1
2020-06-23,15:15:04.229000,11483,11484,11484,4
2020-06-23,15:15:04.267000,11483,11484,11484,1
2020-06-23,15:15:04.312000,11483,11484,11484,2
2020-06-23,15:15:04.316000,11483,11484,11484,2
2020-06-23,15:15:04.337000,11483,11484,11484,2
2020-06-23,15:15:04.337000,11483,11484,11485,3
2020-06-23,15:15:04.344000,11483,11484,11485,1
2020-06-23,15:15:04.344000,11483,11484,11485,2
2020-06-23,15:15:04.390000,11483,11485,11484,1
2020-06-23,15:15:04.466000,11483,11485,11484,1
2020-06-23,15:15:04.473000,11483,11485,11483,1
2020-06-23,15:15:04.516000,11482,11484,11484,3
2020-06-23,15:15:04.532000,11482,11484,11484,1
2020-06-23,15:15:04.533000,11482,11484,11484,1
2020-06-23,15:15:04.659000,11482,11484,11484,1
2020-06-23,15:15:04.698000,11482,11484,11484,2
2020-06-23,15:15:04.703000,11482,11484,11484,1
2020-06-23,15:15:04.736000,11482,11484,11484,1
2020-06-23,15:15:04.817000,11483,11484,11484,4
2020-06-23,15:15:04.843000,11483,11484,11484,1
2020-06-23,15:15:04.894000,11482,11483,11483,1
2020-06-23,15:15:04.931000,11482,11483,11483,1
2020-06-23,15:15:04.934000,11482,11483,11483,1
2020-06-23,15:15:05.060000,11481,11483,11483,1
2020-06-23,15:15:05.060000,11481,11483,11483,1
2020-06-23,15:15:05.096000,11481,11483,11483,3
2020-06-23,15:15:05.202000,11482,11484,11483,1
2020-06-23,15:15:05.697000,11482,11484,11483,1
2020-06-23,15:15:06.240000,11482,11484,11482,1
2020-06-23,15:15:06.419000,11482,11483,11483,1
2020-06-23,15:15:07.751000,11482,11483,11482,3
2020-06-23,15:15:08.100000,11482,11484,11483,1
2020-06-23,15:15:08.241000,11482,11483,11483,1
2020-06-23,15:15:08.241000,11482,11483,11483,1
2020-06-23,15:15:08.645000,11482,11483,11483,1
2020-06-23,15:15:08.728000,11482,11483,11482,1
2020-06-23,15:15:09.322000,11481,11483,11483,5
2020-06-23,15:15:09.487000,11482,11483,11484,2
2020-06-23,15:15:10.093000,11482,11484,11484,1
2020-06-23,15:15:10.369000,11482,11484,11482,2
2020-06-23,15:15:10.434000,11482,11484,11484,1
2020-06-23,15:15:10.914000,11483,11484,11484,4
2020-06-23,15:15:10.965000,11483,11484,11484,2
2020-06-23,15:15:11.008000,11484,11485,11485,2
2020-06-23,15:15:11.009000,11484,11485,11484,2
2020-06-23,15:15:11.059000,11484,11485,11484,2
2020-06-23,15:15:11.081000,11484,11485,11484,1
2020-06-23,15:15:11.109000,11484,11485,11484,2
2020-06-23,15:15:11.134000,11484,11485,11484,2
2020-06-23,15:15:11.184000,11484,11485,11484,2
2020-06-23,15:15:11.698000,11483,11484,11484,2
2020-06-23,15:15:11.698000,11483,11484,11485,3
2020-06-23,15:15:12.595000,11483,11485,11483,3
2020-06-23,15:15:12.596000,11483,11485,11483,4
2020-06-23,15:15:12.596000,11483,11485,11482,14
2020-06-23,15:15:12.665000,11482,11484,11482,9
2020-06-23,15:15:12.729000,11482,11484,11483,1
2020-06-23,15:15:12.770000,11482,11483,11483,1
2020-06-23,15:15:12.931000,11482,11483,11483,1
2020-06-23,15:15:13.154000,11482,11483,11483,2
2020-06-23,15:15:13.549000,11482,11484,11484,1
2020-06-23,15:15:14.229000,11482,11484,11484,4
2020-06-23,15:15:14.617000,11482,11483,11483,2
2020-06-23,15:15:14.729000,11482,11484,11483,2
2020-06-23,15:15:14.842000,11482,11483,11483,1
2020-06-23,15:15:16.970000,11483,11484,11484,1
2020-06-23,15:15:17.787000,11484,11485,11484,1
2020-06-23,15:15:17.830000,11484,11485,11484,1
2020-06-23,15:15:17.868000,11484,11485,11485,2
2020-06-23,15:15:18.381000,11484,11485,11485,1
2020-06-23,15:15:19.435000,11483,11485,11484,1
2020-06-23,15:15:20.269000,11483,11484,11483,1
2020-06-23,15:15:21.553000,11483,11484,11484,1
2020-06-23,15:15:22.633000,11483,11484,11484,1
2020-06-23,15:15:23.422000,11484,11485,11484,1
2020-06-23,15:15:23.568000,11483,11485,11485,2
2020-06-23,15:15:23.725000,11484,11485,11484,4
2020-06-23,15:15:23.882000,11484,11485,11485,1
2020-06-23,15:15:24.533000,11484,11485,11484,1
2020-06-23,15:15:24.792000,11483,11485,11483,1
2020-06-23,15:15:25.121000,11483,11484,11484,2
2020-06-23,15:15:25.270000,11483,11484,11483,10
2020-06-23,15:15:26.112000,11483,11484,11484,1
2020-06-23,15:15:26.890000,11483,11485,11485,2
2020-06-23,15:15:27.152000,11483,11485,11485,2
2020-06-23,15:15:28.239000,11484,11485,11484,1
2020-06-23,15:15:28.696000,11484,11485,11485,1
2020-06-23,15:15:28.717000,11484,11485,11485,5
2020-06-23,15:15:29.864000,11484,11485,11485,10
2020-06-23,15:15:29.864000,11484,11485,11485,4
2020-06-23,15:15:29.864000,11484,11485,11485,3
2020-06-23,15:15:31.007000,11485,11486,11486,2
2020-06-23,15:15:31.110000,11485,11486,11486,1
2020-06-23,15:15:31.147000,11485,11486,11486,11
2020-06-23,15:15:31.150000,11485,11486,11487,1
2020-06-23,15:15:31.180000,11485,11486,11487,1
2020-06-23,15:15:31.262000,11486,11487,11487,1
2020-06-23,15:15:31.495000,11486,11487,11487,1
2020-06-23,15:15:31.495000,11486,11487,11487,1
2020-06-23,15:15:31.495000,11486,11487,11487,1
2020-06-23,15:15:31.495000,11486,11487,11487,5
2020-06-23,15:15:31.496000,11486,11487,11487,2
2020-06-23,15:15:31.496000,11486,11487,11487,7
2020-06-23,15:15:31.785000,11487,11488,11488,4
2020-06-23,15:15:31.786000,11487,11488,11488,16
2020-06-23,15:15:31.786000,11487,11488,11488,3
2020-06-23,15:15:31.905000,11488,11489,11489,1
2020-06-23,15:15:31.929000,11488,11489,11489,15
2020-06-23,15:15:31.988000,11488,11489,11490,1
2020-06-23,15:15:31.991000,11488,11489,11490,1
2020-06-23,15:15:32.072000,11489,11490,11489,1
2020-06-23,15:15:32.352000,11489,11490,11490,1
2020-06-23,15:15:32.402000,11489,11490,11490,1
2020-06-23,15:15:32.409000,11489,11490,11490,2
2020-06-23,15:15:32.459000,11489,11490,11490,1
2020-06-23,15:15:32.542000,11489,11490,11490,1
2020-06-23,15:15:32.678000,11489,11490,11489,6
2020-06-23,15:15:32.783000,11489,11490,11490,1
2020-06-23,15:15:33.022000,11489,11490,11490,1
2020-06-23,15:15:33.382000,11489,11490,11490,2
2020-06-23,15:15:33.445000,11489,11490,11489,1
2020-06-23,15:15:33.517000,11489,11490,11489,2
2020-06-23,15:15:33.518000,11489,11490,11489,4
2020-06-23,15:15:33.694000,11488,11489,11489,1
2020-06-23,15:15:34.089000,11488,11489,11488,1
2020-06-23,15:15:34.090000,11488,11489,11488,1
2020-06-23,15:15:34.220000,11487,11489,11488,3
2020-06-23,15:15:34.502000,11487,11488,11488,1
2020-06-23,15:15:34.670000,11487,11488,11488,1
2020-06-23,15:15:35.350000,11487,11488,11488,1
2020-06-23,15:15:35.952000,11487,11488,11488,1
2020-06-23,15:15:36.128000,11487,11488,11488,1
2020-06-23,15:15:36.225000,11487,11488,11489,1
2020-06-23,15:15:36.253000,11487,11488,11489,1
2020-06-23,15:15:38.082000,11488,11489,11489,11
2020-06-23,15:15:39.020000,11489,11490,11490,8
2020-06-23,15:15:39.144000,11490,11491,11490,1
2020-06-23,15:15:40.097000,11490,11491,11490,1
2020-06-23,15:15:40.111000,11490,11491,11490,2
2020-06-23,15:15:40.287000,11490,11491,11490,1
2020-06-23,15:15:40.564000,11490,11491,11491,12
2020-06-23,15:15:40.660000,11490,11491,11490,12
2020-06-23,15:15:40.660000,11490,11491,11489,8
2020-06-23,15:15:40.719000,11490,11491,11489,1
2020-06-23,15:15:41.233000,11489,11490,11490,2
2020-06-23,15:15:42.527000,11489,11490,11490,2
2020-06-23,15:15:43.024000,11489,11490,11489,2
2020-06-23,15:15:43.025000,11489,11490,11489,3
2020-06-23,15:15:43.759000,11488,11489,11489,1
2020-06-23,15:15:43.818000,11488,11489,11488,4
2020-06-23,15:15:44.255000,11488,11489,11488,1
2020-06-23,15:15:44.304000,11488,11489,11488,2
2020-06-23,15:15:44.304000,11488,11489,11488,3
2020-06-23,15:15:44.335000,11488,11489,11488,2
2020-06-23,15:15:44.389000,11487,11488,11487,1
2020-06-23,15:15:44.389000,11487,11488,11486,1
2020-06-23,15:15:44.486000,11487,11488,11488,2
2020-06-23,15:15:44.547000,11486,11488,11488,1
2020-06-23,15:15:44.636000,11486,11488,11488,1
2020-06-23,15:15:44.748000,11486,11488,11488,4
2020-06-23,15:15:44.785000,11488,11489,11488,1
2020-06-23,15:15:44.979000,11488,11489,11489,1
2020-06-23,15:15:45.191000,11488,11489,11489,1
2020-06-23,15:15:45.279000,11488,11489,11489,2
2020-06-23,15:15:45.292000,11488,11489,11489,1
2020-06-23,15:15:45.759000,11488,11489,11489,5
2020-06-23,15:15:45.918000,11489,11490,11489,1
2020-06-23,15:15:45.986000,11489,11490,11489,1
2020-06-23,15:15:46.658000,11489,11490,11490,1
2020-06-23,15:15:46.872000,11489,11490,11490,1
2020-06-23,15:15:47.590000,11489,11490,11489,3
2020-06-23,15:15:48.896000,11488,11490,11489,1
2020-06-23,15:15:49.122000,11489,11490,11489,1
2020-06-23,15:15:51.392000,11489,11490,11490,2
2020-06-23,15:15:52.739000,11489,11490,11490,1
2020-06-23,15:15:54.576000,11489,11490,11489,1
2020-06-23,15:15:54.689000,11489,11490,11489,4
2020-06-23,15:15:54.689000,11489,11490,11489,19
2020-06-23,15:15:54.741000,11489,11490,11489,1
2020-06-23,15:15:55.189000,11488,11489,11489,10
2020-06-23,15:15:55.467000,11488,11489,11489,1
2020-06-23,15:15:55.574000,11488,11490,11490,1
2020-06-23,15:16:00.332000,11489,11490,11490,1
2020-06-23,15:16:00.422000,11489,11490,11490,5
2020-06-23,15:16:01.481000,11489,11490,11489,1
2020-06-23,15:16:01.520000,11489,11490,11490,2
2020-06-23,15:16:01.639000,11489,11490,11490,4
2020-06-23,15:16:01.639000,11489,11490,11490,1
2020-06-23,15:16:01.639000,11489,11490,11490,4
2020-06-23,15:16:01.639000,11489,11490,11491,1
2020-06-23,15:16:01.640000,11489,11490,11491,16
2020-06-23,15:16:01.640000,11489,11490,11492,2
2020-06-23,15:16:01.647000,11489,11490,11492,1
2020-06-23,15:16:01.660000,11489,11490,11492,2
2020-06-23,15:16:01.662000,11489,11490,11492,5
2020-06-23,15:16:01.662000,11489,11490,11492,2
2020-06-23,15:16:01.662000,11489,11490,11492,1
2020-06-23,15:16:01.662000,11489,11490,11492,8
2020-06-23,15:16:01.666000,11489,11490,11493,1
2020-06-23,15:16:01.668000,11489,11490,11493,1
2020-06-23,15:16:01.669000,11489,11490,11493,1
2020-06-23,15:16:01.670000,11489,11490,11493,3
2020-06-23,15:16:01.673000,11489,11490,11493,1
2020-06-23,15:16:01.673000,11489,11490,11493,4
2020-06-23,15:16:01.673000,11489,11490,11493,3
2020-06-23,15:16:01.674000,11489,11490,11493,1
2020-06-23,15:16:01.674000,11489,11490,11493,1
2020-06-23,15:16:01.674000,11489,11490,11493,1
2020-06-23,15:16:01.674000,11489,11490,11493,2
2020-06-23,15:16:01.674000,11489,11490,11493,1
2020-06-23,15:16:01.678000,11489,11490,11494,5
2020-06-23,15:16:01.760000,11492,11493,11493,3
2020-06-23,15:16:01.761000,11492,11493,11493,3
2020-06-23,15:16:01.761000,11492,11493,11494,2
2020-06-23,15:16:01.761000,11492,11493,11494,1
2020-06-23,15:16:01.761000,11492,11493,11494,2
2020-06-23,15:16:01.860000,11492,11493,11493,3
2020-06-23,15:16:01.914000,11492,11494,11493,3
2020-06-23,15:16:01.914000,11492,11494,11494,1
2020-06-23,15:16:01.940000,11492,11494,11494,1
2020-06-23,15:16:02.001000,11492,11494,11493,1
2020-06-23,15:16:02.023000,11492,11493,11493,3
2020-06-23,15:16:02.092000,11492,11493,11494,4
2020-06-23,15:16:02.121000,11492,11493,11494,1
2020-06-23,15:16:02.143000,11493,11494,11494,2
2020-06-23,15:16:02.144000,11493,11494,11494,2
2020-06-23,15:16:02.144000,11493,11494,11495,2
2020-06-23,15:16:02.159000,11493,11494,11495,1
2020-06-23,15:16:02.194000,11493,11494,11495,2
2020-06-23,15:16:02.199000,11493,11494,11495,2
2020-06-23,15:16:02.209000,11493,11494,11495,1
2020-06-23,15:16:02.255000,11493,11494,11495,4
2020-06-23,15:16:02.293000,11493,11495,11495,1
2020-06-23,15:16:02.438000,11493,11495,11495,1
2020-06-23,15:16:02.447000,11493,11495,11495,6
2020-06-23,15:16:02.527000,11494,11495,11495,1
2020-06-23,15:16:02.547000,11494,11495,11495,1
2020-06-23,15:16:02.583000,11494,11495,11495,1
2020-06-23,15:16:02.691000,11493,11495,11496,3
2020-06-23,15:16:02.693000,11493,11495,11496,1
2020-06-23,15:16:02.865000,11494,11496,11496,2
2020-06-23,15:16:02.866000,11494,11496,11496,1
2020-06-23,15:16:02.883000,11494,11496,11496,1
2020-06-23,15:16:02.926000,11495,11497,11497,1
2020-06-23,15:16:02.946000,11495,11497,11497,1
2020-06-23,15:16:02.984000,11495,11497,11497,1
2020-06-23,15:16:03.123000,11496,11497,11497,2
2020-06-23,15:16:03.126000,11496,11497,11497,1
2020-06-23,15:16:03.202000,11496,11497,11497,2
2020-06-23,15:16:03.384000,11496,11497,11496,9
2020-06-23,15:16:03.591000,11495,11497,11495,8
2020-06-23,15:16:03.634000,11495,11496,11496,2
2020-06-23,15:16:04.060000,11495,11497,11495,3
2020-06-23,15:16:04.521000,11494,11495,11495,1
2020-06-23,15:16:04.530000,11494,11495,11494,1
2020-06-23,15:16:05.244000,11494,11496,11496,1
2020-06-23,15:16:05.974000,11494,11495,11495,1
2020-06-23,15:16:05.980000,11494,11495,11496,1
2020-06-23,15:16:06.167000,11494,11496,11496,1
2020-06-23,15:16:06.734000,11495,11496,11496,9
2020-06-23,15:16:06.906000,11496,11497,11496,1
2020-06-23,15:16:07.560000,11496,11498,11496,1
2020-06-23,15:16:07.744000,11496,11497,11498,1
2020-06-23,15:16:07.823000,11496,11498,11496,1
2020-06-23,15:16:07.902000,11496,11498,11496,1
2020-06-23,15:16:08.232000,11496,11498,11498,2
2020-06-23,15:16:08.258000,11496,11498,11498,1
2020-06-23,15:16:08.715000,11497,11498,11498,1
2020-06-23,15:16:09.027000,11497,11498,11497,2
2020-06-23,15:16:09.336000,11497,11498,11497,1
2020-06-23,15:16:09.460000,11497,11498,11498,1
2020-06-23,15:16:09.873000,11497,11498,11497,1
2020-06-23,15:16:10.103000,11497,11498,11498,1
2020-06-23,15:16:10.793000,11497,11498,11498,10
2020-06-23,15:16:10.793000,11497,11498,11498,4
2020-06-23,15:16:10.928000,11497,11498,11498,1
2020-06-23,15:16:10.971000,11497,11498,11498,2
2020-06-23,15:16:11.008000,11497,11498,11498,4
2020-06-23,15:16:11.217000,11498,11499,11498,1
2020-06-23,15:16:11.786000,11497,11499,11498,1
2020-06-23,15:16:12.213000,11498,11499,11498,1
2020-06-23,15:16:12.405000,11498,11499,11499,10
2020-06-23,15:16:12.508000,11498,11499,11499,5
2020-06-23,15:16:12.530000,11498,11499,11499,1
2020-06-23,15:16:12.530000,11498,11499,11499,4
2020-06-23,15:16:12.581000,11498,11499,11499,2
2020-06-23,15:16:12.616000,11498,11499,11499,2
2020-06-23,15:16:12.631000,11498,11499,11499,2
2020-06-23,15:16:12.672000,11499,11500,11499,2
2020-06-23,15:16:12.884000,11498,11499,11499,1
2020-06-23,15:16:12.945000,11498,11499,11499,1
2020-06-23,15:16:13.217000,11498,11499,11498,1
2020-06-23,15:16:13.833000,11497,11498,11498,1
2020-06-23,15:16:15.349000,11498,11499,11499,4
2020-06-23,15:16:15.359000,11498,11499,11499,1
2020-06-23,15:16:15.468000,11498,11499,11499,2
2020-06-23,15:16:15.471000,11498,11499,11500,1
2020-06-23,15:16:15.674000,11499,11500,11499,1
2020-06-23,15:16:15.678000,11499,11500,11499,2
2020-06-23,15:16:16.025000,11499,11500,11500,1
2020-06-23,15:16:16.211000,11499,11500,11499,1
2020-06-23,15:16:16.248000,11499,11500,11499,4
2020-06-23,15:16:16.269000,11499,11500,11500,1
2020-06-23,15:16:16.958000,11499,11500,11499,1
2020-06-23,15:16:16.958000,11499,11500,11499,1
2020-06-23,15:16:17.254000,11498,11499,11499,1
2020-06-23,15:16:17.379000,11498,11499,11498,1
2020-06-23,15:16:18.066000,11498,11499,11499,6
2020-06-23,15:16:18.066000,11498,11499,11500,1
2020-06-23,15:16:18.278000,11498,11499,11499,4
2020-06-23,15:16:18.329000,11498,11499,11499,2
2020-06-23,15:16:18.379000,11498,11499,11499,2
2020-06-23,15:16:18.385000,11499,11500,11499,2
2020-06-23,15:16:18.736000,11498,11499,11498,10
2020-06-23,15:16:19.135000,11497,11498,11497,2
2020-06-23,15:16:19.223000,11497,11498,11498,1
2020-06-23,15:16:19.453000,11497,11498,11498,1
2020-06-23,15:16:19.684000,11497,11498,11498,5
2020-06-23,15:16:19.826000,11497,11498,11497,1
2020-06-23,15:16:20.170000,11497,11498,11498,1
2020-06-23,15:16:20.189000,11497,11498,11497,1
2020-06-23,15:16:20.189000,11497,11498,11497,1
2020-06-23,15:16:20.189000,11497,11498,11497,3
2020-06-23,15:16:20.189000,11497,11498,11497,1
2020-06-23,15:16:20.189000,11497,11498,11497,3
2020-06-23,15:16:20.363000,11496,11497,11496,1
2020-06-23,15:16:21.527000,11496,11497,11497,1
2020-06-23,15:16:21.655000,11496,11498,11498,2
2020-06-23,15:16:21.897000,11496,11498,11498,2
2020-06-23,15:16:22.321000,11496,11497,11496,1
2020-06-23,15:16:22.909000,11497,11498,11498,10
2020-06-23,15:16:22.966000,11497,11498,11497,1
2020-06-23,15:16:24.050000,11497,11498,11497,1
2020-06-23,15:16:24.327000,11497,11498,11497,1
2020-06-23,15:16:25.009000,11497,11498,11498,1
2020-06-23,15:16:25.522000,11497,11498,11498,1
2020-06-23,15:16:25.923000,11497,11498,11497,1
2020-06-23,15:16:26.060000,11497,11498,11498,1
2020-06-23,15:16:26.705000,11497,11498,11498,1
2020-06-23,15:16:26.782000,11497,11498,11498,1
2020-06-23,15:16:26.938000,11497,11498,11498,1
2020-06-23,15:16:26.938000,11497,11498,11498,1
2020-06-23,15:16:26.938000,11497,11498,11498,1
2020-06-23,15:16:29.277000,11497,11498,11497,6
2020-06-23,15:16:29.278000,11497,11498,11497,6
2020-06-23,15:16:29.360000,11497,11498,11496,4
2020-06-23,15:16:29.360000,11497,11498,11496,2
2020-06-23,15:16:29.456000,11495,11497,11495,1
2020-06-23,15:16:30.886000,11495,11496,11496,1
2020-06-23,15:16:31.510000,11495,11496,11496,1
2020-06-23,15:16:31.840000,11495,11496,11496,1
2020-06-23,15:16:31.878000,11495,11496,11496,1
2020-06-23,15:16:32.019000,11496,11497,11497,1
2020-06-23,15:16:32.138000,11496,11497,11497,2
2020-06-23,15:16:33.442000,11495,11496,11495,1
2020-06-23,15:16:33.768000,11495,11496,11495,2
2020-06-23,15:16:34.529000,11495,11496,11496,1
2020-06-23,15:16:34.996000,11496,11497,11496,1
2020-06-23,15:16:37.181000,11495,11496,11496,1
2020-06-23,15:16:37.822000,11495,11496,11496,1
2020-06-23,15:16:39.811000,11495,11496,11495,1
2020-06-23,15:16:39.812000,11495,11496,11495,2
2020-06-23,15:16:39.812000,11495,11496,11495,8
2020-06-23,15:16:40.024000,11494,11495,11495,1
2020-06-23,15:16:40.445000,11494,11495,11494,2
2020-06-23,15:16:41.197000,11494,11495,11494,1
2020-06-23,15:16:41.787000,11493,11495,11493,1
2020-06-23,15:16:42.807000,11493,11494,11493,1
2020-06-23,15:16:42.887000,11493,11494,11493,2
2020-06-23,15:16:43.093000,11492,11493,11493,1
2020-06-23,15:16:44.542000,11492,11493,11493,2
2020-06-23,15:16:45.735000,11493,11494,11494,1
2020-06-23,15:16:46.327000,11494,11495,11494,2
2020-06-23,15:16:46.597000,11494,11495,11495,2
2020-06-23,15:16:46.989000,11495,11496,11495,1
2020-06-23,15:16:47.279000,11494,11496,11494,1
2020-06-23,15:16:47.745000,11495,11496,11495,1
2020-06-23,15:16:48.016000,11494,11495,11495,1
2020-06-23,15:16:48.757000,11494,11496,11494,1
2020-06-23,15:16:48.994000,11494,11495,11496,1
2020-06-23,15:16:49.868000,11495,11496,11495,1
2020-06-23,15:16:51.439000,11494,11495,11494,1
2020-06-23,15:16:53.775000,11493,11494,11494,1
2020-06-23,15:16:54.476000,11493,11494,11493,1
2020-06-23,15:16:54.476000,11493,11494,11493,1
2020-06-23,15:16:54.476000,11493,11494,11493,2
2020-06-23,15:16:54.476000,11493,11494,11493,1
2020-06-23,15:16:54.478000,11493,11494,11493,5
2020-06-23,15:16:55.377000,11492,11493,11493,3
2020-06-23,15:16:55.996000,11492,11494,11492,3
2020-06-23,15:16:56.141000,11492,11493,11493,2
2020-06-23,15:16:57.045000,11493,11494,11493,2
2020-06-23,15:16:57.405000,11493,11494,11493,2
2020-06-23,15:16:57.748000,11492,11494,11492,14
2020-06-23,15:16:57.749000,11492,11494,11492,3
2020-06-23,15:16:58.726000,11491,11493,11491,1
2020-06-23,15:17:00.051000,11491,11492,11492,1
2020-06-23,15:17:00.070000,11491,11492,11491,1
2020-06-23,15:17:00.206000,11491,11492,11492,5
2020-06-23,15:17:00.206000,11491,11492,11493,5
2020-06-23,15:17:00.821000,11491,11493,11492,2
2020-06-23,15:17:01.248000,11491,11493,11491,1
2020-06-23,15:17:01.941000,11492,11493,11493,1
2020-06-23,15:17:02.169000,11492,11493,11493,1
2020-06-23,15:17:02.219000,11492,11493,11492,1
2020-06-23,15:17:02.536000,11492,11493,11492,1
2020-06-23,15:17:05.283000,11493,11494,11493,2
2020-06-23,15:17:05.507000,11492,11494,11494,1
2020-06-23,15:17:05.518000,11492,11494,11494,1
2020-06-23,15:17:06.933000,11493,11494,11494,1
2020-06-23,15:17:07.763000,11493,11494,11494,1
2020-06-23,15:17:07.763000,11493,11494,11494,2
2020-06-23,15:17:09.580000,11493,11494,11494,1
2020-06-23,15:17:10.108000,11493,11494,11494,3
2020-06-23,15:17:10.108000,11493,11494,11495,28
2020-06-23,15:17:10.175000,11494,11495,11495,1
2020-06-23,15:17:10.356000,11494,11495,11494,1
2020-06-23,15:17:10.579000,11494,11495,11495,1
2020-06-23,15:17:10.597000,11494,11495,11495,2
2020-06-23,15:17:10.617000,11494,11495,11495,1
2020-06-23,15:17:10.748000,11494,11495,11495,6
2020-06-23,15:17:10.748000,11494,11495,11495,3
2020-06-23,15:17:10.971000,11494,11496,11496,1
2020-06-23,15:17:11.240000,11494,11495,11495,1
2020-06-23,15:17:11.944000,11494,11495,11495,1
2020-06-23,15:17:12.613000,11494,11495,11495,1
2020-06-23,15:17:13.346000,11494,11495,11495,1
2020-06-23,15:17:13.346000,11494,11495,11496,1
2020-06-23,15:17:13.485000,11494,11496,11496,1
2020-06-23,15:17:14.719000,11495,11496,11495,1
2020-06-23,15:17:16.909000,11494,11495,11495,1
2020-06-23,15:17:17.274000,11494,11495,11495,1
2020-06-23,15:17:19.529000,11495,11496,11496,1
2020-06-23,15:17:19.869000,11495,11496,11496,1
2020-06-23,15:17:20.454000,11495,11496,11495,1
2020-06-23,15:17:20.755000,11495,11496,11496,2
2020-06-23,15:17:21.950000,11495,11496,11496,8
2020-06-23,15:17:21.950000,11495,11496,11497,23
2020-06-23,15:17:23.898000,11496,11497,11496,1
2020-06-23,15:17:24.690000,11496,11497,11496,1
2020-06-23,15:17:24.779000,11496,11497,11496,2
2020-06-23,15:17:24.780000,11496,11497,11496,1
2020-06-23,15:17:24.938000,11495,11497,11496,1
2020-06-23,15:17:25.580000,11495,11497,11497,1
2020-06-23,15:17:25.767000,11496,11497,11497,1
2020-06-23,15:17:25.794000,11496,11497,11497,1
2020-06-23,15:17:26.177000,11495,11497,11495,3
2020-06-23,15:17:26.486000,11495,11497,11497,4
2020-06-23,15:17:27.586000,11497,11498,11497,1
2020-06-23,15:17:29.035000,11496,11497,11497,2
2020-06-23,15:17:30.895000,11496,11497,11496,1
2020-06-23,15:17:31.892000,11496,11497,11497,1
2020-06-23,15:17:32.342000,11496,11497,11497,1
2020-06-23,15:17:32.650000,11496,11497,11497,7
2020-06-23,15:17:33.022000,11496,11497,11497,1
2020-06-23,15:17:34.105000,11496,11497,11496,1
2020-06-23,15:17:34.105000,11496,11497,11496,1
2020-06-23,15:17:34.105000,11496,11497,11496,1
2020-06-23,15:17:34.252000,11495,11496,11497,1
2020-06-23,15:17:35.628000,11496,11497,11496,1
2020-06-23,15:17:37.644000,11495,11496,11496,1
2020-06-23,15:17:37.981000,11495,11496,11495,1
2020-06-23,15:17:43.329000,11495,11496,11496,1
2020-06-23,15:17:43.541000,11495,11496,11495,2
2020-06-23,15:17:43.770000,11495,11496,11495,1
2020-06-23,15:17:43.770000,11495,11496,11495,6
2020-06-23,15:17:43.770000,11495,11496,11495,1
2020-06-23,15:17:44.148000,11494,11495,11495,2
2020-06-23,15:17:46.323000,11494,11495,11495,1
2020-06-23,15:17:47.057000,11494,11495,11494,1
2020-06-23,15:17:47.234000,11493,11495,11495,2
2020-06-23,15:17:49.932000,11493,11495,11493,2
2020-06-23,15:17:52.279000,11493,11495,11495,1
2020-06-23,15:17:52.373000,11493,11495,11495,1
2020-06-23,15:17:52.821000,11494,11495,11495,1
2020-06-23,15:17:53.953000,11493,11495,11495,1
2020-06-23,15:17:54.356000,11494,11495,11495,1
2020-06-23,15:17:55.125000,11493,11495,11493,1
2020-06-23,15:17:55.937000,11494,11495,11494,1
2020-06-23,15:17:56.228000,11494,11495,11494,1
2020-06-23,15:17:57.165000,11494,11495,11494,4
2020-06-23,15:17:57.166000,11494,11495,11494,5
2020-06-23,15:17:57.756000,11494,11495,11494,1
2020-06-23,15:17:58.330000,11493,11495,11494,1
2020-06-23,15:17:58.330000,11493,11495,11494,1
2020-06-23,15:18:00.291000,11493,11495,11493,1
2020-06-23,15:18:00.349000,11493,11495,11494,1
2020-06-23,15:18:00.553000,11494,11495,11495,1
2020-06-23,15:18:00.575000,11494,11495,11495,1
2020-06-23,15:18:00.608000,11494,11495,11495,1
2020-06-23,15:18:00.613000,11494,11495,11495,1
2020-06-23,15:18:00.795000,11494,11495,11495,1
2020-06-23,15:18:00.800000,11494,11495,11495,1
2020-06-23,15:18:00.880000,11494,11495,11495,1
2020-06-23,15:18:00.923000,11494,11495,11495,4
2020-06-23,15:18:00.933000,11494,11495,11495,5
2020-06-23,15:18:00.933000,11494,11495,11495,3
2020-06-23,15:18:00.933000,11494,11495,11495,1
2020-06-23,15:18:00.934000,11494,11495,11496,5
2020-06-23,15:18:01.042000,11495,11496,11496,6
2020-06-23,15:18:01.127000,11495,11496,11496,6
2020-06-23,15:18:01.549000,11495,11497,11495,1
2020-06-23,15:18:01.568000,11495,11497,11497,3
2020-06-23,15:18:03.630000,11496,11497,11496,1
2020-06-23,15:18:03.631000,11496,11497,11496,1
2020-06-23,15:18:05.269000,11496,11497,11496,1
2020-06-23,15:18:05.269000,11496,11497,11495,1
2020-06-23,15:18:13.480000,11495,11496,11496,5
2020-06-23,15:18:14.803000,11496,11497,11496,4
2020-06-23,15:18:14.804000,11496,11497,11496,1
2020-06-23,15:18:14.804000,11496,11497,11496,8
2020-06-23,15:18:14.804000,11496,11497,11496,2
2020-06-23,15:18:14.804000,11496,11497,11496,7
2020-06-23,15:18:14.865000,11496,11497,11496,1
2020-06-23,15:18:15.055000,11495,11496,11495,1
2020-06-23,15:18:15.056000,11495,11496,11495,2
2020-06-23,15:18:15.193000,11495,11496,11496,1
2020-06-23,15:18:15.806000,11495,11496,11495,1
2020-06-23,15:18:15.806000,11495,11496,11495,1
2020-06-23,15:18:16.643000,11495,11496,11496,1
2020-06-23,15:18:17.640000,11495,11496,11495,1
2020-06-23,15:18:17.640000,11495,11496,11495,1
2020-06-23,15:18:17.640000,11495,11496,11495,2
2020-06-23,15:18:18.149000,11494,11496,11494,1
2020-06-23,15:18:19.315000,11494,11495,11494,1
2020-06-23,15:18:19.350000,11494,11495,11494,5
2020-06-23,15:18:19.807000,11493,11495,11493,1
2020-06-23,15:18:19.830000,11493,11495,11494,1
2020-06-23,15:18:24.965000,11493,11495,11494,1
2020-06-23,15:18:30.373000,11494,11495,11494,1
2020-06-23,15:18:30.373000,11494,11495,11494,2
2020-06-23,15:18:30.374000,11494,11495,11494,7
2020-06-23,15:18:30.413000,11493,11494,11493,6
2020-06-23,15:18:32.367000,11493,11494,11493,1
2020-06-23,15:18:32.736000,11493,11494,11493,1
2020-06-23,15:18:35.185000,11493,11494,11493,1
2020-06-23,15:18:35.716000,11493,11495,11493,1
2020-06-23,15:18:39.503000,11494,11495,11494,6
2020-06-23,15:18:39.901000,11494,11495,11494,1
2020-06-23,15:18:41.935000,11494,11495,11494,1
2020-06-23,15:18:42.426000,11493,11495,11495,2
2020-06-23,15:18:44.986000,11493,11495,11494,1
2020-06-23,15:18:46.210000,11493,11494,11494,1
2020-06-23,15:18:46.297000,11493,11494,11494,1
2020-06-23,15:18:47.545000,11493,11494,11493,5
2020-06-23,15:18:48.690000,11494,11495,11495,1
2020-06-23,15:18:50.436000,11494,11495,11494,1
2020-06-23,15:18:50.576000,11494,11495,11494,1
2020-06-23,15:18:50.952000,11494,11495,11494,1
2020-06-23,15:18:51.726000,11494,11495,11494,1
2020-06-23,15:18:53.249000,11494,11495,11494,1
2020-06-23,15:18:53.249000,11494,11495,11493,2
2020-06-23,15:18:54.036000,11494,11495,11494,1
2020-06-23,15:18:55.203000,11493,11495,11494,2
2020-06-23,15:18:56.920000,11494,11495,11494,1
2020-06-23,15:18:57.284000,11494,11495,11494,2
2020-06-23,15:19:00.368000,11494,11495,11494,15
2020-06-23,15:19:00.625000,11494,11495,11495,2
2020-06-23,15:19:00.658000,11494,11495,11495,1
2020-06-23,15:19:01.809000,11494,11495,11494,1
2020-06-23,15:19:02.094000,11494,11495,11495,1
2020-06-23,15:19:02.395000,11494,11495,11495,1
2020-06-23,15:19:02.412000,11494,11495,11494,5
2020-06-23,15:19:03.606000,11494,11495,11494,2
2020-06-23,15:19:10.544000,11494,11495,11494,1
2020-06-23,15:19:11.783000,11494,11495,11495,1
2020-06-23,15:19:11.783000,11494,11495,11495,1
2020-06-23,15:19:11.783000,11494,11495,11495,5
2020-06-23,15:19:11.783000,11494,11495,11495,12
2020-06-23,15:19:14.583000,11495,11496,11495,1
2020-06-23,15:19:14.583000,11495,11496,11495,2
2020-06-23,15:19:14.583000,11495,11496,11495,2
2020-06-23,15:19:14.584000,11495,11496,11495,10
2020-06-23,15:19:14.584000,11495,11496,11495,4
2020-06-23,15:19:14.584000,11495,11496,11495,3
2020-06-23,15:19:14.584000,11495,11496,11495,4
2020-06-23,15:19:14.584000,11495,11496,11495,3
2020-06-23,15:19:14.893000,11494,11495,11495,2
2020-06-23,15:19:15.165000,11494,11495,11495,1
2020-06-23,15:19:16.458000,11494,11495,11495,1
2020-06-23,15:19:16.741000,11494,11495,11495,1
2020-06-23,15:19:17.535000,11495,11496,11495,1
2020-06-23,15:19:22.046000,11495,11496,11496,20
2020-06-23,15:19:22.892000,11496,11497,11497,44
2020-06-23,15:19:22.892000,11496,11497,11498,6
2020-06-23,15:19:22.918000,11496,11497,11497,2
2020-06-23,15:19:22.918000,11496,11497,11497,1
2020-06-23,15:19:22.968000,11496,11497,11497,2
2020-06-23,15:19:23.009000,11496,11498,11497,1
2020-06-23,15:19:23.009000,11496,11498,11497,1
2020-06-23,15:19:23.036000,11496,11498,11498,38
2020-06-23,15:19:23.036000,11496,11498,11499,12
2020-06-23,15:19:26.023000,11497,11499,11497,1
2020-06-23,15:19:27.509000,11496,11498,11498,5
2020-06-23,15:19:28.124000,11496,11498,11496,14
2020-06-23,15:19:28.436000,11496,11497,11497,1
2020-06-23,15:19:30.141000,11496,11497,11496,6
2020-06-23,15:19:30.142000,11496,11497,11496,1
2020-06-23,15:19:30.370000,11495,11496,11495,1
2020-06-23,15:19:30.378000,11495,11496,11496,1
2020-06-23,15:19:30.491000,11495,11496,11496,1
2020-06-23,15:19:31.029000,11495,11496,11496,1
2020-06-23,15:19:37.775000,11495,11496,11495,1
2020-06-23,15:19:40.308000,11495,11496,11496,1
2020-06-23,15:19:42.779000,11495,11496,11496,1
2020-06-23,15:19:43.846000,11496,11497,11496,1
2020-06-23,15:19:44.219000,11495,11496,11496,1
2020-06-23,15:19:45.809000,11495,11496,11495,2
2020-06-23,15:19:45.810000,11495,11496,11495,11
2020-06-23,15:19:45.810000,11495,11496,11495,1
2020-06-23,15:19:46.226000,11494,11495,11495,1
2020-06-23,15:19:47.282000,11494,11495,11494,1
2020-06-23,15:19:47.939000,11494,11495,11495,1
2020-06-23,15:19:48.424000,11494,11495,11494,1
2020-06-23,15:19:50.394000,11494,11495,11495,1
2020-06-23,15:19:56.682000,11494,11495,11494,1
2020-06-23,15:20:00.574000,11494,11495,11494,1
2020-06-23,15:20:00.936000,11494,11495,11495,4
2020-06-23,15:20:00.952000,11494,11495,11495,1
2020-06-23,15:20:00.957000,11494,11495,11495,8
2020-06-23,15:20:00.958000,11494,11495,11495,4
2020-06-23,15:20:00.978000,11494,11495,11496,2
2020-06-23,15:20:01.122000,11494,11496,11496,1
2020-06-23,15:20:01.251000,11494,11496,11494,1
2020-06-23,15:20:01.334000,11494,11496,11496,1
2020-06-23,15:20:01.395000,11494,11496,11496,2
2020-06-23,15:20:01.632000,11494,11496,11496,1
2020-06-23,15:20:01.802000,11495,11496,11495,1
2020-06-23,15:20:01.830000,11495,11496,11494,3
2020-06-23,15:20:02.110000,11494,11496,11494,3
2020-06-23,15:20:02.940000,11494,11495,11495,1
2020-06-23,15:20:02.960000,11494,11495,11495,1
2020-06-23,15:20:03.115000,11495,11496,11495,2
2020-06-23,15:20:03.334000,11495,11496,11495,7
2020-06-23,15:20:03.429000,11494,11495,11494,1
2020-06-23,15:20:06.019000,11494,11495,11494,1
2020-06-23,15:20:07.353000,11494,11495,11494,1
2020-06-23,15:20:07.565000,11494,11495,11495,1
2020-06-23,15:20:10.274000,11494,11495,11495,1
2020-06-23,15:20:10.552000,11494,11495,11494,2
2020-06-23,15:20:11.814000,11494,11495,11494,1
2020-06-23,15:20:11.814000,11494,11495,11494,1
2020-06-23,15:20:11.815000,11494,11495,11494,3
2020-06-23,15:20:11.815000,11494,11495,11494,1
2020-06-23,15:20:11.815000,11494,11495,11494,2
2020-06-23,15:20:11.877000,11494,11495,11493,1
2020-06-23,15:20:14.603000,11493,11494,11493,2
2020-06-23,15:20:15.025000,11493,11494,11493,2
2020-06-23,15:20:15.528000,11493,11494,11493,3
2020-06-23,15:20:17.324000,11493,11494,11494,3
2020-06-23,15:20:17.324000,11493,11494,11494,3
2020-06-23,15:20:17.325000,11493,11494,11494,1
2020-06-23,15:20:17.325000,11493,11494,11494,7
2020-06-23,15:20:18.081000,11494,11495,11494,1
2020-06-23,15:20:19.806000,11494,11495,11494,2
2020-06-23,15:20:19.807000,11494,11495,11494,1
2020-06-23,15:20:20.299000,11493,11495,11493,12
2020-06-23,15:20:21.036000,11493,11495,11495,1
2020-06-23,15:20:23.243000,11493,11494,11494,1
2020-06-23,15:20:24.086000,11494,11495,11494,1
2020-06-23,15:20:27.584000,11493,11495,11493,1
2020-06-23,15:20:29.806000,11494,11495,11494,1
2020-06-23,15:20:29.806000,11494,11495,11494,1
2020-06-23,15:20:35.616000,11493,11494,11494,4
2020-06-23,15:20:35.616000,11493,11494,11494,1
2020-06-23,15:20:35.698000,11494,11495,11494,3
2020-06-23,15:20:40.478000,11493,11494,11494,2
2020-06-23,15:20:40.624000,11494,11495,11494,1
2020-06-23,15:20:40.937000,11494,11495,11495,1
2020-06-23,15:20:41.420000,11494,11495,11494,1
2020-06-23,15:20:42.838000,11494,11495,11494,2
2020-06-23,15:20:46.343000,11494,11495,11495,1
2020-06-23,15:20:46.343000,11494,11495,11495,4
2020-06-23,15:20:46.343000,11494,11495,11495,10
2020-06-23,15:20:46.344000,11494,11495,11495,6
2020-06-23,15:20:46.344000,11494,11495,11495,1
2020-06-23,15:20:46.663000,11494,11496,11496,2
2020-06-23,15:20:49.801000,11495,11496,11496,1
2020-06-23,15:20:57.004000,11495,11496,11495,2
2020-06-23,15:20:57.005000,11495,11496,11495,2
2020-06-23,15:20:57.361000,11494,11495,11495,1
2020-06-23,15:20:57.963000,11494,11495,11495,1
2020-06-23,15:20:59.251000,11494,11496,11495,2
2020-06-23,15:21:00.373000,11495,11496,11495,1
2020-06-23,15:21:00.571000,11494,11495,11494,1
2020-06-23,15:21:00.967000,11494,11495,11495,1
2020-06-23,15:21:00.991000,11494,11495,11494,8
2020-06-23,15:21:00.991000,11494,11495,11494,17
2020-06-23,15:21:00.992000,11494,11495,11494,3
2020-06-23,15:21:00.995000,11494,11495,11494,1
2020-06-23,15:21:02.022000,11493,11494,11494,1
2020-06-23,15:21:02.269000,11493,11494,11494,3
2020-06-23,15:21:02.846000,11493,11494,11494,1
2020-06-23,15:21:04.754000,11493,11494,11493,1
2020-06-23,15:21:07.786000,11493,11494,11494,1
2020-06-23,15:21:09.171000,11493,11494,11494,1
2020-06-23,15:21:12.140000,11493,11494,11493,1
2020-06-23,15:21:12.511000,11493,11494,11494,12
2020-06-23,15:21:12.512000,11493,11494,11494,3
2020-06-23,15:21:15.049000,11493,11494,11494,1
2020-06-23,15:21:15.049000,11493,11494,11495,1
2020-06-23,15:21:22.768000,11494,11495,11494,5
2020-06-23,15:21:24.999000,11494,11495,11494,2
2020-06-23,15:21:28.559000,11493,11494,11494,2
2020-06-23,15:21:31.229000,11493,11495,11494,4
2020-06-23,15:21:31.408000,11493,11495,11493,1
2020-06-23,15:21:32.851000,11493,11495,11493,1
2020-06-23,15:21:40.485000,11493,11494,11494,1
2020-06-23,15:21:44.794000,11493,11494,11494,1
2020-06-23,15:21:45.872000,11493,11494,11493,5
2020-06-23,15:21:48.536000,11493,11494,11493,1
2020-06-23,15:21:53.182000,11493,11494,11494,1
2020-06-23,15:21:53.428000,11493,11494,11493,2
2020-06-23,15:21:57.841000,11493,11494,11493,1
2020-06-23,15:21:59.984000,11493,11494,11493,1
2020-06-23,15:21:59.985000,11493,11494,11493,1
2020-06-23,15:21:59.985000,11493,11494,11493,4
2020-06-23,15:21:59.985000,11493,11494,11493,2
2020-06-23,15:21:59.985000,11493,11494,11493,3
2020-06-23,15:22:00.477000,11492,11493,11493,1
2020-06-23,15:22:01.280000,11492,11493,11493,5
2020-06-23,15:22:01.769000,11493,11494,11493,2
2020-06-23,15:22:01.827000,11493,11494,11493,2
2020-06-23,15:22:01.883000,11493,11494,11493,4
2020-06-23,15:22:02.773000,11493,11494,11493,5
2020-06-23,15:22:02.832000,11493,11494,11493,2
2020-06-23,15:22:02.832000,11493,11494,11492,1
2020-06-23,15:22:02.884000,11492,11494,11492,3
2020-06-23,15:22:03.793000,11493,11494,11493,3
2020-06-23,15:22:04.139000,11493,11494,11494,1
2020-06-23,15:22:05.805000,11493,11494,11493,1
2020-06-23,15:22:07.414000,11493,11494,11493,2
2020-06-23,15:22:08.399000,11492,11493,11493,1
2020-06-23,15:22:08.565000,11492,11493,11493,1
2020-06-23,15:22:13.283000,11492,11494,11494,1
2020-06-23,15:22:14.077000,11492,11494,11494,1
2020-06-23,15:22:14.955000,11492,11494,11492,3
2020-06-23,15:22:17.809000,11493,11494,11494,1
2020-06-23,15:22:18.242000,11493,11494,11493,1
2020-06-23,15:22:18.352000,11492,11493,11492,1
2020-06-23,15:22:19.082000,11492,11493,11493,1
2020-06-23,15:22:20.854000,11492,11493,11492,1
2020-06-23,15:22:24.904000,11492,11494,11494,5
2020-06-23,15:22:30.408000,11492,11493,11492,1
2020-06-23,15:22:30.998000,11492,11493,11493,1
2020-06-23,15:22:31.486000,11492,11493,11493,1
2020-06-23,15:22:32.838000,11492,11493,11492,10
2020-06-23,15:22:32.838000,11492,11493,11492,7
2020-06-23,15:22:39.539000,11491,11492,11491,1
2020-06-23,15:22:40.363000,11491,11492,11491,1
2020-06-23,15:22:40.514000,11491,11492,11491,2
2020-06-23,15:22:46.237000,11491,11492,11492,1
2020-06-23,15:22:46.713000,11491,11492,11491,1
2020-06-23,15:22:48.718000,11491,11492,11491,1
2020-06-23,15:22:49.328000,11491,11492,11491,1
2020-06-23,15:22:49.881000,11491,11492,11491,12
2020-06-23,15:22:49.950000,11490,11491,11490,5
2020-06-23,15:22:50.015000,11490,11491,11490,1
2020-06-23,15:22:50.630000,11490,11492,11490,1
2020-06-23,15:22:51.455000,11490,11491,11490,2
2020-06-23,15:22:51.536000,11490,11491,11491,1
2020-06-23,15:22:51.687000,11490,11491,11491,1
2020-06-23,15:22:52.723000,11490,11491,11490,5
2020-06-23,15:22:52.939000,11490,11491,11490,5
2020-06-23,15:22:53.112000,11490,11491,11490,5
2020-06-23,15:22:53.249000,11490,11491,11490,5
2020-06-23,15:22:53.789000,11490,11491,11490,5
2020-06-23,15:22:53.790000,11490,11491,11490,13
2020-06-23,15:22:54.739000,11489,11491,11490,1
2020-06-23,15:22:55.738000,11489,11490,11490,1
2020-06-23,15:22:57.615000,11490,11491,11490,1
2020-06-23,15:22:58.317000,11490,11491,11491,4
2020-06-23,15:22:58.327000,11490,11491,11490,1
2020-06-23,15:22:59.101000,11490,11491,11491,1
2020-06-23,15:22:59.507000,11491,11492,11491,1
2020-06-23,15:23:01.223000,11490,11491,11491,2
2020-06-23,15:23:02.294000,11490,11491,11490,1
2020-06-23,15:23:02.506000,11490,11491,11491,1
2020-06-23,15:23:02.629000,11490,11491,11490,3
2020-06-23,15:23:02.629000,11490,11491,11489,2
2020-06-23,15:23:02.640000,11489,11491,11489,1
2020-06-23,15:23:03.385000,11490,11491,11490,3
2020-06-23,15:23:06.787000,11490,11491,11490,1
2020-06-23,15:23:07.203000,11490,11491,11490,1
2020-06-23,15:23:07.865000,11490,11491,11491,1
2020-06-23,15:23:09.088000,11490,11491,11490,2
2020-06-23,15:23:09.690000,11490,11491,11490,1
2020-06-23,15:23:22.242000,11490,11491,11490,1
2020-06-23,15:23:22.242000,11490,11491,11490,15
2020-06-23,15:23:22.242000,11490,11491,11490,10
2020-06-23,15:23:22.242000,11490,11491,11490,1
2020-06-23,15:23:22.242000,11490,11491,11490,1
2020-06-23,15:23:22.242000,11490,11491,11490,4
2020-06-23,15:23:22.242000,11490,11491,11490,1
2020-06-23,15:23:22.242000,11490,11491,11490,1
2020-06-23,15:23:22.242000,11490,11491,11490,9
2020-06-23,15:23:22.243000,11490,11491,11490,8
2020-06-23,15:23:23.393000,11489,11491,11491,1
2020-06-23,15:23:23.394000,11489,11491,11490,4
2020-06-23,15:23:24.272000,11490,11491,11490,1
2020-06-23,15:23:26.387000,11489,11490,11490,1
2020-06-23,15:23:27.612000,11489,11490,11490,1
2020-06-23,15:23:27.701000,11489,11490,11490,1
2020-06-23,15:23:33.794000,11489,11490,11490,6
2020-06-23,15:23:33.794000,11489,11490,11490,1
2020-06-23,15:23:36.350000,11490,11491,11490,1
2020-06-23,15:23:39.926000,11490,11491,11490,1
2020-06-23,15:23:41.799000,11489,11490,11490,1
2020-06-23,15:23:42.097000,11489,11490,11490,1
2020-06-23,15:23:44.356000,11489,11490,11490,1
2020-06-23,15:23:47.794000,11489,11490,11490,1
2020-06-23,15:23:47.794000,11489,11490,11490,1
2020-06-23,15:23:47.794000,11489,11490,11490,2
2020-06-23,15:23:47.794000,11489,11490,11490,1
2020-06-23,15:23:47.794000,11489,11490,11490,3
2020-06-23,15:23:47.794000,11489,11490,11490,4
2020-06-23,15:23:47.794000,11489,11490,11490,3
2020-06-23,15:23:51.605000,11490,11491,11490,5
2020-06-23,15:23:52.636000,11490,11491,11491,1
2020-06-23,15:23:54.336000,11490,11491,11490,1
2020-06-23,15:23:59.400000,11490,11491,11491,1
2020-06-23,15:23:59.632000,11490,11491,11491,1
2020-06-23,15:23:59.632000,11490,11491,11491,4
2020-06-23,15:23:59.632000,11490,11491,11491,9
2020-06-23,15:24:02.209000,11491,11492,11491,1
2020-06-23,15:24:02.340000,11491,11492,11492,1
2020-06-23,15:24:02.443000,11491,11492,11492,1
2020-06-23,15:24:02.507000,11491,11492,11492,3
2020-06-23,15:24:02.507000,11491,11492,11492,2
2020-06-23,15:24:02.507000,11491,11492,11492,2
2020-06-23,15:24:02.554000,11492,11493,11493,2
2020-06-23,15:24:02.566000,11492,11493,11491,1
2020-06-23,15:24:02.737000,11491,11493,11492,1
2020-06-23,15:24:02.737000,11491,11493,11493,2
2020-06-23,15:24:02.820000,11491,11493,11493,1
2020-06-23,15:24:03.170000,11491,11493,11493,6
2020-06-23,15:24:03.574000,11491,11493,11493,2
2020-06-23,15:24:07.332000,11492,11493,11492,5
2020-06-23,15:24:12.788000,11491,11493,11493,1
2020-06-23,15:24:17.760000,11492,11493,11492,1
2020-06-23,15:24:18.552000,11492,11493,11492,1
2020-06-23,15:24:18.868000,11492,11493,11492,1
2020-06-23,15:24:19.143000,11492,11493,11492,1
2020-06-23,15:24:19.143000,11492,11493,11492,1
2020-06-23,15:24:19.143000,11492,11493,11492,4
2020-06-23,15:24:19.143000,11492,11493,11492,1
2020-06-23,15:24:19.280000,11491,11492,11491,1
2020-06-23,15:24:19.352000,11491,11492,11491,8
2020-06-23,15:24:19.352000,11491,11492,11491,6
2020-06-23,15:24:19.352000,11491,11492,11491,9
2020-06-23,15:24:19.482000,11490,11492,11490,1
2020-06-23,15:24:19.486000,11490,11492,11490,1
2020-06-23,15:24:24.694000,11491,11492,11491,1
2020-06-23,15:24:31.406000,11491,11492,11492,2
2020-06-23,15:24:36.877000,11491,11492,11491,2
2020-06-23,15:24:36.878000,11491,11492,11491,1
2020-06-23,15:24:36.879000,11491,11492,11491,1
2020-06-23,15:24:36.879000,11491,11492,11491,1
2020-06-23,15:24:36.879000,11491,11492,11491,4
2020-06-23,15:24:39.336000,11490,11491,11491,3
2020-06-23,15:24:39.337000,11490,11491,11491,4
2020-06-23,15:24:39.337000,11490,11491,11491,4
2020-06-23,15:24:41.095000,11491,11492,11492,1
2020-06-23,15:24:41.199000,11491,11492,11491,2
2020-06-23,15:24:44.143000,11491,11492,11492,1
2020-06-23,15:24:50.462000,11491,11492,11491,5
2020-06-23,15:24:58.798000,11491,11492,11491,2
2020-06-23,15:24:59.120000,11491,11492,11492,4
2020-06-23,15:24:59.120000,11491,11492,11492,13
2020-06-23,15:25:01.377000,11491,11492,11492,1
2020-06-23,15:25:02.144000,11491,11493,11491,1
2020-06-23,15:25:02.376000,11492,11493,11493,2
2020-06-23,15:25:02.861000,11492,11493,11492,1
2020-06-23,15:25:04.486000,11491,11493,11492,1
2020-06-23,15:25:06.005000,11491,11493,11491,1
2020-06-23,15:25:10.486000,11492,11493,11492,1
2020-06-23,15:25:16.290000,11491,11492,11492,1
2020-06-23,15:25:18.550000,11491,11492,11492,1
2020-06-23,15:25:19.638000,11492,11493,11493,1
2020-06-23,15:25:20.646000,11492,11493,11492,1
2020-06-23,15:25:23.860000,11492,11493,11493,1
2020-06-23,15:25:28.502000,11492,11493,11492,2
2020-06-23,15:25:29.775000,11491,11492,11492,1
2020-06-23,15:25:34.964000,11491,11492,11492,1
2020-06-23,15:25:39.313000,11491,11492,11492,1
2020-06-23,15:25:43.216000,11491,11492,11491,1
2020-06-23,15:25:43.398000,11491,11492,11491,1
2020-06-23,15:25:43.580000,11490,11492,11490,1
2020-06-23,15:25:43.639000,11490,11492,11490,1
2020-06-23,15:25:48.003000,11490,11491,11491,1
2020-06-23,15:25:52.385000,11490,11492,11490,1
2020-06-23,15:26:00.861000,11490,11491,11491,1
2020-06-23,15:26:03.520000,11491,11492,11491,1
2020-06-23,15:26:12.772000,11491,11492,11492,1
2020-06-23,15:26:18.415000,11491,11492,11492,2
2020-06-23,15:26:21.539000,11492,11493,11493,3
2020-06-23,15:26:22.380000,11492,11493,11493,2
2020-06-23,15:26:30.075000,11491,11492,11492,1
2020-06-23,15:26:38.389000,11491,11492,11492,6
2020-06-23,15:26:38.390000,11491,11492,11492,1
2020-06-23,15:26:52.366000,11491,11492,11492,1
2020-06-23,15:26:53.034000,11491,11492,11492,2
2020-06-23,15:26:55.484000,11491,11492,11491,1
2020-06-23,15:26:56.776000,11491,11492,11491,1
2020-06-23,15:26:57.191000,11491,11492,11491,1
2020-06-23,15:26:57.191000,11491,11492,11491,1
2020-06-23,15:27:02.158000,11490,11491,11490,5
2020-06-23,15:27:02.778000,11490,11491,11491,1
2020-06-23,15:27:03.073000,11490,11491,11491,2
2020-06-23,15:27:03.275000,11490,11491,11491,4
2020-06-23,15:27:06.222000,11490,11491,11491,1
2020-06-23,15:27:12.320000,11490,11491,11491,1
2020-06-23,15:27:12.363000,11490,11491,11491,1
2020-06-23,15:27:12.977000,11490,11491,11491,1
2020-06-23,15:27:16.431000,11490,11491,11491,1
2020-06-23,15:27:16.458000,11490,11491,11491,1
2020-06-23,15:27:19.867000,11491,11492,11492,2
2020-06-23,15:27:19.867000,11491,11492,11492,3
2020-06-23,15:27:25.926000,11491,11492,11492,1
2020-06-23,15:27:25.926000,11491,11492,11492,1
2020-06-23,15:27:27.405000,11492,11493,11492,1
2020-06-23,15:27:33.218000,11492,11493,11492,1
2020-06-23,15:27:36.646000,11492,11493,11492,1
2020-06-23,15:27:36.646000,11492,11493,11492,1
2020-06-23,15:27:38.009000,11491,11492,11492,2
2020-06-23,15:27:38.009000,11491,11492,11493,3
2020-06-23,15:27:39.669000,11492,11493,11492,1
2020-06-23,15:27:40.634000,11491,11492,11492,1
2020-06-23,15:27:43.596000,11492,11493,11492,1
2020-06-23,15:27:54.792000,11492,11493,11492,1
2020-06-23,15:28:01.705000,11491,11492,11492,1
2020-06-23,15:28:02.959000,11492,11493,11493,1
2020-06-23,15:28:03.014000,11492,11493,11492,1
2020-06-23,15:28:03.616000,11492,11493,11492,2
2020-06-23,15:28:14.836000,11492,11493,11493,1
2020-06-23,15:28:15.085000,11492,11493,11492,1
2020-06-23,15:28:15.730000,11492,11493,11493,1
2020-06-23,15:28:18.818000,11492,11493,11493,1
2020-06-23,15:28:26.877000,11492,11493,11492,1
2020-06-23,15:28:27.353000,11492,11493,11493,1
2020-06-23,15:28:31.356000,11493,11494,11493,1
2020-06-23,15:28:32.424000,11493,11494,11494,1
2020-06-23,15:28:42.093000,11493,11494,11494,1
2020-06-23,15:28:45.307000,11493,11494,11493,1
2020-06-23,15:28:45.383000,11493,11494,11494,1
2020-06-23,15:28:46.125000,11493,11494,11494,4
2020-06-23,15:28:46.555000,11493,11494,11494,1
2020-06-23,15:28:46.556000,11493,11494,11494,10
2020-06-23,15:28:46.556000,11493,11494,11494,6
2020-06-23,15:28:46.725000,11493,11494,11494,1
2020-06-23,15:28:51.385000,11494,11495,11495,1
2020-06-23,15:28:54.897000,11494,11495,11495,1
2020-06-23,15:28:55.893000,11494,11495,11494,1
2020-06-23,15:29:04.716000,11494,11495,11495,1
2020-06-23,15:29:05.191000,11494,11495,11494,2
2020-06-23,15:29:05.192000,11494,11495,11494,2
2020-06-23,15:29:05.192000,11494,11495,11494,4
2020-06-23,15:29:05.414000,11493,11494,11494,1
2020-06-23,15:29:06.084000,11493,11495,11495,1
2020-06-23,15:29:08.634000,11494,11495,11495,1
2020-06-23,15:29:11.934000,11494,11495,11495,1
2020-06-23,15:29:13.255000,11494,11495,11494,1
2020-06-23,15:29:13.255000,11494,11495,11493,4
2020-06-23,15:29:14.889000,11493,11495,11494,2
2020-06-23,15:29:15.972000,11493,11494,11494,12
2020-06-23,15:29:21.247000,11494,11495,11494,1
2020-06-23,15:29:24.075000,11494,11495,11494,1
2020-06-23,15:29:29.480000,11494,11495,11495,22
2020-06-23,15:29:31.633000,11494,11495,11494,1
2020-06-23,15:29:33.484000,11494,11495,11494,5
2020-06-23,15:29:33.484000,11494,11495,11494,5
2020-06-23,15:29:35.376000,11493,11494,11494,1
2020-06-23,15:29:36.737000,11493,11494,11494,1
2020-06-23,15:29:36.737000,11493,11494,11495,4
2020-06-23,15:29:39.390000,11494,11495,11495,1
2020-06-23,15:29:42.405000,11494,11495,11495,3
2020-06-23,15:29:42.405000,11494,11495,11495,24
2020-06-23,15:29:42.406000,11494,11495,11495,4
2020-06-23,15:29:42.406000,11494,11495,11495,1
2020-06-23,15:29:47.449000,11495,11496,11496,5
2020-06-23,15:29:51.156000,11495,11496,11496,5
2020-06-23,15:29:54.469000,11495,11496,11495,1
2020-06-23,15:29:54.822000,11495,11496,11495,1
2020-06-23,15:29:55.556000,11495,11496,11496,1
2020-06-23,15:29:56.820000,11495,11496,11496,10
2020-06-23,15:29:56.996000,11495,11496,11496,3
2020-06-23,15:29:57.046000,11495,11496,11496,1
2020-06-23,15:29:59.225000,11495,11496,11496,1
2020-06-23,15:30:00.829000,11495,11496,11496,1
2020-06-23,15:30:01.041000,11495,11496,11496,1
2020-06-23,15:30:01.144000,11495,11496,11496,1
2020-06-23,15:30:01.144000,11495,11496,11496,1
2020-06-23,15:30:01.435000,11495,11496,11496,1
2020-06-23,15:30:01.441000,11495,11496,11497,1
2020-06-23,15:30:01.445000,11495,11496,11497,2
2020-06-23,15:30:01.447000,11495,11496,11497,1
2020-06-23,15:30:01.461000,11495,11496,11497,2
2020-06-23,15:30:01.466000,11495,11496,11497,1
2020-06-23,15:30:01.515000,11496,11497,11497,1
2020-06-23,15:30:01.521000,11496,11497,11497,1
2020-06-23,15:30:01.532000,11496,11497,11497,1
2020-06-23,15:30:01.548000,11496,11497,11497,1
2020-06-23,15:30:01.562000,11496,11497,11497,1
2020-06-23,15:30:01.655000,11496,11497,11496,2
2020-06-23,15:30:01.717000,11496,11497,11496,2
2020-06-23,15:30:01.811000,11496,11497,11496,1
2020-06-23,15:30:01.981000,11496,11497,11497,3
2020-06-23,15:30:02.513000,11496,11497,11497,1
2020-06-23,15:30:03.653000,11495,11496,11495,21
2020-06-23,15:30:03.867000,11494,11495,11494,2
2020-06-23,15:30:03.883000,11494,11495,11493,1
2020-06-23,15:30:04.087000,11493,11494,11494,1
2020-06-23,15:30:04.196000,11493,11494,11494,2
2020-06-23,15:30:04.371000,11493,11494,11494,2
2020-06-23,15:30:05.180000,11493,11494,11494,1
2020-06-23,15:30:05.528000,11493,11494,11494,1
2020-06-23,15:30:10.715000,11493,11494,11493,2
2020-06-23,15:30:10.715000,11493,11494,11493,1
2020-06-23,15:30:11.309000,11493,11494,11493,1
2020-06-23,15:30:16.246000,11493,11494,11493,1
2020-06-23,15:30:16.384000,11493,11494,11494,5
2020-06-23,15:30:18.915000,11493,11494,11494,1
2020-06-23,15:30:20.142000,11494,11495,11495,1
2020-06-23,15:30:20.707000,11494,11495,11495,1
2020-06-23,15:30:23.917000,11494,11495,11494,14
2020-06-23,15:30:23.918000,11494,11495,11494,5
2020-06-23,15:30:23.918000,11494,11495,11494,2
2020-06-23,15:30:24.571000,11493,11494,11494,1
2020-06-23,15:30:24.576000,11493,11494,11495,1
2020-06-23,15:30:24.689000,11494,11495,11495,1
2020-06-23,15:30:24.991000,11494,11495,11495,1
2020-06-23,15:30:26.593000,11494,11495,11495,12
2020-06-23,15:30:26.593000,11494,11495,11496,6
2020-06-23,15:30:26.869000,11494,11496,11495,1
2020-06-23,15:30:38.663000,11493,11494,11493,1
2020-06-23,15:30:44.432000,11493,11494,11493,1
2020-06-23,15:30:45.068000,11493,11494,11493,1
2020-06-23,15:30:45.068000,11493,11494,11493,3
2020-06-23,15:30:45.157000,11492,11493,11493,2
2020-06-23,15:30:45.402000,11492,11494,11492,1
2020-06-23,15:30:47.209000,11493,11494,11494,2
2020-06-23,15:30:47.210000,11493,11494,11494,1
2020-06-23,15:30:48.258000,11493,11495,11493,1
2020-06-23,15:30:50.210000,11493,11495,11494,1
2020-06-23,15:30:50.210000,11493,11495,11493,2
2020-06-23,15:30:50.212000,11493,11495,11494,3
2020-06-23,15:30:52.396000,11492,11494,11494,1
2020-06-23,15:30:53.492000,11493,11494,11494,2
2020-06-23,15:31:01.878000,11493,11494,11494,2
2020-06-23,15:31:10.457000,11494,11495,11495,1
2020-06-23,15:31:10.457000,11494,11495,11495,15
2020-06-23,15:31:10.457000,11494,11495,11495,1
2020-06-23,15:31:13.827000,11493,11495,11494,2
2020-06-23,15:31:19.232000,11493,11494,11493,3
2020-06-23,15:31:19.232000,11493,11494,11493,2
2020-06-23,15:31:26.730000,11492,11493,11493,1
2020-06-23,15:31:33.239000,11492,11493,11493,1
2020-06-23,15:31:33.435000,11492,11493,11493,2
2020-06-23,15:31:33.436000,11492,11493,11493,1
2020-06-23,15:31:37.651000,11493,11494,11494,6
2020-06-23,15:31:38.408000,11493,11494,11493,4
2020-06-23,15:31:40.600000,11492,11493,11493,1
2020-06-23,15:31:42.842000,11493,11494,11494,2
2020-06-23,15:31:42.843000,11493,11494,11494,3
2020-06-23,15:31:45.065000,11494,11495,11494,1
2020-06-23,15:32:02.227000,11493,11494,11493,5
2020-06-23,15:32:02.408000,11492,11494,11494,1
2020-06-23,15:32:07.034000,11493,11494,11493,1
2020-06-23,15:32:12.771000,11492,11493,11493,1
2020-06-23,15:32:14.207000,11493,11494,11493,1
2020-06-23,15:32:19.919000,11492,11493,11493,1
2020-06-23,15:32:20.199000,11493,11494,11494,3
2020-06-23,15:32:20.816000,11494,11495,11494,1
2020-06-23,15:32:21.079000,11494,11495,11494,1
2020-06-23,15:32:21.683000,11493,11495,11493,1
2020-06-23,15:32:23.202000,11493,11495,11493,1
2020-06-23,15:32:32.147000,11493,11494,11493,3
2020-06-23,15:32:33.945000,11493,11494,11494,1
2020-06-23,15:32:35.253000,11494,11495,11495,8
2020-06-23,15:32:36.368000,11495,11496,11496,7
2020-06-23,15:32:38.328000,11495,11496,11495,1
2020-06-23,15:32:38.413000,11495,11496,11496,1
2020-06-23,15:32:38.688000,11496,11497,11496,1
2020-06-23,15:32:38.734000,11496,11497,11497,3
2020-06-23,15:32:39.608000,11496,11497,11497,11
2020-06-23,15:32:39.608000,11496,11497,11497,3
2020-06-23,15:32:39.608000,11496,11497,11497,4
2020-06-23,15:32:39.608000,11496,11497,11497,4
2020-06-23,15:32:39.608000,11496,11497,11497,1
2020-06-23,15:32:39.608000,11496,11497,11497,4
2020-06-23,15:32:39.609000,11496,11497,11497,1
2020-06-23,15:32:39.609000,11496,11497,11497,1
2020-06-23,15:32:39.609000,11496,11497,11497,1
2020-06-23,15:32:41.462000,11497,11498,11497,1
2020-06-23,15:32:41.504000,11497,11498,11497,1
2020-06-23,15:32:46.136000,11495,11497,11495,1
2020-06-23,15:32:46.373000,11495,11497,11495,1
2020-06-23,15:32:46.414000,11495,11497,11495,1
2020-06-23,15:32:47.119000,11496,11497,11497,1
2020-06-23,15:32:47.269000,11496,11497,11496,1
2020-06-23,15:32:53.181000,11495,11496,11496,1
2020-06-23,15:32:54.036000,11495,11497,11497,7
2020-06-23,15:32:56.333000,11495,11497,11495,1
2020-06-23,15:32:56.371000,11495,11497,11497,1
2020-06-23,15:33:04.165000,11496,11497,11497,2
2020-06-23,15:33:04.165000,11496,11497,11497,1
2020-06-23,15:33:04.753000,11497,11498,11498,1
2020-06-23,15:33:05.102000,11497,11498,11498,1
2020-06-23,15:33:07.156000,11497,11498,11497,1
2020-06-23,15:33:07.645000,11497,11498,11498,1
2020-06-23,15:33:07.722000,11497,11498,11498,1
2020-06-23,15:33:08.114000,11497,11498,11498,1
2020-06-23,15:33:10.960000,11497,11498,11498,2
2020-06-23,15:33:11.166000,11497,11498,11498,1
2020-06-23,15:33:11.830000,11497,11498,11498,1
2020-06-23,15:33:11.881000,11497,11498,11498,1
2020-06-23,15:33:12.523000,11497,11498,11498,1
2020-06-23,15:33:12.689000,11497,11498,11498,5
2020-06-23,15:33:12.690000,11497,11498,11498,4
2020-06-23,15:33:12.690000,11497,11498,11498,2
2020-06-23,15:33:12.690000,11497,11498,11498,2
2020-06-23,15:33:13.033000,11497,11499,11497,1
2020-06-23,15:33:13.278000,11497,11499,11499,1
2020-06-23,15:33:14.009000,11498,11499,11498,1
2020-06-23,15:33:14.709000,11498,11499,11498,1
2020-06-23,15:33:15.371000,11497,11499,11498,1
2020-06-23,15:33:16.140000,11497,11499,11499,1
2020-06-23,15:33:17.112000,11497,11499,11499,1
2020-06-23,15:33:17.175000,11497,11499,11499,1
2020-06-23,15:33:18.135000,11498,11499,11499,2
2020-06-23,15:33:19.651000,11498,11499,11498,2
2020-06-23,15:33:19.651000,11498,11499,11498,3
2020-06-23,15:33:19.698000,11498,11499,11498,1
2020-06-23,15:33:21.760000,11497,11498,11498,1
2020-06-23,15:33:21.883000,11497,11498,11498,5
2020-06-23,15:33:23.386000,11498,11499,11498,1
2020-06-23,15:33:23.780000,11497,11498,11498,1
2020-06-23,15:33:23.855000,11497,11498,11497,1
2020-06-23,15:33:24.099000,11497,11498,11498,1
2020-06-23,15:33:24.316000,11497,11498,11498,1
2020-06-23,15:33:24.897000,11497,11498,11498,2
2020-06-23,15:33:25.525000,11497,11498,11498,1
2020-06-23,15:33:26.643000,11497,11498,11498,1
2020-06-23,15:33:27.321000,11497,11498,11498,1
2020-06-23,15:33:27.813000,11497,11498,11497,2
2020-06-23,15:33:27.813000,11497,11498,11497,6
2020-06-23,15:33:31.127000,11496,11497,11497,1
2020-06-23,15:33:32.181000,11496,11497,11497,1
2020-06-23,15:33:34.591000,11496,11497,11497,1
2020-06-23,15:33:38.636000,11496,11497,11497,1
2020-06-23,15:33:42.765000,11496,11497,11497,1
2020-06-23,15:33:51.773000,11496,11497,11497,1
2020-06-23,15:33:56.963000,11496,11497,11497,1
2020-06-23,15:34:00.360000,11497,11498,11498,2
2020-06-23,15:34:02.355000,11497,11498,11498,1
2020-06-23,15:34:05.596000,11497,11499,11499,1
2020-06-23,15:34:10.104000,11497,11498,11497,1
2020-06-23,15:34:10.254000,11497,11498,11498,1
2020-06-23,15:34:10.413000,11497,11498,11498,1
2020-06-23,15:34:11.742000,11497,11499,11499,1
2020-06-23,15:34:15.149000,11497,11498,11498,1
2020-06-23,15:34:20.735000,11497,11498,11497,1
2020-06-23,15:34:22.048000,11497,11498,11497,5
2020-06-23,15:34:23.072000,11496,11497,11497,2
2020-06-23,15:34:28.051000,11496,11497,11497,1
2020-06-23,15:34:31.769000,11496,11497,11497,1
2020-06-23,15:34:36.131000,11496,11497,11496,4
2020-06-23,15:34:36.131000,11496,11497,11496,1
2020-06-23,15:34:36.595000,11495,11496,11495,1
2020-06-23,15:34:40.679000,11495,11496,11495,18
2020-06-23,15:34:41.125000,11494,11495,11495,1
2020-06-23,15:34:42.709000,11494,11496,11496,1
2020-06-23,15:34:43.978000,11494,11496,11494,3
2020-06-23,15:34:44.787000,11495,11496,11495,1
2020-06-23,15:34:58.658000,11495,11496,11495,5
2020-06-23,15:35:03.142000,11495,11496,11495,2
2020-06-23,15:35:04.169000,11495,11496,11495,1
2020-06-23,15:35:05.838000,11495,11496,11496,2
2020-06-23,15:35:05.839000,11495,11496,11496,2
2020-06-23,15:35:05.839000,11495,11496,11496,1
2020-06-23,15:35:08.058000,11495,11497,11497,1
2020-06-23,15:35:09.634000,11496,11497,11496,1
2020-06-23,15:35:09.635000,11496,11497,11496,1
2020-06-23,15:35:18.549000,11496,11497,11496,2
2020-06-23,15:35:18.549000,11496,11497,11496,1
2020-06-23,15:35:19.564000,11495,11497,11497,1
2020-06-23,15:35:21.608000,11495,11496,11496,1
2020-06-23,15:35:21.664000,11495,11496,11495,3
2020-06-23,15:35:22.981000,11495,11496,11495,1
2020-06-23,15:35:22.982000,11495,11496,11495,6
2020-06-23,15:35:22.982000,11495,11496,11495,1
2020-06-23,15:35:22.982000,11495,11496,11495,2
2020-06-23,15:35:24.881000,11494,11495,11495,2
2020-06-23,15:35:24.881000,11494,11495,11495,4
2020-06-23,15:35:30.471000,11494,11495,11495,1
2020-06-23,15:35:33.387000,11494,11495,11494,20
2020-06-23,15:35:34.823000,11493,11494,11494,1
2020-06-23,15:35:39.597000,11493,11495,11495,1
2020-06-23,15:35:43.507000,11493,11494,11493,2
2020-06-23,15:35:46.982000,11492,11493,11493,1
2020-06-23,15:35:50.530000,11492,11493,11492,1
2020-06-23,15:35:53.550000,11492,11493,11492,1
2020-06-23,15:35:56.388000,11492,11493,11492,2
2020-06-23,15:35:58.219000,11492,11493,11492,5
2020-06-23,15:36:01.597000,11492,11493,11492,1
2020-06-23,15:36:03.374000,11492,11493,11493,1
2020-06-23,15:36:03.374000,11492,11493,11493,1
2020-06-23,15:36:03.374000,11492,11493,11493,1
2020-06-23,15:36:04.174000,11493,11494,11493,1
2020-06-23,15:36:06.732000,11493,11495,11493,1
2020-06-23,15:36:10.925000,11494,11495,11495,1
2020-06-23,15:36:14.242000,11494,11495,11494,1
2020-06-23,15:36:33.318000,11493,11494,11494,1
2020-06-23,15:36:35.820000,11493,11494,11493,1
2020-06-23,15:36:38.530000,11493,11494,11493,5
2020-06-23,15:36:42.373000,11492,11493,11493,1
2020-06-23,15:36:43.129000,11493,11494,11493,1
2020-06-23,15:36:43.129000,11493,11494,11493,1
2020-06-23,15:36:45.236000,11492,11493,11493,8
2020-06-23,15:36:46.528000,11492,11493,11492,1
2020-06-23,15:36:56.508000,11492,11493,11492,1
2020-06-23,15:36:56.648000,11492,11493,11492,2
2020-06-23,15:36:59.311000,11492,11493,11492,1
2020-06-23,15:37:02.099000,11492,11493,11492,1
2020-06-23,15:37:02.527000,11492,11493,11492,2
2020-06-23,15:37:02.919000,11492,11493,11492,1
2020-06-23,15:37:02.930000,11492,11493,11492,1
2020-06-23,15:37:03.432000,11492,11493,11493,4
2020-06-23,15:37:04.339000,11493,11494,11493,1
2020-06-23,15:37:08.850000,11493,11494,11493,1
2020-06-23,15:37:18.744000,11492,11493,11492,2
2020-06-23,15:37:18.744000,11492,11493,11492,2
2020-06-23,15:37:18.744000,11492,11493,11492,1
2020-06-23,15:37:20.739000,11492,11493,11492,1
2020-06-23,15:37:20.739000,11492,11493,11492,1
2020-06-23,15:37:21.457000,11491,11492,11492,2
2020-06-23,15:37:27.523000,11491,11492,11491,5
2020-06-23,15:37:27.874000,11491,11492,11491,2
2020-06-23,15:37:31.238000,11491,11492,11492,1
2020-06-23,15:37:34.071000,11491,11492,11491,1
2020-06-23,15:37:35.658000,11491,11492,11491,5
2020-06-23,15:37:46.179000,11491,11492,11491,1
2020-06-23,15:37:52.899000,11491,11492,11492,2
2020-06-23,15:37:52.899000,11491,11492,11492,2
2020-06-23,15:37:52.899000,11491,11492,11492,2
2020-06-23,15:37:52.899000,11491,11492,11492,2
2020-06-23,15:38:10.796000,11491,11492,11491,1
2020-06-23,15:38:11.331000,11491,11492,11492,2
2020-06-23,15:38:12.623000,11491,11492,11491,1
2020-06-23,15:38:12.623000,11491,11492,11491,3
2020-06-23,15:38:12.623000,11491,11492,11491,9
2020-06-23,15:38:16.262000,11491,11492,11492,2
2020-06-23,15:38:16.262000,11491,11492,11492,2
2020-06-23,15:38:17.026000,11492,11493,11492,1
2020-06-23,15:38:18.222000,11491,11493,11491,1
2020-06-23,15:38:21.892000,11492,11493,11493,1
2020-06-23,15:38:26.938000,11492,11493,11492,1
2020-06-23,15:38:30.656000,11491,11493,11491,1
2020-06-23,15:38:38.359000,11491,11492,11491,1
2020-06-23,15:38:38.360000,11491,11492,11491,4
2020-06-23,15:38:38.360000,11491,11492,11491,1
2020-06-23,15:38:48.064000,11490,11491,11491,1
2020-06-23,15:38:52.376000,11490,11491,11490,1
2020-06-23,15:39:01.593000,11490,11491,11490,1
2020-06-23,15:39:01.593000,11490,11491,11490,1
2020-06-23,15:39:01.593000,11490,11491,11490,3
2020-06-23,15:39:01.594000,11490,11491,11490,4
2020-06-23,15:39:01.594000,11490,11491,11490,1
2020-06-23,15:39:01.594000,11490,11491,11490,1
2020-06-23,15:39:01.594000,11490,11491,11490,2
2020-06-23,15:39:01.594000,11490,11491,11490,1
2020-06-23,15:39:01.594000,11490,11491,11490,3
2020-06-23,15:39:01.594000,11490,11491,11490,15
2020-06-23,15:39:01.594000,11490,11491,11490,4
2020-06-23,15:39:01.594000,11490,11491,11490,21
2020-06-23,15:39:01.904000,11489,11490,11490,5
2020-06-23,15:39:02.014000,11489,11490,11490,5
2020-06-23,15:39:02.070000,11489,11490,11490,2
2020-06-23,15:39:02.071000,11489,11490,11490,4
2020-06-23,15:39:02.071000,11489,11490,11490,1
2020-06-23,15:39:02.355000,11490,11491,11490,2
2020-06-23,15:39:03.764000,11489,11491,11490,1
2020-06-23,15:39:04.129000,11490,11491,11490,1
2020-06-23,15:39:04.798000,11490,11491,11490,4
2020-06-23,15:39:04.885000,11490,11491,11490,1
2020-06-23,15:39:06.648000,11490,11491,11491,1
2020-06-23,15:39:06.648000,11490,11491,11491,15
2020-06-23,15:39:07.467000,11490,11492,11490,1
2020-06-23,15:39:07.953000,11490,11491,11491,3
2020-06-23,15:39:09.951000,11490,11492,11491,1
2020-06-23,15:39:11.593000,11491,11492,11491,1
2020-06-23,15:39:16.847000,11490,11491,11491,1
2020-06-23,15:39:22.188000,11490,11491,11491,2
2020-06-23,15:39:22.189000,11490,11491,11491,3
2020-06-23,15:39:31.370000,11490,11491,11491,1
2020-06-23,15:39:34.243000,11490,11491,11491,1
2020-06-23,15:39:44.400000,11490,11491,11491,3
2020-06-23,15:39:44.778000,11490,11491,11490,2
2020-06-23,15:39:49.501000,11490,11491,11490,3
2020-06-23,15:39:53.107000,11490,11491,11491,1
2020-06-23,15:39:59.154000,11490,11491,11491,1
2020-06-23,15:39:59.626000,11490,11491,11491,1
2020-06-23,15:40:02.331000,11491,11492,11491,1
2020-06-23,15:40:02.489000,11491,11492,11491,2
2020-06-23,15:40:02.849000,11490,11492,11492,2
2020-06-23,15:40:03.394000,11491,11492,11492,1
2020-06-23,15:40:04.833000,11491,11492,11492,1
2020-06-23,15:40:04.833000,11491,11492,11492,11
2020-06-23,15:40:04.833000,11491,11492,11492,2
2020-06-23,15:40:04.833000,11491,11492,11492,1
2020-06-23,15:40:04.833000,11491,11492,11492,1
2020-06-23,15:40:04.833000,11491,11492,11492,3
2020-06-23,15:40:05.964000,11491,11493,11493,1
2020-06-23,15:40:12.834000,11491,11492,11492,2
2020-06-23,15:40:16.658000,11492,11493,11493,12
2020-06-23,15:40:17.417000,11492,11494,11494,3
2020-06-23,15:40:19.292000,11493,11494,11493,1
2020-06-23,15:40:22.651000,11492,11494,11494,1
2020-06-23,15:40:27.054000,11492,11493,11493,1
2020-06-23,15:40:29.068000,11492,11494,11492,1
2020-06-23,15:40:30.321000,11492,11493,11492,1
2020-06-23,15:40:35.994000,11491,11492,11491,5
2020-06-23,15:40:37.826000,11491,11492,11492,1
2020-06-23,15:40:42.145000,11492,11493,11492,1
2020-06-23,15:40:56.356000,11491,11492,11491,1
2020-06-23,15:41:06.262000,11491,11492,11491,2
2020-06-23,15:41:08.882000,11491,11492,11491,1
2020-06-23,15:41:08.882000,11491,11492,11490,1
2020-06-23,15:41:18.285000,11491,11492,11491,1
2020-06-23,15:41:21.186000,11491,11492,11491,1
2020-06-23,15:41:23.448000,11491,11492,11492,1
2020-06-23,15:41:23.448000,11491,11492,11492,4
2020-06-23,15:41:23.448000,11491,11492,11492,5
2020-06-23,15:41:28.166000,11492,11493,11492,1
2020-06-23,15:41:29.670000,11492,11493,11493,3
2020-06-23,15:41:44.837000,11492,11493,11492,4
2020-06-23,15:41:51.786000,11491,11492,11492,1
2020-06-23,15:41:59.596000,11491,11492,11491,2
2020-06-23,15:41:59.597000,11491,11492,11491,3
2020-06-23,15:42:04.744000,11490,11491,11491,2
2020-06-23,15:42:07.498000,11491,11492,11491,1
2020-06-23,15:42:09.011000,11491,11492,11492,2
2020-06-23,15:42:11.124000,11492,11493,11492,1
2020-06-23,15:42:20.362000,11492,11493,11492,1
2020-06-23,15:42:20.362000,11492,11493,11492,1
2020-06-23,15:42:28.936000,11491,11493,11491,3
2020-06-23,15:42:34.587000,11491,11492,11492,1
2020-06-23,15:42:40.231000,11491,11492,11491,1
2020-06-23,15:42:43.352000,11490,11491,11491,2
2020-06-23,15:42:46.520000,11491,11492,11491,1
2020-06-23,15:42:48.274000,11491,11492,11491,1
2020-06-23,15:42:55.903000,11491,11492,11492,1
2020-06-23,15:43:00.493000,11491,11492,11491,1
2020-06-23,15:43:10.561000,11491,11492,11491,3
2020-06-23,15:43:18.104000,11491,11492,11492,1
2020-06-23,15:43:28.100000,11491,11492,11492,1
2020-06-23,15:43:31.564000,11492,11493,11492,1
2020-06-23,15:43:31.564000,11492,11493,11492,1
2020-06-23,15:43:31.612000,11492,11493,11492,3
2020-06-23,15:43:36.844000,11491,11492,11492,1
2020-06-23,15:43:47.617000,11492,11493,11492,1
2020-06-23,15:43:48.984000,11492,11493,11493,5
2020-06-23,15:43:48.997000,11492,11493,11493,1
2020-06-23,15:43:48.998000,11492,11493,11493,1
2020-06-23,15:43:53.564000,11493,11494,11493,1
2020-06-23,15:43:55.107000,11493,11494,11494,5
2020-06-23,15:43:55.107000,11493,11494,11494,3
2020-06-23,15:43:55.107000,11493,11494,11494,5
2020-06-23,15:43:55.107000,11493,11494,11494,2
2020-06-23,15:43:55.107000,11493,11494,11494,4
2020-06-23,15:43:55.128000,11493,11494,11494,2
2020-06-23,15:43:55.128000,11493,11494,11494,1
2020-06-23,15:43:55.147000,11493,11494,11494,10
2020-06-23,15:43:55.197000,11493,11494,11494,2
2020-06-23,15:43:55.248000,11493,11494,11494,2
2020-06-23,15:43:55.248000,11493,11494,11494,2
2020-06-23,15:43:55.248000,11493,11494,11494,3
2020-06-23,15:43:55.248000,11493,11494,11494,4
2020-06-23,15:43:55.560000,11493,11494,11494,6
2020-06-23,15:43:55.629000,11493,11494,11494,2
2020-06-23,15:43:55.634000,11494,11495,11494,2
2020-06-23,15:43:55.684000,11494,11495,11494,2
2020-06-23,15:43:55.735000,11494,11495,11494,2
2020-06-23,15:43:55.759000,11494,11495,11494,2
2020-06-23,15:43:58.045000,11493,11494,11494,2
2020-06-23,15:44:00.474000,11493,11494,11494,1
2020-06-23,15:44:03.259000,11493,11494,11494,2
2020-06-23,15:44:09.572000,11494,11495,11495,1
2020-06-23,15:44:10.384000,11494,11495,11494,1
2020-06-23,15:44:13.316000,11494,11495,11495,1
2020-06-23,15:44:15.796000,11494,11495,11495,1
2020-06-23,15:44:17.416000,11494,11495,11495,1
2020-06-23,15:44:21.247000,11494,11495,11495,1
2020-06-23,15:44:21.692000,11494,11495,11494,2
2020-06-23,15:44:21.885000,11494,11495,11495,1
2020-06-23,15:44:23.170000,11494,11495,11494,5
2020-06-23,15:44:23.170000,11494,11495,11494,7
2020-06-23,15:44:24.611000,11493,11494,11494,1
2020-06-23,15:44:26.045000,11493,11495,11495,1
2020-06-23,15:44:31.129000,11494,11495,11494,1
2020-06-23,15:44:31.135000,11493,11494,11494,1
2020-06-23,15:44:31.430000,11493,11494,11494,1
2020-06-23,15:44:33.716000,11494,11495,11494,1
2020-06-23,15:44:46.970000,11494,11495,11494,1
2020-06-23,15:44:46.970000,11494,11495,11494,3
2020-06-23,15:44:52.205000,11494,11495,11494,1
2020-06-23,15:45:01.223000,11493,11494,11493,3
2020-06-23,15:45:01.224000,11493,11494,11493,1
2020-06-23,15:45:02.305000,11492,11493,11494,2
2020-06-23,15:45:18.334000,11492,11493,11492,2
2020-06-23,15:45:22.767000,11492,11493,11493,4
2020-06-23,15:45:28.647000,11492,11493,11493,1
2020-06-23,15:45:51.821000,11492,11493,11493,2
2020-06-23,15:45:51.821000,11492,11493,11493,1
2020-06-23,15:46:02.614000,11492,11493,11492,11
2020-06-23,15:46:05.968000,11491,11492,11491,2
2020-06-23,15:46:05.968000,11491,11492,11491,4
2020-06-23,15:46:08.348000,11491,11492,11491,3
2020-06-23,15:46:11.172000,11491,11492,11491,5
2020-06-23,15:46:11.293000,11490,11492,11491,1
2020-06-23,15:46:15.641000,11491,11492,11492,2
2020-06-23,15:46:23.301000,11491,11492,11492,1
2020-06-23,15:46:24.679000,11491,11492,11492,2
2020-06-23,15:46:24.679000,11491,11492,11492,1
2020-06-23,15:46:37.473000,11492,11493,11492,1
2020-06-23,15:46:44.252000,11492,11493,11492,1
2020-06-23,15:46:44.300000,11491,11493,11491,1
2020-06-23,15:46:47.809000,11492,11493,11492,4
2020-06-23,15:46:53.137000,11491,11492,11492,2
2020-06-23,15:46:53.138000,11491,11492,11492,1
2020-06-23,15:47:02.181000,11491,11492,11491,1
2020-06-23,15:47:02.462000,11490,11492,11490,2
2020-06-23,15:47:12.422000,11491,11492,11492,1
2020-06-23,15:47:12.983000,11491,11492,11492,1
2020-06-23,15:47:16.494000,11492,11493,11492,1
2020-06-23,15:47:24.612000,11491,11492,11492,1
2020-06-23,15:47:31.309000,11492,11493,11492,1
2020-06-23,15:47:31.309000,11492,11493,11492,2
2020-06-23,15:47:32.541000,11491,11492,11491,1
2020-06-23,15:47:38.429000,11491,11492,11492,2
2020-06-23,15:47:42.803000,11491,11492,11492,1
2020-06-23,15:47:47.884000,11491,11492,11491,10
2020-06-23,15:47:53.652000,11490,11491,11490,1
2020-06-23,15:47:55.947000,11490,11491,11491,1
2020-06-23,15:48:04.179000,11490,11491,11491,1
2020-06-23,15:48:10.531000,11490,11491,11490,1
2020-06-23,15:48:10.531000,11490,11491,11490,1
