2020-09-10,15:00:00.073000,12704,12705,12711,187
2020-09-10,15:00:00.074000,12710,12711,12710,4
2020-09-10,15:00:00.074000,12710,12711,12710,6
2020-09-10,15:00:00.109000,12709,12711,12709,7
2020-09-10,15:00:00.109000,12709,12711,12709,3
2020-09-10,15:00:00.130000,12709,12711,12709,1
2020-09-10,15:00:00.130000,12709,12711,12708,11
2020-09-10,15:00:00.130000,12709,12711,12707,7
2020-09-10,15:00:00.130000,12709,12711,12706,2
2020-09-10,15:00:00.130000,12709,12711,12704,10
2020-09-10,15:00:00.131000,12709,12711,12704,5
2020-09-10,15:00:00.131000,12709,12711,12704,4
2020-09-10,15:00:00.198000,12702,12706,12702,1
2020-09-10,15:00:00.210000,12702,12706,12704,1
2020-09-10,15:00:00.210000,12702,12706,12705,1
2020-09-10,15:00:00.210000,12702,12706,12706,1
2020-09-10,15:00:00.217000,12702,12706,12706,1
2020-09-10,15:00:00.240000,12702,12706,12706,2
2020-09-10,15:00:00.243000,12702,12706,12706,10
2020-09-10,15:00:00.248000,12702,12706,12706,1
2020-09-10,15:00:00.252000,12702,12706,12706,1
2020-09-10,15:00:00.255000,12702,12706,12706,1
2020-09-10,15:00:00.259000,12702,12706,12706,1
2020-09-10,15:00:00.266000,12702,12706,12707,1
2020-09-10,15:00:00.273000,12702,12706,12707,2
2020-09-10,15:00:00.301000,12702,12706,12706,1
2020-09-10,15:00:00.333000,12706,12709,12709,2
2020-09-10,15:00:00.353000,12706,12709,12708,2
2020-09-10,15:00:00.361000,12706,12709,12708,1
2020-09-10,15:00:00.406000,12706,12709,12710,1
2020-09-10,15:00:00.427000,12706,12709,12710,1
2020-09-10,15:00:00.504000,12708,12710,12710,1
2020-09-10,15:00:00.507000,12708,12710,12708,2
2020-09-10,15:00:00.507000,12708,12710,12707,1
2020-09-10,15:00:00.537000,12708,12710,12708,1
2020-09-10,15:00:00.554000,12708,12710,12708,1
2020-09-10,15:00:00.566000,12708,12710,12706,1
2020-09-10,15:00:00.585000,12706,12708,12708,3
2020-09-10,15:00:00.595000,12706,12708,12707,2
2020-09-10,15:00:00.622000,12706,12708,12706,1
2020-09-10,15:00:00.622000,12706,12708,12705,1
2020-09-10,15:00:00.626000,12706,12708,12704,2
2020-09-10,15:00:00.641000,12706,12708,12704,1
2020-09-10,15:00:00.642000,12706,12708,12706,2
2020-09-10,15:00:00.642000,12706,12708,12707,1
2020-09-10,15:00:00.645000,12706,12708,12706,1
2020-09-10,15:00:00.653000,12706,12708,12707,1
2020-09-10,15:00:00.660000,12706,12708,12707,2
2020-09-10,15:00:00.666000,12706,12708,12708,1
2020-09-10,15:00:00.712000,12705,12708,12708,1
2020-09-10,15:00:00.751000,12705,12708,12709,3
2020-09-10,15:00:00.766000,12705,12708,12709,1
2020-09-10,15:00:00.771000,12705,12708,12709,3
2020-09-10,15:00:00.772000,12705,12708,12709,4
2020-09-10,15:00:00.775000,12705,12708,12707,1
2020-09-10,15:00:00.775000,12705,12708,12706,2
2020-09-10,15:00:00.792000,12705,12708,12710,1
2020-09-10,15:00:00.809000,12705,12708,12711,2
2020-09-10,15:00:00.822000,12705,12708,12711,1
2020-09-10,15:00:00.823000,12707,12712,12712,2
2020-09-10,15:00:00.826000,12707,12712,12711,1
2020-09-10,15:00:00.834000,12707,12712,12712,5
2020-09-10,15:00:00.843000,12707,12712,12712,1
2020-09-10,15:00:00.866000,12707,12712,12710,1
2020-09-10,15:00:00.867000,12707,12712,12710,1
2020-09-10,15:00:00.868000,12707,12712,12710,1
2020-09-10,15:00:00.869000,12707,12712,12710,2
2020-09-10,15:00:00.871000,12707,12712,12712,1
2020-09-10,15:00:00.881000,12707,12712,12707,1
2020-09-10,15:00:00.881000,12707,12712,12706,1
2020-09-10,15:00:00.886000,12707,12712,12712,1
2020-09-10,15:00:00.915000,12707,12712,12713,2
2020-09-10,15:00:00.918000,12707,12712,12713,2
2020-09-10,15:00:00.918000,12707,12712,12714,1
2020-09-10,15:00:00.927000,12707,12712,12714,1
2020-09-10,15:00:00.942000,12707,12712,12714,1
2020-09-10,15:00:00.967000,12707,12714,12714,1
2020-09-10,15:00:00.983000,12707,12714,12708,1
2020-09-10,15:00:00.983000,12707,12714,12708,2
2020-09-10,15:00:00.983000,12707,12714,12714,5
2020-09-10,15:00:01.010000,12707,12714,12714,2
2020-09-10,15:00:01.013000,12707,12714,12714,2
2020-09-10,15:00:01.013000,12707,12714,12714,2
2020-09-10,15:00:01.013000,12707,12714,12715,1
2020-09-10,15:00:01.074000,12706,12708,12708,3
2020-09-10,15:00:01.082000,12706,12708,12713,1
2020-09-10,15:00:01.086000,12706,12708,12715,1
2020-09-10,15:00:01.098000,12706,12708,12715,1
2020-09-10,15:00:01.098000,12706,12708,12715,1
2020-09-10,15:00:01.108000,12706,12708,12715,5
2020-09-10,15:00:01.108000,12706,12708,12716,4
2020-09-10,15:00:01.108000,12706,12708,12717,1
2020-09-10,15:00:01.171000,12706,12708,12716,1
2020-09-10,15:00:01.171000,12706,12708,12717,1
2020-09-10,15:00:01.173000,12706,12708,12710,1
2020-09-10,15:00:01.236000,12709,12717,12717,5
2020-09-10,15:00:01.241000,12709,12717,12717,1
2020-09-10,15:00:01.296000,12709,12717,12716,1
2020-09-10,15:00:01.296000,12709,12717,12717,1
2020-09-10,15:00:01.296000,12709,12717,12717,1
2020-09-10,15:00:01.301000,12709,12717,12717,1
2020-09-10,15:00:01.307000,12709,12717,12717,1
2020-09-10,15:00:01.315000,12709,12717,12717,2
2020-09-10,15:00:01.351000,12709,12717,12717,1
2020-09-10,15:00:01.352000,12709,12717,12717,1
2020-09-10,15:00:01.361000,12709,12717,12717,1
2020-09-10,15:00:01.368000,12709,12717,12717,1
2020-09-10,15:00:01.368000,12709,12717,12718,1
2020-09-10,15:00:01.386000,12709,12717,12712,1
2020-09-10,15:00:01.386000,12709,12717,12711,4
2020-09-10,15:00:01.386000,12709,12717,12710,2
2020-09-10,15:00:01.386000,12709,12717,12709,1
2020-09-10,15:00:01.386000,12709,12717,12708,4
2020-09-10,15:00:01.386000,12709,12717,12707,2
2020-09-10,15:00:01.387000,12709,12717,12707,1
2020-09-10,15:00:01.387000,12709,12717,12707,25
2020-09-10,15:00:01.405000,12709,12717,12712,1
2020-09-10,15:00:01.413000,12709,12717,12712,1
2020-09-10,15:00:01.414000,12709,12717,12713,2
2020-09-10,15:00:01.417000,12709,12717,12713,4
2020-09-10,15:00:01.433000,12709,12717,12716,1
2020-09-10,15:00:01.433000,12709,12717,12717,2
2020-09-10,15:00:01.434000,12709,12717,12717,1
2020-09-10,15:00:01.442000,12709,12717,12717,1
2020-09-10,15:00:01.443000,12709,12717,12717,1
2020-09-10,15:00:01.450000,12707,12718,12718,3
2020-09-10,15:00:01.459000,12707,12718,12718,1
2020-09-10,15:00:01.459000,12707,12718,12718,1
2020-09-10,15:00:01.466000,12707,12718,12718,1
2020-09-10,15:00:01.510000,12707,12718,12718,2
2020-09-10,15:00:01.527000,12707,12718,12719,2
2020-09-10,15:00:01.537000,12707,12718,12719,1
2020-09-10,15:00:01.566000,12707,12718,12712,1
2020-09-10,15:00:01.568000,12707,12718,12712,1
2020-09-10,15:00:01.573000,12708,12712,12712,1
2020-09-10,15:00:01.586000,12708,12712,12718,1
2020-09-10,15:00:01.608000,12708,12712,12718,1
2020-09-10,15:00:01.611000,12708,12712,12718,1
2020-09-10,15:00:01.626000,12708,12712,12718,1
2020-09-10,15:00:01.634000,12708,12712,12719,2
2020-09-10,15:00:01.636000,12708,12712,12719,2
2020-09-10,15:00:01.678000,12708,12712,12719,1
2020-09-10,15:00:01.679000,12708,12712,12719,1
2020-09-10,15:00:01.686000,12708,12712,12718,1
2020-09-10,15:00:01.693000,12708,12712,12719,1
2020-09-10,15:00:01.703000,12710,12719,12719,1
2020-09-10,15:00:01.743000,12710,12719,12719,5
2020-09-10,15:00:01.744000,12710,12719,12719,2
2020-09-10,15:00:01.745000,12710,12719,12720,1
2020-09-10,15:00:01.770000,12710,12719,12719,1
2020-09-10,15:00:01.772000,12710,12719,12720,3
2020-09-10,15:00:01.777000,12710,12719,12720,1
2020-09-10,15:00:01.779000,12710,12719,12720,2
2020-09-10,15:00:01.781000,12710,12719,12710,1
2020-09-10,15:00:01.789000,12710,12719,12720,1
2020-09-10,15:00:01.793000,12710,12719,12720,1
2020-09-10,15:00:01.798000,12710,12719,12720,1
2020-09-10,15:00:01.807000,12710,12719,12720,1
2020-09-10,15:00:01.813000,12710,12719,12709,1
2020-09-10,15:00:01.813000,12710,12719,12708,1
2020-09-10,15:00:01.813000,12710,12719,12707,1
2020-09-10,15:00:01.838000,12707,12719,12719,1
2020-09-10,15:00:01.838000,12707,12719,12719,6
2020-09-10,15:00:01.852000,12707,12719,12720,3
2020-09-10,15:00:01.860000,12707,12719,12720,1
2020-09-10,15:00:01.868000,12707,12719,12720,1
2020-09-10,15:00:01.870000,12707,12719,12715,2
2020-09-10,15:00:01.871000,12707,12719,12720,1
2020-09-10,15:00:01.871000,12707,12719,12721,1
2020-09-10,15:00:01.918000,12707,12719,12718,2
2020-09-10,15:00:01.926000,12707,12719,12718,1
2020-09-10,15:00:01.946000,12707,12719,12715,3
2020-09-10,15:00:01.947000,12707,12719,12715,1
2020-09-10,15:00:01.956000,12715,12718,12718,1
2020-09-10,15:00:01.989000,12715,12718,12715,2
2020-09-10,15:00:01.993000,12715,12718,12707,1
2020-09-10,15:00:02.004000,12715,12718,12704,3
2020-09-10,15:00:02.025000,12715,12718,12704,3
2020-09-10,15:00:02.034000,12715,12718,12704,1
2020-09-10,15:00:02.039000,12715,12718,12704,1
2020-09-10,15:00:02.065000,12715,12718,12704,1
2020-09-10,15:00:02.071000,12715,12718,12713,2
2020-09-10,15:00:02.088000,12702,12713,12718,1
2020-09-10,15:00:02.088000,12702,12713,12721,3
2020-09-10,15:00:02.124000,12702,12713,12721,1
2020-09-10,15:00:02.175000,12702,12713,12719,1
2020-09-10,15:00:02.214000,12710,12721,12711,3
2020-09-10,15:00:02.448000,12713,12716,12716,1
2020-09-10,15:00:02.448000,12713,12716,12717,3
2020-09-10,15:00:02.514000,12713,12716,12718,1
2020-09-10,15:00:02.549000,12713,12716,12712,1
2020-09-10,15:00:02.552000,12713,12716,12709,1
2020-09-10,15:00:02.643000,12709,12717,12716,1
2020-09-10,15:00:02.948000,12711,12713,12713,3
2020-09-10,15:00:02.967000,12711,12713,12711,1
2020-09-10,15:00:02.967000,12711,12713,12710,4
2020-09-10,15:00:03.098000,12710,12714,12711,1
2020-09-10,15:00:03.098000,12710,12714,12709,1
2020-09-10,15:00:03.116000,12710,12714,12709,1
2020-09-10,15:00:03.127000,12710,12714,12710,1
2020-09-10,15:00:03.301000,12707,12711,12707,2
2020-09-10,15:00:03.301000,12707,12711,12706,1
2020-09-10,15:00:03.301000,12707,12711,12705,1
2020-09-10,15:00:03.301000,12707,12711,12703,1
2020-09-10,15:00:03.380000,12707,12710,12707,5
2020-09-10,15:00:03.418000,12707,12710,12706,1
2020-09-10,15:00:03.573000,12706,12708,12708,1
2020-09-10,15:00:03.674000,12706,12708,12706,2
2020-09-10,15:00:03.698000,12705,12708,12705,1
2020-09-10,15:00:03.784000,12705,12708,12708,1
2020-09-10,15:00:03.784000,12705,12708,12709,1
2020-09-10,15:00:03.810000,12705,12708,12709,1
2020-09-10,15:00:03.923000,12706,12709,12709,1
2020-09-10,15:00:03.931000,12706,12709,12709,1
2020-09-10,15:00:03.948000,12707,12709,12709,1
2020-09-10,15:00:03.973000,12707,12709,12707,2
2020-09-10,15:00:04.048000,12707,12709,12710,1
2020-09-10,15:00:04.073000,12709,12711,12711,1
2020-09-10,15:00:04.092000,12709,12711,12709,1
2020-09-10,15:00:04.098000,12709,12711,12707,2
2020-09-10,15:00:04.129000,12709,12711,12709,1
2020-09-10,15:00:04.154000,12709,12711,12708,2
2020-09-10,15:00:04.154000,12709,12711,12707,1
2020-09-10,15:00:04.154000,12709,12711,12706,3
2020-09-10,15:00:04.169000,12709,12711,12708,1
2020-09-10,15:00:04.200000,12705,12711,12711,1
2020-09-10,15:00:04.300000,12705,12711,12710,1
2020-09-10,15:00:04.485000,12706,12711,12708,1
2020-09-10,15:00:04.485000,12706,12711,12711,1
2020-09-10,15:00:04.593000,12707,12711,12711,3
2020-09-10,15:00:04.615000,12707,12711,12710,1
2020-09-10,15:00:04.761000,12708,12711,12708,1
2020-09-10,15:00:04.765000,12708,12711,12708,1
2020-09-10,15:00:04.767000,12708,12711,12707,1
2020-09-10,15:00:04.771000,12708,12711,12707,1
2020-09-10,15:00:04.772000,12708,12711,12706,1
2020-09-10,15:00:04.782000,12708,12711,12706,2
2020-09-10,15:00:04.792000,12708,12711,12708,1
2020-09-10,15:00:04.801000,12708,12711,12709,1
2020-09-10,15:00:04.801000,12708,12711,12709,3
2020-09-10,15:00:04.801000,12708,12711,12710,1
2020-09-10,15:00:04.801000,12708,12711,12711,2
2020-09-10,15:00:04.891000,12705,12711,12708,2
2020-09-10,15:00:05.012000,12705,12710,12708,1
2020-09-10,15:00:05.126000,12706,12708,12708,1
2020-09-10,15:00:05.384000,12708,12710,12708,3
2020-09-10,15:00:05.384000,12708,12710,12707,2
2020-09-10,15:00:05.384000,12708,12710,12706,2
2020-09-10,15:00:05.395000,12708,12710,12706,1
2020-09-10,15:00:05.494000,12705,12709,12709,1
2020-09-10,15:00:05.501000,12705,12709,12706,1
2020-09-10,15:00:05.689000,12705,12708,12706,1
2020-09-10,15:00:05.689000,12705,12708,12705,4
2020-09-10,15:00:05.735000,12704,12707,12707,1
2020-09-10,15:00:05.735000,12704,12707,12708,3
2020-09-10,15:00:05.736000,12704,12707,12708,1
2020-09-10,15:00:05.783000,12704,12707,12706,1
2020-09-10,15:00:05.783000,12704,12707,12705,2
2020-09-10,15:00:05.853000,12705,12709,12707,2
2020-09-10,15:00:05.870000,12705,12709,12707,2
2020-09-10,15:00:05.897000,12705,12709,12709,1
2020-09-10,15:00:05.897000,12705,12709,12710,3
2020-09-10,15:00:05.900000,12705,12709,12710,8
2020-09-10,15:00:05.901000,12705,12709,12710,3
2020-09-10,15:00:05.904000,12705,12709,12711,9
2020-09-10,15:00:05.946000,12705,12709,12709,2
2020-09-10,15:00:06.168000,12709,12711,12709,1
2020-09-10,15:00:06.176000,12709,12711,12708,1
2020-09-10,15:00:06.201000,12708,12710,12708,1
2020-09-10,15:00:06.472000,12708,12710,12708,1
2020-09-10,15:00:06.548000,12708,12710,12709,1
2020-09-10,15:00:06.770000,12707,12710,12707,1
2020-09-10,15:00:06.914000,12707,12710,12707,1
2020-09-10,15:00:07.073000,12707,12709,12709,1
2020-09-10,15:00:07.124000,12707,12709,12710,2
2020-09-10,15:00:07.196000,12707,12709,12711,1
2020-09-10,15:00:07.200000,12711,12712,12712,2
2020-09-10,15:00:07.201000,12711,12712,12712,3
2020-09-10,15:00:07.204000,12711,12712,12714,1
2020-09-10,15:00:07.245000,12711,12712,12712,1
2020-09-10,15:00:07.323000,12710,12713,12713,1
2020-09-10,15:00:07.506000,12710,12713,12711,5
2020-09-10,15:00:07.507000,12710,12713,12710,1
2020-09-10,15:00:07.507000,12710,12713,12709,5
2020-09-10,15:00:07.507000,12710,12713,12708,4
2020-09-10,15:00:07.510000,12710,12713,12708,1
2020-09-10,15:00:07.534000,12710,12713,12710,1
2020-09-10,15:00:07.573000,12709,12711,12711,1
2020-09-10,15:00:07.606000,12709,12711,12709,5
2020-09-10,15:00:07.607000,12709,12711,12710,1
2020-09-10,15:00:07.625000,12709,12711,12709,2
2020-09-10,15:00:07.728000,12709,12711,12710,1
2020-09-10,15:00:07.776000,12709,12711,12708,1
2020-09-10,15:00:07.819000,12709,12711,12708,2
2020-09-10,15:00:08.050000,12708,12710,12708,2
2020-09-10,15:00:08.163000,12708,12710,12708,1
2020-09-10,15:00:08.239000,12708,12709,12708,2
2020-09-10,15:00:08.391000,12708,12709,12708,2
2020-09-10,15:00:08.546000,12708,12709,12708,2
2020-09-10,15:00:08.696000,12708,12709,12708,2
2020-09-10,15:00:08.940000,12708,12709,12708,5
2020-09-10,15:00:08.943000,12708,12709,12708,2
2020-09-10,15:00:08.986000,12706,12708,12706,1
2020-09-10,15:00:09.101000,12706,12708,12706,1
2020-09-10,15:00:09.263000,12706,12708,12706,7
2020-09-10,15:00:10.024000,12705,12706,12706,1
2020-09-10,15:00:10.027000,12705,12706,12705,1
2020-09-10,15:00:10.090000,12705,12708,12708,5
2020-09-10,15:00:10.417000,12706,12708,12706,1
2020-09-10,15:00:10.541000,12706,12708,12707,1
2020-09-10,15:00:10.853000,12705,12707,12707,2
2020-09-10,15:00:10.933000,12705,12707,12707,1
2020-09-10,15:00:10.933000,12705,12707,12706,2
2020-09-10,15:00:11.314000,12705,12707,12706,1
2020-09-10,15:00:11.314000,12705,12707,12707,1
2020-09-10,15:00:11.452000,12705,12707,12707,1
2020-09-10,15:00:11.983000,12704,12706,12706,5
2020-09-10,15:00:12.073000,12705,12706,12706,3
2020-09-10,15:00:12.252000,12705,12708,12706,1
2020-09-10,15:00:12.719000,12706,12707,12706,1
2020-09-10,15:00:12.804000,12706,12707,12706,1
2020-09-10,15:00:13.194000,12705,12706,12705,1
2020-09-10,15:00:13.213000,12704,12706,12706,1
2020-09-10,15:00:13.253000,12704,12706,12706,2
2020-09-10,15:00:13.280000,12704,12706,12706,1
2020-09-10,15:00:13.585000,12704,12706,12704,1
2020-09-10,15:00:13.609000,12704,12706,12704,1
2020-09-10,15:00:14.301000,12705,12706,12705,1
2020-09-10,15:00:14.313000,12705,12706,12706,1
2020-09-10,15:00:15.024000,12705,12706,12706,1
2020-09-10,15:00:15.249000,12705,12707,12707,1
2020-09-10,15:00:15.323000,12706,12707,12707,10
2020-09-10,15:00:15.326000,12706,12707,12707,1
2020-09-10,15:00:15.357000,12706,12707,12705,1
2020-09-10,15:00:15.398000,12706,12707,12705,2
2020-09-10,15:00:15.811000,12705,12708,12706,1
2020-09-10,15:00:15.811000,12705,12708,12705,1
2020-09-10,15:00:16.025000,12705,12708,12705,2
2020-09-10,15:00:16.298000,12705,12708,12705,1
2020-09-10,15:00:16.413000,12705,12708,12705,1
2020-09-10,15:00:16.428000,12705,12708,12705,1
2020-09-10,15:00:17.241000,12706,12708,12706,1
2020-09-10,15:00:17.325000,12705,12706,12706,1
2020-09-10,15:00:17.326000,12705,12706,12706,1
2020-09-10,15:00:17.326000,12705,12706,12706,1
2020-09-10,15:00:17.326000,12705,12706,12706,1
2020-09-10,15:00:17.326000,12705,12706,12706,1
2020-09-10,15:00:17.326000,12705,12706,12706,1
2020-09-10,15:00:17.570000,12705,12706,12706,1
2020-09-10,15:00:17.774000,12705,12707,12706,1
2020-09-10,15:00:17.774000,12705,12707,12705,1
2020-09-10,15:00:18.003000,12705,12706,12705,4
2020-09-10,15:00:18.098000,12705,12706,12705,1
2020-09-10,15:00:18.142000,12705,12706,12706,1
2020-09-10,15:00:18.188000,12705,12706,12705,1
2020-09-10,15:00:18.279000,12705,12706,12705,1
2020-09-10,15:00:18.367000,12705,12706,12705,1
2020-09-10,15:00:18.404000,12705,12706,12706,1
2020-09-10,15:00:18.643000,12705,12706,12706,1
2020-09-10,15:00:19.007000,12705,12706,12705,2
2020-09-10,15:00:19.063000,12705,12706,12706,1
2020-09-10,15:00:19.089000,12705,12706,12705,1
2020-09-10,15:00:19.184000,12705,12706,12706,1
2020-09-10,15:00:19.210000,12705,12706,12705,1
2020-09-10,15:00:19.266000,12705,12706,12706,1
2020-09-10,15:00:19.302000,12705,12706,12705,1
2020-09-10,15:00:19.302000,12705,12706,12705,5
2020-09-10,15:00:19.670000,12704,12705,12704,1
2020-09-10,15:00:19.693000,12704,12705,12705,2
2020-09-10,15:00:20.099000,12704,12705,12704,1
2020-09-10,15:00:20.099000,12704,12705,12704,3
2020-09-10,15:00:20.363000,12703,12704,12704,4
2020-09-10,15:00:20.363000,12703,12704,12705,1
2020-09-10,15:00:20.475000,12703,12705,12705,1
2020-09-10,15:00:20.561000,12703,12705,12703,2
2020-09-10,15:00:20.614000,12702,12704,12704,1
2020-09-10,15:00:20.792000,12702,12704,12704,1
2020-09-10,15:00:20.813000,12702,12704,12705,3
2020-09-10,15:00:20.832000,12703,12705,12705,3
2020-09-10,15:00:20.834000,12703,12705,12706,2
2020-09-10,15:00:20.840000,12703,12705,12703,4
2020-09-10,15:00:20.847000,12703,12705,12702,1
2020-09-10,15:00:20.861000,12703,12705,12706,2
2020-09-10,15:00:20.883000,12703,12705,12706,1
2020-09-10,15:00:20.971000,12702,12706,12702,1
2020-09-10,15:00:20.971000,12702,12706,12701,1
2020-09-10,15:00:21.637000,12701,12703,12701,3
2020-09-10,15:00:21.737000,12701,12702,12702,2
2020-09-10,15:00:21.831000,12701,12702,12702,1
2020-09-10,15:00:21.937000,12701,12702,12702,1
2020-09-10,15:00:22.143000,12701,12702,12701,1
2020-09-10,15:00:22.712000,12700,12702,12702,1
2020-09-10,15:00:22.918000,12700,12702,12702,1
2020-09-10,15:00:22.935000,12700,12702,12702,1
2020-09-10,15:00:23.199000,12700,12702,12702,1
2020-09-10,15:00:23.510000,12700,12702,12700,5
2020-09-10,15:00:23.846000,12699,12701,12701,1
2020-09-10,15:00:24.589000,12699,12700,12700,1
2020-09-10,15:00:24.830000,12699,12700,12700,1
2020-09-10,15:00:25.059000,12699,12700,12699,9
2020-09-10,15:00:25.331000,12697,12699,12699,1
2020-09-10,15:00:25.427000,12697,12699,12699,1
2020-09-10,15:00:25.711000,12697,12699,12699,1
2020-09-10,15:00:26.198000,12698,12699,12699,1
2020-09-10,15:00:26.635000,12698,12700,12698,4
2020-09-10,15:00:26.896000,12698,12700,12700,1
2020-09-10,15:00:28.125000,12697,12699,12699,1
2020-09-10,15:00:28.199000,12697,12699,12699,1
2020-09-10,15:00:28.200000,12697,12699,12700,1
2020-09-10,15:00:28.201000,12697,12699,12700,1
2020-09-10,15:00:28.201000,12697,12699,12700,1
2020-09-10,15:00:28.414000,12698,12700,12699,1
2020-09-10,15:00:29.198000,12698,12699,12699,1
2020-09-10,15:00:29.907000,12697,12699,12699,5
2020-09-10,15:00:29.950000,12698,12700,12700,1
2020-09-10,15:00:29.996000,12698,12700,12698,3
2020-09-10,15:00:30.014000,12698,12700,12697,2
2020-09-10,15:00:30.033000,12698,12700,12697,2
2020-09-10,15:00:30.130000,12697,12699,12699,1
2020-09-10,15:00:30.299000,12697,12699,12699,3
2020-09-10,15:00:30.520000,12697,12699,12697,1
2020-09-10,15:00:30.682000,12697,12699,12697,2
2020-09-10,15:00:31.088000,12697,12699,12699,1
2020-09-10,15:00:31.189000,12697,12699,12699,1
2020-09-10,15:00:32.235000,12699,12700,12699,3
2020-09-10,15:00:32.268000,12699,12700,12698,1
2020-09-10,15:00:32.288000,12699,12700,12697,2
2020-09-10,15:00:32.290000,12699,12700,12697,8
2020-09-10,15:00:32.595000,12697,12699,12697,6
2020-09-10,15:00:32.596000,12697,12699,12697,4
2020-09-10,15:00:32.811000,12697,12699,12699,1
2020-09-10,15:00:32.898000,12697,12699,12697,1
2020-09-10,15:00:34.885000,12698,12699,12699,1
2020-09-10,15:00:35.167000,12698,12699,12698,1
2020-09-10,15:00:36.233000,12698,12699,12699,4
2020-09-10,15:00:36.234000,12698,12699,12700,8
2020-09-10,15:00:36.276000,12698,12699,12701,1
2020-09-10,15:00:36.982000,12700,12701,12700,1
2020-09-10,15:00:36.982000,12700,12701,12700,4
2020-09-10,15:00:37.250000,12699,12701,12701,8
2020-09-10,15:00:37.250000,12699,12701,12701,11
2020-09-10,15:00:37.323000,12701,12702,12702,5
2020-09-10,15:00:37.324000,12701,12702,12703,1
2020-09-10,15:00:37.325000,12701,12702,12703,1
2020-09-10,15:00:37.325000,12701,12702,12703,1
2020-09-10,15:00:37.325000,12701,12702,12703,1
2020-09-10,15:00:37.325000,12701,12702,12703,1
2020-09-10,15:00:37.326000,12701,12702,12704,1
2020-09-10,15:00:37.326000,12701,12702,12704,1
2020-09-10,15:00:37.326000,12701,12702,12704,1
2020-09-10,15:00:37.326000,12701,12702,12704,1
2020-09-10,15:00:37.327000,12701,12702,12705,1
2020-09-10,15:00:37.327000,12701,12702,12705,1
2020-09-10,15:00:37.327000,12701,12702,12704,1
2020-09-10,15:00:37.328000,12701,12702,12705,1
2020-09-10,15:00:37.448000,12701,12703,12703,2
2020-09-10,15:00:37.521000,12701,12703,12701,4
2020-09-10,15:00:37.844000,12699,12701,12699,1
2020-09-10,15:00:38.252000,12699,12701,12699,1
2020-09-10,15:00:38.839000,12699,12701,12701,1
2020-09-10,15:00:39.327000,12699,12701,12700,2
2020-09-10,15:00:40.127000,12700,12701,12699,1
2020-09-10,15:00:40.502000,12700,12701,12701,1
2020-09-10,15:00:40.871000,12701,12702,12701,1
2020-09-10,15:00:41.666000,12699,12701,12699,1
2020-09-10,15:00:41.934000,12699,12700,12700,1
2020-09-10,15:00:41.934000,12699,12700,12701,2
2020-09-10,15:00:42.825000,12699,12700,12700,1
2020-09-10,15:00:42.826000,12699,12700,12700,1
2020-09-10,15:00:43.097000,12700,12701,12700,1
2020-09-10,15:00:44.479000,12699,12701,12699,1
2020-09-10,15:00:46.367000,12699,12700,12699,1
2020-09-10,15:00:46.800000,12699,12700,12700,1
2020-09-10,15:00:47.512000,12700,12701,12701,1
2020-09-10,15:00:48.596000,12700,12702,12701,1
2020-09-10,15:00:49.411000,12701,12702,12701,1
2020-09-10,15:00:49.991000,12701,12702,12701,1
2020-09-10,15:00:50.667000,12701,12703,12703,2
2020-09-10,15:00:51.288000,12702,12703,12702,1
2020-09-10,15:00:52.436000,12701,12702,12701,1
2020-09-10,15:00:52.436000,12701,12702,12700,1
2020-09-10,15:00:54.072000,12700,12701,12701,1
2020-09-10,15:00:54.135000,12700,12701,12701,1
2020-09-10,15:00:54.223000,12701,12702,12701,1
2020-09-10,15:00:55.009000,12701,12702,12702,6
2020-09-10,15:00:55.018000,12701,12702,12701,2
2020-09-10,15:00:55.018000,12701,12702,12701,1
2020-09-10,15:00:55.050000,12701,12702,12702,1
2020-09-10,15:00:55.052000,12701,12702,12703,1
2020-09-10,15:00:55.058000,12701,12702,12703,1
2020-09-10,15:00:55.151000,12702,12703,12703,1
2020-09-10,15:00:55.943000,12701,12703,12702,2
2020-09-10,15:00:56.531000,12702,12703,12702,1
2020-09-10,15:00:56.613000,12702,12703,12703,18
2020-09-10,15:00:56.613000,12702,12703,12704,7
2020-09-10,15:00:59.003000,12702,12704,12702,1
2020-09-10,15:00:59.078000,12702,12704,12702,6
2020-09-10,15:00:59.079000,12702,12704,12701,1
2020-09-10,15:00:59.215000,12701,12702,12702,1
2020-09-10,15:00:59.304000,12701,12702,12702,1
2020-09-10,15:00:59.419000,12701,12702,12703,3
2020-09-10,15:00:59.515000,12702,12704,12703,1
2020-09-10,15:00:59.746000,12702,12704,12704,1
2020-09-10,15:00:59.771000,12702,12704,12704,1
2020-09-10,15:00:59.780000,12702,12704,12704,1
2020-09-10,15:00:59.785000,12702,12704,12704,1
2020-09-10,15:00:59.788000,12702,12704,12704,1
2020-09-10,15:00:59.793000,12702,12704,12704,2
2020-09-10,15:00:59.793000,12702,12704,12704,11
2020-09-10,15:00:59.796000,12702,12704,12705,2
2020-09-10,15:00:59.877000,12704,12705,12705,1
2020-09-10,15:01:00.003000,12704,12705,12704,1
2020-09-10,15:01:00.026000,12704,12705,12703,2
2020-09-10,15:01:00.026000,12704,12705,12702,1
2020-09-10,15:01:00.055000,12704,12705,12704,1
2020-09-10,15:01:00.065000,12704,12705,12704,1
2020-09-10,15:01:00.069000,12704,12705,12705,2
2020-09-10,15:01:00.070000,12704,12705,12705,2
2020-09-10,15:01:00.102000,12704,12705,12704,1
2020-09-10,15:01:00.118000,12704,12705,12705,3
2020-09-10,15:01:00.164000,12704,12705,12705,1
2020-09-10,15:01:00.177000,12704,12705,12705,3
2020-09-10,15:01:00.177000,12704,12705,12705,9
2020-09-10,15:01:00.177000,12704,12705,12705,3
2020-09-10,15:01:00.177000,12704,12705,12705,7
2020-09-10,15:01:00.177000,12704,12705,12705,2
2020-09-10,15:01:00.178000,12704,12705,12704,2
2020-09-10,15:01:00.178000,12704,12705,12705,4
2020-09-10,15:01:00.187000,12704,12705,12706,1
2020-09-10,15:01:00.187000,12704,12705,12706,1
2020-09-10,15:01:00.188000,12704,12705,12706,1
2020-09-10,15:01:00.188000,12704,12705,12706,1
2020-09-10,15:01:00.188000,12704,12705,12706,1
2020-09-10,15:01:00.209000,12704,12706,12706,3
2020-09-10,15:01:00.339000,12703,12705,12705,1
2020-09-10,15:01:00.450000,12703,12705,12703,1
2020-09-10,15:01:00.778000,12703,12705,12705,1
2020-09-10,15:01:00.876000,12703,12705,12705,3
2020-09-10,15:01:00.876000,12703,12705,12705,2
2020-09-10,15:01:01.442000,12702,12704,12703,1
2020-09-10,15:01:02.308000,12702,12703,12703,1
2020-09-10,15:01:02.331000,12702,12704,12704,1
2020-09-10,15:01:02.373000,12702,12704,12703,1
2020-09-10,15:01:02.526000,12702,12704,12704,1
2020-09-10,15:01:03.438000,12702,12704,12704,4
2020-09-10,15:01:04.004000,12703,12704,12703,2
2020-09-10,15:01:04.362000,12703,12704,12704,1
2020-09-10,15:01:05.227000,12703,12704,12704,1
2020-09-10,15:01:05.524000,12703,12705,12704,1
2020-09-10,15:01:07.400000,12703,12704,12705,1
2020-09-10,15:01:07.514000,12703,12704,12703,1
2020-09-10,15:01:07.518000,12703,12704,12703,1
2020-09-10,15:01:07.854000,12703,12704,12704,1
2020-09-10,15:01:07.859000,12703,12704,12703,3
2020-09-10,15:01:08.021000,12702,12704,12703,1
2020-09-10,15:01:10.708000,12702,12703,12702,4
2020-09-10,15:01:11.061000,12701,12703,12703,3
2020-09-10,15:01:11.061000,12701,12703,12704,6
2020-09-10,15:01:12.496000,12701,12703,12703,1
2020-09-10,15:01:13.079000,12701,12702,12702,1
2020-09-10,15:01:13.596000,12702,12703,12702,1
2020-09-10,15:01:13.867000,12701,12702,12701,3
2020-09-10,15:01:14.991000,12700,12701,12700,1
2020-09-10,15:01:16.453000,12700,12701,12700,37
2020-09-10,15:01:16.454000,12700,12701,12699,20
2020-09-10,15:01:16.455000,12700,12701,12700,1
2020-09-10,15:01:16.830000,12698,12700,12700,1
2020-09-10,15:01:16.909000,12698,12700,12701,1
2020-09-10,15:01:17.203000,12699,12700,12700,1
2020-09-10,15:01:17.982000,12699,12701,12701,1
2020-09-10,15:01:20.828000,12700,12701,12700,1
2020-09-10,15:01:21.430000,12699,12701,12701,3
2020-09-10,15:01:21.924000,12700,12702,12700,5
2020-09-10,15:01:22.868000,12700,12701,12700,16
2020-09-10,15:01:23.038000,12699,12700,12700,1
2020-09-10,15:01:23.135000,12699,12700,12699,11
2020-09-10,15:01:23.254000,12698,12699,12698,1
2020-09-10,15:01:23.402000,12698,12699,12698,19
2020-09-10,15:01:23.404000,12698,12699,12698,21
2020-09-10,15:01:23.543000,12698,12700,12700,1
2020-09-10,15:01:23.971000,12698,12700,12700,14
2020-09-10,15:01:24.185000,12700,12701,12700,8
2020-09-10,15:01:25.208000,12698,12699,12698,3
2020-09-10,15:01:25.209000,12698,12699,12698,2
2020-09-10,15:01:25.243000,12698,12699,12698,1
2020-09-10,15:01:25.347000,12697,12698,12698,5
2020-09-10,15:01:26.219000,12697,12698,12698,1
2020-09-10,15:01:26.402000,12697,12698,12698,2
2020-09-10,15:01:26.708000,12697,12699,12699,1
2020-09-10,15:01:27.455000,12697,12698,12698,1
2020-09-10,15:01:28.071000,12697,12698,12697,3
2020-09-10,15:01:28.071000,12697,12698,12697,19
2020-09-10,15:01:28.094000,12696,12697,12696,3
2020-09-10,15:01:28.554000,12696,12697,12697,1
2020-09-10,15:01:28.979000,12696,12697,12697,4
2020-09-10,15:01:28.979000,12696,12697,12698,9
2020-09-10,15:01:28.979000,12696,12697,12698,2
2020-09-10,15:01:29.122000,12696,12697,12697,1
2020-09-10,15:01:29.219000,12696,12697,12697,1
2020-09-10,15:01:29.306000,12696,12697,12696,1
2020-09-10,15:01:29.396000,12696,12698,12696,2
2020-09-10,15:01:29.742000,12696,12697,12697,1
2020-09-10,15:01:29.999000,12696,12698,12696,1
2020-09-10,15:01:30.154000,12696,12698,12698,1
2020-09-10,15:01:31.202000,12696,12697,12696,1
2020-09-10,15:01:31.290000,12696,12697,12696,1
2020-09-10,15:01:31.480000,12695,12697,12695,2
2020-09-10,15:01:31.491000,12695,12697,12695,2
2020-09-10,15:01:31.518000,12695,12697,12695,1
2020-09-10,15:01:31.563000,12695,12697,12697,1
2020-09-10,15:01:32.633000,12696,12698,12696,1
2020-09-10,15:01:32.868000,12696,12697,12696,4
2020-09-10,15:01:33.086000,12695,12696,12696,1
2020-09-10,15:01:33.830000,12695,12696,12695,11
2020-09-10,15:01:33.830000,12695,12696,12694,11
2020-09-10,15:01:33.830000,12695,12696,12693,3
2020-09-10,15:01:34.110000,12693,12695,12695,1
2020-09-10,15:01:34.195000,12693,12695,12696,1
2020-09-10,15:01:34.314000,12694,12696,12694,2
2020-09-10,15:01:34.335000,12694,12695,12694,1
2020-09-10,15:01:34.482000,12693,12695,12695,1
2020-09-10,15:01:34.795000,12693,12695,12695,1
2020-09-10,15:01:35.389000,12693,12695,12694,1
2020-09-10,15:01:35.489000,12693,12695,12694,1
2020-09-10,15:01:36.987000,12693,12694,12694,1
2020-09-10,15:01:39.839000,12693,12694,12694,1
2020-09-10,15:01:40.005000,12693,12694,12694,5
2020-09-10,15:01:40.054000,12693,12694,12693,1
2020-09-10,15:01:40.618000,12693,12694,12694,2
2020-09-10,15:01:40.618000,12693,12694,12694,2
2020-09-10,15:01:40.821000,12693,12694,12693,1
2020-09-10,15:01:41.549000,12693,12694,12694,2
2020-09-10,15:01:42.452000,12693,12694,12694,1
2020-09-10,15:01:43.843000,12693,12694,12694,1
2020-09-10,15:01:44.234000,12693,12694,12693,2
2020-09-10,15:01:44.448000,12693,12694,12694,2
2020-09-10,15:01:44.448000,12693,12694,12694,2
2020-09-10,15:01:45.215000,12693,12694,12694,2
2020-09-10,15:01:45.216000,12693,12694,12694,2
2020-09-10,15:01:45.551000,12694,12695,12694,2
2020-09-10,15:01:46.217000,12693,12695,12695,2
2020-09-10,15:01:46.321000,12693,12695,12694,3
2020-09-10,15:01:47.100000,12694,12696,12694,1
2020-09-10,15:01:48.473000,12694,12696,12695,1
2020-09-10,15:01:48.736000,12694,12696,12694,1
2020-09-10,15:01:49.313000,12694,12695,12694,1
2020-09-10,15:01:51.383000,12694,12695,12695,1
2020-09-10,15:01:51.573000,12694,12695,12695,3
2020-09-10,15:01:51.771000,12694,12695,12694,1
2020-09-10,15:01:51.823000,12694,12695,12695,1
2020-09-10,15:01:52.320000,12695,12696,12695,1
2020-09-10,15:01:53.934000,12694,12696,12696,1
2020-09-10,15:01:54.654000,12694,12695,12695,3
2020-09-10,15:01:54.735000,12695,12696,12695,2
2020-09-10,15:01:55.276000,12695,12696,12695,1
2020-09-10,15:01:55.276000,12695,12696,12695,1
2020-09-10,15:01:56.043000,12694,12695,12695,1
2020-09-10,15:01:56.066000,12694,12695,12695,3
2020-09-10,15:01:56.550000,12694,12696,12696,1
2020-09-10,15:01:57.808000,12694,12695,12695,1
2020-09-10,15:01:58.674000,12694,12695,12695,1
2020-09-10,15:01:59.082000,12694,12696,12694,1
2020-09-10,15:01:59.537000,12694,12695,12695,2
2020-09-10,15:02:00.035000,12695,12696,12695,1
2020-09-10,15:02:00.091000,12694,12695,12694,1
2020-09-10,15:02:00.322000,12694,12695,12695,1
2020-09-10,15:02:01.099000,12695,12696,12695,1
2020-09-10,15:02:01.247000,12695,12696,12695,1
2020-09-10,15:02:01.250000,12695,12696,12695,1
2020-09-10,15:02:01.298000,12695,12696,12694,1
2020-09-10,15:02:02.367000,12695,12696,12695,1
2020-09-10,15:02:03.280000,12695,12696,12695,5
2020-09-10,15:02:03.538000,12695,12696,12695,2
2020-09-10,15:02:03.538000,12695,12696,12694,17
2020-09-10,15:02:04.841000,12693,12694,12694,1
2020-09-10,15:02:05.033000,12693,12694,12694,1
2020-09-10,15:02:05.816000,12693,12694,12694,1
2020-09-10,15:02:05.816000,12693,12694,12694,3
2020-09-10,15:02:05.823000,12694,12695,12695,4
2020-09-10,15:02:06.363000,12694,12696,12694,1
2020-09-10,15:02:06.485000,12694,12696,12695,1
2020-09-10,15:02:06.920000,12695,12696,12695,1
2020-09-10,15:02:06.920000,12695,12696,12694,4
2020-09-10,15:02:07.682000,12695,12696,12695,1
2020-09-10,15:02:08.004000,12695,12696,12696,17
2020-09-10,15:02:08.004000,12695,12696,12696,7
2020-09-10,15:02:08.004000,12695,12696,12696,3
2020-09-10,15:02:08.004000,12695,12696,12696,9
2020-09-10,15:02:08.014000,12695,12696,12697,4
2020-09-10,15:02:09.198000,12695,12696,12696,1
2020-09-10,15:02:10.028000,12695,12697,12696,1
2020-09-10,15:02:11.073000,12695,12696,12696,1
2020-09-10,15:02:11.597000,12695,12697,12695,1
2020-09-10,15:02:12.168000,12695,12697,12696,1
2020-09-10,15:02:13.236000,12695,12697,12695,1
2020-09-10,15:02:13.907000,12695,12697,12697,2
2020-09-10,15:02:15.363000,12696,12697,12696,1
2020-09-10,15:02:16.783000,12695,12697,12695,1
2020-09-10,15:02:17.595000,12695,12697,12697,5
2020-09-10,15:02:18.688000,12696,12698,12696,1
2020-09-10,15:02:19.960000,12696,12698,12698,1
2020-09-10,15:02:22.499000,12697,12698,12698,2
2020-09-10,15:02:24.177000,12697,12698,12697,1
2020-09-10,15:02:25.788000,12696,12697,12696,8
2020-09-10,15:02:25.941000,12695,12697,12697,1
2020-09-10,15:02:26.365000,12695,12697,12697,1
2020-09-10,15:02:28.044000,12695,12696,12696,1
2020-09-10,15:02:28.436000,12695,12697,12695,1
2020-09-10,15:02:28.768000,12695,12696,12695,10
2020-09-10,15:02:30.306000,12694,12695,12694,1
2020-09-10,15:02:30.306000,12694,12695,12694,10
2020-09-10,15:02:31.588000,12693,12694,12694,1
2020-09-10,15:02:31.780000,12693,12695,12693,2
2020-09-10,15:02:32.788000,12693,12695,12693,1
2020-09-10,15:02:32.789000,12693,12695,12693,10
2020-09-10,15:02:32.789000,12693,12695,12693,2
2020-09-10,15:02:32.789000,12693,12695,12693,2
2020-09-10,15:02:32.789000,12693,12695,12693,4
2020-09-10,15:02:32.789000,12693,12695,12693,1
2020-09-10,15:02:33.043000,12692,12693,12692,1
2020-09-10,15:02:33.303000,12692,12693,12692,1
2020-09-10,15:02:34.640000,12692,12693,12692,2
2020-09-10,15:02:35.697000,12692,12693,12692,11
2020-09-10,15:02:37.332000,12691,12692,12691,4
2020-09-10,15:02:37.332000,12691,12692,12691,4
2020-09-10,15:02:37.333000,12691,12692,12691,5
2020-09-10,15:02:37.333000,12691,12692,12691,3
2020-09-10,15:02:37.333000,12691,12692,12691,1
2020-09-10,15:02:37.556000,12691,12692,12691,1
2020-09-10,15:02:37.577000,12691,12692,12691,1
2020-09-10,15:02:37.584000,12691,12692,12691,1
2020-09-10,15:02:38.511000,12690,12691,12690,1
2020-09-10,15:02:38.570000,12690,12691,12690,1
2020-09-10,15:02:38.630000,12690,12691,12690,1
2020-09-10,15:02:38.712000,12690,12691,12690,1
2020-09-10,15:02:39.387000,12690,12691,12690,6
2020-09-10,15:02:42.313000,12689,12690,12690,2
2020-09-10,15:02:42.323000,12689,12690,12690,1
2020-09-10,15:02:43.052000,12689,12690,12690,3
2020-09-10,15:02:43.365000,12689,12691,12691,1
2020-09-10,15:02:46.509000,12690,12691,12690,10
2020-09-10,15:02:46.847000,12689,12691,12689,1
2020-09-10,15:02:47.020000,12689,12691,12689,1
2020-09-10,15:02:48.028000,12690,12691,12690,2
2020-09-10,15:02:48.123000,12689,12690,12689,2
2020-09-10,15:02:48.177000,12689,12690,12690,1
2020-09-10,15:02:49.353000,12689,12690,12689,2
2020-09-10,15:02:49.687000,12688,12689,12688,1
2020-09-10,15:02:49.910000,12688,12690,12690,1
2020-09-10,15:02:50.626000,12689,12690,12689,1
2020-09-10,15:02:51.334000,12688,12690,12688,3
2020-09-10,15:02:51.719000,12688,12689,12688,25
2020-09-10,15:02:52.626000,12687,12688,12687,1
2020-09-10,15:02:52.666000,12687,12688,12687,4
2020-09-10,15:02:52.898000,12687,12689,12687,7
2020-09-10,15:02:52.981000,12687,12688,12687,2
2020-09-10,15:02:53,12687,12688,12686,1
2020-09-10,15:02:53.099000,12686,12688,12686,1
2020-09-10,15:02:53.382000,12686,12688,12687,1
2020-09-10,15:02:53.426000,12686,12688,12687,1
2020-09-10,15:02:53.488000,12687,12689,12687,1
2020-09-10,15:02:55.019000,12687,12688,12688,1
2020-09-10,15:02:55.019000,12687,12688,12688,2
2020-09-10,15:02:55.255000,12688,12689,12689,1
2020-09-10,15:02:55.757000,12688,12689,12689,1
2020-09-10,15:02:56.367000,12689,12690,12690,4
2020-09-10,15:02:56.740000,12690,12691,12690,1
2020-09-10,15:02:56.794000,12690,12691,12690,1
2020-09-10,15:02:57.115000,12689,12690,12689,5
2020-09-10,15:02:57.354000,12689,12690,12690,1
2020-09-10,15:02:57.773000,12689,12690,12689,1
2020-09-10,15:02:57.957000,12688,12689,12688,5
2020-09-10,15:02:58.385000,12688,12689,12689,4
2020-09-10,15:02:58.386000,12688,12689,12689,1
2020-09-10,15:02:59.704000,12689,12690,12689,1
2020-09-10,15:02:59.922000,12689,12690,12690,4
2020-09-10,15:03:00.208000,12690,12691,12690,2
2020-09-10,15:03:00.305000,12690,12691,12691,1
2020-09-10,15:03:00.340000,12689,12691,12689,1
2020-09-10,15:03:00.531000,12690,12691,12690,1
2020-09-10,15:03:00.978000,12689,12691,12689,1
2020-09-10,15:03:01.027000,12689,12691,12689,1
2020-09-10,15:03:01.041000,12689,12691,12689,1
2020-09-10,15:03:02.157000,12688,12690,12688,1
2020-09-10,15:03:02.426000,12688,12690,12688,1
2020-09-10,15:03:02.486000,12688,12690,12688,7
2020-09-10,15:03:02.812000,12688,12689,12689,1
2020-09-10,15:03:03.811000,12688,12689,12689,1
2020-09-10,15:03:04.316000,12688,12689,12688,4
2020-09-10,15:03:05.164000,12687,12688,12687,1
2020-09-10,15:03:05.319000,12687,12688,12687,2
2020-09-10,15:03:05.321000,12687,12688,12687,1
2020-09-10,15:03:05.321000,12687,12688,12687,2
2020-09-10,15:03:05.326000,12687,12688,12688,1
2020-09-10,15:03:05.397000,12687,12688,12688,1
2020-09-10,15:03:05.461000,12687,12688,12687,1
2020-09-10,15:03:05.472000,12687,12688,12688,1
2020-09-10,15:03:05.639000,12687,12689,12687,1
2020-09-10,15:03:06.397000,12686,12687,12687,1
2020-09-10,15:03:06.988000,12687,12688,12687,1
2020-09-10,15:03:07.050000,12687,12688,12687,1
2020-09-10,15:03:07.081000,12687,12688,12688,1
2020-09-10,15:03:08.329000,12687,12688,12687,1
2020-09-10,15:03:09.011000,12687,12688,12688,5
2020-09-10,15:03:10.304000,12688,12689,12688,2
2020-09-10,15:03:10.324000,12687,12688,12688,3
2020-09-10,15:03:13.019000,12688,12689,12688,1
2020-09-10,15:03:13.323000,12688,12689,12689,1
2020-09-10,15:03:15.327000,12689,12690,12690,3
2020-09-10,15:03:15.972000,12689,12691,12690,1
2020-09-10,15:03:16.118000,12689,12691,12691,1
2020-09-10,15:03:18.879000,12690,12691,12691,10
2020-09-10,15:03:18.879000,12690,12691,12692,14
2020-09-10,15:03:18.880000,12690,12691,12692,1
2020-09-10,15:03:18.916000,12690,12691,12692,1
2020-09-10,15:03:19.123000,12692,12693,12693,1
2020-09-10,15:03:19.254000,12692,12693,12693,1
2020-09-10,15:03:20.711000,12692,12693,12693,2
2020-09-10,15:03:23.873000,12692,12693,12692,1
2020-09-10,15:03:25.412000,12692,12693,12692,1
2020-09-10,15:03:27.197000,12691,12693,12691,2
2020-09-10,15:03:29.723000,12692,12693,12692,1
2020-09-10,15:03:30.210000,12692,12693,12693,12
2020-09-10,15:03:32.524000,12693,12694,12694,1
2020-09-10,15:03:35.019000,12693,12694,12694,2
2020-09-10,15:03:37.286000,12693,12694,12694,2
2020-09-10,15:03:37.518000,12693,12695,12695,1
2020-09-10,15:03:37.637000,12693,12695,12695,1
2020-09-10,15:03:37.709000,12693,12695,12695,2
2020-09-10,15:03:38.126000,12694,12695,12695,5
2020-09-10,15:03:38.137000,12694,12695,12695,4
2020-09-10,15:03:38.205000,12694,12695,12694,1
2020-09-10,15:03:38.465000,12693,12694,12694,1
2020-09-10,15:03:40.828000,12694,12695,12695,3
2020-09-10,15:03:40.917000,12694,12695,12694,2
2020-09-10,15:03:42.030000,12693,12694,12694,1
2020-09-10,15:03:44.318000,12693,12694,12693,1
2020-09-10,15:03:44.799000,12692,12693,12693,1
2020-09-10,15:03:45.341000,12692,12693,12693,1
2020-09-10,15:03:45.726000,12692,12693,12693,1
2020-09-10,15:03:46.312000,12692,12693,12693,1
2020-09-10,15:03:51.952000,12693,12694,12693,1
2020-09-10,15:03:53.547000,12692,12693,12693,1
2020-09-10,15:03:58.032000,12693,12694,12693,1
2020-09-10,15:03:59.684000,12693,12694,12693,1
2020-09-10,15:04:00.530000,12692,12693,12693,2
2020-09-10,15:04:00.591000,12692,12694,12692,1
2020-09-10,15:04:00.688000,12692,12694,12692,1
2020-09-10,15:04:02.162000,12692,12693,12692,2
2020-09-10,15:04:03.887000,12691,12693,12693,1
2020-09-10,15:04:03.924000,12691,12693,12693,2
2020-09-10,15:04:04.837000,12691,12693,12691,2
2020-09-10,15:04:05.841000,12692,12693,12693,2
2020-09-10,15:04:06.235000,12692,12693,12693,2
2020-09-10,15:04:06.659000,12692,12694,12693,1
2020-09-10,15:04:06.840000,12692,12694,12692,2
2020-09-10,15:04:07.848000,12693,12694,12694,2
2020-09-10,15:04:07.890000,12693,12694,12694,3
2020-09-10,15:04:07.890000,12693,12694,12694,14
2020-09-10,15:04:07.967000,12694,12695,12694,1
2020-09-10,15:04:08.854000,12694,12695,12694,2
2020-09-10,15:04:09.849000,12694,12695,12695,1
2020-09-10,15:04:09.849000,12694,12695,12696,1
2020-09-10,15:04:11.848000,12694,12696,12694,2
2020-09-10,15:04:12.993000,12694,12695,12694,5
2020-09-10,15:04:13.263000,12693,12695,12695,2
2020-09-10,15:04:15.159000,12694,12696,12694,2
2020-09-10,15:04:17.071000,12695,12696,12696,2
2020-09-10,15:04:18.948000,12695,12696,12695,2
2020-09-10,15:04:21.729000,12693,12695,12695,2
2020-09-10,15:04:22.588000,12694,12695,12695,1
2020-09-10,15:04:22.903000,12694,12696,12694,2
2020-09-10,15:04:23.847000,12694,12695,12695,2
2020-09-10,15:04:24.489000,12694,12696,12696,17
2020-09-10,15:04:24.920000,12696,12697,12696,2
2020-09-10,15:04:25.451000,12696,12697,12696,1
2020-09-10,15:04:25.672000,12696,12697,12696,1
2020-09-10,15:04:26.225000,12696,12697,12697,1
2020-09-10,15:04:26.554000,12696,12697,12697,2
2020-09-10,15:04:26.554000,12696,12697,12698,5
2020-09-10,15:04:26.696000,12696,12698,12698,5
2020-09-10,15:04:26.743000,12697,12698,12697,1
2020-09-10,15:04:30.253000,12696,12697,12696,5
2020-09-10,15:04:32.765000,12694,12696,12694,2
2020-09-10,15:04:37.311000,12694,12695,12695,1
2020-09-10,15:04:41.855000,12694,12696,12696,1
2020-09-10,15:04:42.464000,12694,12695,12695,1
2020-09-10,15:04:43.579000,12694,12695,12695,1
2020-09-10,15:04:44.442000,12695,12696,12695,2
2020-09-10,15:04:44.826000,12694,12695,12695,1
2020-09-10,15:04:47.670000,12695,12696,12695,1
2020-09-10,15:04:47.891000,12695,12696,12695,1
2020-09-10,15:04:49.284000,12695,12696,12696,1
2020-09-10,15:04:51.229000,12695,12696,12695,2
2020-09-10,15:04:52.852000,12695,12696,12696,1
2020-09-10,15:04:52.907000,12695,12696,12695,4
2020-09-10,15:04:56.253000,12696,12697,12697,1
2020-09-10,15:04:57.081000,12696,12697,12697,1
2020-09-10,15:04:57.082000,12696,12697,12697,2
2020-09-10,15:04:57.082000,12696,12697,12697,2
2020-09-10,15:04:58.433000,12696,12698,12696,1
2020-09-10,15:05:01.628000,12696,12698,12698,1
2020-09-10,15:05:01.877000,12697,12698,12697,1
2020-09-10,15:05:02.761000,12697,12698,12697,3
2020-09-10,15:05:03.147000,12697,12698,12698,1
2020-09-10,15:05:04.823000,12697,12698,12697,1
2020-09-10,15:05:05.204000,12697,12698,12698,1
2020-09-10,15:05:06.846000,12697,12698,12697,6
2020-09-10,15:05:07.483000,12696,12697,12696,1
2020-09-10,15:05:07.483000,12696,12697,12696,2
2020-09-10,15:05:07.483000,12696,12697,12696,4
2020-09-10,15:05:07.484000,12696,12697,12696,4
2020-09-10,15:05:07.830000,12695,12696,12695,1
2020-09-10,15:05:07.877000,12695,12696,12696,1
2020-09-10,15:05:07.891000,12695,12696,12695,1
2020-09-10,15:05:08.422000,12695,12696,12696,1
2020-09-10,15:05:10.954000,12695,12696,12695,5
2020-09-10,15:05:13.982000,12695,12696,12696,2
2020-09-10,15:05:17.460000,12695,12696,12696,5
2020-09-10,15:05:17.460000,12695,12696,12696,5
2020-09-10,15:05:17.923000,12696,12697,12696,2
2020-09-10,15:05:18.018000,12696,12697,12696,1
2020-09-10,15:05:21.977000,12696,12697,12696,1
2020-09-10,15:05:25.280000,12696,12697,12697,1
2020-09-10,15:05:25.286000,12696,12697,12696,1
2020-09-10,15:05:38.552000,12696,12697,12696,1
2020-09-10,15:05:39.129000,12696,12697,12696,7
2020-09-10,15:05:39.199000,12695,12696,12695,1
2020-09-10,15:05:39.200000,12695,12696,12695,1
2020-09-10,15:05:39.200000,12695,12696,12694,1
2020-09-10,15:05:39.200000,12695,12696,12694,1
2020-09-10,15:05:39.201000,12695,12696,12694,1
2020-09-10,15:05:39.201000,12695,12696,12694,1
2020-09-10,15:05:39.201000,12695,12696,12694,1
2020-09-10,15:05:39.201000,12695,12696,12694,1
2020-09-10,15:05:39.201000,12695,12696,12694,1
2020-09-10,15:05:39.201000,12695,12696,12694,1
2020-09-10,15:05:39.201000,12695,12696,12694,1
2020-09-10,15:05:39.202000,12695,12696,12694,1
2020-09-10,15:05:40.080000,12694,12696,12696,2
2020-09-10,15:05:42.048000,12694,12695,12694,1
2020-09-10,15:05:43.484000,12694,12696,12694,1
2020-09-10,15:05:43.566000,12694,12696,12694,1
2020-09-10,15:05:44.315000,12694,12696,12694,1
2020-09-10,15:05:47.873000,12695,12696,12695,1
2020-09-10,15:05:48.881000,12695,12696,12696,1
2020-09-10,15:05:48.881000,12695,12696,12696,3
2020-09-10,15:05:49.246000,12696,12697,12696,1
2020-09-10,15:05:50.257000,12696,12697,12697,1
2020-09-10,15:05:50.257000,12696,12697,12697,5
2020-09-10,15:05:50.809000,12696,12698,12698,1
2020-09-10,15:05:52.442000,12696,12698,12696,1
2020-09-10,15:05:53.420000,12696,12698,12696,1
2020-09-10,15:05:57.196000,12696,12697,12697,1
2020-09-10,15:06:00.029000,12697,12698,12698,1
2020-09-10,15:06:00.034000,12697,12698,12698,1
2020-09-10,15:06:00.043000,12697,12698,12698,1
2020-09-10,15:06:00.052000,12697,12698,12698,1
2020-09-10,15:06:00.067000,12697,12698,12698,1
2020-09-10,15:06:00.078000,12697,12698,12698,1
2020-09-10,15:06:00.098000,12697,12698,12698,1
2020-09-10,15:06:00.110000,12697,12698,12698,2
2020-09-10,15:06:00.122000,12697,12698,12698,2
2020-09-10,15:06:00.157000,12697,12698,12698,1
2020-09-10,15:06:00.214000,12697,12698,12697,1
2020-09-10,15:06:03.813000,12696,12697,12696,1
2020-09-10,15:06:03.814000,12696,12697,12696,2
2020-09-10,15:06:04.376000,12696,12697,12696,1
2020-09-10,15:06:07.611000,12695,12696,12695,1
2020-09-10,15:06:07.709000,12695,12696,12695,1
2020-09-10,15:06:07.721000,12695,12696,12694,4
2020-09-10,15:06:09.560000,12694,12695,12694,1
2020-09-10,15:06:12.730000,12694,12695,12695,2
2020-09-10,15:06:18.949000,12695,12696,12696,1
2020-09-10,15:06:19.955000,12695,12696,12695,2
2020-09-10,15:06:23.495000,12695,12696,12696,1
2020-09-10,15:06:23.495000,12695,12696,12696,2
2020-09-10,15:06:23.495000,12695,12696,12696,10
2020-09-10,15:06:23.859000,12696,12697,12696,3
2020-09-10,15:06:30.827000,12695,12696,12696,1
2020-09-10,15:06:35.437000,12695,12696,12696,1
2020-09-10,15:06:35.920000,12695,12697,12695,1
2020-09-10,15:06:40.790000,12695,12697,12695,5
2020-09-10,15:06:41.587000,12695,12696,12696,2
2020-09-10,15:06:42.704000,12695,12696,12695,1
2020-09-10,15:06:43.437000,12694,12696,12696,1
2020-09-10,15:06:47.425000,12695,12697,12695,1
2020-09-10,15:06:48.927000,12696,12697,12697,2
2020-09-10,15:06:50.029000,12696,12697,12697,2
2020-09-10,15:06:50.527000,12696,12697,12697,1
2020-09-10,15:06:54.082000,12696,12697,12696,1
2020-09-10,15:06:55.887000,12696,12697,12697,5
2020-09-10,15:06:57.158000,12697,12698,12697,1
2020-09-10,15:06:58.633000,12697,12698,12697,1
2020-09-10,15:07:01.968000,12696,12698,12697,1
2020-09-10,15:07:02.222000,12696,12698,12696,1
2020-09-10,15:07:06.641000,12696,12697,12696,2
2020-09-10,15:07:12.102000,12697,12698,12697,1
2020-09-10,15:07:13.641000,12696,12698,12697,1
2020-09-10,15:07:14.847000,12697,12698,12697,1
2020-09-10,15:07:15.325000,12697,12698,12698,3
2020-09-10,15:07:15.325000,12697,12698,12698,1
2020-09-10,15:07:15.325000,12697,12698,12698,9
2020-09-10,15:07:18.166000,12698,12699,12699,3
2020-09-10,15:07:18.643000,12698,12699,12699,12
2020-09-10,15:07:18.644000,12698,12699,12699,9
2020-09-10,15:07:19.892000,12699,12700,12700,27
2020-09-10,15:07:20.098000,12700,12701,12701,1
2020-09-10,15:07:20.109000,12700,12701,12701,2
2020-09-10,15:07:20.113000,12700,12701,12701,1
2020-09-10,15:07:20.233000,12701,12702,12702,1
2020-09-10,15:07:20.604000,12701,12702,12702,1
2020-09-10,15:07:21.428000,12700,12702,12700,1
2020-09-10,15:07:23.407000,12701,12702,12702,2
2020-09-10,15:07:23.507000,12701,12702,12702,1
2020-09-10,15:07:24.597000,12700,12702,12702,3
2020-09-10,15:07:25.944000,12700,12702,12702,2
2020-09-10,15:07:26.479000,12701,12702,12702,1
2020-09-10,15:07:26.650000,12701,12702,12702,1
2020-09-10,15:07:26.866000,12701,12702,12702,1
2020-09-10,15:07:27,12701,12702,12702,1
2020-09-10,15:07:27.187000,12701,12702,12702,1
2020-09-10,15:07:28.795000,12700,12702,12702,1
2020-09-10,15:07:29.444000,12700,12702,12700,5
2020-09-10,15:07:30.453000,12700,12701,12701,3
2020-09-10,15:07:31.355000,12700,12701,12701,1
2020-09-10,15:07:32.416000,12700,12701,12701,1
2020-09-10,15:07:33.729000,12700,12702,12700,1
2020-09-10,15:07:34.338000,12700,12702,12700,1
2020-09-10,15:07:36.932000,12701,12702,12701,1
2020-09-10,15:07:37.033000,12701,12702,12702,1
2020-09-10,15:07:37.304000,12701,12702,12701,1
2020-09-10,15:07:37.856000,12700,12702,12702,1
2020-09-10,15:07:38.876000,12700,12701,12701,1
2020-09-10,15:07:39.260000,12700,12702,12702,1
2020-09-10,15:07:39.912000,12700,12702,12702,1
2020-09-10,15:07:40.292000,12700,12702,12702,1
2020-09-10,15:07:40.614000,12700,12702,12702,1
2020-09-10,15:07:41.572000,12700,12701,12701,1
2020-09-10,15:07:43.486000,12701,12702,12702,1
2020-09-10,15:07:47.288000,12701,12702,12702,2
2020-09-10,15:07:47.339000,12701,12702,12701,1
2020-09-10,15:07:47.818000,12701,12702,12702,2
2020-09-10,15:07:49.121000,12701,12702,12702,1
2020-09-10,15:07:51.430000,12701,12702,12701,2
2020-09-10,15:07:51.713000,12700,12701,12701,2
2020-09-10,15:07:54.515000,12701,12702,12701,1
2020-09-10,15:07:57.277000,12701,12702,12702,2
2020-09-10,15:07:58.930000,12701,12702,12701,1
2020-09-10,15:07:59.838000,12700,12701,12700,5
2020-09-10,15:08:00.206000,12700,12701,12701,4
2020-09-10,15:08:00.540000,12700,12701,12700,1
2020-09-10,15:08:02.699000,12700,12701,12701,1
2020-09-10,15:08:03.990000,12700,12701,12700,1
2020-09-10,15:08:04.410000,12700,12701,12700,23
2020-09-10,15:08:05.423000,12699,12700,12699,2
2020-09-10,15:08:06.136000,12698,12699,12699,2
2020-09-10,15:08:06.136000,12698,12699,12700,1
2020-09-10,15:08:07.986000,12698,12699,12699,1
2020-09-10,15:08:08.079000,12698,12700,12698,3
2020-09-10,15:08:08.114000,12698,12700,12697,1
2020-09-10,15:08:08.589000,12698,12699,12698,1
2020-09-10,15:08:10.370000,12698,12699,12698,1
2020-09-10,15:08:11.707000,12698,12699,12699,1
2020-09-10,15:08:13.292000,12699,12700,12700,3
2020-09-10,15:08:13.292000,12699,12700,12700,1
2020-09-10,15:08:13.821000,12699,12701,12700,1
2020-09-10,15:08:14.512000,12699,12700,12699,2
2020-09-10,15:08:22.552000,12699,12700,12699,1
2020-09-10,15:08:28.111000,12699,12700,12700,1
2020-09-10,15:08:28.399000,12699,12700,12700,1
2020-09-10,15:08:28.555000,12700,12701,12700,2
2020-09-10,15:08:29.092000,12699,12700,12699,2
2020-09-10,15:08:30.685000,12699,12700,12700,1
2020-09-10,15:08:30.685000,12699,12700,12700,1
2020-09-10,15:08:30.699000,12700,12701,12700,2
2020-09-10,15:08:35.837000,12700,12701,12700,1
2020-09-10,15:08:37.278000,12699,12700,12700,1
2020-09-10,15:08:39.582000,12699,12700,12700,1
2020-09-10,15:08:42.215000,12700,12701,12701,1
2020-09-10,15:08:43.845000,12700,12701,12700,1
2020-09-10,15:08:44.412000,12699,12701,12701,3
2020-09-10,15:08:44.478000,12700,12701,12700,2
2020-09-10,15:08:46.966000,12700,12701,12701,1
2020-09-10,15:08:46.967000,12700,12701,12701,1
2020-09-10,15:08:49.942000,12701,12702,12701,1
2020-09-10,15:08:49.984000,12701,12702,12701,1
2020-09-10,15:08:50.711000,12701,12702,12701,1
2020-09-10,15:08:51.867000,12700,12701,12701,1
2020-09-10,15:08:53.620000,12700,12701,12701,1
2020-09-10,15:08:57.608000,12701,12702,12701,2
2020-09-10,15:08:58.981000,12701,12702,12702,1
2020-09-10,15:08:58.981000,12701,12702,12702,9
2020-09-10,15:09:00.291000,12702,12703,12703,2
2020-09-10,15:09:00.292000,12702,12703,12703,11
2020-09-10,15:09:02.943000,12702,12703,12702,1
2020-09-10,15:09:03.003000,12701,12702,12702,1
2020-09-10,15:09:09.051000,12702,12703,12703,1
2020-09-10,15:09:11.862000,12702,12703,12702,1
2020-09-10,15:09:14.013000,12702,12703,12703,14
2020-09-10,15:09:16.266000,12703,12704,12704,1
2020-09-10,15:09:17.918000,12703,12704,12703,2
2020-09-10,15:09:18.425000,12703,12704,12703,3
2020-09-10,15:09:19.213000,12702,12703,12703,1
2020-09-10,15:09:21.002000,12702,12703,12703,1
2020-09-10,15:09:23.205000,12702,12703,12703,1
2020-09-10,15:09:24.867000,12703,12704,12703,1
2020-09-10,15:09:25.935000,12703,12704,12704,1
2020-09-10,15:09:29.179000,12703,12704,12704,1
2020-09-10,15:09:31.430000,12703,12704,12703,2
2020-09-10,15:09:32.980000,12702,12703,12703,1
2020-09-10,15:09:33.513000,12702,12703,12703,1
2020-09-10,15:09:33.613000,12702,12703,12703,3
2020-09-10,15:09:37.411000,12702,12703,12702,1
2020-09-10,15:09:37.761000,12702,12703,12702,3
2020-09-10,15:09:41.368000,12702,12703,12702,9
2020-09-10,15:09:41.465000,12701,12702,12702,3
2020-09-10,15:09:42.134000,12701,12702,12702,2
2020-09-10,15:09:49.577000,12702,12703,12703,2
2020-09-10,15:09:54.576000,12702,12703,12703,2
2020-09-10,15:09:56.881000,12703,12704,12703,4
2020-09-10,15:09:56.881000,12703,12704,12702,16
2020-09-10,15:09:57.197000,12702,12704,12704,1
2020-09-10,15:09:57.947000,12702,12704,12704,1
2020-09-10,15:10:00.292000,12702,12703,12703,1
2020-09-10,15:10:00.292000,12702,12703,12704,1
2020-09-10,15:10:02.123000,12702,12703,12703,4
2020-09-10,15:10:02.123000,12702,12703,12704,1
2020-09-10,15:10:09.377000,12703,12704,12703,5
2020-09-10,15:10:11.525000,12702,12703,12702,5
2020-09-10,15:10:13.650000,12701,12702,12702,1
2020-09-10,15:10:21.845000,12701,12702,12702,2
2020-09-10,15:10:23.401000,12701,12702,12701,9
2020-09-10,15:10:25.003000,12700,12701,12700,1
2020-09-10,15:10:25.005000,12700,12701,12700,1
2020-09-10,15:10:25.009000,12700,12701,12700,1
2020-09-10,15:10:25.009000,12700,12701,12700,2
2020-09-10,15:10:25.067000,12700,12701,12699,1
2020-09-10,15:10:25.095000,12699,12701,12699,1
2020-09-10,15:10:26.812000,12700,12701,12701,1
2020-09-10,15:10:27.858000,12700,12701,12700,1
2020-09-10,15:10:29.874000,12700,12701,12700,1
2020-09-10,15:10:33.911000,12700,12701,12700,1
2020-09-10,15:10:35.724000,12699,12700,12699,2
2020-09-10,15:10:42.915000,12699,12701,12701,1
2020-09-10,15:10:43.111000,12699,12701,12701,5
2020-09-10,15:10:43.111000,12699,12701,12702,1
2020-09-10,15:10:46.749000,12700,12701,12700,2
2020-09-10,15:10:49.460000,12700,12701,12700,1
2020-09-10,15:10:49.460000,12700,12701,12699,1
2020-09-10,15:10:51.386000,12699,12700,12699,6
2020-09-10,15:10:51.387000,12699,12700,12699,12
2020-09-10,15:10:57.259000,12698,12699,12699,1
2020-09-10,15:10:58.066000,12698,12700,12698,10
2020-09-10,15:11:03.027000,12698,12699,12698,1
2020-09-10,15:11:03.581000,12698,12699,12698,1
2020-09-10,15:11:03.668000,12698,12699,12697,1
2020-09-10,15:11:04.656000,12697,12698,12697,1
2020-09-10,15:11:04.656000,12697,12698,12697,8
2020-09-10,15:11:06.241000,12696,12697,12696,4
2020-09-10,15:11:06.241000,12696,12697,12696,3
2020-09-10,15:11:08.383000,12695,12697,12695,2
2020-09-10,15:11:08.703000,12695,12697,12695,4
2020-09-10,15:11:10.188000,12695,12697,12695,2
2020-09-10,15:11:11.161000,12695,12696,12696,1
2020-09-10,15:11:12.620000,12696,12697,12696,4
2020-09-10,15:11:16.124000,12695,12696,12696,2
2020-09-10,15:11:16.423000,12696,12698,12696,1
2020-09-10,15:11:17.554000,12696,12697,12696,1
2020-09-10,15:11:21.429000,12695,12696,12695,5
2020-09-10,15:11:21.809000,12694,12696,12696,1
2020-09-10,15:11:22.011000,12694,12696,12694,3
2020-09-10,15:11:22.242000,12694,12696,12694,1
2020-09-10,15:11:26.698000,12695,12696,12695,1
2020-09-10,15:11:33.520000,12695,12696,12695,3
2020-09-10,15:11:40.217000,12695,12696,12695,1
2020-09-10,15:11:43.088000,12695,12696,12695,1
2020-09-10,15:11:44.685000,12694,12696,12694,2
2020-09-10,15:11:44.990000,12694,12696,12695,1
2020-09-10,15:11:45.083000,12695,12696,12695,2
2020-09-10,15:11:46.030000,12695,12696,12695,6
2020-09-10,15:11:46.030000,12695,12696,12694,19
2020-09-10,15:11:48.550000,12694,12695,12694,1
2020-09-10,15:11:48.921000,12694,12695,12695,1
2020-09-10,15:11:50.986000,12694,12695,12695,1
2020-09-10,15:11:50.986000,12694,12695,12696,1
2020-09-10,15:11:54.093000,12694,12695,12695,2
2020-09-10,15:11:54.990000,12694,12695,12695,1
2020-09-10,15:12:00.104000,12694,12695,12695,3
2020-09-10,15:12:00.329000,12694,12695,12695,4
2020-09-10,15:12:00.329000,12694,12695,12696,21
2020-09-10,15:12:00.341000,12694,12695,12696,6
2020-09-10,15:12:00.343000,12694,12695,12696,6
2020-09-10,15:12:00.379000,12694,12695,12696,5
2020-09-10,15:12:00.379000,12694,12695,12697,1
2020-09-10,15:12:00.420000,12694,12695,12697,1
2020-09-10,15:12:00.494000,12695,12697,12697,2
2020-09-10,15:12:00.524000,12695,12697,12697,2
2020-09-10,15:12:06.552000,12695,12696,12696,1
2020-09-10,15:12:06.555000,12695,12696,12696,1
2020-09-10,15:12:08.360000,12695,12696,12696,1
2020-09-10,15:12:09.265000,12695,12696,12695,1
2020-09-10,15:12:09.278000,12695,12696,12695,1
2020-09-10,15:12:09.657000,12695,12696,12696,5
2020-09-10,15:12:12.262000,12695,12696,12696,5
2020-09-10,15:12:13.240000,12695,12696,12695,1
2020-09-10,15:12:14.318000,12695,12696,12695,1
2020-09-10,15:12:17.729000,12694,12695,12695,1
2020-09-10,15:12:17.729000,12694,12695,12695,1
2020-09-10,15:12:18.246000,12695,12696,12695,1
2020-09-10,15:12:19.015000,12695,12696,12696,1
2020-09-10,15:12:24.037000,12695,12696,12696,1
2020-09-10,15:12:25.693000,12695,12696,12696,5
2020-09-10,15:12:26,12696,12697,12696,1
2020-09-10,15:12:26.381000,12696,12697,12697,4
2020-09-10,15:12:30.747000,12697,12698,12697,1
2020-09-10,15:12:30.764000,12697,12698,12697,1
2020-09-10,15:12:31.298000,12697,12698,12697,3
2020-09-10,15:12:34.060000,12697,12698,12698,2
2020-09-10,15:12:34.450000,12697,12698,12698,3
2020-09-10,15:12:36.717000,12698,12699,12698,1
2020-09-10,15:12:37.897000,12698,12699,12698,1
2020-09-10,15:12:39.208000,12698,12699,12699,1
2020-09-10,15:12:39.327000,12698,12699,12699,2
2020-09-10,15:12:39.328000,12698,12699,12699,4
2020-09-10,15:12:39.346000,12698,12699,12700,1
2020-09-10,15:12:41.342000,12698,12699,12699,1
2020-09-10,15:12:48.268000,12699,12700,12700,4
2020-09-10,15:12:48.268000,12699,12700,12700,3
2020-09-10,15:12:48.268000,12699,12700,12700,20
2020-09-10,15:12:49.853000,12700,12701,12700,1
2020-09-10,15:12:49.890000,12700,12701,12700,1
2020-09-10,15:12:50.775000,12700,12701,12701,1
2020-09-10,15:12:51.692000,12700,12702,12702,1
2020-09-10,15:12:53.515000,12701,12702,12701,1
2020-09-10,15:12:58.040000,12701,12702,12701,1
2020-09-10,15:12:58.829000,12700,12701,12701,1
2020-09-10,15:12:59.479000,12700,12701,12701,1
2020-09-10,15:12:59.599000,12700,12701,12701,1
2020-09-10,15:13:02.955000,12700,12701,12701,2
2020-09-10,15:13:03.260000,12700,12701,12700,1
2020-09-10,15:13:06.226000,12700,12701,12700,1
2020-09-10,15:13:09.159000,12700,12701,12700,2
2020-09-10,15:13:09.793000,12700,12701,12700,3
2020-09-10,15:13:12.069000,12699,12700,12700,1
2020-09-10,15:13:17.666000,12699,12700,12700,1
2020-09-10,15:13:18.055000,12699,12701,12699,1
2020-09-10,15:13:20.884000,12699,12701,12699,1
2020-09-10,15:13:22.830000,12699,12700,12699,5
2020-09-10,15:13:25.841000,12698,12699,12698,1
2020-09-10,15:13:26.622000,12698,12699,12698,3
2020-09-10,15:13:29.419000,12697,12698,12697,1
2020-09-10,15:13:40.065000,12696,12697,12697,1
2020-09-10,15:13:40.065000,12696,12697,12697,1
2020-09-10,15:13:51.676000,12698,12699,12698,1
2020-09-10,15:13:52.123000,12698,12699,12699,1
2020-09-10,15:14:08.110000,12699,12700,12700,1
2020-09-10,15:14:12.814000,12699,12700,12699,1
2020-09-10,15:14:16.284000,12698,12699,12698,10
2020-09-10,15:14:25.194000,12697,12698,12697,6
2020-09-10,15:14:28.416000,12696,12697,12697,1
2020-09-10,15:14:33.443000,12697,12699,12697,2
2020-09-10,15:14:34.298000,12697,12699,12699,5
2020-09-10,15:14:52.670000,12697,12698,12697,1
2020-09-10,15:14:55.046000,12696,12698,12696,2
2020-09-10,15:14:59.102000,12696,12697,12697,1
2020-09-10,15:14:59.302000,12696,12697,12696,2
2020-09-10,15:14:59.501000,12696,12697,12696,1
2020-09-10,15:14:59.742000,12696,12697,12696,2
2020-09-10,15:15:04.946000,12695,12696,12695,11
2020-09-10,15:15:05.206000,12694,12695,12694,5
2020-09-10,15:15:05.723000,12694,12695,12695,1
2020-09-10,15:15:07.615000,12694,12695,12695,1
2020-09-10,15:15:17.967000,12694,12695,12695,4
2020-09-10,15:15:19.201000,12695,12696,12695,1
2020-09-10,15:15:21.022000,12695,12696,12695,1
2020-09-10,15:15:21.151000,12694,12695,12695,1
2020-09-10,15:15:35.297000,12694,12695,12694,1
2020-09-10,15:15:35.666000,12694,12695,12694,2
2020-09-10,15:15:36.384000,12694,12695,12694,2
2020-09-10,15:15:36.384000,12694,12695,12694,3
2020-09-10,15:15:36.614000,12693,12694,12694,4
2020-09-10,15:15:38.154000,12693,12694,12693,10
2020-09-10,15:15:38.729000,12692,12693,12692,2
2020-09-10,15:15:39.028000,12692,12693,12693,4
2020-09-10,15:15:41.732000,12692,12693,12692,1
2020-09-10,15:15:43.084000,12692,12693,12692,7
2020-09-10,15:15:45.781000,12691,12692,12691,1
2020-09-10,15:15:45.855000,12691,12692,12691,1
2020-09-10,15:15:45.932000,12691,12692,12691,6
2020-09-10,15:15:46.036000,12691,12692,12691,8
2020-09-10,15:15:46.752000,12690,12691,12691,1
2020-09-10,15:15:47.261000,12690,12691,12690,1
2020-09-10,15:15:47.423000,12690,12691,12690,1
2020-09-10,15:15:47.524000,12690,12691,12690,2
2020-09-10,15:15:47.527000,12690,12691,12690,3
2020-09-10,15:15:47.529000,12690,12691,12690,1
2020-09-10,15:15:48.020000,12690,12691,12690,2
2020-09-10,15:15:48.037000,12690,12691,12690,2
2020-09-10,15:15:49.017000,12690,12691,12690,2
2020-09-10,15:15:49.114000,12690,12691,12690,6
2020-09-10,15:15:49.958000,12690,12691,12690,2
2020-09-10,15:15:50.719000,12690,12691,12690,2
2020-09-10,15:15:51.025000,12689,12690,12689,2
2020-09-10,15:15:51.294000,12689,12690,12689,1
2020-09-10,15:15:51.379000,12689,12690,12689,1
2020-09-10,15:15:51.697000,12689,12690,12690,1
2020-09-10,15:15:51.920000,12689,12690,12689,1
2020-09-10,15:15:55.344000,12689,12690,12689,2
2020-09-10,15:15:55.449000,12689,12690,12690,2
2020-09-10,15:15:58.522000,12689,12690,12690,1
2020-09-10,15:15:59.575000,12689,12690,12689,1
2020-09-10,15:16:01.653000,12689,12690,12689,2
2020-09-10,15:16:02.102000,12689,12690,12690,5
2020-09-10,15:16:02.687000,12689,12690,12689,1
2020-09-10,15:16:03.547000,12689,12690,12689,1
2020-09-10,15:16:03.780000,12689,12690,12689,1
2020-09-10,15:16:05.971000,12689,12690,12690,1
2020-09-10,15:16:07.386000,12689,12690,12690,3
2020-09-10,15:16:08.074000,12690,12691,12690,1
2020-09-10,15:16:09.201000,12690,12691,12690,1
2020-09-10,15:16:14.263000,12690,12691,12690,2
2020-09-10,15:16:15.963000,12690,12691,12690,1
2020-09-10,15:16:16.451000,12690,12691,12691,1
2020-09-10,15:16:17.289000,12690,12691,12690,1
2020-09-10,15:16:17.324000,12690,12691,12691,1
2020-09-10,15:16:17.325000,12690,12691,12691,1
2020-09-10,15:16:17.325000,12690,12691,12691,1
2020-09-10,15:16:17.325000,12690,12691,12691,1
2020-09-10,15:16:17.326000,12690,12691,12691,1
2020-09-10,15:16:17.326000,12690,12691,12691,1
2020-09-10,15:16:17.326000,12690,12691,12691,1
2020-09-10,15:16:17.326000,12690,12691,12691,1
2020-09-10,15:16:17.326000,12690,12691,12691,1
2020-09-10,15:16:17.326000,12690,12691,12692,1
2020-09-10,15:16:17.326000,12690,12691,12692,1
2020-09-10,15:16:17.327000,12690,12691,12692,1
2020-09-10,15:16:17.477000,12691,12692,12691,1
2020-09-10,15:16:18.427000,12691,12692,12692,1
2020-09-10,15:16:19.396000,12691,12693,12691,1
2020-09-10,15:16:21.339000,12691,12693,12693,1
2020-09-10,15:16:25.343000,12692,12693,12693,3
2020-09-10,15:16:27.620000,12693,12694,12693,1
2020-09-10,15:16:40.722000,12692,12693,12693,1
2020-09-10,15:16:41.732000,12692,12693,12692,1
2020-09-10,15:16:41.774000,12692,12693,12693,1
2020-09-10,15:16:50.135000,12692,12693,12692,1
2020-09-10,15:16:51.066000,12692,12693,12692,6
2020-09-10,15:16:58.715000,12692,12693,12692,1
2020-09-10,15:17:02.874000,12692,12693,12692,3
2020-09-10,15:17:06.521000,12691,12692,12692,2
2020-09-10,15:17:06.522000,12691,12692,12692,1
2020-09-10,15:17:07.462000,12692,12693,12692,5
2020-09-10,15:17:07.864000,12691,12692,12692,1
2020-09-10,15:17:17.010000,12691,12692,12691,6
2020-09-10,15:17:17.271000,12691,12692,12691,6
2020-09-10,15:17:18.010000,12691,12692,12692,1
2020-09-10,15:17:24.387000,12690,12692,12692,1
2020-09-10,15:17:25.039000,12691,12692,12691,1
2020-09-10,15:17:25.136000,12691,12692,12692,1
2020-09-10,15:17:25.534000,12691,12692,12691,1
2020-09-10,15:17:27.148000,12691,12692,12691,5
2020-09-10,15:17:28.169000,12690,12692,12692,1
2020-09-10,15:17:30.725000,12691,12692,12691,4
2020-09-10,15:17:37.963000,12691,12692,12691,1
2020-09-10,15:17:40.727000,12691,12692,12692,5
2020-09-10,15:17:46.803000,12691,12693,12691,2
2020-09-10,15:17:51.706000,12691,12693,12692,1
2020-09-10,15:17:59.925000,12692,12693,12692,1
2020-09-10,15:18:39.816000,12692,12693,12693,1
2020-09-10,15:18:44.897000,12692,12693,12693,2
2020-09-10,15:18:44.897000,12692,12693,12693,7
2020-09-10,15:18:44.897000,12692,12693,12693,2
2020-09-10,15:18:45.248000,12693,12694,12693,1
2020-09-10,15:18:48.446000,12693,12694,12694,1
2020-09-10,15:18:51.919000,12694,12695,12695,1
2020-09-10,15:18:51.919000,12694,12695,12696,1
2020-09-10,15:18:52.606000,12694,12696,12696,2
2020-09-10,15:18:52.769000,12694,12696,12694,1
2020-09-10,15:18:52.786000,12694,12696,12696,4
2020-09-10,15:18:55.236000,12695,12696,12696,1
2020-09-10,15:18:56.751000,12696,12697,12697,1
2020-09-10,15:18:56.768000,12696,12697,12697,2
2020-09-10,15:18:56.861000,12697,12698,12698,1
2020-09-10,15:18:57.382000,12697,12698,12698,1
2020-09-10,15:18:58.157000,12697,12698,12697,1
2020-09-10,15:18:58.157000,12697,12698,12697,3
2020-09-10,15:18:58.441000,12696,12697,12696,1
2020-09-10,15:19:00.325000,12696,12697,12696,1
2020-09-10,15:19:00.702000,12695,12697,12697,1
2020-09-10,15:19:01.065000,12696,12697,12696,1
2020-09-10,15:19:01.147000,12695,12697,12696,1
2020-09-10,15:19:02.309000,12695,12697,12697,2
2020-09-10,15:19:03.811000,12696,12697,12696,1
2020-09-10,15:19:03.811000,12696,12697,12695,1
2020-09-10,15:19:04.272000,12695,12697,12695,1
2020-09-10,15:19:07.935000,12694,12696,12696,1
2020-09-10,15:19:10.646000,12696,12697,12696,1
2020-09-10,15:19:14.202000,12695,12696,12696,2
2020-09-10,15:19:14.239000,12695,12696,12696,1
2020-09-10,15:19:16.707000,12694,12696,12696,1
2020-09-10,15:19:16.707000,12694,12696,12697,2
2020-09-10,15:19:19.909000,12694,12696,12696,1
2020-09-10,15:19:30.108000,12695,12696,12695,1
2020-09-10,15:19:43.788000,12694,12695,12695,1
2020-09-10,15:19:54.733000,12694,12695,12694,6
2020-09-10,15:20:01.477000,12694,12695,12694,1
2020-09-10,15:20:04.137000,12693,12694,12693,9
2020-09-10,15:20:06.527000,12692,12694,12694,1
2020-09-10,15:20:08.815000,12692,12694,12694,1
2020-09-10,15:20:13.136000,12693,12694,12693,2
2020-09-10,15:20:18.420000,12693,12694,12693,1
2020-09-10,15:20:23.665000,12692,12693,12692,8
2020-09-10,15:20:24.865000,12691,12692,12691,10
2020-09-10,15:20:24.865000,12691,12692,12691,4
2020-09-10,15:20:25.312000,12690,12692,12692,1
2020-09-10,15:20:27.550000,12690,12692,12690,1
2020-09-10,15:20:33.445000,12690,12691,12690,28
2020-09-10,15:20:33.446000,12690,12691,12689,23
2020-09-10,15:20:35.339000,12688,12689,12689,3
2020-09-10,15:20:35.339000,12688,12689,12690,2
2020-09-10,15:20:38.069000,12689,12690,12689,1
2020-09-10,15:20:38.409000,12689,12690,12689,2
2020-09-10,15:20:38.974000,12689,12690,12689,1
2020-09-10,15:20:41.528000,12689,12690,12689,1
2020-09-10,15:20:41.575000,12689,12690,12690,1
2020-09-10,15:20:43.598000,12689,12690,12689,3
2020-09-10,15:20:43.598000,12689,12690,12689,1
2020-09-10,15:20:43.598000,12689,12690,12689,1
2020-09-10,15:20:43.816000,12689,12690,12689,5
2020-09-10,15:20:44.390000,12688,12690,12689,1
2020-09-10,15:20:47.421000,12688,12689,12688,36
2020-09-10,15:20:47.421000,12688,12689,12688,8
2020-09-10,15:20:47.613000,12687,12688,12688,1
2020-09-10,15:20:47.778000,12687,12688,12687,2
2020-09-10,15:20:47.803000,12687,12688,12687,5
2020-09-10,15:20:47.864000,12686,12687,12686,4
2020-09-10,15:20:47.870000,12686,12687,12686,1
2020-09-10,15:20:47.872000,12686,12687,12686,1
2020-09-10,15:20:47.927000,12686,12687,12686,2
2020-09-10,15:20:47.927000,12686,12687,12686,1
2020-09-10,15:20:47.927000,12686,12687,12686,7
2020-09-10,15:20:47.927000,12686,12687,12686,1
2020-09-10,15:20:47.954000,12685,12686,12685,1
2020-09-10,15:20:48.119000,12685,12686,12685,1
2020-09-10,15:20:48.153000,12685,12686,12685,7
2020-09-10,15:20:48.201000,12685,12686,12685,1
2020-09-10,15:20:48.202000,12685,12686,12685,1
2020-09-10,15:20:48.202000,12685,12686,12685,1
2020-09-10,15:20:48.204000,12685,12686,12685,2
2020-09-10,15:20:48.204000,12685,12686,12685,2
2020-09-10,15:20:48.323000,12685,12686,12686,1
2020-09-10,15:20:48.335000,12685,12686,12686,1
2020-09-10,15:20:48.371000,12685,12686,12686,1
2020-09-10,15:20:48.502000,12685,12687,12685,1
2020-09-10,15:20:48.629000,12685,12686,12685,2
2020-09-10,15:20:48.648000,12685,12686,12685,1
2020-09-10,15:20:48.819000,12685,12686,12685,4
2020-09-10,15:20:48.821000,12685,12686,12685,1
2020-09-10,15:20:48.922000,12685,12686,12685,1
2020-09-10,15:20:49.702000,12685,12686,12685,1
2020-09-10,15:20:50.085000,12685,12686,12686,1
2020-09-10,15:20:51.393000,12686,12687,12686,3
2020-09-10,15:20:51.394000,12686,12687,12686,2
2020-09-10,15:20:51.641000,12685,12687,12687,1
2020-09-10,15:20:52.751000,12685,12686,12685,1
2020-09-10,15:20:53.222000,12685,12686,12685,1
2020-09-10,15:20:53.453000,12685,12686,12685,1
2020-09-10,15:20:54.175000,12685,12686,12686,1
2020-09-10,15:20:54.233000,12685,12686,12685,1
2020-09-10,15:20:54.584000,12685,12686,12685,1
2020-09-10,15:20:54.731000,12685,12686,12686,1
2020-09-10,15:20:55.286000,12685,12686,12685,2
2020-09-10,15:20:55.388000,12685,12686,12685,1
2020-09-10,15:20:56.386000,12685,12686,12686,1
2020-09-10,15:20:56.763000,12685,12686,12686,1
2020-09-10,15:20:57.026000,12685,12686,12685,1
2020-09-10,15:20:57.075000,12685,12686,12685,2
2020-09-10,15:20:57.075000,12685,12686,12684,2
2020-09-10,15:20:57.075000,12685,12686,12684,1
2020-09-10,15:20:57.075000,12685,12686,12685,1
2020-09-10,15:20:57.075000,12685,12686,12685,2
2020-09-10,15:20:57.075000,12685,12686,12685,1
2020-09-10,15:20:57.075000,12685,12686,12684,2
2020-09-10,15:20:57.075000,12685,12686,12684,1
2020-09-10,15:20:57.076000,12685,12686,12684,1
2020-09-10,15:20:57.076000,12685,12686,12684,1
2020-09-10,15:20:57.077000,12685,12686,12684,1
2020-09-10,15:20:57.077000,12685,12686,12684,1
2020-09-10,15:20:57.077000,12685,12686,12684,1
2020-09-10,15:20:57.079000,12685,12686,12684,1
2020-09-10,15:20:57.080000,12685,12686,12684,1
2020-09-10,15:20:57.135000,12685,12686,12684,1
2020-09-10,15:20:57.225000,12684,12685,12684,1
2020-09-10,15:20:57.225000,12684,12685,12684,1
2020-09-10,15:20:57.329000,12684,12685,12684,2
2020-09-10,15:20:57.526000,12684,12686,12684,1
2020-09-10,15:20:59.247000,12684,12686,12686,1
2020-09-10,15:20:59.648000,12685,12687,12685,1
2020-09-10,15:21:00.146000,12685,12687,12685,2
2020-09-10,15:21:00.146000,12685,12687,12684,2
2020-09-10,15:21:00.361000,12684,12686,12684,3
2020-09-10,15:21:00.373000,12684,12686,12684,1
2020-09-10,15:21:00.373000,12684,12686,12683,9
2020-09-10,15:21:00.415000,12684,12686,12686,2
2020-09-10,15:21:00.539000,12685,12686,12685,1
2020-09-10,15:21:01.329000,12684,12686,12686,1
2020-09-10,15:21:02.395000,12685,12686,12686,1
2020-09-10,15:21:02.395000,12685,12686,12686,1
2020-09-10,15:21:03.091000,12686,12687,12686,4
2020-09-10,15:21:03.091000,12686,12687,12685,1
2020-09-10,15:21:07.051000,12685,12686,12685,5
2020-09-10,15:21:07.415000,12684,12685,12684,2
2020-09-10,15:21:07.415000,12684,12685,12683,1
2020-09-10,15:21:08.095000,12683,12684,12683,1
2020-09-10,15:21:08.431000,12683,12684,12683,1
2020-09-10,15:21:08.461000,12683,12684,12684,3
2020-09-10,15:21:08.461000,12683,12684,12685,2
2020-09-10,15:21:08.979000,12683,12685,12685,1
2020-09-10,15:21:09.540000,12684,12685,12685,1
2020-09-10,15:21:09.609000,12684,12686,12685,1
2020-09-10,15:21:10.061000,12684,12686,12686,1
2020-09-10,15:21:10.548000,12685,12686,12685,1
2020-09-10,15:21:10.639000,12684,12686,12686,1
2020-09-10,15:21:10.737000,12684,12686,12686,1
2020-09-10,15:21:11.895000,12685,12686,12685,1
2020-09-10,15:21:12.473000,12685,12686,12685,1
2020-09-10,15:21:12.658000,12685,12686,12685,2
2020-09-10,15:21:13.424000,12684,12685,12685,1
2020-09-10,15:21:13.621000,12684,12685,12684,1
2020-09-10,15:21:14.954000,12684,12685,12684,1
2020-09-10,15:21:15.337000,12683,12685,12683,2
2020-09-10,15:21:15.807000,12683,12685,12684,1
2020-09-10,15:21:16.267000,12683,12684,12683,3
2020-09-10,15:21:16.904000,12683,12684,12683,2
2020-09-10,15:21:17.326000,12683,12684,12684,1
2020-09-10,15:21:17.326000,12683,12684,12684,1
2020-09-10,15:21:17.326000,12683,12684,12684,1
2020-09-10,15:21:17.326000,12683,12684,12684,1
2020-09-10,15:21:20.410000,12684,12685,12684,1
2020-09-10,15:21:21.212000,12684,12685,12684,1
2020-09-10,15:21:21.306000,12684,12685,12684,5
2020-09-10,15:21:22.280000,12683,12684,12684,1
2020-09-10,15:21:23.965000,12683,12684,12684,1
2020-09-10,15:21:24.391000,12683,12684,12684,3
2020-09-10,15:21:24.404000,12683,12684,12684,1
2020-09-10,15:21:26.986000,12684,12685,12684,1
2020-09-10,15:21:27.262000,12684,12685,12684,1
2020-09-10,15:21:28.294000,12683,12684,12683,1
2020-09-10,15:21:28.302000,12683,12684,12684,1
2020-09-10,15:21:28.817000,12683,12684,12684,1
2020-09-10,15:21:29.715000,12684,12685,12685,5
2020-09-10,15:21:36.028000,12684,12685,12684,1
2020-09-10,15:21:37.548000,12684,12685,12685,1
2020-09-10,15:21:38.839000,12684,12685,12685,1
2020-09-10,15:21:41.639000,12684,12685,12685,1
2020-09-10,15:21:42.276000,12684,12685,12685,1
2020-09-10,15:21:42.384000,12684,12685,12685,17
2020-09-10,15:21:48.874000,12685,12686,12685,1
2020-09-10,15:21:50.936000,12685,12686,12685,1
2020-09-10,15:21:51.084000,12685,12686,12686,5
2020-09-10,15:21:53.818000,12686,12687,12686,7
2020-09-10,15:21:54.600000,12685,12686,12686,1
2020-09-10,15:21:55.561000,12685,12686,12686,2
2020-09-10,15:21:57.352000,12685,12686,12686,1
2020-09-10,15:21:59.075000,12685,12686,12686,1
2020-09-10,15:21:59.075000,12685,12686,12686,1
2020-09-10,15:21:59.075000,12685,12686,12687,1
2020-09-10,15:21:59.211000,12686,12687,12686,2
2020-09-10,15:22:00.856000,12686,12687,12686,2
2020-09-10,15:22:00.978000,12686,12687,12686,2
2020-09-10,15:22:01.487000,12686,12687,12686,2
2020-09-10,15:22:01.487000,12686,12687,12686,2
2020-09-10,15:22:02.161000,12685,12686,12685,4
2020-09-10,15:22:04.225000,12685,12686,12685,2
2020-09-10,15:22:05.149000,12685,12686,12686,1
2020-09-10,15:22:05.573000,12686,12687,12686,4
2020-09-10,15:22:05.573000,12686,12687,12685,1
2020-09-10,15:22:07.297000,12686,12687,12686,1
2020-09-10,15:22:08.245000,12686,12687,12686,1
2020-09-10,15:22:11.623000,12686,12687,12687,1
2020-09-10,15:22:11.901000,12686,12687,12687,5
2020-09-10,15:22:13.543000,12686,12688,12687,4
2020-09-10,15:22:13.837000,12686,12688,12686,4
2020-09-10,15:22:17.342000,12686,12688,12688,1
2020-09-10,15:22:17.483000,12686,12688,12688,1
2020-09-10,15:22:17.696000,12686,12688,12688,1
2020-09-10,15:22:18.035000,12686,12689,12686,1
2020-09-10,15:22:18.601000,12687,12688,12687,1
2020-09-10,15:22:23.065000,12686,12688,12686,2
2020-09-10,15:22:24.021000,12687,12688,12688,1
2020-09-10,15:22:24.157000,12688,12689,12688,3
2020-09-10,15:22:25.555000,12687,12689,12687,1
2020-09-10,15:22:25.555000,12687,12689,12686,2
2020-09-10,15:22:34.751000,12687,12688,12687,1
2020-09-10,15:22:39.774000,12686,12687,12687,1
2020-09-10,15:22:39.774000,12686,12687,12687,3
2020-09-10,15:22:39.775000,12686,12687,12687,1
2020-09-10,15:22:39.775000,12686,12687,12687,1
2020-09-10,15:22:44.350000,12688,12689,12688,1
2020-09-10,15:22:46.015000,12686,12688,12688,4
2020-09-10,15:22:46.016000,12686,12688,12688,1
2020-09-10,15:22:49.430000,12687,12688,12687,1
2020-09-10,15:22:51.112000,12686,12687,12686,10
2020-09-10,15:22:51.113000,12686,12687,12686,9
2020-09-10,15:22:51.845000,12685,12687,12687,2
2020-09-10,15:22:52.407000,12685,12687,12687,1
2020-09-10,15:22:52.824000,12685,12687,12687,1
2020-09-10,15:22:55.265000,12686,12687,12687,1
2020-09-10,15:22:55.709000,12686,12687,12687,1
2020-09-10,15:22:57.595000,12686,12687,12687,4
2020-09-10,15:22:57.595000,12686,12687,12688,1
2020-09-10,15:22:58.064000,12687,12689,12689,4
2020-09-10,15:22:59.231000,12687,12689,12687,1
2020-09-10,15:23:03.348000,12687,12688,12687,1
2020-09-10,15:23:05.559000,12686,12687,12686,1
2020-09-10,15:23:10.045000,12686,12687,12686,1
2020-09-10,15:23:10.299000,12686,12687,12686,1
2020-09-10,15:23:14.968000,12686,12688,12688,1
2020-09-10,15:23:15.450000,12687,12688,12688,2
2020-09-10,15:23:16.693000,12686,12688,12686,1
2020-09-10,15:23:17.064000,12686,12688,12688,1
2020-09-10,15:23:18.185000,12687,12688,12687,1
2020-09-10,15:23:20.924000,12686,12687,12687,2
2020-09-10,15:23:21.982000,12687,12688,12688,1
2020-09-10,15:23:22.726000,12687,12688,12687,4
2020-09-10,15:23:25.462000,12686,12687,12687,1
2020-09-10,15:23:29.118000,12686,12687,12686,1
2020-09-10,15:23:29.119000,12686,12687,12686,4
2020-09-10,15:23:29.119000,12686,12687,12686,1
2020-09-10,15:23:29.953000,12685,12687,12687,2
2020-09-10,15:23:32.263000,12685,12686,12686,1
2020-09-10,15:23:32.974000,12685,12687,12685,1
2020-09-10,15:23:35.859000,12686,12687,12687,2
2020-09-10,15:23:36.920000,12686,12687,12686,1
2020-09-10,15:23:41.809000,12686,12687,12687,2
2020-09-10,15:23:43.662000,12686,12687,12687,3
2020-09-10,15:23:43.752000,12686,12687,12687,4
2020-09-10,15:23:46.345000,12686,12687,12687,1
2020-09-10,15:23:46.496000,12687,12688,12687,1
2020-09-10,15:23:51.014000,12686,12687,12687,2
2020-09-10,15:23:51.591000,12686,12687,12687,2
2020-09-10,15:23:52.215000,12687,12688,12687,1
2020-09-10,15:23:56.509000,12687,12688,12687,2
2020-09-10,15:23:58.086000,12686,12687,12687,1
2020-09-10,15:24:04.192000,12686,12687,12687,2
2020-09-10,15:24:04.193000,12686,12687,12687,2
2020-09-10,15:24:04.397000,12687,12688,12687,2
2020-09-10,15:24:04.628000,12687,12688,12687,3
2020-09-10,15:24:05.197000,12686,12687,12687,1
2020-09-10,15:24:05.372000,12687,12688,12688,1
2020-09-10,15:24:11.431000,12687,12688,12687,1
2020-09-10,15:24:16.008000,12687,12688,12687,1
2020-09-10,15:24:22.965000,12687,12688,12687,5
2020-09-10,15:24:30.393000,12687,12688,12687,3
2020-09-10,15:24:31.083000,12686,12687,12687,1
2020-09-10,15:24:32.860000,12686,12687,12686,1
2020-09-10,15:24:33.515000,12686,12687,12687,1
2020-09-10,15:24:37.640000,12686,12687,12687,1
2020-09-10,15:24:46.336000,12686,12687,12686,1
2020-09-10,15:24:46.348000,12686,12687,12687,1
2020-09-10,15:24:46.645000,12686,12687,12687,1
2020-09-10,15:24:48.962000,12686,12687,12686,3
2020-09-10,15:24:52.731000,12686,12687,12686,1
2020-09-10,15:24:56.952000,12686,12687,12686,1
2020-09-10,15:24:58.213000,12686,12687,12687,1
2020-09-10,15:25:05.883000,12686,12687,12687,1
2020-09-10,15:25:05.883000,12686,12687,12687,2
2020-09-10,15:25:05.883000,12686,12687,12687,6
2020-09-10,15:25:08.620000,12687,12688,12687,1
2020-09-10,15:25:12.758000,12687,12688,12687,1
2020-09-10,15:25:16.093000,12687,12688,12688,1
2020-09-10,15:25:19.451000,12687,12688,12688,1
2020-09-10,15:25:19.972000,12687,12688,12688,1
2020-09-10,15:25:19.978000,12687,12688,12688,3
2020-09-10,15:25:19.978000,12687,12688,12688,1
2020-09-10,15:25:19.978000,12687,12688,12688,5
2020-09-10,15:25:21.305000,12688,12689,12689,1
2020-09-10,15:25:23.683000,12688,12689,12689,1
2020-09-10,15:25:23.894000,12688,12689,12688,2
2020-09-10,15:25:25.732000,12687,12688,12688,1
2020-09-10,15:25:28.683000,12687,12688,12687,4
2020-09-10,15:25:28.851000,12686,12687,12686,11
2020-09-10,15:25:28.852000,12686,12687,12686,3
2020-09-10,15:25:28.852000,12686,12687,12686,4
2020-09-10,15:25:29.995000,12685,12687,12687,1
2020-09-10,15:25:30.196000,12685,12687,12687,2
2020-09-10,15:25:30.196000,12685,12687,12688,1
2020-09-10,15:25:30.207000,12686,12687,12687,1
2020-09-10,15:25:31.263000,12686,12687,12686,1
2020-09-10,15:25:31.263000,12686,12687,12685,1
2020-09-10,15:25:34.990000,12686,12687,12687,1
2020-09-10,15:25:37.223000,12686,12687,12686,1
2020-09-10,15:25:38.699000,12686,12687,12686,1
2020-09-10,15:25:49.181000,12686,12687,12686,1
2020-09-10,15:25:58.792000,12686,12687,12687,1
2020-09-10,15:25:59.069000,12686,12687,12687,1
2020-09-10,15:26:08.173000,12687,12688,12688,1
2020-09-10,15:26:08.174000,12687,12688,12688,1
2020-09-10,15:26:08.624000,12687,12689,12689,2
2020-09-10,15:26:08.838000,12687,12689,12687,4
2020-09-10,15:26:15.991000,12687,12689,12689,1
2020-09-10,15:26:20.692000,12687,12688,12688,1
2020-09-10,15:26:25.534000,12688,12689,12689,1
2020-09-10,15:26:28.873000,12688,12689,12688,1
2020-09-10,15:26:29.596000,12687,12688,12688,1
2020-09-10,15:26:33.126000,12687,12688,12688,1
2020-09-10,15:26:40.524000,12687,12688,12688,1
2020-09-10,15:26:43.095000,12687,12688,12687,4
2020-09-10,15:26:43.301000,12687,12688,12688,4
2020-09-10,15:26:44.104000,12687,12688,12687,2
2020-09-10,15:26:55.053000,12686,12688,12688,2
2020-09-10,15:26:57.693000,12686,12687,12686,16
2020-09-10,15:27:00.138000,12685,12686,12685,1
2020-09-10,15:27:00.139000,12685,12686,12685,12
2020-09-10,15:27:00.139000,12685,12686,12685,11
2020-09-10,15:27:00.139000,12685,12686,12685,2
2020-09-10,15:27:00.139000,12685,12686,12685,20
2020-09-10,15:27:00.139000,12685,12686,12685,1
2020-09-10,15:27:00.139000,12685,12686,12685,7
2020-09-10,15:27:00.140000,12685,12686,12685,5
2020-09-10,15:27:00.140000,12685,12686,12685,4
2020-09-10,15:27:02.180000,12684,12686,12686,1
2020-09-10,15:27:05.149000,12684,12685,12685,4
2020-09-10,15:27:05.149000,12684,12685,12686,16
2020-09-10,15:27:05.562000,12685,12687,12687,1
2020-09-10,15:27:07.041000,12685,12687,12687,1
2020-09-10,15:27:09.847000,12685,12686,12686,1
2020-09-10,15:27:12.939000,12687,12688,12687,1
2020-09-10,15:27:19.978000,12687,12688,12687,3
2020-09-10,15:27:24.927000,12687,12688,12687,2
2020-09-10,15:27:26.710000,12686,12687,12687,1
2020-09-10,15:27:28.357000,12687,12688,12687,1
2020-09-10,15:27:30.534000,12687,12688,12688,2
2020-09-10,15:27:31.325000,12687,12688,12688,2
2020-09-10,15:27:38.373000,12687,12688,12687,6
2020-09-10,15:27:39.317000,12687,12688,12688,1
2020-09-10,15:27:40.730000,12687,12688,12687,6
2020-09-10,15:27:45.260000,12687,12688,12688,1
2020-09-10,15:27:48.095000,12687,12689,12687,1
2020-09-10,15:27:49.075000,12687,12689,12687,3
2020-09-10,15:27:51.799000,12687,12689,12687,2
2020-09-10,15:27:55.763000,12688,12689,12688,1
2020-09-10,15:28:02.335000,12687,12688,12687,1
2020-09-10,15:28:03.225000,12687,12688,12687,1
2020-09-10,15:28:03.658000,12687,12688,12687,1
2020-09-10,15:28:04.670000,12686,12687,12686,4
2020-09-10,15:28:04.670000,12686,12687,12686,1
2020-09-10,15:28:04.671000,12686,12687,12686,1
2020-09-10,15:28:05.053000,12685,12686,12686,1
2020-09-10,15:28:07.987000,12685,12686,12686,1
2020-09-10,15:28:13.231000,12686,12687,12686,1
2020-09-10,15:28:26.943000,12686,12687,12686,4
2020-09-10,15:28:33.680000,12685,12686,12686,1
2020-09-10,15:28:37.313000,12685,12687,12685,2
2020-09-10,15:28:38.186000,12685,12687,12686,1
2020-09-10,15:28:44.477000,12685,12686,12686,1
2020-09-10,15:28:44.477000,12685,12686,12686,1
2020-09-10,15:28:46.191000,12686,12687,12686,1
2020-09-10,15:28:51.941000,12686,12687,12687,2
2020-09-10,15:28:52.358000,12686,12687,12686,1
2020-09-10,15:29:02.246000,12686,12687,12686,1
2020-09-10,15:29:07.381000,12685,12686,12686,1
2020-09-10,15:29:07.381000,12685,12686,12686,1
2020-09-10,15:29:11.228000,12686,12687,12686,1
2020-09-10,15:29:12.230000,12686,12687,12686,1
2020-09-10,15:29:13.232000,12685,12687,12685,1
2020-09-10,15:29:14.782000,12685,12687,12685,2
2020-09-10,15:29:16.753000,12685,12687,12685,1
2020-09-10,15:29:24.218000,12685,12686,12685,1
2020-09-10,15:29:24.937000,12685,12686,12686,1
2020-09-10,15:29:32.928000,12685,12686,12686,1
2020-09-10,15:29:32.929000,12685,12686,12686,1
2020-09-10,15:29:33.344000,12686,12687,12686,1
2020-09-10,15:29:42.690000,12685,12686,12686,1
2020-09-10,15:29:50.246000,12685,12686,12686,6
2020-09-10,15:29:58.340000,12686,12687,12686,4
2020-09-10,15:29:58.340000,12686,12687,12685,1
2020-09-10,15:30:00.253000,12685,12686,12685,1
2020-09-10,15:30:00.576000,12685,12686,12686,1
2020-09-10,15:30:00.596000,12685,12686,12686,1
2020-09-10,15:30:00.611000,12685,12686,12686,1
2020-09-10,15:30:00.631000,12685,12686,12686,1
2020-09-10,15:30:00.666000,12685,12686,12686,1
2020-09-10,15:30:00.675000,12685,12686,12685,1
2020-09-10,15:30:00.997000,12685,12686,12685,12
2020-09-10,15:30:01.279000,12684,12685,12684,1
2020-09-10,15:30:01.331000,12684,12685,12684,2
2020-09-10,15:30:01.338000,12684,12685,12684,3
2020-09-10,15:30:01.349000,12684,12685,12684,2
2020-09-10,15:30:01.350000,12684,12685,12684,6
2020-09-10,15:30:01.398000,12684,12685,12683,2
2020-09-10,15:30:02.155000,12683,12685,12684,1
2020-09-10,15:30:02.484000,12683,12684,12683,1
2020-09-10,15:30:02.501000,12683,12684,12684,1
2020-09-10,15:30:03.139000,12683,12684,12684,1
2020-09-10,15:30:03.177000,12683,12684,12684,1
2020-09-10,15:30:03.177000,12683,12684,12685,1
2020-09-10,15:30:03.198000,12684,12685,12685,2
2020-09-10,15:30:03.236000,12684,12685,12685,2
2020-09-10,15:30:04.324000,12684,12685,12684,4
2020-09-10,15:30:04.324000,12684,12685,12683,1
2020-09-10,15:30:06.784000,12683,12684,12684,1
2020-09-10,15:30:07.592000,12684,12686,12684,1
2020-09-10,15:30:08.273000,12684,12685,12685,1
2020-09-10,15:30:11.225000,12684,12686,12685,1
2020-09-10,15:30:11.544000,12684,12686,12685,1
2020-09-10,15:30:13.810000,12684,12685,12685,1
2020-09-10,15:30:14.282000,12685,12686,12685,1
2020-09-10,15:30:14.748000,12684,12686,12684,2
2020-09-10,15:30:20.682000,12685,12686,12685,1
2020-09-10,15:30:31.588000,12685,12686,12685,3
2020-09-10,15:30:32.235000,12684,12686,12685,1
2020-09-10,15:30:36.147000,12684,12686,12684,1
2020-09-10,15:30:39.296000,12685,12686,12685,1
2020-09-10,15:30:47.191000,12685,12686,12685,1
2020-09-10,15:30:47.836000,12685,12686,12685,1
2020-09-10,15:30:49.206000,12684,12685,12685,1
2020-09-10,15:30:53.058000,12685,12686,12685,4
2020-09-10,15:30:53.687000,12685,12686,12686,1
2020-09-10,15:30:54.980000,12685,12686,12686,1
2020-09-10,15:30:58.566000,12685,12686,12686,3
2020-09-10,15:31:00.791000,12685,12686,12685,1
2020-09-10,15:31:10.241000,12685,12686,12686,13
2020-09-10,15:31:12.916000,12686,12687,12686,1
2020-09-10,15:31:13.163000,12686,12687,12686,1
2020-09-10,15:31:13.482000,12686,12687,12686,1
2020-09-10,15:31:17.668000,12686,12687,12687,2
2020-09-10,15:31:17.668000,12686,12687,12687,1
2020-09-10,15:31:18.027000,12686,12687,12687,1
2020-09-10,15:31:18.789000,12686,12688,12687,1
2020-09-10,15:31:19.264000,12687,12688,12688,1
2020-09-10,15:31:30.736000,12687,12688,12688,2
2020-09-10,15:31:30.852000,12687,12688,12687,1
2020-09-10,15:31:31.241000,12687,12688,12688,4
2020-09-10,15:31:31.241000,12687,12688,12689,29
2020-09-10,15:31:31.242000,12687,12688,12689,2
2020-09-10,15:31:31.264000,12687,12688,12689,2
2020-09-10,15:31:33.432000,12689,12690,12690,1
2020-09-10,15:31:33.497000,12689,12690,12690,1
2020-09-10,15:31:34.043000,12689,12690,12690,3
2020-09-10,15:31:36.326000,12689,12690,12690,1
2020-09-10,15:31:36.807000,12689,12690,12690,2
2020-09-10,15:31:41.009000,12689,12690,12689,2
2020-09-10,15:31:45.327000,12689,12690,12689,1
2020-09-10,15:31:47.778000,12689,12690,12689,1
2020-09-10,15:31:50.529000,12689,12690,12689,4
2020-09-10,15:31:50.529000,12689,12690,12689,2
2020-09-10,15:31:50.530000,12689,12690,12689,4
2020-09-10,15:32:02.207000,12688,12689,12688,1
2020-09-10,15:32:04.151000,12688,12689,12689,1
2020-09-10,15:32:04.767000,12689,12690,12689,1
2020-09-10,15:32:06.390000,12689,12690,12689,1
2020-09-10,15:32:13.016000,12688,12689,12689,1
2020-09-10,15:32:13.016000,12688,12689,12690,1
2020-09-10,15:32:14.699000,12688,12689,12689,1
2020-09-10,15:32:31.170000,12689,12690,12690,1
2020-09-10,15:32:31.451000,12689,12690,12689,1
2020-09-10,15:32:38.218000,12689,12690,12690,5
2020-09-10,15:32:39.087000,12689,12690,12690,1
2020-09-10,15:32:39.466000,12689,12690,12689,1
2020-09-10,15:32:41.749000,12689,12690,12689,1
2020-09-10,15:32:44.632000,12689,12690,12689,2
2020-09-10,15:32:55.355000,12688,12689,12689,10
2020-09-10,15:32:55.357000,12688,12689,12689,6
2020-09-10,15:32:55.357000,12688,12689,12689,4
2020-09-10,15:33:01.351000,12688,12689,12689,1
2020-09-10,15:33:02.440000,12688,12689,12688,1
2020-09-10,15:33:03.080000,12688,12689,12688,7
2020-09-10,15:33:03.139000,12688,12689,12687,2
2020-09-10,15:33:04.801000,12687,12688,12687,1
2020-09-10,15:33:04.801000,12687,12688,12687,3
2020-09-10,15:33:04.853000,12686,12688,12686,2
2020-09-10,15:33:04.853000,12686,12688,12686,1
2020-09-10,15:33:04.859000,12686,12688,12686,1
2020-09-10,15:33:06.034000,12686,12687,12686,1
2020-09-10,15:33:12.747000,12685,12686,12685,1
2020-09-10,15:33:15.770000,12685,12686,12685,1
2020-09-10,15:33:15.770000,12685,12686,12685,1
2020-09-10,15:33:15.770000,12685,12686,12685,5
2020-09-10,15:33:15.770000,12685,12686,12685,3
2020-09-10,15:33:16.797000,12684,12685,12685,1
2020-09-10,15:33:16.981000,12684,12685,12684,3
2020-09-10,15:33:16.982000,12684,12685,12684,11
2020-09-10,15:33:19.054000,12683,12684,12683,1
2020-09-10,15:33:19.054000,12683,12684,12683,4
2020-09-10,15:33:19.054000,12683,12684,12683,10
2020-09-10,15:33:19.134000,12682,12683,12683,1
2020-09-10,15:33:20.010000,12682,12683,12682,2
2020-09-10,15:33:20.035000,12682,12683,12682,2
2020-09-10,15:33:20.103000,12682,12683,12682,1
2020-09-10,15:33:20.124000,12682,12683,12682,1
2020-09-10,15:33:20.174000,12682,12683,12682,1
2020-09-10,15:33:20.206000,12682,12683,12682,2
2020-09-10,15:33:20.257000,12682,12683,12682,2
2020-09-10,15:33:20.317000,12682,12683,12682,1
2020-09-10,15:33:20.317000,12682,12683,12682,2
2020-09-10,15:33:20.317000,12682,12683,12682,2
2020-09-10,15:33:20.317000,12682,12683,12682,1
2020-09-10,15:33:20.432000,12681,12683,12682,1
2020-09-10,15:33:20.450000,12682,12683,12682,1
2020-09-10,15:33:20.450000,12682,12683,12681,1
2020-09-10,15:33:20.582000,12681,12682,12681,1
2020-09-10,15:33:20.603000,12681,12682,12681,5
2020-09-10,15:33:20.614000,12681,12682,12681,5
2020-09-10,15:33:20.616000,12681,12682,12681,2
2020-09-10,15:33:20.635000,12681,12682,12681,1
2020-09-10,15:33:20.754000,12681,12682,12681,1
2020-09-10,15:33:20.866000,12681,12682,12681,1
2020-09-10,15:33:21.727000,12681,12682,12682,2
2020-09-10,15:33:27.063000,12682,12683,12682,2
2020-09-10,15:33:27.064000,12682,12683,12682,1
2020-09-10,15:33:27.232000,12681,12682,12681,1
2020-09-10,15:33:27.819000,12681,12682,12681,1
2020-09-10,15:33:27.823000,12681,12682,12682,1
2020-09-10,15:33:29.095000,12681,12682,12682,1
2020-09-10,15:33:30.414000,12681,12682,12681,2
2020-09-10,15:33:31.018000,12681,12682,12681,1
2020-09-10,15:33:31.548000,12681,12682,12682,1
2020-09-10,15:33:31.548000,12681,12682,12682,1
2020-09-10,15:33:33.192000,12682,12683,12683,1
2020-09-10,15:33:33.631000,12682,12683,12682,1
2020-09-10,15:33:35.486000,12682,12683,12682,1
2020-09-10,15:33:36.780000,12682,12683,12682,1
2020-09-10,15:33:38.731000,12682,12683,12682,1
2020-09-10,15:33:40.020000,12682,12683,12683,1
2020-09-10,15:33:40.891000,12682,12683,12682,1
2020-09-10,15:33:41.552000,12682,12683,12682,5
2020-09-10,15:33:42.494000,12682,12683,12682,1
2020-09-10,15:33:49.060000,12682,12683,12682,11
2020-09-10,15:33:49.087000,12681,12682,12682,1
2020-09-10,15:33:49.576000,12681,12682,12682,1
2020-09-10,15:33:50.611000,12681,12682,12682,1
2020-09-10,15:33:50.611000,12681,12682,12682,5
2020-09-10,15:33:50.611000,12681,12682,12682,1
2020-09-10,15:33:50.611000,12681,12682,12682,5
2020-09-10,15:33:50.954000,12682,12683,12682,1
2020-09-10,15:33:56.358000,12682,12683,12682,1
2020-09-10,15:33:57.644000,12682,12683,12682,2
2020-09-10,15:33:57.644000,12682,12683,12681,23
2020-09-10,15:33:58.643000,12681,12682,12682,1
2020-09-10,15:34:01.714000,12681,12683,12681,2
2020-09-10,15:34:02.600000,12681,12682,12681,2
2020-09-10,15:34:02.652000,12681,12682,12681,1
2020-09-10,15:34:02.700000,12681,12682,12682,1
2020-09-10,15:34:02.733000,12681,12682,12681,1
2020-09-10,15:34:03.200000,12681,12682,12681,1
2020-09-10,15:34:03.205000,12681,12682,12681,1
2020-09-10,15:34:03.344000,12681,12682,12681,1
2020-09-10,15:34:03.472000,12680,12681,12680,2
2020-09-10,15:34:03.811000,12680,12681,12680,1
2020-09-10,15:34:05.485000,12680,12681,12680,1
2020-09-10,15:34:06.818000,12680,12681,12680,10
2020-09-10,15:34:06.818000,12680,12681,12680,1
2020-09-10,15:34:07.359000,12680,12681,12680,1
2020-09-10,15:34:07.359000,12680,12681,12680,1
2020-09-10,15:34:07.360000,12680,12681,12680,1
2020-09-10,15:34:07.360000,12680,12681,12680,4
2020-09-10,15:34:07.360000,12680,12681,12680,8
2020-09-10,15:34:07.360000,12680,12681,12680,2
2020-09-10,15:34:07.360000,12680,12681,12680,4
2020-09-10,15:34:07.360000,12680,12681,12680,4
2020-09-10,15:34:07.360000,12680,12681,12680,11
2020-09-10,15:34:07.360000,12680,12681,12680,1
2020-09-10,15:34:07.360000,12680,12681,12680,3
2020-09-10,15:34:07.360000,12680,12681,12680,11
2020-09-10,15:34:07.361000,12680,12681,12680,15
2020-09-10,15:34:07.361000,12680,12681,12680,2
2020-09-10,15:34:08.603000,12679,12680,12679,2
2020-09-10,15:34:08.603000,12679,12680,12679,1
2020-09-10,15:34:08.896000,12679,12680,12679,1
2020-09-10,15:34:08.964000,12679,12680,12679,1
2020-09-10,15:34:08.990000,12679,12680,12679,1
2020-09-10,15:34:09.136000,12679,12680,12679,1
2020-09-10,15:34:09.188000,12679,12680,12679,1
2020-09-10,15:34:09.269000,12678,12680,12678,1
2020-09-10,15:34:09.343000,12678,12680,12678,1
2020-09-10,15:34:09.575000,12678,12680,12678,3
2020-09-10,15:34:09.904000,12678,12680,12678,1
2020-09-10,15:34:11.905000,12678,12680,12678,1
2020-09-10,15:34:12.126000,12678,12680,12678,2
2020-09-10,15:34:14.883000,12678,12680,12678,2
2020-09-10,15:34:15.121000,12678,12680,12678,4
2020-09-10,15:34:15.575000,12678,12679,12678,4
2020-09-10,15:34:16.014000,12678,12680,12678,1
2020-09-10,15:34:18.877000,12678,12679,12678,1
2020-09-10,15:34:19.648000,12678,12679,12678,3
2020-09-10,15:34:20.016000,12677,12678,12677,10
2020-09-10,15:34:20.177000,12676,12677,12676,1
2020-09-10,15:34:20.298000,12676,12677,12676,7
2020-09-10,15:34:20.378000,12676,12678,12676,1
2020-09-10,15:34:20.402000,12676,12678,12676,1
2020-09-10,15:34:20.421000,12676,12678,12676,1
2020-09-10,15:34:20.518000,12676,12678,12676,1
2020-09-10,15:34:20.523000,12676,12678,12676,2
2020-09-10,15:34:20.796000,12676,12677,12676,2
2020-09-10,15:34:21.042000,12676,12677,12676,1
2020-09-10,15:34:21.075000,12676,12677,12676,1
2020-09-10,15:34:21.346000,12676,12677,12677,1
2020-09-10,15:34:21.491000,12676,12678,12678,5
2020-09-10,15:34:21.675000,12677,12678,12677,1
2020-09-10,15:34:24.117000,12677,12678,12677,1
2020-09-10,15:34:24.141000,12677,12678,12676,1
2020-09-10,15:34:24.899000,12676,12678,12678,2
2020-09-10,15:34:25.449000,12677,12678,12677,1
2020-09-10,15:34:25.501000,12677,12678,12677,3
2020-09-10,15:34:25.501000,12677,12678,12676,19
2020-09-10,15:34:25.502000,12677,12678,12676,3
2020-09-10,15:34:25.654000,12676,12678,12676,3
2020-09-10,15:34:27.085000,12676,12678,12676,1
2020-09-10,15:34:27.117000,12676,12678,12676,5
2020-09-10,15:34:27.118000,12676,12678,12676,1
2020-09-10,15:34:28.205000,12675,12676,12676,1
2020-09-10,15:34:29.535000,12675,12676,12675,1
2020-09-10,15:34:29.614000,12675,12676,12675,1
2020-09-10,15:34:29.724000,12675,12676,12675,1
2020-09-10,15:34:29.726000,12675,12676,12675,1
2020-09-10,15:34:29.730000,12675,12676,12675,1
2020-09-10,15:34:29.736000,12675,12676,12675,4
2020-09-10,15:34:29.819000,12675,12676,12675,2
2020-09-10,15:34:29.823000,12675,12676,12676,1
2020-09-10,15:34:29.962000,12675,12676,12676,1
2020-09-10,15:34:29.964000,12675,12676,12675,1
2020-09-10,15:34:29.970000,12675,12676,12675,1
2020-09-10,15:34:29.972000,12675,12676,12675,1
2020-09-10,15:34:30.012000,12675,12676,12675,1
2020-09-10,15:34:30.012000,12675,12676,12675,1
2020-09-10,15:34:30.075000,12675,12676,12675,4
2020-09-10,15:34:31.442000,12675,12676,12675,4
2020-09-10,15:34:32.061000,12675,12676,12675,1
2020-09-10,15:34:33.084000,12675,12676,12676,1
2020-09-10,15:34:33.654000,12675,12676,12675,6
2020-09-10,15:34:33.845000,12674,12675,12674,1
2020-09-10,15:34:34.104000,12674,12675,12674,1
2020-09-10,15:34:34.108000,12674,12675,12674,1
2020-09-10,15:34:34.111000,12674,12675,12674,1
2020-09-10,15:34:34.115000,12674,12675,12674,1
2020-09-10,15:34:34.135000,12674,12675,12674,1
2020-09-10,15:34:34.140000,12674,12675,12674,1
2020-09-10,15:34:34.149000,12674,12675,12674,2
2020-09-10,15:34:34.149000,12674,12675,12673,1
2020-09-10,15:34:34.151000,12674,12675,12673,3
2020-09-10,15:34:34.178000,12674,12675,12673,2
2020-09-10,15:34:34.179000,12674,12675,12673,3
2020-09-10,15:34:34.192000,12674,12675,12673,2
2020-09-10,15:34:34.203000,12673,12675,12673,1
2020-09-10,15:34:34.249000,12673,12675,12675,1
2020-09-10,15:34:34.354000,12673,12675,12673,3
2020-09-10,15:34:34.377000,12673,12675,12675,1
2020-09-10,15:34:34.427000,12673,12675,12674,1
2020-09-10,15:34:34.597000,12673,12675,12675,3
2020-09-10,15:34:34.597000,12673,12675,12676,1
2020-09-10,15:34:34.688000,12673,12675,12676,4
2020-09-10,15:34:34.788000,12674,12676,12676,4
2020-09-10,15:34:35.643000,12675,12676,12675,2
2020-09-10,15:34:35.643000,12675,12676,12674,2
2020-09-10,15:34:36.034000,12674,12676,12675,2
2020-09-10,15:34:36.157000,12675,12676,12674,1
2020-09-10,15:34:37.602000,12675,12676,12676,6
2020-09-10,15:34:37.924000,12676,12677,12676,1
2020-09-10,15:34:38.255000,12676,12677,12676,1
2020-09-10,15:34:38.415000,12676,12677,12676,1
2020-09-10,15:34:39.866000,12676,12677,12676,1
2020-09-10,15:34:40.723000,12676,12677,12677,2
2020-09-10,15:34:41.493000,12676,12677,12677,1
2020-09-10,15:34:43.867000,12676,12677,12677,2
2020-09-10,15:34:43.867000,12676,12677,12677,3
2020-09-10,15:34:44.309000,12676,12678,12676,1
2020-09-10,15:34:46.694000,12676,12677,12676,9
2020-09-10,15:34:47.542000,12675,12676,12676,1
2020-09-10,15:34:48.186000,12675,12676,12675,4
2020-09-10,15:34:48.972000,12675,12676,12675,10
2020-09-10,15:34:48.976000,12675,12676,12675,4
2020-09-10,15:34:49.037000,12675,12676,12676,1
2020-09-10,15:34:50.291000,12675,12676,12675,1
2020-09-10,15:34:50.662000,12675,12676,12675,1
2020-09-10,15:34:50.773000,12675,12676,12675,2
2020-09-10,15:34:52.423000,12674,12675,12675,2
2020-09-10,15:34:52.424000,12674,12675,12675,2
2020-09-10,15:34:52.424000,12674,12675,12675,4
2020-09-10,15:34:53.240000,12675,12676,12675,1
2020-09-10,15:34:54.490000,12675,12676,12675,1
2020-09-10,15:34:55.300000,12675,12676,12675,3
2020-09-10,15:34:57.387000,12675,12676,12675,1
2020-09-10,15:34:57.945000,12675,12676,12675,2
2020-09-10,15:34:58.081000,12674,12675,12674,1
2020-09-10,15:34:58.199000,12674,12675,12674,1
2020-09-10,15:34:58.200000,12674,12675,12674,4
2020-09-10,15:34:58.200000,12674,12675,12674,9
2020-09-10,15:34:58.545000,12673,12674,12673,8
2020-09-10,15:34:58.675000,12672,12674,12673,1
2020-09-10,15:34:58.721000,12673,12674,12673,1
2020-09-10,15:34:58.971000,12672,12673,12674,1
2020-09-10,15:34:59.730000,12673,12674,12674,1
2020-09-10,15:34:59.824000,12673,12674,12674,1
2020-09-10,15:34:59.904000,12673,12674,12674,1
2020-09-10,15:35:00.294000,12673,12674,12673,2
2020-09-10,15:35:00.350000,12672,12674,12672,1
2020-09-10,15:35:00.363000,12672,12674,12672,1
2020-09-10,15:35:00.549000,12672,12674,12672,3
2020-09-10,15:35:00.574000,12672,12674,12672,2
2020-09-10,15:35:00.577000,12672,12674,12672,1
2020-09-10,15:35:00.662000,12672,12674,12673,1
2020-09-10,15:35:00.662000,12672,12674,12672,1
2020-09-10,15:35:00.673000,12672,12674,12674,1
2020-09-10,15:35:00.738000,12672,12674,12672,1
2020-09-10,15:35:00.739000,12672,12674,12674,3
2020-09-10,15:35:01.164000,12673,12674,12673,1
2020-09-10,15:35:01.172000,12673,12674,12673,1
2020-09-10,15:35:01.176000,12673,12674,12673,1
2020-09-10,15:35:01.988000,12674,12675,12674,1
2020-09-10,15:35:02.037000,12674,12675,12675,1
2020-09-10,15:35:02.323000,12673,12674,12673,1
2020-09-10,15:35:02.862000,12673,12674,12674,1
2020-09-10,15:35:03.516000,12673,12674,12673,1
2020-09-10,15:35:03.525000,12673,12674,12673,1
2020-09-10,15:35:03.557000,12673,12674,12673,1
2020-09-10,15:35:04.027000,12672,12674,12672,5
2020-09-10,15:35:04.159000,12672,12674,12672,5
2020-09-10,15:35:04.298000,12672,12674,12673,4
2020-09-10,15:35:04.298000,12672,12674,12672,1
2020-09-10,15:35:05.605000,12673,12674,12674,1
2020-09-10,15:35:05.782000,12673,12675,12675,1
2020-09-10,15:35:05.890000,12673,12675,12673,1
2020-09-10,15:35:05.961000,12673,12675,12675,1
2020-09-10,15:35:06.067000,12673,12675,12673,1
