2023-06-07 15:00:00,16878,16878,16878,196,0
2023-06-07 15:00:00,16879,16879,16879,4,4
2023-06-07 15:00:00,16879,16879,16879,2,0
2023-06-07 15:00:00,16879,16879,16879,4,0
2023-06-07 15:00:00,16879,16879,16879,2,0
2023-06-07 15:00:00,16878,16878,16878,2,-2
2023-06-07 15:00:00,16879,16879,16879,2,2
2023-06-07 15:00:00,16879,16879,16879,2,0
2023-06-07 15:00:00,16880,16880,16880,2,2
2023-06-07 15:00:00,16878,16878,16878,2,-2
2023-06-07 15:00:00,16878,16878,16878,2,0
2023-06-07 15:00:00,16878,16878,16878,2,0
2023-06-07 15:00:00,16877,16877,16877,4,-4
2023-06-07 15:00:00,16877,16877,16877,2,0
2023-06-07 15:00:00,16877,16877,16877,4,0
2023-06-07 15:00:00,16879,16879,16879,2,2
2023-06-07 15:00:00,16877,16877,16877,2,-2
2023-06-07 15:00:00,16877,16877,16877,2,0
2023-06-07 15:00:00,16879,16879,16879,2,2
2023-06-07 15:00:00,16879,16879,16879,4,0
2023-06-07 15:00:00,16879,16879,16879,2,0
2023-06-07 15:00:00,16880,16880,16880,2,2
2023-06-07 15:00:00,16880,16880,16880,2,0
2023-06-07 15:00:00,16880,16880,16880,2,0
2023-06-07 15:00:00,16880,16880,16880,2,0
2023-06-07 15:00:00,16881,16881,16881,4,4
2023-06-07 15:00:00,16882,16882,16882,6,6
2023-06-07 15:00:00,16880,16880,16880,2,-2
2023-06-07 15:00:01,16881,16881,16881,2,2
2023-06-07 15:00:01,16881,16881,16881,6,0
2023-06-07 15:00:01,16882,16882,16882,2,2
2023-06-07 15:00:02,16881,16881,16881,2,-2
2023-06-07 15:00:02,16880,16880,16880,2,-2
2023-06-07 15:00:02,16880,16880,16880,4,0
2023-06-07 15:00:02,16880,16880,16880,2,0
2023-06-07 15:00:02,16879,16879,16879,2,-2
2023-06-07 15:00:02,16879,16879,16879,2,0
2023-06-07 15:00:02,16879,16879,16879,2,0
2023-06-07 15:00:03,16879,16879,16879,2,0
2023-06-07 15:00:03,16879,16879,16879,2,0
2023-06-07 15:00:03,16879,16879,16879,2,0
2023-06-07 15:00:03,16879,16879,16879,10,0
2023-06-07 15:00:03,16879,16879,16879,2,0
2023-06-07 15:00:03,16879,16879,16879,2,0
2023-06-07 15:00:04,16878,16878,16878,2,-2
2023-06-07 15:00:05,16879,16879,16879,2,2
2023-06-07 15:00:05,16880,16880,16880,2,2
2023-06-07 15:00:05,16879,16879,16879,2,-2
2023-06-07 15:00:05,16879,16879,16879,2,0
2023-06-07 15:00:05,16878,16878,16878,2,-2
2023-06-07 15:00:05,16880,16880,16880,2,2
2023-06-07 15:00:06,16880,16880,16880,58,0
2023-06-07 15:00:06,16881,16881,16881,2,2
2023-06-07 15:00:06,16881,16881,16881,2,0
2023-06-07 15:00:06,16881,16881,16881,4,0
2023-06-07 15:00:06,16881,16881,16881,2,0
2023-06-07 15:00:07,16882,16882,16882,2,2
2023-06-07 15:00:07,16882,16882,16882,2,0
2023-06-07 15:00:07,16882,16882,16882,2,0
2023-06-07 15:00:08,16882,16882,16882,2,0
2023-06-07 15:00:08,16883,16883,16883,4,4
2023-06-07 15:00:09,16883,16883,16883,2,0
2023-06-07 15:00:12,16882,16882,16882,4,-4
2023-06-07 15:00:12,16882,16882,16882,2,0
2023-06-07 15:00:12,16882,16882,16882,2,0
2023-06-07 15:00:13,16882,16882,16882,2,0
2023-06-07 15:00:13,16883,16883,16883,2,2
2023-06-07 15:00:13,16882,16882,16882,2,-2
2023-06-07 15:00:14,16883,16883,16883,2,2
2023-06-07 15:00:15,16882,16882,16882,2,-2
2023-06-07 15:00:16,16881,16881,16881,2,-2
2023-06-07 15:00:16,16882,16882,16882,2,2
2023-06-07 15:00:16,16881,16881,16881,2,-2
2023-06-07 15:00:17,16881,16881,16881,2,0
2023-06-07 15:00:18,16881,16881,16881,2,0
2023-06-07 15:00:18,16882,16882,16882,2,2
2023-06-07 15:00:18,16883,16883,16883,8,8
2023-06-07 15:00:18,16881,16881,16881,6,-6
2023-06-07 15:00:18,16881,16881,16881,2,0
2023-06-07 15:00:18,16881,16881,16881,2,0
2023-06-07 15:00:18,16881,16881,16881,4,0
2023-06-07 15:00:18,16880,16880,16880,2,-2
2023-06-07 15:00:18,16880,16880,16880,2,0
2023-06-07 15:00:18,16880,16880,16880,2,0
2023-06-07 15:00:18,16880,16880,16880,2,0
2023-06-07 15:00:18,16880,16880,16880,2,0
2023-06-07 15:00:18,16880,16880,16880,2,0
2023-06-07 15:00:18,16881,16881,16881,2,2
2023-06-07 15:00:19,16880,16880,16880,2,-2
2023-06-07 15:00:19,16880,16880,16880,2,0
2023-06-07 15:00:19,16880,16880,16880,2,0
2023-06-07 15:00:19,16880,16880,16880,2,0
2023-06-07 15:00:19,16879,16879,16879,2,-2
2023-06-07 15:00:19,16879,16879,16879,2,0
2023-06-07 15:00:19,16879,16879,16879,2,0
2023-06-07 15:00:19,16879,16879,16879,4,0
2023-06-07 15:00:19,16880,16880,16880,2,2
2023-06-07 15:00:20,16880,16880,16880,2,0
2023-06-07 15:00:21,16880,16880,16880,2,0
2023-06-07 15:00:22,16880,16880,16880,2,0
2023-06-07 15:00:22,16880,16880,16880,4,0
2023-06-07 15:00:22,16880,16880,16880,4,0
2023-06-07 15:00:22,16881,16881,16881,2,2
2023-06-07 15:00:23,16881,16881,16881,2,0
2023-06-07 15:00:24,16880,16880,16880,2,-2
2023-06-07 15:00:24,16881,16881,16881,20,20
2023-06-07 15:00:25,16880,16880,16880,2,-2
2023-06-07 15:00:25,16880,16880,16880,2,0
2023-06-07 15:00:27,16881,16881,16881,2,2
2023-06-07 15:00:28,16880,16880,16880,2,-2
2023-06-07 15:00:29,16881,16881,16881,2,2
2023-06-07 15:00:30,16880,16880,16880,2,-2
2023-06-07 15:00:32,16881,16881,16881,2,2
2023-06-07 15:00:33,16881,16881,16881,2,0
2023-06-07 15:00:36,16880,16880,16880,2,-2
2023-06-07 15:00:36,16880,16880,16880,2,0
2023-06-07 15:00:36,16880,16880,16880,2,0
2023-06-07 15:00:36,16880,16880,16880,2,0
2023-06-07 15:00:36,16880,16880,16880,2,0
2023-06-07 15:00:36,16880,16880,16880,2,0
2023-06-07 15:00:37,16880,16880,16880,2,0
2023-06-07 15:00:38,16880,16880,16880,4,0
2023-06-07 15:00:38,16880,16880,16880,2,0
2023-06-07 15:00:38,16880,16880,16880,2,0
2023-06-07 15:00:38,16880,16880,16880,2,0
2023-06-07 15:00:38,16880,16880,16880,2,0
2023-06-07 15:00:38,16880,16880,16880,2,0
2023-06-07 15:00:38,16880,16880,16880,2,0
2023-06-07 15:00:38,16879,16879,16879,2,-2
2023-06-07 15:00:38,16879,16879,16879,2,0
2023-06-07 15:00:38,16879,16879,16879,4,0
2023-06-07 15:00:38,16879,16879,16879,4,0
2023-06-07 15:00:38,16879,16879,16879,2,0
2023-06-07 15:00:38,16879,16879,16879,2,0
2023-06-07 15:00:38,16879,16879,16879,2,0
2023-06-07 15:00:38,16879,16879,16879,2,0
2023-06-07 15:00:38,16879,16879,16879,2,0
2023-06-07 15:00:38,16879,16879,16879,2,0
2023-06-07 15:00:38,16879,16879,16879,2,0
2023-06-07 15:00:41,16880,16880,16880,10,10
2023-06-07 15:00:41,16880,16880,16880,2,0
2023-06-07 15:00:44,16880,16880,16880,2,0
2023-06-07 15:00:44,16880,16880,16880,2,0
2023-06-07 15:00:44,16880,16880,16880,4,0
2023-06-07 15:00:47,16879,16879,16879,2,-2
2023-06-07 15:00:47,16879,16879,16879,2,0
2023-06-07 15:00:47,16879,16879,16879,2,0
2023-06-07 15:00:47,16879,16879,16879,2,0
2023-06-07 15:00:48,16878,16878,16878,2,-2
2023-06-07 15:00:48,16878,16878,16878,2,0
2023-06-07 15:00:48,16879,16879,16879,2,2
2023-06-07 15:00:48,16878,16878,16878,2,-2
2023-06-07 15:00:50,16878,16878,16878,2,0
2023-06-07 15:00:52,16879,16879,16879,2,2
2023-06-07 15:00:55,16878,16878,16878,4,-4
2023-06-07 15:00:56,16878,16878,16878,2,0
2023-06-07 15:00:57,16879,16879,16879,2,2
2023-06-07 15:00:57,16879,16879,16879,2,0
2023-06-07 15:00:57,16879,16879,16879,4,0
2023-06-07 15:00:57,16879,16879,16879,10,0
2023-06-07 15:00:57,16879,16879,16879,4,0
2023-06-07 15:00:57,16879,16879,16879,4,0
2023-06-07 15:00:58,16879,16879,16879,2,0
2023-06-07 15:00:59,16879,16879,16879,2,0
2023-06-07 15:00:59,16879,16879,16879,2,0
2023-06-07 15:00:59,16879,16879,16879,4,0
2023-06-07 15:00:59,16879,16879,16879,2,0
2023-06-07 15:01:00,16879,16879,16879,2,0
2023-06-07 15:01:00,16879,16879,16879,2,0
2023-06-07 15:01:00,16878,16878,16878,2,-2
2023-06-07 15:01:00,16878,16878,16878,2,0
2023-06-07 15:01:00,16878,16878,16878,2,0
2023-06-07 15:01:00,16878,16878,16878,2,0
2023-06-07 15:01:00,16878,16878,16878,2,0
2023-06-07 15:01:00,16878,16878,16878,2,0
2023-06-07 15:01:00,16879,16879,16879,2,2
2023-06-07 15:01:00,16879,16879,16879,2,0
2023-06-07 15:01:00,16878,16878,16878,2,-2
2023-06-07 15:01:00,16878,16878,16878,2,0
2023-06-07 15:01:00,16878,16878,16878,2,0
2023-06-07 15:01:00,16878,16878,16878,2,0
2023-06-07 15:01:00,16878,16878,16878,2,0
2023-06-07 15:01:00,16877,16877,16877,2,-2
2023-06-07 15:01:00,16877,16877,16877,2,0
2023-06-07 15:01:00,16877,16877,16877,2,0
2023-06-07 15:01:01,16877,16877,16877,2,0
2023-06-07 15:01:01,16877,16877,16877,2,0
2023-06-07 15:01:01,16877,16877,16877,2,0
2023-06-07 15:01:01,16877,16877,16877,2,0
2023-06-07 15:01:03,16878,16878,16878,2,2
2023-06-07 15:01:04,16877,16877,16877,2,-2
2023-06-07 15:01:04,16877,16877,16877,2,0
2023-06-07 15:01:04,16877,16877,16877,2,0
2023-06-07 15:01:04,16877,16877,16877,2,0
2023-06-07 15:01:04,16877,16877,16877,2,0
2023-06-07 15:01:04,16877,16877,16877,4,0
2023-06-07 15:01:04,16877,16877,16877,2,0
2023-06-07 15:01:04,16877,16877,16877,2,0
2023-06-07 15:01:04,16877,16877,16877,2,0
2023-06-07 15:01:04,16877,16877,16877,2,0
2023-06-07 15:01:04,16877,16877,16877,4,0
2023-06-07 15:01:04,16877,16877,16877,2,0
2023-06-07 15:01:04,16877,16877,16877,2,0
2023-06-07 15:01:04,16877,16877,16877,10,0
2023-06-07 15:01:05,16879,16879,16879,2,2
2023-06-07 15:01:07,16878,16878,16878,2,-2
2023-06-07 15:01:08,16878,16878,16878,8,0
2023-06-07 15:01:08,16878,16878,16878,2,0
2023-06-07 15:01:09,16878,16878,16878,2,0
2023-06-07 15:01:09,16877,16877,16877,2,-2
2023-06-07 15:01:11,16877,16877,16877,2,0
2023-06-07 15:01:12,16877,16877,16877,4,0
2023-06-07 15:01:12,16878,16878,16878,2,2
2023-06-07 15:01:13,16877,16877,16877,2,-2
2023-06-07 15:01:13,16878,16878,16878,6,6
2023-06-07 15:01:14,16878,16878,16878,2,0
2023-06-07 15:01:14,16878,16878,16878,2,0
2023-06-07 15:01:14,16878,16878,16878,4,0
2023-06-07 15:01:14,16878,16878,16878,2,0
2023-06-07 15:01:14,16878,16878,16878,2,0
2023-06-07 15:01:14,16878,16878,16878,2,0
2023-06-07 15:01:15,16878,16878,16878,2,0
2023-06-07 15:01:16,16878,16878,16878,2,0
2023-06-07 15:01:17,16878,16878,16878,2,0
2023-06-07 15:01:17,16878,16878,16878,2,0
2023-06-07 15:01:17,16877,16877,16877,2,-2
2023-06-07 15:01:18,16878,16878,16878,2,2
2023-06-07 15:01:19,16877,16877,16877,2,-2
2023-06-07 15:01:19,16878,16878,16878,2,2
2023-06-07 15:01:20,16878,16878,16878,2,0
2023-06-07 15:01:21,16879,16879,16879,2,2
2023-06-07 15:01:21,16879,16879,16879,2,0
2023-06-07 15:01:21,16879,16879,16879,2,0
2023-06-07 15:01:22,16878,16878,16878,2,-2
2023-06-07 15:01:22,16878,16878,16878,2,0
2023-06-07 15:01:23,16878,16878,16878,2,0
2023-06-07 15:01:23,16879,16879,16879,28,28
2023-06-07 15:01:29,16880,16880,16880,2,2
2023-06-07 15:01:29,16879,16879,16879,4,-4
2023-06-07 15:01:30,16879,16879,16879,2,0
2023-06-07 15:01:31,16879,16879,16879,2,0
2023-06-07 15:01:32,16879,16879,16879,2,0
2023-06-07 15:01:32,16879,16879,16879,2,0
2023-06-07 15:01:36,16879,16879,16879,2,0
2023-06-07 15:01:40,16879,16879,16879,2,0
2023-06-07 15:01:41,16879,16879,16879,2,0
2023-06-07 15:01:41,16879,16879,16879,6,0
2023-06-07 15:01:41,16879,16879,16879,2,0
2023-06-07 15:01:41,16879,16879,16879,2,0
2023-06-07 15:01:41,16879,16879,16879,2,0
2023-06-07 15:01:43,16879,16879,16879,2,0
2023-06-07 15:01:45,16879,16879,16879,2,0
2023-06-07 15:01:46,16879,16879,16879,2,0
2023-06-07 15:01:46,16878,16878,16878,18,-18
2023-06-07 15:01:49,16879,16879,16879,4,4
2023-06-07 15:01:50,16878,16878,16878,4,-4
2023-06-07 15:01:54,16878,16878,16878,2,0
2023-06-07 15:02:01,16879,16879,16879,2,2
2023-06-07 15:02:01,16878,16878,16878,2,-2
2023-06-07 15:02:02,16879,16879,16879,2,2
2023-06-07 15:02:02,16878,16878,16878,2,-2
2023-06-07 15:02:02,16878,16878,16878,2,0
2023-06-07 15:02:02,16878,16878,16878,2,0
2023-06-07 15:02:02,16878,16878,16878,2,0
2023-06-07 15:02:02,16878,16878,16878,2,0
2023-06-07 15:02:02,16878,16878,16878,2,0
2023-06-07 15:02:02,16878,16878,16878,2,0
2023-06-07 15:02:02,16878,16878,16878,2,0
2023-06-07 15:02:02,16878,16878,16878,2,0
2023-06-07 15:02:02,16878,16878,16878,2,0
2023-06-07 15:02:02,16878,16878,16878,2,0
2023-06-07 15:02:02,16878,16878,16878,2,0
2023-06-07 15:02:02,16878,16878,16878,2,0
2023-06-07 15:02:02,16878,16878,16878,2,0
2023-06-07 15:02:02,16878,16878,16878,2,0
2023-06-07 15:02:02,16878,16878,16878,6,0
2023-06-07 15:02:02,16877,16877,16877,2,-2
2023-06-07 15:02:02,16877,16877,16877,2,0
2023-06-07 15:02:02,16877,16877,16877,2,0
2023-06-07 15:02:02,16877,16877,16877,2,0
2023-06-07 15:02:02,16877,16877,16877,2,0
2023-06-07 15:02:02,16877,16877,16877,2,0
2023-06-07 15:02:03,16878,16878,16878,2,2
2023-06-07 15:02:05,16879,16879,16879,2,2
2023-06-07 15:02:09,16880,16880,16880,10,10
2023-06-07 15:02:11,16880,16880,16880,2,0
2023-06-07 15:02:13,16880,16880,16880,2,0
2023-06-07 15:02:14,16880,16880,16880,2,0
2023-06-07 15:02:16,16880,16880,16880,4,0
2023-06-07 15:02:22,16880,16880,16880,2,0
2023-06-07 15:02:23,16880,16880,16880,28,0
2023-06-07 15:02:23,16880,16880,16880,2,0
2023-06-07 15:02:25,16881,16881,16881,10,10
2023-06-07 15:02:26,16881,16881,16881,2,0
2023-06-07 15:02:27,16881,16881,16881,2,0
2023-06-07 15:02:29,16881,16881,16881,2,0
2023-06-07 15:02:29,16881,16881,16881,2,0
2023-06-07 15:02:33,16881,16881,16881,4,0
2023-06-07 15:02:33,16881,16881,16881,4,0
2023-06-07 15:02:35,16881,16881,16881,2,0
2023-06-07 15:02:37,16882,16882,16882,2,2
2023-06-07 15:02:37,16881,16881,16881,2,-2
2023-06-07 15:02:40,16882,16882,16882,2,2
2023-06-07 15:02:41,16882,16882,16882,2,0
2023-06-07 15:02:46,16882,16882,16882,2,0
2023-06-07 15:02:50,16882,16882,16882,2,0
2023-06-07 15:02:50,16881,16881,16881,2,-2
2023-06-07 15:02:50,16881,16881,16881,2,0
2023-06-07 15:02:50,16881,16881,16881,2,0
2023-06-07 15:02:50,16881,16881,16881,6,0
2023-06-07 15:02:50,16881,16881,16881,2,0
2023-06-07 15:02:50,16881,16881,16881,2,0
2023-06-07 15:02:50,16881,16881,16881,2,0
2023-06-07 15:02:50,16881,16881,16881,2,0
2023-06-07 15:02:50,16881,16881,16881,2,0
2023-06-07 15:02:50,16881,16881,16881,2,0
2023-06-07 15:02:50,16881,16881,16881,2,0
2023-06-07 15:02:51,16882,16882,16882,4,4
2023-06-07 15:02:54,16881,16881,16881,2,-2
2023-06-07 15:02:55,16881,16881,16881,2,0
2023-06-07 15:02:56,16881,16881,16881,8,0
2023-06-07 15:02:59,16881,16881,16881,2,0
2023-06-07 15:03:00,16881,16881,16881,2,0
2023-06-07 15:03:04,16881,16881,16881,2,0
2023-06-07 15:03:05,16880,16880,16880,2,-2
2023-06-07 15:03:05,16881,16881,16881,6,6
2023-06-07 15:03:05,16880,16880,16880,2,-2
2023-06-07 15:03:07,16880,16880,16880,2,0
2023-06-07 15:03:08,16880,16880,16880,2,0
2023-06-07 15:03:08,16881,16881,16881,28,28
2023-06-07 15:03:10,16880,16880,16880,2,-2
2023-06-07 15:03:12,16881,16881,16881,2,2
2023-06-07 15:03:21,16881,16881,16881,2,0
2023-06-07 15:03:23,16881,16881,16881,2,0
2023-06-07 15:03:23,16881,16881,16881,2,0
2023-06-07 15:03:25,16881,16881,16881,2,0
2023-06-07 15:03:25,16881,16881,16881,2,0
2023-06-07 15:03:26,16881,16881,16881,2,0
2023-06-07 15:03:30,16881,16881,16881,4,0
2023-06-07 15:03:33,16881,16881,16881,2,0
2023-06-07 15:03:33,16880,16880,16880,2,-2
2023-06-07 15:03:34,16881,16881,16881,2,2
2023-06-07 15:03:36,16881,16881,16881,10,0
2023-06-07 15:03:36,16880,16880,16880,2,-2
2023-06-07 15:03:38,16881,16881,16881,2,2
2023-06-07 15:03:39,16880,16880,16880,2,-2
2023-06-07 15:03:39,16880,16880,16880,2,0
2023-06-07 15:03:39,16880,16880,16880,2,0
2023-06-07 15:03:39,16880,16880,16880,2,0
2023-06-07 15:03:39,16880,16880,16880,2,0
2023-06-07 15:03:39,16880,16880,16880,2,0
2023-06-07 15:03:39,16881,16881,16881,2,2
2023-06-07 15:03:40,16880,16880,16880,2,-2
2023-06-07 15:03:40,16880,16880,16880,2,0
2023-06-07 15:03:40,16880,16880,16880,2,0
2023-06-07 15:03:40,16880,16880,16880,2,0
2023-06-07 15:03:41,16881,16881,16881,2,2
2023-06-07 15:03:42,16880,16880,16880,2,-2
2023-06-07 15:03:42,16880,16880,16880,2,0
2023-06-07 15:03:42,16880,16880,16880,2,0
2023-06-07 15:03:42,16880,16880,16880,2,0
2023-06-07 15:03:42,16880,16880,16880,2,0
2023-06-07 15:03:46,16880,16880,16880,2,0
2023-06-07 15:03:47,16881,16881,16881,2,2
2023-06-07 15:03:47,16881,16881,16881,2,0
2023-06-07 15:03:49,16880,16880,16880,2,-2
2023-06-07 15:03:56,16880,16880,16880,2,0
2023-06-07 15:04:04,16879,16879,16879,2,-2
2023-06-07 15:04:04,16880,16880,16880,2,2
2023-06-07 15:04:08,16880,16880,16880,2,0
2023-06-07 15:04:11,16880,16880,16880,4,0
2023-06-07 15:04:15,16880,16880,16880,2,0
2023-06-07 15:04:15,16880,16880,16880,2,0
2023-06-07 15:04:17,16881,16881,16881,2,2
2023-06-07 15:04:17,16881,16881,16881,4,0
2023-06-07 15:04:17,16881,16881,16881,6,0
2023-06-07 15:04:17,16881,16881,16881,2,0
2023-06-07 15:04:17,16881,16881,16881,4,0
2023-06-07 15:04:17,16881,16881,16881,2,0
2023-06-07 15:04:20,16881,16881,16881,10,0
2023-06-07 15:04:20,16881,16881,16881,2,0
2023-06-07 15:04:20,16881,16881,16881,4,0
2023-06-07 15:04:20,16881,16881,16881,4,0
2023-06-07 15:04:20,16881,16881,16881,4,0
2023-06-07 15:04:20,16881,16881,16881,2,0
2023-06-07 15:04:20,16881,16881,16881,6,0
2023-06-07 15:04:20,16881,16881,16881,4,0
2023-06-07 15:04:21,16882,16882,16882,2,2
2023-06-07 15:04:25,16882,16882,16882,2,0
2023-06-07 15:04:28,16882,16882,16882,2,0
2023-06-07 15:04:31,16882,16882,16882,2,0
2023-06-07 15:04:31,16882,16882,16882,2,0
2023-06-07 15:04:32,16882,16882,16882,2,0
2023-06-07 15:04:33,16882,16882,16882,2,0
2023-06-07 15:04:35,16882,16882,16882,2,0
2023-06-07 15:04:45,16882,16882,16882,2,0
2023-06-07 15:04:47,16882,16882,16882,2,0
2023-06-07 15:04:47,16882,16882,16882,2,0
2023-06-07 15:04:47,16882,16882,16882,2,0
2023-06-07 15:04:47,16882,16882,16882,2,0
2023-06-07 15:04:53,16882,16882,16882,4,0
2023-06-07 15:05:00,16881,16881,16881,8,-8
2023-06-07 15:05:00,16881,16881,16881,6,0
2023-06-07 15:05:00,16881,16881,16881,2,0
2023-06-07 15:05:00,16881,16881,16881,2,0
2023-06-07 15:05:00,16881,16881,16881,2,0
2023-06-07 15:05:00,16881,16881,16881,2,0
2023-06-07 15:05:00,16881,16881,16881,4,0
2023-06-07 15:05:01,16881,16881,16881,2,0
2023-06-07 15:05:03,16882,16882,16882,2,2
2023-06-07 15:05:03,16882,16882,16882,2,0
2023-06-07 15:05:03,16882,16882,16882,2,0
2023-06-07 15:05:03,16882,16882,16882,2,0
2023-06-07 15:05:03,16882,16882,16882,2,0
2023-06-07 15:05:03,16882,16882,16882,16,0
2023-06-07 15:05:03,16882,16882,16882,4,0
2023-06-07 15:05:03,16882,16882,16882,2,0
2023-06-07 15:05:03,16882,16882,16882,2,0
2023-06-07 15:05:06,16883,16883,16883,2,2
2023-06-07 15:05:06,16883,16883,16883,4,0
2023-06-07 15:05:06,16883,16883,16883,2,0
2023-06-07 15:05:08,16884,16884,16884,2,2
2023-06-07 15:05:09,16883,16883,16883,2,-2
2023-06-07 15:05:18,16883,16883,16883,2,0
2023-06-07 15:05:18,16883,16883,16883,2,0
2023-06-07 15:05:18,16883,16883,16883,6,0
2023-06-07 15:05:19,16882,16882,16882,2,-2
2023-06-07 15:05:21,16883,16883,16883,4,4
2023-06-07 15:05:21,16882,16882,16882,2,-2
2023-06-07 15:05:22,16883,16883,16883,2,2
2023-06-07 15:05:23,16884,16884,16884,2,2
2023-06-07 15:05:27,16884,16884,16884,2,0
2023-06-07 15:05:31,16884,16884,16884,4,0
2023-06-07 15:05:31,16884,16884,16884,10,0
2023-06-07 15:05:32,16884,16884,16884,2,0
2023-06-07 15:05:34,16883,16883,16883,2,-2
2023-06-07 15:05:40,16884,16884,16884,2,2
2023-06-07 15:05:41,16884,16884,16884,2,0
2023-06-07 15:05:45,16884,16884,16884,4,0
2023-06-07 15:05:49,16884,16884,16884,6,0
2023-06-07 15:05:50,16885,16885,16885,2,2
2023-06-07 15:05:50,16885,16885,16885,10,0
2023-06-07 15:05:53,16884,16884,16884,4,-4
2023-06-07 15:05:53,16884,16884,16884,2,0
2023-06-07 15:05:56,16885,16885,16885,2,2
2023-06-07 15:05:59,16885,16885,16885,2,0
2023-06-07 15:05:59,16884,16884,16884,4,-4
2023-06-07 15:06:00,16884,16884,16884,6,0
2023-06-07 15:06:00,16884,16884,16884,2,0
2023-06-07 15:06:00,16884,16884,16884,2,0
2023-06-07 15:06:00,16884,16884,16884,6,0
2023-06-07 15:06:08,16884,16884,16884,10,0
2023-06-07 15:06:08,16884,16884,16884,2,0
2023-06-07 15:06:08,16884,16884,16884,4,0
2023-06-07 15:06:08,16884,16884,16884,2,0
2023-06-07 15:06:08,16884,16884,16884,2,0
2023-06-07 15:06:14,16884,16884,16884,2,0
2023-06-07 15:06:16,16884,16884,16884,8,0
2023-06-07 15:06:16,16885,16885,16885,2,2
2023-06-07 15:06:25,16885,16885,16885,2,0
2023-06-07 15:06:26,16885,16885,16885,10,0
2023-06-07 15:06:26,16885,16885,16885,2,0
2023-06-07 15:06:31,16885,16885,16885,2,0
2023-06-07 15:06:31,16885,16885,16885,12,0
2023-06-07 15:06:36,16885,16885,16885,2,0
2023-06-07 15:06:36,16885,16885,16885,2,0
2023-06-07 15:06:39,16884,16884,16884,2,-2
2023-06-07 15:06:40,16884,16884,16884,2,0
2023-06-07 15:06:41,16885,16885,16885,4,4
2023-06-07 15:06:45,16885,16885,16885,2,0
2023-06-07 15:06:47,16886,16886,16886,2,2
2023-06-07 15:06:47,16886,16886,16886,2,0
2023-06-07 15:06:48,16885,16885,16885,2,-2
2023-06-07 15:06:48,16886,16886,16886,2,2
2023-06-07 15:06:49,16886,16886,16886,6,0
2023-06-07 15:06:49,16886,16886,16886,2,0
2023-06-07 15:06:50,16886,16886,16886,2,0
2023-06-07 15:06:52,16885,16885,16885,2,-2
2023-06-07 15:06:53,16885,16885,16885,2,0
2023-06-07 15:06:53,16885,16885,16885,2,0
2023-06-07 15:06:53,16885,16885,16885,2,0
2023-06-07 15:06:53,16886,16886,16886,2,2
2023-06-07 15:06:53,16886,16886,16886,2,0
2023-06-07 15:06:54,16886,16886,16886,2,0
2023-06-07 15:06:54,16886,16886,16886,6,0
2023-06-07 15:06:54,16886,16886,16886,2,0
2023-06-07 15:06:55,16886,16886,16886,2,0
2023-06-07 15:06:55,16886,16886,16886,4,0
2023-06-07 15:06:55,16886,16886,16886,6,0
2023-06-07 15:06:55,16886,16886,16886,2,0
2023-06-07 15:06:55,16886,16886,16886,2,0
2023-06-07 15:06:57,16885,16885,16885,2,-2
2023-06-07 15:06:57,16885,16885,16885,2,0
2023-06-07 15:06:57,16885,16885,16885,2,0
2023-06-07 15:06:57,16885,16885,16885,2,0
2023-06-07 15:06:57,16885,16885,16885,2,0
2023-06-07 15:06:57,16885,16885,16885,2,0
2023-06-07 15:06:57,16885,16885,16885,2,0
2023-06-07 15:06:57,16885,16885,16885,2,0
2023-06-07 15:06:57,16885,16885,16885,2,0
2023-06-07 15:06:57,16885,16885,16885,2,0
2023-06-07 15:06:57,16886,16886,16886,2,2
2023-06-07 15:06:58,16886,16886,16886,10,0
2023-06-07 15:07:00,16886,16886,16886,2,0
2023-06-07 15:07:00,16886,16886,16886,4,0
2023-06-07 15:07:00,16887,16887,16887,4,4
2023-06-07 15:07:06,16886,16886,16886,2,-2
2023-06-07 15:07:09,16886,16886,16886,2,0
2023-06-07 15:07:09,16886,16886,16886,4,0
2023-06-07 15:07:11,16887,16887,16887,12,12
2023-06-07 15:07:12,16887,16887,16887,2,0
2023-06-07 15:07:14,16886,16886,16886,2,-2
2023-06-07 15:07:14,16887,16887,16887,2,2
2023-06-07 15:07:16,16887,16887,16887,4,0
2023-06-07 15:07:16,16886,16886,16886,2,-2
2023-06-07 15:07:16,16886,16886,16886,2,0
2023-06-07 15:07:16,16886,16886,16886,2,0
2023-06-07 15:07:21,16887,16887,16887,2,2
2023-06-07 15:07:28,16887,16887,16887,2,0
2023-06-07 15:07:30,16887,16887,16887,6,0
2023-06-07 15:07:31,16887,16887,16887,2,0
2023-06-07 15:07:32,16887,16887,16887,2,0
2023-06-07 15:07:37,16886,16886,16886,2,-2
2023-06-07 15:07:37,16886,16886,16886,2,0
2023-06-07 15:07:37,16886,16886,16886,4,0
2023-06-07 15:07:37,16886,16886,16886,2,0
2023-06-07 15:07:37,16886,16886,16886,2,0
2023-06-07 15:07:37,16886,16886,16886,2,0
2023-06-07 15:07:38,16886,16886,16886,2,0
2023-06-07 15:07:38,16886,16886,16886,2,0
2023-06-07 15:07:43,16886,16886,16886,4,0
2023-06-07 15:07:46,16886,16886,16886,2,0
2023-06-07 15:07:51,16885,16885,16885,2,-2
2023-06-07 15:07:51,16885,16885,16885,2,0
2023-06-07 15:07:51,16885,16885,16885,2,0
2023-06-07 15:07:51,16885,16885,16885,2,0
2023-06-07 15:07:51,16885,16885,16885,2,0
2023-06-07 15:07:51,16885,16885,16885,2,0
2023-06-07 15:07:51,16885,16885,16885,2,0
2023-06-07 15:07:51,16885,16885,16885,2,0
2023-06-07 15:07:51,16885,16885,16885,2,0
2023-06-07 15:07:51,16885,16885,16885,2,0
2023-06-07 15:07:51,16885,16885,16885,2,0
2023-06-07 15:07:53,16885,16885,16885,4,0
2023-06-07 15:07:54,16885,16885,16885,10,0
2023-06-07 15:07:55,16885,16885,16885,2,0
2023-06-07 15:07:58,16885,16885,16885,2,0
2023-06-07 15:08:05,16886,16886,16886,6,6
2023-06-07 15:08:06,16886,16886,16886,2,0
2023-06-07 15:08:06,16886,16886,16886,4,0
2023-06-07 15:08:07,16885,16885,16885,2,-2
2023-06-07 15:08:07,16885,16885,16885,4,0
2023-06-07 15:08:16,16885,16885,16885,2,0
2023-06-07 15:08:47,16885,16885,16885,2,0
2023-06-07 15:08:47,16885,16885,16885,2,0
2023-06-07 15:08:47,16885,16885,16885,2,0
2023-06-07 15:08:47,16885,16885,16885,2,0
2023-06-07 15:08:47,16885,16885,16885,2,0
2023-06-07 15:08:47,16885,16885,16885,2,0
2023-06-07 15:08:47,16885,16885,16885,2,0
2023-06-07 15:08:47,16885,16885,16885,2,0
2023-06-07 15:08:49,16884,16884,16884,4,-4
2023-06-07 15:08:49,16884,16884,16884,2,0
2023-06-07 15:08:49,16884,16884,16884,2,0
2023-06-07 15:08:49,16884,16884,16884,2,0
2023-06-07 15:08:49,16884,16884,16884,2,0
2023-06-07 15:08:49,16884,16884,16884,2,0
2023-06-07 15:08:49,16884,16884,16884,8,0
2023-06-07 15:08:49,16884,16884,16884,2,0
2023-06-07 15:08:49,16884,16884,16884,2,0
2023-06-07 15:08:49,16883,16883,16883,2,-2
2023-06-07 15:08:49,16883,16883,16883,2,0
2023-06-07 15:08:49,16883,16883,16883,2,0
2023-06-07 15:08:49,16883,16883,16883,2,0
2023-06-07 15:08:49,16883,16883,16883,2,0
2023-06-07 15:08:49,16883,16883,16883,2,0
2023-06-07 15:08:49,16882,16882,16882,2,-2
2023-06-07 15:08:50,16882,16882,16882,2,0
2023-06-07 15:08:50,16882,16882,16882,2,0
2023-06-07 15:08:51,16882,16882,16882,2,0
2023-06-07 15:08:51,16882,16882,16882,2,0
2023-06-07 15:08:51,16882,16882,16882,2,0
2023-06-07 15:08:51,16882,16882,16882,2,0
2023-06-07 15:08:54,16883,16883,16883,6,6
2023-06-07 15:09:00,16883,16883,16883,2,0
2023-06-07 15:09:01,16882,16882,16882,4,-4
2023-06-07 15:09:01,16883,16883,16883,2,2
2023-06-07 15:09:09,16883,16883,16883,2,0
2023-06-07 15:09:14,16883,16883,16883,2,0
2023-06-07 15:09:18,16883,16883,16883,2,0
2023-06-07 15:09:19,16882,16882,16882,2,-2
2023-06-07 15:09:19,16882,16882,16882,2,0
2023-06-07 15:09:19,16882,16882,16882,2,0
2023-06-07 15:09:19,16882,16882,16882,2,0
2023-06-07 15:09:19,16882,16882,16882,2,0
2023-06-07 15:09:20,16882,16882,16882,2,0
2023-06-07 15:09:24,16881,16881,16881,2,-2
2023-06-07 15:09:24,16881,16881,16881,2,0
2023-06-07 15:09:24,16881,16881,16881,2,0
2023-06-07 15:09:24,16881,16881,16881,2,0
2023-06-07 15:09:24,16881,16881,16881,2,0
2023-06-07 15:09:24,16881,16881,16881,2,0
2023-06-07 15:09:24,16881,16881,16881,2,0
2023-06-07 15:09:24,16881,16881,16881,2,0
2023-06-07 15:09:24,16881,16881,16881,2,0
2023-06-07 15:09:24,16881,16881,16881,2,0
2023-06-07 15:09:25,16880,16880,16880,2,-2
2023-06-07 15:09:27,16880,16880,16880,2,0
2023-06-07 15:09:27,16880,16880,16880,4,0
2023-06-07 15:09:27,16880,16880,16880,2,0
2023-06-07 15:09:27,16880,16880,16880,2,0
2023-06-07 15:09:27,16880,16880,16880,2,0
2023-06-07 15:09:27,16880,16880,16880,2,0
2023-06-07 15:09:27,16880,16880,16880,2,0
2023-06-07 15:09:27,16880,16880,16880,2,0
2023-06-07 15:09:27,16880,16880,16880,6,0
2023-06-07 15:09:27,16880,16880,16880,2,0
2023-06-07 15:09:27,16880,16880,16880,2,0
2023-06-07 15:09:27,16879,16879,16879,2,-2
2023-06-07 15:09:28,16880,16880,16880,2,2
2023-06-07 15:09:29,16879,16879,16879,2,-2
2023-06-07 15:09:32,16880,16880,16880,2,2
2023-06-07 15:09:32,16880,16880,16880,2,0
2023-06-07 15:09:35,16880,16880,16880,6,0
2023-06-07 15:09:39,16879,16879,16879,2,-2
2023-06-07 15:09:48,16879,16879,16879,2,0
2023-06-07 15:09:48,16879,16879,16879,2,0
2023-06-07 15:09:52,16880,16880,16880,10,10
2023-06-07 15:09:52,16881,16881,16881,4,4
2023-06-07 15:09:52,16881,16881,16881,2,0
2023-06-07 15:09:54,16881,16881,16881,2,0
2023-06-07 15:09:57,16880,16880,16880,2,-2
2023-06-07 15:10:08,16880,16880,16880,6,0
2023-06-07 15:10:08,16880,16880,16880,4,0
2023-06-07 15:10:08,16880,16880,16880,2,0
2023-06-07 15:10:08,16880,16880,16880,2,0
2023-06-07 15:10:11,16879,16879,16879,2,-2
2023-06-07 15:10:12,16879,16879,16879,2,0
2023-06-07 15:10:12,16879,16879,16879,2,0
2023-06-07 15:10:12,16880,16880,16880,2,2
2023-06-07 15:10:13,16879,16879,16879,2,-2
2023-06-07 15:10:16,16879,16879,16879,2,0
2023-06-07 15:10:16,16879,16879,16879,2,0
2023-06-07 15:10:16,16879,16879,16879,2,0
2023-06-07 15:10:16,16879,16879,16879,2,0
2023-06-07 15:10:16,16879,16879,16879,2,0
2023-06-07 15:10:16,16879,16879,16879,2,0
2023-06-07 15:10:16,16879,16879,16879,2,0
2023-06-07 15:10:16,16879,16879,16879,2,0
2023-06-07 15:10:16,16879,16879,16879,2,0
2023-06-07 15:10:16,16879,16879,16879,2,0
2023-06-07 15:10:16,16879,16879,16879,12,0
2023-06-07 15:10:17,16878,16878,16878,2,-2
2023-06-07 15:10:17,16878,16878,16878,2,0
2023-06-07 15:10:17,16878,16878,16878,2,0
2023-06-07 15:10:17,16878,16878,16878,2,0
2023-06-07 15:10:17,16878,16878,16878,2,0
2023-06-07 15:10:17,16878,16878,16878,2,0
2023-06-07 15:10:17,16878,16878,16878,2,0
2023-06-07 15:10:17,16878,16878,16878,6,0
2023-06-07 15:10:17,16878,16878,16878,2,0
2023-06-07 15:10:18,16878,16878,16878,2,0
2023-06-07 15:10:19,16879,16879,16879,2,2
2023-06-07 15:10:19,16879,16879,16879,2,0
2023-06-07 15:10:20,16878,16878,16878,2,-2
2023-06-07 15:10:20,16879,16879,16879,2,2
2023-06-07 15:10:21,16878,16878,16878,2,-2
2023-06-07 15:10:23,16879,16879,16879,2,2
2023-06-07 15:10:23,16879,16879,16879,2,0
2023-06-07 15:10:25,16879,16879,16879,2,0
2023-06-07 15:10:25,16879,16879,16879,2,0
2023-06-07 15:10:26,16880,16880,16880,2,2
2023-06-07 15:10:26,16880,16880,16880,2,0
2023-06-07 15:10:29,16879,16879,16879,2,-2
2023-06-07 15:10:33,16879,16879,16879,2,0
2023-06-07 15:10:33,16879,16879,16879,2,0
2023-06-07 15:10:33,16879,16879,16879,2,0
2023-06-07 15:10:33,16879,16879,16879,2,0
2023-06-07 15:10:38,16879,16879,16879,2,0
2023-06-07 15:10:39,16880,16880,16880,2,2
2023-06-07 15:10:40,16879,16879,16879,2,-2
2023-06-07 15:10:43,16879,16879,16879,2,0
2023-06-07 15:10:43,16879,16879,16879,2,0
2023-06-07 15:10:44,16879,16879,16879,2,0
2023-06-07 15:10:44,16879,16879,16879,2,0
2023-06-07 15:10:44,16879,16879,16879,2,0
2023-06-07 15:10:44,16879,16879,16879,12,0
2023-06-07 15:10:44,16879,16879,16879,2,0
2023-06-07 15:10:44,16879,16879,16879,2,0
2023-06-07 15:10:46,16879,16879,16879,2,0
2023-06-07 15:11:00,16878,16878,16878,2,-2
2023-06-07 15:11:00,16878,16878,16878,2,0
2023-06-07 15:11:00,16878,16878,16878,12,0
2023-06-07 15:11:00,16878,16878,16878,2,0
2023-06-07 15:11:00,16878,16878,16878,2,0
2023-06-07 15:11:00,16878,16878,16878,2,0
2023-06-07 15:11:00,16878,16878,16878,2,0
2023-06-07 15:11:00,16878,16878,16878,2,0
2023-06-07 15:11:00,16878,16878,16878,2,0
2023-06-07 15:11:00,16878,16878,16878,2,0
2023-06-07 15:11:00,16878,16878,16878,2,0
2023-06-07 15:11:01,16877,16877,16877,2,-2
2023-06-07 15:11:01,16877,16877,16877,2,0
2023-06-07 15:11:01,16877,16877,16877,2,0
2023-06-07 15:11:01,16877,16877,16877,2,0
2023-06-07 15:11:01,16877,16877,16877,2,0
2023-06-07 15:11:01,16877,16877,16877,2,0
2023-06-07 15:11:01,16877,16877,16877,2,0
2023-06-07 15:11:01,16877,16877,16877,6,0
2023-06-07 15:11:01,16877,16877,16877,4,0
2023-06-07 15:11:01,16877,16877,16877,2,0
2023-06-07 15:11:01,16877,16877,16877,2,0
2023-06-07 15:11:01,16877,16877,16877,2,0
2023-06-07 15:11:01,16877,16877,16877,2,0
2023-06-07 15:11:01,16877,16877,16877,2,0
2023-06-07 15:11:01,16877,16877,16877,2,0
2023-06-07 15:11:04,16876,16876,16876,2,-2
2023-06-07 15:11:04,16876,16876,16876,2,0
2023-06-07 15:11:04,16876,16876,16876,4,0
2023-06-07 15:11:04,16876,16876,16876,2,0
2023-06-07 15:11:04,16876,16876,16876,4,0
2023-06-07 15:11:04,16876,16876,16876,2,0
2023-06-07 15:11:04,16876,16876,16876,2,0
2023-06-07 15:11:04,16876,16876,16876,2,0
2023-06-07 15:11:04,16876,16876,16876,2,0
2023-06-07 15:11:04,16876,16876,16876,2,0
2023-06-07 15:11:04,16876,16876,16876,4,0
2023-06-07 15:11:04,16876,16876,16876,2,0
2023-06-07 15:11:04,16875,16875,16875,2,-2
2023-06-07 15:11:04,16875,16875,16875,2,0
2023-06-07 15:11:04,16875,16875,16875,2,0
2023-06-07 15:11:04,16875,16875,16875,2,0
2023-06-07 15:11:04,16875,16875,16875,8,0
2023-06-07 15:11:04,16875,16875,16875,2,0
2023-06-07 15:11:04,16875,16875,16875,2,0
2023-06-07 15:11:04,16875,16875,16875,2,0
2023-06-07 15:11:04,16875,16875,16875,2,0
2023-06-07 15:11:04,16875,16875,16875,2,0
2023-06-07 15:11:04,16875,16875,16875,2,0
2023-06-07 15:11:04,16875,16875,16875,4,0
2023-06-07 15:11:04,16875,16875,16875,2,0
2023-06-07 15:11:04,16875,16875,16875,4,0
2023-06-07 15:11:04,16875,16875,16875,2,0
2023-06-07 15:11:04,16875,16875,16875,2,0
2023-06-07 15:11:04,16875,16875,16875,4,0
2023-06-07 15:11:04,16874,16874,16874,2,-2
2023-06-07 15:11:04,16874,16874,16874,4,0
2023-06-07 15:11:04,16875,16875,16875,2,2
2023-06-07 15:11:04,16874,16874,16874,2,-2
2023-06-07 15:11:04,16874,16874,16874,2,0
2023-06-07 15:11:04,16874,16874,16874,2,0
2023-06-07 15:11:04,16874,16874,16874,2,0
2023-06-07 15:11:04,16874,16874,16874,2,0
2023-06-07 15:11:04,16874,16874,16874,2,0
2023-06-07 15:11:06,16875,16875,16875,4,4
2023-06-07 15:11:06,16874,16874,16874,2,-2
2023-06-07 15:11:06,16875,16875,16875,2,2
2023-06-07 15:11:07,16874,16874,16874,2,-2
2023-06-07 15:11:07,16874,16874,16874,2,0
2023-06-07 15:11:07,16874,16874,16874,2,0
2023-06-07 15:11:07,16874,16874,16874,2,0
2023-06-07 15:11:13,16875,16875,16875,20,20
2023-06-07 15:11:13,16876,16876,16876,2,2
2023-06-07 15:11:13,16875,16875,16875,2,-2
2023-06-07 15:11:13,16875,16875,16875,2,0
2023-06-07 15:11:16,16875,16875,16875,2,0
2023-06-07 15:11:17,16874,16874,16874,2,-2
2023-06-07 15:11:17,16874,16874,16874,4,0
2023-06-07 15:11:18,16875,16875,16875,2,2
2023-06-07 15:11:19,16875,16875,16875,2,0
2023-06-07 15:11:20,16874,16874,16874,4,-4
2023-06-07 15:11:20,16875,16875,16875,4,4
2023-06-07 15:11:21,16874,16874,16874,2,-2
2023-06-07 15:11:21,16874,16874,16874,2,0
2023-06-07 15:11:23,16874,16874,16874,2,0
2023-06-07 15:11:24,16874,16874,16874,4,0
2023-06-07 15:11:26,16874,16874,16874,2,0
2023-06-07 15:11:26,16874,16874,16874,2,0
2023-06-07 15:11:26,16875,16875,16875,2,2
2023-06-07 15:11:27,16875,16875,16875,4,0
2023-06-07 15:11:27,16875,16875,16875,2,0
2023-06-07 15:11:27,16876,16876,16876,2,2
2023-06-07 15:11:28,16875,16875,16875,2,-2
2023-06-07 15:11:31,16875,16875,16875,4,0
2023-06-07 15:11:31,16875,16875,16875,6,0
2023-06-07 15:11:31,16875,16875,16875,4,0
2023-06-07 15:11:31,16875,16875,16875,2,0
2023-06-07 15:11:31,16875,16875,16875,2,0
2023-06-07 15:11:31,16875,16875,16875,2,0
2023-06-07 15:11:33,16876,16876,16876,2,2
2023-06-07 15:11:35,16875,16875,16875,2,-2
2023-06-07 15:11:38,16876,16876,16876,4,4
2023-06-07 15:11:40,16876,16876,16876,10,0
2023-06-07 15:11:41,16875,16875,16875,2,-2
2023-06-07 15:11:41,16875,16875,16875,2,0
2023-06-07 15:11:41,16875,16875,16875,4,0
2023-06-07 15:11:42,16875,16875,16875,8,0
2023-06-07 15:11:43,16876,16876,16876,2,2
2023-06-07 15:11:45,16876,16876,16876,2,0
2023-06-07 15:11:49,16875,16875,16875,4,-4
2023-06-07 15:11:49,16875,16875,16875,2,0
2023-06-07 15:11:49,16875,16875,16875,2,0
2023-06-07 15:11:49,16875,16875,16875,2,0
2023-06-07 15:11:49,16875,16875,16875,6,0
2023-06-07 15:11:49,16875,16875,16875,2,0
2023-06-07 15:11:49,16875,16875,16875,2,0
2023-06-07 15:11:53,16875,16875,16875,4,0
2023-06-07 15:11:53,16875,16875,16875,4,0
2023-06-07 15:11:56,16875,16875,16875,2,0
2023-06-07 15:11:56,16875,16875,16875,2,0
2023-06-07 15:11:56,16875,16875,16875,6,0
2023-06-07 15:11:59,16875,16875,16875,2,0
2023-06-07 15:11:59,16875,16875,16875,4,0
2023-06-07 15:11:59,16875,16875,16875,2,0
2023-06-07 15:11:59,16875,16875,16875,2,0
2023-06-07 15:11:59,16875,16875,16875,4,0
2023-06-07 15:11:59,16875,16875,16875,2,0
2023-06-07 15:11:59,16875,16875,16875,2,0
2023-06-07 15:12:00,16875,16875,16875,2,0
2023-06-07 15:12:04,16875,16875,16875,8,0
2023-06-07 15:12:04,16876,16876,16876,2,2
2023-06-07 15:12:04,16876,16876,16876,2,0
2023-06-07 15:12:05,16877,16877,16877,2,2
2023-06-07 15:12:05,16877,16877,16877,8,0
2023-06-07 15:12:05,16877,16877,16877,2,0
2023-06-07 15:12:05,16877,16877,16877,4,0
2023-06-07 15:12:05,16877,16877,16877,2,0
2023-06-07 15:12:05,16877,16877,16877,2,0
2023-06-07 15:12:05,16877,16877,16877,12,0
2023-06-07 15:12:07,16878,16878,16878,2,2
2023-06-07 15:12:11,16876,16876,16876,12,-12
2023-06-07 15:12:11,16876,16876,16876,2,0
2023-06-07 15:12:15,16876,16876,16876,2,0
2023-06-07 15:12:16,16876,16876,16876,2,0
2023-06-07 15:12:17,16876,16876,16876,2,0
2023-06-07 15:12:19,16876,16876,16876,2,0
2023-06-07 15:12:19,16876,16876,16876,2,0
2023-06-07 15:12:20,16876,16876,16876,2,0
2023-06-07 15:12:22,16876,16876,16876,2,0
2023-06-07 15:12:23,16877,16877,16877,2,2
2023-06-07 15:12:25,16875,16875,16875,2,-2
2023-06-07 15:12:25,16875,16875,16875,4,0
2023-06-07 15:12:25,16875,16875,16875,2,0
2023-06-07 15:12:25,16875,16875,16875,4,0
2023-06-07 15:12:25,16875,16875,16875,2,0
2023-06-07 15:12:25,16875,16875,16875,6,0
2023-06-07 15:12:25,16875,16875,16875,2,0
2023-06-07 15:12:25,16875,16875,16875,2,0
2023-06-07 15:12:25,16875,16875,16875,4,0
2023-06-07 15:12:25,16875,16875,16875,24,0
2023-06-07 15:12:29,16877,16877,16877,20,20
2023-06-07 15:12:30,16876,16876,16876,2,-2
2023-06-07 15:12:30,16876,16876,16876,4,0
2023-06-07 15:12:36,16876,16876,16876,4,0
2023-06-07 15:12:36,16876,16876,16876,2,0
2023-06-07 15:12:38,16876,16876,16876,4,0
2023-06-07 15:12:44,16876,16876,16876,2,0
2023-06-07 15:12:46,16875,16875,16875,6,-6
2023-06-07 15:12:46,16875,16875,16875,2,0
2023-06-07 15:12:46,16875,16875,16875,2,0
2023-06-07 15:12:47,16876,16876,16876,2,2
2023-06-07 15:12:47,16876,16876,16876,2,0
2023-06-07 15:12:50,16875,16875,16875,2,-2
2023-06-07 15:12:51,16875,16875,16875,4,0
2023-06-07 15:12:55,16874,16874,16874,6,-6
2023-06-07 15:12:55,16874,16874,16874,2,0
2023-06-07 15:12:56,16875,16875,16875,4,4
2023-06-07 15:12:56,16875,16875,16875,2,0
2023-06-07 15:12:56,16875,16875,16875,2,0
2023-06-07 15:13:00,16875,16875,16875,2,0
2023-06-07 15:13:00,16875,16875,16875,4,0
2023-06-07 15:13:00,16875,16875,16875,2,0
2023-06-07 15:13:00,16875,16875,16875,2,0
2023-06-07 15:13:03,16875,16875,16875,2,0
2023-06-07 15:13:04,16876,16876,16876,2,2
2023-06-07 15:13:04,16876,16876,16876,2,0
2023-06-07 15:13:07,16877,16877,16877,6,6
2023-06-07 15:13:09,16877,16877,16877,6,0
2023-06-07 15:13:11,16876,16876,16876,6,-6
2023-06-07 15:13:11,16876,16876,16876,4,0
2023-06-07 15:13:11,16876,16876,16876,4,0
2023-06-07 15:13:11,16876,16876,16876,6,0
2023-06-07 15:13:12,16876,16876,16876,4,0
2023-06-07 15:13:14,16875,16875,16875,2,-2
2023-06-07 15:13:14,16875,16875,16875,2,0
2023-06-07 15:13:14,16875,16875,16875,2,0
2023-06-07 15:13:14,16875,16875,16875,4,0
2023-06-07 15:13:14,16876,16876,16876,2,2
2023-06-07 15:13:14,16876,16876,16876,4,0
2023-06-07 15:13:14,16876,16876,16876,2,0
2023-06-07 15:13:15,16876,16876,16876,2,0
2023-06-07 15:13:21,16876,16876,16876,6,0
2023-06-07 15:13:27,16875,16875,16875,2,-2
2023-06-07 15:13:27,16875,16875,16875,2,0
2023-06-07 15:13:27,16875,16875,16875,2,0
2023-06-07 15:13:27,16875,16875,16875,2,0
2023-06-07 15:13:27,16875,16875,16875,6,0
2023-06-07 15:13:27,16875,16875,16875,2,0
2023-06-07 15:13:27,16875,16875,16875,2,0
2023-06-07 15:13:27,16875,16875,16875,2,0
2023-06-07 15:13:29,16876,16876,16876,2,2
2023-06-07 15:13:32,16875,16875,16875,2,-2
2023-06-07 15:13:32,16875,16875,16875,2,0
2023-06-07 15:13:32,16875,16875,16875,4,0
2023-06-07 15:13:32,16875,16875,16875,2,0
2023-06-07 15:13:35,16874,16874,16874,2,-2
2023-06-07 15:13:35,16874,16874,16874,2,0
2023-06-07 15:13:43,16875,16875,16875,2,2
2023-06-07 15:13:45,16875,16875,16875,2,0
2023-06-07 15:13:45,16875,16875,16875,2,0
2023-06-07 15:13:49,16875,16875,16875,2,0
2023-06-07 15:13:49,16875,16875,16875,2,0
2023-06-07 15:13:50,16875,16875,16875,2,0
2023-06-07 15:13:50,16876,16876,16876,2,2
2023-06-07 15:13:51,16875,16875,16875,2,-2
2023-06-07 15:13:58,16875,16875,16875,2,0
2023-06-07 15:13:59,16875,16875,16875,2,0
2023-06-07 15:14:01,16874,16874,16874,2,-2
2023-06-07 15:14:02,16875,16875,16875,4,4
2023-06-07 15:14:02,16875,16875,16875,2,0
2023-06-07 15:14:02,16874,16874,16874,2,-2
2023-06-07 15:14:02,16874,16874,16874,2,0
2023-06-07 15:14:02,16874,16874,16874,2,0
2023-06-07 15:14:02,16874,16874,16874,2,0
2023-06-07 15:14:02,16874,16874,16874,2,0
2023-06-07 15:14:02,16874,16874,16874,2,0
2023-06-07 15:14:02,16874,16874,16874,2,0
2023-06-07 15:14:02,16874,16874,16874,2,0
2023-06-07 15:14:02,16874,16874,16874,4,0
2023-06-07 15:14:02,16874,16874,16874,2,0
2023-06-07 15:14:02,16874,16874,16874,2,0
2023-06-07 15:14:02,16874,16874,16874,4,0
2023-06-07 15:14:02,16874,16874,16874,2,0
2023-06-07 15:14:02,16874,16874,16874,2,0
2023-06-07 15:14:02,16874,16874,16874,2,0
2023-06-07 15:14:02,16874,16874,16874,2,0
2023-06-07 15:14:02,16874,16874,16874,2,0
2023-06-07 15:14:02,16874,16874,16874,8,0
2023-06-07 15:14:02,16873,16873,16873,2,-2
2023-06-07 15:14:02,16873,16873,16873,2,0
2023-06-07 15:14:02,16873,16873,16873,2,0
2023-06-07 15:14:03,16873,16873,16873,2,0
2023-06-07 15:14:03,16873,16873,16873,2,0
2023-06-07 15:14:03,16873,16873,16873,2,0
2023-06-07 15:14:03,16874,16874,16874,4,4
2023-06-07 15:14:03,16873,16873,16873,2,-2
2023-06-07 15:14:03,16873,16873,16873,2,0
2023-06-07 15:14:03,16873,16873,16873,2,0
2023-06-07 15:14:03,16873,16873,16873,2,0
2023-06-07 15:14:03,16873,16873,16873,2,0
2023-06-07 15:14:03,16873,16873,16873,2,0
2023-06-07 15:14:03,16873,16873,16873,2,0
2023-06-07 15:14:03,16873,16873,16873,2,0
2023-06-07 15:14:06,16873,16873,16873,10,0
2023-06-07 15:14:06,16873,16873,16873,2,0
2023-06-07 15:14:06,16873,16873,16873,2,0
2023-06-07 15:14:14,16874,16874,16874,2,2
2023-06-07 15:14:14,16873,16873,16873,2,-2
2023-06-07 15:14:16,16874,16874,16874,2,2
2023-06-07 15:14:18,16873,16873,16873,2,-2
2023-06-07 15:14:22,16874,16874,16874,2,2
2023-06-07 15:14:22,16873,16873,16873,2,-2
2023-06-07 15:14:22,16873,16873,16873,2,0
2023-06-07 15:14:22,16873,16873,16873,2,0
2023-06-07 15:14:23,16874,16874,16874,4,4
2023-06-07 15:14:32,16874,16874,16874,2,0
2023-06-07 15:14:32,16874,16874,16874,2,0
2023-06-07 15:14:37,16874,16874,16874,2,0
2023-06-07 15:14:38,16874,16874,16874,4,0
2023-06-07 15:14:38,16875,16875,16875,10,10
2023-06-07 15:14:38,16874,16874,16874,2,-2
2023-06-07 15:14:44,16873,16873,16873,4,-4
2023-06-07 15:14:44,16873,16873,16873,2,0
2023-06-07 15:14:44,16873,16873,16873,4,0
2023-06-07 15:14:44,16873,16873,16873,2,0
2023-06-07 15:14:44,16873,16873,16873,2,0
2023-06-07 15:14:44,16873,16873,16873,2,0
2023-06-07 15:14:44,16873,16873,16873,2,0
2023-06-07 15:14:44,16873,16873,16873,2,0
2023-06-07 15:14:45,16874,16874,16874,14,14
2023-06-07 15:14:49,16874,16874,16874,10,0
2023-06-07 15:14:49,16874,16874,16874,2,0
2023-06-07 15:14:49,16874,16874,16874,2,0
2023-06-07 15:14:49,16874,16874,16874,2,0
2023-06-07 15:14:49,16874,16874,16874,2,0
2023-06-07 15:14:49,16874,16874,16874,2,0
2023-06-07 15:14:53,16873,16873,16873,2,-2
2023-06-07 15:14:53,16873,16873,16873,2,0
2023-06-07 15:14:53,16873,16873,16873,2,0
2023-06-07 15:14:53,16873,16873,16873,2,0
2023-06-07 15:14:53,16873,16873,16873,2,0
2023-06-07 15:14:54,16872,16872,16872,4,-4
2023-06-07 15:14:54,16872,16872,16872,2,0
2023-06-07 15:14:54,16872,16872,16872,2,0
2023-06-07 15:14:54,16872,16872,16872,2,0
2023-06-07 15:14:54,16872,16872,16872,2,0
2023-06-07 15:14:54,16872,16872,16872,2,0
2023-06-07 15:14:56,16874,16874,16874,2,2
2023-06-07 15:14:56,16873,16873,16873,2,-2
2023-06-07 15:14:58,16873,16873,16873,2,0
2023-06-07 15:15:01,16873,16873,16873,2,0
2023-06-07 15:15:01,16873,16873,16873,2,0
2023-06-07 15:15:02,16874,16874,16874,2,2
2023-06-07 15:15:02,16873,16873,16873,2,-2
2023-06-07 15:15:02,16873,16873,16873,2,0
2023-06-07 15:15:02,16873,16873,16873,2,0
2023-06-07 15:15:02,16873,16873,16873,2,0
2023-06-07 15:15:07,16874,16874,16874,2,2
2023-06-07 15:15:07,16873,16873,16873,2,-2
2023-06-07 15:15:08,16873,16873,16873,2,0
2023-06-07 15:15:15,16874,16874,16874,2,2
2023-06-07 15:15:15,16873,16873,16873,2,-2
2023-06-07 15:15:19,16873,16873,16873,2,0
2023-06-07 15:15:19,16873,16873,16873,2,0
2023-06-07 15:15:19,16873,16873,16873,2,0
2023-06-07 15:15:19,16873,16873,16873,2,0
2023-06-07 15:15:19,16873,16873,16873,2,0
2023-06-07 15:15:19,16873,16873,16873,2,0
2023-06-07 15:15:19,16873,16873,16873,2,0
2023-06-07 15:15:19,16873,16873,16873,2,0
2023-06-07 15:15:21,16873,16873,16873,2,0
2023-06-07 15:15:21,16873,16873,16873,2,0
2023-06-07 15:15:21,16873,16873,16873,2,0
2023-06-07 15:15:21,16873,16873,16873,6,0
2023-06-07 15:15:23,16874,16874,16874,2,2
2023-06-07 15:15:26,16873,16873,16873,2,-2
2023-06-07 15:15:26,16873,16873,16873,2,0
2023-06-07 15:15:26,16873,16873,16873,2,0
2023-06-07 15:15:26,16873,16873,16873,2,0
2023-06-07 15:15:26,16873,16873,16873,2,0
2023-06-07 15:15:26,16873,16873,16873,2,0
2023-06-07 15:15:26,16873,16873,16873,2,0
2023-06-07 15:15:26,16873,16873,16873,2,0
2023-06-07 15:15:26,16873,16873,16873,2,0
2023-06-07 15:15:26,16873,16873,16873,2,0
2023-06-07 15:15:31,16873,16873,16873,2,0
2023-06-07 15:15:34,16873,16873,16873,2,0
2023-06-07 15:15:34,16873,16873,16873,4,0
2023-06-07 15:15:34,16874,16874,16874,2,2
2023-06-07 15:15:37,16872,16872,16872,2,-2
2023-06-07 15:15:37,16872,16872,16872,4,0
2023-06-07 15:15:37,16872,16872,16872,2,0
2023-06-07 15:15:39,16873,16873,16873,2,2
2023-06-07 15:15:44,16872,16872,16872,2,-2
2023-06-07 15:15:49,16873,16873,16873,2,2
2023-06-07 15:15:51,16873,16873,16873,2,0
2023-06-07 15:15:52,16873,16873,16873,2,0
2023-06-07 15:15:55,16873,16873,16873,2,0
2023-06-07 15:15:56,16873,16873,16873,2,0
2023-06-07 15:15:57,16873,16873,16873,2,0
2023-06-07 15:15:57,16873,16873,16873,2,0
2023-06-07 15:15:59,16872,16872,16872,2,-2
2023-06-07 15:16:01,16873,16873,16873,2,2
2023-06-07 15:16:04,16873,16873,16873,2,0
2023-06-07 15:16:13,16874,16874,16874,2,2
2023-06-07 15:16:14,16873,16873,16873,2,-2
2023-06-07 15:16:14,16873,16873,16873,4,0
2023-06-07 15:16:14,16873,16873,16873,2,0
2023-06-07 15:16:22,16872,16872,16872,2,-2
2023-06-07 15:16:24,16872,16872,16872,10,0
2023-06-07 15:16:24,16872,16872,16872,2,0
2023-06-07 15:16:28,16872,16872,16872,4,0
2023-06-07 15:16:28,16872,16872,16872,2,0
2023-06-07 15:16:28,16872,16872,16872,2,0
2023-06-07 15:16:38,16872,16872,16872,4,0
2023-06-07 15:16:38,16872,16872,16872,2,0
2023-06-07 15:16:38,16872,16872,16872,2,0
2023-06-07 15:16:38,16872,16872,16872,2,0
2023-06-07 15:16:38,16872,16872,16872,2,0
2023-06-07 15:16:38,16872,16872,16872,2,0
2023-06-07 15:16:38,16872,16872,16872,2,0
2023-06-07 15:16:38,16872,16872,16872,2,0
2023-06-07 15:16:38,16872,16872,16872,2,0
2023-06-07 15:16:38,16872,16872,16872,2,0
2023-06-07 15:16:38,16872,16872,16872,2,0
2023-06-07 15:16:38,16872,16872,16872,2,0
2023-06-07 15:16:38,16872,16872,16872,2,0
2023-06-07 15:16:44,16871,16871,16871,2,-2
2023-06-07 15:16:44,16871,16871,16871,2,0
2023-06-07 15:16:44,16871,16871,16871,2,0
2023-06-07 15:16:44,16871,16871,16871,2,0
2023-06-07 15:16:45,16872,16872,16872,2,2
2023-06-07 15:16:46,16872,16872,16872,2,0
2023-06-07 15:16:47,16872,16872,16872,2,0
2023-06-07 15:16:51,16873,16873,16873,2,2
2023-06-07 15:16:55,16872,16872,16872,2,-2
2023-06-07 15:16:56,16872,16872,16872,2,0
2023-06-07 15:16:56,16872,16872,16872,2,0
2023-06-07 15:16:56,16872,16872,16872,2,0
2023-06-07 15:16:57,16873,16873,16873,4,4
2023-06-07 15:16:58,16874,16874,16874,6,6
2023-06-07 15:16:59,16874,16874,16874,2,0
2023-06-07 15:17:00,16874,16874,16874,2,0
2023-06-07 15:17:01,16874,16874,16874,4,0
2023-06-07 15:17:01,16874,16874,16874,2,0
2023-06-07 15:17:01,16874,16874,16874,2,0
2023-06-07 15:17:01,16874,16874,16874,2,0
2023-06-07 15:17:01,16874,16874,16874,2,0
2023-06-07 15:17:01,16874,16874,16874,2,0
2023-06-07 15:17:01,16873,16873,16873,4,-4
2023-06-07 15:17:01,16873,16873,16873,2,0
2023-06-07 15:17:01,16873,16873,16873,2,0
2023-06-07 15:17:01,16873,16873,16873,2,0
2023-06-07 15:17:04,16873,16873,16873,2,0
2023-06-07 15:17:04,16873,16873,16873,2,0
2023-06-07 15:17:04,16873,16873,16873,2,0
2023-06-07 15:17:06,16873,16873,16873,4,0
2023-06-07 15:17:08,16873,16873,16873,2,0
2023-06-07 15:17:09,16873,16873,16873,2,0
2023-06-07 15:17:11,16872,16872,16872,2,-2
2023-06-07 15:17:11,16872,16872,16872,2,0
2023-06-07 15:17:12,16872,16872,16872,2,0
2023-06-07 15:17:12,16872,16872,16872,2,0
2023-06-07 15:17:12,16872,16872,16872,2,0
2023-06-07 15:17:13,16873,16873,16873,2,2
2023-06-07 15:17:18,16873,16873,16873,2,0
2023-06-07 15:17:19,16872,16872,16872,2,-2
2023-06-07 15:17:19,16872,16872,16872,2,0
2023-06-07 15:17:19,16872,16872,16872,2,0
2023-06-07 15:17:19,16872,16872,16872,2,0
2023-06-07 15:17:19,16872,16872,16872,2,0
2023-06-07 15:17:19,16872,16872,16872,2,0
2023-06-07 15:17:22,16872,16872,16872,2,0
2023-06-07 15:17:22,16872,16872,16872,2,0
2023-06-07 15:17:23,16872,16872,16872,2,0
2023-06-07 15:17:25,16872,16872,16872,2,0
2023-06-07 15:17:25,16872,16872,16872,2,0
2023-06-07 15:17:27,16872,16872,16872,2,0
2023-06-07 15:17:28,16871,16871,16871,2,-2
2023-06-07 15:17:28,16871,16871,16871,2,0
2023-06-07 15:17:41,16872,16872,16872,2,2
2023-06-07 15:17:41,16871,16871,16871,2,-2
2023-06-07 15:17:43,16871,16871,16871,2,0
2023-06-07 15:17:43,16871,16871,16871,10,0
2023-06-07 15:17:43,16871,16871,16871,6,0
2023-06-07 15:17:48,16873,16873,16873,2,2
2023-06-07 15:17:48,16873,16873,16873,2,0
2023-06-07 15:17:50,16873,16873,16873,2,0
2023-06-07 15:17:53,16872,16872,16872,2,-2
2023-06-07 15:17:53,16872,16872,16872,2,0
2023-06-07 15:17:57,16873,16873,16873,2,2
2023-06-07 15:18:00,16873,16873,16873,2,0
2023-06-07 15:18:02,16873,16873,16873,2,0
2023-06-07 15:18:07,16873,16873,16873,2,0
2023-06-07 15:18:08,16873,16873,16873,2,0
2023-06-07 15:18:08,16873,16873,16873,2,0
2023-06-07 15:18:13,16873,16873,16873,2,0
2023-06-07 15:18:22,16874,16874,16874,2,2
2023-06-07 15:18:22,16873,16873,16873,2,-2
2023-06-07 15:18:29,16873,16873,16873,2,0
2023-06-07 15:18:29,16873,16873,16873,2,0
2023-06-07 15:18:29,16873,16873,16873,2,0
2023-06-07 15:18:31,16873,16873,16873,2,0
2023-06-07 15:18:31,16872,16872,16872,4,-4
2023-06-07 15:18:34,16873,16873,16873,2,2
2023-06-07 15:18:34,16873,16873,16873,4,0
2023-06-07 15:18:34,16873,16873,16873,6,0
2023-06-07 15:18:46,16873,16873,16873,6,0
2023-06-07 15:18:46,16873,16873,16873,2,0
2023-06-07 15:18:52,16873,16873,16873,4,0
2023-06-07 15:18:52,16872,16872,16872,2,-2
2023-06-07 15:18:59,16872,16872,16872,2,0
2023-06-07 15:18:59,16872,16872,16872,2,0
2023-06-07 15:18:59,16872,16872,16872,2,0
2023-06-07 15:19:04,16872,16872,16872,2,0
2023-06-07 15:19:05,16873,16873,16873,2,2
2023-06-07 15:19:16,16873,16873,16873,2,0
2023-06-07 15:19:16,16872,16872,16872,2,-2
2023-06-07 15:19:19,16873,16873,16873,2,2
2023-06-07 15:19:29,16872,16872,16872,24,-24
2023-06-07 15:19:29,16872,16872,16872,2,0
2023-06-07 15:19:29,16872,16872,16872,6,0
2023-06-07 15:19:29,16872,16872,16872,4,0
2023-06-07 15:19:29,16872,16872,16872,4,0
2023-06-07 15:19:29,16872,16872,16872,2,0
2023-06-07 15:19:29,16872,16872,16872,2,0
2023-06-07 15:19:29,16872,16872,16872,2,0
2023-06-07 15:19:29,16872,16872,16872,2,0
2023-06-07 15:19:29,16872,16872,16872,2,0
2023-06-07 15:19:29,16872,16872,16872,2,0
2023-06-07 15:19:29,16872,16872,16872,2,0
2023-06-07 15:19:29,16872,16872,16872,2,0
2023-06-07 15:19:29,16872,16872,16872,2,0
2023-06-07 15:19:29,16872,16872,16872,6,0
2023-06-07 15:19:29,16871,16871,16871,2,-2
2023-06-07 15:19:29,16871,16871,16871,2,0
2023-06-07 15:19:29,16871,16871,16871,2,0
2023-06-07 15:19:29,16871,16871,16871,2,0
2023-06-07 15:19:29,16871,16871,16871,2,0
2023-06-07 15:19:29,16871,16871,16871,6,0
2023-06-07 15:19:29,16871,16871,16871,2,0
2023-06-07 15:19:29,16871,16871,16871,2,0
2023-06-07 15:19:29,16871,16871,16871,2,0
2023-06-07 15:19:29,16871,16871,16871,2,0
2023-06-07 15:19:29,16871,16871,16871,2,0
2023-06-07 15:19:29,16871,16871,16871,2,0
2023-06-07 15:19:29,16871,16871,16871,4,0
2023-06-07 15:19:29,16871,16871,16871,2,0
2023-06-07 15:19:29,16871,16871,16871,4,0
2023-06-07 15:19:29,16871,16871,16871,2,0
2023-06-07 15:19:29,16871,16871,16871,2,0
2023-06-07 15:19:29,16871,16871,16871,2,0
2023-06-07 15:19:29,16871,16871,16871,2,0
2023-06-07 15:19:29,16871,16871,16871,4,0
2023-06-07 15:19:29,16871,16871,16871,2,0
2023-06-07 15:19:29,16871,16871,16871,2,0
2023-06-07 15:19:29,16871,16871,16871,4,0
2023-06-07 15:19:29,16871,16871,16871,2,0
2023-06-07 15:19:29,16871,16871,16871,2,0
2023-06-07 15:19:29,16871,16871,16871,2,0
2023-06-07 15:19:29,16870,16870,16870,2,-2
2023-06-07 15:19:29,16870,16870,16870,2,0
2023-06-07 15:19:29,16870,16870,16870,20,0
2023-06-07 15:19:29,16870,16870,16870,4,0
2023-06-07 15:19:29,16870,16870,16870,20,0
2023-06-07 15:19:29,16870,16870,16870,10,0
2023-06-07 15:19:29,16870,16870,16870,8,0
2023-06-07 15:19:29,16870,16870,16870,2,0
2023-06-07 15:19:29,16870,16870,16870,4,0
2023-06-07 15:19:29,16870,16870,16870,4,0
2023-06-07 15:19:29,16870,16870,16870,2,0
2023-06-07 15:19:29,16870,16870,16870,2,0
2023-06-07 15:19:29,16870,16870,16870,2,0
2023-06-07 15:19:29,16870,16870,16870,4,0
2023-06-07 15:19:29,16870,16870,16870,2,0
2023-06-07 15:19:29,16870,16870,16870,4,0
2023-06-07 15:19:29,16870,16870,16870,2,0
2023-06-07 15:19:29,16870,16870,16870,2,0
2023-06-07 15:19:29,16870,16870,16870,2,0
2023-06-07 15:19:29,16870,16870,16870,4,0
2023-06-07 15:19:29,16870,16870,16870,2,0
2023-06-07 15:19:29,16870,16870,16870,2,0
2023-06-07 15:19:29,16870,16870,16870,2,0
2023-06-07 15:19:29,16870,16870,16870,2,0
2023-06-07 15:19:29,16870,16870,16870,2,0
2023-06-07 15:19:29,16870,16870,16870,2,0
2023-06-07 15:19:29,16870,16870,16870,2,0
2023-06-07 15:19:29,16870,16870,16870,2,0
2023-06-07 15:19:29,16870,16870,16870,2,0
2023-06-07 15:19:29,16870,16870,16870,4,0
2023-06-07 15:19:29,16870,16870,16870,2,0
2023-06-07 15:19:29,16870,16870,16870,2,0
2023-06-07 15:19:29,16870,16870,16870,4,0
2023-06-07 15:19:29,16870,16870,16870,2,0
2023-06-07 15:19:29,16870,16870,16870,2,0
2023-06-07 15:19:29,16870,16870,16870,2,0
2023-06-07 15:19:29,16870,16870,16870,2,0
2023-06-07 15:19:29,16870,16870,16870,2,0
2023-06-07 15:19:29,16870,16870,16870,2,0
2023-06-07 15:19:29,16870,16870,16870,2,0
2023-06-07 15:19:29,16869,16869,16869,2,-2
2023-06-07 15:19:29,16869,16869,16869,2,0
2023-06-07 15:19:29,16869,16869,16869,2,0
2023-06-07 15:19:29,16869,16869,16869,2,0
2023-06-07 15:19:29,16869,16869,16869,4,0
2023-06-07 15:19:29,16869,16869,16869,2,0
2023-06-07 15:19:29,16869,16869,16869,4,0
2023-06-07 15:19:29,16869,16869,16869,2,0
2023-06-07 15:19:29,16869,16869,16869,2,0
2023-06-07 15:19:29,16869,16869,16869,2,0
2023-06-07 15:19:29,16869,16869,16869,6,0
2023-06-07 15:19:29,16869,16869,16869,2,0
2023-06-07 15:19:29,16869,16869,16869,2,0
2023-06-07 15:19:29,16869,16869,16869,2,0
2023-06-07 15:19:29,16869,16869,16869,2,0
2023-06-07 15:19:29,16869,16869,16869,2,0
2023-06-07 15:19:29,16869,16869,16869,32,0
2023-06-07 15:19:29,16869,16869,16869,2,0
2023-06-07 15:19:29,16869,16869,16869,2,0
2023-06-07 15:19:29,16869,16869,16869,2,0
2023-06-07 15:19:29,16868,16868,16868,2,-2
2023-06-07 15:19:29,16868,16868,16868,2,0
2023-06-07 15:19:29,16868,16868,16868,2,0
2023-06-07 15:19:29,16868,16868,16868,4,0
2023-06-07 15:19:29,16868,16868,16868,2,0
2023-06-07 15:19:29,16868,16868,16868,4,0
2023-06-07 15:19:29,16868,16868,16868,6,0
2023-06-07 15:19:29,16868,16868,16868,2,0
2023-06-07 15:19:29,16868,16868,16868,2,0
2023-06-07 15:19:29,16868,16868,16868,2,0
2023-06-07 15:19:29,16868,16868,16868,2,0
2023-06-07 15:19:29,16868,16868,16868,2,0
2023-06-07 15:19:30,16868,16868,16868,4,0
2023-06-07 15:19:30,16868,16868,16868,2,0
2023-06-07 15:19:30,16868,16868,16868,2,0
2023-06-07 15:19:30,16868,16868,16868,2,0
2023-06-07 15:19:30,16868,16868,16868,2,0
2023-06-07 15:19:30,16868,16868,16868,2,0
2023-06-07 15:19:30,16868,16868,16868,2,0
2023-06-07 15:19:30,16867,16867,16867,2,-2
2023-06-07 15:19:30,16867,16867,16867,2,0
2023-06-07 15:19:30,16867,16867,16867,2,0
2023-06-07 15:19:30,16867,16867,16867,2,0
2023-06-07 15:19:30,16868,16868,16868,8,8
2023-06-07 15:19:30,16869,16869,16869,12,12
2023-06-07 15:19:35,16867,16867,16867,4,-4
2023-06-07 15:19:35,16868,16868,16868,4,4
2023-06-07 15:19:43,16869,16869,16869,2,2
2023-06-07 15:19:43,16868,16868,16868,2,-2
2023-06-07 15:19:43,16868,16868,16868,2,0
2023-06-07 15:19:43,16868,16868,16868,4,0
2023-06-07 15:19:43,16868,16868,16868,6,0
2023-06-07 15:19:46,16868,16868,16868,6,0
2023-06-07 15:19:49,16868,16868,16868,6,0
2023-06-07 15:19:49,16869,16869,16869,4,4
2023-06-07 15:19:49,16868,16868,16868,2,-2
2023-06-07 15:19:54,16868,16868,16868,4,0
2023-06-07 15:19:54,16868,16868,16868,2,0
2023-06-07 15:19:55,16869,16869,16869,48,48
2023-06-07 15:19:55,16869,16869,16869,18,0
2023-06-07 15:19:55,16869,16869,16869,2,0
2023-06-07 15:19:55,16869,16869,16869,2,0
2023-06-07 15:19:55,16869,16869,16869,2,0
2023-06-07 15:19:55,16869,16869,16869,40,0
2023-06-07 15:19:55,16869,16869,16869,2,0
2023-06-07 15:19:55,16869,16869,16869,2,0
2023-06-07 15:19:55,16869,16869,16869,2,0
2023-06-07 15:19:55,16869,16869,16869,2,0
2023-06-07 15:19:55,16869,16869,16869,48,0
2023-06-07 15:19:55,16869,16869,16869,16,0
2023-06-07 15:19:55,16869,16869,16869,2,0
2023-06-07 15:19:55,16869,16869,16869,2,0
2023-06-07 15:19:55,16869,16869,16869,2,0
2023-06-07 15:19:55,16869,16869,16869,2,0
2023-06-07 15:19:55,16869,16869,16869,6,0
2023-06-07 15:19:55,16869,16869,16869,2,0
2023-06-07 15:20:01,16869,16869,16869,2,0
2023-06-07 15:20:01,16869,16869,16869,2,0
2023-06-07 15:20:01,16869,16869,16869,4,0
2023-06-07 15:20:01,16869,16869,16869,8,0
2023-06-07 15:20:01,16869,16869,16869,2,0
2023-06-07 15:20:01,16868,16868,16868,2,-2
2023-06-07 15:20:01,16868,16868,16868,2,0
2023-06-07 15:20:02,16870,16870,16870,6,6
2023-06-07 15:20:08,16869,16869,16869,2,-2
2023-06-07 15:20:16,16869,16869,16869,2,0
2023-06-07 15:20:16,16868,16868,16868,2,-2
2023-06-07 15:20:18,16869,16869,16869,2,2
2023-06-07 15:20:18,16868,16868,16868,2,-2
2023-06-07 15:20:19,16868,16868,16868,2,0
2023-06-07 15:20:19,16868,16868,16868,2,0
2023-06-07 15:20:19,16868,16868,16868,2,0
2023-06-07 15:20:19,16868,16868,16868,4,0
2023-06-07 15:20:19,16868,16868,16868,4,0
2023-06-07 15:20:19,16868,16868,16868,2,0
2023-06-07 15:20:21,16868,16868,16868,2,0
2023-06-07 15:20:22,16868,16868,16868,4,0
2023-06-07 15:20:22,16868,16868,16868,2,0
2023-06-07 15:20:22,16868,16868,16868,2,0
2023-06-07 15:20:22,16868,16868,16868,2,0
2023-06-07 15:20:25,16869,16869,16869,2,2
2023-06-07 15:20:26,16869,16869,16869,6,0
2023-06-07 15:20:27,16869,16869,16869,2,0
2023-06-07 15:20:27,16869,16869,16869,2,0
2023-06-07 15:20:27,16869,16869,16869,2,0
2023-06-07 15:20:28,16869,16869,16869,2,0
2023-06-07 15:20:29,16869,16869,16869,2,0
2023-06-07 15:20:31,16870,16870,16870,2,2
2023-06-07 15:20:35,16869,16869,16869,2,-2
2023-06-07 15:20:37,16870,16870,16870,2,2
2023-06-07 15:20:39,16870,16870,16870,6,0
2023-06-07 15:20:39,16870,16870,16870,2,0
2023-06-07 15:20:40,16870,16870,16870,2,0
2023-06-07 15:20:43,16870,16870,16870,4,0
2023-06-07 15:20:47,16870,16870,16870,2,0
2023-06-07 15:20:52,16871,16871,16871,2,2
2023-06-07 15:20:52,16870,16870,16870,2,-2
2023-06-07 15:20:56,16870,16870,16870,2,0
2023-06-07 15:20:56,16870,16870,16870,2,0
2023-06-07 15:20:56,16870,16870,16870,2,0
2023-06-07 15:20:56,16870,16870,16870,2,0
2023-06-07 15:20:58,16870,16870,16870,2,0
2023-06-07 15:21:20,16870,16870,16870,2,0
2023-06-07 15:21:21,16870,16870,16870,2,0
2023-06-07 15:21:26,16870,16870,16870,2,0
2023-06-07 15:21:29,16870,16870,16870,2,0
2023-06-07 15:21:33,16871,16871,16871,6,6
2023-06-07 15:21:34,16870,16870,16870,2,-2
2023-06-07 15:21:41,16871,16871,16871,2,2
2023-06-07 15:21:41,16871,16871,16871,4,0
2023-06-07 15:21:49,16871,16871,16871,2,0
2023-06-07 15:21:56,16871,16871,16871,2,0
2023-06-07 15:22:13,16871,16871,16871,10,0
2023-06-07 15:22:17,16870,16870,16870,2,-2
2023-06-07 15:22:19,16871,16871,16871,10,10
2023-06-07 15:22:23,16871,16871,16871,2,0
2023-06-07 15:22:24,16871,16871,16871,2,0
2023-06-07 15:22:25,16871,16871,16871,2,0
2023-06-07 15:22:32,16871,16871,16871,2,0
2023-06-07 15:22:38,16871,16871,16871,2,0
2023-06-07 15:22:55,16872,16872,16872,2,2
2023-06-07 15:22:55,16872,16872,16872,2,0
2023-06-07 15:22:55,16872,16872,16872,2,0
2023-06-07 15:22:56,16872,16872,16872,4,0
2023-06-07 15:23:00,16872,16872,16872,2,0
2023-06-07 15:23:00,16871,16871,16871,2,-2
2023-06-07 15:23:04,16871,16871,16871,2,0
2023-06-07 15:23:12,16872,16872,16872,2,2
2023-06-07 15:23:21,16872,16872,16872,2,0
2023-06-07 15:23:22,16872,16872,16872,2,0
2023-06-07 15:23:28,16872,16872,16872,2,0
2023-06-07 15:23:37,16873,16873,16873,2,2
2023-06-07 15:23:37,16873,16873,16873,6,0
2023-06-07 15:23:37,16873,16873,16873,4,0
2023-06-07 15:23:38,16873,16873,16873,2,0
2023-06-07 15:23:44,16874,16874,16874,2,2
2023-06-07 15:23:46,16874,16874,16874,2,0
2023-06-07 15:23:46,16874,16874,16874,2,0
2023-06-07 15:23:49,16874,16874,16874,4,0
2023-06-07 15:23:51,16874,16874,16874,2,0
2023-06-07 15:23:54,16874,16874,16874,2,0
2023-06-07 15:23:56,16874,16874,16874,2,0
2023-06-07 15:23:56,16874,16874,16874,2,0
2023-06-07 15:24:01,16874,16874,16874,2,0
2023-06-07 15:24:01,16873,16873,16873,2,-2
2023-06-07 15:24:01,16873,16873,16873,2,0
2023-06-07 15:24:01,16873,16873,16873,2,0
2023-06-07 15:24:07,16874,16874,16874,4,4
2023-06-07 15:24:08,16873,16873,16873,6,-6
2023-06-07 15:24:08,16873,16873,16873,2,0
2023-06-07 15:24:08,16873,16873,16873,2,0
2023-06-07 15:24:20,16874,16874,16874,2,2
2023-06-07 15:24:22,16874,16874,16874,2,0
2023-06-07 15:24:24,16874,16874,16874,2,0
2023-06-07 15:24:24,16875,16875,16875,4,4
2023-06-07 15:24:25,16873,16873,16873,2,-2
2023-06-07 15:24:40,16873,16873,16873,2,0
2023-06-07 15:24:41,16873,16873,16873,2,0
2023-06-07 15:24:43,16874,16874,16874,8,8
2023-06-07 15:24:54,16874,16874,16874,2,0
2023-06-07 15:24:58,16873,16873,16873,2,-2
2023-06-07 15:25:00,16873,16873,16873,2,0
2023-06-07 15:25:01,16872,16872,16872,4,-4
2023-06-07 15:25:01,16872,16872,16872,2,0
2023-06-07 15:25:01,16872,16872,16872,2,0
2023-06-07 15:25:01,16872,16872,16872,2,0
2023-06-07 15:25:01,16872,16872,16872,4,0
2023-06-07 15:25:01,16872,16872,16872,2,0
2023-06-07 15:25:01,16872,16872,16872,2,0
2023-06-07 15:25:01,16872,16872,16872,2,0
2023-06-07 15:25:01,16872,16872,16872,2,0
2023-06-07 15:25:01,16872,16872,16872,2,0
2023-06-07 15:25:03,16871,16871,16871,2,-2
2023-06-07 15:25:03,16871,16871,16871,2,0
2023-06-07 15:25:03,16871,16871,16871,2,0
2023-06-07 15:25:03,16871,16871,16871,2,0
2023-06-07 15:25:03,16871,16871,16871,2,0
2023-06-07 15:25:03,16871,16871,16871,2,0
2023-06-07 15:25:03,16871,16871,16871,2,0
2023-06-07 15:25:03,16871,16871,16871,2,0
2023-06-07 15:25:03,16871,16871,16871,4,0
2023-06-07 15:25:03,16871,16871,16871,2,0
2023-06-07 15:25:04,16871,16871,16871,2,0
2023-06-07 15:25:04,16870,16870,16870,8,-8
2023-06-07 15:25:04,16870,16870,16870,2,0
2023-06-07 15:25:04,16870,16870,16870,2,0
2023-06-07 15:25:04,16870,16870,16870,4,0
2023-06-07 15:25:04,16870,16870,16870,2,0
2023-06-07 15:25:04,16870,16870,16870,2,0
2023-06-07 15:25:04,16870,16870,16870,2,0
2023-06-07 15:25:04,16870,16870,16870,2,0
2023-06-07 15:25:04,16870,16870,16870,2,0
2023-06-07 15:25:04,16870,16870,16870,2,0
2023-06-07 15:25:04,16870,16870,16870,2,0
2023-06-07 15:25:04,16870,16870,16870,2,0
2023-06-07 15:25:04,16870,16870,16870,2,0
2023-06-07 15:25:04,16869,16869,16869,2,-2
2023-06-07 15:25:04,16869,16869,16869,2,0
2023-06-07 15:25:04,16869,16869,16869,2,0
2023-06-07 15:25:04,16869,16869,16869,2,0
2023-06-07 15:25:12,16869,16869,16869,2,0
2023-06-07 15:25:12,16870,16870,16870,2,2
2023-06-07 15:25:19,16870,16870,16870,4,0
2023-06-07 15:25:23,16870,16870,16870,4,0
2023-06-07 15:25:26,16870,16870,16870,4,0
2023-06-07 15:25:34,16871,16871,16871,2,2
2023-06-07 15:25:41,16871,16871,16871,2,0
2023-06-07 15:25:45,16870,16870,16870,2,-2
2023-06-07 15:25:45,16870,16870,16870,2,0
2023-06-07 15:25:48,16870,16870,16870,2,0
2023-06-07 15:25:49,16871,16871,16871,4,4
2023-06-07 15:25:49,16871,16871,16871,2,0
2023-06-07 15:25:49,16871,16871,16871,2,0
2023-06-07 15:25:49,16871,16871,16871,2,0
2023-06-07 15:25:49,16871,16871,16871,2,0
2023-06-07 15:25:59,16871,16871,16871,2,0
2023-06-07 15:25:59,16871,16871,16871,2,0
2023-06-07 15:25:59,16871,16871,16871,6,0
2023-06-07 15:26:01,16872,16872,16872,2,2
2023-06-07 15:26:07,16872,16872,16872,2,0
2023-06-07 15:26:11,16871,16871,16871,2,-2
2023-06-07 15:26:11,16871,16871,16871,2,0
2023-06-07 15:26:21,16871,16871,16871,10,0
2023-06-07 15:26:21,16872,16872,16872,2,2
2023-06-07 15:26:35,16871,16871,16871,6,-6
2023-06-07 15:26:35,16871,16871,16871,2,0
2023-06-07 15:26:47,16871,16871,16871,2,0
2023-06-07 15:26:58,16870,16870,16870,2,-2
2023-06-07 15:26:58,16870,16870,16870,2,0
2023-06-07 15:26:58,16870,16870,16870,2,0
2023-06-07 15:26:58,16870,16870,16870,2,0
2023-06-07 15:26:59,16870,16870,16870,2,0
2023-06-07 15:26:59,16870,16870,16870,2,0
2023-06-07 15:26:59,16870,16870,16870,2,0
2023-06-07 15:26:59,16870,16870,16870,2,0
2023-06-07 15:26:59,16870,16870,16870,6,0
2023-06-07 15:26:59,16870,16870,16870,2,0
2023-06-07 15:26:59,16870,16870,16870,2,0
2023-06-07 15:26:59,16870,16870,16870,4,0
2023-06-07 15:26:59,16870,16870,16870,2,0
2023-06-07 15:26:59,16870,16870,16870,2,0
2023-06-07 15:26:59,16870,16870,16870,2,0
2023-06-07 15:27:00,16870,16870,16870,8,0
2023-06-07 15:27:07,16869,16869,16869,2,-2
2023-06-07 15:27:07,16869,16869,16869,2,0
2023-06-07 15:27:07,16869,16869,16869,2,0
2023-06-07 15:27:07,16869,16869,16869,2,0
2023-06-07 15:27:07,16869,16869,16869,2,0
2023-06-07 15:27:10,16869,16869,16869,2,0
2023-06-07 15:27:10,16869,16869,16869,2,0
2023-06-07 15:27:10,16869,16869,16869,2,0
2023-06-07 15:27:10,16869,16869,16869,2,0
2023-06-07 15:27:21,16868,16868,16868,2,-2
2023-06-07 15:27:21,16868,16868,16868,2,0
2023-06-07 15:27:21,16869,16869,16869,2,2
2023-06-07 15:27:22,16868,16868,16868,2,-2
2023-06-07 15:27:26,16868,16868,16868,2,0
2023-06-07 15:27:29,16868,16868,16868,2,0
2023-06-07 15:27:31,16869,16869,16869,2,2
2023-06-07 15:27:31,16870,16870,16870,2,2
2023-06-07 15:27:37,16869,16869,16869,2,-2
2023-06-07 15:27:41,16869,16869,16869,6,0
2023-06-07 15:27:49,16869,16869,16869,2,0
2023-06-07 15:27:49,16869,16869,16869,2,0
2023-06-07 15:27:54,16870,16870,16870,2,2
2023-06-07 15:27:59,16870,16870,16870,4,0
2023-06-07 15:27:59,16870,16870,16870,4,0
2023-06-07 15:27:59,16870,16870,16870,12,0
2023-06-07 15:28:00,16870,16870,16870,6,0
2023-06-07 15:28:00,16870,16870,16870,2,0
2023-06-07 15:28:00,16870,16870,16870,2,0
2023-06-07 15:28:00,16870,16870,16870,2,0
2023-06-07 15:28:01,16870,16870,16870,2,0
2023-06-07 15:28:01,16870,16870,16870,2,0
2023-06-07 15:28:06,16870,16870,16870,2,0
2023-06-07 15:28:23,16870,16870,16870,2,0
2023-06-07 15:28:23,16870,16870,16870,2,0
2023-06-07 15:28:28,16871,16871,16871,2,2
2023-06-07 15:28:34,16870,16870,16870,2,-2
2023-06-07 15:28:36,16871,16871,16871,6,6
2023-06-07 15:28:38,16871,16871,16871,2,0
2023-06-07 15:28:57,16871,16871,16871,2,0
2023-06-07 15:29:00,16870,16870,16870,2,-2
2023-06-07 15:29:00,16870,16870,16870,2,0
2023-06-07 15:29:00,16870,16870,16870,2,0
2023-06-07 15:29:00,16870,16870,16870,2,0
2023-06-07 15:29:03,16871,16871,16871,2,2
2023-06-07 15:29:07,16870,16870,16870,4,-4
2023-06-07 15:29:08,16870,16870,16870,4,0
2023-06-07 15:29:13,16870,16870,16870,2,0
2023-06-07 15:29:13,16870,16870,16870,4,0
2023-06-07 15:29:13,16870,16870,16870,2,0
2023-06-07 15:29:13,16870,16870,16870,2,0
2023-06-07 15:29:13,16870,16870,16870,2,0
2023-06-07 15:29:13,16870,16870,16870,2,0
2023-06-07 15:29:13,16870,16870,16870,2,0
2023-06-07 15:29:18,16871,16871,16871,2,2
2023-06-07 15:29:21,16871,16871,16871,2,0
2023-06-07 15:29:25,16870,16870,16870,2,-2
2023-06-07 15:29:44,16870,16870,16870,2,0
2023-06-07 15:29:45,16870,16870,16870,2,0
2023-06-07 15:29:45,16870,16870,16870,6,0
2023-06-07 15:30:00,16871,16871,16871,4,4
2023-06-07 15:30:00,16869,16869,16869,2,-2
2023-06-07 15:30:00,16869,16869,16869,2,0
2023-06-07 15:30:07,16870,16870,16870,4,4
2023-06-07 15:30:08,16869,16869,16869,2,-2
2023-06-07 15:30:09,16869,16869,16869,2,0
2023-06-07 15:30:11,16870,16870,16870,2,2
2023-06-07 15:30:11,16871,16871,16871,4,4
2023-06-07 15:30:11,16871,16871,16871,12,0
2023-06-07 15:30:11,16872,16872,16872,4,4
2023-06-07 15:30:11,16872,16872,16872,2,0
2023-06-07 15:30:11,16872,16872,16872,2,0
2023-06-07 15:30:12,16872,16872,16872,2,0
2023-06-07 15:30:13,16871,16871,16871,2,-2
2023-06-07 15:30:22,16871,16871,16871,2,0
2023-06-07 15:30:22,16871,16871,16871,2,0
2023-06-07 15:30:34,16872,16872,16872,2,2
2023-06-07 15:30:35,16871,16871,16871,2,-2
2023-06-07 15:30:36,16871,16871,16871,2,0
2023-06-07 15:30:36,16871,16871,16871,2,0
2023-06-07 15:30:36,16871,16871,16871,2,0
2023-06-07 15:30:36,16870,16870,16870,2,-2
2023-06-07 15:30:36,16870,16870,16870,2,0
2023-06-07 15:30:36,16870,16870,16870,2,0
2023-06-07 15:30:36,16870,16870,16870,2,0
2023-06-07 15:30:36,16870,16870,16870,2,0
2023-06-07 15:30:36,16870,16870,16870,2,0
2023-06-07 15:30:39,16869,16869,16869,2,-2
2023-06-07 15:30:40,16871,16871,16871,2,2
2023-06-07 15:30:54,16871,16871,16871,4,0
2023-06-07 15:30:54,16872,16872,16872,2,2
2023-06-07 15:30:56,16872,16872,16872,2,0
2023-06-07 15:30:58,16872,16872,16872,4,0
2023-06-07 15:31:03,16873,16873,16873,2,2
2023-06-07 15:31:03,16873,16873,16873,4,0
2023-06-07 15:31:03,16873,16873,16873,2,0
2023-06-07 15:31:09,16873,16873,16873,2,0
2023-06-07 15:31:09,16873,16873,16873,2,0
2023-06-07 15:31:10,16872,16872,16872,2,-2
2023-06-07 15:31:10,16873,16873,16873,2,2
2023-06-07 15:31:16,16873,16873,16873,2,0
2023-06-07 15:31:22,16873,16873,16873,2,0
2023-06-07 15:31:22,16873,16873,16873,2,0
2023-06-07 15:31:22,16873,16873,16873,4,0
2023-06-07 15:31:27,16874,16874,16874,4,4
2023-06-07 15:31:27,16874,16874,16874,2,0
2023-06-07 15:31:28,16873,16873,16873,2,-2
2023-06-07 15:31:39,16874,16874,16874,2,2
2023-06-07 15:31:40,16874,16874,16874,4,0
2023-06-07 15:31:47,16874,16874,16874,2,0
2023-06-07 15:31:47,16874,16874,16874,2,0
2023-06-07 15:31:50,16874,16874,16874,2,0
2023-06-07 15:31:55,16874,16874,16874,2,0
2023-06-07 15:31:56,16874,16874,16874,4,0
2023-06-07 15:31:56,16874,16874,16874,78,0
2023-06-07 15:31:56,16875,16875,16875,2,2
2023-06-07 15:31:59,16875,16875,16875,2,0
2023-06-07 15:32:00,16875,16875,16875,2,0
2023-06-07 15:32:00,16875,16875,16875,2,0
2023-06-07 15:32:00,16875,16875,16875,6,0
2023-06-07 15:32:00,16875,16875,16875,2,0
2023-06-07 15:32:00,16875,16875,16875,2,0
2023-06-07 15:32:00,16875,16875,16875,2,0
2023-06-07 15:32:00,16875,16875,16875,2,0
2023-06-07 15:32:00,16875,16875,16875,12,0
2023-06-07 15:32:00,16875,16875,16875,4,0
2023-06-07 15:32:00,16875,16875,16875,2,0
2023-06-07 15:32:00,16875,16875,16875,2,0
2023-06-07 15:32:02,16875,16875,16875,2,0
2023-06-07 15:32:03,16876,16876,16876,2,2
2023-06-07 15:32:03,16876,16876,16876,4,0
2023-06-07 15:32:05,16876,16876,16876,2,0
2023-06-07 15:32:05,16876,16876,16876,2,0
2023-06-07 15:32:05,16876,16876,16876,2,0
2023-06-07 15:32:06,16876,16876,16876,2,0
2023-06-07 15:32:08,16876,16876,16876,2,0
2023-06-07 15:32:08,16876,16876,16876,2,0
2023-06-07 15:32:09,16876,16876,16876,2,0
2023-06-07 15:32:09,16875,16875,16875,2,-2
2023-06-07 15:32:09,16875,16875,16875,6,0
2023-06-07 15:32:09,16875,16875,16875,4,0
2023-06-07 15:32:09,16875,16875,16875,2,0
2023-06-07 15:32:09,16875,16875,16875,2,0
2023-06-07 15:32:09,16875,16875,16875,2,0
2023-06-07 15:32:09,16875,16875,16875,2,0
2023-06-07 15:32:09,16875,16875,16875,2,0
2023-06-07 15:32:11,16876,16876,16876,2,2
2023-06-07 15:32:13,16876,16876,16876,2,0
2023-06-07 15:32:15,16875,16875,16875,2,-2
2023-06-07 15:32:18,16876,16876,16876,2,2
2023-06-07 15:32:20,16875,16875,16875,2,-2
2023-06-07 15:32:20,16875,16875,16875,2,0
2023-06-07 15:32:20,16875,16875,16875,2,0
2023-06-07 15:32:20,16875,16875,16875,2,0
2023-06-07 15:32:24,16874,16874,16874,2,-2
2023-06-07 15:32:24,16874,16874,16874,2,0
2023-06-07 15:32:24,16874,16874,16874,2,0
2023-06-07 15:32:24,16874,16874,16874,2,0
2023-06-07 15:32:24,16874,16874,16874,2,0
2023-06-07 15:32:25,16874,16874,16874,2,0
2023-06-07 15:32:26,16874,16874,16874,2,0
2023-06-07 15:32:40,16874,16874,16874,2,0
2023-06-07 15:32:58,16873,16873,16873,2,-2
2023-06-07 15:33:00,16873,16873,16873,2,0
2023-06-07 15:33:01,16874,16874,16874,2,2
2023-06-07 15:33:06,16874,16874,16874,2,0
2023-06-07 15:33:08,16874,16874,16874,2,0
2023-06-07 15:33:14,16873,16873,16873,8,-8
2023-06-07 15:33:14,16873,16873,16873,2,0
2023-06-07 15:33:14,16873,16873,16873,2,0
2023-06-07 15:33:14,16873,16873,16873,2,0
2023-06-07 15:33:14,16873,16873,16873,2,0
2023-06-07 15:33:14,16873,16873,16873,2,0
2023-06-07 15:33:14,16873,16873,16873,2,0
2023-06-07 15:33:15,16874,16874,16874,2,2
2023-06-07 15:33:22,16872,16872,16872,2,-2
2023-06-07 15:33:23,16872,16872,16872,2,0
2023-06-07 15:33:24,16872,16872,16872,2,0
2023-06-07 15:33:28,16872,16872,16872,2,0
2023-06-07 15:33:28,16872,16872,16872,6,0
2023-06-07 15:33:28,16872,16872,16872,2,0
2023-06-07 15:33:28,16872,16872,16872,2,0
2023-06-07 15:33:29,16873,16873,16873,2,2
2023-06-07 15:33:36,16873,16873,16873,2,0
2023-06-07 15:33:39,16873,16873,16873,2,0
2023-06-07 15:33:39,16873,16873,16873,2,0
2023-06-07 15:33:40,16874,16874,16874,2,2
2023-06-07 15:33:42,16874,16874,16874,2,0
2023-06-07 15:33:46,16873,16873,16873,2,-2
2023-06-07 15:33:46,16873,16873,16873,2,0
2023-06-07 15:33:46,16873,16873,16873,2,0
2023-06-07 15:33:46,16873,16873,16873,2,0
2023-06-07 15:33:50,16874,16874,16874,2,2
2023-06-07 15:33:51,16873,16873,16873,2,-2
2023-06-07 15:33:59,16873,16873,16873,2,0
2023-06-07 15:34:00,16874,16874,16874,2,2
2023-06-07 15:34:02,16873,16873,16873,2,-2
2023-06-07 15:34:04,16873,16873,16873,2,0
2023-06-07 15:34:07,16873,16873,16873,2,0
2023-06-07 15:34:08,16872,16872,16872,2,-2
2023-06-07 15:34:09,16872,16872,16872,2,0
2023-06-07 15:34:09,16873,16873,16873,6,6
2023-06-07 15:34:14,16872,16872,16872,6,-6
2023-06-07 15:34:14,16872,16872,16872,2,0
2023-06-07 15:34:16,16871,16871,16871,2,-2
2023-06-07 15:34:26,16871,16871,16871,2,0
2023-06-07 15:34:27,16871,16871,16871,4,0
2023-06-07 15:34:28,16871,16871,16871,2,0
2023-06-07 15:34:34,16872,16872,16872,2,2
2023-06-07 15:34:38,16871,16871,16871,2,-2
2023-06-07 15:34:40,16871,16871,16871,2,0
2023-06-07 15:34:55,16872,16872,16872,2,2
2023-06-07 15:34:56,16871,16871,16871,2,-2
2023-06-07 15:34:57,16871,16871,16871,2,0
2023-06-07 15:35:02,16871,16871,16871,2,0
2023-06-07 15:35:02,16871,16871,16871,2,0
2023-06-07 15:35:03,16871,16871,16871,2,0
2023-06-07 15:35:09,16872,16872,16872,4,4
2023-06-07 15:35:14,16872,16872,16872,2,0
2023-06-07 15:35:18,16872,16872,16872,2,0
2023-06-07 15:35:26,16872,16872,16872,2,0
2023-06-07 15:35:43,16873,16873,16873,6,6
2023-06-07 15:35:43,16874,16874,16874,8,8
2023-06-07 15:35:43,16873,16873,16873,2,-2
2023-06-07 15:36:00,16872,16872,16872,2,-2
2023-06-07 15:36:12,16872,16872,16872,2,0
2023-06-07 15:36:16,16872,16872,16872,2,0
2023-06-07 15:36:16,16872,16872,16872,2,0
2023-06-07 15:36:16,16872,16872,16872,2,0
2023-06-07 15:36:16,16872,16872,16872,2,0
2023-06-07 15:36:16,16872,16872,16872,2,0
2023-06-07 15:36:16,16871,16871,16871,2,-2
2023-06-07 15:36:16,16871,16871,16871,2,0
2023-06-07 15:36:16,16871,16871,16871,2,0
2023-06-07 15:36:16,16871,16871,16871,2,0
2023-06-07 15:36:16,16871,16871,16871,6,0
2023-06-07 15:36:16,16871,16871,16871,2,0
2023-06-07 15:36:16,16871,16871,16871,4,0
2023-06-07 15:36:16,16871,16871,16871,2,0
2023-06-07 15:36:16,16871,16871,16871,2,0
2023-06-07 15:36:24,16871,16871,16871,2,0
2023-06-07 15:36:28,16871,16871,16871,18,0
2023-06-07 15:36:28,16871,16871,16871,12,0
2023-06-07 15:36:28,16871,16871,16871,4,0
2023-06-07 15:36:28,16871,16871,16871,2,0
2023-06-07 15:36:28,16871,16871,16871,4,0
2023-06-07 15:36:28,16871,16871,16871,2,0
2023-06-07 15:36:28,16871,16871,16871,2,0
2023-06-07 15:36:28,16871,16871,16871,2,0
2023-06-07 15:36:28,16871,16871,16871,2,0
2023-06-07 15:36:39,16870,16870,16870,2,-2
2023-06-07 15:36:43,16871,16871,16871,24,24
2023-06-07 15:36:46,16871,16871,16871,2,0
2023-06-07 15:36:53,16871,16871,16871,8,0
2023-06-07 15:36:53,16871,16871,16871,54,0
2023-06-07 15:36:53,16871,16871,16871,2,0
2023-06-07 15:36:53,16871,16871,16871,2,0
2023-06-07 15:36:53,16871,16871,16871,2,0
2023-06-07 15:36:53,16871,16871,16871,2,0
2023-06-07 15:36:57,16870,16870,16870,2,-2
2023-06-07 15:37:06,16871,16871,16871,2,2
2023-06-07 15:37:07,16872,16872,16872,2,2
2023-06-07 15:37:30,16871,16871,16871,2,-2
2023-06-07 15:37:30,16871,16871,16871,2,0
2023-06-07 15:37:30,16871,16871,16871,10,0
2023-06-07 15:37:30,16871,16871,16871,2,0
2023-06-07 15:37:30,16871,16871,16871,2,0
2023-06-07 15:37:30,16871,16871,16871,2,0
2023-06-07 15:37:37,16871,16871,16871,8,0
2023-06-07 15:37:41,16871,16871,16871,2,0
2023-06-07 15:37:44,16871,16871,16871,2,0
2023-06-07 15:38:07,16872,16872,16872,4,4
2023-06-07 15:38:07,16872,16872,16872,2,0
2023-06-07 15:38:07,16872,16872,16872,4,0
2023-06-07 15:38:07,16872,16872,16872,26,0
2023-06-07 15:38:12,16872,16872,16872,2,0
2023-06-07 15:38:12,16872,16872,16872,2,0
2023-06-07 15:38:12,16872,16872,16872,2,0
2023-06-07 15:38:18,16872,16872,16872,2,0
2023-06-07 15:38:26,16872,16872,16872,4,0
2023-06-07 15:38:33,16872,16872,16872,2,0
2023-06-07 15:38:44,16871,16871,16871,2,-2
2023-06-07 15:38:55,16871,16871,16871,2,0
2023-06-07 15:39:00,16872,16872,16872,8,8
2023-06-07 15:39:04,16871,16871,16871,2,-2
2023-06-07 15:39:05,16871,16871,16871,2,0
2023-06-07 15:39:11,16871,16871,16871,4,0
2023-06-07 15:39:11,16871,16871,16871,8,0
2023-06-07 15:39:11,16871,16871,16871,2,0
2023-06-07 15:39:12,16871,16871,16871,2,0
2023-06-07 15:39:12,16871,16871,16871,4,0
2023-06-07 15:39:12,16871,16871,16871,2,0
2023-06-07 15:39:12,16871,16871,16871,2,0
2023-06-07 15:39:12,16871,16871,16871,2,0
2023-06-07 15:39:12,16871,16871,16871,2,0
2023-06-07 15:39:12,16871,16871,16871,2,0
2023-06-07 15:39:12,16871,16871,16871,18,0
2023-06-07 15:39:12,16871,16871,16871,10,0
2023-06-07 15:39:12,16871,16871,16871,2,0
2023-06-07 15:39:12,16870,16870,16870,2,-2
2023-06-07 15:39:14,16870,16870,16870,2,0
2023-06-07 15:39:15,16870,16870,16870,4,0
2023-06-07 15:39:21,16870,16870,16870,2,0
2023-06-07 15:39:30,16870,16870,16870,2,0
2023-06-07 15:39:32,16871,16871,16871,2,2
2023-06-07 15:39:33,16870,16870,16870,2,-2
2023-06-07 15:39:36,16870,16870,16870,2,0
2023-06-07 15:39:42,16870,16870,16870,4,0
2023-06-07 15:39:42,16870,16870,16870,4,0
2023-06-07 15:39:42,16870,16870,16870,2,0
2023-06-07 15:39:42,16870,16870,16870,2,0
2023-06-07 15:39:42,16870,16870,16870,2,0
2023-06-07 15:39:42,16870,16870,16870,2,0
2023-06-07 15:39:43,16870,16870,16870,2,0
2023-06-07 15:39:43,16870,16870,16870,2,0
2023-06-07 15:39:43,16870,16870,16870,2,0
2023-06-07 15:39:43,16870,16870,16870,2,0
2023-06-07 15:39:47,16870,16870,16870,2,0
2023-06-07 15:39:47,16870,16870,16870,2,0
2023-06-07 15:39:48,16870,16870,16870,2,0
2023-06-07 15:39:48,16870,16870,16870,2,0
2023-06-07 15:39:49,16870,16870,16870,2,0
2023-06-07 15:39:49,16870,16870,16870,2,0
2023-06-07 15:39:49,16870,16870,16870,2,0
2023-06-07 15:39:49,16870,16870,16870,4,0
2023-06-07 15:39:50,16870,16870,16870,2,0
2023-06-07 15:39:50,16870,16870,16870,2,0
2023-06-07 15:39:50,16870,16870,16870,2,0
2023-06-07 15:39:56,16870,16870,16870,2,0
2023-06-07 15:40:03,16870,16870,16870,4,0
2023-06-07 15:40:04,16869,16869,16869,2,-2
2023-06-07 15:40:04,16869,16869,16869,2,0
2023-06-07 15:40:05,16870,16870,16870,4,4
2023-06-07 15:40:06,16870,16870,16870,2,0
2023-06-07 15:40:08,16870,16870,16870,2,0
2023-06-07 15:40:08,16869,16869,16869,6,-6
2023-06-07 15:40:10,16869,16869,16869,2,0
2023-06-07 15:40:11,16869,16869,16869,2,0
2023-06-07 15:40:11,16869,16869,16869,2,0
2023-06-07 15:40:11,16869,16869,16869,2,0
2023-06-07 15:40:11,16869,16869,16869,2,0
2023-06-07 15:40:11,16869,16869,16869,2,0
2023-06-07 15:40:11,16869,16869,16869,2,0
2023-06-07 15:40:11,16869,16869,16869,10,0
2023-06-07 15:40:11,16869,16869,16869,2,0
2023-06-07 15:40:11,16869,16869,16869,2,0
2023-06-07 15:40:11,16869,16869,16869,2,0
2023-06-07 15:40:11,16869,16869,16869,2,0
2023-06-07 15:40:11,16869,16869,16869,2,0
2023-06-07 15:40:11,16869,16869,16869,2,0
2023-06-07 15:40:11,16869,16869,16869,2,0
2023-06-07 15:40:11,16869,16869,16869,6,0
2023-06-07 15:40:11,16869,16869,16869,2,0
2023-06-07 15:40:11,16869,16869,16869,2,0
2023-06-07 15:40:11,16869,16869,16869,2,0
2023-06-07 15:40:11,16869,16869,16869,4,0
2023-06-07 15:40:11,16869,16869,16869,2,0
2023-06-07 15:40:11,16869,16869,16869,2,0
2023-06-07 15:40:11,16868,16868,16868,2,-2
2023-06-07 15:40:11,16868,16868,16868,2,0
2023-06-07 15:40:11,16868,16868,16868,2,0
2023-06-07 15:40:11,16868,16868,16868,2,0
2023-06-07 15:40:11,16868,16868,16868,2,0
2023-06-07 15:40:11,16868,16868,16868,2,0
2023-06-07 15:40:11,16868,16868,16868,2,0
2023-06-07 15:40:11,16868,16868,16868,4,0
2023-06-07 15:40:12,16867,16867,16867,2,-2
2023-06-07 15:40:12,16867,16867,16867,4,0
2023-06-07 15:40:12,16867,16867,16867,2,0
2023-06-07 15:40:13,16867,16867,16867,2,0
2023-06-07 15:40:13,16867,16867,16867,8,0
2023-06-07 15:40:13,16867,16867,16867,2,0
2023-06-07 15:40:13,16867,16867,16867,2,0
2023-06-07 15:40:13,16867,16867,16867,2,0
2023-06-07 15:40:13,16867,16867,16867,2,0
2023-06-07 15:40:13,16867,16867,16867,2,0
2023-06-07 15:40:13,16867,16867,16867,2,0
2023-06-07 15:40:13,16867,16867,16867,2,0
2023-06-07 15:40:13,16868,16868,16868,2,2
2023-06-07 15:40:13,16867,16867,16867,2,-2
2023-06-07 15:40:13,16867,16867,16867,2,0
2023-06-07 15:40:14,16868,16868,16868,2,2
2023-06-07 15:40:14,16867,16867,16867,2,-2
2023-06-07 15:40:16,16867,16867,16867,4,0
2023-06-07 15:40:16,16867,16867,16867,8,0
2023-06-07 15:40:16,16867,16867,16867,2,0
2023-06-07 15:40:16,16867,16867,16867,2,0
2023-06-07 15:40:19,16866,16866,16866,2,-2
2023-06-07 15:40:19,16866,16866,16866,2,0
2023-06-07 15:40:20,16866,16866,16866,2,0
2023-06-07 15:40:20,16866,16866,16866,4,0
2023-06-07 15:40:20,16866,16866,16866,2,0
2023-06-07 15:40:20,16866,16866,16866,2,0
2023-06-07 15:40:20,16866,16866,16866,2,0
2023-06-07 15:40:20,16866,16866,16866,2,0
2023-06-07 15:40:20,16866,16866,16866,4,0
2023-06-07 15:40:20,16866,16866,16866,2,0
2023-06-07 15:40:20,16866,16866,16866,2,0
2023-06-07 15:40:20,16866,16866,16866,2,0
2023-06-07 15:40:20,16866,16866,16866,2,0
2023-06-07 15:40:24,16866,16866,16866,2,0
2023-06-07 15:40:26,16866,16866,16866,2,0
2023-06-07 15:40:27,16867,16867,16867,8,8
2023-06-07 15:40:29,16867,16867,16867,2,0
2023-06-07 15:40:29,16867,16867,16867,2,0
2023-06-07 15:40:29,16867,16867,16867,2,0
2023-06-07 15:40:29,16867,16867,16867,2,0
2023-06-07 15:40:29,16867,16867,16867,2,0
2023-06-07 15:40:29,16867,16867,16867,2,0
2023-06-07 15:40:29,16867,16867,16867,2,0
2023-06-07 15:40:32,16866,16866,16866,2,-2
2023-06-07 15:40:36,16867,16867,16867,2,2
2023-06-07 15:40:37,16867,16867,16867,4,0
2023-06-07 15:40:38,16867,16867,16867,2,0
2023-06-07 15:40:48,16867,16867,16867,2,0
2023-06-07 15:40:48,16867,16867,16867,4,0
2023-06-07 15:40:48,16866,16866,16866,2,-2
2023-06-07 15:40:50,16867,16867,16867,2,2
2023-06-07 15:40:51,16867,16867,16867,2,0
2023-06-07 15:40:51,16867,16867,16867,2,0
2023-06-07 15:40:51,16867,16867,16867,2,0
2023-06-07 15:40:52,16867,16867,16867,2,0
2023-06-07 15:40:58,16867,16867,16867,2,0
2023-06-07 15:41:01,16867,16867,16867,2,0
2023-06-07 15:41:01,16867,16867,16867,2,0
2023-06-07 15:41:01,16867,16867,16867,6,0
2023-06-07 15:41:01,16866,16866,16866,2,-2
2023-06-07 15:41:02,16867,16867,16867,2,2
2023-06-07 15:41:07,16866,16866,16866,2,-2
2023-06-07 15:41:11,16866,16866,16866,2,0
2023-06-07 15:41:16,16867,16867,16867,4,4
2023-06-07 15:41:16,16867,16867,16867,4,0
2023-06-07 15:41:24,16868,16868,16868,2,2
2023-06-07 15:41:24,16867,16867,16867,2,-2
2023-06-07 15:41:24,16867,16867,16867,2,0
2023-06-07 15:41:32,16868,16868,16868,2,2
2023-06-07 15:41:32,16868,16868,16868,10,0
2023-06-07 15:41:32,16868,16868,16868,2,0
2023-06-07 15:41:32,16868,16868,16868,2,0
2023-06-07 15:41:32,16869,16869,16869,2,2
2023-06-07 15:41:32,16868,16868,16868,2,-2
2023-06-07 15:41:33,16868,16868,16868,2,0
2023-06-07 15:41:42,16868,16868,16868,2,0
2023-06-07 15:41:46,16869,16869,16869,2,2
2023-06-07 15:41:50,16869,16869,16869,2,0
2023-06-07 15:41:53,16868,16868,16868,2,-2
2023-06-07 15:41:53,16868,16868,16868,2,0
2023-06-07 15:41:58,16868,16868,16868,4,0
2023-06-07 15:41:59,16867,16867,16867,2,-2
2023-06-07 15:41:59,16867,16867,16867,2,0
2023-06-07 15:41:59,16867,16867,16867,2,0
2023-06-07 15:41:59,16867,16867,16867,4,0
2023-06-07 15:41:59,16867,16867,16867,2,0
2023-06-07 15:41:59,16867,16867,16867,2,0
2023-06-07 15:41:59,16867,16867,16867,4,0
2023-06-07 15:41:59,16867,16867,16867,2,0
2023-06-07 15:41:59,16867,16867,16867,2,0
2023-06-07 15:41:59,16867,16867,16867,2,0
2023-06-07 15:42:06,16867,16867,16867,2,0
2023-06-07 15:42:12,16866,16866,16866,2,-2
2023-06-07 15:42:12,16866,16866,16866,8,0
2023-06-07 15:42:12,16866,16866,16866,4,0
2023-06-07 15:42:12,16866,16866,16866,2,0
2023-06-07 15:42:12,16866,16866,16866,4,0
2023-06-07 15:42:12,16866,16866,16866,2,0
2023-06-07 15:42:12,16866,16866,16866,2,0
2023-06-07 15:42:12,16866,16866,16866,2,0
2023-06-07 15:42:12,16866,16866,16866,2,0
2023-06-07 15:42:12,16866,16866,16866,2,0
2023-06-07 15:42:12,16866,16866,16866,2,0
2023-06-07 15:42:12,16866,16866,16866,2,0
2023-06-07 15:42:12,16866,16866,16866,2,0
2023-06-07 15:42:12,16866,16866,16866,2,0
2023-06-07 15:42:15,16865,16865,16865,2,-2
2023-06-07 15:42:15,16865,16865,16865,2,0
2023-06-07 15:42:15,16865,16865,16865,2,0
2023-06-07 15:42:18,16865,16865,16865,2,0
2023-06-07 15:42:21,16865,16865,16865,2,0
2023-06-07 15:42:21,16865,16865,16865,4,0
2023-06-07 15:42:21,16865,16865,16865,6,0
2023-06-07 15:42:24,16865,16865,16865,2,0
2023-06-07 15:42:25,16866,16866,16866,6,6
2023-06-07 15:42:25,16866,16866,16866,6,0
2023-06-07 15:42:32,16866,16866,16866,6,0
2023-06-07 15:42:32,16866,16866,16866,2,0
2023-06-07 15:42:32,16866,16866,16866,2,0
2023-06-07 15:42:32,16866,16866,16866,2,0
2023-06-07 15:42:52,16866,16866,16866,2,0
2023-06-07 15:42:52,16866,16866,16866,2,0
2023-06-07 15:42:56,16866,16866,16866,2,0
2023-06-07 15:42:58,16865,16865,16865,2,-2
2023-06-07 15:42:58,16865,16865,16865,2,0
2023-06-07 15:43:01,16866,16866,16866,2,2
2023-06-07 15:43:01,16866,16866,16866,2,0
2023-06-07 15:43:01,16866,16866,16866,2,0
2023-06-07 15:43:01,16865,16865,16865,2,-2
2023-06-07 15:43:01,16865,16865,16865,2,0
2023-06-07 15:43:01,16865,16865,16865,2,0
2023-06-07 15:43:01,16865,16865,16865,4,0
2023-06-07 15:43:01,16865,16865,16865,2,0
2023-06-07 15:43:02,16865,16865,16865,4,0
2023-06-07 15:43:04,16866,16866,16866,2,2
2023-06-07 15:43:04,16865,16865,16865,2,-2
2023-06-07 15:43:04,16865,16865,16865,2,0
2023-06-07 15:43:04,16865,16865,16865,2,0
2023-06-07 15:43:04,16865,16865,16865,2,0
2023-06-07 15:43:04,16865,16865,16865,2,0
2023-06-07 15:43:09,16865,16865,16865,2,0
2023-06-07 15:43:10,16866,16866,16866,2,2
2023-06-07 15:43:11,16866,16866,16866,2,0
2023-06-07 15:43:12,16866,16866,16866,2,0
2023-06-07 15:43:12,16866,16866,16866,2,0
2023-06-07 15:43:12,16866,16866,16866,2,0
2023-06-07 15:43:12,16866,16866,16866,2,0
2023-06-07 15:43:13,16867,16867,16867,2,2
2023-06-07 15:43:13,16866,16866,16866,2,-2
2023-06-07 15:43:14,16866,16866,16866,2,0
2023-06-07 15:43:14,16866,16866,16866,2,0
2023-06-07 15:43:18,16866,16866,16866,2,0
2023-06-07 15:43:20,16866,16866,16866,2,0
2023-06-07 15:43:26,16867,16867,16867,2,2
2023-06-07 15:43:30,16867,16867,16867,2,0
2023-06-07 15:43:36,16865,16865,16865,2,-2
2023-06-07 15:43:43,16866,16866,16866,2,2
2023-06-07 15:43:48,16865,16865,16865,2,-2
2023-06-07 15:43:54,16866,16866,16866,2,2
2023-06-07 15:43:57,16865,16865,16865,2,-2
2023-06-07 15:43:58,16866,16866,16866,2,2
2023-06-07 15:43:59,16866,16866,16866,4,0
2023-06-07 15:43:59,16866,16866,16866,2,0
2023-06-07 15:44:11,16866,16866,16866,2,0
2023-06-07 15:44:17,16866,16866,16866,2,0
2023-06-07 15:44:21,16866,16866,16866,2,0
2023-06-07 15:44:21,16866,16866,16866,2,0
2023-06-07 15:44:22,16867,16867,16867,2,2
2023-06-07 15:44:26,16867,16867,16867,2,0
2023-06-07 15:44:32,16866,16866,16866,2,-2
2023-06-07 15:44:35,16865,16865,16865,2,-2
2023-06-07 15:44:41,16866,16866,16866,2,2
2023-06-07 15:44:41,16866,16866,16866,2,0
2023-06-07 15:44:44,16866,16866,16866,2,0
2023-06-07 15:44:47,16866,16866,16866,4,0
2023-06-07 15:44:53,16866,16866,16866,2,0
2023-06-07 15:45:15,16866,16866,16866,2,0
2023-06-07 15:45:16,16866,16866,16866,2,0
2023-06-07 15:45:16,16866,16866,16866,2,0
2023-06-07 15:45:16,16866,16866,16866,2,0
2023-06-07 15:45:17,16866,16866,16866,2,0
2023-06-07 15:45:18,16867,16867,16867,2,2
2023-06-07 15:45:21,16865,16865,16865,2,-2
2023-06-07 15:45:26,16866,16866,16866,2,2
2023-06-07 15:45:38,16866,16866,16866,2,0
2023-06-07 15:45:39,16866,16866,16866,2,0
2023-06-07 15:45:46,16866,16866,16866,6,0
2023-06-07 15:45:46,16866,16866,16866,2,0
2023-06-07 15:45:46,16866,16866,16866,2,0
2023-06-07 15:45:50,16866,16866,16866,2,0
2023-06-07 15:45:51,16866,16866,16866,10,0
2023-06-07 15:45:56,16866,16866,16866,2,0
2023-06-07 15:45:56,16866,16866,16866,2,0
2023-06-07 15:45:56,16866,16866,16866,2,0
2023-06-07 15:45:56,16866,16866,16866,2,0
2023-06-07 15:45:56,16866,16866,16866,2,0
2023-06-07 15:45:59,16865,16865,16865,2,-2
2023-06-07 15:46:05,16867,16867,16867,16,16
2023-06-07 15:46:08,16866,16866,16866,2,-2
2023-06-07 15:46:15,16868,16868,16868,2,2
2023-06-07 15:46:15,16868,16868,16868,2,0
2023-06-07 15:46:20,16868,16868,16868,2,0
2023-06-07 15:46:20,16868,16868,16868,2,0
2023-06-07 15:46:27,16867,16867,16867,4,-4
2023-06-07 15:46:27,16867,16867,16867,2,0
2023-06-07 15:46:27,16867,16867,16867,2,0
2023-06-07 15:46:27,16867,16867,16867,2,0
2023-06-07 15:46:27,16867,16867,16867,2,0
2023-06-07 15:46:27,16867,16867,16867,2,0
2023-06-07 15:46:27,16868,16868,16868,2,2
2023-06-07 15:46:27,16868,16868,16868,2,0
2023-06-07 15:46:38,16868,16868,16868,2,0
2023-06-07 15:46:40,16868,16868,16868,4,0
2023-06-07 15:46:43,16867,16867,16867,6,-6
2023-06-07 15:46:46,16867,16867,16867,2,0
2023-06-07 15:46:48,16866,16866,16866,2,-2
2023-06-07 15:46:48,16866,16866,16866,2,0
2023-06-07 15:46:48,16866,16866,16866,6,0
2023-06-07 15:46:48,16866,16866,16866,2,0
2023-06-07 15:46:48,16866,16866,16866,2,0
2023-06-07 15:46:48,16866,16866,16866,2,0
2023-06-07 15:46:48,16866,16866,16866,2,0
2023-06-07 15:46:48,16866,16866,16866,2,0
2023-06-07 15:46:48,16866,16866,16866,2,0
2023-06-07 15:46:48,16866,16866,16866,2,0
2023-06-07 15:46:48,16866,16866,16866,2,0
2023-06-07 15:46:48,16865,16865,16865,2,-2
2023-06-07 15:46:49,16867,16867,16867,2,2
2023-06-07 15:46:49,16867,16867,16867,2,0
2023-06-07 15:46:49,16867,16867,16867,2,0
2023-06-07 15:46:49,16865,16865,16865,2,-2
2023-06-07 15:46:49,16865,16865,16865,2,0
2023-06-07 15:46:49,16865,16865,16865,2,0
2023-06-07 15:46:50,16865,16865,16865,2,0
2023-06-07 15:46:50,16865,16865,16865,2,0
2023-06-07 15:46:50,16865,16865,16865,2,0
2023-06-07 15:46:50,16865,16865,16865,2,0
2023-06-07 15:46:51,16866,16866,16866,2,2
2023-06-07 15:46:51,16865,16865,16865,2,-2
2023-06-07 15:46:51,16865,16865,16865,2,0
2023-06-07 15:46:51,16865,16865,16865,2,0
2023-06-07 15:46:51,16865,16865,16865,2,0
2023-06-07 15:46:51,16865,16865,16865,2,0
2023-06-07 15:46:51,16865,16865,16865,2,0
2023-06-07 15:46:51,16865,16865,16865,2,0
2023-06-07 15:46:51,16865,16865,16865,2,0
2023-06-07 15:46:51,16865,16865,16865,2,0
2023-06-07 15:46:51,16865,16865,16865,2,0
2023-06-07 15:46:51,16865,16865,16865,2,0
2023-06-07 15:46:51,16865,16865,16865,2,0
2023-06-07 15:46:51,16865,16865,16865,2,0
2023-06-07 15:46:51,16865,16865,16865,2,0
2023-06-07 15:46:51,16865,16865,16865,2,0
2023-06-07 15:46:51,16865,16865,16865,2,0
2023-06-07 15:46:51,16865,16865,16865,2,0
2023-06-07 15:46:51,16865,16865,16865,2,0
2023-06-07 15:46:51,16865,16865,16865,2,0
2023-06-07 15:46:51,16864,16864,16864,2,-2
2023-06-07 15:46:51,16865,16865,16865,2,2
2023-06-07 15:46:51,16864,16864,16864,2,-2
2023-06-07 15:46:53,16864,16864,16864,2,0
2023-06-07 15:46:53,16864,16864,16864,2,0
2023-06-07 15:46:54,16865,16865,16865,2,2
2023-06-07 15:46:54,16864,16864,16864,2,-2
2023-06-07 15:46:55,16864,16864,16864,2,0
2023-06-07 15:46:57,16865,16865,16865,4,4
2023-06-07 15:46:58,16865,16865,16865,6,0
2023-06-07 15:47:02,16864,16864,16864,4,-4
2023-06-07 15:47:02,16864,16864,16864,2,0
2023-06-07 15:47:02,16864,16864,16864,2,0
2023-06-07 15:47:02,16864,16864,16864,2,0
2023-06-07 15:47:02,16864,16864,16864,6,0
2023-06-07 15:47:02,16864,16864,16864,8,0
2023-06-07 15:47:02,16865,16865,16865,2,2
2023-06-07 15:47:06,16865,16865,16865,2,0
2023-06-07 15:47:19,16864,16864,16864,32,-32
2023-06-07 15:47:19,16864,16864,16864,2,0
2023-06-07 15:47:19,16864,16864,16864,2,0
2023-06-07 15:47:19,16864,16864,16864,2,0
2023-06-07 15:47:19,16864,16864,16864,2,0
2023-06-07 15:47:19,16864,16864,16864,2,0
2023-06-07 15:47:19,16864,16864,16864,2,0
2023-06-07 15:47:19,16864,16864,16864,2,0
2023-06-07 15:47:21,16863,16863,16863,2,-2
2023-06-07 15:47:21,16863,16863,16863,2,0
2023-06-07 15:47:21,16863,16863,16863,4,0
2023-06-07 15:47:21,16863,16863,16863,2,0
2023-06-07 15:47:21,16864,16864,16864,2,2
2023-06-07 15:47:21,16863,16863,16863,2,-2
2023-06-07 15:47:21,16863,16863,16863,4,0
2023-06-07 15:47:21,16863,16863,16863,2,0
2023-06-07 15:47:21,16863,16863,16863,2,0
2023-06-07 15:47:21,16863,16863,16863,4,0
2023-06-07 15:47:21,16863,16863,16863,10,0
2023-06-07 15:47:21,16863,16863,16863,2,0
2023-06-07 15:47:21,16863,16863,16863,6,0
2023-06-07 15:47:21,16863,16863,16863,2,0
2023-06-07 15:47:21,16863,16863,16863,2,0
2023-06-07 15:47:21,16863,16863,16863,6,0
2023-06-07 15:47:21,16863,16863,16863,2,0
2023-06-07 15:47:21,16863,16863,16863,2,0
2023-06-07 15:47:21,16863,16863,16863,2,0
2023-06-07 15:47:21,16863,16863,16863,2,0
2023-06-07 15:47:21,16863,16863,16863,2,0
2023-06-07 15:47:21,16863,16863,16863,2,0
2023-06-07 15:47:21,16862,16862,16862,2,-2
2023-06-07 15:47:21,16862,16862,16862,4,0
2023-06-07 15:47:21,16862,16862,16862,4,0
2023-06-07 15:47:21,16862,16862,16862,12,0
2023-06-07 15:47:21,16862,16862,16862,2,0
2023-06-07 15:47:21,16862,16862,16862,2,0
2023-06-07 15:47:21,16862,16862,16862,2,0
2023-06-07 15:47:21,16862,16862,16862,2,0
2023-06-07 15:47:21,16862,16862,16862,2,0
2023-06-07 15:47:21,16862,16862,16862,2,0
2023-06-07 15:47:21,16862,16862,16862,2,0
2023-06-07 15:47:21,16862,16862,16862,2,0
2023-06-07 15:47:21,16862,16862,16862,4,0
2023-06-07 15:47:21,16862,16862,16862,2,0
2023-06-07 15:47:21,16862,16862,16862,2,0
2023-06-07 15:47:21,16862,16862,16862,2,0
2023-06-07 15:47:21,16862,16862,16862,4,0
2023-06-07 15:47:21,16862,16862,16862,2,0
2023-06-07 15:47:21,16862,16862,16862,2,0
2023-06-07 15:47:21,16862,16862,16862,2,0
2023-06-07 15:47:21,16862,16862,16862,10,0
2023-06-07 15:47:21,16862,16862,16862,2,0
2023-06-07 15:47:21,16862,16862,16862,2,0
2023-06-07 15:47:21,16862,16862,16862,6,0
2023-06-07 15:47:21,16862,16862,16862,2,0
2023-06-07 15:47:21,16862,16862,16862,2,0
2023-06-07 15:47:21,16862,16862,16862,10,0
2023-06-07 15:47:21,16862,16862,16862,10,0
2023-06-07 15:47:21,16861,16861,16861,2,-2
2023-06-07 15:47:21,16861,16861,16861,2,0
2023-06-07 15:47:21,16861,16861,16861,2,0
2023-06-07 15:47:21,16861,16861,16861,2,0
2023-06-07 15:47:21,16861,16861,16861,2,0
2023-06-07 15:47:21,16861,16861,16861,2,0
2023-06-07 15:47:21,16861,16861,16861,2,0
2023-06-07 15:47:21,16861,16861,16861,2,0
2023-06-07 15:47:21,16861,16861,16861,2,0
2023-06-07 15:47:21,16861,16861,16861,2,0
2023-06-07 15:47:21,16862,16862,16862,2,2
2023-06-07 15:47:21,16862,16862,16862,4,0
2023-06-07 15:47:21,16861,16861,16861,2,-2
2023-06-07 15:47:21,16861,16861,16861,2,0
2023-06-07 15:47:21,16861,16861,16861,2,0
2023-06-07 15:47:21,16861,16861,16861,2,0
2023-06-07 15:47:21,16861,16861,16861,2,0
2023-06-07 15:47:21,16861,16861,16861,2,0
2023-06-07 15:47:21,16861,16861,16861,4,0
2023-06-07 15:47:21,16861,16861,16861,2,0
2023-06-07 15:47:21,16860,16860,16860,2,-2
2023-06-07 15:47:21,16860,16860,16860,2,0
2023-06-07 15:47:21,16861,16861,16861,2,2
2023-06-07 15:47:21,16861,16861,16861,2,0
2023-06-07 15:47:21,16861,16861,16861,2,0
2023-06-07 15:47:21,16860,16860,16860,2,-2
2023-06-07 15:47:21,16860,16860,16860,2,0
2023-06-07 15:47:21,16860,16860,16860,2,0
2023-06-07 15:47:21,16860,16860,16860,2,0
2023-06-07 15:47:21,16860,16860,16860,2,0
2023-06-07 15:47:21,16860,16860,16860,2,0
2023-06-07 15:47:21,16860,16860,16860,2,0
2023-06-07 15:47:21,16860,16860,16860,2,0
2023-06-07 15:47:21,16860,16860,16860,2,0
2023-06-07 15:47:21,16860,16860,16860,2,0
2023-06-07 15:47:21,16860,16860,16860,2,0
2023-06-07 15:47:21,16860,16860,16860,2,0
2023-06-07 15:47:21,16860,16860,16860,4,0
2023-06-07 15:47:21,16860,16860,16860,2,0
2023-06-07 15:47:21,16860,16860,16860,6,0
2023-06-07 15:47:21,16860,16860,16860,2,0
2023-06-07 15:47:21,16860,16860,16860,2,0
2023-06-07 15:47:21,16860,16860,16860,2,0
2023-06-07 15:47:21,16860,16860,16860,4,0
2023-06-07 15:47:21,16860,16860,16860,2,0
2023-06-07 15:47:21,16860,16860,16860,2,0
2023-06-07 15:47:21,16860,16860,16860,2,0
2023-06-07 15:47:21,16860,16860,16860,2,0
2023-06-07 15:47:21,16860,16860,16860,12,0
2023-06-07 15:47:21,16860,16860,16860,2,0
2023-06-07 15:47:21,16860,16860,16860,6,0
2023-06-07 15:47:21,16860,16860,16860,4,0
2023-06-07 15:47:22,16860,16860,16860,2,0
2023-06-07 15:47:22,16860,16860,16860,2,0
2023-06-07 15:47:22,16860,16860,16860,2,0
2023-06-07 15:47:22,16860,16860,16860,2,0
2023-06-07 15:47:22,16859,16859,16859,2,-2
2023-06-07 15:47:22,16859,16859,16859,2,0
2023-06-07 15:47:22,16859,16859,16859,2,0
2023-06-07 15:47:22,16859,16859,16859,2,0
2023-06-07 15:47:22,16859,16859,16859,2,0
2023-06-07 15:47:22,16860,16860,16860,2,2
2023-06-07 15:47:22,16859,16859,16859,2,-2
2023-06-07 15:47:22,16860,16860,16860,2,2
2023-06-07 15:47:23,16860,16860,16860,2,0
2023-06-07 15:47:23,16859,16859,16859,2,-2
2023-06-07 15:47:23,16859,16859,16859,2,0
2023-06-07 15:47:23,16859,16859,16859,2,0
2023-06-07 15:47:23,16859,16859,16859,2,0
2023-06-07 15:47:23,16859,16859,16859,2,0
2023-06-07 15:47:26,16858,16858,16858,10,-10
2023-06-07 15:47:26,16858,16858,16858,4,0
2023-06-07 15:47:26,16858,16858,16858,4,0
2023-06-07 15:47:26,16859,16859,16859,2,2
2023-06-07 15:47:27,16858,16858,16858,2,-2
2023-06-07 15:47:27,16859,16859,16859,2,2
2023-06-07 15:47:27,16859,16859,16859,2,0
2023-06-07 15:47:28,16859,16859,16859,2,0
2023-06-07 15:47:29,16859,16859,16859,2,0
2023-06-07 15:47:29,16859,16859,16859,2,0
2023-06-07 15:47:31,16859,16859,16859,2,0
2023-06-07 15:47:33,16859,16859,16859,2,0
2023-06-07 15:47:34,16860,16860,16860,2,2
2023-06-07 15:47:34,16859,16859,16859,2,-2
2023-06-07 15:47:35,16860,16860,16860,2,2
2023-06-07 15:47:36,16860,16860,16860,2,0
2023-06-07 15:47:40,16860,16860,16860,2,0
2023-06-07 15:47:41,16859,16859,16859,2,-2
2023-06-07 15:47:41,16859,16859,16859,2,0
2023-06-07 15:47:41,16859,16859,16859,2,0
2023-06-07 15:47:41,16859,16859,16859,2,0
2023-06-07 15:47:41,16859,16859,16859,2,0
2023-06-07 15:47:42,16858,16858,16858,2,-2
2023-06-07 15:47:45,16859,16859,16859,2,2
2023-06-07 15:47:45,16859,16859,16859,2,0
2023-06-07 15:47:48,16860,16860,16860,2,2
2023-06-07 15:47:50,16860,16860,16860,2,0
2023-06-07 15:47:53,16859,16859,16859,2,-2
2023-06-07 15:47:56,16859,16859,16859,2,0
2023-06-07 15:47:57,16859,16859,16859,2,0
2023-06-07 15:47:57,16859,16859,16859,2,0
2023-06-07 15:47:57,16859,16859,16859,2,0
2023-06-07 15:47:57,16859,16859,16859,2,0
2023-06-07 15:47:58,16859,16859,16859,2,0
2023-06-07 15:47:59,16859,16859,16859,2,0
2023-06-07 15:48:01,16859,16859,16859,2,0
2023-06-07 15:48:01,16859,16859,16859,2,0
2023-06-07 15:48:02,16858,16858,16858,2,-2
2023-06-07 15:48:02,16858,16858,16858,2,0
2023-06-07 15:48:02,16858,16858,16858,4,0
2023-06-07 15:48:02,16858,16858,16858,2,0
2023-06-07 15:48:02,16858,16858,16858,2,0
2023-06-07 15:48:02,16858,16858,16858,2,0
2023-06-07 15:48:02,16858,16858,16858,2,0
2023-06-07 15:48:02,16858,16858,16858,2,0
2023-06-07 15:48:02,16860,16860,16860,8,8
2023-06-07 15:48:02,16859,16859,16859,2,-2
2023-06-07 15:48:03,16859,16859,16859,2,0
2023-06-07 15:48:03,16858,16858,16858,2,-2
2023-06-07 15:48:03,16858,16858,16858,2,0
2023-06-07 15:48:06,16859,16859,16859,2,2
2023-06-07 15:48:06,16859,16859,16859,2,0
2023-06-07 15:48:06,16858,16858,16858,2,-2
2023-06-07 15:48:06,16858,16858,16858,2,0
2023-06-07 15:48:07,16860,16860,16860,4,4
2023-06-07 15:48:10,16859,16859,16859,2,-2
2023-06-07 15:48:13,16858,16858,16858,4,-4
2023-06-07 15:48:13,16859,16859,16859,2,2
2023-06-07 15:48:13,16858,16858,16858,4,-4
2023-06-07 15:48:13,16858,16858,16858,6,0
2023-06-07 15:48:13,16858,16858,16858,2,0
2023-06-07 15:48:13,16858,16858,16858,2,0
2023-06-07 15:48:13,16858,16858,16858,2,0
2023-06-07 15:48:13,16858,16858,16858,2,0
2023-06-07 15:48:16,16859,16859,16859,4,4
2023-06-07 15:48:16,16859,16859,16859,2,0
2023-06-07 15:48:17,16858,16858,16858,2,-2
2023-06-07 15:48:18,16858,16858,16858,2,0
2023-06-07 15:48:19,16858,16858,16858,2,0
2023-06-07 15:48:19,16858,16858,16858,2,0
2023-06-07 15:48:19,16858,16858,16858,2,0
2023-06-07 15:48:19,16858,16858,16858,2,0
2023-06-07 15:48:19,16858,16858,16858,2,0
2023-06-07 15:48:19,16858,16858,16858,2,0
2023-06-07 15:48:19,16858,16858,16858,2,0
2023-06-07 15:48:22,16858,16858,16858,2,0
2023-06-07 15:48:22,16858,16858,16858,6,0
2023-06-07 15:48:22,16858,16858,16858,6,0
2023-06-07 15:48:22,16858,16858,16858,2,0
2023-06-07 15:48:22,16858,16858,16858,2,0
2023-06-07 15:48:22,16858,16858,16858,2,0
2023-06-07 15:48:22,16858,16858,16858,2,0
2023-06-07 15:48:22,16858,16858,16858,4,0
2023-06-07 15:48:22,16858,16858,16858,2,0
2023-06-07 15:48:22,16858,16858,16858,2,0
2023-06-07 15:48:22,16858,16858,16858,2,0
2023-06-07 15:48:25,16858,16858,16858,2,0
2023-06-07 15:48:25,16858,16858,16858,2,0
2023-06-07 15:48:25,16858,16858,16858,2,0
