2020-04-28,15:00:00.047000,10574,10575,10576,28
2020-04-28,15:00:00.049000,10576,10577,10576,1
2020-04-28,15:00:00.180000,10576,10577,10576,2
2020-04-28,15:00:00.180000,10576,10577,10575,3
2020-04-28,15:00:00.189000,10576,10577,10575,3
2020-04-28,15:00:00.548000,10575,10576,10576,2
2020-04-28,15:00:00.577000,10575,10576,10575,2
2020-04-28,15:00:00.633000,10575,10576,10574,1
2020-04-28,15:00:00.805000,10574,10576,10574,1
2020-04-28,15:00:00.929000,10574,10576,10576,1
2020-04-28,15:00:00.948000,10574,10576,10575,1
2020-04-28,15:00:01.133000,10574,10576,10575,1
2020-04-28,15:00:01.406000,10574,10576,10576,4
2020-04-28,15:00:01.530000,10575,10576,10576,16
2020-04-28,15:00:01.688000,10576,10577,10577,3
2020-04-28,15:00:01.771000,10576,10577,10578,1
2020-04-28,15:00:02.388000,10577,10579,10579,1
2020-04-28,15:00:02.761000,10578,10579,10578,1
2020-04-28,15:00:03.303000,10575,10577,10576,1
2020-04-28,15:00:03.304000,10575,10577,10576,1
2020-04-28,15:00:03.374000,10575,10577,10576,1
2020-04-28,15:00:03.391000,10575,10577,10576,1
2020-04-28,15:00:03.570000,10575,10577,10577,1
2020-04-28,15:00:03.584000,10575,10577,10577,1
2020-04-28,15:00:04.107000,10576,10579,10576,1
2020-04-28,15:00:05.097000,10575,10579,10575,9
2020-04-28,15:00:05.293000,10574,10576,10574,1
2020-04-28,15:00:05.387000,10574,10576,10576,1
2020-04-28,15:00:09.302000,10575,10576,10576,2
2020-04-28,15:00:09.694000,10575,10577,10577,4
2020-04-28,15:00:16.084000,10576,10577,10577,2
2020-04-28,15:00:16.085000,10576,10577,10577,1
2020-04-28,15:00:16.593000,10577,10578,10577,3
2020-04-28,15:00:17.239000,10577,10578,10577,1
2020-04-28,15:00:17.432000,10577,10578,10577,1
2020-04-28,15:00:17.942000,10577,10578,10577,1
2020-04-28,15:00:19.947000,10577,10578,10578,4
2020-04-28,15:00:20.247000,10578,10579,10578,1
2020-04-28,15:00:20.284000,10577,10579,10577,1
2020-04-28,15:00:20.395000,10577,10579,10578,1
2020-04-28,15:00:20.830000,10578,10579,10578,2
2020-04-28,15:00:23.577000,10577,10578,10578,3
2020-04-28,15:00:23.697000,10578,10579,10578,1
2020-04-28,15:00:24.358000,10577,10579,10579,1
2020-04-28,15:00:25.061000,10578,10579,10579,1
2020-04-28,15:00:26.670000,10578,10579,10579,1
2020-04-28,15:00:26.694000,10578,10579,10578,1
2020-04-28,15:00:29.098000,10578,10579,10579,1
2020-04-28,15:00:29.414000,10578,10579,10578,7
2020-04-28,15:00:29.414000,10578,10579,10577,3
2020-04-28,15:00:32.260000,10577,10578,10578,4
2020-04-28,15:00:33.034000,10578,10579,10579,1
2020-04-28,15:00:33.849000,10578,10579,10579,2
2020-04-28,15:00:33.849000,10578,10579,10579,5
2020-04-28,15:00:33.850000,10578,10579,10579,1
2020-04-28,15:00:34.917000,10578,10580,10578,1
2020-04-28,15:00:35.454000,10579,10580,10579,1
2020-04-28,15:00:36.170000,10579,10580,10579,1
2020-04-28,15:00:36.383000,10579,10580,10580,2
2020-04-28,15:00:37.575000,10579,10580,10579,2
2020-04-28,15:00:42.477000,10578,10579,10578,1
2020-04-28,15:00:44.716000,10578,10579,10579,1
2020-04-28,15:00:45.796000,10578,10579,10579,1
2020-04-28,15:00:46.833000,10578,10579,10579,1
2020-04-28,15:00:51.452000,10578,10579,10578,1
2020-04-28,15:00:51.515000,10578,10579,10579,1
2020-04-28,15:00:52.297000,10578,10579,10579,1
2020-04-28,15:00:57.036000,10578,10579,10579,1
2020-04-28,15:00:57.206000,10578,10579,10578,1
2020-04-28,15:00:57.321000,10578,10579,10578,2
2020-04-28,15:00:57.652000,10578,10579,10579,10
2020-04-28,15:00:57.653000,10578,10579,10579,2
2020-04-28,15:01:00.770000,10579,10580,10579,3
2020-04-28,15:01:00.811000,10578,10579,10579,1
2020-04-28,15:01:01.637000,10578,10579,10578,1
2020-04-28,15:01:02.937000,10578,10579,10578,1
2020-04-28,15:01:02.937000,10578,10579,10578,1
2020-04-28,15:01:02.937000,10578,10579,10578,1
2020-04-28,15:01:02.937000,10578,10579,10578,2
2020-04-28,15:01:02.937000,10578,10579,10578,2
2020-04-28,15:01:02.937000,10578,10579,10578,18
2020-04-28,15:01:03.030000,10577,10578,10577,9
2020-04-28,15:01:03.520000,10576,10577,10576,13
2020-04-28,15:01:05.772000,10575,10576,10575,17
2020-04-28,15:01:08.530000,10574,10575,10574,12
2020-04-28,15:01:08.530000,10574,10575,10574,3
2020-04-28,15:01:08.559000,10574,10575,10574,1
2020-04-28,15:01:08.665000,10573,10574,10574,1
2020-04-28,15:01:08.668000,10573,10574,10574,1
2020-04-28,15:01:08.670000,10573,10574,10574,1
2020-04-28,15:01:08.671000,10573,10574,10575,2
2020-04-28,15:01:09.548000,10573,10575,10575,1
2020-04-28,15:01:11.532000,10573,10574,10573,10
2020-04-28,15:01:12.845000,10573,10574,10574,4
2020-04-28,15:01:14.723000,10573,10574,10574,1
2020-04-28,15:01:15.269000,10573,10574,10574,1
2020-04-28,15:01:15.280000,10573,10574,10574,1
2020-04-28,15:01:17.776000,10573,10574,10574,1
2020-04-28,15:01:18.957000,10573,10574,10573,2
2020-04-28,15:01:19.095000,10573,10574,10573,2
2020-04-28,15:01:20.510000,10572,10574,10572,1
2020-04-28,15:01:20.972000,10572,10573,10573,1
2020-04-28,15:01:22.618000,10572,10573,10573,1
2020-04-28,15:01:23.169000,10572,10573,10573,1
2020-04-28,15:01:26.759000,10572,10573,10573,1
2020-04-28,15:01:27.307000,10572,10573,10573,1
2020-04-28,15:01:30.764000,10572,10573,10572,3
2020-04-28,15:01:31.677000,10572,10573,10573,1
2020-04-28,15:01:32.608000,10572,10573,10573,1
2020-04-28,15:01:33.335000,10572,10573,10572,2
2020-04-28,15:01:36.410000,10572,10573,10572,1
2020-04-28,15:01:37.453000,10572,10573,10572,1
2020-04-28,15:01:38.001000,10572,10573,10572,1
2020-04-28,15:01:41.240000,10572,10573,10573,3
2020-04-28,15:01:41.240000,10572,10573,10573,2
2020-04-28,15:01:41.240000,10572,10573,10573,1
2020-04-28,15:01:41.241000,10572,10573,10573,1
2020-04-28,15:01:41.875000,10573,10574,10574,7
2020-04-28,15:01:42.304000,10574,10575,10574,3
2020-04-28,15:01:42.684000,10574,10575,10574,1
2020-04-28,15:01:45.261000,10574,10575,10574,1
2020-04-28,15:01:47.319000,10573,10574,10574,1
2020-04-28,15:01:48.683000,10573,10574,10573,1
2020-04-28,15:01:51.948000,10573,10574,10574,1
2020-04-28,15:01:52.345000,10573,10574,10574,1
2020-04-28,15:01:55.310000,10573,10574,10573,8
2020-04-28,15:01:56.243000,10572,10573,10573,1
2020-04-28,15:01:57.481000,10572,10574,10574,1
2020-04-28,15:01:57.557000,10572,10574,10574,1
2020-04-28,15:01:59.852000,10573,10574,10573,3
2020-04-28,15:01:59.911000,10572,10574,10574,1
2020-04-28,15:01:59.919000,10572,10574,10574,1
2020-04-28,15:01:59.931000,10572,10574,10572,1
2020-04-28,15:02:03.597000,10573,10574,10573,5
2020-04-28,15:02:03.612000,10573,10574,10572,1
2020-04-28,15:02:04.445000,10572,10574,10572,2
2020-04-28,15:02:05.034000,10573,10574,10573,5
2020-04-28,15:02:05.040000,10573,10574,10573,1
2020-04-28,15:02:05.040000,10573,10574,10572,1
2020-04-28,15:02:05.077000,10573,10574,10572,1
2020-04-28,15:02:05.161000,10572,10574,10574,1
2020-04-28,15:02:05.162000,10572,10574,10574,1
2020-04-28,15:02:05.164000,10572,10574,10574,1
2020-04-28,15:02:05.164000,10572,10574,10574,1
2020-04-28,15:02:10.172000,10573,10575,10573,3
2020-04-28,15:02:11.287000,10573,10574,10574,1
2020-04-28,15:02:13.894000,10573,10575,10573,1
2020-04-28,15:02:13.930000,10573,10575,10574,1
2020-04-28,15:02:14.194000,10574,10575,10575,6
2020-04-28,15:02:14.230000,10574,10575,10575,1
2020-04-28,15:02:14.921000,10575,10576,10576,4
2020-04-28,15:02:17.348000,10576,10578,10576,1
2020-04-28,15:02:19.131000,10577,10578,10577,1
2020-04-28,15:02:19.131000,10577,10578,10577,1
2020-04-28,15:02:22.081000,10576,10577,10577,1
2020-04-28,15:02:24.974000,10577,10578,10577,2
2020-04-28,15:02:27.749000,10577,10578,10577,1
2020-04-28,15:02:27.888000,10576,10578,10576,1
2020-04-28,15:02:29.222000,10577,10578,10577,1
2020-04-28,15:02:29.560000,10577,10578,10577,2
2020-04-28,15:02:30.754000,10576,10578,10578,1
2020-04-28,15:02:30.846000,10576,10578,10578,1
2020-04-28,15:02:34.174000,10576,10577,10577,1
2020-04-28,15:02:37.713000,10577,10578,10577,1
2020-04-28,15:02:38.120000,10577,10578,10578,2
2020-04-28,15:02:38.216000,10577,10579,10577,1
2020-04-28,15:02:39.366000,10577,10579,10579,1
2020-04-28,15:02:39.450000,10577,10579,10579,1
2020-04-28,15:02:39.640000,10577,10579,10579,1
2020-04-28,15:02:39.684000,10577,10579,10579,1
2020-04-28,15:02:40.607000,10577,10578,10578,1
2020-04-28,15:02:41.106000,10577,10579,10577,1
2020-04-28,15:02:41.228000,10577,10579,10579,1
2020-04-28,15:02:41.714000,10578,10579,10578,1
2020-04-28,15:02:44.194000,10577,10579,10579,2
2020-04-28,15:02:47.105000,10578,10579,10578,1
2020-04-28,15:02:47.448000,10578,10579,10579,2
2020-04-28,15:02:51.223000,10578,10579,10579,10
2020-04-28,15:02:51.224000,10578,10579,10579,1
2020-04-28,15:02:51.381000,10578,10579,10579,7
2020-04-28,15:02:52.883000,10579,10580,10579,1
2020-04-28,15:02:53.871000,10579,10580,10580,9
2020-04-28,15:02:53.987000,10580,10581,10581,1
2020-04-28,15:02:54.795000,10579,10580,10579,1
2020-04-28,15:02:55.030000,10579,10580,10580,1
2020-04-28,15:02:56.199000,10579,10581,10581,1
2020-04-28,15:02:57.071000,10579,10581,10579,1
2020-04-28,15:02:57.877000,10579,10580,10580,1
2020-04-28,15:03:02.026000,10579,10580,10580,3
2020-04-28,15:03:02.168000,10579,10580,10579,1
2020-04-28,15:03:02.241000,10579,10580,10580,2
2020-04-28,15:03:02.923000,10580,10581,10580,1
2020-04-28,15:03:04.337000,10579,10580,10580,1
2020-04-28,15:03:04.856000,10579,10580,10580,1
2020-04-28,15:03:05.328000,10580,10581,10580,2
2020-04-28,15:03:08.477000,10579,10581,10581,1
2020-04-28,15:03:08.599000,10579,10581,10581,1
2020-04-28,15:03:08.894000,10579,10581,10581,1
2020-04-28,15:03:09.612000,10579,10581,10579,1
2020-04-28,15:03:10.656000,10580,10581,10580,1
2020-04-28,15:03:12.184000,10579,10580,10579,4
2020-04-28,15:03:13.728000,10578,10579,10579,1
2020-04-28,15:03:16.536000,10578,10580,10580,2
2020-04-28,15:03:16.712000,10578,10580,10578,1
2020-04-28,15:03:17.670000,10578,10579,10579,1
2020-04-28,15:03:18.092000,10578,10579,10579,1
2020-04-28,15:03:19.428000,10579,10580,10579,1
2020-04-28,15:03:21.950000,10578,10580,10580,3
2020-04-28,15:03:22.101000,10578,10580,10580,1
2020-04-28,15:03:22.113000,10578,10580,10580,1
2020-04-28,15:03:22.196000,10579,10580,10579,2
2020-04-28,15:03:24.016000,10578,10579,10579,1
2020-04-28,15:03:26.671000,10579,10580,10580,1
2020-04-28,15:03:27.688000,10579,10580,10579,1
2020-04-28,15:03:28.561000,10579,10580,10579,1
2020-04-28,15:03:29.504000,10579,10580,10580,3
2020-04-28,15:03:31.068000,10580,10581,10581,1
2020-04-28,15:03:31.497000,10580,10581,10581,3
2020-04-28,15:03:31.498000,10580,10581,10581,1
2020-04-28,15:03:32.480000,10580,10582,10582,1
2020-04-28,15:03:34.437000,10581,10582,10581,1
2020-04-28,15:03:34.893000,10581,10582,10582,2
2020-04-28,15:03:37.237000,10581,10582,10582,3
2020-04-28,15:03:38.053000,10581,10582,10582,1
2020-04-28,15:03:39.368000,10581,10583,10583,1
2020-04-28,15:03:44.357000,10581,10582,10582,5
2020-04-28,15:03:45.106000,10582,10583,10582,1
2020-04-28,15:03:45.672000,10582,10583,10582,1
2020-04-28,15:03:45.672000,10582,10583,10582,1
2020-04-28,15:03:50.118000,10581,10582,10581,3
2020-04-28,15:03:54.720000,10580,10581,10581,1
2020-04-28,15:04:00.943000,10581,10582,10581,1
2020-04-28,15:04:02.140000,10581,10582,10582,3
2020-04-28,15:04:02.668000,10581,10583,10583,1
2020-04-28,15:04:03.735000,10581,10582,10581,1
2020-04-28,15:04:03.748000,10581,10582,10581,1
2020-04-28,15:04:03.775000,10581,10582,10580,1
2020-04-28,15:04:03.784000,10580,10582,10580,1
2020-04-28,15:04:03.801000,10580,10582,10580,1
2020-04-28,15:04:04.405000,10580,10582,10582,1
2020-04-28,15:04:08.307000,10580,10581,10581,1
2020-04-28,15:04:09.799000,10580,10582,10580,1
2020-04-28,15:04:12.095000,10580,10581,10580,2
2020-04-28,15:04:14.025000,10580,10581,10580,2
2020-04-28,15:04:14.026000,10580,10581,10580,1
2020-04-28,15:04:14.613000,10579,10580,10579,1
2020-04-28,15:04:14.628000,10579,10580,10580,1
2020-04-28,15:04:23.808000,10579,10580,10580,1
2020-04-28,15:04:25.779000,10578,10580,10580,1
2020-04-28,15:04:27.159000,10579,10580,10580,1
2020-04-28,15:04:29.500000,10578,10579,10579,1
2020-04-28,15:04:29.500000,10578,10579,10580,2
2020-04-28,15:04:33.957000,10578,10580,10580,8
2020-04-28,15:04:45.292000,10579,10580,10579,2
2020-04-28,15:04:46.450000,10578,10579,10578,3
2020-04-28,15:04:46.450000,10578,10579,10578,8
2020-04-28,15:04:46.451000,10578,10579,10578,1
2020-04-28,15:04:46.659000,10577,10578,10578,1
2020-04-28,15:04:46.736000,10577,10578,10578,1
2020-04-28,15:05:00.993000,10578,10580,10578,1
2020-04-28,15:05:04.765000,10578,10579,10578,3
2020-04-28,15:05:17.303000,10577,10578,10577,1
2020-04-28,15:05:18.827000,10577,10578,10578,1
2020-04-28,15:05:19.657000,10577,10578,10577,5
2020-04-28,15:05:20.311000,10576,10577,10576,3
2020-04-28,15:05:22.891000,10576,10577,10577,1
2020-04-28,15:05:27.603000,10576,10578,10576,1
2020-04-28,15:05:27.686000,10576,10578,10576,2
2020-04-28,15:05:31.056000,10576,10578,10577,1
2020-04-28,15:05:31.057000,10576,10578,10577,1
2020-04-28,15:05:34.067000,10576,10577,10576,5
2020-04-28,15:05:34.067000,10576,10577,10575,5
2020-04-28,15:05:34.197000,10575,10577,10575,2
2020-04-28,15:05:34.727000,10575,10577,10575,1
2020-04-28,15:05:36.646000,10575,10576,10575,1
2020-04-28,15:05:45.779000,10575,10576,10575,2
2020-04-28,15:05:45.779000,10575,10576,10575,2
2020-04-28,15:05:45.780000,10575,10576,10575,2
2020-04-28,15:05:45.780000,10575,10576,10575,2
2020-04-28,15:05:45.781000,10575,10576,10575,3
2020-04-28,15:05:52.028000,10574,10576,10574,1
2020-04-28,15:05:55.143000,10575,10576,10575,1
2020-04-28,15:05:57.636000,10574,10575,10574,2
2020-04-28,15:06:00.564000,10574,10575,10574,1
2020-04-28,15:06:05.956000,10574,10575,10575,1
2020-04-28,15:06:06.680000,10574,10575,10575,3
2020-04-28,15:06:06.842000,10575,10576,10575,2
2020-04-28,15:06:06.842000,10575,10576,10574,1
2020-04-28,15:06:10.762000,10574,10576,10574,2
2020-04-28,15:06:15.225000,10575,10576,10575,1
2020-04-28,15:06:26.944000,10574,10575,10575,4
2020-04-28,15:06:27.697000,10574,10576,10574,1
2020-04-28,15:06:36.319000,10575,10576,10575,1
2020-04-28,15:06:36.708000,10575,10576,10575,1
2020-04-28,15:06:38.200000,10575,10576,10576,1
2020-04-28,15:06:39.399000,10575,10576,10575,1
2020-04-28,15:06:41.049000,10575,10576,10576,2
2020-04-28,15:06:44.584000,10576,10577,10576,1
2020-04-28,15:06:52.534000,10575,10576,10575,2
2020-04-28,15:06:52.535000,10575,10576,10575,3
2020-04-28,15:06:52.536000,10575,10576,10575,6
2020-04-28,15:06:52.536000,10575,10576,10575,1
2020-04-28,15:06:52.707000,10574,10575,10575,1
2020-04-28,15:06:53.806000,10574,10575,10575,1
2020-04-28,15:07:04.542000,10574,10575,10575,10
2020-04-28,15:07:04.543000,10574,10575,10575,2
2020-04-28,15:07:08.404000,10575,10576,10576,1
2020-04-28,15:07:08.404000,10575,10576,10576,3
2020-04-28,15:07:08.404000,10575,10576,10576,1
2020-04-28,15:07:08.906000,10576,10577,10576,1
2020-04-28,15:07:09.530000,10576,10577,10577,2
2020-04-28,15:07:10.597000,10576,10577,10577,4
2020-04-28,15:07:10.622000,10576,10577,10577,2
2020-04-28,15:07:10.648000,10576,10577,10577,2
2020-04-28,15:07:10.655000,10577,10578,10577,2
2020-04-28,15:07:11.433000,10577,10578,10578,1
2020-04-28,15:07:11.549000,10577,10578,10577,1
2020-04-28,15:07:11.674000,10577,10578,10578,1
2020-04-28,15:07:26.803000,10576,10577,10577,1
2020-04-28,15:07:28.660000,10576,10577,10577,1
2020-04-28,15:07:32.645000,10576,10577,10577,1
2020-04-28,15:07:45.097000,10576,10577,10576,2
2020-04-28,15:07:45.097000,10576,10577,10576,6
2020-04-28,15:07:45.098000,10576,10577,10576,1
2020-04-28,15:07:46.116000,10575,10576,10576,1
2020-04-28,15:07:50.328000,10575,10576,10576,1
2020-04-28,15:07:54.440000,10575,10576,10576,1
2020-04-28,15:07:55.877000,10575,10576,10575,1
2020-04-28,15:08:03.415000,10575,10576,10575,1
2020-04-28,15:08:05.814000,10575,10576,10575,4
2020-04-28,15:08:20.177000,10575,10576,10576,8
2020-04-28,15:08:36.492000,10576,10577,10576,1
2020-04-28,15:08:38.836000,10576,10577,10576,1
2020-04-28,15:08:50.052000,10575,10576,10576,1
2020-04-28,15:08:54.795000,10576,10577,10577,5
2020-04-28,15:09:13.745000,10577,10578,10578,1
2020-04-28,15:09:21.442000,10577,10578,10577,1
2020-04-28,15:09:29.155000,10577,10578,10577,2
2020-04-28,15:09:29.156000,10577,10578,10577,1
2020-04-28,15:09:31.378000,10576,10577,10577,1
2020-04-28,15:09:32,10576,10577,10577,1
2020-04-28,15:09:36.915000,10576,10577,10577,1
2020-04-28,15:09:39.872000,10577,10578,10578,1
2020-04-28,15:09:44.907000,10577,10578,10577,2
2020-04-28,15:09:51.833000,10577,10578,10578,1
2020-04-28,15:09:54.430000,10578,10579,10579,1
2020-04-28,15:09:59.482000,10578,10579,10579,1
2020-04-28,15:10:00.207000,10578,10579,10579,1
2020-04-28,15:10:01.413000,10579,10580,10580,2
2020-04-28,15:10:01.612000,10579,10580,10580,1
2020-04-28,15:10:02.349000,10579,10580,10579,1
2020-04-28,15:10:03.526000,10579,10580,10580,1
2020-04-28,15:10:03.527000,10579,10580,10580,6
2020-04-28,15:10:04.730000,10579,10581,10581,1
2020-04-28,15:10:07.453000,10580,10581,10581,1
2020-04-28,15:10:08.521000,10580,10581,10581,3
2020-04-28,15:10:14.015000,10581,10582,10582,1
2020-04-28,15:10:14.057000,10581,10582,10582,1
2020-04-28,15:10:14.326000,10581,10582,10582,1
2020-04-28,15:10:17.126000,10581,10582,10582,1
2020-04-28,15:10:20.120000,10581,10582,10582,9
2020-04-28,15:10:20.413000,10582,10583,10582,1
2020-04-28,15:10:36.813000,10582,10583,10583,5
2020-04-28,15:10:37.162000,10582,10583,10583,1
2020-04-28,15:10:40.284000,10582,10583,10582,6
2020-04-28,15:10:40.613000,10581,10582,10582,1
2020-04-28,15:10:43.093000,10581,10582,10582,1
2020-04-28,15:10:43.186000,10581,10583,10581,1
2020-04-28,15:10:49.847000,10582,10583,10582,1
2020-04-28,15:10:59.455000,10582,10583,10582,1
2020-04-28,15:11:00.129000,10581,10582,10582,1
2020-04-28,15:11:03.593000,10581,10582,10581,14
2020-04-28,15:11:04.861000,10580,10581,10581,1
2020-04-28,15:11:11.065000,10581,10582,10581,1
2020-04-28,15:11:14.586000,10580,10582,10582,1
2020-04-28,15:11:15.709000,10581,10582,10582,5
2020-04-28,15:11:22.116000,10582,10583,10582,2
2020-04-28,15:11:26.407000,10581,10582,10582,10
2020-04-28,15:11:35.055000,10581,10582,10582,2
2020-04-28,15:11:35.091000,10581,10582,10582,3
2020-04-28,15:11:38.370000,10581,10582,10582,1
2020-04-28,15:11:39.211000,10581,10582,10581,1
2020-04-28,15:11:56.917000,10581,10582,10581,1
2020-04-28,15:11:59.879000,10581,10582,10581,4
2020-04-28,15:11:59.879000,10581,10582,10581,3
2020-04-28,15:12:02.365000,10580,10581,10581,5
2020-04-28,15:12:02.548000,10580,10581,10581,2
2020-04-28,15:12:11.120000,10581,10582,10581,1
2020-04-28,15:12:19.462000,10581,10582,10582,1
2020-04-28,15:12:24.511000,10581,10582,10581,3
2020-04-28,15:12:28.122000,10580,10582,10582,1
2020-04-28,15:12:39.772000,10580,10581,10581,1
2020-04-28,15:12:49.837000,10581,10582,10581,2
2020-04-28,15:12:49.838000,10581,10582,10581,1
2020-04-28,15:12:51.621000,10580,10581,10581,1
2020-04-28,15:12:56.144000,10580,10581,10581,1
2020-04-28,15:13:08.897000,10580,10581,10581,1
2020-04-28,15:13:20.591000,10580,10581,10581,1
2020-04-28,15:13:22.534000,10580,10582,10580,1
2020-04-28,15:13:22.739000,10580,10582,10582,1
2020-04-28,15:13:28.788000,10581,10582,10581,1
2020-04-28,15:13:35.633000,10580,10582,10582,3
2020-04-28,15:13:43.089000,10581,10582,10582,3
2020-04-28,15:13:43.089000,10581,10582,10582,2
2020-04-28,15:13:44.007000,10582,10583,10582,1
2020-04-28,15:13:49.006000,10582,10583,10582,1
2020-04-28,15:13:49.011000,10582,10583,10582,1
2020-04-28,15:13:49.033000,10581,10582,10582,1
2020-04-28,15:13:55.261000,10581,10582,10582,1
2020-04-28,15:13:58.140000,10581,10582,10581,1
2020-04-28,15:13:58.140000,10581,10582,10580,1
2020-04-28,15:13:59.845000,10581,10582,10582,1
2020-04-28,15:14:01.517000,10581,10582,10582,1
2020-04-28,15:14:02.166000,10581,10582,10582,2
2020-04-28,15:14:23.091000,10580,10581,10581,2
2020-04-28,15:14:32.803000,10580,10581,10580,1
2020-04-28,15:14:33.226000,10580,10581,10580,6
2020-04-28,15:14:33.226000,10580,10581,10579,12
2020-04-28,15:14:33.399000,10579,10580,10578,1
2020-04-28,15:14:33.505000,10578,10580,10578,1
2020-04-28,15:14:33.505000,10578,10580,10578,1
2020-04-28,15:14:33.602000,10578,10580,10578,1
2020-04-28,15:14:49.993000,10579,10580,10580,1
2020-04-28,15:15:00.455000,10579,10580,10579,1
2020-04-28,15:15:16.137000,10578,10579,10578,1
2020-04-28,15:15:16.141000,10578,10579,10578,5
2020-04-28,15:15:16.410000,10577,10578,10577,5
2020-04-28,15:15:16.937000,10577,10578,10577,1
2020-04-28,15:15:20.798000,10577,10579,10577,2
2020-04-28,15:15:24.277000,10577,10578,10578,1
2020-04-28,15:15:24.277000,10577,10578,10579,1
2020-04-28,15:15:31.579000,10579,10580,10580,12
2020-04-28,15:15:32.527000,10580,10581,10580,5
2020-04-28,15:15:33.655000,10580,10581,10580,1
2020-04-28,15:15:35.759000,10580,10581,10580,10
2020-04-28,15:15:45.128000,10579,10580,10580,1
2020-04-28,15:15:45.132000,10579,10580,10580,1
2020-04-28,15:15:46.036000,10580,10581,10580,5
2020-04-28,15:15:46.036000,10580,10581,10579,15
2020-04-28,15:15:46.037000,10580,10581,10579,5
2020-04-28,15:15:46.785000,10579,10580,10579,2
2020-04-28,15:15:49.593000,10579,10580,10579,1
2020-04-28,15:15:53.584000,10578,10580,10578,8
2020-04-28,15:15:53.584000,10578,10580,10578,1
2020-04-28,15:15:56.795000,10577,10578,10577,2
2020-04-28,15:15:56.795000,10577,10578,10577,1
2020-04-28,15:15:59.192000,10576,10577,10577,1
2020-04-28,15:16:02.296000,10576,10577,10577,3
2020-04-28,15:16:10.378000,10576,10577,10576,1
2020-04-28,15:16:10.475000,10576,10577,10576,1
2020-04-28,15:16:10.538000,10576,10577,10576,2
2020-04-28,15:16:10.541000,10576,10577,10576,1
2020-04-28,15:16:10.543000,10576,10577,10576,2
2020-04-28,15:16:10.545000,10576,10577,10576,4
2020-04-28,15:16:10.547000,10576,10577,10576,1
2020-04-28,15:16:10.551000,10576,10577,10576,1
2020-04-28,15:16:10.552000,10576,10577,10576,1
2020-04-28,15:16:10.556000,10576,10577,10576,2
2020-04-28,15:16:10.557000,10576,10577,10575,1
2020-04-28,15:16:10.644000,10576,10577,10576,1
2020-04-28,15:16:10.692000,10575,10577,10575,1
2020-04-28,15:16:11.167000,10575,10577,10577,3
2020-04-28,15:16:15.159000,10576,10578,10576,1
2020-04-28,15:16:21.553000,10576,10577,10577,9
2020-04-28,15:16:21.591000,10576,10577,10577,2
2020-04-28,15:16:22.380000,10577,10578,10577,1
2020-04-28,15:16:29.277000,10577,10578,10577,1
2020-04-28,15:16:37.533000,10577,10578,10577,4
2020-04-28,15:16:37.534000,10577,10578,10577,1
2020-04-28,15:16:41.025000,10576,10577,10577,1
2020-04-28,15:16:42.117000,10576,10577,10577,2
2020-04-28,15:16:52.614000,10577,10578,10578,1
2020-04-28,15:17:00.338000,10577,10578,10577,1
2020-04-28,15:17:00.649000,10577,10578,10578,1
2020-04-28,15:17:02.141000,10577,10578,10578,2
2020-04-28,15:17:05.459000,10577,10578,10577,1
2020-04-28,15:17:09.212000,10577,10578,10577,1
2020-04-28,15:17:11.410000,10577,10578,10577,1
2020-04-28,15:17:20.776000,10577,10578,10577,1
2020-04-28,15:17:28.786000,10577,10578,10577,1
2020-04-28,15:17:31.851000,10577,10578,10577,1
2020-04-28,15:17:40.472000,10577,10578,10577,1
2020-04-28,15:17:48.394000,10577,10578,10577,1
2020-04-28,15:17:58.156000,10577,10578,10577,1
2020-04-28,15:18:10.351000,10577,10578,10577,1
2020-04-28,15:18:10.753000,10577,10578,10578,2
2020-04-28,15:18:10.849000,10577,10578,10578,6
2020-04-28,15:18:10.849000,10577,10578,10578,4
2020-04-28,15:18:10.849000,10577,10578,10578,2
2020-04-28,15:18:10.850000,10577,10578,10578,5
2020-04-28,15:18:10.850000,10577,10578,10578,1
2020-04-28,15:18:10.850000,10577,10578,10578,1
2020-04-28,15:18:10.850000,10577,10578,10578,1
2020-04-28,15:18:10.850000,10577,10578,10578,1
2020-04-28,15:18:20.456000,10578,10579,10578,3
2020-04-28,15:18:20.693000,10577,10578,10578,1
2020-04-28,15:18:21.740000,10577,10579,10579,2
2020-04-28,15:18:25.219000,10577,10578,10577,1
2020-04-28,15:18:40.952000,10577,10578,10578,3
2020-04-28,15:18:41.077000,10577,10578,10578,2
2020-04-28,15:18:46.296000,10578,10579,10579,1
2020-04-28,15:19:06.748000,10578,10579,10579,2
2020-04-28,15:19:12.339000,10578,10579,10579,2
2020-04-28,15:19:20.183000,10579,10580,10580,3
2020-04-28,15:19:26.802000,10579,10581,10581,5
2020-04-28,15:19:30.975000,10580,10581,10580,3
2020-04-28,15:19:30.975000,10580,10581,10579,2
2020-04-28,15:19:56.809000,10579,10581,10581,1
2020-04-28,15:20:06.242000,10580,10581,10581,4
2020-04-28,15:20:07.979000,10580,10581,10580,1
2020-04-28,15:20:13.653000,10579,10581,10580,1
2020-04-28,15:20:19.477000,10579,10581,10579,1
2020-04-28,15:20:21.929000,10579,10581,10579,1
2020-04-28,15:20:35.472000,10579,10580,10580,5
2020-04-28,15:20:38.838000,10579,10581,10579,1
2020-04-28,15:21:02.244000,10579,10580,10580,5
2020-04-28,15:21:27.582000,10580,10581,10581,10
2020-04-28,15:21:27.583000,10580,10581,10581,2
2020-04-28,15:21:27.583000,10580,10581,10581,2
2020-04-28,15:21:27.583000,10580,10581,10581,2
2020-04-28,15:21:31.860000,10581,10582,10581,1
2020-04-28,15:21:34.910000,10580,10581,10581,1
2020-04-28,15:21:35.029000,10580,10581,10581,3
2020-04-28,15:21:35.155000,10580,10581,10581,1
2020-04-28,15:21:50.751000,10581,10582,10582,9
2020-04-28,15:21:50.780000,10582,10583,10583,11
2020-04-28,15:21:51.276000,10583,10584,10584,1
2020-04-28,15:21:51.324000,10583,10584,10584,1
2020-04-28,15:21:51.332000,10583,10584,10584,1
2020-04-28,15:21:51.352000,10583,10584,10584,1
2020-04-28,15:21:51.381000,10583,10584,10585,1
2020-04-28,15:22:05.369000,10584,10585,10585,1
2020-04-28,15:22:09.827000,10584,10585,10585,1
2020-04-28,15:22:13.302000,10584,10585,10585,3
2020-04-28,15:22:14.632000,10584,10585,10585,1
2020-04-28,15:22:15.549000,10584,10585,10585,4
2020-04-28,15:22:20.762000,10584,10585,10585,1
2020-04-28,15:22:23.290000,10584,10585,10585,4
2020-04-28,15:22:26.764000,10584,10585,10584,5
2020-04-28,15:22:27.591000,10584,10585,10585,1
2020-04-28,15:22:33.209000,10584,10585,10584,2
2020-04-28,15:22:34.045000,10584,10585,10584,1
2020-04-28,15:22:37.017000,10584,10585,10585,1
2020-04-28,15:22:44.356000,10584,10585,10584,1
2020-04-28,15:22:44.690000,10584,10585,10585,2
2020-04-28,15:22:48.226000,10584,10585,10585,1
2020-04-28,15:22:54.528000,10584,10585,10585,1
2020-04-28,15:22:54.563000,10584,10585,10585,3
2020-04-28,15:22:54.563000,10584,10585,10585,2
2020-04-28,15:22:54.563000,10584,10585,10585,3
2020-04-28,15:22:54.564000,10584,10585,10585,1
2020-04-28,15:22:54.564000,10584,10585,10585,1
2020-04-28,15:22:54.564000,10584,10585,10585,5
2020-04-28,15:22:54.565000,10584,10585,10585,1
2020-04-28,15:22:55.331000,10585,10586,10585,13
2020-04-28,15:22:55.331000,10585,10586,10584,7
2020-04-28,15:22:56.497000,10584,10585,10585,1
2020-04-28,15:23:03.848000,10584,10585,10585,1
2020-04-28,15:23:04.362000,10585,10586,10585,2
2020-04-28,15:23:05.222000,10584,10585,10585,2
2020-04-28,15:23:13.534000,10585,10586,10585,1
2020-04-28,15:23:18.371000,10585,10586,10586,1
2020-04-28,15:23:19.830000,10585,10586,10586,1
2020-04-28,15:23:19.984000,10585,10586,10586,6
2020-04-28,15:23:20.924000,10586,10587,10587,1
2020-04-28,15:23:21.077000,10586,10587,10587,5
2020-04-28,15:23:21.172000,10586,10587,10587,1
2020-04-28,15:23:21.297000,10586,10587,10587,1
2020-04-28,15:23:21.405000,10586,10587,10587,3
2020-04-28,15:23:22.406000,10586,10588,10588,2
2020-04-28,15:23:22.407000,10586,10588,10588,3
2020-04-28,15:23:22.569000,10587,10588,10588,4
2020-04-28,15:23:25.291000,10587,10588,10588,4
2020-04-28,15:23:25.404000,10587,10588,10588,3
2020-04-28,15:23:26.963000,10587,10588,10587,1
2020-04-28,15:23:28.317000,10586,10587,10586,1
2020-04-28,15:23:29.857000,10586,10587,10587,1
2020-04-28,15:23:34.216000,10586,10587,10587,1
2020-04-28,15:23:34.808000,10586,10587,10587,1
2020-04-28,15:23:35.958000,10586,10587,10587,1
2020-04-28,15:23:37.869000,10586,10587,10586,1
2020-04-28,15:23:38.840000,10586,10587,10587,1
2020-04-28,15:23:39.117000,10586,10587,10586,1
2020-04-28,15:23:43.025000,10586,10587,10587,3
2020-04-28,15:23:44.160000,10586,10587,10587,1
2020-04-28,15:23:45.040000,10586,10587,10587,1
2020-04-28,15:23:45.784000,10586,10587,10587,1
2020-04-28,15:23:45.846000,10586,10587,10587,1
2020-04-28,15:23:46.381000,10586,10587,10587,1
2020-04-28,15:23:46.381000,10586,10587,10587,1
2020-04-28,15:23:46.381000,10586,10587,10587,2
2020-04-28,15:23:47.256000,10587,10588,10587,1
2020-04-28,15:23:47.681000,10587,10588,10587,1
2020-04-28,15:23:53.076000,10587,10588,10588,1
2020-04-28,15:23:55.667000,10587,10588,10588,1
2020-04-28,15:23:55.806000,10587,10588,10588,15
2020-04-28,15:23:55.806000,10587,10588,10588,1
2020-04-28,15:23:56.548000,10588,10589,10588,5
2020-04-28,15:23:57.307000,10588,10589,10588,1
2020-04-28,15:23:57.691000,10588,10589,10589,1
2020-04-28,15:23:57.730000,10588,10589,10589,1
2020-04-28,15:23:59.498000,10588,10589,10588,1
2020-04-28,15:24:01.376000,10588,10589,10589,1
2020-04-28,15:24:02.189000,10588,10589,10589,1
2020-04-28,15:24:07.808000,10588,10589,10589,1
2020-04-28,15:24:07.913000,10588,10589,10589,2
2020-04-28,15:24:07.915000,10588,10589,10589,2
2020-04-28,15:24:07.916000,10588,10589,10589,1
2020-04-28,15:24:07.917000,10588,10589,10589,1
2020-04-28,15:24:07.919000,10588,10589,10589,3
2020-04-28,15:24:07.919000,10588,10589,10590,1
2020-04-28,15:24:07.921000,10588,10589,10590,1
2020-04-28,15:24:07.922000,10588,10589,10590,1
2020-04-28,15:24:07.926000,10588,10589,10590,2
2020-04-28,15:24:07.928000,10588,10589,10590,1
2020-04-28,15:24:08.070000,10588,10590,10590,3
2020-04-28,15:24:08.110000,10588,10590,10590,2
2020-04-28,15:24:08.116000,10588,10590,10590,5
2020-04-28,15:24:08.190000,10589,10590,10590,2
2020-04-28,15:24:08.193000,10589,10590,10590,1
2020-04-28,15:24:08.193000,10589,10590,10591,1
2020-04-28,15:24:08.199000,10589,10590,10590,2
2020-04-28,15:24:08.219000,10589,10590,10591,5
2020-04-28,15:24:08.239000,10589,10590,10591,1
2020-04-28,15:24:08.324000,10589,10591,10591,3
2020-04-28,15:24:08.337000,10589,10591,10591,2
2020-04-28,15:24:08.344000,10589,10591,10591,1
2020-04-28,15:24:08.344000,10589,10591,10592,1
2020-04-28,15:24:08.358000,10589,10591,10592,2
2020-04-28,15:24:08.414000,10590,10592,10592,1
2020-04-28,15:24:08.422000,10590,10592,10592,1
2020-04-28,15:24:08.459000,10590,10592,10592,1
2020-04-28,15:24:08.492000,10590,10592,10592,1
2020-04-28,15:24:08.503000,10590,10592,10592,1
2020-04-28,15:24:08.526000,10590,10592,10592,1
2020-04-28,15:24:08.529000,10590,10592,10593,1
2020-04-28,15:24:08.538000,10591,10593,10593,1
2020-04-28,15:24:08.538000,10591,10593,10593,1
2020-04-28,15:24:08.587000,10591,10593,10593,1
2020-04-28,15:24:08.661000,10592,10593,10593,1
2020-04-28,15:24:08.683000,10592,10593,10593,1
2020-04-28,15:24:08.736000,10592,10593,10593,1
2020-04-28,15:24:08.737000,10592,10593,10593,4
2020-04-28,15:24:08.760000,10592,10593,10594,1
2020-04-28,15:24:08.845000,10592,10594,10594,1
2020-04-28,15:24:08.994000,10593,10594,10594,3
2020-04-28,15:24:09.173000,10592,10594,10594,1
2020-04-28,15:24:09.173000,10592,10594,10594,1
2020-04-28,15:24:09.177000,10592,10594,10594,1
2020-04-28,15:24:09.365000,10593,10594,10593,1
2020-04-28,15:24:09.385000,10593,10594,10593,1
2020-04-28,15:24:09.409000,10592,10594,10592,1
2020-04-28,15:24:09.634000,10592,10594,10594,1
2020-04-28,15:24:09.767000,10592,10594,10594,1
2020-04-28,15:24:09.855000,10592,10594,10594,4
2020-04-28,15:24:10.047000,10593,10594,10593,1
2020-04-28,15:24:10.177000,10593,10594,10594,2
2020-04-28,15:24:10.334000,10593,10594,10595,3
2020-04-28,15:24:10.535000,10594,10595,10594,1
2020-04-28,15:24:10.673000,10594,10595,10595,1
2020-04-28,15:24:10.928000,10594,10595,10595,2
2020-04-28,15:24:11.218000,10594,10595,10595,1
2020-04-28,15:24:12.683000,10594,10595,10595,2
2020-04-28,15:24:12.805000,10594,10595,10594,2
2020-04-28,15:24:12.904000,10594,10595,10594,1
2020-04-28,15:24:12.935000,10593,10594,10592,6
2020-04-28,15:24:13.100000,10591,10593,10591,4
2020-04-28,15:24:13.705000,10590,10592,10592,1
2020-04-28,15:24:14.194000,10590,10592,10592,1
2020-04-28,15:24:15.204000,10590,10592,10592,1
2020-04-28,15:24:15.313000,10590,10592,10590,1
2020-04-28,15:24:15.505000,10590,10591,10591,2
2020-04-28,15:24:16.090000,10590,10592,10590,2
2020-04-28,15:24:16.103000,10590,10592,10591,1
2020-04-28,15:24:25.248000,10591,10592,10592,1
2020-04-28,15:24:26.548000,10591,10592,10592,1
2020-04-28,15:24:27.312000,10592,10593,10592,1
2020-04-28,15:24:27.976000,10592,10593,10592,1
2020-04-28,15:24:29.617000,10591,10592,10592,1
2020-04-28,15:24:30.008000,10592,10593,10592,1
2020-04-28,15:24:30.995000,10591,10593,10591,1
2020-04-28,15:24:32.744000,10592,10593,10592,1
2020-04-28,15:24:37.166000,10592,10593,10592,1
2020-04-28,15:24:40.905000,10592,10593,10593,2
2020-04-28,15:24:41.852000,10592,10593,10593,1
2020-04-28,15:24:41.948000,10592,10593,10593,1
2020-04-28,15:24:43.001000,10592,10593,10593,1
2020-04-28,15:24:45.952000,10592,10593,10593,4
2020-04-28,15:24:46.157000,10592,10593,10593,1
2020-04-28,15:24:46.956000,10593,10594,10594,1
2020-04-28,15:24:47.177000,10593,10594,10594,1
2020-04-28,15:24:48.691000,10593,10594,10593,1
2020-04-28,15:24:48.870000,10593,10594,10594,1
2020-04-28,15:24:48.929000,10593,10594,10594,2
2020-04-28,15:24:49.346000,10593,10594,10594,4
2020-04-28,15:24:49.346000,10593,10594,10595,1
2020-04-28,15:24:49.434000,10593,10595,10595,6
2020-04-28,15:24:51.203000,10594,10595,10595,2
2020-04-28,15:24:52.435000,10594,10595,10594,1
2020-04-28,15:24:52.523000,10594,10595,10593,1
2020-04-28,15:24:52.788000,10593,10594,10594,1
2020-04-28,15:24:53.731000,10593,10595,10595,1
2020-04-28,15:24:55.975000,10593,10595,10595,3
2020-04-28,15:24:58.560000,10594,10595,10595,1
2020-04-28,15:24:58.660000,10594,10595,10594,1
2020-04-28,15:24:59.023000,10594,10595,10594,2
2020-04-28,15:25:00.266000,10594,10595,10595,1
2020-04-28,15:25:04.687000,10594,10595,10595,1
2020-04-28,15:25:05.288000,10594,10595,10595,1
2020-04-28,15:25:05.362000,10594,10595,10595,1
2020-04-28,15:25:08.393000,10594,10595,10595,4
2020-04-28,15:25:14.594000,10595,10596,10596,2
2020-04-28,15:25:14.757000,10595,10596,10596,1
2020-04-28,15:25:14.893000,10595,10596,10596,2
2020-04-28,15:25:14.896000,10595,10596,10596,2
2020-04-28,15:25:14.896000,10595,10596,10597,1
2020-04-28,15:25:14.932000,10595,10597,10597,2
2020-04-28,15:25:15.103000,10595,10597,10597,2
2020-04-28,15:25:15.120000,10595,10597,10597,2
2020-04-28,15:25:15.125000,10595,10597,10597,1
2020-04-28,15:25:15.188000,10595,10597,10597,1
2020-04-28,15:25:15.276000,10595,10597,10597,1
2020-04-28,15:25:15.890000,10595,10597,10596,1
2020-04-28,15:25:17.577000,10595,10596,10596,1
2020-04-28,15:25:22.368000,10596,10597,10597,1
2020-04-28,15:25:22.527000,10596,10597,10597,2
2020-04-28,15:25:23.829000,10596,10597,10597,5
2020-04-28,15:25:24.886000,10596,10597,10597,1
2020-04-28,15:25:26.732000,10597,10598,10597,1
2020-04-28,15:25:27.577000,10596,10598,10598,3
2020-04-28,15:25:27.679000,10596,10598,10598,2
2020-04-28,15:25:28.092000,10596,10598,10598,15
2020-04-28,15:25:28.161000,10598,10599,10599,2
2020-04-28,15:25:28.407000,10598,10599,10599,2
2020-04-28,15:25:28.723000,10598,10599,10599,2
2020-04-28,15:25:29.315000,10598,10599,10599,1
2020-04-28,15:25:29.447000,10598,10599,10599,1
2020-04-28,15:25:29.447000,10598,10599,10600,1
2020-04-28,15:25:29.641000,10598,10600,10600,1
2020-04-28,15:25:30.038000,10598,10600,10600,1
2020-04-28,15:25:30.047000,10598,10600,10600,1
2020-04-28,15:25:30.053000,10598,10600,10600,1
2020-04-28,15:25:30.094000,10598,10600,10599,1
2020-04-28,15:25:30.415000,10598,10599,10599,2
2020-04-28,15:25:30.536000,10598,10600,10600,1
2020-04-28,15:25:30.538000,10598,10600,10600,1
2020-04-28,15:25:30.540000,10598,10600,10600,1
2020-04-28,15:25:30.543000,10598,10600,10600,1
2020-04-28,15:25:30.545000,10598,10600,10600,3
2020-04-28,15:25:30.547000,10598,10600,10600,1
2020-04-28,15:25:32.177000,10599,10600,10599,1
2020-04-28,15:25:32.246000,10599,10600,10600,1
2020-04-28,15:25:32.418000,10599,10600,10600,1
2020-04-28,15:25:33.179000,10599,10600,10600,2
2020-04-28,15:25:33.702000,10599,10600,10600,1
2020-04-28,15:25:34.114000,10599,10600,10600,5
2020-04-28,15:25:34.206000,10599,10600,10600,2
2020-04-28,15:25:34.520000,10599,10600,10599,1
2020-04-28,15:25:35.461000,10599,10600,10600,1
2020-04-28,15:25:36.153000,10599,10600,10599,2
2020-04-28,15:25:36.614000,10599,10600,10600,7
2020-04-28,15:25:36.749000,10599,10600,10600,1
2020-04-28,15:25:37.420000,10600,10601,10600,1
2020-04-28,15:25:37.607000,10599,10601,10601,1
2020-04-28,15:25:37.621000,10599,10601,10599,1
2020-04-28,15:25:39.962000,10599,10600,10600,1
2020-04-28,15:25:42.764000,10599,10600,10600,3
2020-04-28,15:25:42.962000,10599,10600,10599,1
2020-04-28,15:25:43.161000,10599,10600,10600,1
2020-04-28,15:25:43.772000,10599,10600,10600,1
2020-04-28,15:25:44.382000,10599,10600,10600,1
2020-04-28,15:25:45.088000,10599,10600,10599,1
2020-04-28,15:25:45.373000,10599,10600,10600,2
2020-04-28,15:25:45.685000,10599,10600,10600,1
2020-04-28,15:25:47.582000,10599,10600,10600,1
2020-04-28,15:25:51.692000,10599,10600,10600,1
2020-04-28,15:25:51.811000,10599,10600,10600,4
2020-04-28,15:25:51.812000,10599,10600,10600,1
2020-04-28,15:25:51.960000,10600,10601,10600,1
2020-04-28,15:25:51.960000,10600,10601,10599,1
2020-04-28,15:25:55.361000,10599,10600,10600,1
2020-04-28,15:25:55.367000,10599,10600,10600,1
2020-04-28,15:25:55.373000,10599,10600,10600,1
2020-04-28,15:25:55.412000,10599,10600,10600,1
2020-04-28,15:25:55.421000,10599,10600,10601,1
2020-04-28,15:25:55.905000,10599,10601,10601,6
2020-04-28,15:25:56.315000,10599,10601,10601,1
2020-04-28,15:25:56.349000,10599,10601,10601,1
2020-04-28,15:25:57.130000,10600,10601,10600,1
2020-04-28,15:25:57.179000,10600,10601,10600,1
2020-04-28,15:25:57.474000,10600,10601,10601,7
2020-04-28,15:25:57.986000,10600,10601,10601,1
2020-04-28,15:25:58.171000,10601,10602,10602,1
2020-04-28,15:25:58.458000,10601,10602,10601,1
2020-04-28,15:25:58.485000,10601,10602,10601,1
2020-04-28,15:25:58.932000,10601,10602,10602,1
2020-04-28,15:26:00.065000,10601,10602,10602,2
2020-04-28,15:26:00.201000,10601,10602,10602,3
2020-04-28,15:26:00.201000,10601,10602,10603,5
2020-04-28,15:26:00.331000,10602,10603,10603,1
2020-04-28,15:26:00.472000,10602,10603,10603,2
2020-04-28,15:26:01.931000,10602,10603,10603,4
2020-04-28,15:26:02.217000,10602,10604,10602,1
2020-04-28,15:26:03.944000,10602,10603,10603,2
2020-04-28,15:26:04.685000,10603,10604,10603,2
2020-04-28,15:26:04.685000,10603,10604,10602,5
2020-04-28,15:26:05.503000,10602,10603,10602,1
2020-04-28,15:26:06.100000,10602,10603,10602,2
2020-04-28,15:26:06.843000,10602,10603,10603,1
2020-04-28,15:26:07.164000,10602,10603,10602,1
2020-04-28,15:26:08.761000,10602,10603,10602,1
2020-04-28,15:26:09.394000,10602,10603,10603,1
2020-04-28,15:26:09.468000,10603,10604,10603,1
2020-04-28,15:26:10.353000,10603,10604,10604,5
2020-04-28,15:26:10.425000,10604,10605,10605,7
2020-04-28,15:26:10.587000,10604,10605,10605,2
2020-04-28,15:26:10.588000,10604,10605,10605,2
2020-04-28,15:26:10.595000,10604,10605,10605,3
2020-04-28,15:26:10.630000,10604,10605,10605,2
2020-04-28,15:26:10.631000,10604,10605,10605,2
2020-04-28,15:26:10.730000,10604,10606,10606,1
2020-04-28,15:26:10.733000,10604,10606,10606,2
2020-04-28,15:26:10.748000,10604,10606,10607,1
2020-04-28,15:26:10.804000,10606,10607,10607,2
2020-04-28,15:26:10.814000,10606,10607,10607,1
2020-04-28,15:26:10.838000,10606,10607,10607,1
2020-04-28,15:26:10.838000,10606,10607,10607,5
2020-04-28,15:26:10.855000,10606,10607,10608,2
2020-04-28,15:26:10.896000,10606,10607,10608,2
2020-04-28,15:26:10.933000,10606,10608,10608,2
2020-04-28,15:26:10.979000,10606,10608,10608,1
2020-04-28,15:26:11.005000,10606,10608,10607,2
2020-04-28,15:26:11.072000,10607,10608,10608,1
2020-04-28,15:26:11.158000,10607,10608,10608,2
2020-04-28,15:26:11.232000,10607,10608,10608,1
2020-04-28,15:26:11.274000,10607,10608,10609,2
2020-04-28,15:26:11.344000,10608,10609,10609,1
2020-04-28,15:26:11.355000,10608,10609,10609,1
2020-04-28,15:26:11.370000,10608,10609,10608,1
2020-04-28,15:26:11.490000,10608,10609,10608,6
2020-04-28,15:26:11.490000,10608,10609,10607,1
2020-04-28,15:26:11.525000,10608,10609,10608,1
2020-04-28,15:26:11.533000,10607,10609,10609,1
2020-04-28,15:26:11.594000,10607,10609,10609,2
2020-04-28,15:26:11.607000,10607,10609,10609,1
2020-04-28,15:26:11.683000,10608,10609,10610,2
2020-04-28,15:26:11.735000,10608,10609,10609,1
2020-04-28,15:26:11.830000,10608,10610,10610,2
2020-04-28,15:26:11.847000,10608,10610,10610,1
2020-04-28,15:26:11.849000,10608,10610,10610,1
2020-04-28,15:26:11.873000,10608,10610,10608,6
2020-04-28,15:26:11.873000,10608,10610,10607,1
2020-04-28,15:26:12.018000,10607,10609,10609,1
2020-04-28,15:26:12.093000,10607,10609,10609,1
2020-04-28,15:26:12.095000,10607,10609,10609,1
2020-04-28,15:26:12.262000,10607,10609,10609,1
2020-04-28,15:26:12.295000,10607,10609,10609,2
2020-04-28,15:26:13.522000,10608,10610,10610,1
2020-04-28,15:26:13.674000,10609,10610,10609,1
2020-04-28,15:26:14.086000,10607,10609,10609,4
2020-04-28,15:26:15.033000,10607,10609,10609,1
2020-04-28,15:26:15.357000,10607,10609,10609,4
2020-04-28,15:26:17.336000,10608,10609,10609,1
2020-04-28,15:26:17.705000,10608,10609,10608,3
2020-04-28,15:26:17.771000,10608,10609,10609,2
2020-04-28,15:26:18.010000,10608,10609,10608,1
2020-04-28,15:26:18.135000,10607,10609,10609,1
2020-04-28,15:26:19.945000,10608,10609,10609,1
2020-04-28,15:26:20.542000,10608,10609,10609,1
2020-04-28,15:26:20.733000,10608,10609,10609,2
2020-04-28,15:26:20.771000,10608,10609,10609,2
2020-04-28,15:26:20.803000,10608,10609,10609,1
2020-04-28,15:26:21.268000,10608,10609,10609,1
2020-04-28,15:26:22.048000,10608,10609,10609,1
2020-04-28,15:26:22.458000,10609,10610,10609,1
2020-04-28,15:26:22.572000,10609,10610,10609,3
2020-04-28,15:26:22.580000,10609,10610,10608,1
2020-04-28,15:26:25.710000,10608,10609,10608,5
2020-04-28,15:26:26.453000,10606,10608,10606,1
2020-04-28,15:26:26.753000,10606,10608,10606,1
2020-04-28,15:26:26.852000,10606,10608,10608,1
2020-04-28,15:26:27.061000,10606,10608,10608,1
2020-04-28,15:26:27.246000,10606,10608,10608,2
2020-04-28,15:26:27.251000,10606,10608,10606,1
2020-04-28,15:26:27.801000,10606,10608,10606,2
2020-04-28,15:26:28,10606,10608,10606,1
2020-04-28,15:26:28.002000,10606,10608,10606,1
2020-04-28,15:26:28.065000,10606,10607,10606,1
2020-04-28,15:26:28.262000,10605,10607,10607,1
2020-04-28,15:26:28.404000,10605,10607,10605,2
2020-04-28,15:26:28.620000,10605,10607,10605,1
2020-04-28,15:26:29.031000,10605,10607,10607,1
2020-04-28,15:26:29.259000,10605,10607,10607,1
2020-04-28,15:26:29.265000,10605,10607,10607,1
2020-04-28,15:26:29.323000,10606,10607,10606,1
2020-04-28,15:26:29.432000,10605,10607,10606,1
2020-04-28,15:26:30.734000,10605,10606,10605,1
2020-04-28,15:26:31.823000,10605,10606,10605,1
2020-04-28,15:26:31.940000,10605,10606,10605,3
2020-04-28,15:26:31.940000,10605,10606,10605,2
2020-04-28,15:26:31.940000,10605,10606,10605,2
2020-04-28,15:26:31.940000,10605,10606,10605,1
2020-04-28,15:26:31.941000,10605,10606,10605,1
2020-04-28,15:26:33.777000,10604,10605,10605,1
2020-04-28,15:26:34.229000,10604,10605,10604,1
2020-04-28,15:26:34.389000,10604,10605,10604,1
2020-04-28,15:26:34.613000,10604,10605,10604,1
2020-04-28,15:26:35.003000,10604,10605,10604,1
2020-04-28,15:26:35.003000,10604,10605,10603,1
2020-04-28,15:26:35.362000,10603,10604,10603,5
2020-04-28,15:26:36.547000,10603,10604,10604,1
2020-04-28,15:26:36.558000,10603,10604,10603,1
2020-04-28,15:26:36.969000,10603,10604,10604,1
2020-04-28,15:26:38.341000,10603,10604,10603,1
2020-04-28,15:26:38.430000,10603,10604,10603,1
2020-04-28,15:26:38.594000,10603,10604,10603,1
2020-04-28,15:26:38.626000,10603,10604,10604,2
2020-04-28,15:26:38.690000,10603,10604,10604,1
2020-04-28,15:26:41.007000,10603,10604,10603,1
2020-04-28,15:26:41.015000,10603,10604,10603,1
2020-04-28,15:26:41.250000,10603,10604,10604,2
2020-04-28,15:26:42.947000,10603,10604,10603,1
2020-04-28,15:26:43.663000,10603,10604,10604,2
2020-04-28,15:26:44.220000,10603,10604,10604,1
2020-04-28,15:26:47.434000,10603,10604,10604,2
2020-04-28,15:26:51.146000,10603,10604,10604,1
2020-04-28,15:26:51.788000,10603,10604,10603,2
2020-04-28,15:26:52.847000,10603,10604,10604,2
2020-04-28,15:26:52.882000,10603,10604,10604,1
2020-04-28,15:26:52.882000,10603,10604,10604,1
2020-04-28,15:26:52.882000,10603,10604,10604,2
2020-04-28,15:26:52.882000,10603,10604,10604,4
2020-04-28,15:26:52.882000,10603,10604,10604,1
2020-04-28,15:26:52.981000,10604,10605,10604,1
2020-04-28,15:26:57.463000,10603,10604,10603,15
2020-04-28,15:26:59.099000,10603,10604,10603,2
2020-04-28,15:26:59.100000,10603,10604,10603,4
2020-04-28,15:27:01.964000,10602,10603,10602,1
2020-04-28,15:27:02.550000,10602,10603,10602,1
2020-04-28,15:27:02.649000,10602,10603,10603,1
2020-04-28,15:27:02.786000,10602,10603,10603,1
2020-04-28,15:27:02.997000,10602,10603,10602,1
2020-04-28,15:27:03.655000,10602,10603,10602,2
2020-04-28,15:27:05.990000,10602,10603,10603,1
2020-04-28,15:27:06.364000,10602,10603,10602,1
2020-04-28,15:27:07.210000,10602,10603,10603,1
2020-04-28,15:27:15.388000,10602,10603,10603,1
2020-04-28,15:27:15.548000,10602,10603,10602,2
2020-04-28,15:27:17.824000,10602,10603,10603,1
2020-04-28,15:27:25.734000,10602,10603,10603,1
2020-04-28,15:27:27.963000,10602,10603,10603,1
2020-04-28,15:27:28.586000,10602,10603,10602,13
2020-04-28,15:27:28.719000,10601,10602,10602,3
2020-04-28,15:27:34.060000,10601,10602,10601,1
2020-04-28,15:27:34.062000,10601,10602,10601,1
2020-04-28,15:27:34.118000,10601,10602,10601,1
2020-04-28,15:27:34.539000,10601,10602,10601,1
2020-04-28,15:27:35.958000,10601,10602,10602,1
2020-04-28,15:27:36.064000,10601,10602,10602,1
2020-04-28,15:27:36.338000,10601,10602,10601,1
2020-04-28,15:27:36.724000,10601,10602,10601,1
2020-04-28,15:27:37.294000,10601,10602,10602,1
2020-04-28,15:27:37.891000,10601,10602,10601,1
2020-04-28,15:27:38.103000,10601,10602,10601,1
2020-04-28,15:27:38.839000,10601,10602,10601,1
2020-04-28,15:27:39.306000,10600,10602,10601,1
2020-04-28,15:27:44.310000,10600,10601,10601,1
2020-04-28,15:27:53.282000,10600,10601,10601,1
2020-04-28,15:27:56.544000,10600,10601,10601,2
2020-04-28,15:27:56.957000,10600,10601,10601,2
2020-04-28,15:27:57.397000,10600,10601,10600,1
2020-04-28,15:27:57.770000,10600,10601,10601,2
2020-04-28,15:28:02.351000,10600,10601,10601,3
2020-04-28,15:28:02.643000,10600,10601,10601,2
2020-04-28,15:28:02.767000,10600,10602,10602,1
2020-04-28,15:28:02.780000,10601,10602,10601,1
2020-04-28,15:28:02.825000,10601,10602,10602,1
2020-04-28,15:28:02.836000,10601,10602,10602,1
2020-04-28,15:28:03.043000,10601,10602,10602,1
2020-04-28,15:28:03.043000,10601,10602,10603,9
2020-04-28,15:28:03.069000,10601,10602,10603,6
2020-04-28,15:28:03.086000,10601,10602,10604,10
2020-04-28,15:28:03.129000,10601,10602,10604,6
2020-04-28,15:28:03.192000,10602,10604,10604,5
2020-04-28,15:28:03.192000,10602,10604,10605,7
2020-04-28,15:28:03.807000,10603,10605,10605,1
2020-04-28,15:28:04.076000,10603,10605,10605,10
2020-04-28,15:28:04.135000,10603,10605,10605,1
2020-04-28,15:28:04.135000,10603,10605,10606,9
2020-04-28,15:28:04.137000,10603,10605,10606,1
2020-04-28,15:28:04.231000,10605,10606,10606,1
2020-04-28,15:28:04.275000,10605,10606,10605,4
2020-04-28,15:28:08.108000,10604,10605,10604,1
2020-04-28,15:28:08.576000,10604,10605,10605,4
2020-04-28,15:28:10.875000,10603,10604,10603,1
2020-04-28,15:28:15.319000,10602,10603,10602,1
2020-04-28,15:28:15.423000,10602,10603,10603,1
2020-04-28,15:28:17.536000,10602,10603,10603,1
2020-04-28,15:28:18.168000,10602,10604,10603,1
2020-04-28,15:28:20.916000,10603,10604,10603,1
2020-04-28,15:28:23.356000,10602,10603,10602,2
2020-04-28,15:28:24.682000,10602,10603,10603,2
2020-04-28,15:28:25.536000,10602,10604,10603,1
2020-04-28,15:28:31.797000,10602,10603,10602,1
2020-04-28,15:28:32.236000,10602,10603,10603,3
2020-04-28,15:28:34.733000,10602,10603,10603,1
2020-04-28,15:28:37.346000,10602,10603,10602,9
2020-04-28,15:28:42.123000,10601,10602,10602,1
2020-04-28,15:28:44.153000,10601,10602,10601,1
2020-04-28,15:28:47.532000,10601,10602,10601,1
2020-04-28,15:28:47.532000,10601,10602,10601,1
2020-04-28,15:28:47.532000,10601,10602,10601,1
2020-04-28,15:28:47.532000,10601,10602,10601,2
2020-04-28,15:28:47.778000,10600,10601,10601,2
2020-04-28,15:28:54.290000,10600,10601,10600,1
2020-04-28,15:28:55.254000,10600,10601,10601,2
2020-04-28,15:28:57.368000,10600,10601,10601,1
2020-04-28,15:28:57.876000,10600,10601,10601,1
2020-04-28,15:28:58.193000,10601,10602,10601,1
2020-04-28,15:29:00.284000,10601,10602,10602,9
2020-04-28,15:29:07.619000,10601,10602,10602,2
2020-04-28,15:29:08.066000,10601,10603,10601,1
2020-04-28,15:29:10.711000,10601,10602,10602,2
2020-04-28,15:29:17.141000,10601,10602,10601,1
2020-04-28,15:29:19.661000,10601,10602,10602,2
2020-04-28,15:29:19.797000,10601,10602,10601,1
2020-04-28,15:29:20.185000,10601,10602,10601,1
2020-04-28,15:29:24.991000,10601,10602,10601,1
2020-04-28,15:29:25.609000,10601,10602,10601,1
2020-04-28,15:29:29.709000,10601,10602,10601,1
2020-04-28,15:29:37.865000,10601,10602,10601,1
2020-04-28,15:29:38.939000,10601,10602,10601,1
2020-04-28,15:29:39.648000,10601,10602,10602,1
2020-04-28,15:29:40.750000,10601,10602,10602,1
2020-04-28,15:29:42.950000,10601,10602,10602,1
2020-04-28,15:29:43.780000,10601,10602,10602,2
2020-04-28,15:29:43.780000,10601,10602,10603,3
2020-04-28,15:29:47.167000,10601,10602,10601,15
2020-04-28,15:29:50.739000,10601,10602,10601,1
2020-04-28,15:29:52.833000,10600,10602,10602,2
2020-04-28,15:30:00.180000,10601,10602,10601,1
2020-04-28,15:30:00.420000,10601,10602,10602,1
2020-04-28,15:30:00.441000,10601,10602,10602,1
2020-04-28,15:30:00.730000,10601,10602,10602,1
2020-04-28,15:30:01.074000,10601,10602,10602,1
2020-04-28,15:30:01.075000,10601,10602,10602,1
2020-04-28,15:30:01.257000,10602,10603,10603,5
2020-04-28,15:30:01.257000,10602,10603,10603,5
2020-04-28,15:30:01.490000,10602,10603,10603,3
2020-04-28,15:30:01.490000,10602,10603,10604,7
2020-04-28,15:30:03.019000,10602,10604,10602,4
2020-04-28,15:30:05.161000,10602,10603,10602,1
2020-04-28,15:30:11.396000,10602,10603,10602,1
2020-04-28,15:30:12.867000,10601,10603,10602,1
2020-04-28,15:30:14.508000,10602,10603,10602,2
2020-04-28,15:30:14.967000,10602,10603,10602,1
2020-04-28,15:30:15.568000,10602,10603,10602,1
2020-04-28,15:30:21.774000,10601,10602,10602,1
2020-04-28,15:30:21.775000,10601,10602,10602,1
2020-04-28,15:30:21.925000,10602,10603,10602,1
2020-04-28,15:30:25.810000,10602,10603,10602,1
2020-04-28,15:30:26.347000,10602,10603,10603,6
2020-04-28,15:30:26.348000,10602,10603,10603,2
2020-04-28,15:30:27.529000,10602,10604,10602,1
2020-04-28,15:30:27.989000,10602,10604,10604,1
2020-04-28,15:30:28.034000,10603,10604,10604,2
2020-04-28,15:30:30.258000,10602,10604,10604,1
2020-04-28,15:30:40.156000,10603,10604,10604,1
2020-04-28,15:30:41.657000,10602,10604,10604,2
2020-04-28,15:30:43.032000,10602,10603,10603,1
2020-04-28,15:30:50.287000,10603,10604,10604,1
2020-04-28,15:30:52.277000,10603,10604,10604,1
2020-04-28,15:30:59.618000,10603,10604,10604,2
2020-04-28,15:31:02.922000,10604,10605,10604,1
2020-04-28,15:31:06,10604,10605,10605,13
2020-04-28,15:31:07.393000,10604,10605,10605,1
2020-04-28,15:31:07.412000,10604,10605,10606,1
2020-04-28,15:31:07.413000,10604,10605,10606,1
2020-04-28,15:31:07.420000,10604,10605,10605,1
2020-04-28,15:31:07.422000,10604,10605,10606,1
2020-04-28,15:31:07.424000,10604,10605,10606,1
2020-04-28,15:31:07.424000,10604,10605,10606,3
2020-04-28,15:31:11.251000,10604,10606,10604,1
2020-04-28,15:31:11.493000,10604,10605,10605,2
2020-04-28,15:31:14.041000,10604,10605,10604,7
2020-04-28,15:31:14.967000,10603,10604,10603,1
2020-04-28,15:31:14.967000,10603,10604,10603,2
2020-04-28,15:31:14.968000,10603,10604,10603,3
2020-04-28,15:31:15.606000,10602,10603,10603,1
2020-04-28,15:31:19.454000,10602,10603,10603,1
2020-04-28,15:31:19.577000,10602,10603,10603,1
2020-04-28,15:31:22.376000,10602,10603,10602,1
2020-04-28,15:31:25.369000,10602,10603,10603,1
2020-04-28,15:31:29.562000,10602,10603,10602,2
2020-04-28,15:31:32.685000,10602,10603,10602,2
2020-04-28,15:31:33.002000,10602,10603,10602,1
2020-04-28,15:31:33.531000,10602,10603,10602,1
2020-04-28,15:31:33.531000,10602,10603,10602,1
2020-04-28,15:31:40.469000,10601,10602,10602,1
2020-04-28,15:31:51.112000,10602,10603,10602,2
2020-04-28,15:31:51.725000,10601,10602,10602,1
2020-04-28,15:31:54.211000,10601,10602,10602,1
2020-04-28,15:32:10.055000,10601,10602,10601,2
2020-04-28,15:32:10.056000,10601,10602,10601,5
2020-04-28,15:32:10.056000,10601,10602,10601,1
2020-04-28,15:32:10.098000,10601,10602,10601,2
2020-04-28,15:32:10.344000,10600,10601,10601,2
2020-04-28,15:32:10.446000,10600,10601,10601,2
2020-04-28,15:32:10.708000,10600,10601,10601,2
2020-04-28,15:32:10.708000,10600,10601,10602,15
2020-04-28,15:32:10.721000,10600,10601,10602,2
2020-04-28,15:32:10.721000,10600,10601,10603,2
2020-04-28,15:32:10.757000,10600,10601,10603,6
2020-04-28,15:32:10.762000,10600,10601,10603,17
2020-04-28,15:32:10.762000,10600,10601,10604,9
2020-04-28,15:32:10.792000,10602,10604,10604,3
2020-04-28,15:32:10.792000,10602,10604,10604,2
2020-04-28,15:32:10.857000,10602,10604,10603,1
2020-04-28,15:32:13.060000,10604,10605,10604,2
2020-04-28,15:32:14.620000,10603,10604,10603,1
2020-04-28,15:32:21.045000,10603,10604,10604,1
2020-04-28,15:32:22.425000,10603,10604,10603,1
2020-04-28,15:32:23.549000,10603,10604,10603,7
2020-04-28,15:32:23.550000,10603,10604,10603,1
2020-04-28,15:32:30.167000,10602,10603,10603,1
2020-04-28,15:32:30.167000,10602,10603,10603,1
2020-04-28,15:32:31.620000,10603,10604,10603,1
2020-04-28,15:32:34.020000,10603,10604,10603,1
2020-04-28,15:32:36.822000,10602,10603,10602,4
2020-04-28,15:32:36.822000,10602,10603,10602,3
2020-04-28,15:32:48.885000,10601,10602,10602,10
2020-04-28,15:32:48.885000,10601,10602,10602,1
2020-04-28,15:32:48.886000,10601,10602,10602,3
2020-04-28,15:32:48.886000,10601,10602,10602,1
2020-04-28,15:32:49.078000,10601,10602,10601,1
2020-04-28,15:32:50.809000,10601,10602,10601,1
2020-04-28,15:32:57.218000,10601,10602,10602,2
2020-04-28,15:33:00.690000,10602,10603,10602,8
2020-04-28,15:33:01.646000,10601,10602,10602,1
2020-04-28,15:33:04.809000,10601,10602,10601,1
2020-04-28,15:33:12.451000,10601,10602,10602,1
2020-04-28,15:33:17.453000,10601,10602,10601,3
2020-04-28,15:33:18.321000,10601,10602,10601,1
2020-04-28,15:33:20.622000,10601,10602,10601,1
2020-04-28,15:33:20.660000,10600,10601,10601,1
2020-04-28,15:33:24.646000,10601,10602,10601,1
2020-04-28,15:33:24.764000,10601,10602,10601,2
2020-04-28,15:33:24.765000,10601,10602,10601,5
2020-04-28,15:33:24.765000,10601,10602,10601,1
2020-04-28,15:33:28.263000,10600,10601,10600,1
2020-04-28,15:33:28.697000,10600,10601,10600,1
2020-04-28,15:33:29.539000,10600,10601,10601,1
2020-04-28,15:33:35.167000,10600,10601,10600,1
2020-04-28,15:33:37.545000,10600,10601,10601,3
2020-04-28,15:33:42.760000,10601,10602,10602,12
2020-04-28,15:33:42.761000,10601,10602,10602,7
2020-04-28,15:33:42.761000,10601,10602,10602,5
2020-04-28,15:33:45.304000,10602,10603,10602,1
2020-04-28,15:33:46.127000,10600,10602,10600,1
2020-04-28,15:33:54.681000,10601,10602,10601,1
2020-04-28,15:33:56.125000,10601,10602,10601,1
2020-04-28,15:34:01.492000,10601,10602,10602,1
2020-04-28,15:34:01.768000,10601,10602,10602,2
2020-04-28,15:34:01.768000,10601,10602,10603,20
2020-04-28,15:34:03.825000,10602,10603,10602,1
2020-04-28,15:34:03.825000,10602,10603,10601,1
2020-04-28,15:34:10.422000,10600,10601,10601,1
2020-04-28,15:34:14.783000,10600,10601,10601,1
2020-04-28,15:34:25.733000,10601,10602,10602,1
2020-04-28,15:34:33.097000,10602,10603,10602,1
2020-04-28,15:34:35.886000,10601,10602,10602,1
2020-04-28,15:34:37.714000,10601,10602,10602,1
2020-04-28,15:34:38.006000,10601,10602,10602,2
2020-04-28,15:34:55.758000,10601,10602,10602,1
2020-04-28,15:34:56.076000,10601,10602,10601,1
2020-04-28,15:34:56.392000,10601,10602,10602,1
2020-04-28,15:35:00.396000,10601,10602,10601,1
2020-04-28,15:35:01.231000,10601,10602,10601,5
2020-04-28,15:35:02.612000,10600,10601,10600,2
2020-04-28,15:35:04.337000,10600,10601,10601,7
2020-04-28,15:35:06.509000,10601,10602,10601,1
2020-04-28,15:35:16.666000,10601,10602,10601,2
2020-04-28,15:35:17.122000,10600,10601,10601,1
2020-04-28,15:35:21.286000,10601,10602,10602,10
2020-04-28,15:35:35.226000,10602,10603,10602,1
2020-04-28,15:35:37.622000,10602,10603,10603,1
2020-04-28,15:35:38.772000,10602,10603,10603,1
2020-04-28,15:35:40.601000,10602,10603,10603,1
2020-04-28,15:35:47.909000,10602,10603,10603,1
2020-04-28,15:35:48.555000,10602,10603,10603,1
2020-04-28,15:35:52.607000,10602,10603,10603,13
2020-04-28,15:36:00.838000,10602,10603,10603,1
2020-04-28,15:36:01.482000,10602,10603,10602,1
2020-04-28,15:36:02.082000,10602,10603,10602,5
2020-04-28,15:36:02.448000,10601,10602,10602,1
2020-04-28,15:36:03.704000,10601,10602,10602,1
2020-04-28,15:36:08.837000,10601,10602,10602,1
2020-04-28,15:36:11.829000,10601,10602,10602,3
2020-04-28,15:36:12.398000,10601,10603,10603,1
2020-04-28,15:36:20.436000,10602,10603,10603,4
2020-04-28,15:36:27.850000,10602,10603,10603,2
2020-04-28,15:36:27.918000,10602,10603,10602,1
2020-04-28,15:36:37.142000,10602,10603,10602,3
2020-04-28,15:36:38.867000,10601,10602,10602,2
2020-04-28,15:36:41.182000,10602,10603,10602,1
2020-04-28,15:36:49.497000,10602,10603,10602,1
2020-04-28,15:36:51.116000,10602,10603,10603,4
2020-04-28,15:36:56.414000,10603,10604,10604,6
2020-04-28,15:37:03.028000,10604,10605,10605,11
2020-04-28,15:37:09,10605,10606,10605,1
2020-04-28,15:37:19.325000,10605,10606,10605,1
2020-04-28,15:37:28.909000,10605,10606,10605,1
2020-04-28,15:37:31.674000,10605,10606,10606,1
2020-04-28,15:37:31.748000,10605,10606,10605,1
2020-04-28,15:37:33.122000,10605,10606,10606,2
2020-04-28,15:37:35.239000,10605,10606,10606,1
2020-04-28,15:37:35.508000,10605,10606,10606,2
2020-04-28,15:37:35.718000,10605,10606,10606,1
2020-04-28,15:37:37.466000,10605,10606,10606,4
2020-04-28,15:37:42.498000,10605,10606,10605,2
2020-04-28,15:37:42.499000,10605,10606,10605,8
2020-04-28,15:37:47.385000,10604,10605,10604,1
2020-04-28,15:37:51.260000,10604,10605,10605,2
2020-04-28,15:37:56.030000,10604,10605,10605,1
2020-04-28,15:37:56.472000,10604,10605,10605,1
2020-04-28,15:37:56.690000,10604,10605,10605,1
2020-04-28,15:37:56.758000,10604,10605,10605,2
2020-04-28,15:38:02.308000,10604,10605,10605,1
2020-04-28,15:38:02.520000,10605,10606,10605,1
2020-04-28,15:38:09.639000,10604,10605,10604,1
2020-04-28,15:38:09.926000,10604,10605,10605,1
2020-04-28,15:38:10.426000,10604,10605,10605,1
2020-04-28,15:38:12.265000,10604,10605,10605,1
2020-04-28,15:38:12.950000,10604,10605,10605,1
2020-04-28,15:38:13.237000,10604,10605,10605,1
2020-04-28,15:38:19.640000,10604,10605,10604,14
2020-04-28,15:38:20.241000,10603,10604,10603,3
2020-04-28,15:38:23.346000,10602,10604,10604,2
2020-04-28,15:38:29.681000,10603,10605,10603,1
2020-04-28,15:38:29.865000,10603,10604,10604,1
2020-04-28,15:38:42.784000,10603,10604,10604,2
2020-04-28,15:38:52.414000,10604,10605,10604,1
2020-04-28,15:38:54.277000,10603,10604,10604,1
2020-04-28,15:38:57.685000,10603,10604,10604,1
2020-04-28,15:38:57.685000,10603,10604,10604,1
2020-04-28,15:39:03.930000,10604,10605,10605,1
2020-04-28,15:39:03.931000,10604,10605,10605,7
2020-04-28,15:39:04.214000,10605,10606,10605,1
2020-04-28,15:39:10.967000,10605,10606,10605,1
2020-04-28,15:39:17.440000,10604,10605,10605,1
2020-04-28,15:39:27.408000,10604,10605,10604,1
2020-04-28,15:39:28.135000,10604,10605,10604,3
2020-04-28,15:39:28.251000,10604,10605,10605,1
2020-04-28,15:39:29.549000,10604,10605,10604,3
2020-04-28,15:39:39.111000,10604,10605,10605,4
2020-04-28,15:40:02.366000,10604,10605,10605,3
2020-04-28,15:40:03.075000,10604,10605,10605,1
2020-04-28,15:40:03.491000,10604,10605,10605,18
2020-04-28,15:40:03.903000,10605,10606,10606,10
2020-04-28,15:40:04.357000,10606,10607,10606,3
2020-04-28,15:40:04.975000,10606,10607,10607,6
2020-04-28,15:40:05.006000,10606,10607,10608,4
2020-04-28,15:40:05.006000,10606,10607,10608,1
2020-04-28,15:40:07.405000,10607,10608,10608,10
2020-04-28,15:40:07.405000,10607,10608,10608,4
2020-04-28,15:40:07.405000,10607,10608,10608,4
2020-04-28,15:40:09.235000,10608,10609,10608,2
2020-04-28,15:40:11.155000,10608,10609,10608,1
2020-04-28,15:40:11.566000,10607,10608,10608,1
2020-04-28,15:40:12.734000,10607,10608,10608,1
2020-04-28,15:40:13.363000,10607,10608,10608,1
2020-04-28,15:40:14.917000,10608,10609,10608,1
2020-04-28,15:40:15.206000,10608,10609,10609,1
2020-04-28,15:40:16.312000,10608,10609,10608,1
2020-04-28,15:40:17.337000,10608,10609,10608,1
2020-04-28,15:40:17.948000,10608,10609,10609,1
2020-04-28,15:40:17.948000,10608,10609,10609,4
2020-04-28,15:40:17.948000,10608,10609,10609,4
2020-04-28,15:40:17.949000,10608,10609,10609,4
2020-04-28,15:40:17.949000,10608,10609,10609,1
2020-04-28,15:40:17.949000,10608,10609,10609,3
2020-04-28,15:40:17.949000,10608,10609,10609,1
2020-04-28,15:40:17.949000,10608,10609,10609,2
2020-04-28,15:40:17.949000,10608,10609,10609,2
2020-04-28,15:40:21.166000,10609,10610,10610,1
2020-04-28,15:40:21.310000,10609,10610,10609,1
2020-04-28,15:40:21.515000,10609,10610,10610,1
2020-04-28,15:40:21.518000,10609,10610,10610,1
2020-04-28,15:40:21.518000,10609,10610,10610,5
2020-04-28,15:40:21.519000,10609,10610,10610,4
2020-04-28,15:40:21.519000,10609,10610,10610,4
2020-04-28,15:40:21.519000,10609,10610,10610,2
2020-04-28,15:40:21.519000,10609,10610,10610,1
2020-04-28,15:40:21.520000,10609,10610,10611,6
2020-04-28,15:40:21.537000,10610,10611,10611,1
2020-04-28,15:40:21.541000,10610,10611,10610,1
2020-04-28,15:40:21.555000,10610,10611,10611,3
2020-04-28,15:40:21.563000,10610,10611,10611,2
2020-04-28,15:40:21.572000,10610,10611,10611,1
2020-04-28,15:40:21.586000,10610,10611,10612,2
2020-04-28,15:40:21.587000,10610,10611,10612,1
2020-04-28,15:40:21.608000,10610,10611,10612,1
2020-04-28,15:40:21.623000,10610,10611,10612,3
2020-04-28,15:40:21.625000,10610,10611,10612,2
2020-04-28,15:40:21.633000,10610,10611,10612,2
2020-04-28,15:40:21.642000,10610,10611,10612,6
2020-04-28,15:40:21.666000,10611,10612,10612,1
2020-04-28,15:40:21.714000,10611,10612,10613,5
2020-04-28,15:40:21.716000,10611,10612,10613,5
2020-04-28,15:40:21.803000,10612,10613,10613,1
2020-04-28,15:40:21.943000,10612,10614,10612,2
2020-04-28,15:40:21.959000,10612,10614,10613,1
2020-04-28,15:40:21.991000,10612,10614,10613,3
2020-04-28,15:40:21.994000,10612,10614,10613,1
2020-04-28,15:40:22.034000,10612,10614,10614,1
2020-04-28,15:40:22.044000,10612,10614,10614,2
2020-04-28,15:40:22.049000,10612,10614,10614,1
2020-04-28,15:40:22.056000,10612,10614,10614,3
2020-04-28,15:40:22.059000,10612,10614,10614,1
2020-04-28,15:40:22.059000,10612,10614,10614,2
2020-04-28,15:40:22.104000,10612,10614,10614,1
2020-04-28,15:40:22.136000,10612,10614,10613,1
2020-04-28,15:40:22.162000,10613,10614,10614,2
2020-04-28,15:40:22.162000,10613,10614,10615,6
2020-04-28,15:40:22.175000,10613,10614,10615,1
2020-04-28,15:40:22.182000,10613,10614,10615,1
2020-04-28,15:40:22.186000,10613,10614,10615,1
2020-04-28,15:40:22.199000,10613,10614,10615,1
2020-04-28,15:40:22.218000,10613,10614,10612,1
2020-04-28,15:40:22.249000,10613,10614,10614,1
2020-04-28,15:40:22.341000,10612,10614,10614,1
2020-04-28,15:40:22.385000,10612,10614,10614,1
2020-04-28,15:40:22.388000,10612,10614,10614,1
2020-04-28,15:40:22.509000,10613,10615,10614,1
2020-04-28,15:40:22.722000,10613,10614,10614,1
2020-04-28,15:40:22.722000,10613,10614,10615,1
2020-04-28,15:40:22.844000,10613,10614,10614,1
2020-04-28,15:40:22.930000,10613,10614,10614,1
2020-04-28,15:40:23.106000,10613,10614,10614,1
2020-04-28,15:40:23.842000,10613,10614,10614,1
2020-04-28,15:40:24.244000,10613,10615,10613,1
2020-04-28,15:40:24.905000,10613,10614,10613,1
2020-04-28,15:40:25.867000,10612,10613,10613,2
2020-04-28,15:40:26.024000,10612,10614,10614,1
2020-04-28,15:40:26.210000,10612,10614,10614,1
2020-04-28,15:40:27.023000,10612,10614,10613,1
2020-04-28,15:40:27.994000,10612,10614,10612,1
2020-04-28,15:40:28.165000,10612,10613,10612,1
2020-04-28,15:40:29.291000,10611,10613,10613,1
2020-04-28,15:40:30.427000,10613,10614,10614,2
2020-04-28,15:40:30.837000,10613,10614,10613,1
2020-04-28,15:40:33.609000,10612,10613,10612,1
2020-04-28,15:40:35.106000,10612,10613,10613,1
2020-04-28,15:40:35.623000,10612,10614,10612,1
2020-04-28,15:40:38.824000,10612,10614,10613,1
2020-04-28,15:40:39.738000,10613,10614,10613,1
2020-04-28,15:40:39.901000,10612,10614,10614,1
2020-04-28,15:40:42.996000,10613,10614,10614,8
2020-04-28,15:40:43.017000,10613,10614,10615,1
2020-04-28,15:40:43.141000,10614,10615,10615,2
2020-04-28,15:40:43.142000,10614,10615,10615,1
2020-04-28,15:40:43.142000,10614,10615,10615,4
2020-04-28,15:40:43.142000,10614,10615,10615,1
2020-04-28,15:40:43.142000,10614,10615,10615,2
2020-04-28,15:40:43.142000,10614,10615,10615,3
2020-04-28,15:40:44.223000,10615,10616,10615,2
2020-04-28,15:40:44.905000,10615,10616,10615,1
2020-04-28,15:40:45.192000,10614,10615,10615,2
2020-04-28,15:40:45.612000,10614,10616,10615,1
2020-04-28,15:40:46.112000,10614,10615,10615,4
2020-04-28,15:40:46.112000,10614,10615,10616,12
2020-04-28,15:40:46.192000,10614,10616,10616,1
2020-04-28,15:40:46.406000,10614,10615,10615,1
2020-04-28,15:40:46.408000,10614,10615,10615,1
2020-04-28,15:40:46.805000,10614,10615,10615,1
2020-04-28,15:40:46.889000,10614,10615,10615,1
2020-04-28,15:40:46.890000,10614,10615,10615,1
2020-04-28,15:40:47.517000,10615,10616,10616,1
2020-04-28,15:40:47.542000,10615,10616,10616,5
2020-04-28,15:40:47.542000,10615,10616,10617,10
2020-04-28,15:40:47.594000,10615,10616,10615,1
2020-04-28,15:40:47.787000,10615,10617,10617,2
2020-04-28,15:40:47.789000,10615,10617,10617,2
2020-04-28,15:40:47.882000,10615,10617,10617,2
2020-04-28,15:40:47.982000,10615,10617,10617,3
2020-04-28,15:40:47.992000,10615,10617,10617,2
2020-04-28,15:40:48.530000,10616,10617,10617,2
2020-04-28,15:40:48.955000,10616,10617,10616,1
2020-04-28,15:40:49.042000,10616,10617,10616,1
2020-04-28,15:40:50.869000,10616,10617,10617,1
2020-04-28,15:40:51.043000,10616,10617,10616,2
2020-04-28,15:40:51.282000,10615,10616,10616,2
2020-04-28,15:40:51.282000,10615,10616,10616,1
2020-04-28,15:40:51.607000,10615,10617,10617,1
2020-04-28,15:40:51.619000,10615,10617,10615,1
2020-04-28,15:40:52.041000,10615,10617,10617,1
2020-04-28,15:40:52.141000,10615,10617,10617,1
2020-04-28,15:40:52.429000,10615,10616,10616,1
2020-04-28,15:40:52.429000,10615,10616,10617,1
2020-04-28,15:40:52.450000,10615,10616,10617,2
2020-04-28,15:40:52.557000,10616,10617,10617,1
2020-04-28,15:40:52.562000,10616,10617,10617,1
2020-04-28,15:40:52.562000,10616,10617,10617,1
2020-04-28,15:40:52.658000,10616,10617,10617,2
2020-04-28,15:40:52.860000,10616,10617,10617,1
2020-04-28,15:40:52.961000,10616,10618,10618,1
2020-04-28,15:40:53.059000,10616,10618,10618,1
2020-04-28,15:40:53.099000,10616,10618,10616,1
2020-04-28,15:40:53.264000,10616,10618,10618,2
2020-04-28,15:40:53.285000,10616,10618,10618,1
2020-04-28,15:40:53.430000,10616,10618,10618,1
2020-04-28,15:40:53.964000,10616,10618,10618,1
2020-04-28,15:40:54.536000,10616,10618,10618,2
2020-04-28,15:40:56.563000,10616,10617,10617,1
2020-04-28,15:40:56.790000,10616,10617,10617,2
2020-04-28,15:40:58.586000,10616,10617,10617,1
2020-04-28,15:40:59.398000,10616,10617,10617,2
2020-04-28,15:41:00.980000,10616,10617,10617,1
2020-04-28,15:41:01.055000,10616,10617,10617,2
2020-04-28,15:41:01.086000,10616,10617,10617,1
2020-04-28,15:41:01.195000,10616,10618,10617,1
2020-04-28,15:41:01.288000,10616,10617,10617,2
2020-04-28,15:41:01.299000,10616,10617,10617,1
2020-04-28,15:41:01.509000,10616,10618,10618,2
2020-04-28,15:41:01.902000,10616,10618,10618,1
2020-04-28,15:41:01.987000,10616,10618,10616,1
2020-04-28,15:41:03.621000,10616,10617,10617,2
2020-04-28,15:41:03.621000,10616,10617,10618,2
2020-04-28,15:41:03.676000,10617,10618,10617,1
2020-04-28,15:41:03.866000,10617,10618,10618,1
2020-04-28,15:41:04.772000,10617,10618,10617,1
2020-04-28,15:41:04.927000,10617,10618,10618,1
2020-04-28,15:41:05.040000,10617,10618,10617,2
2020-04-28,15:41:06.950000,10617,10618,10618,1
2020-04-28,15:41:07.302000,10617,10618,10617,1
2020-04-28,15:41:08.095000,10617,10618,10618,1
2020-04-28,15:41:08.342000,10617,10618,10617,1
2020-04-28,15:41:09.986000,10617,10618,10617,1
2020-04-28,15:41:11.559000,10617,10618,10617,1
2020-04-28,15:41:11.645000,10617,10618,10617,5
2020-04-28,15:41:11.675000,10617,10618,10618,1
2020-04-28,15:41:12.210000,10617,10618,10618,2
2020-04-28,15:41:12.307000,10617,10618,10617,2
2020-04-28,15:41:13.874000,10617,10618,10618,16
2020-04-28,15:41:13.874000,10617,10618,10619,1
2020-04-28,15:41:13.940000,10618,10619,10619,1
2020-04-28,15:41:14.102000,10618,10619,10619,15
2020-04-28,15:41:14.107000,10618,10619,10619,1
2020-04-28,15:41:14.116000,10618,10619,10619,7
2020-04-28,15:41:14.122000,10618,10619,10618,1
2020-04-28,15:41:14.160000,10618,10619,10619,2
2020-04-28,15:41:14.238000,10618,10619,10618,1
2020-04-28,15:41:14.293000,10618,10619,10619,1
2020-04-28,15:41:14.321000,10618,10619,10618,1
2020-04-28,15:41:14.434000,10618,10619,10619,2
2020-04-28,15:41:14.907000,10618,10619,10618,1
2020-04-28,15:41:15.160000,10617,10619,10619,2
2020-04-28,15:41:15.865000,10618,10619,10618,1
2020-04-28,15:41:19.326000,10618,10619,10618,2
2020-04-28,15:41:19.809000,10617,10618,10618,1
2020-04-28,15:41:21.327000,10617,10618,10618,1
2020-04-28,15:41:21.394000,10617,10618,10618,1
2020-04-28,15:41:21.559000,10617,10618,10618,1
2020-04-28,15:41:22.299000,10617,10618,10617,1
2020-04-28,15:41:25.928000,10617,10618,10617,2
2020-04-28,15:41:26.883000,10617,10618,10618,1
2020-04-28,15:41:27.929000,10617,10618,10618,1
2020-04-28,15:41:28.378000,10617,10618,10617,1
2020-04-28,15:41:31.675000,10617,10618,10617,10
2020-04-28,15:41:31.676000,10617,10618,10617,5
2020-04-28,15:41:31.676000,10617,10618,10617,3
2020-04-28,15:41:31.884000,10616,10617,10617,8
2020-04-28,15:41:31.884000,10616,10617,10618,17
2020-04-28,15:41:32.885000,10616,10617,10617,1
2020-04-28,15:41:33.136000,10616,10617,10617,1
2020-04-28,15:41:33.830000,10616,10617,10616,1
2020-04-28,15:41:33.881000,10616,10617,10617,5
2020-04-28,15:41:33.881000,10616,10617,10618,25
2020-04-28,15:41:35.856000,10617,10618,10618,1
2020-04-28,15:41:37.252000,10617,10618,10618,3
2020-04-28,15:41:37.252000,10617,10618,10619,16
2020-04-28,15:41:37.678000,10618,10620,10618,1
2020-04-28,15:41:38.031000,10618,10619,10618,3
2020-04-28,15:41:38.401000,10617,10619,10618,2
2020-04-28,15:41:38.990000,10617,10619,10619,1
2020-04-28,15:41:39.725000,10617,10618,10618,1
2020-04-28,15:41:39.853000,10617,10618,10618,1
2020-04-28,15:41:41.766000,10617,10618,10618,1
2020-04-28,15:41:43.926000,10617,10618,10618,7
2020-04-28,15:41:43.928000,10617,10618,10618,12
2020-04-28,15:41:44.357000,10617,10619,10617,1
2020-04-28,15:41:44.949000,10618,10619,10618,1
2020-04-28,15:41:49.660000,10617,10618,10618,1
2020-04-28,15:41:49.812000,10617,10618,10618,1
2020-04-28,15:41:50.359000,10617,10618,10618,2
2020-04-28,15:41:51.430000,10617,10618,10618,1
2020-04-28,15:41:51.431000,10617,10618,10618,1
2020-04-28,15:41:52.279000,10617,10619,10617,1
2020-04-28,15:41:52.537000,10617,10619,10618,1
2020-04-28,15:41:53.475000,10617,10619,10617,1
2020-04-28,15:41:54.499000,10617,10619,10619,1
2020-04-28,15:41:59.281000,10618,10619,10618,1
2020-04-28,15:42:00.575000,10618,10619,10619,1
2020-04-28,15:42:00.925000,10618,10619,10619,3
2020-04-28,15:42:00.939000,10618,10619,10619,1
2020-04-28,15:42:00.939000,10618,10619,10620,1
2020-04-28,15:42:00.947000,10618,10619,10620,2
2020-04-28,15:42:00.959000,10618,10619,10620,7
2020-04-28,15:42:00.997000,10618,10619,10620,7
2020-04-28,15:42:01.054000,10619,10620,10620,15
2020-04-28,15:42:01.054000,10619,10620,10620,1
2020-04-28,15:42:01.074000,10619,10620,10620,2
2020-04-28,15:42:01.075000,10619,10620,10620,2
2020-04-28,15:42:01.087000,10619,10620,10620,1
2020-04-28,15:42:01.267000,10619,10620,10620,3
2020-04-28,15:42:01.281000,10619,10620,10620,1
2020-04-28,15:42:01.315000,10619,10620,10620,1
2020-04-28,15:42:01.363000,10619,10620,10620,1
2020-04-28,15:42:01.398000,10619,10620,10619,1
2020-04-28,15:42:01.595000,10619,10620,10620,1
2020-04-28,15:42:02.479000,10619,10620,10619,1
2020-04-28,15:42:06.425000,10619,10620,10620,3
2020-04-28,15:42:06.922000,10619,10620,10619,1
2020-04-28,15:42:07.311000,10619,10620,10619,2
2020-04-28,15:42:07.724000,10619,10620,10619,1
2020-04-28,15:42:08.336000,10619,10620,10619,1
2020-04-28,15:42:08.665000,10619,10620,10620,1
2020-04-28,15:42:08.814000,10619,10620,10620,1
2020-04-28,15:42:12.928000,10619,10620,10620,1
2020-04-28,15:42:13.470000,10619,10620,10619,1
2020-04-28,15:42:14.245000,10619,10620,10620,2
2020-04-28,15:42:15.428000,10619,10620,10620,1
2020-04-28,15:42:16.055000,10619,10620,10620,1
2020-04-28,15:42:16.238000,10620,10621,10621,1
2020-04-28,15:42:16.286000,10620,10621,10621,2
2020-04-28,15:42:16.287000,10620,10621,10621,1
2020-04-28,15:42:16.292000,10620,10621,10621,3
2020-04-28,15:42:16.306000,10620,10621,10621,3
2020-04-28,15:42:16.309000,10620,10621,10621,2
2020-04-28,15:42:16.313000,10620,10621,10621,3
2020-04-28,15:42:16.341000,10620,10621,10621,1
2020-04-28,15:42:16.510000,10620,10621,10620,1
2020-04-28,15:42:17.531000,10620,10621,10621,1
2020-04-28,15:42:17.952000,10620,10621,10621,1
2020-04-28,15:42:18.074000,10620,10621,10621,3
2020-04-28,15:42:19.087000,10620,10621,10620,1
2020-04-28,15:42:22.176000,10620,10621,10620,1
2020-04-28,15:42:22.923000,10620,10621,10620,1
2020-04-28,15:42:22.949000,10620,10621,10621,2
2020-04-28,15:42:23.130000,10620,10621,10620,1
2020-04-28,15:42:24.560000,10620,10621,10620,1
2020-04-28,15:42:24.880000,10620,10621,10620,2
2020-04-28,15:42:24.880000,10620,10621,10620,8
2020-04-28,15:42:25.116000,10619,10620,10619,4
2020-04-28,15:42:25.359000,10619,10620,10619,1
2020-04-28,15:42:26.161000,10618,10620,10620,1
2020-04-28,15:42:26.485000,10619,10620,10619,2
2020-04-28,15:42:26.541000,10619,10620,10620,1
2020-04-28,15:42:27.878000,10619,10620,10620,3
2020-04-28,15:42:31.032000,10619,10621,10621,30
2020-04-28,15:42:31.248000,10620,10621,10620,1
2020-04-28,15:42:33.887000,10619,10621,10621,2
2020-04-28,15:42:34.897000,10618,10620,10619,2
2020-04-28,15:42:36.851000,10618,10620,10619,1
2020-04-28,15:42:37.551000,10618,10619,10619,1
2020-04-28,15:42:37.945000,10618,10619,10619,5
2020-04-28,15:42:38.351000,10618,10620,10620,1
2020-04-28,15:42:42.445000,10619,10620,10620,3
2020-04-28,15:42:42.881000,10619,10620,10619,1
2020-04-28,15:42:43.394000,10619,10621,10620,1
2020-04-28,15:42:44.303000,10620,10621,10620,1
2020-04-28,15:42:44.527000,10620,10621,10620,1
2020-04-28,15:42:46.102000,10620,10621,10620,4
2020-04-28,15:42:49.175000,10619,10620,10620,1
2020-04-28,15:42:49.282000,10619,10620,10620,2
2020-04-28,15:42:49.708000,10619,10621,10619,2
2020-04-28,15:42:49.778000,10619,10621,10621,2
2020-04-28,15:42:50.173000,10619,10621,10619,1
2020-04-28,15:42:51.493000,10619,10620,10620,1
2020-04-28,15:42:54.295000,10619,10620,10619,2
2020-04-28,15:42:54.461000,10619,10620,10620,1
2020-04-28,15:42:55.733000,10619,10620,10619,1
2020-04-28,15:42:58.279000,10618,10619,10619,1
2020-04-28,15:42:58.405000,10619,10620,10619,2
2020-04-28,15:42:58.827000,10618,10620,10619,1
2020-04-28,15:42:58.827000,10618,10620,10618,1
2020-04-28,15:42:59.516000,10618,10620,10618,1
2020-04-28,15:43:01.493000,10618,10619,10619,1
2020-04-28,15:43:01.509000,10618,10619,10618,1
2020-04-28,15:43:04.244000,10618,10619,10618,1
2020-04-28,15:43:05.756000,10618,10619,10618,2
2020-04-28,15:43:19.064000,10618,10619,10619,1
2020-04-28,15:43:19.065000,10618,10619,10619,8
2020-04-28,15:43:19.176000,10619,10620,10619,1
2020-04-28,15:43:20.176000,10619,10620,10619,1
2020-04-28,15:43:20.671000,10619,10620,10619,1
2020-04-28,15:43:24.010000,10619,10620,10620,1
2020-04-28,15:43:24.121000,10619,10620,10619,1
2020-04-28,15:43:24.994000,10618,10619,10619,1
2020-04-28,15:43:26.901000,10618,10620,10618,1
2020-04-28,15:43:27.554000,10618,10620,10619,3
2020-04-28,15:43:28.301000,10618,10619,10618,1
2020-04-28,15:43:29.821000,10618,10619,10618,1
2020-04-28,15:43:30.048000,10618,10619,10619,1
2020-04-28,15:43:31.777000,10618,10619,10618,1
2020-04-28,15:43:34.130000,10618,10619,10619,4
2020-04-28,15:43:34.130000,10618,10619,10619,4
2020-04-28,15:43:42.231000,10618,10619,10618,1
2020-04-28,15:43:42.231000,10618,10619,10618,9
2020-04-28,15:43:42.231000,10618,10619,10618,3
2020-04-28,15:43:42.231000,10618,10619,10618,2
2020-04-28,15:43:43.426000,10617,10618,10618,2
2020-04-28,15:43:44.106000,10617,10619,10617,1
2020-04-28,15:43:44.247000,10617,10619,10618,1
2020-04-28,15:43:44.493000,10618,10619,10618,1
2020-04-28,15:43:44.572000,10618,10619,10618,1
2020-04-28,15:43:45.182000,10618,10619,10618,1
2020-04-28,15:43:45.323000,10618,10619,10618,1
2020-04-28,15:43:46.108000,10618,10619,10618,1
2020-04-28,15:43:46.108000,10618,10619,10617,1
2020-04-28,15:43:49.025000,10618,10619,10618,1
2020-04-28,15:43:49.419000,10618,10619,10618,1
2020-04-28,15:43:50.125000,10618,10619,10618,1
2020-04-28,15:43:51.299000,10618,10619,10618,1
2020-04-28,15:43:51.729000,10618,10619,10619,1
2020-04-28,15:43:53.477000,10618,10619,10619,2
2020-04-28,15:43:53.477000,10618,10619,10619,5
2020-04-28,15:43:58.637000,10619,10620,10620,3
2020-04-28,15:43:58.637000,10619,10620,10620,2
2020-04-28,15:43:58.638000,10619,10620,10620,4
2020-04-28,15:43:59.510000,10620,10621,10621,1
2020-04-28,15:43:59.851000,10620,10621,10620,1
2020-04-28,15:44:01.337000,10619,10621,10621,2
2020-04-28,15:44:01.464000,10620,10621,10620,1
2020-04-28,15:44:01.690000,10620,10621,10621,1
2020-04-28,15:44:01.813000,10620,10621,10621,1
2020-04-28,15:44:01.884000,10620,10621,10621,1
2020-04-28,15:44:01.979000,10620,10621,10621,2
2020-04-28,15:44:01.987000,10620,10621,10621,1
2020-04-28,15:44:02.025000,10620,10621,10620,3
2020-04-28,15:44:02.783000,10620,10621,10620,1
2020-04-28,15:44:03.240000,10619,10621,10620,1
2020-04-28,15:44:08.767000,10620,10621,10620,1
2020-04-28,15:44:16.224000,10619,10620,10620,9
2020-04-28,15:44:16.224000,10619,10620,10621,1
2020-04-28,15:44:21.343000,10619,10620,10619,6
2020-04-28,15:44:22.183000,10618,10619,10619,1
2020-04-28,15:44:22.408000,10618,10619,10619,1
2020-04-28,15:44:33.085000,10618,10619,10619,4
2020-04-28,15:44:33.254000,10618,10619,10619,1
2020-04-28,15:44:35.136000,10619,10620,10619,1
2020-04-28,15:44:37.386000,10619,10620,10619,2
2020-04-28,15:44:37.894000,10618,10620,10620,1
2020-04-28,15:44:39.400000,10618,10619,10619,1
2020-04-28,15:44:41.065000,10618,10619,10619,1
2020-04-28,15:44:42.602000,10619,10620,10619,1
2020-04-28,15:44:42.654000,10619,10620,10619,2
2020-04-28,15:44:44.027000,10619,10620,10619,1
2020-04-28,15:44:46.274000,10619,10620,10619,1
2020-04-28,15:44:48.473000,10619,10620,10619,1
2020-04-28,15:44:49.439000,10618,10619,10619,1
2020-04-28,15:44:51.201000,10619,10620,10619,1
2020-04-28,15:44:53.903000,10619,10620,10619,1
2020-04-28,15:44:56.615000,10619,10620,10620,1
2020-04-28,15:44:56.902000,10619,10620,10619,1
2020-04-28,15:45:02.305000,10619,10620,10619,2
2020-04-28,15:45:02.398000,10619,10620,10620,1
2020-04-28,15:45:02.962000,10619,10620,10620,1
2020-04-28,15:45:03.026000,10619,10620,10620,1
2020-04-28,15:45:04.395000,10619,10620,10620,1
2020-04-28,15:45:13.020000,10619,10620,10620,3
2020-04-28,15:45:15.145000,10619,10620,10620,1
2020-04-28,15:45:16.872000,10619,10620,10620,2
2020-04-28,15:45:18.108000,10619,10620,10620,3
2020-04-28,15:45:19.365000,10619,10621,10620,1
2020-04-28,15:45:21.320000,10619,10620,10620,1
2020-04-28,15:45:24.683000,10619,10620,10619,1
2020-04-28,15:45:26.250000,10619,10620,10619,1
2020-04-28,15:45:33.690000,10619,10620,10619,1
2020-04-28,15:45:34.348000,10619,10620,10619,1
2020-04-28,15:45:34.349000,10619,10620,10619,4
2020-04-28,15:45:39.797000,10618,10619,10619,1
2020-04-28,15:45:42.088000,10618,10619,10618,13
2020-04-28,15:45:47.464000,10617,10618,10617,1
2020-04-28,15:45:49.198000,10617,10618,10617,3
2020-04-28,15:45:53.770000,10617,10618,10618,4
2020-04-28,15:45:53.770000,10617,10618,10618,1
2020-04-28,15:45:57.969000,10617,10619,10617,1
2020-04-28,15:45:59.387000,10618,10619,10618,1
2020-04-28,15:45:59.835000,10618,10619,10618,1
2020-04-28,15:46:00.910000,10618,10619,10618,1
2020-04-28,15:46:04.640000,10618,10619,10618,1
2020-04-28,15:46:05.511000,10618,10619,10618,2
2020-04-28,15:46:07.602000,10617,10618,10618,3
2020-04-28,15:46:08.350000,10618,10619,10618,1
2020-04-28,15:46:08.619000,10618,10619,10619,1
2020-04-28,15:46:08.619000,10618,10619,10619,4
2020-04-28,15:46:08.619000,10618,10619,10619,4
2020-04-28,15:46:08.842000,10619,10620,10620,13
2020-04-28,15:46:08.948000,10620,10621,10620,1
2020-04-28,15:46:09.242000,10620,10621,10620,1
2020-04-28,15:46:10.920000,10619,10621,10621,1
2020-04-28,15:46:12.416000,10619,10620,10620,2
2020-04-28,15:46:12.442000,10619,10620,10621,1
2020-04-28,15:46:12.491000,10619,10620,10621,1
2020-04-28,15:46:15.919000,10618,10619,10619,1
2020-04-28,15:46:17.422000,10618,10619,10619,1
2020-04-28,15:46:18.369000,10618,10619,10618,2
2020-04-28,15:46:18.395000,10618,10619,10619,1
2020-04-28,15:46:24.283000,10618,10619,10619,1
2020-04-28,15:46:39.091000,10618,10619,10618,1
2020-04-28,15:46:39.659000,10618,10619,10618,9
2020-04-28,15:46:39.660000,10618,10619,10618,1
2020-04-28,15:46:43.892000,10617,10618,10618,2
2020-04-28,15:46:45.775000,10617,10618,10618,1
2020-04-28,15:46:45.776000,10617,10618,10618,2
2020-04-28,15:46:48.947000,10617,10618,10618,2
2020-04-28,15:46:49.832000,10617,10618,10618,2
2020-04-28,15:46:50.708000,10617,10618,10618,2
2020-04-28,15:46:54.062000,10617,10618,10617,5
2020-04-28,15:46:54.062000,10617,10618,10617,4
2020-04-28,15:46:54.063000,10617,10618,10617,4
2020-04-28,15:46:54.063000,10617,10618,10617,6
2020-04-28,15:46:57.965000,10616,10617,10616,5
2020-04-28,15:46:58.009000,10616,10617,10617,1
2020-04-28,15:47:02.743000,10616,10617,10616,2
2020-04-28,15:47:04.080000,10616,10617,10616,1
2020-04-28,15:47:05.436000,10616,10617,10617,3
2020-04-28,15:47:05.623000,10616,10617,10616,2
2020-04-28,15:47:07.766000,10616,10617,10616,1
2020-04-28,15:47:08.015000,10616,10617,10616,5
2020-04-28,15:47:11.074000,10617,10618,10617,2
2020-04-28,15:47:16.058000,10616,10618,10616,1
2020-04-28,15:47:17.871000,10616,10618,10616,1
2020-04-28,15:47:21.881000,10616,10618,10616,1
2020-04-28,15:47:23.416000,10616,10618,10616,1
2020-04-28,15:47:25.501000,10615,10617,10615,1
2020-04-28,15:47:25.780000,10615,10617,10615,1
2020-04-28,15:47:26.142000,10615,10617,10615,1
2020-04-28,15:47:29.707000,10615,10617,10615,1
2020-04-28,15:47:30.704000,10615,10616,10616,1
2020-04-28,15:47:30.704000,10615,10616,10617,1
2020-04-28,15:47:30.804000,10616,10617,10616,1
2020-04-28,15:47:30.804000,10616,10617,10615,5
2020-04-28,15:47:31.005000,10615,10617,10615,2
2020-04-28,15:47:33.703000,10616,10617,10616,1
2020-04-28,15:47:34.781000,10615,10616,10615,1
2020-04-28,15:47:37.017000,10615,10616,10615,1
2020-04-28,15:47:37.667000,10615,10616,10615,1
2020-04-28,15:47:38.960000,10615,10616,10615,1
2020-04-28,15:47:39.813000,10615,10616,10615,1
2020-04-28,15:47:52.108000,10615,10616,10616,17
2020-04-28,15:47:54.167000,10616,10617,10616,1
2020-04-28,15:47:55.591000,10616,10617,10616,1
2020-04-28,15:47:59.636000,10616,10617,10616,1
2020-04-28,15:48:00.197000,10616,10617,10616,2
2020-04-28,15:48:00.197000,10616,10617,10615,3
2020-04-28,15:48:00.549000,10615,10617,10617,2
2020-04-28,15:48:02.711000,10616,10617,10616,1
2020-04-28,15:48:03.169000,10616,10617,10617,2
2020-04-28,15:48:03.170000,10616,10617,10617,3
2020-04-28,15:48:03.170000,10616,10617,10617,1
2020-04-28,15:48:11.616000,10617,10618,10617,1
2020-04-28,15:48:16.892000,10617,10618,10617,1
2020-04-28,15:48:18.499000,10617,10618,10617,1
2020-04-28,15:48:20.245000,10617,10618,10618,1
2020-04-28,15:48:20.831000,10617,10618,10618,7
2020-04-28,15:48:21.107000,10617,10618,10617,1
2020-04-28,15:48:21.455000,10617,10618,10618,1
2020-04-28,15:48:28.999000,10617,10619,10618,1
2020-04-28,15:48:29.692000,10618,10619,10618,1
2020-04-28,15:48:31.370000,10618,10619,10618,9
2020-04-28,15:48:36.282000,10617,10618,10617,10
2020-04-28,15:48:36.733000,10616,10617,10617,1
2020-04-28,15:48:37.390000,10616,10617,10617,1
2020-04-28,15:48:38.337000,10616,10617,10616,2
2020-04-28,15:48:42.601000,10616,10617,10617,1
2020-04-28,15:48:44.153000,10616,10617,10616,1
2020-04-28,15:48:44.154000,10616,10617,10616,3
2020-04-28,15:48:44.390000,10615,10616,10615,1
2020-04-28,15:48:45.621000,10615,10616,10616,1
2020-04-28,15:48:56.371000,10616,10617,10617,1
2020-04-28,15:48:56.848000,10616,10617,10617,1
2020-04-28,15:48:57.473000,10616,10617,10617,1
2020-04-28,15:48:58.262000,10616,10617,10617,1
2020-04-28,15:49:00.076000,10616,10617,10616,1
2020-04-28,15:49:01.337000,10616,10617,10616,2
2020-04-28,15:49:01.338000,10616,10617,10616,3
2020-04-28,15:49:01.338000,10616,10617,10616,5
2020-04-28,15:49:04.149000,10615,10616,10616,1
2020-04-28,15:49:04.520000,10615,10616,10615,1
2020-04-28,15:49:11.517000,10615,10616,10615,1
2020-04-28,15:49:12.268000,10615,10616,10615,1
2020-04-28,15:49:17.591000,10615,10616,10616,1
2020-04-28,15:49:25.363000,10616,10617,10617,1
2020-04-28,15:49:25.907000,10616,10617,10616,4
2020-04-28,15:49:26.213000,10615,10616,10616,1
2020-04-28,15:49:30.517000,10615,10616,10616,1
2020-04-28,15:49:31.596000,10615,10616,10616,1
2020-04-28,15:49:31.990000,10616,10617,10616,1
2020-04-28,15:49:42.383000,10615,10616,10616,1
2020-04-28,15:49:42.383000,10615,10616,10617,1
2020-04-28,15:49:43.970000,10615,10616,10616,1
2020-04-28,15:49:50.422000,10615,10616,10616,1
2020-04-28,15:49:50.577000,10615,10616,10616,2
2020-04-28,15:49:58.730000,10615,10616,10615,1
2020-04-28,15:49:59.380000,10615,10616,10615,3
2020-04-28,15:49:59.380000,10615,10616,10615,2
2020-04-28,15:49:59.380000,10615,10616,10615,13
2020-04-28,15:49:59.380000,10615,10616,10615,3
2020-04-28,15:50:04.585000,10614,10615,10615,1
2020-04-28,15:50:05.052000,10614,10615,10615,2
2020-04-28,15:50:05.194000,10614,10615,10615,1
2020-04-28,15:50:05.194000,10614,10615,10616,1
2020-04-28,15:50:06.154000,10614,10616,10616,2
2020-04-28,15:50:07.362000,10614,10615,10615,2
2020-04-28,15:50:07.851000,10614,10615,10615,2
2020-04-28,15:50:07.852000,10614,10615,10615,3
2020-04-28,15:50:07.852000,10614,10615,10615,1
2020-04-28,15:50:07.852000,10614,10615,10615,2
2020-04-28,15:50:07.852000,10614,10615,10615,2
2020-04-28,15:50:09.021000,10615,10616,10616,7
2020-04-28,15:50:09.581000,10616,10617,10616,1
2020-04-28,15:50:12.612000,10616,10617,10616,2
2020-04-28,15:50:14.146000,10615,10617,10615,1
2020-04-28,15:50:15.510000,10615,10616,10615,1
2020-04-28,15:50:16.256000,10615,10616,10615,1
2020-04-28,15:50:17.374000,10615,10616,10615,3
2020-04-28,15:50:17.551000,10615,10616,10616,1
2020-04-28,15:50:17.997000,10615,10616,10616,3
2020-04-28,15:50:21.417000,10615,10616,10616,1
2020-04-28,15:50:22.200000,10615,10616,10615,1
2020-04-28,15:50:23.944000,10615,10616,10616,2
2020-04-28,15:50:27.266000,10616,10617,10617,1
2020-04-28,15:50:29.327000,10616,10617,10616,1
2020-04-28,15:50:30.763000,10616,10617,10616,2
2020-04-28,15:50:32.902000,10616,10617,10616,2
2020-04-28,15:50:35.390000,10616,10617,10616,1
2020-04-28,15:50:36.103000,10616,10617,10617,21
2020-04-28,15:50:36.103000,10616,10617,10617,2
2020-04-28,15:50:36.567000,10617,10618,10618,3
2020-04-28,15:50:36.568000,10617,10618,10618,3
2020-04-28,15:50:36.568000,10617,10618,10618,2
2020-04-28,15:50:36.574000,10617,10618,10618,2
2020-04-28,15:50:37.786000,10618,10619,10619,1
2020-04-28,15:50:37.786000,10618,10619,10619,7
2020-04-28,15:50:41.902000,10618,10620,10619,1
2020-04-28,15:50:42.550000,10618,10619,10619,1
2020-04-28,15:50:42.958000,10618,10619,10619,3
2020-04-28,15:50:44.290000,10619,10620,10620,1
2020-04-28,15:50:45.398000,10619,10620,10620,1
2020-04-28,15:50:45.731000,10619,10620,10620,7
2020-04-28,15:50:45.731000,10619,10620,10620,4
2020-04-28,15:50:45.731000,10619,10620,10620,5
2020-04-28,15:50:47.159000,10620,10621,10620,1
2020-04-28,15:50:47.617000,10620,10621,10621,1
2020-04-28,15:50:47.649000,10620,10621,10620,7
2020-04-28,15:50:47.733000,10619,10620,10620,1
2020-04-28,15:50:47.809000,10619,10620,10620,1
2020-04-28,15:50:48.452000,10619,10620,10620,1
2020-04-28,15:50:49.809000,10619,10620,10619,1
2020-04-28,15:50:49.809000,10619,10620,10619,1
2020-04-28,15:50:50.964000,10618,10619,10619,5
2020-04-28,15:50:56.145000,10619,10620,10620,2
2020-04-28,15:50:56.503000,10619,10620,10620,1
2020-04-28,15:50:56.811000,10619,10620,10620,2
2020-04-28,15:50:56.811000,10619,10620,10620,1
2020-04-28,15:50:57.584000,10620,10621,10620,1
2020-04-28,15:50:58.847000,10619,10620,10620,1
2020-04-28,15:51:02.274000,10619,10620,10620,1
2020-04-28,15:51:02.458000,10619,10620,10620,1
2020-04-28,15:51:04.892000,10620,10621,10620,1
2020-04-28,15:51:07.891000,10620,10621,10620,1
2020-04-28,15:51:09.921000,10620,10621,10621,6
2020-04-28,15:51:10.473000,10620,10622,10622,1
2020-04-28,15:51:10.570000,10620,10622,10622,2
2020-04-28,15:51:10.577000,10620,10622,10622,1
2020-04-28,15:51:10.715000,10620,10622,10622,1
2020-04-28,15:51:10.770000,10620,10622,10622,1
2020-04-28,15:51:11.891000,10621,10622,10621,1
2020-04-28,15:51:14.423000,10621,10622,10622,7
2020-04-28,15:51:14.811000,10621,10622,10622,1
2020-04-28,15:51:14.812000,10621,10622,10622,1
2020-04-28,15:51:14.912000,10621,10622,10622,2
2020-04-28,15:51:15.014000,10621,10622,10622,2
2020-04-28,15:51:15.091000,10621,10622,10622,1
2020-04-28,15:51:15.115000,10621,10622,10623,3
2020-04-28,15:51:15.119000,10621,10622,10623,1
2020-04-28,15:51:15.159000,10621,10623,10623,1
2020-04-28,15:51:15.216000,10621,10623,10623,2
2020-04-28,15:51:15.317000,10621,10623,10623,1
2020-04-28,15:51:15.340000,10621,10623,10623,1
2020-04-28,15:51:15.388000,10621,10623,10623,1
2020-04-28,15:51:15.395000,10621,10623,10623,1
2020-04-28,15:51:15.436000,10621,10623,10623,3
2020-04-28,15:51:15.542000,10622,10623,10623,1
2020-04-28,15:51:15.542000,10622,10623,10623,2
2020-04-28,15:51:15.933000,10622,10623,10622,1
2020-04-28,15:51:17.998000,10622,10623,10622,1
2020-04-28,15:51:19.202000,10621,10622,10622,1
2020-04-28,15:51:19.924000,10621,10622,10622,2
2020-04-28,15:51:20.878000,10621,10623,10623,1
2020-04-28,15:51:22.783000,10622,10623,10622,1
2020-04-28,15:51:24.412000,10621,10622,10622,1
2020-04-28,15:51:24.935000,10621,10622,10622,2
2020-04-28,15:51:25.518000,10621,10623,10623,1
2020-04-28,15:51:28.042000,10622,10623,10623,1
2020-04-28,15:51:28.886000,10622,10623,10622,1
2020-04-28,15:51:32.716000,10622,10623,10622,1
2020-04-28,15:51:33.895000,10622,10623,10622,1
2020-04-28,15:51:35.170000,10622,10623,10622,3
2020-04-28,15:51:35.202000,10622,10623,10622,5
2020-04-28,15:51:36.813000,10622,10623,10622,1
2020-04-28,15:51:37.894000,10622,10623,10623,1
2020-04-28,15:51:44.844000,10622,10623,10623,1
2020-04-28,15:51:49.917000,10622,10623,10623,15
2020-04-28,15:51:50.434000,10622,10623,10622,1
2020-04-28,15:51:50.941000,10622,10623,10623,1
2020-04-28,15:51:51.550000,10622,10623,10622,5
2020-04-28,15:51:52.662000,10622,10623,10622,1
2020-04-28,15:51:53.917000,10622,10623,10622,1
2020-04-28,15:51:55.132000,10622,10623,10623,1
2020-04-28,15:51:58.647000,10622,10623,10622,1
2020-04-28,15:51:59.430000,10621,10622,10621,3
2020-04-28,15:52:15.766000,10621,10622,10622,2
2020-04-28,15:52:16.223000,10621,10622,10621,1
2020-04-28,15:52:18.463000,10620,10621,10621,1
2020-04-28,15:52:20.711000,10620,10621,10620,1
2020-04-28,15:52:20.937000,10620,10621,10621,2
2020-04-28,15:52:22.307000,10620,10621,10621,1
2020-04-28,15:52:29.072000,10620,10621,10621,1
2020-04-28,15:52:31.747000,10620,10621,10621,6
2020-04-28,15:52:34.168000,10620,10621,10621,1
2020-04-28,15:52:34.560000,10620,10621,10621,2
2020-04-28,15:52:34.612000,10620,10621,10621,1
2020-04-28,15:52:36.152000,10620,10621,10621,1
2020-04-28,15:52:37.087000,10620,10622,10622,2
2020-04-28,15:52:38.543000,10620,10622,10622,1
2020-04-28,15:52:41.425000,10621,10622,10621,1
2020-04-28,15:52:45.886000,10621,10622,10622,1
2020-04-28,15:52:46.600000,10621,10622,10621,1
2020-04-28,15:52:47.281000,10621,10622,10622,2
2020-04-28,15:52:47.281000,10621,10622,10622,1
2020-04-28,15:52:48.811000,10622,10623,10622,1
2020-04-28,15:52:49.393000,10621,10623,10623,1
2020-04-28,15:52:51.933000,10622,10623,10623,1
2020-04-28,15:52:53.522000,10622,10623,10623,2
2020-04-28,15:52:53.523000,10622,10623,10623,1
2020-04-28,15:52:53.528000,10622,10623,10623,1
2020-04-28,15:52:53.532000,10622,10623,10623,5
2020-04-28,15:52:53.914000,10623,10624,10623,1
2020-04-28,15:52:55.659000,10623,10624,10623,1
2020-04-28,15:52:59.670000,10622,10623,10623,3
2020-04-28,15:52:59.670000,10622,10623,10624,2
2020-04-28,15:52:59.853000,10622,10623,10623,1
2020-04-28,15:52:59.927000,10622,10623,10623,4
2020-04-28,15:53:00.177000,10622,10623,10623,1
2020-04-28,15:53:00.396000,10622,10623,10623,1
2020-04-28,15:53:02.643000,10623,10624,10623,1
2020-04-28,15:53:03.632000,10622,10623,10623,1
2020-04-28,15:53:04.210000,10622,10623,10623,1
2020-04-28,15:53:05.254000,10622,10623,10623,5
2020-04-28,15:53:05.491000,10622,10623,10622,2
2020-04-28,15:53:05.492000,10622,10623,10622,2
2020-04-28,15:53:05.536000,10621,10622,10622,1
2020-04-28,15:53:05.893000,10621,10622,10622,1
2020-04-28,15:53:07.808000,10621,10622,10622,1
2020-04-28,15:53:21.164000,10622,10623,10623,1
2020-04-28,15:53:21.204000,10622,10623,10622,1
2020-04-28,15:53:27.677000,10622,10623,10622,4
2020-04-28,15:53:38.924000,10621,10622,10622,1
2020-04-28,15:53:42.191000,10621,10622,10622,1
2020-04-28,15:53:47.238000,10621,10622,10621,2
2020-04-28,15:53:47.238000,10621,10622,10621,11
2020-04-28,15:53:47.247000,10621,10622,10621,1
2020-04-28,15:53:51.516000,10620,10621,10621,1
2020-04-28,15:53:57.485000,10620,10621,10620,1
2020-04-28,15:53:59.539000,10620,10621,10621,1
2020-04-28,15:54:03.706000,10620,10621,10620,11
2020-04-28,15:54:03.706000,10620,10621,10620,3
2020-04-28,15:54:03.706000,10620,10621,10620,4
2020-04-28,15:54:04.056000,10619,10621,10621,2
2020-04-28,15:54:04.096000,10619,10621,10621,1
2020-04-28,15:54:04.148000,10619,10621,10621,1
2020-04-28,15:54:04.186000,10620,10622,10622,2
2020-04-28,15:54:04.435000,10620,10622,10622,1
2020-04-28,15:54:07.467000,10621,10622,10622,1
2020-04-28,15:54:12.411000,10622,10623,10622,1
2020-04-28,15:54:17.942000,10621,10622,10622,2
2020-04-28,15:54:19.979000,10621,10622,10622,1
2020-04-28,15:54:22.827000,10622,10623,10623,1
2020-04-28,15:54:24.040000,10622,10624,10624,4
2020-04-28,15:54:26.217000,10623,10624,10623,1
2020-04-28,15:54:28.014000,10623,10624,10624,1
2020-04-28,15:54:28.014000,10623,10624,10624,3
2020-04-28,15:54:28.014000,10623,10624,10624,5
2020-04-28,15:54:28.014000,10623,10624,10624,1
2020-04-28,15:54:28.345000,10624,10625,10624,1
2020-04-28,15:54:29.317000,10624,10625,10624,2
2020-04-28,15:54:29.486000,10624,10625,10625,1
2020-04-28,15:54:29.572000,10624,10625,10625,2
2020-04-28,15:54:29.701000,10624,10625,10625,1
2020-04-28,15:54:30.087000,10624,10625,10625,1
2020-04-28,15:54:30.125000,10624,10625,10625,2
2020-04-28,15:54:30.576000,10624,10625,10625,1
2020-04-28,15:54:30.619000,10624,10625,10625,1
2020-04-28,15:54:30.634000,10624,10625,10625,2
2020-04-28,15:54:30.634000,10624,10625,10625,9
2020-04-28,15:54:30.635000,10624,10625,10625,1
2020-04-28,15:54:30.635000,10624,10625,10625,10
2020-04-28,15:54:30.635000,10624,10625,10625,10
2020-04-28,15:54:34.433000,10624,10625,10624,1
2020-04-28,15:54:34.794000,10623,10624,10623,1
2020-04-28,15:54:34.955000,10623,10624,10624,1
2020-04-28,15:54:35.213000,10623,10624,10624,1
2020-04-28,15:54:37.943000,10623,10624,10624,1
2020-04-28,15:54:38.357000,10623,10624,10624,1
2020-04-28,15:54:40.092000,10623,10624,10624,8
2020-04-28,15:54:40.483000,10623,10624,10624,1
2020-04-28,15:54:41.309000,10623,10625,10625,3
2020-04-28,15:54:42.981000,10624,10625,10625,2
2020-04-28,15:54:43.598000,10624,10625,10625,1
2020-04-28,15:54:43.955000,10624,10626,10626,1
2020-04-28,15:54:44.046000,10624,10626,10626,1
2020-04-28,15:54:44.493000,10624,10626,10626,1
2020-04-28,15:54:46.105000,10625,10626,10626,1
2020-04-28,15:54:47.298000,10625,10626,10626,1
2020-04-28,15:54:47.837000,10625,10626,10626,1
2020-04-28,15:54:53.322000,10625,10626,10625,4
2020-04-28,15:54:53.705000,10624,10625,10625,1
2020-04-28,15:54:55.245000,10624,10625,10625,1
2020-04-28,15:54:57.533000,10624,10625,10625,1
2020-04-28,15:55:06.009000,10625,10626,10625,1
2020-04-28,15:55:06.656000,10625,10626,10626,1
2020-04-28,15:55:07.245000,10625,10626,10625,1
2020-04-28,15:55:07.316000,10625,10626,10626,1
2020-04-28,15:55:11.094000,10625,10626,10625,1
2020-04-28,15:55:11.726000,10625,10626,10625,4
2020-04-28,15:55:11.995000,10624,10625,10625,3
2020-04-28,15:55:16.358000,10624,10625,10624,21
2020-04-28,15:55:16.657000,10623,10624,10623,1
2020-04-28,15:55:17.966000,10623,10624,10623,1
2020-04-28,15:55:20.874000,10623,10624,10623,1
2020-04-28,15:55:21.176000,10623,10624,10624,1
2020-04-28,15:55:22.240000,10623,10624,10624,2
2020-04-28,15:55:22.240000,10623,10624,10625,4
2020-04-28,15:55:22.243000,10623,10624,10624,1
2020-04-28,15:55:22.256000,10623,10624,10624,1
2020-04-28,15:55:25.242000,10623,10625,10624,1
2020-04-28,15:55:29.400000,10624,10625,10624,3
2020-04-28,15:55:30.430000,10624,10625,10624,1
2020-04-28,15:55:33.892000,10623,10624,10624,1
2020-04-28,15:55:34.834000,10623,10624,10623,1
2020-04-28,15:55:38.232000,10623,10624,10623,1
2020-04-28,15:55:39.524000,10623,10624,10623,3
2020-04-28,15:55:40.135000,10623,10624,10623,7
2020-04-28,15:55:41.285000,10622,10623,10622,2
2020-04-28,15:55:45.963000,10621,10623,10621,2
2020-04-28,15:55:46.086000,10621,10623,10621,12
2020-04-28,15:55:46.238000,10621,10622,10622,1
2020-04-28,15:55:46.694000,10620,10622,10620,1
2020-04-28,15:55:47.030000,10620,10622,10622,1
2020-04-28,15:55:54.456000,10621,10622,10622,1
2020-04-28,15:55:55.303000,10622,10624,10622,1
2020-04-28,15:55:57.195000,10622,10624,10622,1
2020-04-28,15:56:13.752000,10621,10623,10621,1
2020-04-28,15:56:25.861000,10622,10623,10623,1
2020-04-28,15:56:25.909000,10622,10624,10624,1
2020-04-28,15:56:31.720000,10622,10623,10623,3
2020-04-28,15:56:31.958000,10622,10623,10622,3
2020-04-28,15:56:35.270000,10623,10624,10623,4
2020-04-28,15:56:35.270000,10623,10624,10622,1
2020-04-28,15:56:36.528000,10622,10624,10624,1
2020-04-28,15:56:37.813000,10623,10624,10623,1
2020-04-28,15:56:38.306000,10623,10624,10624,4
2020-04-28,15:56:40.540000,10623,10624,10624,3
2020-04-28,15:56:45.638000,10624,10625,10624,1
2020-04-28,15:56:49.234000,10624,10625,10624,2
2020-04-28,15:56:51.515000,10624,10625,10625,10
2020-04-28,15:56:53.586000,10624,10626,10624,5
2020-04-28,15:56:54.442000,10624,10625,10625,1
2020-04-28,15:56:58.997000,10624,10625,10625,1
2020-04-28,15:56:59.125000,10624,10625,10625,1
2020-04-28,15:57:00.828000,10624,10625,10625,2
2020-04-28,15:57:01.599000,10624,10626,10626,1
2020-04-28,15:57:01.788000,10624,10626,10626,1
2020-04-28,15:57:02.748000,10624,10626,10626,1
2020-04-28,15:57:03.264000,10624,10626,10625,1
2020-04-28,15:57:03.446000,10624,10625,10624,1
2020-04-28,15:57:06.352000,10624,10625,10624,1
2020-04-28,15:57:06.352000,10624,10625,10624,1
2020-04-28,15:57:06.953000,10623,10624,10624,1
2020-04-28,15:57:07.426000,10623,10624,10624,2
2020-04-28,15:57:09.157000,10623,10624,10623,9
2020-04-28,15:57:09.157000,10623,10624,10623,2
2020-04-28,15:57:12.036000,10622,10623,10623,1
2020-04-28,15:57:13.079000,10622,10623,10623,1
2020-04-28,15:57:18.717000,10623,10624,10624,1
2020-04-28,15:57:26.925000,10624,10625,10624,1
2020-04-28,15:57:29.065000,10624,10625,10624,1
2020-04-28,15:57:36.052000,10624,10625,10624,5
2020-04-28,15:57:37.718000,10623,10624,10624,1
2020-04-28,15:57:38.599000,10623,10625,10624,1
2020-04-28,15:57:39.339000,10623,10624,10624,1
2020-04-28,15:57:40.380000,10623,10624,10624,1
2020-04-28,15:57:41.624000,10623,10624,10623,2
2020-04-28,15:57:41.624000,10623,10624,10623,1
2020-04-28,15:57:43.103000,10622,10623,10623,1
2020-04-28,15:57:43.527000,10622,10623,10623,1
2020-04-28,15:57:44.235000,10622,10623,10623,1
2020-04-28,15:57:49.813000,10623,10624,10623,1
2020-04-28,15:57:53.937000,10622,10624,10624,3
2020-04-28,15:57:55.957000,10622,10624,10624,2
2020-04-28,15:57:56.723000,10623,10624,10623,1
2020-04-28,15:57:57.668000,10622,10624,10624,1
2020-04-28,15:58:01.083000,10622,10623,10623,2
2020-04-28,15:58:04.178000,10622,10623,10622,2
2020-04-28,15:58:04.178000,10622,10623,10622,4
2020-04-28,15:58:06.034000,10622,10623,10623,1
2020-04-28,15:58:07.068000,10623,10624,10623,1
2020-04-28,15:58:09.343000,10621,10623,10621,1
2020-04-28,15:58:18.530000,10622,10623,10622,1
2020-04-28,15:58:24.969000,10621,10622,10622,4
2020-04-28,15:58:24.969000,10621,10622,10623,1
2020-04-28,15:58:27.703000,10621,10623,10621,1
2020-04-28,15:58:34.062000,10621,10622,10622,1
