2024-10-14 15:00:00.045,23047,23049,23050,124,124
2024-10-14 15:00:00.046,23049,23051,23049,1,-1
2024-10-14 15:00:00.067,23049,23051,23047,1,-1
2024-10-14 15:00:00.067,23049,23051,23045,1,-1
2024-10-14 15:00:00.078,23043,23051,23051,3,3
2024-10-14 15:00:00.085,23043,23051,23051,1,1
2024-10-14 15:00:00.110,23043,23052,23051,2,2
2024-10-14 15:00:00.111,23043,23052,23051,1,1
2024-10-14 15:00:00.160,23043,23052,23051,1,1
2024-10-14 15:00:00.160,23043,23052,23052,1,1
2024-10-14 15:00:00.160,23043,23052,23052,6,6
2024-10-14 15:00:00.177,23043,23053,23052,1,1
2024-10-14 15:00:00.234,23043,23053,23053,2,2
2024-10-14 15:00:00.234,23043,23053,23052,2,2
2024-10-14 15:00:00.241,23043,23053,23053,1,1
2024-10-14 15:00:00.275,23043,23053,23053,1,1
2024-10-14 15:00:00.275,23043,23053,23054,1,1
2024-10-14 15:00:00.280,23043,23053,23054,1,1
2024-10-14 15:00:00.290,23043,23054,23043,1,-1
2024-10-14 15:00:00.327,23043,23054,23054,11,11
2024-10-14 15:00:00.347,23043,23054,23054,2,2
2024-10-14 15:00:00.347,23043,23054,23055,1,1
2024-10-14 15:00:00.356,23043,23054,23055,2,2
2024-10-14 15:00:00.368,23043,23054,23055,2,2
2024-10-14 15:00:00.368,23043,23054,23056,1,1
2024-10-14 15:00:00.384,23043,23054,23056,1,1
2024-10-14 15:00:00.396,23043,23054,23056,1,1
2024-10-14 15:00:00.407,23043,23054,23056,1,1
2024-10-14 15:00:00.407,23043,23054,23057,2,2
2024-10-14 15:00:00.407,23043,23054,23058,7,7
2024-10-14 15:00:00.407,23043,23054,23059,1,1
2024-10-14 15:00:00.423,23041,23059,23059,1,1
2024-10-14 15:00:00.423,23041,23059,23060,10,10
2024-10-14 15:00:00.479,23041,23059,23059,1,1
2024-10-14 15:00:00.479,23041,23059,23055,1,1
2024-10-14 15:00:00.483,23041,23059,23059,1,1
2024-10-14 15:00:00.486,23041,23059,23060,1,1
2024-10-14 15:00:00.487,23041,23059,23060,1,1
2024-10-14 15:00:00.487,23041,23059,23054,1,1
2024-10-14 15:00:00.543,23054,23060,23060,1,1
2024-10-14 15:00:00.606,23054,23060,23061,2,2
2024-10-14 15:00:00.626,23054,23060,23061,1,1
2024-10-14 15:00:00.651,23054,23060,23061,3,3
2024-10-14 15:00:00.656,23054,23060,23062,1,1
2024-10-14 15:00:00.660,23054,23060,23062,2,2
2024-10-14 15:00:00.663,23054,23060,23062,1,1
2024-10-14 15:00:00.666,23059,23063,23063,1,1
2024-10-14 15:00:00.681,23059,23063,23064,1,1
2024-10-14 15:00:00.683,23059,23063,23064,1,1
2024-10-14 15:00:00.692,23059,23063,23065,1,1
2024-10-14 15:00:00.701,23059,23063,23065,2,2
2024-10-14 15:00:00.714,23059,23063,23066,1,1
2024-10-14 15:00:00.717,23059,23063,23066,1,1
2024-10-14 15:00:00.726,23059,23063,23066,1,1
2024-10-14 15:00:00.749,23059,23063,23066,1,1
2024-10-14 15:00:00.778,23059,23063,23066,3,3
2024-10-14 15:00:00.796,23059,23066,23066,1,1
2024-10-14 15:00:00.805,23059,23066,23066,1,1
2024-10-14 15:00:00.820,23059,23066,23066,1,1
2024-10-14 15:00:00.820,23059,23066,23067,1,1
2024-10-14 15:00:00.826,23059,23066,23059,1,-1
2024-10-14 15:00:00.917,23060,23066,23066,1,1
2024-10-14 15:00:00.952,23060,23066,23066,1,1
2024-10-14 15:00:00.953,23060,23066,23067,2,2
2024-10-14 15:00:00.965,23060,23066,23067,1,1
2024-10-14 15:00:00.969,23060,23066,23067,1,1
2024-10-14 15:00:00.987,23060,23066,23067,1,1
2024-10-14 15:00:00.991,23060,23066,23067,4,4
2024-10-14 15:00:01.000,23060,23066,23067,3,3
2024-10-14 15:00:01.017,23060,23066,23067,1,1
2024-10-14 15:00:01.020,23060,23066,23067,1,1
2024-10-14 15:00:01.035,23060,23066,23067,1,1
2024-10-14 15:00:01.035,23060,23066,23067,1,1
2024-10-14 15:00:01.048,23060,23067,23067,1,1
2024-10-14 15:00:01.049,23060,23067,23067,1,1
2024-10-14 15:00:01.085,23060,23067,23060,1,-1
2024-10-14 15:00:01.125,23060,23067,23068,1,1
2024-10-14 15:00:01.133,23060,23067,23068,1,1
2024-10-14 15:00:01.176,23060,23068,23068,1,1
2024-10-14 15:00:01.544,23060,23067,23063,1,-1
2024-10-14 15:00:01.607,23060,23067,23063,1,-1
2024-10-14 15:00:01.608,23060,23067,23059,1,-1
2024-10-14 15:00:01.608,23060,23067,23060,1,-1
2024-10-14 15:00:01.734,23059,23065,23059,1,-1
2024-10-14 15:00:01.734,23059,23065,23054,10,-10
2024-10-14 15:00:01.926,23052,23059,23059,1,1
2024-10-14 15:00:01.926,23052,23059,23060,1,1
2024-10-14 15:00:01.962,23052,23059,23053,1,-1
2024-10-14 15:00:02.026,23052,23059,23061,1,1
2024-10-14 15:00:02.051,23052,23062,23062,1,1
2024-10-14 15:00:02.106,23052,23062,23063,1,1
2024-10-14 15:00:02.119,23052,23062,23059,1,1
2024-10-14 15:00:02.321,23052,23062,23062,1,1
2024-10-14 15:00:02.535,23053,23062,23060,1,1
2024-10-14 15:00:02.667,23055,23059,23059,2,2
2024-10-14 15:00:02.693,23055,23059,23057,1,1
2024-10-14 15:00:03.465,23053,23057,23057,1,1
2024-10-14 15:00:03.564,23053,23058,23057,1,1
2024-10-14 15:00:03.567,23053,23058,23057,1,1
2024-10-14 15:00:03.697,23053,23057,23058,1,1
2024-10-14 15:00:03.697,23053,23057,23059,2,2
2024-10-14 15:00:03.697,23053,23057,23060,1,1
2024-10-14 15:00:03.724,23053,23057,23060,4,4
2024-10-14 15:00:03.728,23053,23057,23061,1,1
2024-10-14 15:00:03.728,23053,23057,23062,3,3
2024-10-14 15:00:03.728,23053,23057,23063,4,4
2024-10-14 15:00:03.728,23053,23057,23064,4,4
2024-10-14 15:00:03.962,23058,23062,23058,1,-1
2024-10-14 15:00:04.155,23057,23060,23054,2,-2
2024-10-14 15:00:04.155,23057,23060,23054,1,-1
2024-10-14 15:00:04.155,23057,23060,23056,1,-1
2024-10-14 15:00:04.155,23057,23060,23055,1,-1
2024-10-14 15:00:04.321,23053,23059,23057,2,2
2024-10-14 15:00:04.487,23053,23059,23059,1,1
2024-10-14 15:00:04.746,23054,23059,23054,1,-1
2024-10-14 15:00:05.228,23054,23056,23054,1,-1
2024-10-14 15:00:05.813,23051,23055,23051,1,-1
2024-10-14 15:00:06.011,23050,23055,23055,1,1
2024-10-14 15:00:06.013,23050,23055,23056,1,1
2024-10-14 15:00:06.383,23054,23057,23054,2,-2
2024-10-14 15:00:06.383,23054,23057,23053,2,-2
2024-10-14 15:00:06.383,23054,23057,23053,2,-2
2024-10-14 15:00:06.384,23054,23057,23052,1,-1
2024-10-14 15:00:06.384,23054,23057,23052,1,-1
2024-10-14 15:00:06.430,23051,23054,23051,3,-3
2024-10-14 15:00:06.440,23051,23054,23050,1,-1
2024-10-14 15:00:07.028,23050,23053,23050,1,-1
2024-10-14 15:00:08.681,23051,23054,23051,1,-1
2024-10-14 15:00:09.541,23051,23053,23053,1,1
2024-10-14 15:00:11.186,23052,23054,23054,1,1
2024-10-14 15:00:11.189,23052,23054,23056,2,2
2024-10-14 15:00:11.898,23053,23057,23054,1,-1
2024-10-14 15:00:12.082,23054,23057,23054,1,-1
2024-10-14 15:00:15.519,23056,23059,23056,1,-1
2024-10-14 15:00:15.601,23055,23058,23055,1,-1
2024-10-14 15:00:16.459,23055,23057,23055,1,-1
2024-10-14 15:00:16.651,23055,23057,23055,1,-1
2024-10-14 15:00:17.791,23054,23055,23054,1,-1
2024-10-14 15:00:17.791,23054,23055,23054,1,-1
2024-10-14 15:00:18.262,23052,23056,23055,1,1
2024-10-14 15:00:18.949,23052,23055,23052,1,-1
2024-10-14 15:00:21.069,23051,23053,23053,1,1
2024-10-14 15:00:24.511,23051,23054,23051,6,-6
2024-10-14 15:00:24.511,23051,23054,23050,4,-4
2024-10-14 15:00:24.605,23050,23052,23052,1,1
2024-10-14 15:00:24.981,23050,23053,23053,1,1
2024-10-14 15:00:25.215,23050,23052,23052,1,1
2024-10-14 15:00:26.481,23050,23053,23050,1,-1
2024-10-14 15:00:26.488,23050,23053,23050,1,-1
2024-10-14 15:00:26.488,23050,23053,23050,1,-1
2024-10-14 15:00:26.713,23050,23052,23050,1,-1
2024-10-14 15:00:26.914,23050,23052,23050,2,-2
2024-10-14 15:00:26.914,23050,23052,23050,1,-1
2024-10-14 15:00:27.238,23049,23051,23049,1,-1
2024-10-14 15:00:27.238,23049,23051,23048,2,-2
2024-10-14 15:00:27.238,23049,23051,23047,2,-2
2024-10-14 15:00:27.244,23049,23051,23050,1,-1
2024-10-14 15:00:27.369,23048,23050,23051,1,1
2024-10-14 15:00:29.334,23048,23050,23048,1,-1
2024-10-14 15:00:29.525,23047,23050,23050,1,1
2024-10-14 15:00:29.736,23047,23050,23050,2,2
2024-10-14 15:00:29.956,23048,23051,23051,1,1
2024-10-14 15:00:32.000,23047,23050,23050,1,1
2024-10-14 15:00:32.606,23048,23051,23050,1,1
2024-10-14 15:00:33.821,23048,23051,23051,1,1
2024-10-14 15:00:33.877,23048,23051,23050,5,5
2024-10-14 15:00:34.942,23048,23049,23048,1,-1
2024-10-14 15:00:38.107,23047,23048,23047,1,-1
2024-10-14 15:00:38.267,23045,23047,23047,1,1
2024-10-14 15:00:38.369,23045,23047,23047,1,1
2024-10-14 15:00:39.130,23045,23048,23048,1,1
2024-10-14 15:00:40.010,23045,23048,23047,1,1
2024-10-14 15:00:40.268,23045,23047,23047,1,1
2024-10-14 15:00:40.329,23046,23048,23048,2,2
2024-10-14 15:00:42.617,23046,23048,23048,7,7
2024-10-14 15:00:42.617,23046,23048,23049,1,1
2024-10-14 15:00:42.888,23049,23050,23049,1,-1
2024-10-14 15:00:43.050,23048,23050,23048,3,-3
2024-10-14 15:00:43.050,23048,23050,23047,1,-1
2024-10-14 15:00:45.002,23046,23049,23049,1,1
2024-10-14 15:00:47.739,23047,23049,23047,2,-2
2024-10-14 15:00:47.739,23047,23049,23046,3,-3
2024-10-14 15:00:50.854,23047,23049,23049,1,1
2024-10-14 15:00:51.007,23047,23049,23047,1,-1
2024-10-14 15:00:51.034,23047,23049,23049,1,1
2024-10-14 15:00:51.329,23047,23049,23047,4,-4
2024-10-14 15:00:51.329,23047,23049,23046,1,-1
2024-10-14 15:00:51.375,23047,23049,23049,1,1
2024-10-14 15:00:51.846,23046,23049,23049,1,1
2024-10-14 15:00:53.630,23046,23048,23048,1,1
2024-10-14 15:00:54.160,23047,23049,23049,1,1
2024-10-14 15:00:55.501,23048,23050,23050,1,1
2024-10-14 15:00:55.501,23048,23050,23050,2,2
2024-10-14 15:00:55.686,23048,23051,23051,1,1
2024-10-14 15:00:55.992,23049,23051,23049,1,-1
2024-10-14 15:00:56.508,23049,23051,23051,1,1
2024-10-14 15:00:56.544,23049,23051,23051,3,3
2024-10-14 15:00:56.544,23049,23051,23051,3,3
2024-10-14 15:00:57.113,23050,23052,23052,2,2
2024-10-14 15:00:57.113,23050,23052,23052,2,2
2024-10-14 15:00:57.642,23051,23053,23053,1,1
2024-10-14 15:00:57.679,23051,23053,23051,1,-1
2024-10-14 15:00:58.183,23051,23053,23053,1,1
2024-10-14 15:00:59.629,23049,23051,23049,1,-1
2024-10-14 15:00:59.855,23047,23050,23050,1,1
2024-10-14 15:01:00.034,23048,23051,23050,2,2
2024-10-14 15:01:00.040,23047,23050,23050,2,2
2024-10-14 15:01:00.053,23047,23050,23048,1,-1
2024-10-14 15:01:00.054,23047,23050,23048,1,-1
2024-10-14 15:01:00.055,23047,23050,23046,1,-1
2024-10-14 15:01:00.056,23047,23050,23046,1,-1
2024-10-14 15:01:00.056,23047,23050,23045,1,-1
2024-10-14 15:01:00.056,23047,23050,23045,1,-1
2024-10-14 15:01:00.057,23047,23050,23045,1,-1
2024-10-14 15:01:00.084,23047,23050,23044,1,-1
2024-10-14 15:01:00.110,23047,23050,23047,1,-1
2024-10-14 15:01:00.110,23047,23050,23048,1,-1
2024-10-14 15:01:00.292,23044,23047,23047,1,1
2024-10-14 15:01:00.295,23044,23047,23048,1,1
2024-10-14 15:01:00.309,23044,23047,23048,1,1
2024-10-14 15:01:00.330,23044,23047,23046,3,3
2024-10-14 15:01:00.746,23045,23048,23045,2,-2
2024-10-14 15:01:00.948,23044,23046,23044,3,-3
2024-10-14 15:01:01.053,23044,23046,23044,2,-2
2024-10-14 15:01:01.274,23043,23045,23044,1,-1
2024-10-14 15:01:01.275,23043,23045,23045,1,1
2024-10-14 15:01:01.432,23044,23046,23046,1,1
2024-10-14 15:01:01.490,23044,23046,23046,1,1
2024-10-14 15:01:02.124,23044,23046,23047,3,3
2024-10-14 15:01:02.124,23044,23046,23048,1,1
2024-10-14 15:01:02.124,23044,23046,23046,1,1
2024-10-14 15:01:02.566,23045,23048,23048,1,1
2024-10-14 15:01:02.694,23045,23048,23048,2,2
2024-10-14 15:01:03.308,23046,23048,23046,1,-1
2024-10-14 15:01:04.124,23044,23047,23044,1,-1
2024-10-14 15:01:04.125,23044,23047,23043,1,-1
2024-10-14 15:01:04.126,23044,23047,23043,3,-3
2024-10-14 15:01:04.400,23042,23045,23043,1,-1
2024-10-14 15:01:04.401,23042,23045,23045,1,1
2024-10-14 15:01:05.108,23042,23045,23043,1,-1
2024-10-14 15:01:06.269,23043,23045,23043,1,-1
2024-10-14 15:01:07.881,23042,23045,23042,6,-6
2024-10-14 15:01:09.927,23042,23043,23042,3,-3
2024-10-14 15:01:10.093,23042,23043,23043,1,1
2024-10-14 15:01:10.094,23042,23043,23043,1,1
2024-10-14 15:01:11.382,23042,23045,23042,3,-3
2024-10-14 15:01:11.723,23043,23045,23045,2,2
2024-10-14 15:01:13.188,23042,23045,23045,2,2
2024-10-14 15:01:14.138,23044,23045,23044,1,-1
2024-10-14 15:01:14.968,23042,23045,23043,1,-1
2024-10-14 15:01:16.542,23043,23044,23043,1,-1
2024-10-14 15:01:21.840,23043,23045,23043,1,-1
2024-10-14 15:01:23.198,23043,23045,23043,1,-1
2024-10-14 15:01:23.288,23043,23045,23043,1,-1
2024-10-14 15:01:23.295,23043,23045,23045,1,1
2024-10-14 15:01:23.598,23043,23045,23045,2,2
2024-10-14 15:01:23.598,23043,23045,23046,3,3
2024-10-14 15:01:24.937,23044,23046,23047,4,4
2024-10-14 15:01:24.937,23044,23046,23046,1,1
2024-10-14 15:01:28.422,23045,23048,23048,3,3
2024-10-14 15:01:29.219,23046,23049,23046,1,-1
2024-10-14 15:01:29.990,23045,23048,23045,1,-1
2024-10-14 15:01:34.370,23045,23046,23045,1,-1
2024-10-14 15:01:35.244,23044,23047,23044,1,-1
2024-10-14 15:01:37.176,23045,23047,23047,1,1
2024-10-14 15:01:38.289,23046,23048,23048,3,3
2024-10-14 15:01:38.289,23046,23048,23048,1,1
2024-10-14 15:01:38.290,23047,23049,23049,3,3
2024-10-14 15:01:38.291,23047,23049,23049,1,1
2024-10-14 15:01:38.291,23047,23049,23049,2,2
2024-10-14 15:01:38.326,23047,23049,23050,4,4
2024-10-14 15:01:38.327,23047,23049,23050,1,1
2024-10-14 15:01:38.352,23047,23049,23049,1,1
2024-10-14 15:01:38.740,23049,23051,23048,1,-1
2024-10-14 15:01:42.053,23047,23050,23047,1,-1
2024-10-14 15:01:42.399,23047,23050,23050,1,1
2024-10-14 15:01:43.360,23048,23050,23050,1,1
2024-10-14 15:01:43.360,23048,23050,23051,1,1
2024-10-14 15:01:43.361,23048,23050,23051,1,1
2024-10-14 15:01:43.582,23050,23052,23052,2,2
2024-10-14 15:01:43.583,23050,23052,23052,1,1
2024-10-14 15:01:43.583,23050,23052,23053,2,2
2024-10-14 15:01:43.709,23050,23053,23050,1,-1
2024-10-14 15:01:43.967,23049,23052,23047,4,-4
2024-10-14 15:01:43.967,23049,23052,23048,6,-6
2024-10-14 15:01:43.967,23049,23052,23049,5,-5
2024-10-14 15:01:44.915,23047,23050,23050,1,1
2024-10-14 15:01:45.686,23047,23049,23047,1,-1
2024-10-14 15:01:45.837,23045,23048,23048,1,1
2024-10-14 15:01:45.938,23045,23048,23048,1,1
2024-10-14 15:01:54.637,23045,23047,23045,1,-1
2024-10-14 15:01:54.638,23045,23047,23045,3,-3
2024-10-14 15:02:00.014,23045,23047,23047,1,1
2024-10-14 15:02:00.049,23045,23047,23047,1,1
2024-10-14 15:02:00.309,23046,23048,23046,1,-1
2024-10-14 15:02:00.374,23046,23048,23046,1,-1
2024-10-14 15:02:00.374,23046,23048,23045,4,-4
2024-10-14 15:02:00.736,23044,23047,23047,2,2
2024-10-14 15:02:00.981,23044,23047,23047,2,2
2024-10-14 15:02:01.130,23045,23048,23048,2,2
2024-10-14 15:02:07.013,23044,23047,23044,5,-5
2024-10-14 15:02:07.014,23044,23047,23044,1,-1
2024-10-14 15:02:08.540,23044,23046,23044,1,-1
2024-10-14 15:02:08.633,23044,23046,23044,1,-1
2024-10-14 15:02:10.063,23044,23045,23044,3,-3
2024-10-14 15:02:10.063,23044,23045,23043,2,-2
2024-10-14 15:02:10.605,23043,23044,23044,1,1
2024-10-14 15:02:14.863,23043,23045,23043,1,-1
2024-10-14 15:02:14.863,23043,23045,23043,1,-1
2024-10-14 15:02:19.612,23042,23045,23043,1,-1
2024-10-14 15:02:21.951,23043,23045,23040,13,-13
2024-10-14 15:02:21.951,23043,23045,23041,15,-15
2024-10-14 15:02:21.951,23043,23045,23043,1,-1
2024-10-14 15:02:21.951,23043,23045,23042,6,-6
2024-10-14 15:02:22.458,23041,23042,23041,1,-1
2024-10-14 15:02:23.514,23040,23041,23042,1,1
2024-10-14 15:02:23.976,23040,23042,23040,1,-1
2024-10-14 15:02:23.976,23040,23042,23039,1,-1
2024-10-14 15:02:28.677,23042,23045,23042,3,-3
2024-10-14 15:02:29.489,23043,23045,23043,2,-2
2024-10-14 15:02:30.091,23043,23045,23043,1,-1
2024-10-14 15:02:30.182,23043,23045,23044,2,-2
2024-10-14 15:02:30.430,23043,23045,23043,1,-1
2024-10-14 15:02:30.794,23043,23045,23043,1,-1
2024-10-14 15:02:32.329,23043,23044,23043,2,-2
2024-10-14 15:02:32.329,23043,23044,23043,1,-1
2024-10-14 15:02:32.476,23041,23044,23041,1,-1
2024-10-14 15:02:32.816,23041,23043,23043,1,1
2024-10-14 15:02:32.956,23041,23044,23041,3,-3
2024-10-14 15:02:32.956,23041,23044,23040,12,-12
2024-10-14 15:02:32.958,23041,23044,23039,1,-1
2024-10-14 15:02:32.990,23041,23044,23041,1,-1
2024-10-14 15:02:36.741,23039,23041,23039,3,-3
2024-10-14 15:02:37.433,23039,23041,23041,1,1
2024-10-14 15:02:39.860,23039,23042,23042,1,1
2024-10-14 15:02:39.861,23039,23042,23042,3,3
2024-10-14 15:02:40.857,23039,23042,23042,1,1
2024-10-14 15:02:49.291,23039,23042,23039,3,-3
2024-10-14 15:02:52.009,23039,23042,23042,1,1
2024-10-14 15:02:52.633,23040,23043,23041,1,-1
2024-10-14 15:02:57.206,23040,23042,23042,1,1
2024-10-14 15:03:00.050,23041,23043,23041,2,-2
2024-10-14 15:03:00.171,23041,23043,23043,1,1
2024-10-14 15:03:00.344,23042,23043,23042,1,-1
2024-10-14 15:03:01.083,23041,23043,23043,1,1
2024-10-14 15:03:01.084,23041,23043,23044,1,1
2024-10-14 15:03:01.168,23042,23045,23045,1,1
2024-10-14 15:03:01.169,23042,23045,23045,1,1
2024-10-14 15:03:01.740,23043,23045,23043,1,-1
2024-10-14 15:03:01.740,23043,23045,23042,1,-1
2024-10-14 15:03:06.644,23042,23045,23045,1,1
2024-10-14 15:03:08.432,23042,23045,23045,1,1
2024-10-14 15:03:08.544,23042,23045,23045,1,1
2024-10-14 15:03:10.147,23044,23046,23044,3,-3
2024-10-14 15:03:12.433,23043,23045,23044,2,-2
2024-10-14 15:03:14.959,23043,23045,23045,1,1
2024-10-14 15:03:20.443,23044,23045,23044,1,-1
2024-10-14 15:03:22.620,23043,23045,23043,1,-1
2024-10-14 15:03:22.669,23042,23044,23044,1,1
2024-10-14 15:03:22.670,23042,23044,23044,1,1
2024-10-14 15:03:22.670,23042,23044,23045,1,1
2024-10-14 15:03:24.613,23042,23044,23042,1,-1
2024-10-14 15:03:28.546,23039,23041,23039,1,-1
2024-10-14 15:03:37.004,23039,23041,23039,3,-3
2024-10-14 15:03:37.044,23037,23039,23040,1,1
2024-10-14 15:03:37.045,23037,23039,23040,1,1
2024-10-14 15:03:37.078,23037,23039,23041,1,1
2024-10-14 15:03:37.261,23038,23041,23041,1,1
2024-10-14 15:03:37.264,23038,23041,23041,1,1
2024-10-14 15:03:37.277,23038,23041,23042,1,1
2024-10-14 15:03:37.804,23039,23042,23039,1,-1
2024-10-14 15:03:38.989,23039,23042,23039,1,-1
2024-10-14 15:03:38.990,23039,23042,23041,1,1
2024-10-14 15:03:39.044,23039,23042,23042,1,1
2024-10-14 15:03:39.044,23039,23042,23042,1,1
2024-10-14 15:03:39.044,23039,23042,23042,1,1
2024-10-14 15:03:41.981,23038,23041,23038,3,-3
2024-10-14 15:03:43.083,23037,23039,23037,3,-3
2024-10-14 15:03:43.457,23036,23038,23036,1,-1
2024-10-14 15:03:44.912,23036,23037,23036,1,-1
2024-10-14 15:03:44.958,23035,23037,23037,1,1
2024-10-14 15:03:44.960,23035,23037,23037,1,1
2024-10-14 15:03:48.811,23036,23038,23036,1,-1
2024-10-14 15:03:48.811,23036,23038,23036,1,-1
2024-10-14 15:03:48.939,23035,23037,23037,1,1
2024-10-14 15:03:49.760,23035,23037,23037,1,1
2024-10-14 15:03:50.237,23035,23037,23037,2,2
2024-10-14 15:04:02.043,23036,23037,23036,1,-1
2024-10-14 15:04:02.472,23035,23036,23035,10,-10
2024-10-14 15:04:03.458,23033,23034,23033,1,-1
2024-10-14 15:04:04.987,23032,23035,23035,1,1
2024-10-14 15:04:05.214,23032,23035,23032,1,-1
2024-10-14 15:04:06.179,23032,23035,23034,2,2
2024-10-14 15:04:06.183,23032,23035,23035,1,1
2024-10-14 15:04:11.695,23033,23035,23033,1,-1
2024-10-14 15:04:11.695,23033,23035,23032,4,-4
2024-10-14 15:04:14.067,23031,23034,23031,1,-1
2024-10-14 15:04:14.412,23031,23034,23034,2,2
2024-10-14 15:04:26.787,23031,23033,23031,2,-2
2024-10-14 15:04:26.787,23031,23033,23030,3,-3
2024-10-14 15:04:30.429,23030,23034,23032,1,-1
2024-10-14 15:04:30.995,23030,23033,23030,2,-2
2024-10-14 15:04:33.639,23030,23032,23031,1,-1
2024-10-14 15:04:33.661,23030,23032,23030,1,-1
2024-10-14 15:04:36.021,23029,23032,23032,1,1
2024-10-14 15:04:38.924,23030,23033,23033,1,1
2024-10-14 15:04:41.124,23031,23034,23030,2,-2
2024-10-14 15:04:41.124,23031,23034,23031,3,-3
2024-10-14 15:04:42.651,23030,23033,23033,2,2
2024-10-14 15:04:43.852,23030,23033,23033,1,1
2024-10-14 15:04:46.203,23030,23033,23033,1,1
2024-10-14 15:04:49.197,23030,23033,23031,1,-1
2024-10-14 15:04:50.205,23030,23033,23033,1,1
2024-10-14 15:04:55.083,23031,23033,23032,1,1
2024-10-14 15:04:55.120,23031,23033,23033,2,2
2024-10-14 15:04:55.225,23032,23034,23032,2,-2
2024-10-14 15:04:56.173,23031,23033,23033,1,1
2024-10-14 15:04:56.173,23031,23033,23034,1,1
2024-10-14 15:04:59.027,23032,23034,23032,5,-5
2024-10-14 15:05:00.661,23033,23035,23033,1,-1
2024-10-14 15:05:08.740,23030,23033,23030,3,-3
2024-10-14 15:05:14.535,23031,23032,23033,1,1
2024-10-14 15:05:14.764,23031,23033,23031,1,-1
2024-10-14 15:05:14.785,23031,23033,23033,2,2
2024-10-14 15:05:14.932,23032,23034,23032,1,-1
2024-10-14 15:05:15.096,23031,23033,23031,1,-1
2024-10-14 15:05:15.218,23031,23034,23031,2,-2
2024-10-14 15:05:15.218,23031,23034,23030,10,-10
2024-10-14 15:05:15.218,23031,23034,23029,3,-3
2024-10-14 15:05:15.453,23029,23032,23032,1,1
2024-10-14 15:05:16.070,23030,23032,23032,2,2
2024-10-14 15:05:16.689,23031,23033,23031,1,-1
2024-10-14 15:05:16.689,23031,23033,23030,1,-1
2024-10-14 15:05:17.565,23029,23032,23032,2,2
2024-10-14 15:05:19.222,23032,23034,23034,2,2
2024-10-14 15:05:20.717,23030,23033,23033,2,2
2024-10-14 15:05:24.166,23031,23033,23031,3,-3
2024-10-14 15:05:24.300,23029,23030,23029,2,-2
2024-10-14 15:05:24.407,23029,23030,23028,1,-1
2024-10-14 15:05:24.772,23028,23029,23029,1,1
2024-10-14 15:05:24.794,23028,23030,23028,1,-1
2024-10-14 15:05:27.273,23027,23029,23029,2,2
2024-10-14 15:05:28.783,23028,23029,23028,1,-1
2024-10-14 15:05:36.608,23029,23030,23030,1,1
2024-10-14 15:05:36.685,23029,23030,23029,1,-1
2024-10-14 15:05:40.558,23028,23030,23030,1,1
2024-10-14 15:05:40.558,23028,23030,23030,1,1
2024-10-14 15:05:40.755,23029,23032,23029,1,-1
2024-10-14 15:05:41.161,23028,23029,23029,2,2
2024-10-14 15:05:41.162,23028,23029,23029,15,15
2024-10-14 15:05:41.162,23028,23029,23029,1,1
2024-10-14 15:05:41.162,23029,23030,23029,1,-1
2024-10-14 15:05:41.162,23029,23030,23029,1,-1
2024-10-14 15:05:41.183,23028,23029,23028,5,-5
2024-10-14 15:05:42.110,23027,23028,23027,16,-16
2024-10-14 15:05:42.111,23027,23028,23026,4,-4
2024-10-14 15:05:42.263,23025,23027,23025,1,-1
2024-10-14 15:05:43.733,23025,23027,23027,1,1
2024-10-14 15:05:45.484,23025,23027,23025,1,-1
2024-10-14 15:05:45.592,23025,23027,23026,1,-1
2024-10-14 15:05:47.205,23025,23027,23025,2,-2
2024-10-14 15:05:47.450,23023,23025,23023,1,-1
2024-10-14 15:05:48.419,23023,23025,23025,1,1
2024-10-14 15:05:51.266,23023,23024,23024,1,1
2024-10-14 15:05:54.511,23023,23024,23024,1,1
2024-10-14 15:05:54.697,23023,23024,23024,2,2
2024-10-14 15:05:54.864,23023,23024,23023,2,-2
2024-10-14 15:05:54.864,23023,23024,23022,1,-1
2024-10-14 15:05:57.998,23022,23023,23022,4,-4
2024-10-14 15:05:58.858,23022,23024,23022,1,-1
2024-10-14 15:05:58.996,23022,23023,23022,1,-1
2024-10-14 15:05:58.996,23022,23023,23021,1,-1
2024-10-14 15:05:59.104,23021,23023,23021,1,-1
2024-10-14 15:06:00.442,23022,23023,23023,1,1
2024-10-14 15:06:00.445,23022,23023,23024,3,3
2024-10-14 15:06:00.653,23023,23024,23023,1,-1
2024-10-14 15:06:00.701,23022,23024,23022,1,-1
2024-10-14 15:06:00.758,23022,23024,23022,1,-1
2024-10-14 15:06:00.810,23022,23024,23022,1,-1
2024-10-14 15:06:00.854,23022,23024,23022,1,-1
2024-10-14 15:06:00.920,23021,23024,23021,1,-1
2024-10-14 15:06:00.943,23021,23024,23021,1,-1
2024-10-14 15:06:02.854,23022,23023,23022,1,-1
2024-10-14 15:06:03.217,23021,23024,23021,1,-1
2024-10-14 15:06:05.812,23023,23024,23023,1,-1
2024-10-14 15:06:07.227,23021,23024,23024,2,2
2024-10-14 15:06:12.011,23022,23024,23023,1,1
2024-10-14 15:06:12.044,23023,23024,23024,1,1
2024-10-14 15:06:12.048,23023,23024,23024,1,1
2024-10-14 15:06:13.376,23023,23025,23025,8,8
2024-10-14 15:06:13.376,23023,23025,23025,1,1
2024-10-14 15:06:13.376,23023,23025,23025,3,3
2024-10-14 15:06:13.377,23023,23025,23025,1,1
2024-10-14 15:06:13.377,23023,23025,23025,1,1
2024-10-14 15:06:13.377,23023,23025,23025,9,9
2024-10-14 15:06:13.403,23023,23025,23024,1,1
2024-10-14 15:06:13.405,23023,23025,23025,1,1
2024-10-14 15:06:14.964,23024,23026,23026,1,1
2024-10-14 15:06:14.964,23024,23026,23026,1,1
2024-10-14 15:06:14.964,23024,23026,23026,1,1
2024-10-14 15:06:15.131,23025,23027,23025,1,-1
2024-10-14 15:06:19.732,23026,23027,23026,2,-2
2024-10-14 15:06:20.124,23024,23027,23027,1,1
2024-10-14 15:06:20.168,23025,23028,23027,1,1
2024-10-14 15:06:20.168,23025,23028,23027,1,1
2024-10-14 15:06:20.979,23025,23028,23026,1,-1
2024-10-14 15:06:22.867,23025,23028,23028,1,1
2024-10-14 15:06:26.749,23027,23029,23028,1,1
2024-10-14 15:06:26.867,23027,23029,23027,1,-1
2024-10-14 15:06:28.560,23028,23029,23028,2,-2
2024-10-14 15:06:29.739,23026,23028,23028,1,1
2024-10-14 15:06:30.958,23026,23028,23028,1,1
2024-10-14 15:06:33.399,23026,23027,23026,1,-1
2024-10-14 15:06:33.399,23026,23027,23025,5,-5
2024-10-14 15:06:34.821,23024,23027,23027,4,4
2024-10-14 15:06:37.485,23026,23028,23028,1,1
2024-10-14 15:06:41.817,23026,23028,23028,1,1
2024-10-14 15:06:41.818,23026,23028,23028,2,2
2024-10-14 15:06:41.840,23026,23028,23027,3,3
2024-10-14 15:06:44.081,23028,23029,23029,2,2
2024-10-14 15:06:47.919,23029,23030,23030,1,1
2024-10-14 15:06:47.919,23029,23030,23030,1,1
2024-10-14 15:06:47.919,23029,23030,23030,2,2
2024-10-14 15:06:47.919,23029,23030,23030,1,1
2024-10-14 15:06:48.603,23030,23031,23031,1,1
2024-10-14 15:06:48.603,23030,23031,23032,3,3
2024-10-14 15:06:48.690,23029,23032,23032,1,1
2024-10-14 15:06:51.761,23029,23030,23030,1,1
2024-10-14 15:06:51.761,23029,23030,23032,3,3
2024-10-14 15:06:54.805,23029,23030,23029,1,-1
2024-10-14 15:06:56.407,23028,23029,23029,1,1
2024-10-14 15:07:00.565,23029,23032,23029,1,-1
2024-10-14 15:07:03.954,23030,23032,23030,1,-1
2024-10-14 15:07:19.552,23029,23030,23029,1,-1
2024-10-14 15:07:19.552,23029,23030,23028,5,-5
2024-10-14 15:07:19.552,23029,23030,23027,4,-4
2024-10-14 15:07:21.566,23027,23028,23027,1,-1
2024-10-14 15:07:21.566,23027,23028,23027,1,-1
2024-10-14 15:07:21.567,23027,23028,23027,1,-1
2024-10-14 15:07:37.299,23027,23028,23027,1,-1
2024-10-14 15:07:42.465,23027,23028,23027,1,-1
2024-10-14 15:07:56.528,23026,23027,23026,2,-2
2024-10-14 15:08:00.087,23025,23026,23026,1,1
2024-10-14 15:08:00.885,23025,23026,23026,1,1
2024-10-14 15:08:01.372,23025,23027,23027,1,1
2024-10-14 15:08:01.875,23027,23029,23027,1,-1
2024-10-14 15:08:02.105,23026,23029,23029,1,1
2024-10-14 15:08:10.432,23027,23030,23027,4,-4
2024-10-14 15:08:10.836,23026,23029,23026,1,-1
2024-10-14 15:08:14.207,23025,23026,23026,1,1
2024-10-14 15:08:24.173,23026,23027,23026,1,-1
2024-10-14 15:08:24.678,23026,23027,23026,1,-1
2024-10-14 15:08:30.852,23026,23027,23026,1,-1
2024-10-14 15:08:35.905,23025,23027,23026,1,-1
2024-10-14 15:08:36.786,23026,23027,23026,1,-1
2024-10-14 15:08:47.400,23026,23027,23026,1,-1
2024-10-14 15:08:51.027,23025,23027,23027,1,1
2024-10-14 15:08:57.373,23025,23028,23026,1,-1
2024-10-14 15:09:04.578,23026,23027,23027,1,1
2024-10-14 15:09:04.663,23026,23027,23026,1,-1
2024-10-14 15:09:09.298,23026,23028,23026,1,-1
2024-10-14 15:09:09.980,23026,23028,23027,1,-1
2024-10-14 15:09:12.155,23025,23027,23025,1,-1
2024-10-14 15:09:22.459,23025,23027,23025,4,-4
2024-10-14 15:09:22.459,23025,23027,23025,1,-1
2024-10-14 15:09:22.462,23025,23027,23024,2,-2
2024-10-14 15:09:22.463,23025,23027,23023,1,-1
2024-10-14 15:09:22.493,23025,23027,23022,1,-1
2024-10-14 15:09:42.113,23025,23027,23026,1,-1
2024-10-14 15:09:42.511,23025,23027,23027,1,1
2024-10-14 15:09:45.411,23026,23028,23025,5,-5
2024-10-14 15:09:49.753,23025,23027,23028,14,14
2024-10-14 15:09:49.753,23025,23027,23027,1,1
2024-10-14 15:09:50.027,23028,23030,23029,1,1
2024-10-14 15:09:51.883,23029,23030,23030,1,1
2024-10-14 15:09:51.883,23029,23030,23030,3,3
2024-10-14 15:09:55.068,23029,23030,23030,1,1
2024-10-14 15:10:00.645,23029,23030,23029,1,-1
2024-10-14 15:10:02.096,23029,23030,23029,1,-1
2024-10-14 15:10:02.282,23028,23029,23028,1,-1
2024-10-14 15:10:02.282,23028,23029,23028,2,-2
2024-10-14 15:10:02.282,23028,23029,23028,3,-3
2024-10-14 15:10:02.283,23028,23029,23028,2,-2
2024-10-14 15:10:02.283,23028,23029,23028,2,-2
2024-10-14 15:10:02.283,23028,23029,23028,1,-1
2024-10-14 15:10:02.283,23028,23029,23028,2,-2
2024-10-14 15:10:03.298,23025,23027,23025,1,-1
2024-10-14 15:10:03.320,23025,23027,23025,1,-1
2024-10-14 15:10:04.094,23025,23027,23027,1,1
2024-10-14 15:10:07.817,23025,23027,23027,2,2
2024-10-14 15:10:11.592,23026,23027,23026,1,-1
2024-10-14 15:10:18.049,23025,23026,23025,1,-1
2024-10-14 15:10:20.400,23024,23026,23026,1,1
2024-10-14 15:10:20.400,23024,23026,23026,1,1
2024-10-14 15:10:29.426,23026,23028,23026,2,-2
2024-10-14 15:10:29.426,23026,23028,23025,3,-3
2024-10-14 15:10:54.801,23025,23027,23027,1,1
2024-10-14 15:11:05.158,23027,23028,23028,1,1
2024-10-14 15:11:05.188,23027,23029,23029,1,1
2024-10-14 15:11:05.220,23027,23029,23028,1,1
2024-10-14 15:11:05.245,23027,23029,23029,1,1
2024-10-14 15:11:12.985,23028,23030,23028,1,-1
2024-10-14 15:11:25.558,23027,23028,23028,1,1
2024-10-14 15:11:33.834,23028,23029,23028,2,-2
2024-10-14 15:11:35.967,23027,23029,23028,1,-1
2024-10-14 15:11:41.025,23028,23029,23028,1,-1
2024-10-14 15:11:46.427,23027,23029,23029,1,1
2024-10-14 15:11:46.681,23029,23030,23029,1,-1
2024-10-14 15:11:46.681,23029,23030,23028,1,-1
2024-10-14 15:11:49.439,23027,23028,23028,1,1
2024-10-14 15:11:55.448,23028,23030,23028,1,-1
2024-10-14 15:12:01.377,23029,23030,23029,1,-1
2024-10-14 15:12:04.908,23028,23030,23030,5,5
2024-10-14 15:12:04.945,23029,23031,23029,1,-1
2024-10-14 15:12:06.010,23028,23031,23031,3,3
2024-10-14 15:12:07.964,23028,23030,23030,2,2
2024-10-14 15:12:07.964,23028,23030,23031,3,3
2024-10-14 15:12:14.192,23029,23032,23031,1,1
2024-10-14 15:12:20.549,23030,23032,23032,1,1
2024-10-14 15:12:21.015,23030,23032,23030,1,-1
2024-10-14 15:12:21.808,23030,23031,23030,1,-1
2024-10-14 15:12:30.073,23030,23031,23030,1,-1
2024-10-14 15:12:32.927,23030,23031,23030,1,-1
2024-10-14 15:12:32.928,23030,23031,23030,1,-1
2024-10-14 15:12:33.440,23029,23031,23029,1,-1
2024-10-14 15:12:35.560,23028,23030,23028,3,-3
2024-10-14 15:12:35.560,23028,23030,23028,4,-4
2024-10-14 15:12:37.004,23026,23027,23027,1,1
2024-10-14 15:12:37.528,23026,23028,23027,1,1
2024-10-14 15:12:37.529,23026,23028,23026,2,-2
2024-10-14 15:12:37.529,23026,23028,23027,1,-1
2024-10-14 15:12:37.529,23026,23028,23027,1,-1
2024-10-14 15:12:41.190,23026,23027,23026,1,-1
2024-10-14 15:12:49.410,23026,23027,23027,3,3
2024-10-14 15:12:57.844,23027,23030,23030,1,1
2024-10-14 15:13:04.202,23026,23029,23029,1,1
2024-10-14 15:13:29.640,23028,23030,23029,1,1
2024-10-14 15:13:29.662,23028,23030,23029,1,1
2024-10-14 15:13:33.094,23029,23030,23030,1,1
2024-10-14 15:13:33.094,23029,23030,23030,1,1
2024-10-14 15:13:41.686,23029,23031,23029,1,-1
2024-10-14 15:13:47.110,23028,23029,23029,1,1
2024-10-14 15:13:47.110,23028,23029,23029,1,1
2024-10-14 15:13:47.337,23028,23031,23031,6,6
2024-10-14 15:13:50.128,23030,23032,23032,1,1
2024-10-14 15:13:50.129,23030,23032,23032,1,1
2024-10-14 15:13:50.129,23030,23032,23032,1,1
2024-10-14 15:13:50.189,23031,23033,23031,1,-1
2024-10-14 15:14:13.741,23029,23031,23029,2,-2
2024-10-14 15:14:14.218,23028,23029,23028,3,-3
2024-10-14 15:14:14.389,23027,23028,23028,1,1
2024-10-14 15:14:27.656,23028,23030,23030,1,1
2024-10-14 15:14:42.731,23028,23029,23029,1,1
2024-10-14 15:14:43.033,23028,23029,23029,1,1
2024-10-14 15:14:43.245,23028,23029,23029,1,1
2024-10-14 15:14:54.444,23029,23030,23030,1,1
2024-10-14 15:14:55.094,23029,23030,23030,1,1
2024-10-14 15:14:55.522,23030,23031,23031,1,1
2024-10-14 15:14:57.502,23030,23031,23031,1,1
2024-10-14 15:14:57.505,23030,23031,23031,1,1
2024-10-14 15:14:58.616,23030,23032,23030,2,-2
2024-10-14 15:15:00.611,23029,23031,23031,1,1
2024-10-14 15:15:09.215,23031,23033,23032,1,1
2024-10-14 15:15:09.217,23031,23033,23032,1,1
2024-10-14 15:15:13.972,23031,23033,23033,1,1
2024-10-14 15:15:14.281,23031,23033,23033,6,6
2024-10-14 15:15:14.283,23031,23033,23033,1,1
2024-10-14 15:15:17.158,23031,23033,23033,1,1
2024-10-14 15:15:19.477,23032,23034,23033,2,2
2024-10-14 15:15:19.883,23032,23034,23034,4,4
2024-10-14 15:15:19.883,23032,23034,23035,6,6
2024-10-14 15:15:19.931,23033,23035,23035,1,1
2024-10-14 15:15:28.372,23034,23035,23035,1,1
2024-10-14 15:15:30.172,23034,23035,23035,2,2
2024-10-14 15:15:30.172,23034,23035,23035,2,2
2024-10-14 15:15:32.208,23034,23035,23035,1,1
2024-10-14 15:15:33.775,23034,23036,23036,1,1
2024-10-14 15:15:33.776,23034,23036,23036,2,2
2024-10-14 15:15:33.873,23035,23037,23037,1,1
2024-10-14 15:15:33.908,23035,23037,23038,3,3
2024-10-14 15:15:33.908,23035,23037,23037,3,3
2024-10-14 15:15:35.197,23036,23038,23036,1,-1
2024-10-14 15:15:35.714,23036,23038,23036,1,-1
2024-10-14 15:15:38.045,23037,23038,23038,2,2
2024-10-14 15:15:38.291,23037,23039,23039,4,4
2024-10-14 15:15:38.292,23037,23039,23040,1,1
2024-10-14 15:15:38.514,23039,23041,23041,2,2
2024-10-14 15:15:38.514,23039,23041,23042,4,4
2024-10-14 15:15:38.545,23040,23042,23040,1,-1
2024-10-14 15:15:38.562,23040,23042,23042,1,1
2024-10-14 15:15:38.703,23040,23042,23042,2,2
2024-10-14 15:15:38.703,23040,23042,23043,4,4
2024-10-14 15:15:38.916,23040,23043,23044,3,3
2024-10-14 15:15:38.916,23040,23043,23043,3,3
2024-10-14 15:15:38.950,23040,23043,23041,3,-3
2024-10-14 15:15:39.479,23041,23043,23043,1,1
2024-10-14 15:15:40.240,23041,23043,23043,1,1
2024-10-14 15:15:40.786,23041,23044,23044,5,5
2024-10-14 15:15:40.787,23041,23044,23044,1,1
2024-10-14 15:15:41.032,23042,23044,23042,3,-3
2024-10-14 15:15:41.773,23041,23044,23041,1,-1
2024-10-14 15:15:44.093,23041,23043,23043,1,1
2024-10-14 15:15:45.570,23042,23043,23043,1,1
2024-10-14 15:15:45.570,23042,23043,23043,3,3
2024-10-14 15:15:46.255,23042,23044,23042,1,-1
2024-10-14 15:15:46.316,23041,23043,23043,1,1
2024-10-14 15:15:47.725,23041,23042,23042,1,1
2024-10-14 15:15:50.360,23042,23043,23043,1,1
2024-10-14 15:15:50.360,23042,23043,23043,1,1
2024-10-14 15:15:52.511,23042,23043,23042,1,-1
2024-10-14 15:15:52.514,23042,23043,23042,3,-3
2024-10-14 15:15:52.515,23042,23043,23041,1,-1
2024-10-14 15:15:53.898,23041,23042,23041,1,-1
2024-10-14 15:15:54.128,23040,23042,23040,1,-1
2024-10-14 15:15:54.149,23040,23042,23040,2,-2
2024-10-14 15:15:54.402,23039,23042,23042,2,2
2024-10-14 15:15:59.993,23038,23041,23041,1,1
2024-10-14 15:16:00.619,23039,23041,23041,1,1
2024-10-14 15:16:00.676,23040,23042,23042,1,1
2024-10-14 15:16:00.680,23040,23042,23042,1,1
2024-10-14 15:16:04.280,23042,23043,23042,1,-1
2024-10-14 15:16:04.294,23041,23043,23044,1,1
2024-10-14 15:16:04.294,23041,23043,23043,1,1
2024-10-14 15:16:05.252,23042,23044,23043,1,1
2024-10-14 15:16:05.932,23042,23043,23043,1,1
2024-10-14 15:16:06.078,23042,23043,23042,1,-1
2024-10-14 15:16:06.331,23041,23043,23043,2,2
2024-10-14 15:16:14.352,23041,23044,23043,1,1
2024-10-14 15:16:14.419,23041,23044,23044,1,1
2024-10-14 15:16:14.419,23041,23044,23044,1,1
2024-10-14 15:16:14.420,23041,23044,23044,1,1
2024-10-14 15:16:14.420,23041,23044,23044,1,1
2024-10-14 15:16:15.450,23041,23043,23043,1,1
2024-10-14 15:16:16.293,23041,23043,23043,1,1
2024-10-14 15:16:17.130,23043,23044,23044,1,1
2024-10-14 15:16:17.294,23044,23045,23044,1,-1
2024-10-14 15:16:18.371,23044,23045,23044,8,-8
2024-10-14 15:16:18.419,23043,23044,23044,1,1
2024-10-14 15:16:18.419,23043,23044,23045,1,1
2024-10-14 15:16:18.425,23043,23044,23045,1,1
2024-10-14 15:16:18.775,23043,23045,23045,6,6
2024-10-14 15:16:20.805,23045,23046,23046,2,2
2024-10-14 15:16:21.658,23044,23046,23045,1,1
2024-10-14 15:16:22.261,23045,23046,23046,1,1
2024-10-14 15:16:22.818,23045,23046,23045,1,-1
2024-10-14 15:16:23.537,23045,23046,23045,1,-1
2024-10-14 15:16:24.740,23045,23046,23046,1,1
2024-10-14 15:16:28.861,23045,23046,23045,1,-1
2024-10-14 15:16:30.435,23045,23046,23046,1,1
2024-10-14 15:16:30.545,23045,23046,23046,1,1
2024-10-14 15:16:30.545,23045,23046,23046,1,1
2024-10-14 15:16:31.073,23046,23047,23046,1,-1
2024-10-14 15:16:31.094,23046,23047,23046,1,-1
2024-10-14 15:16:35.433,23045,23046,23045,1,-1
2024-10-14 15:16:36.254,23045,23046,23046,1,1
2024-10-14 15:16:36.293,23045,23046,23046,1,1
2024-10-14 15:16:36.852,23045,23046,23045,3,-3
2024-10-14 15:16:37.324,23045,23046,23045,3,-3
2024-10-14 15:16:37.764,23043,23045,23045,1,1
2024-10-14 15:16:39.515,23044,23046,23045,1,1
2024-10-14 15:16:43.932,23044,23046,23046,1,1
2024-10-14 15:16:44.705,23044,23045,23045,1,1
2024-10-14 15:16:52.795,23045,23046,23046,2,2
2024-10-14 15:16:52.795,23045,23046,23046,1,1
2024-10-14 15:16:52.885,23045,23046,23047,4,4
2024-10-14 15:16:52.887,23045,23046,23048,2,2
2024-10-14 15:16:52.887,23045,23046,23048,2,2
2024-10-14 15:16:52.908,23045,23046,23047,1,1
2024-10-14 15:16:52.996,23047,23049,23049,3,3
2024-10-14 15:16:53.036,23047,23049,23048,1,1
2024-10-14 15:16:54.751,23046,23049,23049,2,2
2024-10-14 15:16:55.807,23046,23049,23047,1,-1
2024-10-14 15:16:56.428,23046,23049,23047,8,-8
2024-10-14 15:16:59.085,23047,23049,23049,1,1
2024-10-14 15:17:01.511,23048,23049,23049,3,3
2024-10-14 15:17:01.578,23049,23050,23050,1,1
2024-10-14 15:17:01.578,23049,23050,23050,3,3
2024-10-14 15:17:01.578,23049,23050,23050,2,2
2024-10-14 15:17:01.578,23049,23050,23050,2,2
2024-10-14 15:17:01.693,23049,23051,23051,1,1
2024-10-14 15:17:01.880,23049,23051,23050,1,1
2024-10-14 15:17:02.028,23049,23050,23050,1,1
2024-10-14 15:17:02.073,23049,23050,23050,2,2
2024-10-14 15:17:02.105,23049,23050,23049,1,-1
2024-10-14 15:17:02.179,23049,23050,23050,1,1
2024-10-14 15:17:02.214,23049,23050,23051,2,2
2024-10-14 15:17:02.234,23049,23050,23052,1,1
2024-10-14 15:17:02.236,23049,23050,23052,3,3
2024-10-14 15:17:02.248,23049,23050,23053,2,2
2024-10-14 15:17:02.291,23051,23053,23053,2,2
2024-10-14 15:17:02.295,23051,23053,23054,1,1
2024-10-14 15:17:02.298,23051,23053,23054,1,1
2024-10-14 15:17:02.298,23051,23053,23054,2,2
2024-10-14 15:17:02.299,23051,23053,23055,2,2
2024-10-14 15:17:02.299,23051,23053,23055,3,3
2024-10-14 15:17:02.300,23051,23053,23055,1,1
2024-10-14 15:17:02.300,23051,23053,23055,4,4
2024-10-14 15:17:02.310,23051,23053,23055,1,1
2024-10-14 15:17:02.331,23051,23053,23056,1,1
2024-10-14 15:17:02.340,23051,23053,23056,1,1
2024-10-14 15:17:02.341,23051,23053,23056,2,2
2024-10-14 15:17:02.499,23054,23056,23056,1,1
2024-10-14 15:17:02.670,23053,23055,23055,1,1
2024-10-14 15:17:02.813,23053,23055,23055,1,1
2024-10-14 15:17:02.947,23053,23055,23055,1,1
2024-10-14 15:17:03.067,23053,23055,23055,1,1
2024-10-14 15:17:03.199,23053,23055,23055,1,1
2024-10-14 15:17:03.214,23053,23055,23053,1,-1
2024-10-14 15:17:03.214,23053,23055,23052,1,-1
2024-10-14 15:17:03.343,23052,23055,23055,1,1
2024-10-14 15:17:03.480,23054,23056,23056,1,1
2024-10-14 15:17:03.577,23054,23056,23054,1,-1
2024-10-14 15:17:03.618,23054,23056,23055,1,-1
2024-10-14 15:17:03.752,23053,23056,23056,1,1
2024-10-14 15:17:03.885,23053,23056,23056,1,1
2024-10-14 15:17:04.011,23053,23056,23056,1,1
2024-10-14 15:17:04.148,23053,23056,23056,1,1
2024-10-14 15:17:04.289,23053,23056,23056,1,1
2024-10-14 15:17:04.384,23053,23056,23053,1,-1
2024-10-14 15:17:04.426,23054,23056,23056,1,1
2024-10-14 15:17:04.562,23054,23056,23056,1,1
2024-10-14 15:17:04.864,23054,23056,23056,2,2
2024-10-14 15:17:05.282,23054,23057,23057,5,5
2024-10-14 15:17:07.399,23053,23056,23055,1,1
2024-10-14 15:17:07.948,23053,23055,23055,2,2
2024-10-14 15:17:07.948,23053,23055,23056,1,1
2024-10-14 15:17:08.110,23053,23056,23053,1,-1
2024-10-14 15:17:08.168,23053,23056,23056,1,1
2024-10-14 15:17:08.957,23052,23055,23052,1,-1
2024-10-14 15:17:10.532,23052,23055,23055,1,1
2024-10-14 15:17:12.544,23052,23055,23052,1,-1
2024-10-14 15:17:14.248,23052,23054,23052,1,-1
2024-10-14 15:17:14.443,23050,23053,23053,3,3
2024-10-14 15:17:17.073,23050,23053,23050,1,-1
2024-10-14 15:17:17.140,23050,23053,23053,3,3
2024-10-14 15:17:18.202,23051,23054,23054,5,5
2024-10-14 15:17:18.294,23051,23054,23054,1,1
2024-10-14 15:17:20.907,23052,23054,23054,1,1
2024-10-14 15:17:22.006,23052,23055,23052,1,-1
2024-10-14 15:17:24.160,23053,23055,23054,2,-2
2024-10-14 15:17:26.209,23053,23055,23055,7,7
2024-10-14 15:17:26.210,23053,23055,23056,12,12
2024-10-14 15:17:26.268,23053,23055,23056,1,1
2024-10-14 15:17:29.409,23055,23057,23055,1,-1
2024-10-14 15:17:29.436,23055,23057,23055,1,-1
2024-10-14 15:17:31.416,23055,23056,23055,1,-1
2024-10-14 15:17:35.251,23055,23056,23056,1,1
2024-10-14 15:17:35.256,23055,23056,23057,3,3
2024-10-14 15:17:35.261,23055,23056,23058,1,1
2024-10-14 15:17:35.262,23055,23056,23058,3,3
2024-10-14 15:17:35.357,23057,23059,23059,2,2
2024-10-14 15:17:35.500,23058,23059,23058,2,-2
2024-10-14 15:17:35.626,23057,23058,23058,1,1
2024-10-14 15:17:38.789,23057,23058,23058,1,1
2024-10-14 15:17:38.794,23057,23058,23058,1,1
2024-10-14 15:17:38.794,23057,23058,23058,1,1
2024-10-14 15:17:41.782,23058,23060,23060,1,1
2024-10-14 15:17:41.813,23058,23060,23060,1,1
2024-10-14 15:17:41.947,23058,23060,23060,1,1
2024-10-14 15:17:42.111,23058,23060,23060,1,1
2024-10-14 15:17:42.300,23058,23060,23058,1,-1
2024-10-14 15:17:42.779,23058,23060,23060,1,1
2024-10-14 15:17:43.177,23058,23060,23060,1,1
2024-10-14 15:17:44.464,23058,23060,23060,1,1
2024-10-14 15:17:45.453,23058,23060,23060,1,1
2024-10-14 15:17:46.240,23058,23060,23060,1,1
2024-10-14 15:17:47.524,23058,23060,23059,1,1
2024-10-14 15:17:48.828,23058,23060,23058,4,-4
2024-10-14 15:17:48.846,23058,23060,23057,1,-1
2024-10-14 15:17:49.217,23057,23059,23059,1,1
2024-10-14 15:17:50.897,23057,23059,23059,1,1
2024-10-14 15:17:51.992,23058,23060,23060,1,1
2024-10-14 15:17:52.009,23058,23060,23058,1,-1
2024-10-14 15:17:52.663,23058,23060,23058,2,-2
2024-10-14 15:17:54.715,23057,23059,23057,1,-1
2024-10-14 15:17:56.283,23057,23059,23057,1,-1
2024-10-14 15:17:56.566,23057,23059,23057,2,-2
2024-10-14 15:17:56.600,23057,23059,23059,4,4
2024-10-14 15:17:56.600,23057,23059,23060,1,1
2024-10-14 15:17:56.605,23057,23059,23057,2,-2
2024-10-14 15:17:56.605,23057,23059,23057,2,-2
2024-10-14 15:17:56.606,23057,23059,23056,2,-2
2024-10-14 15:17:56.655,23057,23059,23056,2,-2
2024-10-14 15:17:56.656,23057,23059,23056,2,-2
2024-10-14 15:17:56.656,23057,23059,23056,3,-3
2024-10-14 15:17:57.576,23056,23057,23056,1,-1
2024-10-14 15:17:59.388,23055,23056,23055,2,-2
2024-10-14 15:18:00.541,23053,23055,23055,4,4
2024-10-14 15:18:00.541,23053,23055,23056,1,1
2024-10-14 15:18:00.671,23054,23056,23056,1,1
2024-10-14 15:18:00.671,23054,23056,23056,1,1
2024-10-14 15:18:00.673,23054,23056,23056,1,1
2024-10-14 15:18:00.705,23054,23056,23057,1,1
2024-10-14 15:18:00.908,23056,23057,23057,1,1
2024-10-14 15:18:00.917,23056,23058,23058,1,1
2024-10-14 15:18:01.140,23056,23058,23058,1,1
2024-10-14 15:18:01.168,23056,23058,23058,1,1
2024-10-14 15:18:03.022,23057,23059,23057,1,-1
2024-10-14 15:18:03.102,23056,23059,23059,1,1
2024-10-14 15:18:05.885,23056,23059,23059,1,1
2024-10-14 15:18:09.904,23057,23058,23058,1,1
2024-10-14 15:18:10.011,23057,23059,23058,1,1
2024-10-14 15:18:10.045,23057,23059,23059,1,1
2024-10-14 15:18:10.045,23057,23059,23059,1,1
2024-10-14 15:18:10.045,23057,23059,23059,1,1
2024-10-14 15:18:10.045,23057,23059,23060,1,1
2024-10-14 15:18:10.053,23057,23059,23058,2,2
2024-10-14 15:18:11.773,23057,23059,23059,1,1
2024-10-14 15:18:14.500,23057,23059,23057,1,-1
2024-10-14 15:18:14.501,23057,23059,23057,1,-1
2024-10-14 15:18:15.226,23055,23058,23055,1,-1
2024-10-14 15:18:15.959,23055,23058,23058,2,2
2024-10-14 15:18:17.978,23055,23057,23055,1,-1
2024-10-14 15:18:17.990,23055,23057,23057,1,1
2024-10-14 15:18:21.844,23054,23055,23055,1,1
2024-10-14 15:18:21.918,23054,23057,23057,1,1
2024-10-14 15:18:21.918,23054,23057,23057,1,1
2024-10-14 15:18:28.806,23054,23055,23055,1,1
2024-10-14 15:18:29.703,23054,23055,23055,1,1
2024-10-14 15:18:29.793,23054,23055,23055,1,1
2024-10-14 15:18:29.793,23054,23055,23055,2,2
2024-10-14 15:18:29.794,23054,23055,23057,1,1
2024-10-14 15:18:29.794,23054,23055,23057,1,1
2024-10-14 15:18:29.794,23054,23055,23058,1,1
2024-10-14 15:18:29.794,23054,23055,23058,1,1
2024-10-14 15:18:29.794,23054,23055,23058,1,1
2024-10-14 15:18:29.795,23054,23055,23059,1,1
2024-10-14 15:18:29.795,23054,23055,23059,1,1
2024-10-14 15:18:29.795,23054,23055,23059,1,1
2024-10-14 15:18:29.795,23054,23055,23059,1,1
2024-10-14 15:18:29.795,23054,23055,23058,1,1
2024-10-14 15:18:29.795,23054,23055,23059,1,1
2024-10-14 15:18:29.795,23054,23055,23058,1,1
2024-10-14 15:18:29.795,23054,23055,23059,1,1
2024-10-14 15:18:29.796,23054,23055,23060,1,1
2024-10-14 15:18:29.796,23054,23055,23060,1,1
2024-10-14 15:18:29.796,23054,23055,23060,1,1
2024-10-14 15:18:29.796,23054,23055,23060,1,1
2024-10-14 15:18:29.796,23054,23055,23060,1,1
2024-10-14 15:18:30.553,23057,23060,23057,5,-5
2024-10-14 15:18:31.998,23057,23059,23058,1,-1
2024-10-14 15:18:36.550,23057,23059,23058,1,-1
2024-10-14 15:18:38.326,23056,23059,23059,1,1
2024-10-14 15:18:38.418,23056,23059,23059,1,1
2024-10-14 15:18:38.419,23056,23059,23059,1,1
2024-10-14 15:18:38.419,23056,23059,23059,1,1
2024-10-14 15:18:38.419,23056,23059,23059,1,1
2024-10-14 15:18:38.419,23056,23059,23059,1,1
2024-10-14 15:18:38.420,23056,23059,23060,1,1
2024-10-14 15:18:38.420,23056,23059,23060,1,1
2024-10-14 15:18:38.420,23056,23059,23060,1,1
2024-10-14 15:18:38.420,23056,23059,23060,1,1
2024-10-14 15:18:38.420,23056,23059,23060,1,1
2024-10-14 15:18:38.420,23056,23059,23060,1,1
2024-10-14 15:18:38.420,23056,23059,23060,1,1
2024-10-14 15:18:38.421,23056,23059,23060,3,3
2024-10-14 15:18:38.426,23056,23059,23061,1,1
2024-10-14 15:18:51.054,23058,23060,23060,3,3
2024-10-14 15:18:51.058,23058,23060,23061,1,1
2024-10-14 15:18:52.644,23060,23061,23060,1,-1
2024-10-14 15:18:54.896,23058,23061,23060,1,1
2024-10-14 15:19:00.321,23058,23060,23059,1,1
2024-10-14 15:19:00.348,23058,23060,23058,1,-1
2024-10-14 15:19:00.598,23058,23060,23060,1,1
2024-10-14 15:19:01.516,23057,23060,23059,3,3
2024-10-14 15:19:01.516,23057,23060,23060,5,5
2024-10-14 15:19:02.625,23058,23060,23058,1,-1
2024-10-14 15:19:04.999,23056,23058,23056,1,-1
2024-10-14 15:19:07.458,23056,23058,23056,1,-1
2024-10-14 15:19:12.134,23055,23058,23058,1,1
2024-10-14 15:19:13.833,23055,23057,23056,1,1
2024-10-14 15:19:14.208,23055,23057,23055,2,-2
2024-10-14 15:19:14.523,23053,23054,23053,1,-1
2024-10-14 15:19:14.523,23053,23054,23053,1,-1
2024-10-14 15:19:15.293,23052,23054,23052,2,-2
2024-10-14 15:19:17.479,23051,23054,23051,1,-1
2024-10-14 15:19:19.393,23051,23053,23051,1,-1
2024-10-14 15:19:19.665,23052,23053,23052,1,-1
2024-10-14 15:19:20.744,23051,23054,23051,5,-5
2024-10-14 15:19:27.158,23050,23053,23050,10,-10
2024-10-14 15:19:27.160,23050,23053,23050,1,-1
2024-10-14 15:19:27.721,23048,23050,23050,1,1
2024-10-14 15:19:31.291,23048,23050,23048,1,-1
2024-10-14 15:19:34.009,23047,23049,23049,1,1
2024-10-14 15:19:37.733,23047,23049,23047,1,-1
2024-10-14 15:19:37.789,23047,23049,23047,1,-1
2024-10-14 15:19:38.036,23046,23048,23046,1,-1
2024-10-14 15:19:40.780,23046,23048,23047,1,-1
2024-10-14 15:19:40.819,23046,23048,23046,1,-1
2024-10-14 15:19:42.702,23046,23048,23046,3,-3
2024-10-14 15:19:44.188,23045,23047,23047,1,1
2024-10-14 15:19:44.758,23046,23048,23046,1,-1
2024-10-14 15:19:46.503,23047,23048,23047,1,-1
2024-10-14 15:19:46.874,23047,23048,23048,1,1
2024-10-14 15:19:48.646,23048,23050,23048,1,-1
2024-10-14 15:19:48.646,23048,23050,23047,1,-1
2024-10-14 15:19:50.938,23047,23050,23047,1,-1
2024-10-14 15:19:56.298,23047,23049,23048,5,-5
2024-10-14 15:19:56.319,23047,23049,23047,3,-3
2024-10-14 15:20:00.399,23047,23049,23049,1,1
2024-10-14 15:20:00.401,23047,23049,23050,2,2
2024-10-14 15:20:00.401,23047,23049,23050,4,4
2024-10-14 15:20:00.401,23047,23049,23050,5,5
2024-10-14 15:20:00.401,23047,23049,23050,1,1
2024-10-14 15:20:00.401,23047,23049,23050,4,4
2024-10-14 15:20:00.401,23047,23049,23050,1,1
2024-10-14 15:20:00.402,23047,23049,23050,1,1
2024-10-14 15:20:00.585,23049,23051,23049,3,-3
2024-10-14 15:20:00.968,23049,23051,23049,1,-1
2024-10-14 15:20:00.981,23049,23051,23051,1,1
2024-10-14 15:20:01.034,23049,23051,23051,1,1
2024-10-14 15:20:05.328,23051,23052,23051,2,-2
2024-10-14 15:20:09.605,23050,23052,23052,1,1
2024-10-14 15:20:09.605,23050,23052,23052,1,1
2024-10-14 15:20:09.979,23051,23053,23051,1,-1
2024-10-14 15:20:14.533,23051,23053,23053,2,2
2024-10-14 15:20:14.533,23051,23053,23054,2,2
2024-10-14 15:20:14.617,23053,23054,23053,1,-1
2024-10-14 15:20:15.319,23051,23054,23051,3,-3
2024-10-14 15:20:17.269,23052,23054,23054,2,2
2024-10-14 15:20:17.424,23054,23055,23055,4,4
2024-10-14 15:20:18.873,23055,23056,23056,1,1
2024-10-14 15:20:18.873,23055,23056,23056,1,1
2024-10-14 15:20:18.919,23055,23057,23057,1,1
2024-10-14 15:20:23.800,23054,23057,23057,1,1
2024-10-14 15:20:24.099,23054,23057,23057,1,1
2024-10-14 15:20:26.328,23055,23057,23055,3,-3
2024-10-14 15:20:26.328,23055,23057,23054,8,-8
2024-10-14 15:20:26.441,23052,23054,23054,1,1
2024-10-14 15:20:26.468,23052,23054,23052,1,-1
2024-10-14 15:20:26.572,23051,23054,23054,1,1
2024-10-14 15:20:27.188,23052,23054,23054,1,1
2024-10-14 15:20:27.633,23052,23054,23054,1,1
2024-10-14 15:20:37.000,23052,23054,23052,3,-3
2024-10-14 15:20:45.920,23051,23052,23052,2,2
2024-10-14 15:20:47.029,23051,23052,23052,2,2
2024-10-14 15:20:48.682,23051,23052,23052,1,1
2024-10-14 15:20:51.046,23052,23054,23052,1,-1
2024-10-14 15:20:53.450,23052,23053,23053,1,1
2024-10-14 15:20:53.462,23052,23053,23054,1,1
2024-10-14 15:20:53.463,23052,23053,23054,4,4
2024-10-14 15:20:53.684,23054,23055,23055,1,1
2024-10-14 15:21:07.157,23055,23057,23055,4,-4
2024-10-14 15:21:07.524,23054,23057,23057,1,1
2024-10-14 15:21:07.575,23055,23057,23057,1,1
2024-10-14 15:21:07.727,23055,23057,23057,2,2
2024-10-14 15:21:07.727,23055,23057,23058,1,1
2024-10-14 15:21:08.206,23055,23058,23055,1,-1
2024-10-14 15:21:12.115,23057,23058,23058,3,3
2024-10-14 15:21:19.167,23057,23058,23058,1,1
2024-10-14 15:21:19.167,23057,23058,23059,3,3
2024-10-14 15:21:32.845,23058,23059,23059,6,6
2024-10-14 15:21:33.632,23058,23060,23058,1,-1
2024-10-14 15:21:38.587,23059,23060,23059,1,-1
2024-10-14 15:21:39.121,23058,23060,23059,1,-1
2024-10-14 15:21:40.461,23058,23060,23060,9,9
2024-10-14 15:21:40.461,23058,23060,23061,1,1
2024-10-14 15:21:52.650,23060,23061,23061,1,1
2024-10-14 15:21:54.897,23060,23061,23060,2,-2
2024-10-14 15:21:54.897,23060,23061,23059,3,-3
2024-10-14 15:21:57.370,23059,23060,23061,2,2
2024-10-14 15:21:57.370,23059,23060,23060,3,3
2024-10-14 15:22:00.083,23060,23061,23061,1,1
2024-10-14 15:22:00.517,23060,23061,23061,1,1
2024-10-14 15:22:02.281,23060,23061,23060,1,-1
2024-10-14 15:22:03.125,23060,23061,23061,4,4
2024-10-14 15:22:03.125,23060,23061,23062,1,1
2024-10-14 15:22:03.226,23060,23062,23062,1,1
2024-10-14 15:22:03.768,23061,23062,23061,1,-1
2024-10-14 15:22:03.768,23061,23062,23060,1,-1
2024-10-14 15:22:05.248,23061,23062,23062,7,7
2024-10-14 15:22:05.249,23061,23062,23062,1,1
2024-10-14 15:22:05.985,23061,23062,23061,1,-1
2024-10-14 15:22:07.033,23061,23062,23062,2,2
2024-10-14 15:22:07.321,23061,23063,23062,2,2
2024-10-14 15:22:14.546,23061,23062,23061,1,-1
2024-10-14 15:22:14.547,23061,23062,23061,1,-1
2024-10-14 15:22:14.715,23060,23061,23060,1,-1
2024-10-14 15:22:14.715,23060,23061,23060,3,-3
2024-10-14 15:22:16.179,23059,23060,23060,1,1
2024-10-14 15:22:20.589,23059,23061,23059,1,-1
2024-10-14 15:22:20.589,23059,23061,23058,2,-2
2024-10-14 15:22:21.563,23059,23060,23059,1,-1
2024-10-14 15:22:22.329,23057,23060,23060,1,1
2024-10-14 15:22:22.547,23057,23060,23060,1,1
2024-10-14 15:22:27.811,23058,23059,23059,1,1
2024-10-14 15:22:28.303,23058,23059,23058,2,-2
2024-10-14 15:22:31.555,23058,23059,23059,1,1
2024-10-14 15:22:31.555,23058,23059,23059,3,3
2024-10-14 15:22:31.555,23058,23059,23059,1,1
2024-10-14 15:22:31.555,23058,23059,23059,1,1
2024-10-14 15:22:33.284,23059,23060,23060,1,1
2024-10-14 15:22:33.284,23059,23060,23061,1,1
2024-10-14 15:22:33.284,23059,23060,23062,3,3
2024-10-14 15:22:37.766,23060,23062,23062,1,1
2024-10-14 15:22:39.439,23061,23063,23061,1,-1
2024-10-14 15:22:39.439,23061,23063,23060,4,-4
2024-10-14 15:22:43.821,23062,23063,23063,21,21
2024-10-14 15:22:43.947,23063,23064,23064,1,1
2024-10-14 15:22:43.949,23063,23064,23064,6,6
2024-10-14 15:22:46.245,23064,23065,23065,10,10
2024-10-14 15:22:46.327,23065,23066,23066,1,1
2024-10-14 15:22:47.037,23065,23066,23066,2,2
2024-10-14 15:22:47.037,23065,23066,23066,1,1
2024-10-14 15:22:50.160,23066,23067,23066,1,-1
2024-10-14 15:22:50.936,23066,23067,23067,1,1
2024-10-14 15:22:51.433,23066,23067,23067,1,1
2024-10-14 15:22:52.253,23066,23067,23067,1,1
2024-10-14 15:22:52.255,23066,23067,23067,2,2
2024-10-14 15:22:53.673,23066,23067,23066,1,-1
2024-10-14 15:22:53.674,23066,23067,23066,1,-1
2024-10-14 15:22:55.234,23065,23067,23067,1,1
2024-10-14 15:22:55.383,23065,23067,23067,1,1
2024-10-14 15:22:56.432,23066,23067,23067,4,4
2024-10-14 15:22:57.285,23066,23068,23068,1,1
2024-10-14 15:22:57.285,23066,23068,23068,2,2
2024-10-14 15:22:57.285,23066,23068,23068,1,1
2024-10-14 15:22:57.285,23066,23068,23068,3,3
2024-10-14 15:22:57.285,23066,23068,23068,3,3
2024-10-14 15:22:57.287,23066,23068,23069,1,1
2024-10-14 15:22:57.293,23068,23069,23069,3,3
2024-10-14 15:22:57.293,23068,23069,23069,2,2
2024-10-14 15:22:57.293,23068,23069,23070,2,2
2024-10-14 15:22:57.294,23068,23069,23070,2,2
2024-10-14 15:22:57.294,23068,23069,23070,4,4
2024-10-14 15:22:57.294,23068,23069,23070,3,3
2024-10-14 15:22:57.294,23068,23069,23070,1,1
2024-10-14 15:22:57.316,23068,23069,23071,2,2
2024-10-14 15:22:57.317,23068,23069,23071,3,3
2024-10-14 15:22:57.348,23068,23069,23072,1,1
2024-10-14 15:22:57.349,23068,23069,23072,1,1
2024-10-14 15:22:57.349,23068,23069,23072,1,1
2024-10-14 15:22:57.350,23068,23069,23072,7,7
2024-10-14 15:22:57.355,23068,23069,23072,1,1
2024-10-14 15:22:57.376,23068,23069,23073,1,1
2024-10-14 15:22:57.434,23072,23073,23073,1,1
2024-10-14 15:22:57.436,23072,23073,23073,1,1
2024-10-14 15:22:57.493,23072,23073,23073,4,4
2024-10-14 15:22:57.495,23072,23073,23073,1,1
2024-10-14 15:22:57.495,23072,23073,23074,3,3
2024-10-14 15:22:57.520,23072,23073,23073,1,1
2024-10-14 15:22:57.526,23072,23073,23073,4,4
2024-10-14 15:22:57.599,23071,23074,23074,2,2
2024-10-14 15:22:57.600,23071,23074,23074,2,2
2024-10-14 15:22:57.633,23071,23074,23075,2,2
2024-10-14 15:22:57.647,23071,23074,23075,2,2
2024-10-14 15:22:57.661,23071,23074,23075,2,2
2024-10-14 15:22:57.664,23071,23074,23075,1,1
2024-10-14 15:22:57.670,23073,23075,23075,1,1
2024-10-14 15:22:57.677,23073,23075,23075,1,1
2024-10-14 15:22:57.701,23073,23075,23075,1,1
2024-10-14 15:22:57.702,23073,23075,23073,1,-1
2024-10-14 15:22:57.731,23073,23075,23074,1,-1
2024-10-14 15:22:57.731,23073,23075,23075,2,2
2024-10-14 15:22:57.734,23073,23075,23075,1,1
2024-10-14 15:22:57.739,23073,23075,23075,1,1
2024-10-14 15:22:57.742,23073,23075,23073,1,-1
2024-10-14 15:22:57.746,23073,23075,23075,2,2
2024-10-14 15:22:57.747,23073,23075,23073,2,-2
2024-10-14 15:22:57.748,23073,23075,23075,1,1
2024-10-14 15:22:57.751,23073,23075,23075,1,1
2024-10-14 15:22:57.753,23073,23075,23073,1,-1
2024-10-14 15:22:57.760,23073,23075,23075,1,1
2024-10-14 15:22:57.767,23073,23075,23075,1,1
2024-10-14 15:22:57.767,23073,23075,23076,1,1
2024-10-14 15:22:57.781,23073,23075,23075,2,2
2024-10-14 15:22:57.795,23073,23075,23075,1,1
2024-10-14 15:22:57.796,23073,23075,23075,1,1
2024-10-14 15:22:57.796,23073,23075,23076,1,1
2024-10-14 15:22:57.796,23073,23075,23076,1,1
2024-10-14 15:22:57.796,23073,23075,23076,1,1
2024-10-14 15:22:57.817,23073,23075,23074,1,1
2024-10-14 15:22:57.820,23073,23075,23075,1,1
2024-10-14 15:22:57.820,23073,23075,23076,1,1
2024-10-14 15:22:57.826,23073,23075,23075,1,1
2024-10-14 15:22:57.828,23073,23075,23076,1,1
2024-10-14 15:22:57.831,23073,23075,23075,1,1
2024-10-14 15:22:57.835,23073,23075,23075,1,1
2024-10-14 15:22:57.839,23073,23075,23075,1,1
2024-10-14 15:22:57.843,23073,23075,23075,1,1
2024-10-14 15:22:57.853,23073,23075,23076,1,1
2024-10-14 15:22:57.857,23073,23075,23076,1,1
2024-10-14 15:22:57.859,23073,23075,23077,3,3
2024-10-14 15:22:57.859,23073,23075,23077,3,3
2024-10-14 15:22:57.861,23073,23075,23075,1,1
2024-10-14 15:22:57.863,23073,23075,23077,1,1
2024-10-14 15:22:57.864,23073,23075,23077,1,1
2024-10-14 15:22:57.867,23073,23075,23077,1,1
2024-10-14 15:22:57.879,23073,23075,23077,1,1
2024-10-14 15:22:57.880,23073,23075,23078,2,2
2024-10-14 15:22:57.882,23073,23075,23077,1,1
2024-10-14 15:22:57.882,23073,23075,23078,1,1
2024-10-14 15:22:57.890,23073,23075,23077,1,1
2024-10-14 15:22:57.890,23073,23075,23078,2,2
2024-10-14 15:22:57.899,23073,23075,23078,2,2
2024-10-14 15:22:57.904,23073,23075,23078,2,2
2024-10-14 15:22:57.905,23073,23075,23078,2,2
2024-10-14 15:22:57.907,23073,23075,23077,1,1
2024-10-14 15:22:57.912,23073,23075,23078,1,1
2024-10-14 15:22:57.912,23073,23075,23077,1,1
2024-10-14 15:22:57.915,23076,23079,23079,1,1
2024-10-14 15:22:57.922,23076,23079,23079,1,1
2024-10-14 15:22:57.922,23076,23079,23079,1,1
2024-10-14 15:22:57.926,23076,23079,23077,3,-3
2024-10-14 15:22:57.928,23076,23079,23078,1,1
2024-10-14 15:22:57.932,23076,23079,23079,1,1
2024-10-14 15:22:57.933,23076,23079,23076,1,-1
2024-10-14 15:22:57.938,23076,23079,23079,1,1
2024-10-14 15:22:57.943,23076,23079,23079,1,1
2024-10-14 15:22:57.944,23076,23079,23079,1,1
2024-10-14 15:22:57.945,23076,23079,23078,1,1
2024-10-14 15:22:57.952,23076,23079,23080,1,1
2024-10-14 15:22:57.963,23076,23079,23080,5,5
2024-10-14 15:22:57.973,23076,23079,23080,2,2
2024-10-14 15:22:57.979,23076,23079,23080,6,6
2024-10-14 15:22:57.980,23076,23079,23080,10,10
2024-10-14 15:22:57.982,23076,23079,23079,1,1
2024-10-14 15:22:57.985,23076,23079,23081,2,2
2024-10-14 15:22:57.986,23076,23079,23081,1,1
2024-10-14 15:22:57.987,23076,23079,23081,1,1
2024-10-14 15:22:57.989,23076,23079,23082,1,1
2024-10-14 15:22:57.989,23076,23079,23082,2,2
2024-10-14 15:22:57.990,23076,23079,23082,2,2
2024-10-14 15:22:57.994,23076,23079,23081,3,3
2024-10-14 15:22:57.994,23076,23079,23081,2,2
2024-10-14 15:22:57.994,23076,23079,23080,4,4
2024-10-14 15:22:57.995,23076,23079,23082,1,1
2024-10-14 15:22:58.002,23076,23079,23083,1,1
2024-10-14 15:22:58.003,23076,23079,23083,1,1
2024-10-14 15:22:58.009,23076,23079,23083,1,1
2024-10-14 15:22:58.010,23076,23079,23083,2,2
2024-10-14 15:22:58.028,23076,23079,23081,1,1
2024-10-14 15:22:58.028,23076,23079,23081,1,1
2024-10-14 15:22:58.029,23076,23079,23081,1,1
2024-10-14 15:22:58.044,23077,23080,23080,2,2
2024-10-14 15:22:58.044,23077,23080,23081,2,2
2024-10-14 15:22:58.044,23077,23080,23082,1,1
2024-10-14 15:22:58.048,23077,23080,23081,1,1
2024-10-14 15:22:58.049,23077,23080,23084,1,1
2024-10-14 15:22:58.049,23077,23080,23083,1,1
2024-10-14 15:22:58.049,23077,23080,23083,1,1
2024-10-14 15:22:58.049,23077,23080,23084,1,1
2024-10-14 15:22:58.049,23077,23080,23082,1,1
2024-10-14 15:22:58.049,23077,23080,23082,1,1
2024-10-14 15:22:58.049,23077,23080,23081,1,1
2024-10-14 15:22:58.049,23077,23080,23084,1,1
2024-10-14 15:22:58.051,23077,23080,23080,1,1
2024-10-14 15:22:58.074,23077,23080,23082,1,1
2024-10-14 15:22:58.074,23077,23080,23083,1,1
2024-10-14 15:22:58.079,23077,23080,23083,1,1
2024-10-14 15:22:58.080,23077,23080,23083,1,1
2024-10-14 15:22:58.084,23077,23080,23083,2,2
2024-10-14 15:22:58.086,23077,23080,23084,1,1
2024-10-14 15:22:58.088,23077,23080,23084,2,2
2024-10-14 15:22:58.094,23077,23080,23083,1,1
2024-10-14 15:22:58.101,23077,23080,23083,1,1
2024-10-14 15:22:58.102,23077,23080,23084,1,1
2024-10-14 15:22:58.107,23077,23080,23084,1,1
2024-10-14 15:22:58.108,23077,23080,23085,3,3
2024-10-14 15:22:58.110,23077,23080,23085,2,2
2024-10-14 15:22:58.111,23077,23080,23082,1,1
2024-10-14 15:22:58.117,23077,23080,23084,1,1
2024-10-14 15:22:58.124,23077,23080,23080,3,3
2024-10-14 15:22:58.126,23077,23080,23084,1,1
2024-10-14 15:22:58.126,23077,23080,23084,1,1
2024-10-14 15:22:58.129,23077,23080,23083,1,1
2024-10-14 15:22:58.135,23077,23080,23084,1,1
2024-10-14 15:22:58.136,23077,23080,23084,1,1
2024-10-14 15:22:58.141,23077,23080,23084,1,1
2024-10-14 15:22:58.144,23077,23080,23085,1,1
2024-10-14 15:22:58.156,23077,23080,23085,2,2
2024-10-14 15:22:58.156,23077,23080,23086,6,6
2024-10-14 15:22:58.156,23077,23080,23087,6,6
2024-10-14 15:22:58.158,23077,23080,23087,2,2
2024-10-14 15:22:58.167,23083,23087,23087,1,1
2024-10-14 15:22:58.167,23083,23087,23087,1,1
2024-10-14 15:22:58.170,23083,23087,23087,1,1
2024-10-14 15:22:58.171,23083,23087,23087,1,1
2024-10-14 15:22:58.171,23083,23087,23087,1,1
2024-10-14 15:22:58.172,23083,23087,23087,1,1
2024-10-14 15:22:58.183,23083,23087,23087,5,5
2024-10-14 15:22:58.193,23083,23087,23087,1,1
2024-10-14 15:22:58.200,23083,23087,23088,1,1
2024-10-14 15:22:58.203,23083,23087,23088,1,1
2024-10-14 15:22:58.214,23083,23087,23088,2,2
2024-10-14 15:22:58.225,23083,23087,23088,2,2
2024-10-14 15:22:58.252,23083,23087,23087,1,1
2024-10-14 15:22:58.295,23084,23088,23087,1,1
2024-10-14 15:22:58.296,23084,23088,23088,2,2
2024-10-14 15:22:58.307,23084,23088,23088,1,1
2024-10-14 15:22:58.323,23084,23088,23084,1,-1
2024-10-14 15:22:58.369,23084,23088,23085,1,-1
2024-10-14 15:22:58.376,23084,23088,23087,1,1
2024-10-14 15:22:58.380,23084,23088,23087,1,1
2024-10-14 15:22:58.383,23084,23088,23087,1,1
2024-10-14 15:22:58.428,23083,23086,23087,2,2
2024-10-14 15:22:58.432,23083,23086,23083,1,-1
2024-10-14 15:22:58.444,23083,23086,23087,1,1
2024-10-14 15:22:58.448,23083,23086,23087,1,1
2024-10-14 15:22:58.457,23083,23086,23084,1,-1
2024-10-14 15:22:58.496,23083,23086,23087,1,1
2024-10-14 15:22:58.504,23083,23086,23087,2,2
2024-10-14 15:22:58.504,23083,23086,23088,1,1
2024-10-14 15:22:58.512,23083,23086,23088,3,3
2024-10-14 15:22:58.512,23083,23086,23085,1,1
2024-10-14 15:22:58.534,23083,23086,23087,1,1
2024-10-14 15:22:58.534,23083,23086,23088,2,2
2024-10-14 15:22:58.542,23085,23088,23085,1,-1
2024-10-14 15:22:58.565,23085,23088,23088,1,1
2024-10-14 15:22:58.584,23085,23088,23088,1,1
2024-10-14 15:22:58.604,23085,23088,23088,3,3
2024-10-14 15:22:58.650,23085,23088,23088,3,3
2024-10-14 15:22:58.677,23084,23088,23088,5,5
2024-10-14 15:22:58.677,23084,23088,23089,1,1
2024-10-14 15:22:58.679,23084,23088,23085,1,-1
2024-10-14 15:22:58.690,23084,23088,23087,1,1
2024-10-14 15:22:58.693,23084,23088,23089,1,1
2024-10-14 15:22:58.694,23084,23088,23089,1,1
2024-10-14 15:22:58.699,23084,23088,23089,1,1
2024-10-14 15:22:58.734,23084,23088,23089,1,1
2024-10-14 15:22:58.767,23084,23088,23089,1,1
2024-10-14 15:22:58.804,23085,23089,23089,1,1
2024-10-14 15:22:58.815,23085,23089,23089,1,1
2024-10-14 15:22:58.828,23085,23089,23085,1,-1
2024-10-14 15:22:58.828,23085,23089,23085,2,-2
2024-10-14 15:22:58.829,23085,23089,23084,2,-2
2024-10-14 15:22:58.846,23085,23089,23088,1,1
2024-10-14 15:22:58.852,23085,23089,23088,1,1
2024-10-14 15:22:58.862,23085,23089,23089,3,3
2024-10-14 15:22:58.863,23085,23089,23084,1,-1
2024-10-14 15:22:58.867,23085,23089,23083,2,-2
2024-10-14 15:22:58.868,23085,23089,23088,1,1
2024-10-14 15:22:58.872,23085,23089,23084,1,-1
2024-10-14 15:22:58.872,23085,23089,23083,2,-2
2024-10-14 15:22:58.879,23085,23089,23083,1,-1
2024-10-14 15:22:58.891,23085,23089,23083,1,-1
2024-10-14 15:22:58.911,23085,23089,23086,1,-1
2024-10-14 15:22:58.919,23083,23087,23087,1,1
2024-10-14 15:22:58.929,23083,23087,23087,1,1
2024-10-14 15:22:58.935,23083,23087,23087,1,1
2024-10-14 15:22:58.935,23083,23087,23088,1,1
2024-10-14 15:22:58.953,23083,23087,23088,1,1
2024-10-14 15:22:58.964,23083,23087,23088,2,2
2024-10-14 15:22:58.968,23083,23087,23084,2,-2
2024-10-14 15:22:58.968,23083,23087,23083,1,-1
2024-10-14 15:22:59.010,23083,23087,23087,1,1
2024-10-14 15:22:59.011,23083,23087,23088,1,1
2024-10-14 15:22:59.024,23083,23087,23088,1,1
2024-10-14 15:22:59.045,23084,23089,23089,1,1
2024-10-14 15:22:59.045,23084,23089,23089,1,1
2024-10-14 15:22:59.045,23084,23089,23089,1,1
2024-10-14 15:22:59.045,23084,23089,23089,1,1
2024-10-14 15:22:59.045,23084,23089,23089,1,1
2024-10-14 15:22:59.099,23084,23089,23089,1,1
2024-10-14 15:22:59.108,23084,23089,23089,1,1
2024-10-14 15:22:59.110,23084,23089,23089,1,1
2024-10-14 15:22:59.131,23084,23089,23089,1,1
2024-10-14 15:22:59.144,23084,23089,23090,1,1
2024-10-14 15:22:59.162,23084,23089,23090,1,1
2024-10-14 15:22:59.200,23087,23090,23090,1,1
2024-10-14 15:22:59.207,23087,23090,23090,1,1
2024-10-14 15:22:59.221,23087,23090,23090,1,1
2024-10-14 15:22:59.238,23087,23090,23090,3,3
2024-10-14 15:22:59.238,23087,23090,23091,7,7
2024-10-14 15:22:59.238,23087,23090,23092,2,2
2024-10-14 15:22:59.242,23087,23090,23092,4,4
2024-10-14 15:22:59.245,23087,23090,23088,1,-1
2024-10-14 15:22:59.305,23088,23092,23092,1,1
2024-10-14 15:22:59.320,23088,23092,23092,1,1
2024-10-14 15:22:59.320,23088,23092,23092,1,1
2024-10-14 15:22:59.321,23088,23092,23092,1,1
2024-10-14 15:22:59.321,23088,23092,23092,1,1
2024-10-14 15:22:59.321,23088,23092,23092,1,1
2024-10-14 15:22:59.321,23088,23092,23093,1,1
2024-10-14 15:22:59.323,23088,23092,23093,1,1
2024-10-14 15:22:59.323,23088,23092,23092,1,1
2024-10-14 15:22:59.323,23088,23092,23092,1,1
2024-10-14 15:22:59.324,23088,23092,23089,1,-1
2024-10-14 15:22:59.336,23088,23092,23089,1,-1
2024-10-14 15:22:59.359,23088,23092,23091,1,1
2024-10-14 15:22:59.359,23088,23092,23092,3,3
2024-10-14 15:22:59.359,23088,23092,23093,2,2
2024-10-14 15:22:59.369,23088,23092,23093,1,1
2024-10-14 15:22:59.380,23088,23092,23093,3,3
2024-10-14 15:22:59.384,23088,23092,23093,1,1
2024-10-14 15:22:59.452,23090,23094,23094,1,1
2024-10-14 15:22:59.517,23090,23094,23092,1,1
2024-10-14 15:22:59.593,23090,23093,23093,1,1
2024-10-14 15:22:59.634,23090,23093,23092,8,8
2024-10-14 15:22:59.710,23090,23092,23092,1,1
2024-10-14 15:22:59.854,23090,23092,23090,1,-1
2024-10-14 15:22:59.862,23090,23092,23089,1,-1
2024-10-14 15:22:59.862,23090,23092,23088,3,-3
2024-10-14 15:23:00.000,23088,23091,23091,1,1
2024-10-14 15:23:00.077,23088,23091,23091,1,1
2024-10-14 15:23:00.089,23088,23091,23091,2,2
2024-10-14 15:23:00.089,23088,23091,23092,1,1
2024-10-14 15:23:00.092,23088,23091,23092,1,1
2024-10-14 15:23:00.110,23088,23091,23091,2,2
2024-10-14 15:23:00.110,23088,23091,23090,1,1
2024-10-14 15:23:00.110,23088,23091,23090,2,2
2024-10-14 15:23:00.140,23088,23091,23089,1,-1
2024-10-14 15:23:00.140,23088,23091,23090,2,2
2024-10-14 15:23:00.143,23088,23091,23092,1,1
2024-10-14 15:23:00.144,23088,23091,23093,1,1
2024-10-14 15:23:00.159,23088,23091,23093,2,2
2024-10-14 15:23:00.200,23090,23093,23090,1,-1
2024-10-14 15:23:00.207,23090,23093,23093,1,1
2024-10-14 15:23:00.258,23090,23093,23090,1,-1
2024-10-14 15:23:00.386,23089,23092,23091,1,1
2024-10-14 15:23:00.516,23089,23092,23092,1,1
2024-10-14 15:23:00.542,23089,23092,23092,1,1
2024-10-14 15:23:00.543,23089,23092,23093,1,1
2024-10-14 15:23:00.543,23089,23092,23092,1,1
2024-10-14 15:23:00.544,23089,23092,23094,1,1
2024-10-14 15:23:00.544,23089,23092,23094,1,1
2024-10-14 15:23:00.544,23089,23092,23093,1,1
2024-10-14 15:23:00.544,23089,23092,23093,1,1
2024-10-14 15:23:00.545,23089,23092,23093,1,1
2024-10-14 15:23:00.557,23089,23092,23090,2,-2
2024-10-14 15:23:00.618,23089,23092,23093,1,1
2024-10-14 15:23:00.664,23089,23092,23092,1,1
2024-10-14 15:23:00.676,23089,23092,23093,1,1
2024-10-14 15:23:00.677,23089,23092,23092,1,1
2024-10-14 15:23:00.799,23091,23093,23091,1,-1
2024-10-14 15:23:00.867,23091,23093,23092,1,-1
2024-10-14 15:23:00.874,23091,23093,23093,1,1
2024-10-14 15:23:00.943,23090,23093,23093,1,1
2024-10-14 15:23:01.045,23090,23093,23090,1,-1
2024-10-14 15:23:01.168,23090,23092,23092,1,1
2024-10-14 15:23:01.168,23090,23092,23093,1,1
2024-10-14 15:23:01.168,23090,23092,23093,1,1
2024-10-14 15:23:01.198,23090,23092,23093,2,2
2024-10-14 15:23:01.198,23090,23092,23094,1,1
2024-10-14 15:23:01.199,23090,23092,23094,1,1
2024-10-14 15:23:01.217,23090,23092,23091,3,3
2024-10-14 15:23:01.240,23090,23092,23094,1,1
2024-10-14 15:23:01.241,23090,23092,23094,1,1
2024-10-14 15:23:01.259,23090,23092,23091,3,3
2024-10-14 15:23:01.316,23090,23093,23093,1,1
2024-10-14 15:23:01.335,23090,23093,23093,1,1
2024-10-14 15:23:01.336,23090,23093,23094,1,1
2024-10-14 15:23:01.336,23090,23093,23094,1,1
2024-10-14 15:23:01.337,23090,23093,23092,1,1
2024-10-14 15:23:01.535,23091,23094,23094,1,1
2024-10-14 15:23:01.539,23091,23094,23094,1,1
2024-10-14 15:23:01.612,23091,23094,23094,1,1
2024-10-14 15:23:01.785,23091,23094,23090,1,-1
2024-10-14 15:23:01.856,23090,23092,23090,2,-2
2024-10-14 15:23:02.203,23088,23090,23090,1,1
2024-10-14 15:23:02.232,23088,23090,23088,1,-1
2024-10-14 15:23:02.333,23088,23090,23090,1,1
2024-10-14 15:23:02.436,23088,23090,23090,1,1
2024-10-14 15:23:02.450,23088,23090,23092,2,2
2024-10-14 15:23:02.454,23088,23090,23093,2,2
2024-10-14 15:23:02.455,23088,23090,23091,1,1
2024-10-14 15:23:02.457,23088,23090,23090,3,3
2024-10-14 15:23:02.458,23088,23090,23090,1,1
2024-10-14 15:23:02.458,23088,23090,23092,1,1
2024-10-14 15:23:02.458,23088,23090,23093,1,1
2024-10-14 15:23:02.459,23088,23090,23089,5,5
2024-10-14 15:23:02.619,23088,23091,23091,1,1
2024-10-14 15:23:02.620,23088,23091,23092,1,1
2024-10-14 15:23:02.704,23089,23092,23092,1,1
2024-10-14 15:23:02.707,23089,23092,23092,1,1
2024-10-14 15:23:02.708,23089,23092,23092,1,1
2024-10-14 15:23:02.709,23089,23092,23092,1,1
2024-10-14 15:23:03.107,23089,23092,23092,1,1
2024-10-14 15:23:04.286,23087,23090,23087,1,-1
2024-10-14 15:23:04.539,23086,23089,23090,6,6
2024-10-14 15:23:04.539,23086,23089,23089,3,3
2024-10-14 15:23:04.540,23090,23091,23090,1,-1
2024-10-14 15:23:04.689,23087,23090,23090,1,1
2024-10-14 15:23:05.155,23087,23091,23087,1,-1
2024-10-14 15:23:05.587,23086,23088,23086,1,-1
2024-10-14 15:23:06.218,23085,23088,23088,1,1
2024-10-14 15:23:06.218,23085,23088,23089,1,1
2024-10-14 15:23:06.218,23085,23088,23090,4,4
2024-10-14 15:23:06.293,23088,23091,23088,1,-1
2024-10-14 15:23:06.692,23087,23088,23087,2,-2
2024-10-14 15:23:08.297,23087,23088,23088,1,1
2024-10-14 15:23:08.414,23087,23088,23088,1,1
2024-10-14 15:23:08.419,23087,23089,23089,1,1
2024-10-14 15:23:08.419,23087,23089,23089,1,1
2024-10-14 15:23:08.917,23087,23089,23087,3,-3
2024-10-14 15:23:08.918,23087,23089,23086,1,-1
2024-10-14 15:23:09.099,23085,23087,23087,1,1
2024-10-14 15:23:09.361,23085,23088,23088,1,1
2024-10-14 15:23:09.460,23085,23088,23088,1,1
2024-10-14 15:23:10.402,23085,23086,23086,1,1
2024-10-14 15:23:10.463,23086,23089,23086,1,-1
2024-10-14 15:23:10.778,23085,23088,23087,1,1
2024-10-14 15:23:12.296,23085,23086,23085,1,-1
2024-10-14 15:23:12.297,23085,23086,23085,2,-2
2024-10-14 15:23:12.590,23085,23086,23086,1,1
2024-10-14 15:23:12.867,23085,23087,23085,1,-1
2024-10-14 15:23:12.869,23085,23087,23084,1,-1
2024-10-14 15:23:12.929,23083,23086,23083,1,-1
2024-10-14 15:23:13.672,23083,23086,23083,1,-1
2024-10-14 15:23:13.886,23083,23086,23083,3,-3
2024-10-14 15:23:14.481,23083,23086,23083,2,-2
2024-10-14 15:23:14.481,23083,23086,23082,3,-3
2024-10-14 15:23:15.121,23083,23086,23083,2,-2
2024-10-14 15:23:15.121,23083,23086,23082,1,-1
2024-10-14 15:23:15.755,23082,23084,23082,1,-1
2024-10-14 15:23:15.819,23081,23084,23084,2,2
2024-10-14 15:23:15.895,23081,23084,23081,1,-1
2024-10-14 15:23:15.895,23081,23084,23081,2,-2
2024-10-14 15:23:16.208,23081,23082,23081,1,-1
2024-10-14 15:23:16.253,23081,23082,23080,3,-3
2024-10-14 15:23:16.283,23081,23082,23082,1,1
2024-10-14 15:23:16.728,23081,23082,23081,1,-1
2024-10-14 15:23:17.374,23081,23082,23082,1,1
2024-10-14 15:23:19.353,23081,23082,23082,2,2
2024-10-14 15:23:19.418,23082,23083,23083,1,1
2024-10-14 15:23:19.418,23082,23083,23085,1,1
2024-10-14 15:23:21.044,23082,23084,23083,1,1
2024-10-14 15:23:21.139,23082,23084,23084,1,1
2024-10-14 15:23:22.187,23083,23084,23084,1,1
2024-10-14 15:23:22.745,23084,23085,23085,1,1
2024-10-14 15:23:23.153,23084,23087,23084,2,-2
2024-10-14 15:23:23.153,23084,23087,23083,1,-1
2024-10-14 15:23:23.273,23083,23086,23086,2,2
2024-10-14 15:23:24.251,23084,23087,23086,1,1
2024-10-14 15:23:25.453,23084,23087,23087,4,4
2024-10-14 15:23:25.453,23084,23087,23088,3,3
2024-10-14 15:23:25.780,23085,23088,23085,1,-1
2024-10-14 15:23:25.811,23085,23087,23085,1,-1
2024-10-14 15:23:26.511,23083,23086,23086,2,2
2024-10-14 15:23:27.019,23084,23087,23086,1,1
2024-10-14 15:23:27.043,23084,23087,23087,1,1
2024-10-14 15:23:27.050,23084,23087,23088,1,1
2024-10-14 15:23:29.022,23084,23085,23085,1,1
2024-10-14 15:23:29.619,23085,23088,23085,3,-3
2024-10-14 15:23:31.906,23085,23088,23087,1,1
2024-10-14 15:23:33.205,23085,23088,23088,1,1
2024-10-14 15:23:35.385,23086,23088,23086,1,-1
2024-10-14 15:23:35.385,23086,23088,23085,2,-2
2024-10-14 15:23:36.974,23085,23086,23085,2,-2
2024-10-14 15:23:38.055,23082,23084,23084,1,1
2024-10-14 15:23:40.859,23083,23085,23085,1,1
2024-10-14 15:23:40.859,23083,23085,23086,3,3
2024-10-14 15:23:41.459,23084,23086,23086,2,2
2024-10-14 15:23:42.287,23085,23087,23087,2,2
2024-10-14 15:23:42.561,23087,23089,23089,1,1
2024-10-14 15:23:42.838,23087,23089,23087,1,-1
2024-10-14 15:23:45.518,23087,23088,23088,1,1
2024-10-14 15:23:45.519,23087,23088,23089,2,2
2024-10-14 15:23:45.520,23087,23088,23089,1,1
2024-10-14 15:23:45.520,23087,23088,23090,2,2
2024-10-14 15:23:45.521,23087,23088,23090,2,2
2024-10-14 15:23:45.524,23087,23088,23090,1,1
2024-10-14 15:23:45.542,23089,23091,23091,1,1
2024-10-14 15:23:45.542,23089,23091,23091,2,2
2024-10-14 15:23:45.544,23089,23091,23091,1,1
2024-10-14 15:23:45.544,23089,23091,23090,2,2
2024-10-14 15:23:45.545,23089,23091,23090,3,3
2024-10-14 15:23:46.246,23090,23092,23091,3,3
2024-10-14 15:23:47.554,23089,23091,23091,1,1
2024-10-14 15:23:47.576,23089,23091,23091,1,1
2024-10-14 15:23:47.770,23090,23092,23090,2,-2
2024-10-14 15:23:47.971,23090,23092,23090,1,-1
2024-10-14 15:23:48.014,23090,23092,23091,1,-1
2024-10-14 15:23:48.134,23090,23092,23090,1,-1
2024-10-14 15:23:50.362,23091,23092,23092,1,1
2024-10-14 15:23:50.989,23091,23092,23092,8,8
2024-10-14 15:23:51.012,23091,23092,23092,1,1
2024-10-14 15:23:51.445,23092,23093,23092,2,-2
2024-10-14 15:23:51.445,23092,23093,23091,1,-1
2024-10-14 15:23:52.516,23091,23093,23092,1,-1
2024-10-14 15:23:53.219,23091,23093,23093,1,1
2024-10-14 15:23:54.276,23092,23094,23092,1,-1
2024-10-14 15:23:54.539,23092,23094,23092,1,-1
2024-10-14 15:23:54.539,23092,23094,23091,4,-4
2024-10-14 15:23:54.698,23090,23092,23092,1,1
2024-10-14 15:23:55.694,23090,23092,23092,2,2
2024-10-14 15:23:56.638,23090,23092,23090,11,-11
2024-10-14 15:23:56.639,23090,23092,23089,2,-2
2024-10-14 15:23:56.717,23088,23089,23088,1,-1
2024-10-14 15:23:57.243,23087,23089,23090,1,1
2024-10-14 15:23:57.681,23088,23090,23090,1,1
2024-10-14 15:23:57.700,23088,23090,23091,1,1
2024-10-14 15:23:58.824,23087,23090,23090,2,2
2024-10-14 15:24:01.710,23088,23091,23091,1,1
2024-10-14 15:24:01.715,23088,23091,23088,3,-3
2024-10-14 15:24:01.926,23087,23088,23088,1,1
2024-10-14 15:24:02.045,23087,23088,23088,1,1
2024-10-14 15:24:02.068,23087,23088,23089,4,4
2024-10-14 15:24:02.204,23087,23090,23089,1,1
2024-10-14 15:24:02.239,23087,23090,23087,1,-1
2024-10-14 15:24:02.250,23087,23090,23089,1,1
2024-10-14 15:24:02.416,23087,23089,23089,1,1
2024-10-14 15:24:02.443,23087,23089,23090,1,1
2024-10-14 15:24:02.690,23088,23090,23088,3,-3
2024-10-14 15:24:03.099,23088,23090,23091,5,5
2024-10-14 15:24:03.099,23088,23090,23090,1,1
2024-10-14 15:24:03.159,23088,23090,23088,6,-6
2024-10-14 15:24:03.159,23088,23090,23088,1,-1
2024-10-14 15:24:03.160,23088,23090,23088,1,-1
2024-10-14 15:24:03.460,23087,23088,23088,1,1
2024-10-14 15:24:03.460,23087,23088,23088,1,1
2024-10-14 15:24:05.228,23088,23091,23088,3,-3
2024-10-14 15:24:06.918,23087,23089,23088,1,-1
2024-10-14 15:24:08.517,23087,23088,23087,1,-1
2024-10-14 15:24:08.517,23087,23088,23087,1,-1
2024-10-14 15:24:08.573,23086,23088,23086,1,-1
2024-10-14 15:24:08.589,23086,23088,23086,1,-1
2024-10-14 15:24:08.691,23085,23086,23083,1,-1
2024-10-14 15:24:08.691,23085,23086,23085,1,-1
2024-10-14 15:24:08.691,23085,23086,23084,1,-1
2024-10-14 15:24:08.954,23084,23087,23086,1,1
2024-10-14 15:24:09.380,23084,23087,23087,1,1
2024-10-14 15:24:11.554,23084,23086,23086,2,2
2024-10-14 15:24:13.208,23084,23087,23084,1,-1
2024-10-14 15:24:13.367,23084,23086,23084,4,-4
2024-10-14 15:24:13.367,23084,23086,23083,1,-1
2024-10-14 15:24:14.838,23084,23087,23084,3,-3
2024-10-14 15:24:15.020,23084,23087,23083,1,-1
2024-10-14 15:24:16.884,23083,23086,23086,1,1
2024-10-14 15:24:21.450,23084,23087,23087,2,2
2024-10-14 15:24:23.560,23084,23086,23086,1,1
2024-10-14 15:24:23.894,23085,23086,23086,1,1
2024-10-14 15:24:23.981,23085,23087,23085,1,-1
2024-10-14 15:24:25.341,23084,23087,23086,1,1
2024-10-14 15:24:28.279,23085,23087,23087,4,4
2024-10-14 15:24:31.508,23086,23088,23086,1,-1
2024-10-14 15:24:31.661,23085,23088,23085,2,-2
2024-10-14 15:24:34.902,23085,23087,23085,3,-3
2024-10-14 15:24:37.667,23084,23087,23087,3,3
2024-10-14 15:24:40.293,23085,23088,23085,3,-3
2024-10-14 15:24:40.293,23085,23088,23084,2,-2
2024-10-14 15:24:43.391,23086,23088,23088,2,2
2024-10-14 15:24:49.813,23085,23087,23086,1,1
2024-10-14 15:24:50.108,23085,23087,23085,2,-2
2024-10-14 15:24:50.189,23084,23086,23084,1,-1
2024-10-14 15:24:53.099,23084,23086,23085,1,-1
2024-10-14 15:24:53.447,23084,23086,23086,1,1
2024-10-14 15:24:54.722,23084,23086,23086,1,1
2024-10-14 15:24:58.555,23084,23085,23085,1,1
2024-10-14 15:24:59.909,23084,23085,23085,1,1
2024-10-14 15:25:00.163,23084,23085,23084,3,-3
2024-10-14 15:25:00.176,23084,23085,23084,1,-1
2024-10-14 15:25:00.178,23084,23085,23085,1,1
2024-10-14 15:25:00.179,23084,23085,23085,2,2
2024-10-14 15:25:00.245,23084,23085,23084,1,-1
2024-10-14 15:25:00.310,23083,23085,23085,1,1
2024-10-14 15:25:00.554,23084,23085,23085,1,1
2024-10-14 15:25:00.642,23084,23085,23085,1,1
2024-10-14 15:25:00.680,23084,23085,23085,1,1
2024-10-14 15:25:00.689,23084,23085,23086,1,1
2024-10-14 15:25:00.731,23084,23085,23087,1,1
2024-10-14 15:25:02.813,23085,23088,23085,3,-3
2024-10-14 15:25:02.918,23084,23087,23087,1,1
2024-10-14 15:25:03.881,23086,23087,23087,1,1
2024-10-14 15:25:03.881,23086,23087,23088,9,9
2024-10-14 15:25:05.429,23086,23088,23088,2,2
2024-10-14 15:25:06.020,23087,23089,23087,2,-2
2024-10-14 15:25:06.020,23087,23089,23086,3,-3
2024-10-14 15:25:06.310,23086,23088,23088,1,1
2024-10-14 15:25:07.175,23086,23087,23086,2,-2
2024-10-14 15:25:07.293,23085,23086,23086,1,1
2024-10-14 15:25:07.294,23085,23086,23089,1,1
2024-10-14 15:25:07.294,23085,23086,23089,1,1
2024-10-14 15:25:07.294,23085,23086,23089,1,1
2024-10-14 15:25:07.294,23085,23086,23087,1,1
2024-10-14 15:25:07.294,23085,23086,23089,1,1
2024-10-14 15:25:07.295,23085,23086,23089,1,1
2024-10-14 15:25:08.439,23087,23089,23087,1,-1
2024-10-14 15:25:08.581,23085,23088,23085,1,-1
2024-10-14 15:25:08.803,23085,23088,23088,1,1
2024-10-14 15:25:10.619,23086,23089,23089,1,1
2024-10-14 15:25:12.361,23086,23089,23089,1,1
2024-10-14 15:25:13.607,23087,23090,23090,1,1
2024-10-14 15:25:16.494,23087,23088,23088,1,1
2024-10-14 15:25:16.495,23087,23088,23088,2,2
2024-10-14 15:25:16.740,23089,23090,23088,2,-2
2024-10-14 15:25:16.740,23089,23090,23089,1,-1
2024-10-14 15:25:18.814,23087,23089,23089,1,1
2024-10-14 15:25:18.814,23087,23089,23090,1,1
2024-10-14 15:25:20.881,23087,23090,23087,2,-2
2024-10-14 15:25:20.918,23087,23089,23089,1,1
2024-10-14 15:25:22.645,23087,23089,23089,5,5
2024-10-14 15:25:22.645,23087,23089,23090,5,5
2024-10-14 15:25:24.137,23088,23089,23089,3,3
2024-10-14 15:25:26.702,23090,23091,23091,2,2
2024-10-14 15:25:27.555,23090,23092,23090,1,-1
2024-10-14 15:25:27.668,23090,23092,23092,1,1
2024-10-14 15:25:28.848,23090,23092,23092,1,1
2024-10-14 15:25:31.222,23089,23091,23091,1,1
2024-10-14 15:25:33.810,23089,23092,23089,1,-1
2024-10-14 15:25:35.183,23089,23091,23089,1,-1
2024-10-14 15:25:35.184,23089,23091,23089,3,-3
2024-10-14 15:25:36.919,23088,23090,23089,1,-1
2024-10-14 15:25:38.799,23088,23091,23088,3,-3
2024-10-14 15:25:40.804,23087,23089,23087,1,-1
2024-10-14 15:25:41.961,23086,23089,23089,1,1
2024-10-14 15:25:43.710,23087,23090,23087,3,-3
2024-10-14 15:25:44.979,23085,23088,23085,1,-1
2024-10-14 15:25:48.238,23085,23087,23085,2,-2
2024-10-14 15:25:48.294,23084,23086,23086,1,1
2024-10-14 15:25:48.315,23084,23086,23086,1,1
2024-10-14 15:25:50.333,23084,23087,23086,2,2
2024-10-14 15:25:50.467,23084,23086,23084,1,-1
2024-10-14 15:25:51.565,23084,23086,23085,1,-1
2024-10-14 15:25:51.756,23084,23085,23085,1,1
2024-10-14 15:25:51.756,23084,23085,23086,5,5
2024-10-14 15:25:51.757,23084,23085,23086,4,4
2024-10-14 15:25:51.776,23084,23085,23084,3,-3
2024-10-14 15:25:53.310,23083,23086,23086,1,1
2024-10-14 15:25:53.493,23084,23087,23087,2,2
2024-10-14 15:25:53.579,23085,23087,23085,2,-2
2024-10-14 15:25:53.869,23084,23087,23084,1,-1
2024-10-14 15:25:55.350,23084,23086,23086,1,1
2024-10-14 15:25:55.467,23084,23086,23084,3,-3
2024-10-14 15:25:55.581,23083,23086,23086,3,3
2024-10-14 15:25:58.748,23084,23086,23086,1,1
2024-10-14 15:26:00.139,23084,23085,23084,1,-1
2024-10-14 15:26:00.719,23084,23085,23085,1,1
2024-10-14 15:26:00.734,23084,23085,23087,1,1
2024-10-14 15:26:00.873,23084,23087,23087,1,1
2024-10-14 15:26:03.235,23086,23088,23086,3,-3
2024-10-14 15:26:04.914,23086,23088,23086,1,-1
2024-10-14 15:26:17.971,23086,23087,23086,5,-5
2024-10-14 15:26:21.602,23086,23087,23086,1,-1
2024-10-14 15:26:25.907,23085,23086,23086,2,2
2024-10-14 15:26:28.412,23086,23087,23087,3,3
2024-10-14 15:26:31.146,23087,23088,23087,2,-2
2024-10-14 15:26:33.418,23087,23088,23088,4,4
2024-10-14 15:26:40.021,23085,23086,23086,1,1
2024-10-14 15:26:43.151,23085,23086,23085,1,-1
2024-10-14 15:26:47.283,23085,23086,23086,1,1
2024-10-14 15:26:55.648,23085,23086,23086,1,1
2024-10-14 15:26:57.918,23085,23086,23085,3,-3
2024-10-14 15:26:57.920,23085,23086,23084,1,-1
2024-10-14 15:26:58.589,23083,23084,23084,1,1
2024-10-14 15:27:00.052,23083,23085,23083,1,-1
2024-10-14 15:27:00.819,23083,23085,23085,1,1
2024-10-14 15:27:00.827,23083,23085,23085,1,1
2024-10-14 15:27:03.156,23083,23085,23085,1,1
2024-10-14 15:27:04.702,23083,23085,23084,1,1
2024-10-14 15:27:09.034,23083,23085,23083,1,-1
2024-10-14 15:27:12.622,23083,23085,23083,6,-6
2024-10-14 15:27:12.984,23082,23083,23082,2,-2
2024-10-14 15:27:18.011,23082,23084,23082,1,-1
2024-10-14 15:27:22.190,23082,23083,23082,1,-1
2024-10-14 15:27:24.623,23081,23082,23082,1,1
2024-10-14 15:27:25.305,23081,23082,23081,1,-1
2024-10-14 15:27:25.305,23081,23082,23081,1,-1
2024-10-14 15:27:25.537,23080,23081,23080,1,-1
2024-10-14 15:27:27.931,23080,23081,23080,2,-2
2024-10-14 15:27:27.932,23080,23081,23080,2,-2
2024-10-14 15:27:28.910,23079,23081,23081,1,1
2024-10-14 15:27:29.049,23079,23081,23079,4,-4
2024-10-14 15:27:29.049,23079,23081,23078,1,-1
2024-10-14 15:27:29.392,23079,23081,23079,1,-1
2024-10-14 15:27:29.400,23079,23081,23078,1,-1
2024-10-14 15:27:29.408,23079,23081,23078,5,-5
2024-10-14 15:27:29.408,23079,23081,23077,3,-3
2024-10-14 15:27:29.410,23079,23081,23077,1,-1
2024-10-14 15:27:29.573,23077,23079,23077,1,-1
2024-10-14 15:27:29.573,23077,23079,23077,1,-1
2024-10-14 15:27:29.581,23077,23079,23077,1,-1
2024-10-14 15:27:30.049,23078,23081,23078,4,-4
2024-10-14 15:27:31.684,23079,23081,23079,1,-1
2024-10-14 15:27:31.684,23079,23081,23078,4,-4
2024-10-14 15:27:32.035,23077,23080,23078,1,-1
2024-10-14 15:27:39.153,23078,23079,23078,1,-1
2024-10-14 15:27:39.366,23077,23078,23078,1,1
2024-10-14 15:27:43.640,23076,23078,23078,2,2
2024-10-14 15:27:43.669,23076,23078,23078,1,1
2024-10-14 15:27:43.728,23076,23078,23078,2,2
2024-10-14 15:27:43.728,23076,23078,23079,3,3
2024-10-14 15:27:46.088,23077,23079,23079,1,1
2024-10-14 15:27:47.693,23077,23079,23079,1,1
2024-10-14 15:27:52.263,23077,23080,23078,1,-1
2024-10-14 15:27:52.263,23077,23080,23077,1,-1
2024-10-14 15:27:54.426,23078,23079,23078,2,-2
2024-10-14 15:27:55.280,23078,23079,23078,1,-1
2024-10-14 15:27:57.305,23077,23078,23078,1,1
2024-10-14 15:27:58.591,23077,23079,23077,1,-1
2024-10-14 15:28:02.275,23077,23078,23078,1,1
2024-10-14 15:28:02.479,23077,23079,23079,1,1
2024-10-14 15:28:02.479,23077,23079,23080,1,1
2024-10-14 15:28:02.489,23077,23079,23080,1,1
2024-10-14 15:28:02.497,23077,23079,23080,1,1
2024-10-14 15:28:02.519,23077,23079,23081,1,1
2024-10-14 15:28:02.714,23078,23081,23081,1,1
2024-10-14 15:28:02.723,23078,23081,23081,5,5
2024-10-14 15:28:02.769,23078,23081,23081,1,1
2024-10-14 15:28:02.769,23078,23081,23082,4,4
2024-10-14 15:28:02.784,23078,23081,23082,1,1
2024-10-14 15:28:07.799,23080,23082,23082,3,3
2024-10-14 15:28:07.820,23080,23082,23081,1,1
2024-10-14 15:28:07.857,23080,23082,23081,1,1
2024-10-14 15:28:13.399,23082,23083,23083,1,1
2024-10-14 15:28:13.400,23082,23083,23083,1,1
2024-10-14 15:28:14.945,23083,23084,23083,1,-1
2024-10-14 15:28:15.402,23082,23083,23082,1,-1
2024-10-14 15:28:15.880,23082,23083,23082,5,-5
2024-10-14 15:28:18.392,23080,23082,23080,1,-1
2024-10-14 15:28:23.950,23080,23082,23082,1,1
2024-10-14 15:28:26.414,23080,23082,23080,2,-2
2024-10-14 15:28:36.105,23079,23081,23079,2,-2
2024-10-14 15:28:38.135,23078,23079,23078,1,-1
2024-10-14 15:28:40.744,23077,23078,23077,8,-8
2024-10-14 15:28:40.745,23077,23078,23077,5,-5
2024-10-14 15:28:40.822,23076,23077,23076,1,-1
2024-10-14 15:28:40.822,23076,23077,23075,2,-2
2024-10-14 15:28:40.901,23076,23077,23074,3,-3
2024-10-14 15:28:41.131,23074,23076,23074,1,-1
2024-10-14 15:28:41.133,23074,23076,23073,1,-1
2024-10-14 15:28:41.146,23074,23076,23073,2,-2
2024-10-14 15:28:41.165,23073,23075,23072,9,-9
2024-10-14 15:28:41.165,23073,23075,23073,4,-4
2024-10-14 15:28:41.228,23073,23075,23072,1,-1
2024-10-14 15:28:41.265,23073,23075,23071,1,-1
2024-10-14 15:28:41.268,23073,23075,23071,1,-1
2024-10-14 15:28:41.273,23073,23075,23071,2,-2
2024-10-14 15:28:41.287,23073,23075,23070,1,-1
2024-10-14 15:28:41.311,23073,23075,23070,1,-1
2024-10-14 15:28:41.381,23073,23075,23070,1,-1
2024-10-14 15:28:41.622,23070,23072,23070,1,-1
2024-10-14 15:28:42.756,23070,23072,23072,1,1
2024-10-14 15:28:42.757,23070,23072,23072,1,1
2024-10-14 15:28:46.980,23071,23072,23071,1,-1
2024-10-14 15:28:46.980,23071,23072,23070,4,-4
2024-10-14 15:28:47.500,23071,23072,23072,1,1
2024-10-14 15:28:49.309,23071,23072,23072,2,2
2024-10-14 15:28:49.813,23071,23072,23072,1,1
2024-10-14 15:28:49.994,23071,23072,23072,2,2
2024-10-14 15:28:52.128,23072,23073,23072,1,-1
2024-10-14 15:28:52.249,23071,23073,23073,1,1
2024-10-14 15:28:52.824,23072,23074,23074,1,1
2024-10-14 15:28:52.824,23072,23074,23075,1,1
2024-10-14 15:28:56.440,23073,23075,23073,3,-3
2024-10-14 15:28:59.236,23071,23074,23074,2,2
2024-10-14 15:29:01.934,23073,23074,23073,1,-1
2024-10-14 15:29:03.273,23070,23071,23071,1,1
2024-10-14 15:29:03.880,23070,23073,23072,1,1
2024-10-14 15:29:05.332,23071,23073,23073,1,1
2024-10-14 15:29:09.748,23072,23073,23073,1,1
2024-10-14 15:29:16.302,23073,23075,23075,2,2
2024-10-14 15:29:17.794,23073,23075,23075,1,1
2024-10-14 15:29:24.988,23074,23075,23074,1,-1
2024-10-14 15:29:24.993,23074,23075,23073,3,-3
2024-10-14 15:29:26.592,23073,23076,23073,1,-1
2024-10-14 15:29:33.699,23073,23075,23073,1,-1
2024-10-14 15:29:44.212,23073,23074,23074,1,1
2024-10-14 15:29:45.211,23075,23077,23077,2,2
2024-10-14 15:29:45.212,23075,23077,23077,1,1
2024-10-14 15:29:45.212,23075,23077,23077,1,1
2024-10-14 15:29:46.097,23077,23078,23077,1,-1
2024-10-14 15:29:46.568,23077,23078,23077,2,-2
2024-10-14 15:29:50.631,23077,23078,23077,1,-1
2024-10-14 15:29:51.731,23076,23077,23076,1,-1
2024-10-14 15:29:58.221,23073,23074,23074,1,1
2024-10-14 15:29:58.984,23073,23074,23074,2,2
2024-10-14 15:30:01.505,23074,23075,23075,1,1
2024-10-14 15:30:01.692,23076,23077,23077,1,1
2024-10-14 15:30:01.835,23076,23078,23078,1,1
2024-10-14 15:30:01.835,23076,23078,23078,1,1
2024-10-14 15:30:02.036,23077,23080,23080,1,1
2024-10-14 15:30:02.043,23078,23080,23078,1,-1
2024-10-14 15:30:02.046,23078,23080,23079,2,-2
2024-10-14 15:30:02.049,23078,23080,23080,1,1
2024-10-14 15:30:02.060,23078,23080,23080,1,1
2024-10-14 15:30:02.069,23078,23080,23080,1,1
2024-10-14 15:30:05.579,23074,23076,23077,1,1
2024-10-14 15:30:09.629,23075,23077,23077,1,1
2024-10-14 15:30:10.641,23075,23076,23075,1,-1
2024-10-14 15:30:10.669,23074,23076,23074,1,-1
2024-10-14 15:30:14.117,23074,23075,23074,1,-1
2024-10-14 15:30:15.638,23074,23076,23074,2,-2
2024-10-14 15:30:16.971,23074,23075,23074,1,-1
2024-10-14 15:30:28.030,23073,23074,23073,5,-5
2024-10-14 15:30:28.030,23073,23074,23073,2,-2
2024-10-14 15:30:29.281,23072,23074,23074,1,1
2024-10-14 15:30:29.294,23072,23074,23072,1,-1
2024-10-14 15:30:29.959,23072,23074,23073,1,-1
2024-10-14 15:30:37.940,23072,23073,23072,3,-3
2024-10-14 15:30:39.094,23072,23073,23072,2,-2
2024-10-14 15:30:39.740,23072,23073,23072,1,-1
2024-10-14 15:30:39.741,23072,23073,23072,1,-1
2024-10-14 15:30:39.947,23070,23072,23070,2,-2
2024-10-14 15:30:43.809,23070,23071,23071,1,1
2024-10-14 15:30:44.473,23070,23071,23070,1,-1
2024-10-14 15:30:45.363,23070,23071,23071,2,2
2024-10-14 15:30:46.050,23071,23072,23072,1,1
2024-10-14 15:30:46.050,23071,23072,23073,1,1
2024-10-14 15:30:46.050,23071,23072,23074,5,5
2024-10-14 15:30:49.100,23071,23074,23071,6,-6
2024-10-14 15:30:49.100,23071,23074,23071,1,-1
2024-10-14 15:30:49.101,23071,23074,23071,1,-1
2024-10-14 15:30:50.336,23070,23071,23071,1,1
2024-10-14 15:30:50.336,23070,23071,23071,1,1
2024-10-14 15:30:50.336,23070,23071,23071,1,1
2024-10-14 15:30:50.336,23070,23071,23071,2,2
2024-10-14 15:30:57.620,23071,23072,23071,1,-1
2024-10-14 15:30:57.622,23071,23072,23070,1,-1
2024-10-14 15:30:57.765,23069,23071,23070,1,-1
2024-10-14 15:30:59.543,23069,23070,23070,1,1
2024-10-14 15:31:05.849,23069,23070,23070,2,2
2024-10-14 15:31:05.863,23069,23070,23071,1,1
2024-10-14 15:31:08.751,23071,23074,23071,1,-1
2024-10-14 15:31:09.352,23069,23071,23072,1,1
2024-10-14 15:31:09.419,23070,23073,23073,1,1
2024-10-14 15:31:09.420,23070,23073,23074,1,1
2024-10-14 15:31:09.847,23071,23074,23071,2,-2
2024-10-14 15:31:12.054,23071,23072,23071,1,-1
2024-10-14 15:31:14.102,23070,23072,23071,2,-2
2024-10-14 15:31:14.867,23071,23072,23072,1,1
2024-10-14 15:31:14.867,23071,23072,23072,1,1
2024-10-14 15:31:15.289,23072,23073,23073,1,1
2024-10-14 15:31:15.289,23072,23073,23073,1,1
2024-10-14 15:31:15.289,23072,23073,23073,1,1
2024-10-14 15:31:15.768,23072,23073,23073,1,1
2024-10-14 15:31:16.169,23074,23075,23075,1,1
2024-10-14 15:31:16.169,23074,23075,23075,1,1
2024-10-14 15:31:18.876,23074,23077,23077,3,3
2024-10-14 15:31:24.111,23075,23076,23076,3,3
2024-10-14 15:31:24.169,23075,23077,23077,1,1
2024-10-14 15:31:24.169,23075,23077,23077,1,1
2024-10-14 15:31:24.169,23075,23077,23077,1,1
2024-10-14 15:31:24.169,23075,23077,23077,1,1
2024-10-14 15:31:24.170,23075,23077,23077,2,2
2024-10-14 15:31:24.170,23075,23077,23077,1,1
2024-10-14 15:31:24.170,23075,23077,23077,1,1
2024-10-14 15:31:28.345,23076,23077,23076,1,-1
2024-10-14 15:31:28.345,23076,23077,23075,2,-2
2024-10-14 15:31:28.782,23074,23077,23077,1,1
2024-10-14 15:31:31.713,23074,23077,23077,1,1
2024-10-14 15:31:31.795,23074,23077,23077,1,1
2024-10-14 15:31:31.795,23074,23077,23078,1,1
2024-10-14 15:31:31.795,23074,23077,23078,1,1
2024-10-14 15:31:31.796,23074,23077,23078,1,1
2024-10-14 15:31:31.796,23074,23077,23079,1,1
2024-10-14 15:31:31.802,23074,23077,23079,1,1
2024-10-14 15:31:32.053,23076,23079,23078,1,1
2024-10-14 15:31:32.053,23076,23079,23078,2,2
2024-10-14 15:31:32.299,23076,23079,23077,1,-1
2024-10-14 15:31:37.293,23076,23077,23076,1,-1
2024-10-14 15:31:39.887,23072,23075,23075,1,1
2024-10-14 15:31:39.919,23072,23075,23075,1,1
2024-10-14 15:31:39.919,23072,23075,23075,1,1
2024-10-14 15:31:39.919,23072,23075,23075,1,1
2024-10-14 15:31:39.920,23072,23075,23076,1,1
2024-10-14 15:31:39.924,23072,23075,23077,1,1
2024-10-14 15:31:46.660,23073,23074,23074,1,1
2024-10-14 15:31:48.309,23073,23074,23074,1,1
2024-10-14 15:31:48.420,23074,23077,23077,1,1
2024-10-14 15:31:48.595,23073,23075,23073,1,-1
2024-10-14 15:31:48.595,23073,23075,23072,2,-2
2024-10-14 15:31:51.605,23072,23073,23070,3,-3
2024-10-14 15:31:51.662,23072,23073,23070,1,-1
2024-10-14 15:31:51.662,23072,23073,23069,1,-1
2024-10-14 15:31:51.715,23069,23072,23069,3,-3
2024-10-14 15:32:04.034,23071,23072,23072,1,1
2024-10-14 15:32:04.606,23072,23073,23073,1,1
2024-10-14 15:32:08.341,23075,23077,23077,4,4
2024-10-14 15:32:08.341,23075,23077,23078,1,1
2024-10-14 15:32:15.013,23077,23079,23078,1,1
2024-10-14 15:32:24.513,23075,23077,23075,1,-1
2024-10-14 15:32:28.604,23075,23077,23077,2,2
2024-10-14 15:32:31.402,23076,23077,23077,2,2
2024-10-14 15:32:32.129,23076,23078,23076,1,-1
2024-10-14 15:32:37.374,23076,23078,23076,1,-1
2024-10-14 15:32:42.806,23076,23077,23076,1,-1
2024-10-14 15:32:43.000,23075,23077,23077,1,1
2024-10-14 15:32:43.815,23077,23078,23078,1,1
2024-10-14 15:32:50.427,23075,23077,23075,1,-1
2024-10-14 15:32:57.465,23076,23078,23076,2,-2
2024-10-14 15:33:01.673,23077,23078,23077,1,-1
2024-10-14 15:33:02.558,23077,23078,23078,1,1
2024-10-14 15:33:02.558,23077,23078,23078,2,2
2024-10-14 15:33:02.559,23077,23078,23078,1,1
2024-10-14 15:33:02.559,23077,23078,23078,2,2
2024-10-14 15:33:02.559,23077,23078,23078,1,1
2024-10-14 15:33:03.786,23076,23079,23079,11,11
2024-10-14 15:33:07.013,23078,23079,23079,1,1
2024-10-14 15:33:08.624,23077,23079,23079,1,1
2024-10-14 15:33:09.827,23078,23079,23079,1,1
2024-10-14 15:33:11.457,23078,23079,23079,3,3
2024-10-14 15:33:13.037,23079,23080,23079,1,-1
2024-10-14 15:33:13.471,23079,23080,23080,3,3
2024-10-14 15:33:13.654,23080,23082,23080,1,-1
2024-10-14 15:33:13.660,23080,23082,23080,1,-1
2024-10-14 15:33:21.538,23080,23081,23081,1,1
2024-10-14 15:33:21.577,23080,23081,23082,2,2
2024-10-14 15:33:21.577,23080,23081,23081,1,1
2024-10-14 15:33:21.577,23080,23081,23083,2,2
2024-10-14 15:33:26.189,23081,23082,23081,1,-1
2024-10-14 15:33:26.190,23081,23082,23081,1,-1
2024-10-14 15:33:26.488,23080,23082,23080,3,-3
2024-10-14 15:33:32.663,23078,23080,23079,1,-1
2024-10-14 15:33:34.804,23079,23080,23079,1,-1
2024-10-14 15:33:38.907,23078,23079,23079,1,1
2024-10-14 15:33:41.238,23079,23080,23079,1,-1
2024-10-14 15:33:49.958,23078,23080,23080,1,1
2024-10-14 15:33:50.953,23078,23080,23078,1,-1
2024-10-14 15:33:50.953,23078,23080,23078,1,-1
2024-10-14 15:33:50.953,23078,23080,23078,2,-2
2024-10-14 15:33:51.205,23077,23078,23078,1,1
2024-10-14 15:33:51.205,23077,23078,23079,3,3
2024-10-14 15:33:57.750,23078,23079,23079,1,1
2024-10-14 15:33:57.751,23078,23079,23079,1,1
2024-10-14 15:33:57.751,23078,23079,23079,2,2
2024-10-14 15:34:00.370,23078,23080,23078,5,-5
2024-10-14 15:34:01.032,23078,23080,23080,1,1
2024-10-14 15:34:01.038,23078,23080,23080,1,1
2024-10-14 15:34:04.761,23077,23079,23078,1,1
2024-10-14 15:34:06.807,23077,23078,23077,1,-1
2024-10-14 15:34:07.017,23076,23078,23076,3,-3
2024-10-14 15:34:07.122,23076,23077,23076,1,-1
2024-10-14 15:34:15.464,23077,23078,23078,1,1
2024-10-14 15:34:16.726,23077,23078,23078,1,1
2024-10-14 15:34:18.926,23078,23080,23080,1,1
2024-10-14 15:34:20.577,23078,23081,23081,1,1
2024-10-14 15:34:20.749,23079,23082,23078,2,-2
2024-10-14 15:34:20.749,23079,23082,23079,1,-1
2024-10-14 15:34:26.258,23078,23081,23078,3,-3
2024-10-14 15:34:26.258,23078,23081,23077,2,-2
2024-10-14 15:34:33.634,23076,23078,23076,1,-1
2024-10-14 15:34:37.116,23075,23078,23075,5,-5
2024-10-14 15:34:39.380,23075,23077,23075,1,-1
2024-10-14 15:34:40.037,23075,23077,23075,1,-1
2024-10-14 15:34:41.004,23075,23076,23075,3,-3
2024-10-14 15:34:41.590,23075,23076,23075,4,-4
2024-10-14 15:34:42.459,23073,23075,23073,1,-1
2024-10-14 15:34:42.539,23073,23075,23073,1,-1
2024-10-14 15:34:45.643,23072,23074,23071,3,-3
2024-10-14 15:35:03.333,23072,23075,23075,1,1
2024-10-14 15:35:08.743,23072,23073,23073,1,1
2024-10-14 15:35:09.161,23072,23073,23073,1,1
2024-10-14 15:35:09.685,23073,23074,23074,1,1
2024-10-14 15:35:13.860,23073,23074,23073,1,-1
2024-10-14 15:35:16.096,23073,23074,23073,4,-4
2024-10-14 15:35:20.238,23072,23073,23073,3,3
2024-10-14 15:35:24.942,23072,23073,23072,1,-1
2024-10-14 15:35:33.741,23071,23072,23071,1,-1
2024-10-14 15:35:36.490,23071,23072,23071,1,-1
2024-10-14 15:35:38.334,23071,23072,23072,2,2
2024-10-14 15:35:38.923,23071,23073,23073,1,1
2024-10-14 15:35:39.718,23073,23074,23073,1,-1
2024-10-14 15:35:54.387,23072,23074,23073,1,-1
2024-10-14 15:35:56.033,23072,23074,23072,1,-1
2024-10-14 15:36:03.586,23071,23074,23074,1,1
2024-10-14 15:36:04.580,23072,23074,23074,1,1
2024-10-14 15:36:14.174,23072,23073,23073,1,1
2024-10-14 15:36:25.218,23072,23073,23072,1,-1
2024-10-14 15:36:26.357,23071,23073,23071,1,-1
2024-10-14 15:36:35.513,23071,23072,23071,1,-1
2024-10-14 15:36:35.513,23071,23072,23071,3,-3
2024-10-14 15:36:35.513,23071,23072,23071,1,-1
2024-10-14 15:36:35.513,23071,23072,23071,4,-4
2024-10-14 15:36:35.513,23071,23072,23071,1,-1
2024-10-14 15:36:42.605,23071,23072,23071,1,-1
2024-10-14 15:36:44.785,23071,23072,23071,1,-1
2024-10-14 15:36:48.610,23070,23071,23070,1,-1
2024-10-14 15:36:51.276,23070,23071,23071,7,7
2024-10-14 15:36:56.751,23071,23074,23071,1,-1
2024-10-14 15:37:00.609,23072,23074,23072,1,-1
2024-10-14 15:37:01.131,23071,23074,23074,3,3
2024-10-14 15:37:08.111,23074,23075,23075,1,1
2024-10-14 15:37:08.111,23074,23075,23075,4,4
2024-10-14 15:37:08.112,23074,23075,23075,1,1
2024-10-14 15:37:10.383,23075,23076,23075,1,-1
2024-10-14 15:37:11.123,23074,23076,23074,3,-3
2024-10-14 15:37:22.434,23074,23075,23074,2,-2
2024-10-14 15:37:26.530,23074,23075,23075,3,3
2024-10-14 15:37:36.054,23075,23076,23075,2,-2
2024-10-14 15:37:37.432,23073,23074,23074,1,1
2024-10-14 15:37:37.432,23073,23074,23075,1,1
2024-10-14 15:37:44.672,23075,23076,23076,1,1
2024-10-14 15:37:44.673,23075,23076,23077,1,1
2024-10-14 15:37:44.673,23075,23076,23077,1,1
2024-10-14 15:37:47.450,23075,23077,23077,1,1
2024-10-14 15:37:50.218,23075,23077,23076,1,1
2024-10-14 15:37:54.227,23076,23077,23076,1,-1
2024-10-14 15:38:00.361,23075,23077,23077,3,3
2024-10-14 15:38:00.418,23076,23078,23078,1,1
2024-10-14 15:38:00.418,23076,23078,23078,1,1
2024-10-14 15:38:00.418,23076,23078,23078,1,1
2024-10-14 15:38:00.420,23076,23078,23079,1,1
2024-10-14 15:38:00.421,23076,23078,23079,1,1
2024-10-14 15:38:00.422,23076,23078,23079,1,1
2024-10-14 15:38:03.934,23077,23079,23079,1,1
2024-10-14 15:38:04.043,23077,23079,23079,2,2
2024-10-14 15:38:04.045,23077,23079,23079,1,1
2024-10-14 15:38:08.177,23078,23079,23079,1,1
2024-10-14 15:38:08.177,23078,23079,23079,5,5
2024-10-14 15:38:12.195,23079,23080,23080,1,1
2024-10-14 15:38:12.294,23079,23081,23081,1,1
2024-10-14 15:38:12.377,23079,23081,23080,3,3
2024-10-14 15:38:15.135,23079,23080,23079,1,-1
2024-10-14 15:38:18.108,23078,23080,23080,1,1
2024-10-14 15:38:18.108,23078,23080,23081,1,1
2024-10-14 15:38:22.068,23079,23080,23080,1,1
2024-10-14 15:38:22.168,23080,23081,23081,1,1
2024-10-14 15:38:22.169,23080,23081,23082,1,1
2024-10-14 15:38:22.169,23080,23081,23081,1,1
2024-10-14 15:38:22.169,23080,23081,23081,1,1
2024-10-14 15:38:22.169,23080,23081,23081,1,1
2024-10-14 15:38:22.169,23080,23081,23081,1,1
2024-10-14 15:38:22.170,23080,23081,23082,1,1
2024-10-14 15:38:22.170,23080,23081,23082,1,1
2024-10-14 15:38:22.171,23080,23081,23082,2,2
2024-10-14 15:38:25.124,23080,23081,23081,1,1
2024-10-14 15:38:28.357,23080,23082,23080,1,-1
2024-10-14 15:38:30.126,23080,23082,23080,5,-5
2024-10-14 15:38:30.170,23079,23081,23081,1,1
2024-10-14 15:38:30.170,23079,23081,23081,1,1
2024-10-14 15:38:30.170,23079,23081,23081,1,1
2024-10-14 15:38:30.170,23079,23081,23081,1,1
2024-10-14 15:38:30.170,23079,23081,23081,1,1
2024-10-14 15:38:30.170,23079,23081,23081,1,1
2024-10-14 15:38:30.244,23079,23081,23080,2,2
2024-10-14 15:38:30.244,23079,23081,23079,1,-1
2024-10-14 15:38:36.495,23079,23081,23081,1,1
2024-10-14 15:38:38.666,23079,23081,23079,3,-3
2024-10-14 15:38:40.976,23080,23081,23080,2,-2
2024-10-14 15:38:40.998,23080,23081,23080,1,-1
2024-10-14 15:38:45.035,23078,23080,23079,2,-2
2024-10-14 15:38:55.324,23079,23080,23080,1,1
2024-10-14 15:38:55.324,23079,23080,23080,1,1
2024-10-14 15:38:55.741,23079,23082,23079,3,-3
2024-10-14 15:38:59.251,23079,23081,23081,2,2
2024-10-14 15:38:59.388,23080,23082,23080,3,-3
2024-10-14 15:39:01.116,23080,23082,23080,1,-1
2024-10-14 15:39:09.907,23081,23082,23082,1,1
2024-10-14 15:39:10.677,23081,23082,23081,1,-1
2024-10-14 15:39:11.898,23080,23082,23082,1,1
2024-10-14 15:39:19.776,23081,23082,23082,4,4
2024-10-14 15:39:19.776,23081,23082,23083,1,1
2024-10-14 15:39:19.812,23082,23083,23083,4,4
2024-10-14 15:39:20.064,23082,23084,23084,1,1
2024-10-14 15:39:20.065,23082,23084,23084,4,4
2024-10-14 15:39:20.235,23083,23084,23084,1,1
2024-10-14 15:39:20.301,23083,23084,23084,1,1
2024-10-14 15:39:20.301,23083,23084,23084,1,1
2024-10-14 15:39:20.302,23083,23084,23084,6,6
2024-10-14 15:39:20.302,23083,23084,23084,1,1
2024-10-14 15:39:20.416,23084,23085,23084,1,-1
2024-10-14 15:39:20.555,23084,23085,23084,1,-1
2024-10-14 15:39:24.118,23084,23085,23085,1,1
2024-10-14 15:39:24.118,23084,23085,23085,4,4
2024-10-14 15:39:24.118,23084,23085,23085,1,1
2024-10-14 15:39:32.817,23085,23087,23086,1,1
2024-10-14 15:39:33.672,23085,23087,23085,1,-1
2024-10-14 15:39:39.080,23085,23087,23087,1,1
2024-10-14 15:39:39.080,23085,23087,23087,1,1
2024-10-14 15:39:39.080,23085,23087,23087,1,1
2024-10-14 15:39:42.109,23086,23087,23086,1,-1
2024-10-14 15:39:42.110,23086,23087,23086,1,-1
2024-10-14 15:39:44.348,23085,23087,23084,2,-2
2024-10-14 15:39:44.348,23085,23087,23085,1,-1
2024-10-14 15:39:50.320,23085,23086,23086,1,1
