2020-11-27,15:00:00,13878,13879,13894,106
2020-11-27,15:00:00,13894,13895,13894,1
2020-11-27,15:00:00,13893,13895,13895,2
2020-11-27,15:00:00,13893,13895,13895,2
2020-11-27,15:00:00,13893,13895,13896,6
2020-11-27,15:00:00,13893,13895,13896,7
2020-11-27,15:00:00,13893,13895,13897,2
2020-11-27,15:00:00,13893,13895,13897,2
2020-11-27,15:00:00,13893,13895,13897,2
2020-11-27,15:00:00,13893,13895,13898,10
2020-11-27,15:00:00,13893,13895,13897,2
2020-11-27,15:00:00,13894,13897,13897,1
2020-11-27,15:00:00,13894,13897,13894,1
2020-11-27,15:00:00,13894,13897,13897,1
2020-11-27,15:00:00,13894,13897,13897,1
2020-11-27,15:00:00,13894,13897,13897,4
2020-11-27,15:00:00,13894,13897,13897,18
2020-11-27,15:00:00,13894,13897,13897,1
2020-11-27,15:00:00,13894,13897,13897,4
2020-11-27,15:00:00,13894,13897,13897,3
2020-11-27,15:00:00,13894,13897,13897,1
2020-11-27,15:00:00,13894,13897,13897,5
2020-11-27,15:00:00,13894,13897,13898,6
2020-11-27,15:00:00,13894,13897,13898,1
2020-11-27,15:00:00,13894,13897,13898,4
2020-11-27,15:00:00,13894,13897,13898,2
2020-11-27,15:00:00,13894,13897,13899,1
2020-11-27,15:00:00,13894,13897,13899,11
2020-11-27,15:00:00,13894,13897,13899,6
2020-11-27,15:00:00,13894,13897,13899,25
2020-11-27,15:00:00,13894,13897,13899,1
2020-11-27,15:00:00,13894,13897,13900,4
2020-11-27,15:00:00,13894,13897,13900,6
2020-11-27,15:00:00,13894,13897,13900,2
2020-11-27,15:00:00,13894,13897,13900,1
2020-11-27,15:00:00,13894,13897,13899,1
2020-11-27,15:00:00,13894,13897,13900,1
2020-11-27,15:00:00,13898,13900,13900,1
2020-11-27,15:00:00,13898,13900,13901,1
2020-11-27,15:00:00,13898,13900,13902,1
2020-11-27,15:00:00,13898,13900,13900,2
2020-11-27,15:00:00,13898,13900,13901,3
2020-11-27,15:00:00,13898,13900,13902,1
2020-11-27,15:00:00,13898,13900,13902,2
2020-11-27,15:00:00,13898,13900,13902,4
2020-11-27,15:00:00,13898,13900,13903,4
2020-11-27,15:00:00,13898,13900,13904,5
2020-11-27,15:00:00,13900,13903,13903,1
2020-11-27,15:00:00,13900,13903,13905,1
2020-11-27,15:00:00,13900,13903,13905,1
2020-11-27,15:00:00,13900,13903,13905,1
2020-11-27,15:00:00,13900,13903,13905,1
2020-11-27,15:00:00,13900,13903,13901,3
2020-11-27,15:00:00,13901,13905,13901,1
2020-11-27,15:00:00,13901,13905,13905,1
2020-11-27,15:00:00,13901,13905,13905,1
2020-11-27,15:00:00,13901,13905,13905,1
2020-11-27,15:00:00,13901,13905,13905,1
2020-11-27,15:00:00,13901,13905,13901,2
2020-11-27,15:00:00,13901,13905,13901,1
2020-11-27,15:00:00,13901,13905,13901,1
2020-11-27,15:00:01,13901,13905,13905,1
2020-11-27,15:00:01,13901,13905,13906,1
2020-11-27,15:00:01,13901,13905,13904,1
2020-11-27,15:00:01,13901,13905,13903,1
2020-11-27,15:00:01,13901,13905,13901,1
2020-11-27,15:00:01,13901,13905,13901,1
2020-11-27,15:00:01,13901,13905,13901,1
2020-11-27,15:00:01,13901,13905,13901,1
2020-11-27,15:00:01,13901,13905,13901,1
2020-11-27,15:00:01,13901,13905,13901,1
2020-11-27,15:00:01,13901,13905,13901,1
2020-11-27,15:00:01,13901,13905,13903,1
2020-11-27,15:00:01,13901,13905,13901,2
2020-11-27,15:00:01,13901,13905,13901,1
2020-11-27,15:00:01,13901,13904,13901,2
2020-11-27,15:00:01,13901,13904,13901,1
2020-11-27,15:00:01,13901,13904,13904,1
2020-11-27,15:00:01,13901,13904,13901,1
2020-11-27,15:00:01,13901,13904,13901,1
2020-11-27,15:00:01,13901,13904,13901,1
2020-11-27,15:00:01,13901,13904,13901,4
2020-11-27,15:00:01,13901,13903,13903,1
2020-11-27,15:00:01,13901,13903,13901,4
2020-11-27,15:00:01,13901,13903,13901,1
2020-11-27,15:00:01,13901,13903,13902,1
2020-11-27,15:00:01,13901,13903,13902,1
2020-11-27,15:00:01,13901,13903,13901,5
2020-11-27,15:00:01,13901,13903,13902,1
2020-11-27,15:00:01,13901,13903,13901,4
2020-11-27,15:00:01,13901,13904,13904,5
2020-11-27,15:00:01,13901,13904,13905,1
2020-11-27,15:00:01,13901,13904,13904,4
2020-11-27,15:00:01,13901,13904,13905,1
2020-11-27,15:00:01,13901,13904,13906,4
2020-11-27,15:00:01,13901,13904,13905,5
2020-11-27,15:00:01,13901,13904,13904,2
2020-11-27,15:00:01,13903,13904,13903,3
2020-11-27,15:00:01,13903,13904,13902,1
2020-11-27,15:00:01,13903,13904,13903,3
2020-11-27,15:00:01,13903,13904,13904,1
2020-11-27,15:00:01,13903,13904,13904,1
2020-11-27,15:00:01,13902,13904,13901,3
2020-11-27,15:00:01,13902,13904,13902,2
2020-11-27,15:00:01,13900,13903,13900,1
2020-11-27,15:00:01,13900,13903,13903,1
2020-11-27,15:00:01,13901,13903,13901,1
2020-11-27,15:00:01,13901,13903,13901,1
2020-11-27,15:00:01,13901,13903,13901,2
2020-11-27,15:00:01,13901,13903,13903,2
2020-11-27,15:00:01,13901,13903,13903,2
2020-11-27,15:00:02,13903,13904,13904,2
2020-11-27,15:00:02,13903,13904,13905,1
2020-11-27,15:00:02,13903,13904,13905,1
2020-11-27,15:00:02,13904,13906,13904,5
2020-11-27,15:00:02,13904,13906,13904,1
2020-11-27,15:00:02,13904,13906,13906,10
2020-11-27,15:00:02,13904,13906,13907,4
2020-11-27,15:00:02,13904,13906,13908,10
2020-11-27,15:00:02,13904,13906,13905,1
2020-11-27,15:00:02,13904,13906,13906,1
2020-11-27,15:00:02,13905,13906,13905,1
2020-11-27,15:00:02,13905,13906,13903,1
2020-11-27,15:00:02,13905,13906,13904,6
2020-11-27,15:00:02,13905,13906,13904,4
2020-11-27,15:00:02,13903,13905,13905,1
2020-11-27,15:00:02,13903,13905,13906,4
2020-11-27,15:00:02,13903,13905,13903,2
2020-11-27,15:00:03,13904,13905,13904,1
2020-11-27,15:00:03,13904,13905,13903,3
2020-11-27,15:00:03,13904,13905,13903,1
2020-11-27,15:00:03,13903,13905,13905,1
2020-11-27,15:00:03,13903,13905,13905,1
2020-11-27,15:00:03,13903,13905,13905,1
2020-11-27,15:00:03,13903,13905,13904,4
2020-11-27,15:00:03,13903,13905,13904,1
2020-11-27,15:00:03,13903,13905,13905,1
2020-11-27,15:00:03,13903,13905,13902,2
2020-11-27,15:00:03,13903,13905,13903,2
2020-11-27,15:00:03,13903,13905,13904,5
2020-11-27,15:00:03,13903,13905,13905,1
2020-11-27,15:00:04,13903,13905,13904,4
2020-11-27,15:00:04,13904,13905,13904,2
2020-11-27,15:00:04,13904,13905,13905,1
2020-11-27,15:00:04,13903,13905,13905,2
2020-11-27,15:00:04,13903,13905,13905,1
2020-11-27,15:00:04,13903,13905,13905,2
2020-11-27,15:00:04,13903,13905,13905,1
2020-11-27,15:00:04,13903,13905,13903,2
2020-11-27,15:00:04,13903,13905,13903,1
2020-11-27,15:00:04,13903,13905,13903,1
2020-11-27,15:00:04,13903,13905,13902,2
2020-11-27,15:00:04,13903,13905,13903,1
2020-11-27,15:00:04,13903,13905,13902,2
2020-11-27,15:00:05,13902,13904,13902,1
2020-11-27,15:00:05,13902,13904,13902,1
2020-11-27,15:00:05,13902,13904,13903,4
2020-11-27,15:00:06,13902,13904,13904,1
2020-11-27,15:00:06,13902,13904,13904,3
2020-11-27,15:00:06,13903,13905,13905,6
2020-11-27,15:00:06,13904,13906,13903,1
2020-11-27,15:00:06,13904,13906,13904,1
2020-11-27,15:00:06,13903,13904,13903,1
2020-11-27,15:00:06,13902,13904,13902,1
2020-11-27,15:00:06,13902,13904,13904,1
2020-11-27,15:00:06,13902,13904,13903,3
2020-11-27,15:00:07,13901,13903,13901,1
2020-11-27,15:00:07,13901,13903,13903,2
2020-11-27,15:00:07,13902,13904,13904,1
2020-11-27,15:00:08,13902,13904,13902,1
2020-11-27,15:00:08,13901,13903,13900,1
2020-11-27,15:00:08,13901,13903,13901,4
2020-11-27,15:00:09,13900,13902,13902,5
2020-11-27,15:00:09,13900,13902,13902,5
2020-11-27,15:00:09,13900,13902,13900,1
2020-11-27,15:00:09,13900,13901,13901,1
2020-11-27,15:00:10,13900,13901,13900,1
2020-11-27,15:00:10,13900,13901,13901,1
2020-11-27,15:00:10,13900,13902,13900,2
2020-11-27,15:00:10,13900,13902,13900,2
2020-11-27,15:00:10,13900,13902,13900,2
2020-11-27,15:00:10,13900,13901,13900,2
2020-11-27,15:00:10,13900,13901,13901,5
2020-11-27,15:00:10,13900,13901,13902,10
2020-11-27,15:00:10,13900,13901,13903,5
2020-11-27,15:00:10,13900,13901,13904,1
2020-11-27,15:00:10,13900,13903,13900,2
2020-11-27,15:00:13,13901,13903,13902,1
2020-11-27,15:00:13,13901,13903,13901,1
2020-11-27,15:00:13,13901,13903,13901,2
2020-11-27,15:00:13,13901,13903,13901,1
2020-11-27,15:00:13,13901,13903,13901,1
2020-11-27,15:00:14,13901,13903,13901,2
2020-11-27,15:00:14,13901,13902,13901,3
2020-11-27,15:00:14,13900,13901,13900,1
2020-11-27,15:00:15,13900,13901,13901,2
2020-11-27,15:00:15,13900,13901,13902,10
2020-11-27,15:00:15,13900,13902,13902,1
2020-11-27,15:00:15,13900,13902,13902,10
2020-11-27,15:00:15,13901,13903,13903,1
2020-11-27,15:00:15,13901,13903,13903,5
2020-11-27,15:00:16,13902,13904,13901,1
2020-11-27,15:00:16,13902,13904,13902,1
2020-11-27,15:00:16,13902,13904,13901,2
2020-11-27,15:00:16,13902,13904,13901,1
2020-11-27,15:00:16,13901,13903,13901,1
2020-11-27,15:00:16,13901,13903,13901,1
2020-11-27,15:00:18,13902,13903,13903,5
2020-11-27,15:00:19,13902,13903,13903,1
2020-11-27,15:00:19,13902,13904,13902,1
2020-11-27,15:00:20,13902,13903,13903,1
2020-11-27,15:00:21,13902,13903,13903,1
2020-11-27,15:00:21,13902,13904,13904,3
2020-11-27,15:00:21,13902,13904,13904,1
2020-11-27,15:00:21,13902,13904,13905,2
2020-11-27,15:00:22,13903,13905,13905,7
2020-11-27,15:00:22,13903,13905,13905,2
2020-11-27,15:00:22,13903,13905,13905,4
2020-11-27,15:00:22,13903,13905,13905,1
2020-11-27,15:00:22,13903,13905,13905,1
2020-11-27,15:00:22,13905,13906,13906,2
2020-11-27,15:00:22,13905,13906,13906,2
2020-11-27,15:00:22,13905,13906,13906,6
2020-11-27,15:00:22,13905,13906,13906,1
2020-11-27,15:00:22,13905,13906,13906,1
2020-11-27,15:00:22,13905,13906,13906,1
2020-11-27,15:00:22,13905,13906,13906,1
2020-11-27,15:00:22,13905,13906,13905,1
2020-11-27,15:00:22,13905,13906,13905,1
2020-11-27,15:00:22,13905,13906,13905,1
2020-11-27,15:00:23,13903,13905,13905,4
2020-11-27,15:00:23,13903,13905,13906,3
2020-11-27,15:00:23,13905,13906,13905,1
2020-11-27,15:00:23,13905,13906,13905,1
2020-11-27,15:00:24,13905,13906,13906,2
2020-11-27,15:00:24,13905,13906,13906,1
2020-11-27,15:00:24,13905,13906,13906,1
2020-11-27,15:00:24,13906,13907,13907,1
2020-11-27,15:00:24,13906,13907,13907,6
2020-11-27,15:00:25,13906,13907,13907,3
2020-11-27,15:00:26,13906,13907,13906,1
2020-11-27,15:00:26,13906,13907,13906,1
2020-11-27,15:00:26,13906,13907,13907,1
2020-11-27,15:00:26,13906,13907,13907,5
2020-11-27,15:00:26,13906,13908,13908,1
2020-11-27,15:00:27,13907,13908,13908,1
2020-11-27,15:00:27,13907,13908,13908,1
2020-11-27,15:00:27,13907,13908,13908,2
2020-11-27,15:00:27,13907,13908,13908,1
2020-11-27,15:00:27,13907,13908,13908,1
2020-11-27,15:00:27,13907,13908,13908,1
2020-11-27,15:00:29,13907,13908,13908,2
2020-11-27,15:00:29,13907,13908,13907,1
2020-11-27,15:00:32,13907,13908,13908,1
2020-11-27,15:00:32,13907,13908,13908,9
2020-11-27,15:00:33,13907,13908,13908,1
2020-11-27,15:00:34,13907,13908,13907,2
2020-11-27,15:00:34,13907,13908,13907,1
2020-11-27,15:00:34,13906,13907,13907,1
2020-11-27,15:00:34,13906,13907,13907,3
2020-11-27,15:00:35,13906,13907,13907,1
2020-11-27,15:00:35,13906,13907,13907,1
2020-11-27,15:00:35,13906,13907,13905,1
2020-11-27,15:00:35,13906,13907,13906,4
2020-11-27,15:00:35,13906,13907,13905,1
2020-11-27,15:00:36,13905,13907,13907,1
2020-11-27,15:00:36,13905,13907,13907,1
2020-11-27,15:00:36,13905,13907,13907,2
2020-11-27,15:00:37,13905,13907,13907,4
2020-11-27,15:00:37,13905,13907,13908,1
2020-11-27,15:00:37,13905,13907,13905,1
2020-11-27,15:00:37,13905,13907,13907,1
2020-11-27,15:00:41,13905,13906,13905,1
2020-11-27,15:00:41,13905,13906,13906,1
2020-11-27,15:00:41,13905,13906,13905,1
2020-11-27,15:00:41,13905,13906,13905,2
2020-11-27,15:00:42,13904,13906,13904,3
2020-11-27,15:00:43,13903,13904,13904,1
2020-11-27,15:00:43,13903,13904,13905,2
2020-11-27,15:00:43,13903,13905,13903,1
2020-11-27,15:00:44,13903,13905,13903,1
2020-11-27,15:00:46,13903,13905,13905,1
2020-11-27,15:00:49,13904,13905,13905,1
2020-11-27,15:00:51,13904,13905,13904,1
2020-11-27,15:00:51,13904,13905,13904,1
2020-11-27,15:00:52,13903,13904,13903,2
2020-11-27,15:00:55,13903,13904,13903,1
2020-11-27,15:00:55,13903,13904,13903,1
2020-11-27,15:00:56,13903,13904,13903,1
2020-11-27,15:00:57,13903,13904,13903,1
2020-11-27,15:00:57,13903,13904,13902,4
2020-11-27,15:00:57,13903,13904,13903,1
2020-11-27,15:00:58,13902,13903,13903,1
2020-11-27,15:00:58,13902,13903,13902,1
2020-11-27,15:00:58,13902,13903,13902,4
2020-11-27,15:00:59,13902,13903,13903,1
2020-11-27,15:00:59,13902,13903,13903,1
2020-11-27,15:01:00,13902,13904,13904,3
2020-11-27,15:01:00,13902,13904,13904,1
2020-11-27,15:01:00,13902,13904,13903,1
2020-11-27,15:01:00,13902,13904,13903,1
2020-11-27,15:01:00,13902,13904,13902,1
2020-11-27,15:01:00,13902,13904,13904,1
2020-11-27,15:01:00,13902,13904,13904,1
2020-11-27,15:01:00,13902,13904,13904,1
2020-11-27,15:01:00,13902,13904,13903,1
2020-11-27,15:01:00,13903,13904,13903,1
2020-11-27,15:01:00,13903,13904,13904,1
2020-11-27,15:01:00,13903,13904,13905,1
2020-11-27,15:01:00,13903,13904,13903,1
2020-11-27,15:01:00,13903,13904,13903,1
2020-11-27,15:01:00,13902,13904,13902,1
2020-11-27,15:01:00,13902,13904,13902,1
2020-11-27,15:01:00,13902,13904,13904,2
2020-11-27,15:01:01,13903,13905,13903,4
2020-11-27,15:01:01,13903,13905,13901,2
2020-11-27,15:01:01,13903,13905,13902,1
2020-11-27,15:01:02,13902,13903,13902,1
2020-11-27,15:01:03,13901,13902,13902,1
2020-11-27,15:01:03,13901,13902,13902,1
2020-11-27,15:01:05,13902,13903,13902,1
2020-11-27,15:01:05,13902,13903,13901,1
2020-11-27,15:01:06,13901,13902,13902,1
2020-11-27,15:01:06,13901,13903,13901,2
2020-11-27,15:01:07,13901,13903,13901,1
2020-11-27,15:01:10,13901,13902,13902,2
2020-11-27,15:01:10,13901,13902,13902,1
2020-11-27,15:01:11,13901,13903,13901,1
2020-11-27,15:01:11,13901,13903,13901,3
2020-11-27,15:01:12,13901,13903,13901,3
2020-11-27,15:01:14,13901,13902,13902,1
2020-11-27,15:01:14,13901,13902,13901,5
2020-11-27,15:01:18,13901,13902,13902,2
2020-11-27,15:01:18,13901,13902,13901,1
2020-11-27,15:01:18,13901,13902,13901,1
2020-11-27,15:01:18,13901,13902,13901,1
2020-11-27,15:01:18,13901,13902,13902,1
2020-11-27,15:01:21,13901,13902,13901,1
2020-11-27,15:01:21,13901,13902,13901,1
2020-11-27,15:01:21,13901,13902,13902,1
2020-11-27,15:01:21,13901,13902,13902,1
2020-11-27,15:01:23,13901,13902,13901,1
2020-11-27,15:01:23,13901,13902,13901,1
2020-11-27,15:01:25,13901,13902,13901,2
2020-11-27,15:01:25,13901,13902,13901,1
2020-11-27,15:01:27,13901,13902,13902,6
2020-11-27,15:01:27,13902,13903,13902,1
2020-11-27,15:01:27,13901,13902,13902,1
2020-11-27,15:01:27,13901,13902,13902,1
2020-11-27,15:01:27,13902,13903,13902,1
2020-11-27,15:01:28,13901,13903,13901,1
2020-11-27,15:01:28,13901,13903,13901,1
2020-11-27,15:01:28,13901,13902,13901,3
2020-11-27,15:01:29,13901,13902,13902,1
2020-11-27,15:01:29,13902,13903,13902,2
2020-11-27,15:01:30,13902,13903,13902,1
2020-11-27,15:01:30,13902,13903,13902,1
2020-11-27,15:01:31,13902,13903,13902,1
2020-11-27,15:01:31,13902,13903,13903,2
2020-11-27,15:01:31,13902,13903,13902,2
2020-11-27,15:01:32,13902,13903,13903,2
2020-11-27,15:01:32,13902,13903,13902,2
2020-11-27,15:01:33,13902,13903,13902,1
2020-11-27,15:01:34,13902,13903,13902,1
2020-11-27,15:01:35,13902,13903,13903,1
2020-11-27,15:01:36,13902,13903,13902,2
2020-11-27,15:01:39,13902,13903,13902,1
2020-11-27,15:01:39,13902,13903,13903,1
2020-11-27,15:01:41,13902,13903,13902,1
2020-11-27,15:01:42,13902,13903,13903,1
2020-11-27,15:01:43,13902,13903,13902,16
2020-11-27,15:01:43,13901,13902,13902,1
2020-11-27,15:01:44,13901,13902,13902,1
2020-11-27,15:01:45,13902,13903,13903,2
2020-11-27,15:01:46,13902,13903,13903,7
2020-11-27,15:01:46,13902,13903,13903,4
2020-11-27,15:01:46,13902,13903,13903,1
2020-11-27,15:01:46,13902,13903,13903,3
2020-11-27,15:01:46,13902,13903,13903,1
2020-11-27,15:01:46,13903,13904,13903,4
2020-11-27,15:01:46,13903,13904,13903,1
2020-11-27,15:01:55,13902,13903,13903,5
2020-11-27,15:01:55,13902,13903,13903,1
2020-11-27,15:01:56,13902,13903,13903,4
2020-11-27,15:01:56,13902,13903,13904,8
2020-11-27,15:01:56,13902,13904,13902,3
2020-11-27,15:02:00,13902,13903,13903,1
2020-11-27,15:02:00,13902,13903,13903,1
2020-11-27,15:02:01,13902,13903,13903,1
2020-11-27,15:02:02,13902,13903,13902,4
2020-11-27,15:02:03,13902,13903,13903,1
2020-11-27,15:02:03,13902,13903,13902,2
2020-11-27,15:02:09,13901,13902,13902,5
2020-11-27,15:02:12,13901,13902,13902,1
2020-11-27,15:02:15,13902,13903,13902,1
2020-11-27,15:02:15,13902,13903,13902,1
2020-11-27,15:02:16,13902,13903,13902,4
2020-11-27,15:02:16,13902,13903,13902,2
2020-11-27,15:02:20,13901,13902,13902,7
2020-11-27,15:02:20,13901,13902,13902,2
2020-11-27,15:02:21,13901,13902,13902,5
2020-11-27,15:02:21,13901,13902,13903,18
2020-11-27,15:02:21,13901,13902,13904,19
2020-11-27,15:02:21,13901,13902,13905,5
2020-11-27,15:02:22,13902,13904,13902,3
2020-11-27,15:02:22,13902,13904,13902,1
2020-11-27,15:02:28,13902,13903,13902,1
2020-11-27,15:02:28,13902,13903,13902,2
2020-11-27,15:02:28,13901,13902,13901,1
2020-11-27,15:02:29,13901,13902,13902,8
2020-11-27,15:02:30,13901,13902,13902,1
2020-11-27,15:02:30,13901,13903,13901,10
2020-11-27,15:02:37,13901,13902,13902,7
2020-11-27,15:02:37,13901,13902,13901,1
2020-11-27,15:02:38,13901,13902,13902,1
2020-11-27,15:02:39,13901,13902,13901,1
2020-11-27,15:02:40,13901,13902,13901,1
2020-11-27,15:02:40,13901,13902,13901,2
2020-11-27,15:02:42,13901,13902,13901,6
2020-11-27,15:02:45,13900,13901,13900,16
2020-11-27,15:02:50,13899,13900,13899,1
2020-11-27,15:02:50,13899,13900,13899,1
2020-11-27,15:02:51,13899,13900,13899,1
2020-11-27,15:02:51,13899,13900,13899,1
2020-11-27,15:02:53,13899,13900,13899,1
2020-11-27,15:02:55,13899,13900,13899,10
2020-11-27,15:02:58,13899,13900,13899,2
2020-11-27,15:02:59,13899,13900,13899,2
2020-11-27,15:03:00,13899,13900,13900,1
2020-11-27,15:03:01,13899,13900,13899,1
2020-11-27,15:03:02,13899,13900,13899,6
2020-11-27,15:03:02,13899,13900,13899,1
2020-11-27,15:03:02,13899,13900,13898,1
2020-11-27,15:03:02,13899,13900,13899,1
2020-11-27,15:03:05,13898,13899,13899,1
2020-11-27,15:03:05,13898,13900,13900,1
2020-11-27,15:03:10,13899,13900,13899,1
2020-11-27,15:03:11,13899,13900,13900,1
2020-11-27,15:03:17,13899,13900,13899,1
2020-11-27,15:03:17,13898,13899,13899,1
2020-11-27,15:03:20,13899,13900,13899,1
2020-11-27,15:03:21,13898,13899,13899,1
2020-11-27,15:03:22,13899,13900,13899,1
2020-11-27,15:03:25,13898,13899,13899,1
2020-11-27,15:03:27,13898,13899,13899,1
2020-11-27,15:03:33,13898,13899,13898,1
2020-11-27,15:03:36,13898,13899,13898,1
2020-11-27,15:03:41,13898,13899,13898,1
2020-11-27,15:03:44,13898,13899,13899,1
2020-11-27,15:03:47,13898,13899,13899,2
2020-11-27,15:03:50,13898,13899,13899,3
2020-11-27,15:03:59,13899,13900,13900,3
2020-11-27,15:03:59,13899,13900,13900,27
2020-11-27,15:03:59,13900,13901,13901,1
2020-11-27,15:03:59,13900,13901,13901,3
2020-11-27,15:03:59,13900,13901,13901,1
2020-11-27,15:03:59,13900,13901,13901,3
2020-11-27,15:03:59,13900,13902,13902,1
2020-11-27,15:04:02,13901,13902,13901,3
2020-11-27,15:04:02,13901,13902,13901,1
2020-11-27,15:04:02,13901,13902,13900,1
2020-11-27,15:04:03,13900,13902,13902,2
2020-11-27,15:04:05,13901,13902,13901,1
2020-11-27,15:04:08,13901,13902,13901,1
2020-11-27,15:04:08,13901,13902,13902,1
2020-11-27,15:04:09,13901,13902,13901,1
2020-11-27,15:04:11,13901,13902,13901,1
2020-11-27,15:04:21,13901,13902,13902,5
2020-11-27,15:04:21,13901,13902,13901,1
2020-11-27,15:04:25,13901,13902,13902,3
2020-11-27,15:04:25,13901,13902,13902,1
2020-11-27,15:04:25,13901,13902,13902,1
2020-11-27,15:04:25,13901,13902,13902,4
2020-11-27,15:04:25,13901,13902,13902,2
2020-11-27,15:04:25,13901,13902,13902,2
2020-11-27,15:04:25,13901,13902,13902,2
2020-11-27,15:04:25,13901,13902,13902,1
2020-11-27,15:04:27,13902,13903,13903,7
2020-11-27,15:04:27,13902,13903,13903,2
2020-11-27,15:04:27,13903,13904,13904,7
2020-11-27,15:04:27,13903,13904,13903,1
2020-11-27,15:04:28,13902,13904,13902,1
2020-11-27,15:04:29,13903,13904,13904,1
2020-11-27,15:04:31,13903,13904,13903,1
2020-11-27,15:04:33,13902,13903,13903,1
2020-11-27,15:04:33,13902,13904,13904,1
2020-11-27,15:04:34,13902,13903,13903,1
2020-11-27,15:04:35,13902,13903,13903,2
2020-11-27,15:04:38,13902,13903,13903,1
2020-11-27,15:04:38,13902,13903,13903,1
2020-11-27,15:04:38,13902,13903,13903,1
2020-11-27,15:04:38,13902,13904,13904,2
2020-11-27,15:04:40,13903,13904,13902,15
2020-11-27,15:04:40,13903,13904,13903,1
2020-11-27,15:04:40,13903,13904,13902,4
2020-11-27,15:04:40,13903,13904,13902,2
2020-11-27,15:04:40,13903,13904,13902,5
2020-11-27,15:04:43,13901,13903,13903,2
2020-11-27,15:04:45,13902,13903,13903,1
2020-11-27,15:04:45,13902,13903,13903,1
2020-11-27,15:04:46,13903,13904,13904,3
2020-11-27,15:04:46,13903,13904,13903,1
2020-11-27,15:04:49,13903,13904,13903,1
2020-11-27,15:04:50,13902,13903,13903,1
2020-11-27,15:04:51,13902,13903,13903,1
2020-11-27,15:04:52,13902,13903,13903,1
2020-11-27,15:04:56,13902,13903,13902,1
2020-11-27,15:05:00,13902,13903,13902,1
2020-11-27,15:05:01,13902,13903,13903,1
2020-11-27,15:05:01,13902,13903,13903,2
2020-11-27,15:05:01,13902,13903,13903,1
2020-11-27,15:05:01,13902,13903,13903,1
2020-11-27,15:05:01,13902,13903,13903,1
2020-11-27,15:05:01,13902,13903,13903,1
2020-11-27,15:05:01,13902,13903,13903,1
2020-11-27,15:05:01,13902,13903,13903,1
2020-11-27,15:05:01,13902,13903,13903,1
2020-11-27,15:05:02,13902,13903,13902,1
2020-11-27,15:05:02,13902,13903,13902,4
2020-11-27,15:05:05,13902,13903,13903,2
2020-11-27,15:05:05,13903,13904,13903,1
2020-11-27,15:05:06,13903,13904,13903,1
2020-11-27,15:05:07,13902,13903,13902,1
2020-11-27,15:05:08,13902,13903,13902,1
2020-11-27,15:05:09,13902,13903,13902,1
2020-11-27,15:05:09,13902,13903,13902,1
2020-11-27,15:05:10,13902,13903,13902,1
2020-11-27,15:05:11,13902,13903,13902,1
2020-11-27,15:05:12,13902,13903,13903,3
2020-11-27,15:05:12,13902,13903,13904,4
2020-11-27,15:05:15,13902,13903,13903,1
2020-11-27,15:05:18,13902,13903,13903,2
2020-11-27,15:05:18,13903,13904,13903,1
2020-11-27,15:05:20,13902,13903,13902,1
2020-11-27,15:05:20,13902,13903,13902,1
2020-11-27,15:05:25,13902,13903,13902,1
2020-11-27,15:05:28,13902,13903,13902,1
2020-11-27,15:05:30,13902,13903,13902,2
2020-11-27,15:05:30,13902,13903,13902,1
2020-11-27,15:05:31,13902,13903,13902,1
2020-11-27,15:05:40,13902,13903,13902,1
2020-11-27,15:05:47,13901,13902,13902,1
2020-11-27,15:05:49,13901,13902,13901,3
2020-11-27,15:05:50,13901,13902,13902,1
2020-11-27,15:05:56,13901,13902,13901,3
2020-11-27,15:06:00,13901,13902,13902,1
2020-11-27,15:06:00,13901,13902,13902,1
2020-11-27,15:06:00,13901,13902,13903,1
2020-11-27,15:06:00,13901,13903,13901,1
2020-11-27,15:06:01,13901,13903,13903,2
2020-11-27,15:06:02,13901,13902,13901,1
2020-11-27,15:06:03,13901,13902,13902,1
2020-11-27,15:06:07,13901,13902,13902,1
2020-11-27,15:06:07,13901,13902,13902,2
2020-11-27,15:06:09,13901,13903,13903,1
2020-11-27,15:06:12,13901,13902,13902,3
2020-11-27,15:06:18,13901,13902,13901,1
2020-11-27,15:06:21,13901,13902,13902,5
2020-11-27,15:06:22,13901,13902,13902,1
2020-11-27,15:06:22,13901,13902,13903,4
2020-11-27,15:06:25,13902,13903,13902,1
2020-11-27,15:06:27,13901,13902,13902,1
2020-11-27,15:06:29,13901,13902,13902,3
2020-11-27,15:06:30,13901,13902,13902,1
2020-11-27,15:06:31,13901,13902,13902,1
2020-11-27,15:06:33,13901,13902,13902,1
2020-11-27,15:06:33,13901,13902,13901,1
2020-11-27,15:06:38,13901,13902,13901,1
2020-11-27,15:06:42,13901,13902,13901,4
2020-11-27,15:06:42,13901,13902,13901,5
2020-11-27,15:06:45,13900,13901,13900,1
2020-11-27,15:06:45,13900,13901,13900,4
2020-11-27,15:06:45,13900,13901,13900,35
2020-11-27,15:06:45,13900,13901,13900,1
2020-11-27,15:06:49,13899,13900,13900,1
2020-11-27,15:06:51,13899,13900,13899,3
2020-11-27,15:06:54,13899,13900,13899,1
2020-11-27,15:06:54,13899,13900,13899,4
2020-11-27,15:06:54,13899,13900,13899,1
2020-11-27,15:06:54,13899,13900,13899,1
2020-11-27,15:06:54,13899,13900,13899,1
2020-11-27,15:06:54,13899,13900,13899,1
2020-11-27,15:06:54,13899,13900,13899,1
2020-11-27,15:06:54,13899,13900,13899,3
2020-11-27,15:06:54,13899,13900,13899,1
2020-11-27,15:06:54,13899,13900,13899,4
2020-11-27,15:06:54,13898,13899,13899,1
2020-11-27,15:06:55,13898,13900,13899,1
2020-11-27,15:06:58,13899,13900,13899,1
2020-11-27,15:06:59,13899,13900,13899,1
2020-11-27,15:06:59,13899,13900,13899,1
2020-11-27,15:07:01,13899,13900,13899,1
2020-11-27,15:07:06,13898,13899,13899,1
2020-11-27,15:07:06,13898,13899,13899,2
2020-11-27,15:07:12,13899,13900,13899,1
2020-11-27,15:07:13,13899,13900,13899,1
2020-11-27,15:07:15,13899,13900,13900,9
2020-11-27,15:07:16,13900,13901,13900,1
2020-11-27,15:07:16,13900,13901,13899,1
2020-11-27,15:07:19,13899,13901,13901,7
2020-11-27,15:07:21,13899,13900,13900,1
2020-11-27,15:07:22,13900,13901,13900,1
2020-11-27,15:07:25,13899,13900,13900,1
2020-11-27,15:07:26,13899,13900,13899,1
2020-11-27,15:07:29,13899,13900,13899,1
2020-11-27,15:07:35,13899,13900,13899,1
2020-11-27,15:07:38,13899,13900,13899,1
2020-11-27,15:07:40,13899,13900,13899,3
2020-11-27,15:07:44,13898,13899,13899,3
2020-11-27,15:07:48,13898,13899,13899,1
2020-11-27,15:07:52,13898,13899,13899,4
2020-11-27,15:07:56,13899,13900,13899,1
2020-11-27,15:08:00,13899,13900,13899,3
2020-11-27,15:08:02,13899,13900,13899,2
2020-11-27,15:08:04,13898,13899,13899,2
2020-11-27,15:08:20,13898,13899,13899,2
2020-11-27,15:08:20,13898,13899,13898,1
2020-11-27,15:08:23,13898,13899,13898,1
2020-11-27,15:08:26,13898,13899,13898,1
2020-11-27,15:08:29,13898,13899,13898,1
2020-11-27,15:08:30,13898,13899,13898,1
2020-11-27,15:08:31,13898,13899,13898,3
2020-11-27,15:08:32,13898,13899,13898,1
2020-11-27,15:08:32,13898,13899,13898,1
2020-11-27,15:08:32,13898,13899,13898,1
2020-11-27,15:08:33,13898,13899,13898,1
2020-11-27,15:08:33,13898,13899,13898,1
2020-11-27,15:08:34,13898,13899,13898,1
2020-11-27,15:08:35,13898,13899,13898,2
2020-11-27,15:08:37,13898,13899,13898,1
2020-11-27,15:08:37,13897,13898,13896,38
2020-11-27,15:08:37,13897,13898,13897,62
2020-11-27,15:08:38,13895,13896,13895,2
2020-11-27,15:08:38,13895,13896,13895,2
2020-11-27,15:08:38,13895,13896,13895,1
2020-11-27,15:08:42,13895,13896,13896,2
2020-11-27,15:08:42,13895,13896,13895,10
2020-11-27,15:08:45,13895,13896,13895,1
2020-11-27,15:08:46,13895,13896,13895,1
2020-11-27,15:08:46,13895,13896,13895,1
2020-11-27,15:08:47,13895,13896,13895,1
2020-11-27,15:08:48,13895,13896,13895,3
2020-11-27,15:08:49,13895,13896,13895,4
2020-11-27,15:08:50,13895,13896,13895,3
2020-11-27,15:08:50,13894,13896,13894,3
2020-11-27,15:08:50,13893,13895,13893,1
2020-11-27,15:08:52,13893,13895,13893,1
2020-11-27,15:08:52,13893,13895,13893,1
2020-11-27,15:08:54,13894,13895,13894,1
2020-11-27,15:08:55,13894,13895,13894,1
2020-11-27,15:08:55,13894,13895,13895,1
2020-11-27,15:08:56,13894,13895,13894,2
2020-11-27,15:08:56,13894,13895,13894,1
2020-11-27,15:09:00,13894,13895,13895,2
2020-11-27,15:09:00,13894,13895,13895,1
2020-11-27,15:09:01,13894,13895,13894,1
2020-11-27,15:09:01,13894,13895,13894,3
2020-11-27,15:09:02,13894,13895,13894,1
2020-11-27,15:09:04,13894,13895,13894,2
2020-11-27,15:09:05,13894,13895,13894,3
2020-11-27,15:09:06,13894,13895,13895,1
2020-11-27,15:09:06,13894,13895,13895,2
2020-11-27,15:09:07,13895,13896,13895,1
2020-11-27,15:09:12,13894,13895,13895,1
2020-11-27,15:09:14,13894,13896,13894,1
2020-11-27,15:09:15,13894,13896,13894,2
2020-11-27,15:09:18,13894,13895,13894,4
2020-11-27,15:09:19,13894,13895,13894,1
2020-11-27,15:09:19,13894,13895,13894,1
2020-11-27,15:09:22,13893,13895,13893,3
2020-11-27,15:09:22,13893,13895,13892,5
2020-11-27,15:09:22,13893,13895,13893,5
2020-11-27,15:09:23,13892,13893,13891,3
2020-11-27,15:09:23,13892,13893,13892,7
2020-11-27,15:09:23,13891,13893,13891,1
2020-11-27,15:09:23,13891,13893,13891,4
2020-11-27,15:09:24,13891,13892,13890,2
2020-11-27,15:09:24,13891,13892,13891,8
2020-11-27,15:09:24,13890,13891,13890,1
2020-11-27,15:09:25,13890,13891,13890,2
2020-11-27,15:09:25,13890,13891,13890,2
2020-11-27,15:09:25,13890,13891,13890,3
2020-11-27,15:09:25,13890,13891,13889,2
2020-11-27,15:09:25,13890,13891,13889,2
2020-11-27,15:09:25,13889,13890,13889,1
2020-11-27,15:09:25,13889,13890,13890,1
2020-11-27,15:09:25,13889,13890,13889,3
2020-11-27,15:09:26,13889,13890,13889,1
2020-11-27,15:09:28,13888,13889,13889,1
2020-11-27,15:09:28,13889,13890,13889,1
2020-11-27,15:09:29,13889,13890,13889,1
2020-11-27,15:09:29,13889,13890,13889,1
2020-11-27,15:09:30,13889,13890,13890,2
2020-11-27,15:09:30,13889,13890,13889,1
2020-11-27,15:09:30,13889,13890,13890,1
2020-11-27,15:09:31,13890,13892,13890,1
2020-11-27,15:09:31,13890,13892,13890,1
2020-11-27,15:09:31,13890,13892,13890,1
2020-11-27,15:09:31,13890,13892,13890,1
2020-11-27,15:09:31,13889,13891,13891,2
2020-11-27,15:09:32,13890,13892,13890,1
2020-11-27,15:09:32,13890,13892,13892,2
2020-11-27,15:09:34,13890,13891,13890,3
2020-11-27,15:09:38,13890,13891,13890,4
2020-11-27,15:09:38,13890,13891,13891,1
2020-11-27,15:09:39,13890,13892,13890,4
2020-11-27,15:09:39,13890,13892,13890,1
2020-11-27,15:09:39,13890,13892,13890,1
2020-11-27,15:09:40,13890,13891,13891,1
2020-11-27,15:09:43,13891,13893,13891,4
2020-11-27,15:09:43,13890,13892,13892,1
2020-11-27,15:09:44,13891,13893,13891,1
2020-11-27,15:09:47,13891,13893,13891,2
2020-11-27,15:09:49,13891,13893,13892,1
2020-11-27,15:09:51,13891,13893,13891,3
2020-11-27,15:09:52,13891,13893,13891,1
2020-11-27,15:09:54,13891,13892,13891,1
2020-11-27,15:09:54,13891,13892,13891,1
2020-11-27,15:09:58,13891,13892,13891,2
2020-11-27,15:10:03,13891,13892,13892,4
2020-11-27,15:10:03,13892,13894,13892,1
2020-11-27,15:10:03,13891,13893,13891,1
2020-11-27,15:10:03,13891,13893,13891,1
2020-11-27,15:10:07,13891,13893,13893,1
2020-11-27,15:10:09,13893,13894,13893,1
2020-11-27,15:10:13,13892,13894,13893,2
2020-11-27,15:10:21,13893,13894,13894,1
2020-11-27,15:10:24,13893,13894,13894,1
2020-11-27,15:10:24,13894,13895,13894,1
2020-11-27,15:10:36,13894,13895,13894,1
2020-11-27,15:10:51,13894,13895,13894,1
2020-11-27,15:10:52,13894,13895,13895,1
2020-11-27,15:11:00,13894,13895,13895,4
2020-11-27,15:11:02,13894,13895,13894,1
2020-11-27,15:11:03,13894,13895,13895,1
2020-11-27,15:11:04,13894,13895,13895,4
2020-11-27,15:11:04,13894,13895,13895,4
2020-11-27,15:11:09,13895,13896,13895,2
2020-11-27,15:11:14,13895,13896,13895,2
2020-11-27,15:11:15,13894,13896,13896,2
2020-11-27,15:11:19,13894,13895,13894,8
2020-11-27,15:11:19,13894,13895,13894,1
2020-11-27,15:11:19,13893,13895,13895,4
2020-11-27,15:11:23,13893,13894,13893,3
2020-11-27,15:11:25,13893,13894,13894,2
2020-11-27,15:11:28,13894,13895,13894,1
2020-11-27,15:11:31,13894,13895,13894,1
2020-11-27,15:11:34,13894,13895,13895,1
2020-11-27,15:11:34,13894,13895,13894,1
2020-11-27,15:11:36,13894,13895,13894,1
2020-11-27,15:11:37,13894,13895,13894,3
2020-11-27,15:11:48,13894,13895,13894,1
2020-11-27,15:11:52,13894,13895,13894,5
2020-11-27,15:11:53,13893,13894,13894,1
2020-11-27,15:11:56,13893,13895,13895,2
2020-11-27,15:11:56,13893,13895,13893,1
2020-11-27,15:11:57,13893,13895,13893,3
2020-11-27,15:11:58,13893,13894,13894,1
2020-11-27,15:12:04,13893,13894,13894,1
2020-11-27,15:12:05,13894,13895,13895,1
2020-11-27,15:12:05,13894,13895,13894,1
2020-11-27,15:12:25,13893,13895,13894,4
2020-11-27,15:12:29,13894,13895,13894,1
2020-11-27,15:12:33,13893,13894,13894,1
2020-11-27,15:12:34,13894,13895,13894,1
2020-11-27,15:12:36,13894,13895,13894,2
2020-11-27,15:12:40,13893,13894,13894,1
2020-11-27,15:12:40,13893,13894,13894,4
2020-11-27,15:12:42,13894,13895,13894,3
2020-11-27,15:12:58,13894,13895,13894,1
2020-11-27,15:13:00,13894,13895,13895,1
2020-11-27,15:13:13,13894,13895,13895,1
2020-11-27,15:13:13,13894,13895,13895,5
2020-11-27,15:13:13,13894,13895,13895,1
2020-11-27,15:13:13,13894,13895,13895,4
2020-11-27,15:13:13,13894,13895,13895,1
2020-11-27,15:13:13,13894,13895,13895,4
2020-11-27,15:13:13,13894,13895,13895,1
2020-11-27,15:13:13,13894,13895,13895,1
2020-11-27,15:13:13,13894,13895,13895,10
2020-11-27,15:13:14,13895,13896,13895,6
2020-11-27,15:13:14,13895,13896,13895,19
2020-11-27,15:13:14,13895,13896,13895,1
2020-11-27,15:13:19,13895,13896,13895,12
2020-11-27,15:13:19,13895,13896,13895,13
2020-11-27,15:13:19,13895,13896,13895,1
2020-11-27,15:13:19,13894,13896,13896,1
2020-11-27,15:13:24,13895,13896,13896,1
2020-11-27,15:13:24,13895,13896,13896,1
2020-11-27,15:13:25,13895,13896,13896,1
2020-11-27,15:13:28,13896,13897,13897,3
2020-11-27,15:13:31,13897,13898,13898,1
2020-11-27,15:13:31,13897,13898,13897,1
2020-11-27,15:13:31,13897,13898,13898,1
2020-11-27,15:13:36,13897,13898,13898,1
2020-11-27,15:13:41,13897,13898,13898,1
2020-11-27,15:13:46,13898,13899,13898,1
2020-11-27,15:13:48,13898,13899,13899,5
2020-11-27,15:13:49,13898,13899,13899,3
2020-11-27,15:13:49,13898,13899,13900,1
2020-11-27,15:13:49,13898,13900,13900,5
2020-11-27,15:13:49,13898,13900,13900,5
2020-11-27,15:13:49,13898,13900,13900,3
2020-11-27,15:13:49,13898,13900,13901,2
2020-11-27,15:13:50,13898,13900,13900,5
2020-11-27,15:13:50,13898,13900,13900,3
2020-11-27,15:13:50,13898,13900,13901,2
2020-11-27,15:13:50,13899,13900,13900,4
2020-11-27,15:13:50,13899,13900,13901,1
2020-11-27,15:13:51,13899,13901,13901,5
2020-11-27,15:13:53,13899,13901,13901,1
2020-11-27,15:13:55,13899,13900,13900,1
2020-11-27,15:13:56,13899,13901,13901,1
2020-11-27,15:13:56,13899,13901,13901,1
2020-11-27,15:13:57,13899,13901,13901,3
2020-11-27,15:13:58,13899,13901,13901,1
2020-11-27,15:13:59,13900,13901,13900,1
2020-11-27,15:13:59,13900,13901,13899,1
2020-11-27,15:13:59,13900,13901,13900,1
2020-11-27,15:14:05,13899,13900,13900,1
2020-11-27,15:14:07,13899,13900,13900,1
2020-11-27,15:14:07,13899,13900,13900,1
2020-11-27,15:14:07,13899,13900,13900,1
2020-11-27,15:14:07,13899,13900,13900,1
2020-11-27,15:14:08,13899,13900,13899,5
2020-11-27,15:14:13,13899,13900,13900,3
2020-11-27,15:14:13,13900,13901,13900,1
2020-11-27,15:14:13,13900,13901,13900,1
2020-11-27,15:14:13,13900,13901,13900,1
2020-11-27,15:14:13,13900,13901,13900,1
2020-11-27,15:14:19,13899,13900,13900,1
2020-11-27,15:14:21,13899,13900,13899,1
2020-11-27,15:14:28,13899,13900,13899,1
2020-11-27,15:14:44,13899,13900,13899,1
2020-11-27,15:14:51,13899,13900,13900,1
2020-11-27,15:14:52,13899,13900,13900,1
2020-11-27,15:15:00,13899,13900,13900,2
2020-11-27,15:15:00,13899,13900,13900,4
2020-11-27,15:15:00,13899,13900,13900,1
2020-11-27,15:15:02,13900,13901,13900,4
2020-11-27,15:15:02,13900,13901,13901,1
2020-11-27,15:15:04,13900,13901,13900,3
2020-11-27,15:15:04,13900,13901,13901,1
2020-11-27,15:15:06,13900,13901,13901,1
2020-11-27,15:15:11,13900,13901,13901,1
2020-11-27,15:15:22,13900,13901,13901,5
2020-11-27,15:15:29,13900,13901,13901,2
2020-11-27,15:15:34,13901,13902,13901,1
2020-11-27,15:15:39,13900,13901,13900,6
2020-11-27,15:15:40,13900,13901,13900,1
2020-11-27,15:16:00,13899,13900,13900,4
2020-11-27,15:16:06,13900,13901,13900,1
2020-11-27,15:16:06,13900,13901,13901,1
2020-11-27,15:16:07,13900,13901,13901,2
2020-11-27,15:16:07,13900,13901,13900,1
2020-11-27,15:16:07,13900,13901,13900,1
2020-11-27,15:16:07,13900,13901,13900,1
2020-11-27,15:16:08,13900,13901,13901,1
2020-11-27,15:16:11,13900,13902,13900,3
2020-11-27,15:16:21,13900,13901,13900,4
2020-11-27,15:16:23,13899,13900,13900,1
2020-11-27,15:16:23,13899,13900,13899,1
2020-11-27,15:16:25,13899,13900,13899,4
2020-11-27,15:16:25,13899,13900,13900,1
2020-11-27,15:16:27,13899,13900,13900,2
2020-11-27,15:16:43,13899,13900,13899,4
2020-11-27,15:16:43,13899,13900,13899,1
2020-11-27,15:16:43,13899,13900,13899,3
2020-11-27,15:17:02,13899,13900,13899,1
2020-11-27,15:17:02,13898,13899,13898,1
2020-11-27,15:17:02,13898,13899,13898,1
2020-11-27,15:17:02,13898,13899,13898,1
2020-11-27,15:17:02,13898,13899,13898,1
2020-11-27,15:17:02,13898,13899,13898,1
2020-11-27,15:17:02,13898,13899,13898,1
2020-11-27,15:17:02,13898,13899,13898,1
2020-11-27,15:17:02,13898,13899,13898,1
2020-11-27,15:17:02,13898,13899,13898,1
2020-11-27,15:17:02,13898,13899,13898,1
2020-11-27,15:17:03,13897,13899,13899,2
2020-11-27,15:17:10,13898,13899,13899,1
2020-11-27,15:17:10,13898,13899,13900,1
2020-11-27,15:17:17,13898,13900,13898,3
2020-11-27,15:17:29,13899,13900,13899,1
2020-11-27,15:17:32,13898,13900,13900,3
2020-11-27,15:17:39,13899,13900,13899,1
2020-11-27,15:17:44,13899,13900,13899,1
2020-11-27,15:17:51,13898,13900,13898,8
2020-11-27,15:17:56,13898,13899,13899,1
2020-11-27,15:18:01,13898,13899,13898,4
2020-11-27,15:18:01,13898,13899,13898,4
2020-11-27,15:18:01,13897,13898,13897,1
2020-11-27,15:18:01,13897,13898,13897,1
2020-11-27,15:18:02,13897,13898,13897,1
2020-11-27,15:18:09,13896,13897,13897,1
2020-11-27,15:18:11,13896,13897,13897,1
2020-11-27,15:18:37,13896,13897,13897,1
2020-11-27,15:18:37,13896,13897,13898,2
2020-11-27,15:18:39,13897,13898,13897,1
2020-11-27,15:18:53,13897,13898,13897,1
2020-11-27,15:18:59,13897,13898,13897,1
2020-11-27,15:19:27,13896,13897,13896,2
2020-11-27,15:19:37,13896,13897,13896,5
2020-11-27,15:19:37,13896,13897,13896,1
2020-11-27,15:19:40,13896,13897,13897,1
2020-11-27,15:19:46,13896,13897,13897,1
2020-11-27,15:19:49,13897,13898,13897,4
2020-11-27,15:19:50,13896,13897,13896,4
2020-11-27,15:19:56,13895,13896,13895,12
2020-11-27,15:20:01,13894,13895,13894,1
2020-11-27,15:20:01,13894,13895,13895,11
2020-11-27,15:20:01,13894,13895,13896,15
2020-11-27,15:20:01,13894,13895,13897,4
2020-11-27,15:20:01,13894,13895,13897,1
2020-11-27,15:20:01,13894,13895,13897,1
2020-11-27,15:20:01,13894,13895,13897,5
2020-11-27,15:20:01,13894,13895,13898,3
2020-11-27,15:20:01,13894,13895,13898,2
2020-11-27,15:20:02,13897,13898,13898,3
2020-11-27,15:20:02,13897,13898,13897,1
2020-11-27,15:20:04,13897,13898,13897,8
2020-11-27,15:20:21,13896,13897,13897,1
2020-11-27,15:20:21,13896,13897,13897,1
2020-11-27,15:20:21,13896,13897,13897,1
2020-11-27,15:20:21,13896,13897,13897,4
2020-11-27,15:20:21,13896,13897,13897,12
2020-11-27,15:20:21,13896,13897,13897,2
2020-11-27,15:20:23,13897,13898,13897,1
2020-11-27,15:20:25,13897,13898,13898,1
2020-11-27,15:20:36,13897,13898,13898,1
2020-11-27,15:20:38,13897,13898,13898,1
2020-11-27,15:20:40,13897,13898,13898,1
2020-11-27,15:20:46,13897,13898,13897,1
2020-11-27,15:20:59,13897,13898,13897,2
2020-11-27,15:21:03,13896,13897,13896,1
2020-11-27,15:21:07,13896,13897,13896,1
2020-11-27,15:21:12,13895,13896,13895,1
2020-11-27,15:21:15,13894,13895,13894,1
2020-11-27,15:21:23,13895,13896,13895,1
2020-11-27,15:21:24,13894,13895,13894,1
2020-11-27,15:21:40,13894,13895,13895,1
2020-11-27,15:21:51,13894,13895,13895,1
2020-11-27,15:21:52,13894,13895,13895,1
2020-11-27,15:21:58,13894,13895,13894,1
2020-11-27,15:22:00,13894,13895,13894,1
2020-11-27,15:22:00,13894,13895,13894,1
2020-11-27,15:22:02,13894,13895,13894,4
2020-11-27,15:22:02,13894,13895,13894,2
2020-11-27,15:22:02,13894,13895,13894,10
2020-11-27,15:22:09,13893,13894,13893,2
2020-11-27,15:22:14,13893,13894,13893,1
2020-11-27,15:22:14,13893,13894,13893,1
2020-11-27,15:22:14,13893,13894,13893,1
2020-11-27,15:22:15,13893,13894,13893,1
2020-11-27,15:22:32,13892,13893,13893,1
2020-11-27,15:22:36,13892,13893,13893,1
2020-11-27,15:22:46,13892,13893,13893,2
2020-11-27,15:22:46,13892,13893,13893,1
2020-11-27,15:22:47,13892,13893,13893,2
2020-11-27,15:22:52,13892,13894,13893,2
2020-11-27,15:22:52,13892,13894,13893,1
2020-11-27,15:22:55,13893,13895,13892,6
2020-11-27,15:22:55,13893,13895,13893,4
2020-11-27,15:22:55,13893,13894,13893,1
2020-11-27,15:23:02,13892,13894,13893,1
2020-11-27,15:23:07,13893,13894,13893,1
2020-11-27,15:23:21,13892,13893,13893,2
2020-11-27,15:23:49,13892,13893,13893,1
2020-11-27,15:23:52,13892,13893,13892,4
2020-11-27,15:23:52,13892,13893,13892,6
2020-11-27,15:23:52,13892,13893,13892,1
2020-11-27,15:23:52,13892,13893,13892,9
2020-11-27,15:23:53,13891,13892,13892,1
2020-11-27,15:23:54,13891,13893,13891,4
2020-11-27,15:23:56,13891,13893,13891,4
2020-11-27,15:24:07,13891,13892,13891,7
2020-11-27,15:24:11,13890,13891,13890,10
2020-11-27,15:24:11,13890,13891,13890,1
2020-11-27,15:24:11,13890,13891,13890,1
2020-11-27,15:24:12,13890,13891,13890,1
2020-11-27,15:24:12,13890,13891,13890,2
2020-11-27,15:24:25,13889,13890,13890,5
2020-11-27,15:24:28,13889,13890,13890,1
2020-11-27,15:24:36,13889,13890,13889,3
2020-11-27,15:24:36,13889,13890,13889,1
2020-11-27,15:24:36,13889,13890,13889,11
2020-11-27,15:24:36,13888,13889,13888,5
2020-11-27,15:24:36,13888,13889,13888,1
2020-11-27,15:24:36,13888,13889,13888,1
2020-11-27,15:24:36,13888,13889,13888,8
2020-11-27,15:24:41,13887,13888,13887,10
2020-11-27,15:24:41,13887,13888,13887,1
2020-11-27,15:24:41,13887,13888,13887,3
2020-11-27,15:24:41,13886,13888,13886,1
2020-11-27,15:24:41,13886,13888,13886,2
2020-11-27,15:24:42,13886,13888,13886,1
2020-11-27,15:24:42,13886,13888,13886,1
2020-11-27,15:24:42,13886,13888,13886,1
2020-11-27,15:24:42,13886,13887,13887,1
2020-11-27,15:24:42,13886,13887,13887,1
2020-11-27,15:24:44,13886,13887,13886,1
2020-11-27,15:24:45,13886,13887,13886,1
2020-11-27,15:24:45,13886,13887,13886,1
2020-11-27,15:24:46,13886,13887,13886,1
2020-11-27,15:24:46,13886,13887,13886,3
2020-11-27,15:24:47,13885,13886,13886,1
2020-11-27,15:24:48,13886,13887,13886,1
2020-11-27,15:24:48,13885,13886,13885,3
2020-11-27,15:24:48,13885,13886,13885,1
2020-11-27,15:24:49,13885,13886,13885,1
2020-11-27,15:24:50,13885,13886,13885,1
2020-11-27,15:24:52,13885,13886,13886,2
2020-11-27,15:24:54,13886,13887,13885,2
2020-11-27,15:24:54,13886,13887,13886,3
2020-11-27,15:24:57,13886,13887,13886,1
2020-11-27,15:24:58,13886,13887,13885,10
2020-11-27,15:24:58,13886,13887,13886,3
2020-11-27,15:25:00,13885,13886,13886,1
2020-11-27,15:25:00,13885,13886,13886,1
2020-11-27,15:25:00,13885,13886,13886,1
2020-11-27,15:25:01,13886,13887,13886,1
2020-11-27,15:25:03,13886,13887,13886,1
2020-11-27,15:25:05,13886,13887,13886,1
2020-11-27,15:25:06,13886,13887,13886,3
2020-11-27,15:25:09,13886,13887,13887,1
2020-11-27,15:25:13,13886,13887,13887,5
2020-11-27,15:25:13,13886,13887,13887,7
2020-11-27,15:25:15,13887,13888,13887,1
2020-11-27,15:25:16,13887,13888,13888,1
2020-11-27,15:25:16,13887,13888,13888,1
2020-11-27,15:25:16,13887,13888,13888,2
2020-11-27,15:25:16,13887,13888,13888,1
2020-11-27,15:25:16,13887,13888,13888,1
2020-11-27,15:25:17,13887,13889,13889,1
2020-11-27,15:25:19,13887,13888,13888,2
2020-11-27,15:25:24,13888,13889,13888,1
2020-11-27,15:25:28,13888,13889,13889,2
2020-11-27,15:25:31,13888,13889,13889,1
2020-11-27,15:25:39,13888,13889,13889,1
2020-11-27,15:25:40,13888,13889,13889,2
2020-11-27,15:25:41,13888,13889,13888,1
2020-11-27,15:25:41,13888,13889,13889,1
2020-11-27,15:25:44,13888,13889,13889,2
2020-11-27,15:25:46,13889,13890,13889,1
2020-11-27,15:25:49,13889,13890,13889,1
2020-11-27,15:26:04,13889,13890,13889,1
2020-11-27,15:26:05,13889,13890,13890,1
2020-11-27,15:26:15,13889,13890,13889,3
2020-11-27,15:26:16,13889,13890,13889,1
2020-11-27,15:26:16,13889,13890,13889,1
2020-11-27,15:26:16,13889,13890,13889,4
2020-11-27,15:26:16,13889,13890,13889,1
2020-11-27,15:26:16,13889,13890,13889,3
2020-11-27,15:26:16,13889,13890,13889,1
2020-11-27,15:26:16,13889,13890,13889,3
2020-11-27,15:26:16,13889,13890,13889,2
2020-11-27,15:26:31,13888,13889,13888,1
2020-11-27,15:26:39,13888,13889,13888,5
2020-11-27,15:27:02,13888,13889,13888,3
2020-11-27,15:27:16,13888,13889,13888,2
2020-11-27,15:27:19,13888,13889,13888,1
2020-11-27,15:27:26,13888,13889,13889,4
2020-11-27,15:27:26,13888,13889,13889,3
2020-11-27,15:27:33,13889,13890,13889,4
2020-11-27,15:27:33,13889,13890,13889,1
2020-11-27,15:27:34,13889,13890,13890,2
2020-11-27,15:27:40,13889,13890,13889,1
2020-11-27,15:27:45,13889,13890,13890,1
2020-11-27,15:27:45,13889,13890,13890,5
2020-11-27,15:27:45,13889,13890,13890,4
2020-11-27,15:27:45,13889,13891,13889,1
2020-11-27,15:28:10,13890,13891,13890,2
2020-11-27,15:28:19,13890,13891,13891,3
2020-11-27,15:28:19,13890,13891,13890,1
2020-11-27,15:28:22,13890,13891,13890,1
2020-11-27,15:28:29,13890,13891,13890,5
2020-11-27,15:28:43,13889,13890,13890,1
2020-11-27,15:28:43,13889,13890,13890,4
2020-11-27,15:28:47,13890,13891,13891,1
2020-11-27,15:28:54,13890,13891,13891,1
2020-11-27,15:28:55,13890,13891,13891,1
2020-11-27,15:28:58,13890,13891,13891,1
2020-11-27,15:28:59,13890,13891,13891,2
2020-11-27,15:29:02,13891,13892,13891,1
2020-11-27,15:29:04,13891,13892,13892,1
2020-11-27,15:29:04,13891,13892,13891,1
2020-11-27,15:29:04,13891,13892,13892,1
2020-11-27,15:29:04,13891,13892,13892,1
2020-11-27,15:29:04,13891,13892,13892,1
2020-11-27,15:29:13,13892,13893,13892,1
2020-11-27,15:29:28,13891,13893,13893,1
2020-11-27,15:29:30,13891,13893,13893,1
2020-11-27,15:29:46,13891,13892,13892,1
2020-11-27,15:30:02,13891,13892,13891,4
2020-11-27,15:30:02,13891,13892,13891,2
2020-11-27,15:30:02,13891,13892,13891,2
2020-11-27,15:30:02,13891,13892,13891,2
2020-11-27,15:30:03,13890,13892,13890,2
2020-11-27,15:30:06,13890,13891,13891,1
2020-11-27,15:30:10,13890,13891,13891,1
2020-11-27,15:30:15,13890,13891,13890,1
2020-11-27,15:30:15,13890,13891,13891,2
2020-11-27,15:30:15,13890,13891,13891,2
2020-11-27,15:30:15,13890,13891,13892,2
2020-11-27,15:30:16,13891,13892,13891,1
2020-11-27,15:30:20,13891,13892,13891,3
2020-11-27,15:30:20,13891,13892,13891,1
2020-11-27,15:30:21,13890,13891,13891,2
2020-11-27,15:30:22,13890,13892,13891,1
2020-11-27,15:30:25,13891,13892,13891,1
2020-11-27,15:30:27,13891,13892,13891,2
2020-11-27,15:30:33,13891,13893,13891,1
2020-11-27,15:30:41,13892,13893,13892,2
2020-11-27,15:30:53,13891,13892,13891,2
2020-11-27,15:30:53,13891,13892,13891,2
2020-11-27,15:30:54,13890,13891,13891,1
2020-11-27,15:30:59,13890,13892,13890,1
2020-11-27,15:31:06,13890,13891,13890,1
2020-11-27,15:31:08,13890,13891,13890,10
2020-11-27,15:31:08,13890,13891,13890,3
2020-11-27,15:31:08,13890,13891,13890,9
2020-11-27,15:31:08,13890,13891,13890,8
2020-11-27,15:31:08,13889,13890,13889,3
2020-11-27,15:31:08,13889,13890,13889,2
2020-11-27,15:31:17,13890,13892,13890,1
2020-11-27,15:31:20,13890,13891,13890,1
2020-11-27,15:31:21,13890,13891,13891,1
2020-11-27,15:31:28,13891,13892,13891,1
2020-11-27,15:31:33,13891,13892,13892,1
2020-11-27,15:31:33,13891,13892,13892,5
2020-11-27,15:31:35,13892,13893,13892,2
2020-11-27,15:31:35,13892,13893,13892,1
2020-11-27,15:31:50,13892,13893,13893,7
2020-11-27,15:32:13,13892,13894,13894,1
2020-11-27,15:32:23,13892,13893,13893,1
2020-11-27,15:32:25,13892,13893,13893,1
2020-11-27,15:32:29,13892,13894,13894,3
2020-11-27,15:32:37,13892,13893,13893,1
2020-11-27,15:32:47,13892,13893,13892,1
2020-11-27,15:32:47,13892,13893,13892,2
2020-11-27,15:32:54,13891,13892,13891,1
2020-11-27,15:32:54,13891,13892,13891,1
2020-11-27,15:33:11,13890,13891,13891,1
2020-11-27,15:33:12,13890,13891,13891,1
2020-11-27,15:33:12,13890,13891,13891,1
2020-11-27,15:33:12,13890,13892,13892,1
2020-11-27,15:33:12,13890,13892,13892,1
2020-11-27,15:33:12,13890,13892,13892,1
2020-11-27,15:33:12,13890,13892,13892,1
2020-11-27,15:33:12,13890,13892,13892,1
2020-11-27,15:33:30,13891,13892,13891,1
2020-11-27,15:33:33,13890,13892,13892,7
2020-11-27,15:33:33,13890,13892,13892,1
2020-11-27,15:33:33,13892,13893,13893,1
2020-11-27,15:33:33,13892,13893,13893,1
2020-11-27,15:33:33,13892,13893,13893,1
2020-11-27,15:33:33,13892,13893,13893,1
2020-11-27,15:33:33,13892,13893,13893,1
2020-11-27,15:33:33,13892,13893,13893,1
2020-11-27,15:33:33,13892,13893,13892,1
2020-11-27,15:33:41,13892,13893,13893,4
2020-11-27,15:33:44,13892,13893,13892,2
2020-11-27,15:33:44,13892,13893,13893,1
2020-11-27,15:33:50,13892,13893,13892,2
2020-11-27,15:33:59,13892,13893,13892,1
2020-11-27,15:34:13,13891,13892,13891,4
2020-11-27,15:34:27,13891,13892,13891,1
2020-11-27,15:34:37,13890,13891,13891,1
2020-11-27,15:34:39,13890,13891,13890,1
2020-11-27,15:34:47,13890,13891,13891,1
2020-11-27,15:34:59,13890,13891,13890,1
2020-11-27,15:35:06,13890,13891,13890,8
2020-11-27,15:35:12,13889,13890,13890,1
2020-11-27,15:35:34,13889,13890,13890,2
2020-11-27,15:35:34,13889,13890,13890,2
2020-11-27,15:35:46,13890,13891,13890,1
2020-11-27,15:35:48,13890,13891,13891,3
2020-11-27,15:35:49,13890,13891,13890,1
2020-11-27,15:35:53,13889,13890,13890,1
2020-11-27,15:35:53,13889,13890,13890,1
2020-11-27,15:35:53,13889,13890,13890,1
2020-11-27,15:35:53,13889,13890,13890,1
2020-11-27,15:35:53,13890,13891,13890,1
2020-11-27,15:35:54,13890,13891,13890,1
2020-11-27,15:35:55,13890,13891,13891,1
2020-11-27,15:36:00,13890,13891,13890,2
2020-11-27,15:36:00,13890,13891,13890,2
2020-11-27,15:36:00,13890,13891,13890,2
2020-11-27,15:36:04,13890,13891,13890,1
2020-11-27,15:36:12,13890,13891,13891,1
2020-11-27,15:36:17,13890,13891,13890,1
2020-11-27,15:36:21,13890,13891,13890,1
2020-11-27,15:36:24,13890,13891,13890,1
2020-11-27,15:36:24,13890,13891,13890,2
2020-11-27,15:36:30,13889,13890,13890,1
2020-11-27,15:36:33,13889,13890,13890,1
2020-11-27,15:36:39,13889,13890,13890,1
2020-11-27,15:36:47,13889,13890,13890,3
2020-11-27,15:36:59,13889,13890,13890,1
2020-11-27,15:37:02,13890,13891,13890,2
2020-11-27,15:37:02,13890,13891,13890,2
2020-11-27,15:37:02,13890,13891,13890,3
2020-11-27,15:37:06,13889,13890,13890,1
2020-11-27,15:37:24,13889,13890,13890,1
2020-11-27,15:37:44,13890,13891,13891,4
2020-11-27,15:37:45,13890,13892,13891,1
2020-11-27,15:37:56,13891,13892,13892,4
2020-11-27,15:38:05,13892,13893,13892,1
2020-11-27,15:38:07,13892,13893,13893,1
2020-11-27,15:38:10,13892,13893,13893,13
2020-11-27,15:38:29,13892,13893,13893,1
2020-11-27,15:38:32,13892,13894,13894,1
2020-11-27,15:38:48,13893,13894,13893,1
2020-11-27,15:38:50,13893,13894,13894,5
2020-11-27,15:38:51,13893,13894,13894,3
2020-11-27,15:38:52,13894,13895,13895,8
2020-11-27,15:38:55,13894,13895,13894,1
2020-11-27,15:39:00,13894,13895,13894,2
2020-11-27,15:39:02,13893,13894,13893,7
2020-11-27,15:39:04,13892,13894,13894,1
2020-11-27,15:39:04,13892,13894,13894,1
2020-11-27,15:39:04,13892,13894,13894,1
2020-11-27,15:39:04,13892,13894,13894,1
2020-11-27,15:39:06,13892,13894,13894,1
2020-11-27,15:39:29,13893,13894,13894,4
2020-11-27,15:39:30,13893,13894,13894,4
2020-11-27,15:39:43,13893,13894,13893,1
2020-11-27,15:39:49,13893,13894,13893,1
2020-11-27,15:40:03,13892,13894,13892,1
2020-11-27,15:40:03,13892,13894,13892,1
2020-11-27,15:40:03,13892,13894,13892,1
2020-11-27,15:40:03,13892,13894,13892,1
2020-11-27,15:40:03,13892,13893,13892,1
2020-11-27,15:40:11,13893,13894,13893,1
2020-11-27,15:40:18,13893,13894,13893,1
2020-11-27,15:40:40,13892,13893,13893,2
2020-11-27,15:40:47,13892,13893,13892,1
2020-11-27,15:41:02,13892,13893,13892,1
2020-11-27,15:41:02,13892,13893,13892,1
2020-11-27,15:41:05,13892,13893,13893,2
2020-11-27,15:41:32,13893,13894,13894,2
2020-11-27,15:41:42,13893,13894,13894,1
2020-11-27,15:42:02,13893,13894,13893,6
2020-11-27,15:42:04,13893,13894,13894,1
2020-11-27,15:42:16,13893,13894,13894,1
2020-11-27,15:42:16,13893,13894,13893,2
2020-11-27,15:42:19,13893,13894,13893,2
2020-11-27,15:42:28,13893,13894,13893,5
2020-11-27,15:42:52,13892,13893,13892,1
2020-11-27,15:42:55,13892,13893,13892,2
2020-11-27,15:43:03,13891,13892,13891,1
2020-11-27,15:43:10,13891,13892,13892,1
2020-11-27,15:43:10,13891,13892,13892,1
2020-11-27,15:43:23,13892,13893,13892,1
2020-11-27,15:43:26,13892,13893,13892,2
2020-11-27,15:43:29,13892,13893,13892,1
2020-11-27,15:43:41,13891,13892,13892,1
2020-11-27,15:43:41,13891,13892,13892,2
2020-11-27,15:43:45,13892,13893,13893,1
2020-11-27,15:43:52,13892,13893,13893,1
2020-11-27,15:44:02,13892,13893,13892,2
2020-11-27,15:44:25,13892,13893,13892,3
2020-11-27,15:44:27,13891,13893,13891,1
2020-11-27,15:44:27,13891,13893,13891,1
2020-11-27,15:44:33,13891,13892,13892,3
2020-11-27,15:44:52,13892,13893,13893,1
2020-11-27,15:44:53,13892,13893,13893,1
2020-11-27,15:44:54,13892,13893,13893,1
2020-11-27,15:44:56,13892,13893,13892,1
2020-11-27,15:45:05,13892,13893,13893,2
2020-11-27,15:45:05,13893,13894,13894,2
2020-11-27,15:45:18,13893,13894,13894,1
2020-11-27,15:45:22,13893,13894,13894,2
2020-11-27,15:45:34,13894,13895,13894,1
2020-11-27,15:45:40,13893,13894,13894,1
2020-11-27,15:45:46,13894,13895,13894,1
2020-11-27,15:45:46,13894,13895,13894,2
2020-11-27,15:45:47,13893,13894,13893,4
2020-11-27,15:46:02,13892,13893,13892,4
2020-11-27,15:46:02,13892,13893,13892,1
2020-11-27,15:46:08,13891,13892,13892,1
2020-11-27,15:46:09,13891,13892,13892,1
2020-11-27,15:46:19,13891,13892,13892,2
2020-11-27,15:46:36,13891,13892,13892,1
2020-11-27,15:46:56,13891,13892,13892,2
2020-11-27,15:46:56,13891,13892,13893,1
2020-11-27,15:47:07,13892,13893,13893,1
2020-11-27,15:47:11,13892,13894,13892,2
2020-11-27,15:47:11,13892,13894,13892,1
2020-11-27,15:47:26,13893,13894,13894,1
2020-11-27,15:47:35,13893,13894,13894,1
2020-11-27,15:47:45,13893,13894,13894,1
2020-11-27,15:47:45,13893,13894,13894,1
2020-11-27,15:48:09,13893,13894,13894,2
2020-11-27,15:48:09,13893,13894,13894,1
2020-11-27,15:48:09,13893,13894,13895,1
2020-11-27,15:48:09,13893,13894,13895,1
2020-11-27,15:48:09,13894,13895,13895,1
2020-11-27,15:48:09,13894,13895,13895,1
2020-11-27,15:48:09,13894,13895,13895,1
2020-11-27,15:48:09,13894,13895,13895,1
2020-11-27,15:48:11,13894,13895,13895,1
2020-11-27,15:48:15,13894,13895,13895,3
2020-11-27,15:48:23,13894,13895,13895,2
2020-11-27,15:48:30,13894,13895,13895,1
2020-11-27,15:48:48,13895,13896,13895,1
2020-11-27,15:48:48,13895,13896,13896,1
2020-11-27,15:48:49,13895,13896,13896,1
2020-11-27,15:48:50,13895,13896,13896,5
2020-11-27,15:48:52,13895,13896,13896,4
2020-11-27,15:48:52,13895,13896,13896,3
2020-11-27,15:48:54,13896,13897,13897,1
2020-11-27,15:48:55,13896,13897,13897,1
2020-11-27,15:48:59,13896,13897,13897,2
2020-11-27,15:48:59,13896,13897,13897,4
2020-11-27,15:48:59,13896,13897,13897,1
2020-11-27,15:49:03,13897,13898,13897,1
2020-11-27,15:49:03,13897,13898,13898,1
2020-11-27,15:49:08,13897,13898,13897,1
2020-11-27,15:49:09,13897,13898,13898,2
2020-11-27,15:49:10,13897,13898,13898,1
2020-11-27,15:49:19,13897,13898,13898,1
2020-11-27,15:49:20,13897,13898,13897,2
2020-11-27,15:49:20,13897,13898,13897,2
2020-11-27,15:49:24,13896,13897,13897,2
2020-11-27,15:49:25,13896,13897,13897,1
2020-11-27,15:49:27,13897,13898,13897,1
2020-11-27,15:49:32,13897,13898,13897,1
2020-11-27,15:49:33,13897,13898,13897,1
2020-11-27,15:49:58,13897,13898,13897,1
2020-11-27,15:50:02,13897,13898,13898,3
2020-11-27,15:50:11,13897,13898,13898,1
2020-11-27,15:50:12,13897,13898,13898,1
2020-11-27,15:50:13,13897,13898,13898,2
2020-11-27,15:50:14,13897,13898,13898,5
2020-11-27,15:50:16,13897,13898,13898,2
2020-11-27,15:50:18,13898,13899,13898,1
2020-11-27,15:50:18,13898,13899,13898,1
2020-11-27,15:50:18,13898,13899,13898,1
2020-11-27,15:50:18,13898,13899,13898,1
2020-11-27,15:50:18,13898,13899,13898,2
2020-11-27,15:50:18,13898,13899,13898,4
2020-11-27,15:50:23,13897,13898,13898,1
2020-11-27,15:50:23,13897,13899,13899,1
2020-11-27,15:50:24,13897,13899,13899,1
2020-11-27,15:50:24,13898,13899,13899,1
2020-11-27,15:50:24,13898,13899,13898,1
2020-11-27,15:50:25,13897,13899,13899,1
2020-11-27,15:50:25,13898,13899,13899,1
2020-11-27,15:50:33,13898,13899,13899,1
2020-11-27,15:50:44,13898,13899,13898,2
2020-11-27,15:50:44,13898,13899,13898,2
2020-11-27,15:50:44,13898,13899,13898,1
2020-11-27,15:50:44,13897,13898,13897,1
2020-11-27,15:50:44,13897,13898,13897,1
2020-11-27,15:50:44,13897,13898,13897,1
2020-11-27,15:50:44,13897,13898,13897,1
2020-11-27,15:50:44,13897,13898,13897,1
2020-11-27,15:50:44,13897,13898,13897,2
2020-11-27,15:51:02,13896,13897,13896,3
2020-11-27,15:51:03,13896,13897,13897,1
2020-11-27,15:51:11,13896,13897,13896,2
2020-11-27,15:51:11,13896,13897,13896,1
2020-11-27,15:51:22,13896,13897,13895,1
2020-11-27,15:51:22,13896,13897,13896,1
2020-11-27,15:51:28,13895,13896,13895,2
2020-11-27,15:51:43,13894,13896,13895,1
2020-11-27,15:51:47,13895,13896,13895,2
2020-11-27,15:52:04,13895,13896,13896,3
2020-11-27,15:52:14,13896,13897,13897,3
2020-11-27,15:52:17,13896,13897,13896,2
2020-11-27,15:52:17,13896,13897,13896,1
2020-11-27,15:52:35,13896,13897,13896,1
2020-11-27,15:52:35,13896,13897,13896,1
2020-11-27,15:52:39,13895,13897,13895,5
2020-11-27,15:52:56,13895,13896,13895,3
2020-11-27,15:53:02,13895,13896,13895,5
2020-11-27,15:53:08,13895,13896,13895,1
2020-11-27,15:53:16,13894,13895,13895,1
2020-11-27,15:53:26,13895,13896,13896,1
2020-11-27,15:53:26,13895,13896,13897,1
2020-11-27,15:53:26,13896,13897,13896,1
2020-11-27,15:53:33,13896,13897,13897,2
2020-11-27,15:53:34,13897,13898,13897,1
2020-11-27,15:54:02,13897,13898,13897,6
2020-11-27,15:54:02,13896,13897,13897,1
2020-11-27,15:54:02,13896,13897,13897,3
2020-11-27,15:54:02,13896,13897,13897,1
2020-11-27,15:54:02,13896,13897,13898,3
2020-11-27,15:54:02,13896,13897,13898,1
2020-11-27,15:54:02,13896,13897,13898,1
2020-11-27,15:54:02,13896,13897,13898,1
2020-11-27,15:54:02,13896,13897,13898,3
2020-11-27,15:54:02,13897,13898,13898,1
2020-11-27,15:54:02,13897,13898,13898,2
2020-11-27,15:54:02,13897,13898,13898,1
2020-11-27,15:54:02,13897,13898,13899,1
2020-11-27,15:54:02,13897,13898,13899,2
2020-11-27,15:54:02,13897,13898,13899,1
2020-11-27,15:54:02,13897,13899,13899,1
2020-11-27,15:54:02,13897,13899,13899,1
2020-11-27,15:54:02,13897,13899,13899,3
2020-11-27,15:54:02,13897,13899,13899,2
2020-11-27,15:54:02,13897,13899,13899,1
2020-11-27,15:54:02,13897,13899,13899,3
2020-11-27,15:54:03,13897,13899,13899,1
2020-11-27,15:54:03,13897,13899,13899,1
2020-11-27,15:54:03,13897,13899,13899,1
2020-11-27,15:54:03,13897,13899,13899,1
2020-11-27,15:54:03,13897,13899,13899,1
2020-11-27,15:54:03,13897,13899,13899,1
2020-11-27,15:54:12,13897,13898,13898,1
2020-11-27,15:54:13,13897,13898,13898,1
2020-11-27,15:54:18,13897,13898,13898,1
2020-11-27,15:54:32,13897,13898,13897,1
2020-11-27,15:54:38,13897,13898,13897,1
2020-11-27,15:54:40,13897,13898,13898,1
2020-11-27,15:54:50,13897,13898,13898,1
2020-11-27,15:54:56,13897,13898,13898,1
2020-11-27,15:55:07,13897,13898,13897,1
2020-11-27,15:55:07,13897,13898,13897,2
2020-11-27,15:55:07,13897,13898,13897,2
2020-11-27,15:55:11,13895,13897,13897,1
2020-11-27,15:55:12,13895,13897,13895,2
2020-11-27,15:55:12,13895,13897,13897,1
2020-11-27,15:55:12,13895,13896,13895,2
2020-11-27,15:55:17,13895,13896,13895,2
2020-11-27,15:55:17,13894,13895,13894,3
2020-11-27,15:55:17,13894,13895,13893,2
2020-11-27,15:55:17,13894,13895,13894,1
2020-11-27,15:55:17,13894,13895,13893,2
2020-11-27,15:55:26,13893,13894,13894,2
2020-11-27,15:55:34,13894,13895,13894,1
2020-11-27,15:55:47,13894,13895,13894,1
2020-11-27,15:55:55,13894,13895,13895,2
2020-11-27,15:56:02,13894,13895,13894,3
2020-11-27,15:56:30,13893,13894,13894,3
2020-11-27,15:56:31,13894,13895,13895,1
2020-11-27,15:56:51,13894,13895,13895,2
2020-11-27,15:56:53,13894,13895,13895,2
2020-11-27,15:56:53,13894,13895,13895,1
2020-11-27,15:56:59,13895,13897,13895,4
2020-11-27,15:56:59,13895,13897,13895,1
2020-11-27,15:57:41,13895,13896,13896,1
2020-11-27,15:57:48,13896,13897,13896,1
2020-11-27,15:57:59,13896,13897,13897,2
2020-11-27,15:58:02,13896,13897,13896,1
2020-11-27,15:58:07,13895,13896,13896,2
2020-11-27,15:58:20,13895,13896,13895,3
2020-11-27,15:58:32,13894,13895,13894,2
2020-11-27,15:58:48,13893,13894,13894,2
2020-11-27,15:58:58,13893,13894,13894,1
2020-11-27,15:59:02,13893,13894,13893,6
2020-11-27,15:59:02,13893,13894,13893,1
2020-11-27,15:59:02,13893,13894,13893,1
2020-11-27,15:59:02,13893,13894,13893,1
2020-11-27,15:59:02,13893,13894,13893,1
2020-11-27,15:59:02,13893,13894,13893,1
2020-11-27,15:59:09,13892,13894,13892,3
2020-11-27,15:59:09,13892,13894,13892,1
2020-11-27,15:59:23,13892,13893,13892,2
2020-11-27,15:59:26,13892,13893,13893,1
2020-11-27,15:59:57,13892,13893,13893,1
2020-11-27,16:00:00,13892,13893,13893,1
2020-11-27,16:00:01,13893,13894,13894,1
2020-11-27,16:00:01,13893,13894,13894,3
2020-11-27,16:00:01,13893,13894,13895,1
2020-11-27,16:00:01,13893,13894,13895,2
2020-11-27,16:00:01,13893,13894,13896,1
2020-11-27,16:00:01,13895,13896,13895,1
2020-11-27,16:00:01,13895,13896,13895,1
2020-11-27,16:00:01,13895,13896,13895,1
2020-11-27,16:00:01,13895,13896,13895,2
2020-11-27,16:00:01,13895,13896,13894,1
2020-11-27,16:00:01,13895,13896,13894,1
2020-11-27,16:00:01,13895,13896,13894,1
2020-11-27,16:00:01,13895,13896,13894,1
2020-11-27,16:00:02,13895,13896,13896,1
2020-11-27,16:00:02,13895,13897,13897,1
2020-11-27,16:00:06,13896,13897,13897,1
2020-11-27,16:00:08,13896,13897,13896,1
2020-11-27,16:00:08,13895,13896,13896,1
2020-11-27,16:00:08,13895,13896,13896,1
2020-11-27,16:00:10,13894,13896,13896,2
2020-11-27,16:00:10,13894,13896,13894,1
2020-11-27,16:00:18,13896,13897,13897,2
2020-11-27,16:00:26,13895,13897,13897,1
2020-11-27,16:00:26,13895,13897,13897,2
2020-11-27,16:00:26,13895,13897,13897,1
2020-11-27,16:00:30,13895,13897,13896,1
2020-11-27,16:00:30,13895,13897,13897,1
2020-11-27,16:00:30,13895,13897,13897,1
2020-11-27,16:00:30,13895,13897,13897,1
2020-11-27,16:00:30,13895,13897,13897,1
2020-11-27,16:00:30,13895,13897,13897,1
2020-11-27,16:00:30,13895,13897,13897,1
2020-11-27,16:00:30,13895,13897,13898,1
2020-11-27,16:00:43,13895,13897,13897,2
2020-11-27,16:00:51,13894,13895,13895,2
2020-11-27,16:00:51,13894,13896,13896,1
2020-11-27,16:00:51,13894,13896,13896,1
2020-11-27,16:00:55,13894,13896,13896,2
2020-11-27,16:01:07,13894,13895,13894,2
2020-11-27,16:01:12,13893,13894,13893,1
2020-11-27,16:01:12,13893,13894,13893,1
2020-11-27,16:01:12,13893,13894,13893,1
2020-11-27,16:01:13,13892,13894,13893,1
2020-11-27,16:01:21,13892,13893,13893,1
2020-11-27,16:01:26,13893,13894,13893,2
2020-11-27,16:01:27,13893,13894,13894,1
2020-11-27,16:01:27,13893,13894,13894,1
2020-11-27,16:01:27,13893,13894,13894,1
2020-11-27,16:01:27,13893,13894,13894,1
2020-11-27,16:01:36,13893,13895,13893,5
2020-11-27,16:01:37,13893,13895,13893,5
2020-11-27,16:01:41,13892,13894,13894,1
2020-11-27,16:01:42,13893,13894,13893,5
2020-11-27,16:01:43,13893,13894,13892,2
2020-11-27,16:01:43,13893,13894,13893,3
2020-11-27,16:01:44,13892,13894,13894,1
2020-11-27,16:01:46,13892,13894,13892,1
2020-11-27,16:01:47,13892,13894,13892,5
2020-11-27,16:01:48,13892,13893,13892,2
2020-11-27,16:01:49,13892,13894,13892,5
2020-11-27,16:01:49,13892,13893,13893,4
2020-11-27,16:01:52,13892,13893,13893,2
2020-11-27,16:01:54,13892,13894,13894,1
2020-11-27,16:02:03,13892,13894,13894,2
2020-11-27,16:02:09,13892,13894,13892,3
2020-11-27,16:02:12,13892,13893,13892,1
2020-11-27,16:02:12,13892,13893,13892,2
2020-11-27,16:02:12,13892,13893,13892,1
2020-11-27,16:02:12,13892,13893,13892,1
2020-11-27,16:02:12,13892,13893,13891,1
2020-11-27,16:02:12,13892,13893,13891,1
2020-11-27,16:02:12,13891,13892,13891,2
2020-11-27,16:02:12,13891,13892,13890,3
2020-11-27,16:02:12,13891,13892,13891,2
2020-11-27,16:02:14,13891,13893,13891,3
2020-11-27,16:02:16,13890,13892,13890,6
2020-11-27,16:02:24,13890,13891,13891,1
2020-11-27,16:02:26,13890,13891,13890,1
2020-11-27,16:02:26,13890,13891,13890,1
2020-11-27,16:02:27,13890,13891,13891,1
2020-11-27,16:02:31,13890,13891,13890,3
2020-11-27,16:02:32,13890,13891,13891,11
2020-11-27,16:02:35,13891,13892,13891,1
2020-11-27,16:02:35,13891,13892,13891,1
2020-11-27,16:02:37,13890,13891,13890,2
2020-11-27,16:02:39,13890,13891,13891,1
2020-11-27,16:02:39,13890,13892,13890,1
2020-11-27,16:02:45,13891,13892,13891,1
2020-11-27,16:02:46,13891,13892,13892,1
2020-11-27,16:02:47,13891,13892,13891,1
2020-11-27,16:03:00,13891,13892,13892,2
2020-11-27,16:03:06,13891,13892,13891,1
2020-11-27,16:03:07,13891,13892,13892,1
2020-11-27,16:03:25,13890,13892,13890,9
2020-11-27,16:03:26,13890,13891,13891,1
2020-11-27,16:03:35,13890,13891,13890,1
2020-11-27,16:03:35,13890,13891,13890,3
2020-11-27,16:03:38,13889,13890,13889,5
2020-11-27,16:03:38,13889,13890,13889,4
2020-11-27,16:03:46,13888,13889,13888,5
2020-11-27,16:03:46,13888,13889,13888,1
2020-11-27,16:03:47,13888,13889,13889,1
2020-11-27,16:03:47,13888,13889,13889,1
2020-11-27,16:03:52,13888,13889,13889,2
2020-11-27,16:03:54,13888,13889,13888,1
2020-11-27,16:03:55,13888,13889,13888,5
2020-11-27,16:04:00,13888,13889,13889,4
2020-11-27,16:04:00,13888,13889,13889,1
2020-11-27,16:04:00,13888,13889,13889,1
2020-11-27,16:04:00,13888,13889,13889,1
2020-11-27,16:04:04,13889,13890,13889,1
2020-11-27,16:04:11,13889,13890,13888,2
2020-11-27,16:04:11,13889,13890,13889,1
2020-11-27,16:04:11,13889,13890,13888,1
2020-11-27,16:04:11,13888,13889,13888,1
2020-11-27,16:04:13,13888,13889,13889,1
2020-11-27,16:04:15,13888,13889,13888,3
2020-11-27,16:04:15,13887,13889,13889,1
2020-11-27,16:04:16,13887,13889,13887,2
2020-11-27,16:04:18,13887,13888,13888,1
2020-11-27,16:04:18,13887,13888,13887,2
2020-11-27,16:04:20,13887,13888,13887,1
2020-11-27,16:04:21,13887,13888,13887,5
2020-11-27,16:04:21,13887,13888,13887,14
2020-11-27,16:04:23,13886,13887,13886,1
2020-11-27,16:04:25,13886,13887,13886,5
2020-11-27,16:04:26,13886,13887,13886,5
2020-11-27,16:04:26,13886,13887,13887,1
2020-11-27,16:04:26,13886,13887,13886,2
2020-11-27,16:04:28,13886,13887,13886,5
2020-11-27,16:04:28,13886,13887,13886,1
2020-11-27,16:04:28,13886,13887,13886,1
2020-11-27,16:04:29,13885,13886,13885,5
2020-11-27,16:04:30,13885,13886,13885,5
2020-11-27,16:04:30,13885,13886,13885,4
2020-11-27,16:04:30,13885,13886,13885,3
2020-11-27,16:04:30,13885,13886,13885,2
2020-11-27,16:04:30,13884,13885,13884,1
2020-11-27,16:04:30,13884,13885,13884,1
2020-11-27,16:04:30,13884,13885,13884,1
2020-11-27,16:04:30,13884,13885,13884,1
2020-11-27,16:04:30,13884,13885,13884,1
2020-11-27,16:04:30,13884,13885,13884,1
2020-11-27,16:04:30,13884,13885,13884,1
2020-11-27,16:04:30,13884,13885,13884,1
2020-11-27,16:04:30,13884,13885,13884,1
2020-11-27,16:04:30,13884,13885,13884,1
2020-11-27,16:04:30,13884,13885,13884,1
2020-11-27,16:04:30,13884,13885,13884,1
2020-11-27,16:04:30,13884,13885,13884,1
2020-11-27,16:04:30,13884,13885,13884,1
2020-11-27,16:04:30,13884,13885,13884,1
2020-11-27,16:04:30,13884,13885,13884,1
2020-11-27,16:04:30,13884,13885,13884,3
2020-11-27,16:04:30,13884,13885,13884,4
2020-11-27,16:04:30,13883,13885,13883,1
2020-11-27,16:04:30,13883,13885,13883,1
2020-11-27,16:04:30,13883,13885,13885,1
2020-11-27,16:04:30,13883,13885,13884,1
2020-11-27,16:04:30,13883,13885,13885,14
2020-11-27,16:04:30,13883,13885,13886,3
2020-11-27,16:04:30,13883,13885,13885,2
2020-11-27,16:04:30,13883,13885,13885,1
2020-11-27,16:04:30,13883,13885,13885,1
2020-11-27,16:04:31,13886,13887,13885,4
2020-11-27,16:04:31,13886,13887,13886,4
2020-11-27,16:04:31,13886,13887,13886,1
2020-11-27,16:04:31,13886,13887,13886,1
2020-11-27,16:04:32,13886,13887,13887,1
2020-11-27,16:04:36,13886,13887,13886,1
2020-11-27,16:04:39,13886,13887,13887,1
2020-11-27,16:04:39,13886,13887,13885,1
2020-11-27,16:04:39,13886,13887,13886,1
2020-11-27,16:04:41,13885,13887,13885,4
2020-11-27,16:04:46,13886,13887,13885,11
2020-11-27,16:04:46,13886,13887,13886,4
2020-11-27,16:04:49,13885,13887,13885,2
2020-11-27,16:04:50,13884,13886,13886,1
2020-11-27,16:04:58,13885,13886,13886,1
2020-11-27,16:05:04,13885,13887,13885,1
2020-11-27,16:05:08,13885,13886,13886,1
2020-11-27,16:05:08,13885,13886,13885,3
2020-11-27,16:05:09,13884,13885,13885,1
2020-11-27,16:05:11,13884,13885,13885,1
2020-11-27,16:05:11,13884,13885,13885,1
2020-11-27,16:05:14,13884,13885,13885,2
2020-11-27,16:05:16,13884,13885,13885,4
2020-11-27,16:05:16,13884,13885,13885,3
2020-11-27,16:05:16,13884,13885,13885,1
2020-11-27,16:05:16,13884,13886,13885,2
2020-11-27,16:05:16,13884,13886,13885,2
2020-11-27,16:05:16,13885,13886,13885,2
2020-11-27,16:05:16,13885,13886,13885,2
2020-11-27,16:05:16,13885,13886,13885,1
2020-11-27,16:05:16,13885,13886,13885,1
2020-11-27,16:05:16,13885,13886,13885,1
2020-11-27,16:05:16,13885,13886,13885,1
2020-11-27,16:05:16,13885,13886,13885,2
2020-11-27,16:05:17,13885,13886,13886,1
2020-11-27,16:05:20,13885,13886,13886,1
2020-11-27,16:05:22,13886,13887,13887,2
2020-11-27,16:05:22,13886,13887,13887,5
2020-11-27,16:05:22,13886,13887,13887,5
2020-11-27,16:05:22,13886,13887,13887,2
2020-11-27,16:05:22,13887,13888,13887,1
2020-11-27,16:05:23,13887,13888,13887,2
2020-11-27,16:05:23,13886,13888,13886,2
2020-11-27,16:05:27,13887,13888,13887,1
2020-11-27,16:05:32,13886,13887,13887,1
2020-11-27,16:05:32,13886,13888,13886,1
2020-11-27,16:05:37,13887,13888,13887,1
2020-11-27,16:05:39,13887,13888,13887,1
2020-11-27,16:05:42,13886,13888,13886,5
2020-11-27,16:05:44,13886,13888,13886,1
2020-11-27,16:05:51,13886,13887,13887,1
2020-11-27,16:05:51,13887,13888,13888,1
2020-11-27,16:05:59,13887,13888,13887,1
2020-11-27,16:06:01,13887,13888,13888,6
2020-11-27,16:06:03,13887,13889,13889,3
2020-11-27,16:06:03,13887,13889,13890,5
2020-11-27,16:06:11,13889,13890,13890,1
2020-11-27,16:06:23,13889,13890,13890,1
2020-11-27,16:06:24,13889,13890,13890,1
2020-11-27,16:06:27,13890,13891,13890,1
2020-11-27,16:06:34,13889,13890,13890,1
2020-11-27,16:06:39,13890,13891,13891,1
2020-11-27,16:06:39,13890,13891,13891,3
2020-11-27,16:06:39,13890,13891,13892,2
2020-11-27,16:06:39,13890,13892,13892,5
2020-11-27,16:06:40,13891,13892,13892,4
2020-11-27,16:06:40,13891,13892,13893,1
2020-11-27,16:06:45,13891,13892,13892,1
2020-11-27,16:06:49,13891,13893,13893,1
2020-11-27,16:06:50,13891,13893,13893,1
2020-11-27,16:06:53,13892,13893,13893,1
2020-11-27,16:06:54,13892,13893,13892,1
2020-11-27,16:07:05,13893,13894,13894,2
2020-11-27,16:07:11,13893,13894,13893,1
2020-11-27,16:07:11,13893,13894,13894,2
2020-11-27,16:07:11,13893,13894,13894,1
2020-11-27,16:07:12,13894,13895,13895,8
2020-11-27,16:07:12,13895,13896,13895,3
2020-11-27,16:07:15,13894,13896,13896,2
2020-11-27,16:07:16,13895,13896,13896,3
2020-11-27,16:07:17,13896,13897,13897,2
2020-11-27,16:07:17,13896,13897,13897,3
2020-11-27,16:07:18,13897,13898,13898,2
2020-11-27,16:07:19,13897,13898,13898,5
2020-11-27,16:07:20,13897,13898,13898,2
2020-11-27,16:07:21,13897,13898,13898,6
2020-11-27,16:07:22,13897,13898,13898,1
2020-11-27,16:07:22,13897,13898,13898,2
2020-11-27,16:07:22,13897,13898,13898,3
2020-11-27,16:07:22,13897,13898,13898,5
2020-11-27,16:07:23,13897,13898,13898,5
2020-11-27,16:07:24,13897,13898,13898,1
2020-11-27,16:07:25,13897,13898,13898,5
2020-11-27,16:07:25,13897,13898,13898,3
2020-11-27,16:07:25,13897,13898,13898,5
2020-11-27,16:07:26,13897,13899,13898,1
2020-11-27,16:07:27,13898,13899,13898,3
2020-11-27,16:07:28,13897,13899,13898,1
2020-11-27,16:07:29,13897,13899,13899,1
2020-11-27,16:07:31,13897,13899,13899,6
2020-11-27,16:07:33,13898,13899,13899,1
2020-11-27,16:07:33,13898,13899,13899,5
2020-11-27,16:07:33,13898,13899,13900,1
2020-11-27,16:07:33,13898,13900,13900,1
2020-11-27,16:07:34,13898,13900,13900,1
2020-11-27,16:07:35,13898,13900,13900,1
2020-11-27,16:07:35,13898,13900,13900,6
2020-11-27,16:07:42,13897,13899,13899,2
2020-11-27,16:07:44,13897,13898,13898,1
2020-11-27,16:07:48,13897,13899,13898,1
2020-11-27,16:07:49,13897,13898,13898,2
2020-11-27,16:07:50,13897,13898,13898,1
2020-11-27,16:07:53,13897,13898,13898,1
2020-11-27,16:07:53,13897,13898,13897,1
2020-11-27,16:08:00,13897,13898,13898,1
2020-11-27,16:08:06,13897,13898,13898,5
2020-11-27,16:08:11,13897,13898,13898,1
2020-11-27,16:08:17,13897,13898,13898,4
2020-11-27,16:08:21,13897,13898,13898,1
2020-11-27,16:08:27,13897,13898,13897,2
2020-11-27,16:08:27,13897,13898,13897,1
2020-11-27,16:08:27,13897,13898,13897,2
2020-11-27,16:08:27,13897,13898,13897,1
2020-11-27,16:08:27,13897,13898,13897,3
2020-11-27,16:08:31,13896,13897,13897,1
2020-11-27,16:08:31,13897,13898,13898,2
2020-11-27,16:08:36,13897,13898,13897,4
2020-11-27,16:08:37,13896,13898,13898,1
2020-11-27,16:08:52,13896,13897,13897,1
2020-11-27,16:08:55,13896,13897,13897,1
2020-11-27,16:09:00,13896,13897,13897,2
2020-11-27,16:09:05,13896,13897,13897,1
2020-11-27,16:09:06,13896,13898,13898,2
2020-11-27,16:09:06,13896,13898,13896,1
2020-11-27,16:09:06,13896,13898,13896,2
2020-11-27,16:09:07,13896,13897,13897,1
2020-11-27,16:09:08,13896,13897,13896,5
2020-11-27,16:09:18,13896,13897,13896,1
2020-11-27,16:09:21,13895,13897,13897,1
2020-11-27,16:09:23,13896,13897,13897,1
2020-11-27,16:10:01,13896,13897,13897,4
2020-11-27,16:10:01,13896,13897,13897,4
2020-11-27,16:10:01,13896,13897,13897,1
2020-11-27,16:10:01,13896,13897,13897,6
2020-11-27,16:10:01,13897,13898,13897,3
2020-11-27,16:10:02,13897,13898,13898,2
2020-11-27,16:10:04,13897,13898,13898,1
2020-11-27,16:10:11,13897,13898,13898,2
2020-11-27,16:10:16,13897,13899,13899,1
2020-11-27,16:10:21,13897,13898,13898,1
2020-11-27,16:10:23,13897,13898,13898,1
2020-11-27,16:10:26,13897,13898,13898,1
2020-11-27,16:10:31,13898,13899,13898,1
2020-11-27,16:10:31,13897,13898,13898,1
2020-11-27,16:10:36,13898,13899,13898,2
2020-11-27,16:10:52,13897,13898,13898,1
2020-11-27,16:11:01,13897,13898,13897,1
2020-11-27,16:11:05,13897,13898,13897,1
2020-11-27,16:11:24,13897,13898,13898,1
2020-11-27,16:11:36,13897,13898,13897,1
2020-11-27,16:11:37,13897,13898,13897,1
2020-11-27,16:11:40,13897,13898,13898,1
2020-11-27,16:11:56,13897,13898,13898,6
2020-11-27,16:11:56,13897,13898,13898,2
2020-11-27,16:11:56,13897,13898,13898,1
2020-11-27,16:11:56,13897,13898,13898,3
2020-11-27,16:12:15,13897,13898,13898,1
2020-11-27,16:12:15,13898,13899,13899,3
2020-11-27,16:12:21,13898,13899,13898,2
2020-11-27,16:13:10,13897,13898,13898,2
2020-11-27,16:13:15,13897,13898,13897,7
2020-11-27,16:13:15,13896,13897,13897,1
2020-11-27,16:13:37,13896,13898,13898,1
2020-11-27,16:13:54,13896,13897,13897,1
2020-11-27,16:14:04,13896,13897,13897,2
2020-11-27,16:14:38,13896,13897,13896,4
2020-11-27,16:14:38,13895,13896,13896,1
2020-11-27,16:14:38,13895,13896,13896,1
2020-11-27,16:14:38,13895,13896,13896,1
2020-11-27,16:14:38,13895,13896,13896,1
2020-11-27,16:14:47,13896,13897,13897,4
2020-11-27,16:14:58,13897,13898,13897,1
2020-11-27,16:15:00,13896,13897,13897,1
2020-11-27,16:15:01,13896,13897,13896,1
2020-11-27,16:15:01,13896,13897,13896,1
2020-11-27,16:15:05,13895,13896,13896,1
2020-11-27,16:15:06,13896,13897,13897,1
2020-11-27,16:15:09,13896,13898,13896,1
2020-11-27,16:15:27,13896,13897,13896,2
2020-11-27,16:15:34,13896,13897,13896,2
2020-11-27,16:15:36,13896,13897,13896,1
2020-11-27,16:15:44,13895,13896,13896,1
2020-11-27,16:15:54,13895,13896,13895,1
2020-11-27,16:15:54,13895,13896,13895,2
2020-11-27,16:15:56,13895,13896,13895,1
2020-11-27,16:15:58,13895,13896,13895,3
2020-11-27,16:16:01,13894,13895,13894,1
2020-11-27,16:16:08,13894,13895,13894,2
2020-11-27,16:16:24,13894,13895,13894,3
2020-11-27,16:16:29,13893,13895,13894,1
2020-11-27,16:16:49,13893,13894,13893,3
2020-11-27,16:16:49,13893,13894,13893,1
2020-11-27,16:16:49,13893,13894,13893,2
2020-11-27,16:16:49,13893,13894,13893,2
2020-11-27,16:16:59,13892,13893,13892,1
2020-11-27,16:16:59,13892,13893,13892,1
2020-11-27,16:17:02,13892,13893,13892,1
2020-11-27,16:17:34,13891,13892,13892,2
2020-11-27,16:17:34,13891,13892,13892,6
2020-11-27,16:17:42,13892,13893,13893,2
2020-11-27,16:17:42,13892,13893,13893,2
2020-11-27,16:17:51,13892,13894,13892,2
2020-11-27,16:17:51,13892,13894,13892,2
2020-11-27,16:18:40,13892,13893,13892,1
2020-11-27,16:18:42,13892,13893,13892,1
2020-11-27,16:18:42,13892,13893,13892,1
2020-11-27,16:18:43,13892,13893,13892,2
2020-11-27,16:18:45,13892,13894,13894,4
2020-11-27,16:18:45,13892,13894,13894,2
2020-11-27,16:18:45,13892,13894,13893,1
2020-11-27,16:18:58,13894,13895,13895,4
2020-11-27,16:18:58,13894,13895,13895,3
2020-11-27,16:18:58,13894,13895,13895,1
2020-11-27,16:19:06,13894,13895,13894,2
2020-11-27,16:19:06,13894,13895,13894,1
2020-11-27,16:19:06,13894,13895,13894,2
2020-11-27,16:19:22,13893,13894,13893,1
2020-11-27,16:19:22,13893,13894,13893,1
2020-11-27,16:19:33,13892,13893,13892,3
2020-11-27,16:19:36,13892,13893,13891,3
2020-11-27,16:19:36,13892,13893,13892,2
2020-11-27,16:19:36,13891,13893,13891,1
2020-11-27,16:19:46,13891,13892,13892,1
2020-11-27,16:19:46,13891,13892,13891,4
2020-11-27,16:19:54,13891,13892,13891,1
2020-11-27,16:19:55,13891,13892,13891,1
2020-11-27,16:19:56,13891,13892,13891,2
2020-11-27,16:20:02,13891,13892,13891,1
2020-11-27,16:20:02,13891,13892,13891,1
2020-11-27,16:20:03,13890,13891,13891,1
2020-11-27,16:20:17,13890,13891,13891,1
2020-11-27,16:20:24,13890,13891,13891,1
2020-11-27,16:20:27,13890,13891,13890,2
2020-11-27,16:20:28,13890,13891,13891,4
2020-11-27,16:20:33,13891,13892,13892,1
2020-11-27,16:20:33,13891,13892,13892,1
2020-11-27,16:20:36,13892,13893,13892,1
2020-11-27,16:20:41,13891,13892,13892,1
2020-11-27,16:20:43,13891,13892,13891,1
2020-11-27,16:20:50,13892,13893,13892,1
2020-11-27,16:20:58,13892,13893,13892,1
2020-11-27,16:21:24,13892,13894,13894,1
2020-11-27,16:21:40,13893,13894,13894,1
2020-11-27,16:21:44,13893,13894,13894,1
2020-11-27,16:21:52,13893,13894,13894,3
2020-11-27,16:22:08,13893,13894,13893,1
2020-11-27,16:22:26,13893,13894,13894,1
2020-11-27,16:22:34,13893,13894,13894,4
2020-11-27,16:22:40,13894,13895,13895,1
2020-11-27,16:22:41,13894,13895,13895,1
2020-11-27,16:22:57,13894,13895,13894,1
2020-11-27,16:23:04,13894,13895,13895,1
2020-11-27,16:23:06,13895,13896,13895,1
2020-11-27,16:23:11,13895,13896,13896,6
2020-11-27,16:23:11,13895,13896,13896,1
2020-11-27,16:23:22,13895,13896,13896,1
2020-11-27,16:23:24,13895,13896,13896,1
2020-11-27,16:23:37,13895,13896,13895,3
2020-11-27,16:23:38,13894,13896,13894,1
2020-11-27,16:23:38,13894,13896,13894,1
2020-11-27,16:23:47,13895,13896,13896,1
2020-11-27,16:23:47,13895,13896,13895,1
2020-11-27,16:24:04,13895,13896,13895,2
2020-11-27,16:25:02,13895,13896,13895,3
2020-11-27,16:25:02,13895,13896,13895,4
2020-11-27,16:25:04,13894,13896,13894,2
2020-11-27,16:25:13,13895,13896,13895,4
2020-11-27,16:25:23,13895,13896,13895,1
2020-11-27,16:25:34,13895,13896,13895,1
2020-11-27,16:25:47,13895,13896,13896,3
2020-11-27,16:26:02,13896,13897,13896,1
2020-11-27,16:26:18,13896,13897,13896,3
2020-11-27,16:26:22,13895,13897,13896,1
2020-11-27,16:26:22,13895,13897,13897,1
2020-11-27,16:26:41,13896,13897,13897,2
2020-11-27,16:26:45,13896,13897,13896,2
2020-11-27,16:26:58,13896,13897,13897,1
2020-11-27,16:27:10,13897,13898,13898,1
2020-11-27,16:27:10,13897,13898,13898,8
2020-11-27,16:27:10,13897,13898,13898,3
2020-11-27,16:27:10,13897,13898,13898,2
2020-11-27,16:27:11,13897,13899,13899,1
2020-11-27,16:27:14,13898,13899,13899,1
2020-11-27,16:27:15,13898,13899,13899,1
2020-11-27,16:27:18,13898,13899,13899,1
2020-11-27,16:27:18,13898,13899,13899,1
2020-11-27,16:27:18,13898,13899,13898,3
2020-11-27,16:27:18,13898,13899,13899,1
2020-11-27,16:27:19,13898,13899,13899,2
2020-11-27,16:27:26,13898,13899,13899,4
2020-11-27,16:27:26,13898,13899,13899,1
2020-11-27,16:27:26,13898,13899,13899,1
2020-11-27,16:27:27,13898,13899,13899,1
2020-11-27,16:27:32,13898,13899,13899,1
2020-11-27,16:27:35,13898,13899,13899,3
2020-11-27,16:27:39,13899,13900,13899,3
2020-11-27,16:27:40,13898,13900,13900,1
2020-11-27,16:27:40,13898,13900,13900,5
2020-11-27,16:27:40,13898,13900,13900,1
2020-11-27,16:27:40,13899,13900,13899,4
2020-11-27,16:27:42,13898,13899,13898,1
2020-11-27,16:27:42,13898,13899,13898,2
2020-11-27,16:27:51,13897,13898,13898,1
2020-11-27,16:27:52,13897,13898,13898,2
2020-11-27,16:27:57,13897,13898,13897,1
2020-11-27,16:27:59,13896,13897,13897,2
2020-11-27,16:28:13,13896,13897,13897,1
2020-11-27,16:28:26,13896,13897,13897,1
2020-11-27,16:28:34,13896,13897,13896,2
2020-11-27,16:28:52,13896,13897,13896,5
2020-11-27,16:28:52,13896,13897,13896,3
2020-11-27,16:29:06,13895,13896,13896,1
2020-11-27,16:29:15,13895,13896,13896,1
2020-11-27,16:29:44,13895,13896,13896,1
2020-11-27,16:30:00,13895,13896,13896,5
2020-11-27,16:30:00,13895,13896,13897,21
2020-11-27,16:30:00,13895,13896,13897,1
2020-11-27,16:30:00,13896,13898,13896,1
2020-11-27,16:30:03,13896,13897,13897,1
2020-11-27,16:30:04,13896,13897,13897,2
2020-11-27,16:30:21,13896,13898,13896,5
2020-11-27,16:30:36,13896,13897,13896,3
2020-11-27,16:30:39,13895,13896,13896,1
2020-11-27,16:30:56,13895,13896,13896,1
2020-11-27,16:31:00,13895,13897,13897,1
2020-11-27,16:31:02,13896,13897,13897,1
2020-11-27,16:31:05,13897,13898,13897,1
2020-11-27,16:31:05,13897,13898,13897,1
2020-11-27,16:31:06,13897,13898,13898,2
2020-11-27,16:31:21,13897,13898,13898,1
2020-11-27,16:31:53,13897,13898,13898,7
2020-11-27,16:31:55,13898,13899,13899,3
2020-11-27,16:32:00,13898,13899,13899,1
2020-11-27,16:32:01,13898,13899,13898,1
2020-11-27,16:32:01,13898,13899,13898,1
2020-11-27,16:32:01,13898,13899,13898,1
2020-11-27,16:32:10,13897,13898,13897,1
2020-11-27,16:32:14,13897,13898,13898,1
2020-11-27,16:32:24,13897,13898,13898,2
2020-11-27,16:32:28,13898,13899,13898,1
2020-11-27,16:32:51,13898,13899,13898,1
2020-11-27,16:32:51,13897,13899,13899,6
2020-11-27,16:33:03,13897,13899,13899,1
2020-11-27,16:33:31,13897,13898,13897,3
2020-11-27,16:33:39,13896,13897,13897,1
2020-11-27,16:33:43,13896,13897,13896,6
2020-11-27,16:33:50,13895,13897,13895,1
2020-11-27,16:33:50,13895,13896,13895,2
2020-11-27,16:34:04,13895,13896,13896,1
2020-11-27,16:34:05,13895,13896,13896,1
2020-11-27,16:34:24,13895,13896,13895,1
2020-11-27,16:34:32,13895,13896,13895,1
2020-11-27,16:34:33,13895,13896,13895,2
2020-11-27,16:34:59,13895,13896,13895,1
2020-11-27,16:35:02,13895,13896,13895,1
2020-11-27,16:35:09,13895,13896,13895,1
2020-11-27,16:35:13,13895,13896,13896,1
2020-11-27,16:35:45,13895,13896,13896,1
2020-11-27,16:35:47,13895,13896,13896,1
2020-11-27,16:36:02,13895,13896,13895,1
2020-11-27,16:36:11,13895,13896,13896,2
2020-11-27,16:36:11,13895,13896,13896,1
2020-11-27,16:36:11,13895,13896,13896,1
2020-11-27,16:37:04,13897,13898,13897,1
2020-11-27,16:37:39,13896,13897,13896,2
2020-11-27,16:37:41,13896,13897,13897,1
2020-11-27,16:37:43,13897,13898,13897,4
2020-11-27,16:38:06,13896,13897,13896,1
2020-11-27,16:38:10,13896,13898,13896,1
2020-11-27,16:38:19,13895,13897,13897,1
2020-11-27,16:38:19,13895,13897,13897,1
2020-11-27,16:38:19,13895,13897,13897,2
2020-11-27,16:38:19,13896,13897,13897,1
2020-11-27,16:38:19,13896,13897,13897,1
2020-11-27,16:38:19,13896,13897,13897,1
2020-11-27,16:38:19,13896,13897,13898,1
2020-11-27,16:38:19,13896,13897,13898,1
2020-11-27,16:38:19,13896,13898,13898,1
2020-11-27,16:38:22,13896,13898,13896,2
2020-11-27,16:40:41,13897,13898,13898,4
2020-11-27,16:40:41,13897,13898,13898,7
2020-11-27,16:40:41,13898,13899,13899,1
2020-11-27,16:40:41,13898,13899,13899,1
2020-11-27,16:40:41,13898,13899,13899,3
2020-11-27,16:40:41,13898,13899,13899,2
2020-11-27,16:40:41,13898,13899,13899,9
2020-11-27,16:40:41,13898,13899,13899,3
2020-11-27,16:40:55,13899,13900,13900,1
2020-11-27,16:41:03,13899,13900,13900,1
2020-11-27,16:41:03,13899,13900,13899,1
2020-11-27,16:41:04,13899,13900,13899,1
2020-11-27,16:41:06,13898,13900,13899,3
2020-11-27,16:41:07,13898,13900,13898,1
2020-11-27,16:41:19,13898,13899,13899,1
2020-11-27,16:41:28,13898,13899,13899,1
2020-11-27,16:41:28,13898,13899,13899,8
2020-11-27,16:41:44,13898,13899,13899,3
2020-11-27,16:41:47,13899,13900,13899,1
2020-11-27,16:42:00,13898,13899,13899,1
2020-11-27,16:42:04,13898,13900,13899,1
2020-11-27,16:42:09,13898,13899,13899,2
2020-11-27,16:42:31,13898,13899,13899,1
2020-11-27,16:42:32,13898,13899,13899,2
2020-11-27,16:42:32,13898,13899,13899,1
2020-11-27,16:42:32,13898,13899,13899,1
2020-11-27,16:42:32,13898,13899,13899,1
2020-11-27,16:42:32,13898,13899,13899,2
2020-11-27,16:42:39,13899,13900,13900,1
2020-11-27,16:42:40,13899,13900,13899,1
2020-11-27,16:42:52,13899,13900,13899,2
2020-11-27,16:42:52,13899,13900,13899,1
2020-11-27,16:43:11,13899,13900,13900,1
2020-11-27,16:43:11,13899,13900,13900,1
2020-11-27,16:43:13,13899,13900,13900,2
2020-11-27,16:43:22,13899,13900,13899,2
2020-11-27,16:43:22,13898,13900,13900,1
2020-11-27,16:43:24,13898,13900,13900,2
2020-11-27,16:43:33,13898,13899,13899,2
2020-11-27,16:43:33,13898,13899,13899,1
2020-11-27,16:43:38,13899,13900,13899,2
2020-11-27,16:43:53,13899,13900,13900,2
2020-11-27,16:44:09,13899,13900,13900,1
2020-11-27,16:44:15,13899,13900,13899,2
2020-11-27,16:44:21,13899,13900,13900,10
2020-11-27,16:44:29,13899,13900,13899,2
2020-11-27,16:44:30,13899,13900,13900,15
2020-11-27,16:44:30,13899,13900,13900,1
2020-11-27,16:44:30,13899,13900,13900,1
2020-11-27,16:44:30,13899,13900,13900,2
2020-11-27,16:44:30,13899,13900,13900,1
2020-11-27,16:44:30,13899,13900,13901,1
2020-11-27,16:44:30,13899,13900,13901,2
2020-11-27,16:44:30,13899,13900,13901,2
2020-11-27,16:44:30,13899,13900,13901,6
2020-11-27,16:44:30,13899,13900,13901,2
2020-11-27,16:44:30,13899,13900,13901,1
2020-11-27,16:44:30,13899,13900,13901,1
2020-11-27,16:44:30,13900,13902,13902,1
2020-11-27,16:44:30,13900,13902,13902,1
2020-11-27,16:44:30,13900,13902,13902,1
2020-11-27,16:44:31,13900,13902,13902,2
2020-11-27,16:44:31,13900,13902,13902,1
2020-11-27,16:44:35,13900,13901,13901,3
2020-11-27,16:44:36,13900,13902,13901,2
2020-11-27,16:44:37,13900,13901,13901,1
2020-11-27,16:44:38,13900,13901,13901,1
2020-11-27,16:44:40,13901,13902,13901,1
2020-11-27,16:44:44,13900,13901,13900,1
2020-11-27,16:45:05,13899,13900,13900,2
2020-11-27,16:45:06,13900,13901,13900,1
2020-11-27,16:45:20,13900,13901,13901,2
2020-11-27,16:45:20,13900,13901,13900,1
2020-11-27,16:45:28,13900,13901,13900,1
2020-11-27,16:45:37,13900,13901,13901,14
2020-11-27,16:45:41,13901,13902,13902,6
2020-11-27,16:45:42,13901,13902,13902,1
2020-11-27,16:45:42,13901,13902,13902,3
2020-11-27,16:45:42,13901,13902,13902,10
2020-11-27,16:45:44,13901,13902,13902,1
2020-11-27,16:45:49,13902,13903,13902,2
2020-11-27,16:45:49,13901,13902,13902,1
2020-11-27,16:45:59,13902,13903,13902,1
2020-11-27,16:45:59,13902,13903,13902,1
2020-11-27,16:46:01,13901,13902,13902,1
2020-11-27,16:46:09,13901,13902,13902,1
2020-11-27,16:46:25,13902,13903,13903,2
2020-11-27,16:46:25,13902,13903,13903,1
2020-11-27,16:46:26,13902,13903,13903,1
2020-11-27,16:46:26,13902,13903,13903,1
2020-11-27,16:46:26,13902,13903,13903,4
2020-11-27,16:46:26,13902,13903,13903,1
2020-11-27,16:46:27,13902,13903,13903,1
2020-11-27,16:46:27,13902,13903,13903,1
2020-11-27,16:46:32,13902,13903,13903,4
2020-11-27,16:46:33,13902,13903,13903,1
2020-11-27,16:46:34,13902,13903,13903,1
2020-11-27,16:46:34,13902,13903,13903,1
2020-11-27,16:46:35,13902,13903,13903,1
2020-11-27,16:46:36,13902,13903,13903,1
2020-11-27,16:46:37,13902,13903,13903,1
2020-11-27,16:46:38,13902,13903,13903,1
2020-11-27,16:46:38,13902,13903,13903,2
2020-11-27,16:46:43,13903,13904,13904,1
2020-11-27,16:46:43,13903,13904,13904,1
2020-11-27,16:46:43,13903,13904,13904,1
2020-11-27,16:46:43,13903,13904,13904,1
2020-11-27,16:46:43,13903,13904,13904,1
2020-11-27,16:46:43,13903,13904,13904,1
2020-11-27,16:46:43,13903,13904,13904,1
2020-11-27,16:46:48,13903,13904,13904,5
2020-11-27,16:46:48,13903,13904,13904,1
2020-11-27,16:46:48,13903,13904,13904,2
2020-11-27,16:46:53,13904,13905,13905,3
2020-11-27,16:46:53,13904,13905,13905,1
2020-11-27,16:46:58,13904,13905,13905,1
2020-11-27,16:46:59,13904,13905,13905,1
2020-11-27,16:46:59,13904,13905,13905,2
2020-11-27,16:46:59,13904,13905,13905,1
2020-11-27,16:47:01,13904,13905,13904,1
2020-11-27,16:47:01,13904,13905,13904,1
2020-11-27,16:47:04,13903,13904,13904,1
2020-11-27,16:47:10,13903,13904,13903,2
2020-11-27,16:47:12,13903,13904,13904,2
2020-11-27,16:47:12,13904,13905,13905,1
2020-11-27,16:47:16,13904,13905,13905,3
2020-11-27,16:47:19,13904,13905,13904,2
2020-11-27,16:47:20,13904,13905,13904,2
2020-11-27,16:47:20,13904,13905,13904,2
2020-11-27,16:47:25,13903,13904,13904,1
2020-11-27,16:47:28,13903,13904,13903,2
2020-11-27,16:47:33,13903,13904,13904,1
2020-11-27,16:47:40,13903,13904,13904,2
2020-11-27,16:47:40,13903,13904,13905,3
2020-11-27,16:47:47,13903,13904,13904,2
2020-11-27,16:47:51,13903,13904,13904,1
2020-11-27,16:47:57,13904,13905,13905,5
2020-11-27,16:47:57,13904,13905,13905,5
2020-11-27,16:47:58,13904,13905,13905,5
2020-11-27,16:47:58,13904,13905,13905,5
2020-11-27,16:47:58,13904,13905,13905,4
2020-11-27,16:48:01,13904,13905,13905,1
2020-11-27,16:48:01,13904,13905,13905,1
2020-11-27,16:48:01,13904,13905,13905,1
2020-11-27,16:48:01,13904,13905,13905,1
2020-11-27,16:48:01,13904,13905,13905,1
2020-11-27,16:48:02,13904,13905,13905,1
2020-11-27,16:48:03,13904,13905,13905,2
2020-11-27,16:48:06,13904,13905,13905,10
2020-11-27,16:48:07,13905,13906,13905,1
2020-11-27,16:48:11,13905,13906,13905,1
2020-11-27,16:48:15,13904,13905,13904,3
2020-11-27,16:48:16,13904,13905,13905,1
2020-11-27,16:48:18,13904,13905,13905,1
2020-11-27,16:48:20,13904,13905,13905,1
2020-11-27,16:48:21,13904,13905,13905,1
2020-11-27,16:48:21,13904,13905,13905,1
2020-11-27,16:48:22,13905,13906,13905,1
2020-11-27,16:48:22,13904,13906,13904,2
2020-11-27,16:48:27,13904,13906,13905,1
2020-11-27,16:48:37,13904,13905,13905,1
2020-11-27,16:48:46,13904,13905,13905,2
2020-11-27,16:48:47,13904,13905,13904,1
2020-11-27,16:48:49,13904,13905,13905,4
2020-11-27,16:48:56,13904,13905,13904,1
2020-11-27,16:48:57,13904,13905,13905,6
2020-11-27,16:48:57,13904,13905,13905,1
2020-11-27,16:49:01,13904,13905,13905,3
2020-11-27,16:49:09,13904,13905,13905,1
2020-11-27,16:49:17,13904,13905,13905,5
2020-11-27,16:49:17,13904,13905,13905,1
2020-11-27,16:49:20,13904,13905,13905,1
2020-11-27,16:49:26,13904,13905,13905,1
2020-11-27,16:49:26,13904,13905,13905,4
2020-11-27,16:49:26,13904,13905,13905,1
2020-11-27,16:49:31,13904,13905,13905,2
2020-11-27,16:49:31,13904,13905,13905,1
2020-11-27,16:49:31,13904,13905,13906,1
2020-11-27,16:49:31,13904,13905,13905,1
2020-11-27,16:49:34,13904,13905,13905,1
2020-11-27,16:49:35,13904,13905,13905,1
2020-11-27,16:49:37,13904,13906,13906,1
2020-11-27,16:49:47,13904,13906,13906,1
2020-11-27,16:49:54,13904,13905,13905,1
2020-11-27,16:50:00,13905,13906,13905,1
2020-11-27,16:50:01,13904,13906,13906,1
2020-11-27,16:50:04,13904,13905,13905,1
2020-11-27,16:50:04,13904,13905,13905,1
2020-11-27,16:50:05,13905,13906,13905,1
2020-11-27,16:50:05,13905,13906,13906,2
2020-11-27,16:50:05,13905,13906,13906,1
2020-11-27,16:50:05,13905,13906,13906,2
2020-11-27,16:50:06,13905,13906,13906,1
2020-11-27,16:50:06,13905,13906,13906,1
2020-11-27,16:50:06,13905,13906,13906,3
2020-11-27,16:50:06,13905,13906,13906,1
2020-11-27,16:50:06,13905,13906,13906,1
2020-11-27,16:50:06,13905,13906,13906,1
2020-11-27,16:50:06,13905,13906,13906,2
2020-11-27,16:50:06,13905,13906,13906,1
2020-11-27,16:50:09,13905,13906,13905,4
2020-11-27,16:50:13,13905,13906,13905,1
2020-11-27,16:50:16,13905,13906,13906,1
2020-11-27,16:50:17,13905,13906,13905,1
2020-11-27,16:50:34,13905,13906,13905,2
2020-11-27,16:50:47,13905,13906,13906,2
2020-11-27,16:50:47,13905,13906,13906,8
2020-11-27,16:50:47,13905,13906,13906,2
2020-11-27,16:50:47,13905,13906,13906,1
2020-11-27,16:50:47,13905,13906,13906,1
2020-11-27,16:50:47,13905,13906,13906,4
2020-11-27,16:50:47,13905,13906,13906,9
2020-11-27,16:50:47,13905,13906,13906,1
2020-11-27,16:50:47,13905,13906,13906,2
2020-11-27,16:50:47,13905,13906,13906,20
2020-11-27,16:50:47,13906,13907,13907,34
2020-11-27,16:50:47,13907,13908,13908,1
2020-11-27,16:50:47,13907,13908,13908,1
2020-11-27,16:50:47,13907,13908,13908,2
2020-11-27,16:50:47,13907,13908,13908,1
2020-11-27,16:50:47,13907,13908,13908,1
2020-11-27,16:50:47,13907,13908,13908,2
2020-11-27,16:50:47,13907,13908,13908,5
2020-11-27,16:50:47,13907,13908,13908,1
2020-11-27,16:50:47,13907,13908,13909,2
2020-11-27,16:50:47,13907,13908,13909,2
2020-11-27,16:50:47,13907,13909,13909,1
2020-11-27,16:50:47,13907,13909,13909,1
2020-11-27,16:50:47,13907,13909,13909,1
2020-11-27,16:50:47,13907,13909,13909,1
2020-11-27,16:50:47,13907,13909,13909,1
2020-11-27,16:50:47,13907,13909,13909,10
2020-11-27,16:50:47,13907,13909,13909,1
2020-11-27,16:50:47,13907,13909,13909,1
2020-11-27,16:50:47,13907,13909,13909,1
2020-11-27,16:50:47,13907,13909,13909,1
2020-11-27,16:50:47,13907,13909,13909,1
2020-11-27,16:50:47,13907,13909,13909,4
2020-11-27,16:50:47,13907,13909,13909,1
2020-11-27,16:50:47,13907,13909,13910,2
2020-11-27,16:50:48,13909,13910,13910,1
2020-11-27,16:50:48,13909,13910,13910,1
2020-11-27,16:50:48,13909,13910,13910,1
2020-11-27,16:50:48,13909,13910,13910,1
2020-11-27,16:50:48,13909,13910,13910,1
2020-11-27,16:50:48,13909,13910,13910,1
2020-11-27,16:50:48,13909,13910,13910,1
2020-11-27,16:50:48,13909,13910,13910,1
2020-11-27,16:50:48,13909,13910,13910,2
2020-11-27,16:50:48,13909,13910,13910,1
2020-11-27,16:50:48,13909,13910,13910,1
2020-11-27,16:50:48,13909,13910,13910,4
2020-11-27,16:50:48,13909,13910,13910,1
2020-11-27,16:50:48,13909,13910,13910,53
2020-11-27,16:50:48,13909,13910,13910,2
2020-11-27,16:50:48,13909,13910,13910,1
2020-11-27,16:50:48,13909,13910,13910,7
2020-11-27,16:50:48,13909,13910,13910,1
2020-11-27,16:50:48,13909,13910,13910,2
2020-11-27,16:50:48,13909,13910,13910,7
2020-11-27,16:50:48,13909,13910,13911,2
2020-11-27,16:50:48,13909,13910,13911,1
2020-11-27,16:50:48,13909,13910,13910,1
2020-11-27,16:50:48,13909,13910,13911,10
2020-11-27,16:50:48,13909,13910,13911,2
2020-11-27,16:50:48,13910,13911,13911,2
2020-11-27,16:50:48,13910,13911,13911,11
2020-11-27,16:50:48,13910,13911,13912,5
2020-11-27,16:50:48,13910,13911,13912,1
2020-11-27,16:50:48,13910,13911,13912,1
2020-11-27,16:50:48,13910,13911,13912,1
2020-11-27,16:50:48,13910,13911,13912,1
2020-11-27,16:50:48,13910,13911,13912,10
2020-11-27,16:50:48,13910,13911,13913,6
2020-11-27,16:50:48,13910,13911,13913,1
2020-11-27,16:50:48,13910,13911,13913,1
2020-11-27,16:50:48,13910,13911,13911,1
2020-11-27,16:50:48,13910,13911,13913,1
2020-11-27,16:50:48,13910,13911,13913,1
2020-11-27,16:50:48,13911,13913,13913,1
2020-11-27,16:50:48,13911,13913,13913,1
2020-11-27,16:50:48,13911,13913,13913,1
2020-11-27,16:50:48,13911,13913,13914,1
2020-11-27,16:50:48,13911,13913,13914,1
2020-11-27,16:50:48,13911,13913,13914,3
2020-11-27,16:50:48,13911,13913,13914,1
2020-11-27,16:50:48,13911,13913,13914,1
2020-11-27,16:50:48,13911,13913,13914,1
2020-11-27,16:50:48,13911,13913,13914,1
2020-11-27,16:50:48,13911,13914,13914,1
2020-11-27,16:50:48,13911,13914,13914,1
2020-11-27,16:50:48,13911,13914,13915,3
2020-11-27,16:50:48,13911,13914,13915,1
2020-11-27,16:50:48,13911,13914,13915,1
2020-11-27,16:50:48,13911,13914,13915,1
2020-11-27,16:50:48,13911,13914,13914,1
2020-11-27,16:50:48,13911,13914,13914,1
2020-11-27,16:50:48,13911,13914,13913,1
2020-11-27,16:50:48,13911,13914,13914,1
2020-11-27,16:50:48,13913,13914,13914,1
2020-11-27,16:50:48,13913,13914,13914,1
2020-11-27,16:50:48,13913,13914,13914,2
2020-11-27,16:50:48,13913,13914,13914,1
2020-11-27,16:50:48,13913,13914,13914,1
2020-11-27,16:50:48,13913,13914,13914,1
2020-11-27,16:50:48,13913,13914,13913,2
2020-11-27,16:50:48,13913,13914,13914,1
2020-11-27,16:50:48,13913,13914,13914,1
2020-11-27,16:50:48,13913,13914,13914,1
2020-11-27,16:50:48,13913,13914,13914,1
2020-11-27,16:50:48,13913,13914,13914,1
2020-11-27,16:50:48,13913,13914,13913,1
2020-11-27,16:50:48,13913,13914,13913,2
2020-11-27,16:50:48,13913,13914,13913,1
2020-11-27,16:50:48,13913,13914,13914,1
2020-11-27,16:50:48,13913,13914,13914,1
2020-11-27,16:50:48,13913,13914,13914,1
2020-11-27,16:50:48,13913,13914,13915,1
2020-11-27,16:50:48,13913,13915,13915,1
2020-11-27,16:50:48,13913,13915,13915,1
2020-11-27,16:50:48,13913,13915,13915,2
2020-11-27,16:50:48,13913,13915,13915,1
2020-11-27,16:50:48,13913,13915,13915,1
2020-11-27,16:50:48,13913,13915,13915,1
2020-11-27,16:50:48,13913,13915,13915,1
2020-11-27,16:50:48,13913,13915,13915,1
2020-11-27,16:50:48,13913,13915,13915,1
2020-11-27,16:50:48,13913,13915,13915,1
2020-11-27,16:50:48,13913,13915,13915,1
2020-11-27,16:50:48,13913,13915,13915,1
2020-11-27,16:50:48,13913,13915,13915,2
2020-11-27,16:50:48,13913,13915,13915,2
2020-11-27,16:50:48,13913,13915,13915,1
2020-11-27,16:50:48,13913,13915,13915,2
2020-11-27,16:50:48,13913,13915,13915,1
2020-11-27,16:50:48,13913,13915,13915,1
2020-11-27,16:50:48,13913,13915,13915,1
2020-11-27,16:50:48,13913,13915,13915,1
2020-11-27,16:50:48,13913,13915,13914,1
2020-11-27,16:50:48,13913,13915,13914,1
2020-11-27,16:50:49,13914,13915,13915,1
2020-11-27,16:50:49,13914,13915,13915,1
2020-11-27,16:50:49,13914,13915,13915,1
2020-11-27,16:50:49,13914,13915,13915,1
2020-11-27,16:50:49,13915,13916,13916,1
2020-11-27,16:50:49,13915,13916,13916,1
2020-11-27,16:50:49,13915,13916,13916,1
2020-11-27,16:50:49,13915,13916,13916,1
2020-11-27,16:50:49,13915,13916,13916,1
2020-11-27,16:50:49,13915,13916,13916,1
2020-11-27,16:50:49,13915,13916,13916,1
2020-11-27,16:50:49,13915,13916,13914,1
2020-11-27,16:50:49,13915,13916,13915,1
2020-11-27,16:50:49,13914,13915,13915,1
2020-11-27,16:50:49,13914,13915,13915,2
2020-11-27,16:50:49,13914,13915,13915,1
2020-11-27,16:50:49,13914,13915,13914,1
2020-11-27,16:50:49,13914,13915,13915,1
2020-11-27,16:50:49,13914,13915,13915,1
2020-11-27,16:50:49,13914,13915,13915,1
2020-11-27,16:50:49,13914,13915,13915,1
2020-11-27,16:50:49,13914,13915,13915,1
2020-11-27,16:50:50,13914,13915,13914,1
2020-11-27,16:50:50,13914,13915,13915,1
2020-11-27,16:50:50,13914,13915,13916,10
2020-11-27,16:50:50,13914,13915,13917,2
2020-11-27,16:50:50,13914,13915,13916,1
2020-11-27,16:50:50,13914,13916,13916,2
2020-11-27,16:50:50,13914,13916,13916,2
2020-11-27,16:50:50,13914,13916,13915,2
2020-11-27,16:50:50,13914,13916,13915,2
2020-11-27,16:50:50,13914,13916,13915,1
2020-11-27,16:50:50,13914,13916,13915,2
2020-11-27,16:50:50,13914,13916,13915,1
2020-11-27,16:50:50,13914,13916,13916,1
2020-11-27,16:50:51,13914,13915,13915,1
2020-11-27,16:50:51,13914,13915,13915,1
2020-11-27,16:50:51,13914,13915,13915,1
2020-11-27,16:50:51,13914,13915,13915,1
2020-11-27,16:50:51,13914,13915,13915,1
2020-11-27,16:50:51,13914,13915,13915,1
2020-11-27,16:50:51,13914,13915,13915,1
2020-11-27,16:50:51,13914,13915,13914,1
2020-11-27,16:50:51,13914,13915,13914,1
2020-11-27,16:50:51,13914,13915,13914,1
2020-11-27,16:50:51,13914,13915,13914,3
2020-11-27,16:50:51,13914,13915,13915,1
2020-11-27,16:50:51,13914,13915,13913,1
2020-11-27,16:50:51,13914,13915,13915,1
2020-11-27,16:50:51,13913,13915,13913,1
2020-11-27,16:50:51,13913,13914,13914,1
2020-11-27,16:50:54,13912,13914,13914,1
2020-11-27,16:50:55,13913,13914,13914,1
2020-11-27,16:50:58,13913,13914,13914,2
2020-11-27,16:50:59,13914,13915,13915,3
2020-11-27,16:50:59,13914,13915,13915,1
2020-11-27,16:50:59,13914,13915,13915,2
2020-11-27,16:50:59,13914,13915,13916,2
2020-11-27,16:50:59,13914,13915,13916,1
2020-11-27,16:50:59,13914,13915,13916,1
2020-11-27,16:50:59,13914,13915,13916,1
2020-11-27,16:50:59,13914,13915,13917,1
2020-11-27,16:50:59,13914,13915,13917,1
2020-11-27,16:50:59,13914,13915,13917,1
2020-11-27,16:50:59,13914,13915,13917,1
2020-11-27,16:50:59,13914,13915,13917,1
2020-11-27,16:50:59,13914,13915,13917,1
2020-11-27,16:50:59,13914,13915,13917,1
2020-11-27,16:50:59,13914,13915,13917,1
2020-11-27,16:50:59,13914,13915,13917,1
2020-11-27,16:50:59,13914,13915,13917,1
2020-11-27,16:50:59,13914,13915,13917,1
2020-11-27,16:50:59,13914,13915,13917,1
2020-11-27,16:50:59,13916,13917,13916,2
2020-11-27,16:50:59,13915,13917,13917,1
2020-11-27,16:51:00,13915,13917,13915,1
2020-11-27,16:51:00,13915,13917,13916,3
2020-11-27,16:51:00,13915,13917,13917,1
2020-11-27,16:51:00,13915,13917,13917,9
2020-11-27,16:51:00,13915,13917,13918,1
2020-11-27,16:51:00,13915,13917,13918,1
2020-11-27,16:51:01,13916,13918,13918,1
2020-11-27,16:51:01,13916,13918,13918,1
2020-11-27,16:51:01,13916,13918,13918,1
2020-11-27,16:51:01,13916,13918,13918,1
2020-11-27,16:51:01,13916,13918,13918,1
2020-11-27,16:51:01,13916,13918,13918,1
2020-11-27,16:51:01,13917,13918,13918,1
2020-11-27,16:51:01,13917,13918,13918,5
2020-11-27,16:51:01,13917,13918,13918,1
2020-11-27,16:51:01,13917,13918,13918,1
2020-11-27,16:51:02,13917,13918,13918,1
2020-11-27,16:51:02,13917,13918,13918,1
2020-11-27,16:51:02,13917,13918,13918,1
2020-11-27,16:51:03,13916,13918,13918,1
2020-11-27,16:51:03,13916,13918,13916,1
2020-11-27,16:51:03,13916,13917,13917,2
2020-11-27,16:51:05,13915,13917,13917,2
2020-11-27,16:51:05,13915,13917,13917,2
2020-11-27,16:51:05,13915,13917,13917,1
2020-11-27,16:51:05,13915,13917,13917,1
2020-11-27,16:51:05,13915,13917,13917,1
2020-11-27,16:51:07,13916,13917,13917,2
2020-11-27,16:51:08,13916,13917,13917,1
2020-11-27,16:51:08,13916,13917,13917,1
2020-11-27,16:51:09,13916,13917,13917,1
2020-11-27,16:51:09,13916,13917,13916,1
2020-11-27,16:51:10,13916,13917,13917,1
2020-11-27,16:51:10,13916,13917,13917,1
2020-11-27,16:51:12,13916,13917,13916,1
2020-11-27,16:51:13,13916,13917,13917,1
2020-11-27,16:51:14,13916,13917,13916,1
2020-11-27,16:51:14,13916,13917,13917,1
2020-11-27,16:51:16,13916,13917,13917,1
2020-11-27,16:51:16,13917,13918,13918,6
2020-11-27,16:51:16,13917,13918,13917,1
2020-11-27,16:51:17,13917,13918,13918,8
2020-11-27,16:51:17,13917,13918,13917,1
2020-11-27,16:51:17,13916,13917,13917,1
2020-11-27,16:51:18,13916,13917,13917,1
2020-11-27,16:51:19,13917,13918,13918,1
2020-11-27,16:51:19,13917,13918,13918,1
2020-11-27,16:51:19,13917,13918,13918,1
2020-11-27,16:51:21,13917,13918,13917,1
2020-11-27,16:51:21,13916,13918,13918,1
2020-11-27,16:51:21,13917,13918,13918,2
2020-11-27,16:51:22,13917,13918,13918,1
2020-11-27,16:51:22,13917,13918,13917,2
2020-11-27,16:51:23,13917,13918,13917,1
2020-11-27,16:51:29,13917,13918,13917,1
2020-11-27,16:51:30,13917,13918,13918,1
2020-11-27,16:51:30,13917,13918,13918,1
2020-11-27,16:51:30,13917,13918,13917,1
2020-11-27,16:51:30,13916,13918,13918,5
2020-11-27,16:51:31,13917,13918,13918,2
2020-11-27,16:51:34,13917,13918,13918,1
2020-11-27,16:51:34,13917,13918,13918,3
2020-11-27,16:51:35,13918,13919,13919,1
2020-11-27,16:51:35,13918,13919,13919,3
2020-11-27,16:51:35,13918,13919,13918,2
2020-11-27,16:51:35,13918,13919,13919,1
