2020-09-10 15:00:00.073,12704,12705,12711,187,187
2020-09-10 15:00:00.074,12710,12711,12710,4,-4
2020-09-10 15:00:00.074,12710,12711,12710,6,-6
2020-09-10 15:00:00.109,12709,12711,12709,7,-7
2020-09-10 15:00:00.109,12709,12711,12709,3,-3
2020-09-10 15:00:00.130,12709,12711,12709,1,-1
2020-09-10 15:00:00.130,12709,12711,12708,11,-11
2020-09-10 15:00:00.130,12709,12711,12707,7,-7
2020-09-10 15:00:00.130,12709,12711,12706,2,-2
2020-09-10 15:00:00.130,12709,12711,12704,10,-10
2020-09-10 15:00:00.131,12709,12711,12704,5,-5
2020-09-10 15:00:00.131,12709,12711,12704,4,-4
2020-09-10 15:00:00.198,12702,12706,12702,1,-1
2020-09-10 15:00:00.210,12702,12706,12704,1,1
2020-09-10 15:00:00.210,12702,12706,12705,1,1
2020-09-10 15:00:00.210,12702,12706,12706,1,1
2020-09-10 15:00:00.217,12702,12706,12706,1,1
2020-09-10 15:00:00.240,12702,12706,12706,2,2
2020-09-10 15:00:00.243,12702,12706,12706,10,10
2020-09-10 15:00:00.248,12702,12706,12706,1,1
2020-09-10 15:00:00.252,12702,12706,12706,1,1
2020-09-10 15:00:00.255,12702,12706,12706,1,1
2020-09-10 15:00:00.259,12702,12706,12706,1,1
2020-09-10 15:00:00.266,12702,12706,12707,1,1
2020-09-10 15:00:00.273,12702,12706,12707,2,2
2020-09-10 15:00:00.301,12702,12706,12706,1,1
2020-09-10 15:00:00.333,12706,12709,12709,2,2
2020-09-10 15:00:00.353,12706,12709,12708,2,-2
2020-09-10 15:00:00.361,12706,12709,12708,1,-1
2020-09-10 15:00:00.406,12706,12709,12710,1,1
2020-09-10 15:00:00.427,12706,12709,12710,1,1
2020-09-10 15:00:00.504,12708,12710,12710,1,1
2020-09-10 15:00:00.507,12708,12710,12708,2,-2
2020-09-10 15:00:00.507,12708,12710,12707,1,-1
2020-09-10 15:00:00.537,12708,12710,12708,1,1
2020-09-10 15:00:00.554,12708,12710,12708,1,-1
2020-09-10 15:00:00.566,12708,12710,12706,1,-1
2020-09-10 15:00:00.585,12706,12708,12708,3,3
2020-09-10 15:00:00.595,12706,12708,12707,2,-2
2020-09-10 15:00:00.622,12706,12708,12706,1,-1
2020-09-10 15:00:00.622,12706,12708,12705,1,-1
2020-09-10 15:00:00.626,12706,12708,12704,2,-2
2020-09-10 15:00:00.641,12706,12708,12704,1,-1
2020-09-10 15:00:00.642,12706,12708,12706,2,2
2020-09-10 15:00:00.642,12706,12708,12707,1,1
2020-09-10 15:00:00.645,12706,12708,12706,1,-1
2020-09-10 15:00:00.653,12706,12708,12707,1,1
2020-09-10 15:00:00.660,12706,12708,12707,2,-2
2020-09-10 15:00:00.666,12706,12708,12708,1,1
2020-09-10 15:00:00.712,12705,12708,12708,1,1
2020-09-10 15:00:00.751,12705,12708,12709,3,3
2020-09-10 15:00:00.766,12705,12708,12709,1,1
2020-09-10 15:00:00.771,12705,12708,12709,3,3
2020-09-10 15:00:00.772,12705,12708,12709,4,4
2020-09-10 15:00:00.775,12705,12708,12707,1,-1
2020-09-10 15:00:00.775,12705,12708,12706,2,-2
2020-09-10 15:00:00.792,12705,12708,12710,1,1
2020-09-10 15:00:00.809,12705,12708,12711,2,2
2020-09-10 15:00:00.822,12705,12708,12711,1,1
2020-09-10 15:00:00.823,12707,12712,12712,2,2
2020-09-10 15:00:00.826,12707,12712,12711,1,-1
2020-09-10 15:00:00.834,12707,12712,12712,5,5
2020-09-10 15:00:00.843,12707,12712,12712,1,1
2020-09-10 15:00:00.866,12707,12712,12710,1,-1
2020-09-10 15:00:00.867,12707,12712,12710,1,-1
2020-09-10 15:00:00.868,12707,12712,12710,1,-1
2020-09-10 15:00:00.869,12707,12712,12710,2,-2
2020-09-10 15:00:00.871,12707,12712,12712,1,1
2020-09-10 15:00:00.881,12707,12712,12707,1,-1
2020-09-10 15:00:00.881,12707,12712,12706,1,-1
2020-09-10 15:00:00.886,12707,12712,12712,1,1
2020-09-10 15:00:00.915,12707,12712,12713,2,2
2020-09-10 15:00:00.918,12707,12712,12713,2,2
2020-09-10 15:00:00.918,12707,12712,12714,1,1
2020-09-10 15:00:00.927,12707,12712,12714,1,1
2020-09-10 15:00:00.942,12707,12712,12714,1,1
2020-09-10 15:00:00.967,12707,12714,12714,1,1
2020-09-10 15:00:00.983,12707,12714,12708,1,-1
2020-09-10 15:00:00.983,12707,12714,12708,2,-2
2020-09-10 15:00:00.983,12707,12714,12714,5,5
2020-09-10 15:00:01.010,12707,12714,12714,2,2
2020-09-10 15:00:01.013,12707,12714,12714,2,2
2020-09-10 15:00:01.013,12707,12714,12714,2,2
2020-09-10 15:00:01.013,12707,12714,12715,1,1
2020-09-10 15:00:01.074,12706,12708,12708,3,3
2020-09-10 15:00:01.082,12706,12708,12713,1,1
2020-09-10 15:00:01.086,12706,12708,12715,1,1
2020-09-10 15:00:01.098,12706,12708,12715,1,1
2020-09-10 15:00:01.098,12706,12708,12715,1,1
2020-09-10 15:00:01.108,12706,12708,12715,5,5
2020-09-10 15:00:01.108,12706,12708,12716,4,4
2020-09-10 15:00:01.108,12706,12708,12717,1,1
2020-09-10 15:00:01.171,12706,12708,12716,1,1
2020-09-10 15:00:01.171,12706,12708,12717,1,1
2020-09-10 15:00:01.173,12706,12708,12710,1,1
2020-09-10 15:00:01.236,12709,12717,12717,5,5
2020-09-10 15:00:01.241,12709,12717,12717,1,1
2020-09-10 15:00:01.296,12709,12717,12716,1,-1
2020-09-10 15:00:01.296,12709,12717,12717,1,1
2020-09-10 15:00:01.296,12709,12717,12717,1,1
2020-09-10 15:00:01.301,12709,12717,12717,1,1
2020-09-10 15:00:01.307,12709,12717,12717,1,1
2020-09-10 15:00:01.315,12709,12717,12717,2,2
2020-09-10 15:00:01.351,12709,12717,12717,1,1
2020-09-10 15:00:01.352,12709,12717,12717,1,1
2020-09-10 15:00:01.361,12709,12717,12717,1,1
2020-09-10 15:00:01.368,12709,12717,12717,1,1
2020-09-10 15:00:01.368,12709,12717,12718,1,1
2020-09-10 15:00:01.386,12709,12717,12712,1,-1
2020-09-10 15:00:01.386,12709,12717,12711,4,-4
2020-09-10 15:00:01.386,12709,12717,12710,2,-2
2020-09-10 15:00:01.386,12709,12717,12709,1,-1
2020-09-10 15:00:01.386,12709,12717,12708,4,-4
2020-09-10 15:00:01.386,12709,12717,12707,2,-2
2020-09-10 15:00:01.387,12709,12717,12707,1,-1
2020-09-10 15:00:01.387,12709,12717,12707,25,-25
2020-09-10 15:00:01.405,12709,12717,12712,1,1
2020-09-10 15:00:01.413,12709,12717,12712,1,-1
2020-09-10 15:00:01.414,12709,12717,12713,2,2
2020-09-10 15:00:01.417,12709,12717,12713,4,-4
2020-09-10 15:00:01.433,12709,12717,12716,1,1
2020-09-10 15:00:01.433,12709,12717,12717,2,2
2020-09-10 15:00:01.434,12709,12717,12717,1,1
2020-09-10 15:00:01.442,12709,12717,12717,1,1
2020-09-10 15:00:01.443,12709,12717,12717,1,1
2020-09-10 15:00:01.450,12707,12718,12718,3,3
2020-09-10 15:00:01.459,12707,12718,12718,1,1
2020-09-10 15:00:01.459,12707,12718,12718,1,1
2020-09-10 15:00:01.466,12707,12718,12718,1,1
2020-09-10 15:00:01.510,12707,12718,12718,2,2
2020-09-10 15:00:01.527,12707,12718,12719,2,2
2020-09-10 15:00:01.537,12707,12718,12719,1,1
2020-09-10 15:00:01.566,12707,12718,12712,1,-1
2020-09-10 15:00:01.568,12707,12718,12712,1,-1
2020-09-10 15:00:01.573,12708,12712,12712,1,1
2020-09-10 15:00:01.586,12708,12712,12718,1,1
2020-09-10 15:00:01.608,12708,12712,12718,1,1
2020-09-10 15:00:01.611,12708,12712,12718,1,1
2020-09-10 15:00:01.626,12708,12712,12718,1,1
2020-09-10 15:00:01.634,12708,12712,12719,2,2
2020-09-10 15:00:01.636,12708,12712,12719,2,2
2020-09-10 15:00:01.678,12708,12712,12719,1,1
2020-09-10 15:00:01.679,12708,12712,12719,1,1
2020-09-10 15:00:01.686,12708,12712,12718,1,1
2020-09-10 15:00:01.693,12708,12712,12719,1,1
2020-09-10 15:00:01.703,12710,12719,12719,1,1
2020-09-10 15:00:01.743,12710,12719,12719,5,5
2020-09-10 15:00:01.744,12710,12719,12719,2,2
2020-09-10 15:00:01.745,12710,12719,12720,1,1
2020-09-10 15:00:01.770,12710,12719,12719,1,1
2020-09-10 15:00:01.772,12710,12719,12720,3,3
2020-09-10 15:00:01.777,12710,12719,12720,1,1
2020-09-10 15:00:01.779,12710,12719,12720,2,2
2020-09-10 15:00:01.781,12710,12719,12710,1,-1
2020-09-10 15:00:01.789,12710,12719,12720,1,1
2020-09-10 15:00:01.793,12710,12719,12720,1,1
2020-09-10 15:00:01.798,12710,12719,12720,1,1
2020-09-10 15:00:01.807,12710,12719,12720,1,1
2020-09-10 15:00:01.813,12710,12719,12709,1,-1
2020-09-10 15:00:01.813,12710,12719,12708,1,-1
2020-09-10 15:00:01.813,12710,12719,12707,1,-1
2020-09-10 15:00:01.838,12707,12719,12719,1,1
2020-09-10 15:00:01.838,12707,12719,12719,6,6
2020-09-10 15:00:01.852,12707,12719,12720,3,3
2020-09-10 15:00:01.860,12707,12719,12720,1,1
2020-09-10 15:00:01.868,12707,12719,12720,1,1
2020-09-10 15:00:01.870,12707,12719,12715,2,-2
2020-09-10 15:00:01.871,12707,12719,12720,1,1
2020-09-10 15:00:01.871,12707,12719,12721,1,1
2020-09-10 15:00:01.918,12707,12719,12718,2,-2
2020-09-10 15:00:01.926,12707,12719,12718,1,-1
2020-09-10 15:00:01.946,12707,12719,12715,3,-3
2020-09-10 15:00:01.947,12707,12719,12715,1,-1
2020-09-10 15:00:01.956,12715,12718,12718,1,1
2020-09-10 15:00:01.989,12715,12718,12715,2,-2
2020-09-10 15:00:01.993,12715,12718,12707,1,-1
2020-09-10 15:00:02.004,12715,12718,12704,3,-3
2020-09-10 15:00:02.025,12715,12718,12704,3,-3
2020-09-10 15:00:02.034,12715,12718,12704,1,-1
2020-09-10 15:00:02.039,12715,12718,12704,1,-1
2020-09-10 15:00:02.065,12715,12718,12704,1,-1
2020-09-10 15:00:02.071,12715,12718,12713,2,2
2020-09-10 15:00:02.088,12702,12713,12718,1,1
2020-09-10 15:00:02.088,12702,12713,12721,3,3
2020-09-10 15:00:02.124,12702,12713,12721,1,1
2020-09-10 15:00:02.175,12702,12713,12719,1,1
2020-09-10 15:00:02.214,12710,12721,12711,3,-3
2020-09-10 15:00:02.448,12713,12716,12716,1,1
2020-09-10 15:00:02.448,12713,12716,12717,3,3
2020-09-10 15:00:02.514,12713,12716,12718,1,1
2020-09-10 15:00:02.549,12713,12716,12712,1,-1
2020-09-10 15:00:02.552,12713,12716,12709,1,-1
2020-09-10 15:00:02.643,12709,12717,12716,1,1
2020-09-10 15:00:02.948,12711,12713,12713,3,3
2020-09-10 15:00:02.967,12711,12713,12711,1,-1
2020-09-10 15:00:02.967,12711,12713,12710,4,-4
2020-09-10 15:00:03.098,12710,12714,12711,1,1
2020-09-10 15:00:03.098,12710,12714,12709,1,-1
2020-09-10 15:00:03.116,12710,12714,12709,1,-1
2020-09-10 15:00:03.127,12710,12714,12710,1,1
2020-09-10 15:00:03.301,12707,12711,12707,2,-2
2020-09-10 15:00:03.301,12707,12711,12706,1,-1
2020-09-10 15:00:03.301,12707,12711,12705,1,-1
2020-09-10 15:00:03.301,12707,12711,12703,1,-1
2020-09-10 15:00:03.380,12707,12710,12707,5,5
2020-09-10 15:00:03.418,12707,12710,12706,1,-1
2020-09-10 15:00:03.573,12706,12708,12708,1,1
2020-09-10 15:00:03.674,12706,12708,12706,2,-2
2020-09-10 15:00:03.698,12705,12708,12705,1,-1
2020-09-10 15:00:03.784,12705,12708,12708,1,1
2020-09-10 15:00:03.784,12705,12708,12709,1,1
2020-09-10 15:00:03.810,12705,12708,12709,1,1
2020-09-10 15:00:03.923,12706,12709,12709,1,1
2020-09-10 15:00:03.931,12706,12709,12709,1,1
2020-09-10 15:00:03.948,12707,12709,12709,1,1
2020-09-10 15:00:03.973,12707,12709,12707,2,-2
2020-09-10 15:00:04.048,12707,12709,12710,1,1
2020-09-10 15:00:04.073,12709,12711,12711,1,1
2020-09-10 15:00:04.092,12709,12711,12709,1,-1
2020-09-10 15:00:04.098,12709,12711,12707,2,-2
2020-09-10 15:00:04.129,12709,12711,12709,1,1
2020-09-10 15:00:04.154,12709,12711,12708,2,-2
2020-09-10 15:00:04.154,12709,12711,12707,1,-1
2020-09-10 15:00:04.154,12709,12711,12706,3,-3
2020-09-10 15:00:04.169,12709,12711,12708,1,1
2020-09-10 15:00:04.200,12705,12711,12711,1,1
2020-09-10 15:00:04.300,12705,12711,12710,1,-1
2020-09-10 15:00:04.485,12706,12711,12708,1,-1
2020-09-10 15:00:04.485,12706,12711,12711,1,1
2020-09-10 15:00:04.593,12707,12711,12711,3,3
2020-09-10 15:00:04.615,12707,12711,12710,1,-1
2020-09-10 15:00:04.761,12708,12711,12708,1,-1
2020-09-10 15:00:04.765,12708,12711,12708,1,-1
2020-09-10 15:00:04.767,12708,12711,12707,1,-1
2020-09-10 15:00:04.771,12708,12711,12707,1,-1
2020-09-10 15:00:04.772,12708,12711,12706,1,-1
2020-09-10 15:00:04.782,12708,12711,12706,2,-2
2020-09-10 15:00:04.792,12708,12711,12708,1,1
2020-09-10 15:00:04.801,12708,12711,12709,1,1
2020-09-10 15:00:04.801,12708,12711,12709,3,-3
2020-09-10 15:00:04.801,12708,12711,12710,1,1
2020-09-10 15:00:04.801,12708,12711,12711,2,2
2020-09-10 15:00:04.891,12705,12711,12708,2,-2
2020-09-10 15:00:05.012,12705,12710,12708,1,-1
2020-09-10 15:00:05.126,12706,12708,12708,1,1
2020-09-10 15:00:05.384,12708,12710,12708,3,-3
2020-09-10 15:00:05.384,12708,12710,12707,2,-2
2020-09-10 15:00:05.384,12708,12710,12706,2,-2
2020-09-10 15:00:05.395,12708,12710,12706,1,-1
2020-09-10 15:00:05.494,12705,12709,12709,1,1
2020-09-10 15:00:05.501,12705,12709,12706,1,-1
2020-09-10 15:00:05.689,12705,12708,12706,1,-1
2020-09-10 15:00:05.689,12705,12708,12705,4,-4
2020-09-10 15:00:05.735,12704,12707,12707,1,1
2020-09-10 15:00:05.735,12704,12707,12708,3,3
2020-09-10 15:00:05.736,12704,12707,12708,1,1
2020-09-10 15:00:05.783,12704,12707,12706,1,-1
2020-09-10 15:00:05.783,12704,12707,12705,2,-2
2020-09-10 15:00:05.853,12705,12709,12707,2,2
2020-09-10 15:00:05.870,12705,12709,12707,2,-2
2020-09-10 15:00:05.897,12705,12709,12709,1,1
2020-09-10 15:00:05.897,12705,12709,12710,3,3
2020-09-10 15:00:05.900,12705,12709,12710,8,8
2020-09-10 15:00:05.901,12705,12709,12710,3,3
2020-09-10 15:00:05.904,12705,12709,12711,9,9
2020-09-10 15:00:05.946,12705,12709,12709,2,2
2020-09-10 15:00:06.168,12709,12711,12709,1,-1
2020-09-10 15:00:06.176,12709,12711,12708,1,-1
2020-09-10 15:00:06.201,12708,12710,12708,1,-1
2020-09-10 15:00:06.472,12708,12710,12708,1,-1
2020-09-10 15:00:06.548,12708,12710,12709,1,1
2020-09-10 15:00:06.770,12707,12710,12707,1,-1
2020-09-10 15:00:06.914,12707,12710,12707,1,-1
2020-09-10 15:00:07.073,12707,12709,12709,1,1
2020-09-10 15:00:07.124,12707,12709,12710,2,2
2020-09-10 15:00:07.196,12707,12709,12711,1,1
2020-09-10 15:00:07.200,12711,12712,12712,2,2
2020-09-10 15:00:07.201,12711,12712,12712,3,3
2020-09-10 15:00:07.204,12711,12712,12714,1,1
2020-09-10 15:00:07.245,12711,12712,12712,1,1
2020-09-10 15:00:07.323,12710,12713,12713,1,1
2020-09-10 15:00:07.506,12710,12713,12711,5,-5
2020-09-10 15:00:07.507,12710,12713,12710,1,-1
2020-09-10 15:00:07.507,12710,12713,12709,5,-5
2020-09-10 15:00:07.507,12710,12713,12708,4,-4
2020-09-10 15:00:07.510,12710,12713,12708,1,-1
2020-09-10 15:00:07.534,12710,12713,12710,1,1
2020-09-10 15:00:07.573,12709,12711,12711,1,1
2020-09-10 15:00:07.606,12709,12711,12709,5,-5
2020-09-10 15:00:07.607,12709,12711,12710,1,1
2020-09-10 15:00:07.625,12709,12711,12709,2,-2
2020-09-10 15:00:07.728,12709,12711,12710,1,1
2020-09-10 15:00:07.776,12709,12711,12708,1,-1
2020-09-10 15:00:07.819,12709,12711,12708,2,-2
2020-09-10 15:00:08.050,12708,12710,12708,2,-2
2020-09-10 15:00:08.163,12708,12710,12708,1,-1
2020-09-10 15:00:08.239,12708,12709,12708,2,-2
2020-09-10 15:00:08.391,12708,12709,12708,2,-2
2020-09-10 15:00:08.546,12708,12709,12708,2,-2
2020-09-10 15:00:08.696,12708,12709,12708,2,-2
2020-09-10 15:00:08.940,12708,12709,12708,5,-5
2020-09-10 15:00:08.943,12708,12709,12708,2,-2
2020-09-10 15:00:08.986,12706,12708,12706,1,-1
2020-09-10 15:00:09.101,12706,12708,12706,1,-1
2020-09-10 15:00:09.263,12706,12708,12706,7,-7
2020-09-10 15:00:10.024,12705,12706,12706,1,1
2020-09-10 15:00:10.027,12705,12706,12705,1,-1
2020-09-10 15:00:10.090,12705,12708,12708,5,5
2020-09-10 15:00:10.417,12706,12708,12706,1,-1
2020-09-10 15:00:10.541,12706,12708,12707,1,1
2020-09-10 15:00:10.853,12705,12707,12707,2,2
2020-09-10 15:00:10.933,12705,12707,12707,1,1
2020-09-10 15:00:10.933,12705,12707,12706,2,-2
2020-09-10 15:00:11.314,12705,12707,12706,1,-1
2020-09-10 15:00:11.314,12705,12707,12707,1,1
2020-09-10 15:00:11.452,12705,12707,12707,1,1
2020-09-10 15:00:11.983,12704,12706,12706,5,5
2020-09-10 15:00:12.073,12705,12706,12706,3,3
2020-09-10 15:00:12.252,12705,12708,12706,1,-1
2020-09-10 15:00:12.719,12706,12707,12706,1,-1
2020-09-10 15:00:12.804,12706,12707,12706,1,-1
2020-09-10 15:00:13.194,12705,12706,12705,1,-1
2020-09-10 15:00:13.213,12704,12706,12706,1,1
2020-09-10 15:00:13.253,12704,12706,12706,2,2
2020-09-10 15:00:13.280,12704,12706,12706,1,1
2020-09-10 15:00:13.585,12704,12706,12704,1,-1
2020-09-10 15:00:13.609,12704,12706,12704,1,-1
2020-09-10 15:00:14.301,12705,12706,12705,1,1
2020-09-10 15:00:14.313,12705,12706,12706,1,1
2020-09-10 15:00:15.024,12705,12706,12706,1,1
2020-09-10 15:00:15.249,12705,12707,12707,1,1
2020-09-10 15:00:15.323,12706,12707,12707,10,10
2020-09-10 15:00:15.326,12706,12707,12707,1,1
2020-09-10 15:00:15.357,12706,12707,12705,1,-1
2020-09-10 15:00:15.398,12706,12707,12705,2,-2
2020-09-10 15:00:15.811,12705,12708,12706,1,1
2020-09-10 15:00:15.811,12705,12708,12705,1,-1
2020-09-10 15:00:16.025,12705,12708,12705,2,-2
2020-09-10 15:00:16.298,12705,12708,12705,1,-1
2020-09-10 15:00:16.413,12705,12708,12705,1,-1
2020-09-10 15:00:16.428,12705,12708,12705,1,-1
2020-09-10 15:00:17.241,12706,12708,12706,1,1
2020-09-10 15:00:17.325,12705,12706,12706,1,1
2020-09-10 15:00:17.326,12705,12706,12706,1,1
2020-09-10 15:00:17.326,12705,12706,12706,1,1
2020-09-10 15:00:17.326,12705,12706,12706,1,1
2020-09-10 15:00:17.326,12705,12706,12706,1,1
2020-09-10 15:00:17.326,12705,12706,12706,1,1
2020-09-10 15:00:17.570,12705,12706,12706,1,1
2020-09-10 15:00:17.774,12705,12707,12706,1,-1
2020-09-10 15:00:17.774,12705,12707,12705,1,-1
2020-09-10 15:00:18.003,12705,12706,12705,4,-4
2020-09-10 15:00:18.098,12705,12706,12705,1,-1
2020-09-10 15:00:18.142,12705,12706,12706,1,1
2020-09-10 15:00:18.188,12705,12706,12705,1,-1
2020-09-10 15:00:18.279,12705,12706,12705,1,-1
2020-09-10 15:00:18.367,12705,12706,12705,1,-1
2020-09-10 15:00:18.404,12705,12706,12706,1,1
2020-09-10 15:00:18.643,12705,12706,12706,1,1
2020-09-10 15:00:19.007,12705,12706,12705,2,-2
2020-09-10 15:00:19.063,12705,12706,12706,1,1
2020-09-10 15:00:19.089,12705,12706,12705,1,-1
2020-09-10 15:00:19.184,12705,12706,12706,1,1
2020-09-10 15:00:19.210,12705,12706,12705,1,-1
2020-09-10 15:00:19.266,12705,12706,12706,1,1
2020-09-10 15:00:19.302,12705,12706,12705,1,-1
2020-09-10 15:00:19.302,12705,12706,12705,5,-5
2020-09-10 15:00:19.670,12704,12705,12704,1,-1
2020-09-10 15:00:19.693,12704,12705,12705,2,2
2020-09-10 15:00:20.099,12704,12705,12704,1,-1
2020-09-10 15:00:20.099,12704,12705,12704,3,-3
2020-09-10 15:00:20.363,12703,12704,12704,4,4
2020-09-10 15:00:20.363,12703,12704,12705,1,1
2020-09-10 15:00:20.475,12703,12705,12705,1,1
2020-09-10 15:00:20.561,12703,12705,12703,2,-2
2020-09-10 15:00:20.614,12702,12704,12704,1,1
2020-09-10 15:00:20.792,12702,12704,12704,1,1
2020-09-10 15:00:20.813,12702,12704,12705,3,3
2020-09-10 15:00:20.832,12703,12705,12705,3,3
2020-09-10 15:00:20.834,12703,12705,12706,2,2
2020-09-10 15:00:20.840,12703,12705,12703,4,-4
2020-09-10 15:00:20.847,12703,12705,12702,1,-1
2020-09-10 15:00:20.861,12703,12705,12706,2,2
2020-09-10 15:00:20.883,12703,12705,12706,1,1
2020-09-10 15:00:20.971,12702,12706,12702,1,-1
2020-09-10 15:00:20.971,12702,12706,12701,1,-1
2020-09-10 15:00:21.637,12701,12703,12701,3,-3
2020-09-10 15:00:21.737,12701,12702,12702,2,2
2020-09-10 15:00:21.831,12701,12702,12702,1,1
2020-09-10 15:00:21.937,12701,12702,12702,1,1
2020-09-10 15:00:22.143,12701,12702,12701,1,-1
2020-09-10 15:00:22.712,12700,12702,12702,1,1
2020-09-10 15:00:22.918,12700,12702,12702,1,1
2020-09-10 15:00:22.935,12700,12702,12702,1,1
2020-09-10 15:00:23.199,12700,12702,12702,1,1
2020-09-10 15:00:23.510,12700,12702,12700,5,-5
2020-09-10 15:00:23.846,12699,12701,12701,1,1
2020-09-10 15:00:24.589,12699,12700,12700,1,1
2020-09-10 15:00:24.830,12699,12700,12700,1,1
2020-09-10 15:00:25.059,12699,12700,12699,9,-9
2020-09-10 15:00:25.331,12697,12699,12699,1,1
2020-09-10 15:00:25.427,12697,12699,12699,1,1
2020-09-10 15:00:25.711,12697,12699,12699,1,1
2020-09-10 15:00:26.198,12698,12699,12699,1,1
2020-09-10 15:00:26.635,12698,12700,12698,4,-4
2020-09-10 15:00:26.896,12698,12700,12700,1,1
2020-09-10 15:00:28.125,12697,12699,12699,1,1
2020-09-10 15:00:28.199,12697,12699,12699,1,1
2020-09-10 15:00:28.200,12697,12699,12700,1,1
2020-09-10 15:00:28.201,12697,12699,12700,1,1
2020-09-10 15:00:28.201,12697,12699,12700,1,1
2020-09-10 15:00:28.414,12698,12700,12699,1,-1
2020-09-10 15:00:29.198,12698,12699,12699,1,1
2020-09-10 15:00:29.907,12697,12699,12699,5,5
2020-09-10 15:00:29.950,12698,12700,12700,1,1
2020-09-10 15:00:29.996,12698,12700,12698,3,-3
2020-09-10 15:00:30.014,12698,12700,12697,2,-2
2020-09-10 15:00:30.033,12698,12700,12697,2,-2
2020-09-10 15:00:30.130,12697,12699,12699,1,1
2020-09-10 15:00:30.299,12697,12699,12699,3,3
2020-09-10 15:00:30.520,12697,12699,12697,1,-1
2020-09-10 15:00:30.682,12697,12699,12697,2,-2
2020-09-10 15:00:31.088,12697,12699,12699,1,1
2020-09-10 15:00:31.189,12697,12699,12699,1,1
2020-09-10 15:00:32.235,12699,12700,12699,3,-3
2020-09-10 15:00:32.268,12699,12700,12698,1,-1
2020-09-10 15:00:32.288,12699,12700,12697,2,-2
2020-09-10 15:00:32.290,12699,12700,12697,8,-8
2020-09-10 15:00:32.595,12697,12699,12697,6,-6
2020-09-10 15:00:32.596,12697,12699,12697,4,-4
2020-09-10 15:00:32.811,12697,12699,12699,1,1
2020-09-10 15:00:32.898,12697,12699,12697,1,-1
2020-09-10 15:00:34.885,12698,12699,12699,1,1
2020-09-10 15:00:35.167,12698,12699,12698,1,-1
2020-09-10 15:00:36.233,12698,12699,12699,4,4
2020-09-10 15:00:36.234,12698,12699,12700,8,8
2020-09-10 15:00:36.276,12698,12699,12701,1,1
2020-09-10 15:00:36.982,12700,12701,12700,1,-1
2020-09-10 15:00:36.982,12700,12701,12700,4,-4
2020-09-10 15:00:37.250,12699,12701,12701,8,8
2020-09-10 15:00:37.250,12699,12701,12701,11,11
2020-09-10 15:00:37.323,12701,12702,12702,5,5
2020-09-10 15:00:37.324,12701,12702,12703,1,1
2020-09-10 15:00:37.325,12701,12702,12703,1,1
2020-09-10 15:00:37.325,12701,12702,12703,1,1
2020-09-10 15:00:37.325,12701,12702,12703,1,1
2020-09-10 15:00:37.325,12701,12702,12703,1,1
2020-09-10 15:00:37.326,12701,12702,12704,1,1
2020-09-10 15:00:37.326,12701,12702,12704,1,1
2020-09-10 15:00:37.326,12701,12702,12704,1,1
2020-09-10 15:00:37.326,12701,12702,12704,1,1
2020-09-10 15:00:37.327,12701,12702,12705,1,1
2020-09-10 15:00:37.327,12701,12702,12705,1,1
2020-09-10 15:00:37.327,12701,12702,12704,1,1
2020-09-10 15:00:37.328,12701,12702,12705,1,1
2020-09-10 15:00:37.448,12701,12703,12703,2,2
2020-09-10 15:00:37.521,12701,12703,12701,4,-4
2020-09-10 15:00:37.844,12699,12701,12699,1,-1
2020-09-10 15:00:38.252,12699,12701,12699,1,-1
2020-09-10 15:00:38.839,12699,12701,12701,1,1
2020-09-10 15:00:39.327,12699,12701,12700,2,-2
2020-09-10 15:00:40.127,12700,12701,12699,1,-1
2020-09-10 15:00:40.502,12700,12701,12701,1,1
2020-09-10 15:00:40.871,12701,12702,12701,1,-1
2020-09-10 15:00:41.666,12699,12701,12699,1,-1
2020-09-10 15:00:41.934,12699,12700,12700,1,1
2020-09-10 15:00:41.934,12699,12700,12701,2,2
2020-09-10 15:00:42.825,12699,12700,12700,1,1
2020-09-10 15:00:42.826,12699,12700,12700,1,1
2020-09-10 15:00:43.097,12700,12701,12700,1,-1
2020-09-10 15:00:44.479,12699,12701,12699,1,-1
2020-09-10 15:00:46.367,12699,12700,12699,1,-1
2020-09-10 15:00:46.800,12699,12700,12700,1,1
2020-09-10 15:00:47.512,12700,12701,12701,1,1
2020-09-10 15:00:48.596,12700,12702,12701,1,-1
2020-09-10 15:00:49.411,12701,12702,12701,1,-1
2020-09-10 15:00:49.991,12701,12702,12701,1,-1
2020-09-10 15:00:50.667,12701,12703,12703,2,2
2020-09-10 15:00:51.288,12702,12703,12702,1,-1
2020-09-10 15:00:52.436,12701,12702,12701,1,-1
2020-09-10 15:00:52.436,12701,12702,12700,1,-1
2020-09-10 15:00:54.072,12700,12701,12701,1,1
2020-09-10 15:00:54.135,12700,12701,12701,1,1
2020-09-10 15:00:54.223,12701,12702,12701,1,-1
2020-09-10 15:00:55.009,12701,12702,12702,6,6
2020-09-10 15:00:55.018,12701,12702,12701,2,-2
2020-09-10 15:00:55.018,12701,12702,12701,1,-1
2020-09-10 15:00:55.050,12701,12702,12702,1,1
2020-09-10 15:00:55.052,12701,12702,12703,1,1
2020-09-10 15:00:55.058,12701,12702,12703,1,1
2020-09-10 15:00:55.151,12702,12703,12703,1,1
2020-09-10 15:00:55.943,12701,12703,12702,2,-2
2020-09-10 15:00:56.531,12702,12703,12702,1,-1
2020-09-10 15:00:56.613,12702,12703,12703,18,18
2020-09-10 15:00:56.613,12702,12703,12704,7,7
2020-09-10 15:00:59.003,12702,12704,12702,1,-1
2020-09-10 15:00:59.078,12702,12704,12702,6,-6
2020-09-10 15:00:59.079,12702,12704,12701,1,-1
2020-09-10 15:00:59.215,12701,12702,12702,1,1
2020-09-10 15:00:59.304,12701,12702,12702,1,1
2020-09-10 15:00:59.419,12701,12702,12703,3,3
2020-09-10 15:00:59.515,12702,12704,12703,1,-1
2020-09-10 15:00:59.746,12702,12704,12704,1,1
2020-09-10 15:00:59.771,12702,12704,12704,1,1
2020-09-10 15:00:59.780,12702,12704,12704,1,1
2020-09-10 15:00:59.785,12702,12704,12704,1,1
2020-09-10 15:00:59.788,12702,12704,12704,1,1
2020-09-10 15:00:59.793,12702,12704,12704,2,2
2020-09-10 15:00:59.793,12702,12704,12704,11,11
2020-09-10 15:00:59.796,12702,12704,12705,2,2
2020-09-10 15:00:59.877,12704,12705,12705,1,1
2020-09-10 15:01:00.003,12704,12705,12704,1,-1
2020-09-10 15:01:00.026,12704,12705,12703,2,-2
2020-09-10 15:01:00.026,12704,12705,12702,1,-1
2020-09-10 15:01:00.055,12704,12705,12704,1,1
2020-09-10 15:01:00.065,12704,12705,12704,1,-1
2020-09-10 15:01:00.069,12704,12705,12705,2,2
2020-09-10 15:01:00.070,12704,12705,12705,2,2
2020-09-10 15:01:00.102,12704,12705,12704,1,-1
2020-09-10 15:01:00.118,12704,12705,12705,3,3
2020-09-10 15:01:00.164,12704,12705,12705,1,1
2020-09-10 15:01:00.177,12704,12705,12705,3,3
2020-09-10 15:01:00.177,12704,12705,12705,9,9
2020-09-10 15:01:00.177,12704,12705,12705,3,3
2020-09-10 15:01:00.177,12704,12705,12705,7,7
2020-09-10 15:01:00.177,12704,12705,12705,2,2
2020-09-10 15:01:00.178,12704,12705,12704,2,-2
2020-09-10 15:01:00.178,12704,12705,12705,4,4
2020-09-10 15:01:00.187,12704,12705,12706,1,1
2020-09-10 15:01:00.187,12704,12705,12706,1,1
2020-09-10 15:01:00.188,12704,12705,12706,1,1
2020-09-10 15:01:00.188,12704,12705,12706,1,1
2020-09-10 15:01:00.188,12704,12705,12706,1,1
2020-09-10 15:01:00.209,12704,12706,12706,3,3
2020-09-10 15:01:00.339,12703,12705,12705,1,1
2020-09-10 15:01:00.450,12703,12705,12703,1,-1
2020-09-10 15:01:00.778,12703,12705,12705,1,1
2020-09-10 15:01:00.876,12703,12705,12705,3,3
2020-09-10 15:01:00.876,12703,12705,12705,2,2
2020-09-10 15:01:01.442,12702,12704,12703,1,-1
2020-09-10 15:01:02.308,12702,12703,12703,1,1
2020-09-10 15:01:02.331,12702,12704,12704,1,1
2020-09-10 15:01:02.373,12702,12704,12703,1,-1
2020-09-10 15:01:02.526,12702,12704,12704,1,1
2020-09-10 15:01:03.438,12702,12704,12704,4,4
2020-09-10 15:01:04.004,12703,12704,12703,2,-2
2020-09-10 15:01:04.362,12703,12704,12704,1,1
2020-09-10 15:01:05.227,12703,12704,12704,1,1
2020-09-10 15:01:05.524,12703,12705,12704,1,-1
2020-09-10 15:01:07.400,12703,12704,12705,1,1
2020-09-10 15:01:07.514,12703,12704,12703,1,-1
2020-09-10 15:01:07.518,12703,12704,12703,1,-1
2020-09-10 15:01:07.854,12703,12704,12704,1,1
2020-09-10 15:01:07.859,12703,12704,12703,3,-3
2020-09-10 15:01:08.021,12702,12704,12703,1,-1
2020-09-10 15:01:10.708,12702,12703,12702,4,-4
2020-09-10 15:01:11.061,12701,12703,12703,3,3
2020-09-10 15:01:11.061,12701,12703,12704,6,6
2020-09-10 15:01:12.496,12701,12703,12703,1,1
2020-09-10 15:01:13.079,12701,12702,12702,1,1
2020-09-10 15:01:13.596,12702,12703,12702,1,-1
2020-09-10 15:01:13.867,12701,12702,12701,3,-3
2020-09-10 15:01:14.991,12700,12701,12700,1,-1
2020-09-10 15:01:16.453,12700,12701,12700,37,-37
2020-09-10 15:01:16.454,12700,12701,12699,20,-20
2020-09-10 15:01:16.455,12700,12701,12700,1,1
2020-09-10 15:01:16.830,12698,12700,12700,1,1
2020-09-10 15:01:16.909,12698,12700,12701,1,1
2020-09-10 15:01:17.203,12699,12700,12700,1,1
2020-09-10 15:01:17.982,12699,12701,12701,1,1
2020-09-10 15:01:20.828,12700,12701,12700,1,-1
2020-09-10 15:01:21.430,12699,12701,12701,3,3
2020-09-10 15:01:21.924,12700,12702,12700,5,-5
2020-09-10 15:01:22.868,12700,12701,12700,16,-16
2020-09-10 15:01:23.038,12699,12700,12700,1,1
2020-09-10 15:01:23.135,12699,12700,12699,11,-11
2020-09-10 15:01:23.254,12698,12699,12698,1,-1
2020-09-10 15:01:23.402,12698,12699,12698,19,-19
2020-09-10 15:01:23.404,12698,12699,12698,21,-21
2020-09-10 15:01:23.543,12698,12700,12700,1,1
2020-09-10 15:01:23.971,12698,12700,12700,14,14
2020-09-10 15:01:24.185,12700,12701,12700,8,-8
2020-09-10 15:01:25.208,12698,12699,12698,3,-3
2020-09-10 15:01:25.209,12698,12699,12698,2,-2
2020-09-10 15:01:25.243,12698,12699,12698,1,-1
2020-09-10 15:01:25.347,12697,12698,12698,5,5
2020-09-10 15:01:26.219,12697,12698,12698,1,1
2020-09-10 15:01:26.402,12697,12698,12698,2,2
2020-09-10 15:01:26.708,12697,12699,12699,1,1
2020-09-10 15:01:27.455,12697,12698,12698,1,1
2020-09-10 15:01:28.071,12697,12698,12697,3,-3
2020-09-10 15:01:28.071,12697,12698,12697,19,-19
2020-09-10 15:01:28.094,12696,12697,12696,3,-3
2020-09-10 15:01:28.554,12696,12697,12697,1,1
2020-09-10 15:01:28.979,12696,12697,12697,4,4
2020-09-10 15:01:28.979,12696,12697,12698,9,9
2020-09-10 15:01:28.979,12696,12697,12698,2,2
2020-09-10 15:01:29.122,12696,12697,12697,1,1
2020-09-10 15:01:29.219,12696,12697,12697,1,1
2020-09-10 15:01:29.306,12696,12697,12696,1,-1
2020-09-10 15:01:29.396,12696,12698,12696,2,-2
2020-09-10 15:01:29.742,12696,12697,12697,1,1
2020-09-10 15:01:29.999,12696,12698,12696,1,-1
2020-09-10 15:01:30.154,12696,12698,12698,1,1
2020-09-10 15:01:31.202,12696,12697,12696,1,-1
2020-09-10 15:01:31.290,12696,12697,12696,1,-1
2020-09-10 15:01:31.480,12695,12697,12695,2,-2
2020-09-10 15:01:31.491,12695,12697,12695,2,-2
2020-09-10 15:01:31.518,12695,12697,12695,1,-1
2020-09-10 15:01:31.563,12695,12697,12697,1,1
2020-09-10 15:01:32.633,12696,12698,12696,1,-1
2020-09-10 15:01:32.868,12696,12697,12696,4,-4
2020-09-10 15:01:33.086,12695,12696,12696,1,1
2020-09-10 15:01:33.830,12695,12696,12695,11,-11
2020-09-10 15:01:33.830,12695,12696,12694,11,-11
2020-09-10 15:01:33.830,12695,12696,12693,3,-3
2020-09-10 15:01:34.110,12693,12695,12695,1,1
2020-09-10 15:01:34.195,12693,12695,12696,1,1
2020-09-10 15:01:34.314,12694,12696,12694,2,-2
2020-09-10 15:01:34.335,12694,12695,12694,1,-1
2020-09-10 15:01:34.482,12693,12695,12695,1,1
2020-09-10 15:01:34.795,12693,12695,12695,1,1
2020-09-10 15:01:35.389,12693,12695,12694,1,-1
2020-09-10 15:01:35.489,12693,12695,12694,1,-1
2020-09-10 15:01:36.987,12693,12694,12694,1,1
2020-09-10 15:01:39.839,12693,12694,12694,1,1
2020-09-10 15:01:40.005,12693,12694,12694,5,5
2020-09-10 15:01:40.054,12693,12694,12693,1,-1
2020-09-10 15:01:40.618,12693,12694,12694,2,2
2020-09-10 15:01:40.618,12693,12694,12694,2,2
2020-09-10 15:01:40.821,12693,12694,12693,1,-1
2020-09-10 15:01:41.549,12693,12694,12694,2,2
2020-09-10 15:01:42.452,12693,12694,12694,1,1
2020-09-10 15:01:43.843,12693,12694,12694,1,1
2020-09-10 15:01:44.234,12693,12694,12693,2,-2
2020-09-10 15:01:44.448,12693,12694,12694,2,2
2020-09-10 15:01:44.448,12693,12694,12694,2,2
2020-09-10 15:01:45.215,12693,12694,12694,2,2
2020-09-10 15:01:45.216,12693,12694,12694,2,2
2020-09-10 15:01:45.551,12694,12695,12694,2,-2
2020-09-10 15:01:46.217,12693,12695,12695,2,2
2020-09-10 15:01:46.321,12693,12695,12694,3,-3
2020-09-10 15:01:47.100,12694,12696,12694,1,-1
2020-09-10 15:01:48.473,12694,12696,12695,1,1
2020-09-10 15:01:48.736,12694,12696,12694,1,-1
2020-09-10 15:01:49.313,12694,12695,12694,1,-1
2020-09-10 15:01:51.383,12694,12695,12695,1,1
2020-09-10 15:01:51.573,12694,12695,12695,3,3
2020-09-10 15:01:51.771,12694,12695,12694,1,-1
2020-09-10 15:01:51.823,12694,12695,12695,1,1
2020-09-10 15:01:52.320,12695,12696,12695,1,-1
2020-09-10 15:01:53.934,12694,12696,12696,1,1
2020-09-10 15:01:54.654,12694,12695,12695,3,3
2020-09-10 15:01:54.735,12695,12696,12695,2,-2
2020-09-10 15:01:55.276,12695,12696,12695,1,-1
2020-09-10 15:01:55.276,12695,12696,12695,1,-1
2020-09-10 15:01:56.043,12694,12695,12695,1,1
2020-09-10 15:01:56.066,12694,12695,12695,3,3
2020-09-10 15:01:56.550,12694,12696,12696,1,1
2020-09-10 15:01:57.808,12694,12695,12695,1,1
2020-09-10 15:01:58.674,12694,12695,12695,1,1
2020-09-10 15:01:59.082,12694,12696,12694,1,-1
2020-09-10 15:01:59.537,12694,12695,12695,2,2
2020-09-10 15:02:00.035,12695,12696,12695,1,-1
2020-09-10 15:02:00.091,12694,12695,12694,1,-1
2020-09-10 15:02:00.322,12694,12695,12695,1,1
2020-09-10 15:02:01.099,12695,12696,12695,1,-1
2020-09-10 15:02:01.247,12695,12696,12695,1,-1
2020-09-10 15:02:01.250,12695,12696,12695,1,-1
2020-09-10 15:02:01.298,12695,12696,12694,1,-1
2020-09-10 15:02:02.367,12695,12696,12695,1,1
2020-09-10 15:02:03.280,12695,12696,12695,5,-5
2020-09-10 15:02:03.538,12695,12696,12695,2,-2
2020-09-10 15:02:03.538,12695,12696,12694,17,-17
2020-09-10 15:02:04.841,12693,12694,12694,1,1
2020-09-10 15:02:05.033,12693,12694,12694,1,1
2020-09-10 15:02:05.816,12693,12694,12694,1,1
2020-09-10 15:02:05.816,12693,12694,12694,3,3
2020-09-10 15:02:05.823,12694,12695,12695,4,4
2020-09-10 15:02:06.363,12694,12696,12694,1,-1
2020-09-10 15:02:06.485,12694,12696,12695,1,1
2020-09-10 15:02:06.920,12695,12696,12695,1,-1
2020-09-10 15:02:06.920,12695,12696,12694,4,-4
2020-09-10 15:02:07.682,12695,12696,12695,1,1
2020-09-10 15:02:08.004,12695,12696,12696,17,17
2020-09-10 15:02:08.004,12695,12696,12696,7,7
2020-09-10 15:02:08.004,12695,12696,12696,3,3
2020-09-10 15:02:08.004,12695,12696,12696,9,9
2020-09-10 15:02:08.014,12695,12696,12697,4,4
2020-09-10 15:02:09.198,12695,12696,12696,1,1
2020-09-10 15:02:10.028,12695,12697,12696,1,-1
2020-09-10 15:02:11.073,12695,12696,12696,1,1
2020-09-10 15:02:11.597,12695,12697,12695,1,-1
2020-09-10 15:02:12.168,12695,12697,12696,1,1
2020-09-10 15:02:13.236,12695,12697,12695,1,-1
2020-09-10 15:02:13.907,12695,12697,12697,2,2
2020-09-10 15:02:15.363,12696,12697,12696,1,-1
2020-09-10 15:02:16.783,12695,12697,12695,1,-1
2020-09-10 15:02:17.595,12695,12697,12697,5,5
2020-09-10 15:02:18.688,12696,12698,12696,1,-1
2020-09-10 15:02:19.960,12696,12698,12698,1,1
2020-09-10 15:02:22.499,12697,12698,12698,2,2
2020-09-10 15:02:24.177,12697,12698,12697,1,-1
2020-09-10 15:02:25.788,12696,12697,12696,8,-8
2020-09-10 15:02:25.941,12695,12697,12697,1,1
2020-09-10 15:02:26.365,12695,12697,12697,1,1
2020-09-10 15:02:28.044,12695,12696,12696,1,1
2020-09-10 15:02:28.436,12695,12697,12695,1,-1
2020-09-10 15:02:28.768,12695,12696,12695,10,-10
2020-09-10 15:02:30.306,12694,12695,12694,1,-1
2020-09-10 15:02:30.306,12694,12695,12694,10,-10
2020-09-10 15:02:31.588,12693,12694,12694,1,1
2020-09-10 15:02:31.780,12693,12695,12693,2,-2
2020-09-10 15:02:32.788,12693,12695,12693,1,-1
2020-09-10 15:02:32.789,12693,12695,12693,10,-10
2020-09-10 15:02:32.789,12693,12695,12693,2,-2
2020-09-10 15:02:32.789,12693,12695,12693,2,-2
2020-09-10 15:02:32.789,12693,12695,12693,4,-4
2020-09-10 15:02:32.789,12693,12695,12693,1,-1
2020-09-10 15:02:33.043,12692,12693,12692,1,-1
2020-09-10 15:02:33.303,12692,12693,12692,1,-1
2020-09-10 15:02:34.640,12692,12693,12692,2,-2
2020-09-10 15:02:35.697,12692,12693,12692,11,-11
2020-09-10 15:02:37.332,12691,12692,12691,4,-4
2020-09-10 15:02:37.332,12691,12692,12691,4,-4
2020-09-10 15:02:37.333,12691,12692,12691,5,-5
2020-09-10 15:02:37.333,12691,12692,12691,3,-3
2020-09-10 15:02:37.333,12691,12692,12691,1,-1
2020-09-10 15:02:37.556,12691,12692,12691,1,-1
2020-09-10 15:02:37.577,12691,12692,12691,1,-1
2020-09-10 15:02:37.584,12691,12692,12691,1,-1
2020-09-10 15:02:38.511,12690,12691,12690,1,-1
2020-09-10 15:02:38.570,12690,12691,12690,1,-1
2020-09-10 15:02:38.630,12690,12691,12690,1,-1
2020-09-10 15:02:38.712,12690,12691,12690,1,-1
2020-09-10 15:02:39.387,12690,12691,12690,6,-6
2020-09-10 15:02:42.313,12689,12690,12690,2,2
2020-09-10 15:02:42.323,12689,12690,12690,1,1
2020-09-10 15:02:43.052,12689,12690,12690,3,3
2020-09-10 15:02:43.365,12689,12691,12691,1,1
2020-09-10 15:02:46.509,12690,12691,12690,10,-10
2020-09-10 15:02:46.847,12689,12691,12689,1,-1
2020-09-10 15:02:47.020,12689,12691,12689,1,-1
2020-09-10 15:02:48.028,12690,12691,12690,2,2
2020-09-10 15:02:48.123,12689,12690,12689,2,-2
2020-09-10 15:02:48.177,12689,12690,12690,1,1
2020-09-10 15:02:49.353,12689,12690,12689,2,-2
2020-09-10 15:02:49.687,12688,12689,12688,1,-1
2020-09-10 15:02:49.910,12688,12690,12690,1,1
2020-09-10 15:02:50.626,12689,12690,12689,1,-1
2020-09-10 15:02:51.334,12688,12690,12688,3,-3
2020-09-10 15:02:51.719,12688,12689,12688,25,-25
2020-09-10 15:02:52.626,12687,12688,12687,1,-1
2020-09-10 15:02:52.666,12687,12688,12687,4,-4
2020-09-10 15:02:52.898,12687,12689,12687,7,-7
2020-09-10 15:02:52.981,12687,12688,12687,2,-2
2020-09-10 15:02:53.000,12687,12688,12686,1,-1
2020-09-10 15:02:53.099,12686,12688,12686,1,-1
2020-09-10 15:02:53.382,12686,12688,12687,1,1
2020-09-10 15:02:53.426,12686,12688,12687,1,-1
2020-09-10 15:02:53.488,12687,12689,12687,1,-1
2020-09-10 15:02:55.019,12687,12688,12688,1,1
2020-09-10 15:02:55.019,12687,12688,12688,2,2
2020-09-10 15:02:55.255,12688,12689,12689,1,1
2020-09-10 15:02:55.757,12688,12689,12689,1,1
2020-09-10 15:02:56.367,12689,12690,12690,4,4
2020-09-10 15:02:56.740,12690,12691,12690,1,-1
2020-09-10 15:02:56.794,12690,12691,12690,1,-1
2020-09-10 15:02:57.115,12689,12690,12689,5,-5
2020-09-10 15:02:57.354,12689,12690,12690,1,1
2020-09-10 15:02:57.773,12689,12690,12689,1,-1
2020-09-10 15:02:57.957,12688,12689,12688,5,-5
2020-09-10 15:02:58.385,12688,12689,12689,4,4
2020-09-10 15:02:58.386,12688,12689,12689,1,1
2020-09-10 15:02:59.704,12689,12690,12689,1,-1
2020-09-10 15:02:59.922,12689,12690,12690,4,4
2020-09-10 15:03:00.208,12690,12691,12690,2,-2
2020-09-10 15:03:00.305,12690,12691,12691,1,1
2020-09-10 15:03:00.340,12689,12691,12689,1,-1
2020-09-10 15:03:00.531,12690,12691,12690,1,1
2020-09-10 15:03:00.978,12689,12691,12689,1,-1
2020-09-10 15:03:01.027,12689,12691,12689,1,-1
2020-09-10 15:03:01.041,12689,12691,12689,1,-1
2020-09-10 15:03:02.157,12688,12690,12688,1,-1
2020-09-10 15:03:02.426,12688,12690,12688,1,-1
2020-09-10 15:03:02.486,12688,12690,12688,7,-7
2020-09-10 15:03:02.812,12688,12689,12689,1,1
2020-09-10 15:03:03.811,12688,12689,12689,1,1
2020-09-10 15:03:04.316,12688,12689,12688,4,-4
2020-09-10 15:03:05.164,12687,12688,12687,1,-1
2020-09-10 15:03:05.319,12687,12688,12687,2,-2
2020-09-10 15:03:05.321,12687,12688,12687,1,-1
2020-09-10 15:03:05.321,12687,12688,12687,2,-2
2020-09-10 15:03:05.326,12687,12688,12688,1,1
2020-09-10 15:03:05.397,12687,12688,12688,1,1
2020-09-10 15:03:05.461,12687,12688,12687,1,-1
2020-09-10 15:03:05.472,12687,12688,12688,1,1
2020-09-10 15:03:05.639,12687,12689,12687,1,-1
2020-09-10 15:03:06.397,12686,12687,12687,1,1
2020-09-10 15:03:06.988,12687,12688,12687,1,-1
2020-09-10 15:03:07.050,12687,12688,12687,1,-1
2020-09-10 15:03:07.081,12687,12688,12688,1,1
2020-09-10 15:03:08.329,12687,12688,12687,1,-1
2020-09-10 15:03:09.011,12687,12688,12688,5,5
2020-09-10 15:03:10.304,12688,12689,12688,2,-2
2020-09-10 15:03:10.324,12687,12688,12688,3,3
2020-09-10 15:03:13.019,12688,12689,12688,1,-1
2020-09-10 15:03:13.323,12688,12689,12689,1,1
2020-09-10 15:03:15.327,12689,12690,12690,3,3
2020-09-10 15:03:15.972,12689,12691,12690,1,-1
2020-09-10 15:03:16.118,12689,12691,12691,1,1
2020-09-10 15:03:18.879,12690,12691,12691,10,10
2020-09-10 15:03:18.879,12690,12691,12692,14,14
2020-09-10 15:03:18.880,12690,12691,12692,1,1
2020-09-10 15:03:18.916,12690,12691,12692,1,1
2020-09-10 15:03:19.123,12692,12693,12693,1,1
2020-09-10 15:03:19.254,12692,12693,12693,1,1
2020-09-10 15:03:20.711,12692,12693,12693,2,2
2020-09-10 15:03:23.873,12692,12693,12692,1,-1
2020-09-10 15:03:25.412,12692,12693,12692,1,-1
2020-09-10 15:03:27.197,12691,12693,12691,2,-2
2020-09-10 15:03:29.723,12692,12693,12692,1,1
2020-09-10 15:03:30.210,12692,12693,12693,12,12
2020-09-10 15:03:32.524,12693,12694,12694,1,1
2020-09-10 15:03:35.019,12693,12694,12694,2,2
2020-09-10 15:03:37.286,12693,12694,12694,2,2
2020-09-10 15:03:37.518,12693,12695,12695,1,1
2020-09-10 15:03:37.637,12693,12695,12695,1,1
2020-09-10 15:03:37.709,12693,12695,12695,2,2
2020-09-10 15:03:38.126,12694,12695,12695,5,5
2020-09-10 15:03:38.137,12694,12695,12695,4,4
2020-09-10 15:03:38.205,12694,12695,12694,1,-1
2020-09-10 15:03:38.465,12693,12694,12694,1,1
2020-09-10 15:03:40.828,12694,12695,12695,3,3
2020-09-10 15:03:40.917,12694,12695,12694,2,-2
2020-09-10 15:03:42.030,12693,12694,12694,1,1
2020-09-10 15:03:44.318,12693,12694,12693,1,-1
2020-09-10 15:03:44.799,12692,12693,12693,1,1
2020-09-10 15:03:45.341,12692,12693,12693,1,1
2020-09-10 15:03:45.726,12692,12693,12693,1,1
2020-09-10 15:03:46.312,12692,12693,12693,1,1
2020-09-10 15:03:51.952,12693,12694,12693,1,-1
2020-09-10 15:03:53.547,12692,12693,12693,1,1
2020-09-10 15:03:58.032,12693,12694,12693,1,-1
2020-09-10 15:03:59.684,12693,12694,12693,1,-1
2020-09-10 15:04:00.530,12692,12693,12693,2,2
2020-09-10 15:04:00.591,12692,12694,12692,1,-1
2020-09-10 15:04:00.688,12692,12694,12692,1,-1
2020-09-10 15:04:02.162,12692,12693,12692,2,-2
2020-09-10 15:04:03.887,12691,12693,12693,1,1
2020-09-10 15:04:03.924,12691,12693,12693,2,2
2020-09-10 15:04:04.837,12691,12693,12691,2,-2
2020-09-10 15:04:05.841,12692,12693,12693,2,2
2020-09-10 15:04:06.235,12692,12693,12693,2,2
2020-09-10 15:04:06.659,12692,12694,12693,1,-1
2020-09-10 15:04:06.840,12692,12694,12692,2,-2
2020-09-10 15:04:07.848,12693,12694,12694,2,2
2020-09-10 15:04:07.890,12693,12694,12694,3,3
2020-09-10 15:04:07.890,12693,12694,12694,14,14
2020-09-10 15:04:07.967,12694,12695,12694,1,-1
2020-09-10 15:04:08.854,12694,12695,12694,2,-2
2020-09-10 15:04:09.849,12694,12695,12695,1,1
2020-09-10 15:04:09.849,12694,12695,12696,1,1
2020-09-10 15:04:11.848,12694,12696,12694,2,-2
2020-09-10 15:04:12.993,12694,12695,12694,5,-5
2020-09-10 15:04:13.263,12693,12695,12695,2,2
2020-09-10 15:04:15.159,12694,12696,12694,2,-2
2020-09-10 15:04:17.071,12695,12696,12696,2,2
2020-09-10 15:04:18.948,12695,12696,12695,2,-2
2020-09-10 15:04:21.729,12693,12695,12695,2,2
2020-09-10 15:04:22.588,12694,12695,12695,1,1
2020-09-10 15:04:22.903,12694,12696,12694,2,-2
2020-09-10 15:04:23.847,12694,12695,12695,2,2
2020-09-10 15:04:24.489,12694,12696,12696,17,17
2020-09-10 15:04:24.920,12696,12697,12696,2,-2
2020-09-10 15:04:25.451,12696,12697,12696,1,-1
2020-09-10 15:04:25.672,12696,12697,12696,1,-1
2020-09-10 15:04:26.225,12696,12697,12697,1,1
2020-09-10 15:04:26.554,12696,12697,12697,2,2
2020-09-10 15:04:26.554,12696,12697,12698,5,5
2020-09-10 15:04:26.696,12696,12698,12698,5,5
2020-09-10 15:04:26.743,12697,12698,12697,1,-1
2020-09-10 15:04:30.253,12696,12697,12696,5,-5
2020-09-10 15:04:32.765,12694,12696,12694,2,-2
2020-09-10 15:04:37.311,12694,12695,12695,1,1
2020-09-10 15:04:41.855,12694,12696,12696,1,1
2020-09-10 15:04:42.464,12694,12695,12695,1,1
2020-09-10 15:04:43.579,12694,12695,12695,1,1
2020-09-10 15:04:44.442,12695,12696,12695,2,-2
2020-09-10 15:04:44.826,12694,12695,12695,1,1
2020-09-10 15:04:47.670,12695,12696,12695,1,-1
2020-09-10 15:04:47.891,12695,12696,12695,1,-1
2020-09-10 15:04:49.284,12695,12696,12696,1,1
2020-09-10 15:04:51.229,12695,12696,12695,2,-2
2020-09-10 15:04:52.852,12695,12696,12696,1,1
2020-09-10 15:04:52.907,12695,12696,12695,4,-4
2020-09-10 15:04:56.253,12696,12697,12697,1,1
2020-09-10 15:04:57.081,12696,12697,12697,1,1
2020-09-10 15:04:57.082,12696,12697,12697,2,2
2020-09-10 15:04:57.082,12696,12697,12697,2,2
2020-09-10 15:04:58.433,12696,12698,12696,1,-1
2020-09-10 15:05:01.628,12696,12698,12698,1,1
2020-09-10 15:05:01.877,12697,12698,12697,1,-1
2020-09-10 15:05:02.761,12697,12698,12697,3,-3
2020-09-10 15:05:03.147,12697,12698,12698,1,1
2020-09-10 15:05:04.823,12697,12698,12697,1,-1
2020-09-10 15:05:05.204,12697,12698,12698,1,1
2020-09-10 15:05:06.846,12697,12698,12697,6,-6
2020-09-10 15:05:07.483,12696,12697,12696,1,-1
2020-09-10 15:05:07.483,12696,12697,12696,2,-2
2020-09-10 15:05:07.483,12696,12697,12696,4,-4
2020-09-10 15:05:07.484,12696,12697,12696,4,-4
2020-09-10 15:05:07.830,12695,12696,12695,1,-1
2020-09-10 15:05:07.877,12695,12696,12696,1,1
2020-09-10 15:05:07.891,12695,12696,12695,1,-1
2020-09-10 15:05:08.422,12695,12696,12696,1,1
2020-09-10 15:05:10.954,12695,12696,12695,5,-5
2020-09-10 15:05:13.982,12695,12696,12696,2,2
2020-09-10 15:05:17.460,12695,12696,12696,5,5
2020-09-10 15:05:17.460,12695,12696,12696,5,5
2020-09-10 15:05:17.923,12696,12697,12696,2,-2
2020-09-10 15:05:18.018,12696,12697,12696,1,-1
2020-09-10 15:05:21.977,12696,12697,12696,1,-1
2020-09-10 15:05:25.280,12696,12697,12697,1,1
2020-09-10 15:05:25.286,12696,12697,12696,1,-1
2020-09-10 15:05:38.552,12696,12697,12696,1,-1
2020-09-10 15:05:39.129,12696,12697,12696,7,-7
2020-09-10 15:05:39.199,12695,12696,12695,1,-1
2020-09-10 15:05:39.200,12695,12696,12695,1,-1
2020-09-10 15:05:39.200,12695,12696,12694,1,-1
2020-09-10 15:05:39.200,12695,12696,12694,1,-1
2020-09-10 15:05:39.201,12695,12696,12694,1,-1
2020-09-10 15:05:39.201,12695,12696,12694,1,-1
2020-09-10 15:05:39.201,12695,12696,12694,1,-1
2020-09-10 15:05:39.201,12695,12696,12694,1,-1
2020-09-10 15:05:39.201,12695,12696,12694,1,-1
2020-09-10 15:05:39.201,12695,12696,12694,1,-1
2020-09-10 15:05:39.201,12695,12696,12694,1,-1
2020-09-10 15:05:39.202,12695,12696,12694,1,-1
2020-09-10 15:05:40.080,12694,12696,12696,2,2
2020-09-10 15:05:42.048,12694,12695,12694,1,-1
2020-09-10 15:05:43.484,12694,12696,12694,1,-1
2020-09-10 15:05:43.566,12694,12696,12694,1,-1
2020-09-10 15:05:44.315,12694,12696,12694,1,-1
2020-09-10 15:05:47.873,12695,12696,12695,1,1
2020-09-10 15:05:48.881,12695,12696,12696,1,1
2020-09-10 15:05:48.881,12695,12696,12696,3,3
2020-09-10 15:05:49.246,12696,12697,12696,1,-1
2020-09-10 15:05:50.257,12696,12697,12697,1,1
2020-09-10 15:05:50.257,12696,12697,12697,5,5
2020-09-10 15:05:50.809,12696,12698,12698,1,1
2020-09-10 15:05:52.442,12696,12698,12696,1,-1
2020-09-10 15:05:53.420,12696,12698,12696,1,-1
2020-09-10 15:05:57.196,12696,12697,12697,1,1
2020-09-10 15:06:00.029,12697,12698,12698,1,1
2020-09-10 15:06:00.034,12697,12698,12698,1,1
2020-09-10 15:06:00.043,12697,12698,12698,1,1
2020-09-10 15:06:00.052,12697,12698,12698,1,1
2020-09-10 15:06:00.067,12697,12698,12698,1,1
2020-09-10 15:06:00.078,12697,12698,12698,1,1
2020-09-10 15:06:00.098,12697,12698,12698,1,1
2020-09-10 15:06:00.110,12697,12698,12698,2,2
2020-09-10 15:06:00.122,12697,12698,12698,2,2
2020-09-10 15:06:00.157,12697,12698,12698,1,1
2020-09-10 15:06:00.214,12697,12698,12697,1,-1
2020-09-10 15:06:03.813,12696,12697,12696,1,-1
2020-09-10 15:06:03.814,12696,12697,12696,2,-2
2020-09-10 15:06:04.376,12696,12697,12696,1,-1
2020-09-10 15:06:07.611,12695,12696,12695,1,-1
2020-09-10 15:06:07.709,12695,12696,12695,1,-1
2020-09-10 15:06:07.721,12695,12696,12694,4,-4
2020-09-10 15:06:09.560,12694,12695,12694,1,-1
2020-09-10 15:06:12.730,12694,12695,12695,2,2
2020-09-10 15:06:18.949,12695,12696,12696,1,1
2020-09-10 15:06:19.955,12695,12696,12695,2,-2
2020-09-10 15:06:23.495,12695,12696,12696,1,1
2020-09-10 15:06:23.495,12695,12696,12696,2,2
2020-09-10 15:06:23.495,12695,12696,12696,10,10
2020-09-10 15:06:23.859,12696,12697,12696,3,-3
2020-09-10 15:06:30.827,12695,12696,12696,1,1
2020-09-10 15:06:35.437,12695,12696,12696,1,1
2020-09-10 15:06:35.920,12695,12697,12695,1,-1
2020-09-10 15:06:40.790,12695,12697,12695,5,-5
2020-09-10 15:06:41.587,12695,12696,12696,2,2
2020-09-10 15:06:42.704,12695,12696,12695,1,-1
2020-09-10 15:06:43.437,12694,12696,12696,1,1
2020-09-10 15:06:47.425,12695,12697,12695,1,-1
2020-09-10 15:06:48.927,12696,12697,12697,2,2
2020-09-10 15:06:50.029,12696,12697,12697,2,2
2020-09-10 15:06:50.527,12696,12697,12697,1,1
2020-09-10 15:06:54.082,12696,12697,12696,1,-1
2020-09-10 15:06:55.887,12696,12697,12697,5,5
2020-09-10 15:06:57.158,12697,12698,12697,1,-1
2020-09-10 15:06:58.633,12697,12698,12697,1,-1
2020-09-10 15:07:01.968,12696,12698,12697,1,-1
2020-09-10 15:07:02.222,12696,12698,12696,1,-1
2020-09-10 15:07:06.641,12696,12697,12696,2,-2
2020-09-10 15:07:12.102,12697,12698,12697,1,1
2020-09-10 15:07:13.641,12696,12698,12697,1,-1
2020-09-10 15:07:14.847,12697,12698,12697,1,-1
2020-09-10 15:07:15.325,12697,12698,12698,3,3
2020-09-10 15:07:15.325,12697,12698,12698,1,1
2020-09-10 15:07:15.325,12697,12698,12698,9,9
2020-09-10 15:07:18.166,12698,12699,12699,3,3
2020-09-10 15:07:18.643,12698,12699,12699,12,12
2020-09-10 15:07:18.644,12698,12699,12699,9,9
2020-09-10 15:07:19.892,12699,12700,12700,27,27
2020-09-10 15:07:20.098,12700,12701,12701,1,1
2020-09-10 15:07:20.109,12700,12701,12701,2,2
2020-09-10 15:07:20.113,12700,12701,12701,1,1
2020-09-10 15:07:20.233,12701,12702,12702,1,1
2020-09-10 15:07:20.604,12701,12702,12702,1,1
2020-09-10 15:07:21.428,12700,12702,12700,1,-1
2020-09-10 15:07:23.407,12701,12702,12702,2,2
2020-09-10 15:07:23.507,12701,12702,12702,1,1
2020-09-10 15:07:24.597,12700,12702,12702,3,3
2020-09-10 15:07:25.944,12700,12702,12702,2,2
2020-09-10 15:07:26.479,12701,12702,12702,1,1
2020-09-10 15:07:26.650,12701,12702,12702,1,1
2020-09-10 15:07:26.866,12701,12702,12702,1,1
2020-09-10 15:07:27.000,12701,12702,12702,1,1
2020-09-10 15:07:27.187,12701,12702,12702,1,1
2020-09-10 15:07:28.795,12700,12702,12702,1,1
2020-09-10 15:07:29.444,12700,12702,12700,5,-5
2020-09-10 15:07:30.453,12700,12701,12701,3,3
2020-09-10 15:07:31.355,12700,12701,12701,1,1
2020-09-10 15:07:32.416,12700,12701,12701,1,1
2020-09-10 15:07:33.729,12700,12702,12700,1,-1
2020-09-10 15:07:34.338,12700,12702,12700,1,-1
2020-09-10 15:07:36.932,12701,12702,12701,1,1
2020-09-10 15:07:37.033,12701,12702,12702,1,1
2020-09-10 15:07:37.304,12701,12702,12701,1,-1
2020-09-10 15:07:37.856,12700,12702,12702,1,1
2020-09-10 15:07:38.876,12700,12701,12701,1,1
2020-09-10 15:07:39.260,12700,12702,12702,1,1
2020-09-10 15:07:39.912,12700,12702,12702,1,1
2020-09-10 15:07:40.292,12700,12702,12702,1,1
2020-09-10 15:07:40.614,12700,12702,12702,1,1
2020-09-10 15:07:41.572,12700,12701,12701,1,1
2020-09-10 15:07:43.486,12701,12702,12702,1,1
2020-09-10 15:07:47.288,12701,12702,12702,2,2
2020-09-10 15:07:47.339,12701,12702,12701,1,-1
2020-09-10 15:07:47.818,12701,12702,12702,2,2
2020-09-10 15:07:49.121,12701,12702,12702,1,1
2020-09-10 15:07:51.430,12701,12702,12701,2,-2
2020-09-10 15:07:51.713,12700,12701,12701,2,2
2020-09-10 15:07:54.515,12701,12702,12701,1,-1
2020-09-10 15:07:57.277,12701,12702,12702,2,2
2020-09-10 15:07:58.930,12701,12702,12701,1,-1
2020-09-10 15:07:59.838,12700,12701,12700,5,-5
2020-09-10 15:08:00.206,12700,12701,12701,4,4
2020-09-10 15:08:00.540,12700,12701,12700,1,-1
2020-09-10 15:08:02.699,12700,12701,12701,1,1
2020-09-10 15:08:03.990,12700,12701,12700,1,-1
2020-09-10 15:08:04.410,12700,12701,12700,23,-23
2020-09-10 15:08:05.423,12699,12700,12699,2,-2
2020-09-10 15:08:06.136,12698,12699,12699,2,2
2020-09-10 15:08:06.136,12698,12699,12700,1,1
2020-09-10 15:08:07.986,12698,12699,12699,1,1
2020-09-10 15:08:08.079,12698,12700,12698,3,-3
2020-09-10 15:08:08.114,12698,12700,12697,1,-1
2020-09-10 15:08:08.589,12698,12699,12698,1,1
2020-09-10 15:08:10.370,12698,12699,12698,1,-1
2020-09-10 15:08:11.707,12698,12699,12699,1,1
2020-09-10 15:08:13.292,12699,12700,12700,3,3
2020-09-10 15:08:13.292,12699,12700,12700,1,1
2020-09-10 15:08:13.821,12699,12701,12700,1,-1
2020-09-10 15:08:14.512,12699,12700,12699,2,-2
2020-09-10 15:08:22.552,12699,12700,12699,1,-1
2020-09-10 15:08:28.111,12699,12700,12700,1,1
2020-09-10 15:08:28.399,12699,12700,12700,1,1
2020-09-10 15:08:28.555,12700,12701,12700,2,-2
2020-09-10 15:08:29.092,12699,12700,12699,2,-2
2020-09-10 15:08:30.685,12699,12700,12700,1,1
2020-09-10 15:08:30.685,12699,12700,12700,1,1
2020-09-10 15:08:30.699,12700,12701,12700,2,-2
2020-09-10 15:08:35.837,12700,12701,12700,1,-1
2020-09-10 15:08:37.278,12699,12700,12700,1,1
2020-09-10 15:08:39.582,12699,12700,12700,1,1
2020-09-10 15:08:42.215,12700,12701,12701,1,1
2020-09-10 15:08:43.845,12700,12701,12700,1,-1
2020-09-10 15:08:44.412,12699,12701,12701,3,3
2020-09-10 15:08:44.478,12700,12701,12700,2,-2
2020-09-10 15:08:46.966,12700,12701,12701,1,1
2020-09-10 15:08:46.967,12700,12701,12701,1,1
2020-09-10 15:08:49.942,12701,12702,12701,1,-1
2020-09-10 15:08:49.984,12701,12702,12701,1,-1
2020-09-10 15:08:50.711,12701,12702,12701,1,-1
2020-09-10 15:08:51.867,12700,12701,12701,1,1
2020-09-10 15:08:53.620,12700,12701,12701,1,1
2020-09-10 15:08:57.608,12701,12702,12701,2,-2
2020-09-10 15:08:58.981,12701,12702,12702,1,1
2020-09-10 15:08:58.981,12701,12702,12702,9,9
2020-09-10 15:09:00.291,12702,12703,12703,2,2
2020-09-10 15:09:00.292,12702,12703,12703,11,11
2020-09-10 15:09:02.943,12702,12703,12702,1,-1
2020-09-10 15:09:03.003,12701,12702,12702,1,1
2020-09-10 15:09:09.051,12702,12703,12703,1,1
2020-09-10 15:09:11.862,12702,12703,12702,1,-1
2020-09-10 15:09:14.013,12702,12703,12703,14,14
2020-09-10 15:09:16.266,12703,12704,12704,1,1
2020-09-10 15:09:17.918,12703,12704,12703,2,-2
2020-09-10 15:09:18.425,12703,12704,12703,3,-3
2020-09-10 15:09:19.213,12702,12703,12703,1,1
2020-09-10 15:09:21.002,12702,12703,12703,1,1
2020-09-10 15:09:23.205,12702,12703,12703,1,1
2020-09-10 15:09:24.867,12703,12704,12703,1,-1
2020-09-10 15:09:25.935,12703,12704,12704,1,1
2020-09-10 15:09:29.179,12703,12704,12704,1,1
2020-09-10 15:09:31.430,12703,12704,12703,2,-2
2020-09-10 15:09:32.980,12702,12703,12703,1,1
2020-09-10 15:09:33.513,12702,12703,12703,1,1
2020-09-10 15:09:33.613,12702,12703,12703,3,3
2020-09-10 15:09:37.411,12702,12703,12702,1,-1
2020-09-10 15:09:37.761,12702,12703,12702,3,-3
2020-09-10 15:09:41.368,12702,12703,12702,9,-9
2020-09-10 15:09:41.465,12701,12702,12702,3,3
2020-09-10 15:09:42.134,12701,12702,12702,2,2
2020-09-10 15:09:49.577,12702,12703,12703,2,2
2020-09-10 15:09:54.576,12702,12703,12703,2,2
2020-09-10 15:09:56.881,12703,12704,12703,4,-4
2020-09-10 15:09:56.881,12703,12704,12702,16,-16
2020-09-10 15:09:57.197,12702,12704,12704,1,1
2020-09-10 15:09:57.947,12702,12704,12704,1,1
2020-09-10 15:10:00.292,12702,12703,12703,1,1
2020-09-10 15:10:00.292,12702,12703,12704,1,1
2020-09-10 15:10:02.123,12702,12703,12703,4,4
2020-09-10 15:10:02.123,12702,12703,12704,1,1
2020-09-10 15:10:09.377,12703,12704,12703,5,-5
2020-09-10 15:10:11.525,12702,12703,12702,5,-5
2020-09-10 15:10:13.650,12701,12702,12702,1,1
2020-09-10 15:10:21.845,12701,12702,12702,2,2
2020-09-10 15:10:23.401,12701,12702,12701,9,-9
2020-09-10 15:10:25.003,12700,12701,12700,1,-1
2020-09-10 15:10:25.005,12700,12701,12700,1,-1
2020-09-10 15:10:25.009,12700,12701,12700,1,-1
2020-09-10 15:10:25.009,12700,12701,12700,2,-2
2020-09-10 15:10:25.067,12700,12701,12699,1,-1
2020-09-10 15:10:25.095,12699,12701,12699,1,-1
2020-09-10 15:10:26.812,12700,12701,12701,1,1
2020-09-10 15:10:27.858,12700,12701,12700,1,-1
2020-09-10 15:10:29.874,12700,12701,12700,1,-1
2020-09-10 15:10:33.911,12700,12701,12700,1,-1
2020-09-10 15:10:35.724,12699,12700,12699,2,-2
2020-09-10 15:10:42.915,12699,12701,12701,1,1
2020-09-10 15:10:43.111,12699,12701,12701,5,5
2020-09-10 15:10:43.111,12699,12701,12702,1,1
2020-09-10 15:10:46.749,12700,12701,12700,2,-2
2020-09-10 15:10:49.460,12700,12701,12700,1,-1
2020-09-10 15:10:49.460,12700,12701,12699,1,-1
2020-09-10 15:10:51.386,12699,12700,12699,6,-6
2020-09-10 15:10:51.387,12699,12700,12699,12,-12
2020-09-10 15:10:57.259,12698,12699,12699,1,1
2020-09-10 15:10:58.066,12698,12700,12698,10,-10
2020-09-10 15:11:03.027,12698,12699,12698,1,-1
2020-09-10 15:11:03.581,12698,12699,12698,1,-1
2020-09-10 15:11:03.668,12698,12699,12697,1,-1
2020-09-10 15:11:04.656,12697,12698,12697,1,-1
2020-09-10 15:11:04.656,12697,12698,12697,8,-8
2020-09-10 15:11:06.241,12696,12697,12696,4,-4
2020-09-10 15:11:06.241,12696,12697,12696,3,-3
2020-09-10 15:11:08.383,12695,12697,12695,2,-2
2020-09-10 15:11:08.703,12695,12697,12695,4,-4
2020-09-10 15:11:10.188,12695,12697,12695,2,-2
2020-09-10 15:11:11.161,12695,12696,12696,1,1
2020-09-10 15:11:12.620,12696,12697,12696,4,-4
2020-09-10 15:11:16.124,12695,12696,12696,2,2
2020-09-10 15:11:16.423,12696,12698,12696,1,-1
2020-09-10 15:11:17.554,12696,12697,12696,1,-1
2020-09-10 15:11:21.429,12695,12696,12695,5,-5
2020-09-10 15:11:21.809,12694,12696,12696,1,1
2020-09-10 15:11:22.011,12694,12696,12694,3,-3
2020-09-10 15:11:22.242,12694,12696,12694,1,-1
2020-09-10 15:11:26.698,12695,12696,12695,1,1
2020-09-10 15:11:33.520,12695,12696,12695,3,-3
2020-09-10 15:11:40.217,12695,12696,12695,1,-1
2020-09-10 15:11:43.088,12695,12696,12695,1,-1
2020-09-10 15:11:44.685,12694,12696,12694,2,-2
2020-09-10 15:11:44.990,12694,12696,12695,1,1
2020-09-10 15:11:45.083,12695,12696,12695,2,-2
2020-09-10 15:11:46.030,12695,12696,12695,6,-6
2020-09-10 15:11:46.030,12695,12696,12694,19,-19
2020-09-10 15:11:48.550,12694,12695,12694,1,-1
2020-09-10 15:11:48.921,12694,12695,12695,1,1
2020-09-10 15:11:50.986,12694,12695,12695,1,1
2020-09-10 15:11:50.986,12694,12695,12696,1,1
2020-09-10 15:11:54.093,12694,12695,12695,2,2
2020-09-10 15:11:54.990,12694,12695,12695,1,1
2020-09-10 15:12:00.104,12694,12695,12695,3,3
2020-09-10 15:12:00.329,12694,12695,12695,4,4
2020-09-10 15:12:00.329,12694,12695,12696,21,21
2020-09-10 15:12:00.341,12694,12695,12696,6,6
2020-09-10 15:12:00.343,12694,12695,12696,6,6
2020-09-10 15:12:00.379,12694,12695,12696,5,5
2020-09-10 15:12:00.379,12694,12695,12697,1,1
2020-09-10 15:12:00.420,12694,12695,12697,1,1
2020-09-10 15:12:00.494,12695,12697,12697,2,2
2020-09-10 15:12:00.524,12695,12697,12697,2,2
2020-09-10 15:12:06.552,12695,12696,12696,1,1
2020-09-10 15:12:06.555,12695,12696,12696,1,1
2020-09-10 15:12:08.360,12695,12696,12696,1,1
2020-09-10 15:12:09.265,12695,12696,12695,1,-1
2020-09-10 15:12:09.278,12695,12696,12695,1,-1
2020-09-10 15:12:09.657,12695,12696,12696,5,5
2020-09-10 15:12:12.262,12695,12696,12696,5,5
2020-09-10 15:12:13.240,12695,12696,12695,1,-1
2020-09-10 15:12:14.318,12695,12696,12695,1,-1
2020-09-10 15:12:17.729,12694,12695,12695,1,1
2020-09-10 15:12:17.729,12694,12695,12695,1,1
2020-09-10 15:12:18.246,12695,12696,12695,1,-1
2020-09-10 15:12:19.015,12695,12696,12696,1,1
2020-09-10 15:12:24.037,12695,12696,12696,1,1
2020-09-10 15:12:25.693,12695,12696,12696,5,5
2020-09-10 15:12:26.000,12696,12697,12696,1,-1
2020-09-10 15:12:26.381,12696,12697,12697,4,4
2020-09-10 15:12:30.747,12697,12698,12697,1,-1
2020-09-10 15:12:30.764,12697,12698,12697,1,-1
2020-09-10 15:12:31.298,12697,12698,12697,3,-3
2020-09-10 15:12:34.060,12697,12698,12698,2,2
2020-09-10 15:12:34.450,12697,12698,12698,3,3
2020-09-10 15:12:36.717,12698,12699,12698,1,-1
2020-09-10 15:12:37.897,12698,12699,12698,1,-1
2020-09-10 15:12:39.208,12698,12699,12699,1,1
2020-09-10 15:12:39.327,12698,12699,12699,2,2
2020-09-10 15:12:39.328,12698,12699,12699,4,4
2020-09-10 15:12:39.346,12698,12699,12700,1,1
2020-09-10 15:12:41.342,12698,12699,12699,1,1
2020-09-10 15:12:48.268,12699,12700,12700,4,4
2020-09-10 15:12:48.268,12699,12700,12700,3,3
2020-09-10 15:12:48.268,12699,12700,12700,20,20
2020-09-10 15:12:49.853,12700,12701,12700,1,-1
2020-09-10 15:12:49.890,12700,12701,12700,1,-1
2020-09-10 15:12:50.775,12700,12701,12701,1,1
2020-09-10 15:12:51.692,12700,12702,12702,1,1
2020-09-10 15:12:53.515,12701,12702,12701,1,-1
2020-09-10 15:12:58.040,12701,12702,12701,1,-1
2020-09-10 15:12:58.829,12700,12701,12701,1,1
2020-09-10 15:12:59.479,12700,12701,12701,1,1
2020-09-10 15:12:59.599,12700,12701,12701,1,1
2020-09-10 15:13:02.955,12700,12701,12701,2,2
2020-09-10 15:13:03.260,12700,12701,12700,1,-1
2020-09-10 15:13:06.226,12700,12701,12700,1,-1
2020-09-10 15:13:09.159,12700,12701,12700,2,-2
2020-09-10 15:13:09.793,12700,12701,12700,3,-3
2020-09-10 15:13:12.069,12699,12700,12700,1,1
2020-09-10 15:13:17.666,12699,12700,12700,1,1
2020-09-10 15:13:18.055,12699,12701,12699,1,-1
2020-09-10 15:13:20.884,12699,12701,12699,1,-1
2020-09-10 15:13:22.830,12699,12700,12699,5,-5
2020-09-10 15:13:25.841,12698,12699,12698,1,-1
2020-09-10 15:13:26.622,12698,12699,12698,3,-3
2020-09-10 15:13:29.419,12697,12698,12697,1,-1
2020-09-10 15:13:40.065,12696,12697,12697,1,1
2020-09-10 15:13:40.065,12696,12697,12697,1,1
2020-09-10 15:13:51.676,12698,12699,12698,1,1
2020-09-10 15:13:52.123,12698,12699,12699,1,1
2020-09-10 15:14:08.110,12699,12700,12700,1,1
2020-09-10 15:14:12.814,12699,12700,12699,1,-1
2020-09-10 15:14:16.284,12698,12699,12698,10,-10
2020-09-10 15:14:25.194,12697,12698,12697,6,-6
2020-09-10 15:14:28.416,12696,12697,12697,1,1
2020-09-10 15:14:33.443,12697,12699,12697,2,-2
2020-09-10 15:14:34.298,12697,12699,12699,5,5
2020-09-10 15:14:52.670,12697,12698,12697,1,-1
2020-09-10 15:14:55.046,12696,12698,12696,2,-2
2020-09-10 15:14:59.102,12696,12697,12697,1,1
2020-09-10 15:14:59.302,12696,12697,12696,2,-2
2020-09-10 15:14:59.501,12696,12697,12696,1,-1
2020-09-10 15:14:59.742,12696,12697,12696,2,-2
2020-09-10 15:15:04.946,12695,12696,12695,11,-11
2020-09-10 15:15:05.206,12694,12695,12694,5,-5
2020-09-10 15:15:05.723,12694,12695,12695,1,1
2020-09-10 15:15:07.615,12694,12695,12695,1,1
2020-09-10 15:15:17.967,12694,12695,12695,4,4
2020-09-10 15:15:19.201,12695,12696,12695,1,-1
2020-09-10 15:15:21.022,12695,12696,12695,1,-1
2020-09-10 15:15:21.151,12694,12695,12695,1,1
2020-09-10 15:15:35.297,12694,12695,12694,1,-1
2020-09-10 15:15:35.666,12694,12695,12694,2,-2
2020-09-10 15:15:36.384,12694,12695,12694,2,-2
2020-09-10 15:15:36.384,12694,12695,12694,3,-3
2020-09-10 15:15:36.614,12693,12694,12694,4,4
2020-09-10 15:15:38.154,12693,12694,12693,10,-10
2020-09-10 15:15:38.729,12692,12693,12692,2,-2
2020-09-10 15:15:39.028,12692,12693,12693,4,4
2020-09-10 15:15:41.732,12692,12693,12692,1,-1
2020-09-10 15:15:43.084,12692,12693,12692,7,-7
2020-09-10 15:15:45.781,12691,12692,12691,1,-1
2020-09-10 15:15:45.855,12691,12692,12691,1,-1
2020-09-10 15:15:45.932,12691,12692,12691,6,-6
2020-09-10 15:15:46.036,12691,12692,12691,8,-8
2020-09-10 15:15:46.752,12690,12691,12691,1,1
2020-09-10 15:15:47.261,12690,12691,12690,1,-1
2020-09-10 15:15:47.423,12690,12691,12690,1,-1
2020-09-10 15:15:47.524,12690,12691,12690,2,-2
2020-09-10 15:15:47.527,12690,12691,12690,3,-3
2020-09-10 15:15:47.529,12690,12691,12690,1,-1
2020-09-10 15:15:48.020,12690,12691,12690,2,-2
2020-09-10 15:15:48.037,12690,12691,12690,2,-2
2020-09-10 15:15:49.017,12690,12691,12690,2,-2
2020-09-10 15:15:49.114,12690,12691,12690,6,-6
2020-09-10 15:15:49.958,12690,12691,12690,2,-2
2020-09-10 15:15:50.719,12690,12691,12690,2,-2
2020-09-10 15:15:51.025,12689,12690,12689,2,-2
2020-09-10 15:15:51.294,12689,12690,12689,1,-1
2020-09-10 15:15:51.379,12689,12690,12689,1,-1
2020-09-10 15:15:51.697,12689,12690,12690,1,1
2020-09-10 15:15:51.920,12689,12690,12689,1,-1
2020-09-10 15:15:55.344,12689,12690,12689,2,-2
2020-09-10 15:15:55.449,12689,12690,12690,2,2
2020-09-10 15:15:58.522,12689,12690,12690,1,1
2020-09-10 15:15:59.575,12689,12690,12689,1,-1
2020-09-10 15:16:01.653,12689,12690,12689,2,-2
2020-09-10 15:16:02.102,12689,12690,12690,5,5
2020-09-10 15:16:02.687,12689,12690,12689,1,-1
2020-09-10 15:16:03.547,12689,12690,12689,1,-1
2020-09-10 15:16:03.780,12689,12690,12689,1,-1
2020-09-10 15:16:05.971,12689,12690,12690,1,1
2020-09-10 15:16:07.386,12689,12690,12690,3,3
2020-09-10 15:16:08.074,12690,12691,12690,1,-1
2020-09-10 15:16:09.201,12690,12691,12690,1,-1
2020-09-10 15:16:14.263,12690,12691,12690,2,-2
2020-09-10 15:16:15.963,12690,12691,12690,1,-1
2020-09-10 15:16:16.451,12690,12691,12691,1,1
2020-09-10 15:16:17.289,12690,12691,12690,1,-1
2020-09-10 15:16:17.324,12690,12691,12691,1,1
2020-09-10 15:16:17.325,12690,12691,12691,1,1
2020-09-10 15:16:17.325,12690,12691,12691,1,1
2020-09-10 15:16:17.325,12690,12691,12691,1,1
2020-09-10 15:16:17.326,12690,12691,12691,1,1
2020-09-10 15:16:17.326,12690,12691,12691,1,1
2020-09-10 15:16:17.326,12690,12691,12691,1,1
2020-09-10 15:16:17.326,12690,12691,12691,1,1
2020-09-10 15:16:17.326,12690,12691,12691,1,1
2020-09-10 15:16:17.326,12690,12691,12692,1,1
2020-09-10 15:16:17.326,12690,12691,12692,1,1
2020-09-10 15:16:17.327,12690,12691,12692,1,1
2020-09-10 15:16:17.477,12691,12692,12691,1,-1
2020-09-10 15:16:18.427,12691,12692,12692,1,1
2020-09-10 15:16:19.396,12691,12693,12691,1,-1
2020-09-10 15:16:21.339,12691,12693,12693,1,1
2020-09-10 15:16:25.343,12692,12693,12693,3,3
2020-09-10 15:16:27.620,12693,12694,12693,1,-1
2020-09-10 15:16:40.722,12692,12693,12693,1,1
2020-09-10 15:16:41.732,12692,12693,12692,1,-1
2020-09-10 15:16:41.774,12692,12693,12693,1,1
2020-09-10 15:16:50.135,12692,12693,12692,1,-1
2020-09-10 15:16:51.066,12692,12693,12692,6,-6
2020-09-10 15:16:58.715,12692,12693,12692,1,-1
2020-09-10 15:17:02.874,12692,12693,12692,3,-3
2020-09-10 15:17:06.521,12691,12692,12692,2,2
2020-09-10 15:17:06.522,12691,12692,12692,1,1
2020-09-10 15:17:07.462,12692,12693,12692,5,-5
2020-09-10 15:17:07.864,12691,12692,12692,1,1
2020-09-10 15:17:17.010,12691,12692,12691,6,-6
2020-09-10 15:17:17.271,12691,12692,12691,6,-6
2020-09-10 15:17:18.010,12691,12692,12692,1,1
2020-09-10 15:17:24.387,12690,12692,12692,1,1
2020-09-10 15:17:25.039,12691,12692,12691,1,-1
2020-09-10 15:17:25.136,12691,12692,12692,1,1
2020-09-10 15:17:25.534,12691,12692,12691,1,-1
2020-09-10 15:17:27.148,12691,12692,12691,5,-5
2020-09-10 15:17:28.169,12690,12692,12692,1,1
2020-09-10 15:17:30.725,12691,12692,12691,4,-4
2020-09-10 15:17:37.963,12691,12692,12691,1,-1
2020-09-10 15:17:40.727,12691,12692,12692,5,5
2020-09-10 15:17:46.803,12691,12693,12691,2,-2
2020-09-10 15:17:51.706,12691,12693,12692,1,1
2020-09-10 15:17:59.925,12692,12693,12692,1,-1
2020-09-10 15:18:39.816,12692,12693,12693,1,1
2020-09-10 15:18:44.897,12692,12693,12693,2,2
2020-09-10 15:18:44.897,12692,12693,12693,7,7
2020-09-10 15:18:44.897,12692,12693,12693,2,2
2020-09-10 15:18:45.248,12693,12694,12693,1,-1
2020-09-10 15:18:48.446,12693,12694,12694,1,1
2020-09-10 15:18:51.919,12694,12695,12695,1,1
2020-09-10 15:18:51.919,12694,12695,12696,1,1
2020-09-10 15:18:52.606,12694,12696,12696,2,2
2020-09-10 15:18:52.769,12694,12696,12694,1,-1
2020-09-10 15:18:52.786,12694,12696,12696,4,4
2020-09-10 15:18:55.236,12695,12696,12696,1,1
2020-09-10 15:18:56.751,12696,12697,12697,1,1
2020-09-10 15:18:56.768,12696,12697,12697,2,2
2020-09-10 15:18:56.861,12697,12698,12698,1,1
2020-09-10 15:18:57.382,12697,12698,12698,1,1
2020-09-10 15:18:58.157,12697,12698,12697,1,-1
2020-09-10 15:18:58.157,12697,12698,12697,3,-3
2020-09-10 15:18:58.441,12696,12697,12696,1,-1
2020-09-10 15:19:00.325,12696,12697,12696,1,-1
2020-09-10 15:19:00.702,12695,12697,12697,1,1
2020-09-10 15:19:01.065,12696,12697,12696,1,-1
2020-09-10 15:19:01.147,12695,12697,12696,1,-1
2020-09-10 15:19:02.309,12695,12697,12697,2,2
2020-09-10 15:19:03.811,12696,12697,12696,1,-1
2020-09-10 15:19:03.811,12696,12697,12695,1,-1
2020-09-10 15:19:04.272,12695,12697,12695,1,-1
2020-09-10 15:19:07.935,12694,12696,12696,1,1
2020-09-10 15:19:10.646,12696,12697,12696,1,-1
2020-09-10 15:19:14.202,12695,12696,12696,2,2
2020-09-10 15:19:14.239,12695,12696,12696,1,1
2020-09-10 15:19:16.707,12694,12696,12696,1,1
2020-09-10 15:19:16.707,12694,12696,12697,2,2
2020-09-10 15:19:19.909,12694,12696,12696,1,1
2020-09-10 15:19:30.108,12695,12696,12695,1,-1
2020-09-10 15:19:43.788,12694,12695,12695,1,1
2020-09-10 15:19:54.733,12694,12695,12694,6,-6
2020-09-10 15:20:01.477,12694,12695,12694,1,-1
2020-09-10 15:20:04.137,12693,12694,12693,9,-9
2020-09-10 15:20:06.527,12692,12694,12694,1,1
2020-09-10 15:20:08.815,12692,12694,12694,1,1
2020-09-10 15:20:13.136,12693,12694,12693,2,-2
2020-09-10 15:20:18.420,12693,12694,12693,1,-1
2020-09-10 15:20:23.665,12692,12693,12692,8,-8
2020-09-10 15:20:24.865,12691,12692,12691,10,-10
2020-09-10 15:20:24.865,12691,12692,12691,4,-4
2020-09-10 15:20:25.312,12690,12692,12692,1,1
2020-09-10 15:20:27.550,12690,12692,12690,1,-1
2020-09-10 15:20:33.445,12690,12691,12690,28,-28
2020-09-10 15:20:33.446,12690,12691,12689,23,-23
2020-09-10 15:20:35.339,12688,12689,12689,3,3
2020-09-10 15:20:35.339,12688,12689,12690,2,2
2020-09-10 15:20:38.069,12689,12690,12689,1,-1
2020-09-10 15:20:38.409,12689,12690,12689,2,-2
2020-09-10 15:20:38.974,12689,12690,12689,1,-1
2020-09-10 15:20:41.528,12689,12690,12689,1,-1
2020-09-10 15:20:41.575,12689,12690,12690,1,1
2020-09-10 15:20:43.598,12689,12690,12689,3,-3
2020-09-10 15:20:43.598,12689,12690,12689,1,-1
2020-09-10 15:20:43.598,12689,12690,12689,1,-1
2020-09-10 15:20:43.816,12689,12690,12689,5,-5
2020-09-10 15:20:44.390,12688,12690,12689,1,-1
2020-09-10 15:20:47.421,12688,12689,12688,36,-36
2020-09-10 15:20:47.421,12688,12689,12688,8,-8
2020-09-10 15:20:47.613,12687,12688,12688,1,1
2020-09-10 15:20:47.778,12687,12688,12687,2,-2
2020-09-10 15:20:47.803,12687,12688,12687,5,-5
2020-09-10 15:20:47.864,12686,12687,12686,4,-4
2020-09-10 15:20:47.870,12686,12687,12686,1,-1
2020-09-10 15:20:47.872,12686,12687,12686,1,-1
2020-09-10 15:20:47.927,12686,12687,12686,2,-2
2020-09-10 15:20:47.927,12686,12687,12686,1,-1
2020-09-10 15:20:47.927,12686,12687,12686,7,-7
2020-09-10 15:20:47.927,12686,12687,12686,1,-1
2020-09-10 15:20:47.954,12685,12686,12685,1,-1
2020-09-10 15:20:48.119,12685,12686,12685,1,-1
2020-09-10 15:20:48.153,12685,12686,12685,7,-7
2020-09-10 15:20:48.201,12685,12686,12685,1,-1
2020-09-10 15:20:48.202,12685,12686,12685,1,-1
2020-09-10 15:20:48.202,12685,12686,12685,1,-1
2020-09-10 15:20:48.204,12685,12686,12685,2,-2
2020-09-10 15:20:48.204,12685,12686,12685,2,-2
2020-09-10 15:20:48.323,12685,12686,12686,1,1
2020-09-10 15:20:48.335,12685,12686,12686,1,1
2020-09-10 15:20:48.371,12685,12686,12686,1,1
2020-09-10 15:20:48.502,12685,12687,12685,1,-1
2020-09-10 15:20:48.629,12685,12686,12685,2,-2
2020-09-10 15:20:48.648,12685,12686,12685,1,-1
2020-09-10 15:20:48.819,12685,12686,12685,4,-4
2020-09-10 15:20:48.821,12685,12686,12685,1,-1
2020-09-10 15:20:48.922,12685,12686,12685,1,-1
2020-09-10 15:20:49.702,12685,12686,12685,1,-1
2020-09-10 15:20:50.085,12685,12686,12686,1,1
2020-09-10 15:20:51.393,12686,12687,12686,3,-3
2020-09-10 15:20:51.394,12686,12687,12686,2,-2
2020-09-10 15:20:51.641,12685,12687,12687,1,1
2020-09-10 15:20:52.751,12685,12686,12685,1,-1
2020-09-10 15:20:53.222,12685,12686,12685,1,-1
2020-09-10 15:20:53.453,12685,12686,12685,1,-1
2020-09-10 15:20:54.175,12685,12686,12686,1,1
2020-09-10 15:20:54.233,12685,12686,12685,1,-1
2020-09-10 15:20:54.584,12685,12686,12685,1,-1
2020-09-10 15:20:54.731,12685,12686,12686,1,1
2020-09-10 15:20:55.286,12685,12686,12685,2,-2
2020-09-10 15:20:55.388,12685,12686,12685,1,-1
2020-09-10 15:20:56.386,12685,12686,12686,1,1
2020-09-10 15:20:56.763,12685,12686,12686,1,1
2020-09-10 15:20:57.026,12685,12686,12685,1,-1
2020-09-10 15:20:57.075,12685,12686,12685,2,-2
2020-09-10 15:20:57.075,12685,12686,12684,2,-2
2020-09-10 15:20:57.075,12685,12686,12684,1,-1
2020-09-10 15:20:57.075,12685,12686,12685,1,1
2020-09-10 15:20:57.075,12685,12686,12685,2,-2
2020-09-10 15:20:57.075,12685,12686,12685,1,-1
2020-09-10 15:20:57.075,12685,12686,12684,2,-2
2020-09-10 15:20:57.075,12685,12686,12684,1,-1
2020-09-10 15:20:57.076,12685,12686,12684,1,-1
2020-09-10 15:20:57.076,12685,12686,12684,1,-1
2020-09-10 15:20:57.077,12685,12686,12684,1,-1
2020-09-10 15:20:57.077,12685,12686,12684,1,-1
2020-09-10 15:20:57.077,12685,12686,12684,1,-1
2020-09-10 15:20:57.079,12685,12686,12684,1,-1
2020-09-10 15:20:57.080,12685,12686,12684,1,-1
2020-09-10 15:20:57.135,12685,12686,12684,1,-1
2020-09-10 15:20:57.225,12684,12685,12684,1,-1
2020-09-10 15:20:57.225,12684,12685,12684,1,-1
2020-09-10 15:20:57.329,12684,12685,12684,2,-2
2020-09-10 15:20:57.526,12684,12686,12684,1,-1
2020-09-10 15:20:59.247,12684,12686,12686,1,1
2020-09-10 15:20:59.648,12685,12687,12685,1,-1
2020-09-10 15:21:00.146,12685,12687,12685,2,-2
2020-09-10 15:21:00.146,12685,12687,12684,2,-2
2020-09-10 15:21:00.361,12684,12686,12684,3,-3
2020-09-10 15:21:00.373,12684,12686,12684,1,-1
2020-09-10 15:21:00.373,12684,12686,12683,9,-9
2020-09-10 15:21:00.415,12684,12686,12686,2,2
2020-09-10 15:21:00.539,12685,12686,12685,1,-1
2020-09-10 15:21:01.329,12684,12686,12686,1,1
2020-09-10 15:21:02.395,12685,12686,12686,1,1
2020-09-10 15:21:02.395,12685,12686,12686,1,1
2020-09-10 15:21:03.091,12686,12687,12686,4,-4
2020-09-10 15:21:03.091,12686,12687,12685,1,-1
2020-09-10 15:21:07.051,12685,12686,12685,5,-5
2020-09-10 15:21:07.415,12684,12685,12684,2,-2
2020-09-10 15:21:07.415,12684,12685,12683,1,-1
2020-09-10 15:21:08.095,12683,12684,12683,1,-1
2020-09-10 15:21:08.431,12683,12684,12683,1,-1
2020-09-10 15:21:08.461,12683,12684,12684,3,3
2020-09-10 15:21:08.461,12683,12684,12685,2,2
2020-09-10 15:21:08.979,12683,12685,12685,1,1
2020-09-10 15:21:09.540,12684,12685,12685,1,1
2020-09-10 15:21:09.609,12684,12686,12685,1,-1
2020-09-10 15:21:10.061,12684,12686,12686,1,1
2020-09-10 15:21:10.548,12685,12686,12685,1,-1
2020-09-10 15:21:10.639,12684,12686,12686,1,1
2020-09-10 15:21:10.737,12684,12686,12686,1,1
2020-09-10 15:21:11.895,12685,12686,12685,1,-1
2020-09-10 15:21:12.473,12685,12686,12685,1,-1
2020-09-10 15:21:12.658,12685,12686,12685,2,-2
2020-09-10 15:21:13.424,12684,12685,12685,1,1
2020-09-10 15:21:13.621,12684,12685,12684,1,-1
2020-09-10 15:21:14.954,12684,12685,12684,1,-1
2020-09-10 15:21:15.337,12683,12685,12683,2,-2
2020-09-10 15:21:15.807,12683,12685,12684,1,1
2020-09-10 15:21:16.267,12683,12684,12683,3,-3
2020-09-10 15:21:16.904,12683,12684,12683,2,-2
2020-09-10 15:21:17.326,12683,12684,12684,1,1
2020-09-10 15:21:17.326,12683,12684,12684,1,1
2020-09-10 15:21:17.326,12683,12684,12684,1,1
2020-09-10 15:21:17.326,12683,12684,12684,1,1
2020-09-10 15:21:20.410,12684,12685,12684,1,-1
2020-09-10 15:21:21.212,12684,12685,12684,1,-1
2020-09-10 15:21:21.306,12684,12685,12684,5,-5
2020-09-10 15:21:22.280,12683,12684,12684,1,1
2020-09-10 15:21:23.965,12683,12684,12684,1,1
2020-09-10 15:21:24.391,12683,12684,12684,3,3
2020-09-10 15:21:24.404,12683,12684,12684,1,1
2020-09-10 15:21:26.986,12684,12685,12684,1,-1
2020-09-10 15:21:27.262,12684,12685,12684,1,-1
2020-09-10 15:21:28.294,12683,12684,12683,1,-1
2020-09-10 15:21:28.302,12683,12684,12684,1,1
2020-09-10 15:21:28.817,12683,12684,12684,1,1
2020-09-10 15:21:29.715,12684,12685,12685,5,5
2020-09-10 15:21:36.028,12684,12685,12684,1,-1
2020-09-10 15:21:37.548,12684,12685,12685,1,1
2020-09-10 15:21:38.839,12684,12685,12685,1,1
2020-09-10 15:21:41.639,12684,12685,12685,1,1
2020-09-10 15:21:42.276,12684,12685,12685,1,1
2020-09-10 15:21:42.384,12684,12685,12685,17,17
2020-09-10 15:21:48.874,12685,12686,12685,1,-1
2020-09-10 15:21:50.936,12685,12686,12685,1,-1
2020-09-10 15:21:51.084,12685,12686,12686,5,5
2020-09-10 15:21:53.818,12686,12687,12686,7,-7
2020-09-10 15:21:54.600,12685,12686,12686,1,1
2020-09-10 15:21:55.561,12685,12686,12686,2,2
2020-09-10 15:21:57.352,12685,12686,12686,1,1
2020-09-10 15:21:59.075,12685,12686,12686,1,1
2020-09-10 15:21:59.075,12685,12686,12686,1,1
2020-09-10 15:21:59.075,12685,12686,12687,1,1
2020-09-10 15:21:59.211,12686,12687,12686,2,-2
2020-09-10 15:22:00.856,12686,12687,12686,2,-2
2020-09-10 15:22:00.978,12686,12687,12686,2,-2
2020-09-10 15:22:01.487,12686,12687,12686,2,-2
2020-09-10 15:22:01.487,12686,12687,12686,2,-2
2020-09-10 15:22:02.161,12685,12686,12685,4,-4
2020-09-10 15:22:04.225,12685,12686,12685,2,-2
2020-09-10 15:22:05.149,12685,12686,12686,1,1
2020-09-10 15:22:05.573,12686,12687,12686,4,-4
2020-09-10 15:22:05.573,12686,12687,12685,1,-1
2020-09-10 15:22:07.297,12686,12687,12686,1,1
2020-09-10 15:22:08.245,12686,12687,12686,1,-1
2020-09-10 15:22:11.623,12686,12687,12687,1,1
2020-09-10 15:22:11.901,12686,12687,12687,5,5
2020-09-10 15:22:13.543,12686,12688,12687,4,-4
2020-09-10 15:22:13.837,12686,12688,12686,4,-4
2020-09-10 15:22:17.342,12686,12688,12688,1,1
2020-09-10 15:22:17.483,12686,12688,12688,1,1
2020-09-10 15:22:17.696,12686,12688,12688,1,1
2020-09-10 15:22:18.035,12686,12689,12686,1,-1
2020-09-10 15:22:18.601,12687,12688,12687,1,1
2020-09-10 15:22:23.065,12686,12688,12686,2,-2
2020-09-10 15:22:24.021,12687,12688,12688,1,1
2020-09-10 15:22:24.157,12688,12689,12688,3,-3
2020-09-10 15:22:25.555,12687,12689,12687,1,-1
2020-09-10 15:22:25.555,12687,12689,12686,2,-2
2020-09-10 15:22:34.751,12687,12688,12687,1,1
2020-09-10 15:22:39.774,12686,12687,12687,1,1
2020-09-10 15:22:39.774,12686,12687,12687,3,3
2020-09-10 15:22:39.775,12686,12687,12687,1,1
2020-09-10 15:22:39.775,12686,12687,12687,1,1
2020-09-10 15:22:44.350,12688,12689,12688,1,1
2020-09-10 15:22:46.015,12686,12688,12688,4,4
2020-09-10 15:22:46.016,12686,12688,12688,1,1
2020-09-10 15:22:49.430,12687,12688,12687,1,-1
2020-09-10 15:22:51.112,12686,12687,12686,10,-10
2020-09-10 15:22:51.113,12686,12687,12686,9,-9
2020-09-10 15:22:51.845,12685,12687,12687,2,2
2020-09-10 15:22:52.407,12685,12687,12687,1,1
2020-09-10 15:22:52.824,12685,12687,12687,1,1
2020-09-10 15:22:55.265,12686,12687,12687,1,1
2020-09-10 15:22:55.709,12686,12687,12687,1,1
2020-09-10 15:22:57.595,12686,12687,12687,4,4
2020-09-10 15:22:57.595,12686,12687,12688,1,1
2020-09-10 15:22:58.064,12687,12689,12689,4,4
2020-09-10 15:22:59.231,12687,12689,12687,1,-1
2020-09-10 15:23:03.348,12687,12688,12687,1,-1
2020-09-10 15:23:05.559,12686,12687,12686,1,-1
2020-09-10 15:23:10.045,12686,12687,12686,1,-1
2020-09-10 15:23:10.299,12686,12687,12686,1,-1
2020-09-10 15:23:14.968,12686,12688,12688,1,1
2020-09-10 15:23:15.450,12687,12688,12688,2,2
2020-09-10 15:23:16.693,12686,12688,12686,1,-1
2020-09-10 15:23:17.064,12686,12688,12688,1,1
2020-09-10 15:23:18.185,12687,12688,12687,1,-1
2020-09-10 15:23:20.924,12686,12687,12687,2,2
2020-09-10 15:23:21.982,12687,12688,12688,1,1
2020-09-10 15:23:22.726,12687,12688,12687,4,-4
2020-09-10 15:23:25.462,12686,12687,12687,1,1
2020-09-10 15:23:29.118,12686,12687,12686,1,-1
2020-09-10 15:23:29.119,12686,12687,12686,4,-4
2020-09-10 15:23:29.119,12686,12687,12686,1,-1
2020-09-10 15:23:29.953,12685,12687,12687,2,2
2020-09-10 15:23:32.263,12685,12686,12686,1,1
2020-09-10 15:23:32.974,12685,12687,12685,1,-1
2020-09-10 15:23:35.859,12686,12687,12687,2,2
2020-09-10 15:23:36.920,12686,12687,12686,1,-1
2020-09-10 15:23:41.809,12686,12687,12687,2,2
2020-09-10 15:23:43.662,12686,12687,12687,3,3
2020-09-10 15:23:43.752,12686,12687,12687,4,4
2020-09-10 15:23:46.345,12686,12687,12687,1,1
2020-09-10 15:23:46.496,12687,12688,12687,1,-1
2020-09-10 15:23:51.014,12686,12687,12687,2,2
2020-09-10 15:23:51.591,12686,12687,12687,2,2
2020-09-10 15:23:52.215,12687,12688,12687,1,-1
2020-09-10 15:23:56.509,12687,12688,12687,2,-2
2020-09-10 15:23:58.086,12686,12687,12687,1,1
2020-09-10 15:24:04.192,12686,12687,12687,2,2
2020-09-10 15:24:04.193,12686,12687,12687,2,2
2020-09-10 15:24:04.397,12687,12688,12687,2,-2
2020-09-10 15:24:04.628,12687,12688,12687,3,-3
2020-09-10 15:24:05.197,12686,12687,12687,1,1
2020-09-10 15:24:05.372,12687,12688,12688,1,1
2020-09-10 15:24:11.431,12687,12688,12687,1,-1
2020-09-10 15:24:16.008,12687,12688,12687,1,-1
2020-09-10 15:24:22.965,12687,12688,12687,5,-5
2020-09-10 15:24:30.393,12687,12688,12687,3,-3
2020-09-10 15:24:31.083,12686,12687,12687,1,1
2020-09-10 15:24:32.860,12686,12687,12686,1,-1
2020-09-10 15:24:33.515,12686,12687,12687,1,1
2020-09-10 15:24:37.640,12686,12687,12687,1,1
2020-09-10 15:24:46.336,12686,12687,12686,1,-1
2020-09-10 15:24:46.348,12686,12687,12687,1,1
2020-09-10 15:24:46.645,12686,12687,12687,1,1
2020-09-10 15:24:48.962,12686,12687,12686,3,-3
2020-09-10 15:24:52.731,12686,12687,12686,1,-1
2020-09-10 15:24:56.952,12686,12687,12686,1,-1
2020-09-10 15:24:58.213,12686,12687,12687,1,1
2020-09-10 15:25:05.883,12686,12687,12687,1,1
2020-09-10 15:25:05.883,12686,12687,12687,2,2
2020-09-10 15:25:05.883,12686,12687,12687,6,6
2020-09-10 15:25:08.620,12687,12688,12687,1,-1
2020-09-10 15:25:12.758,12687,12688,12687,1,-1
2020-09-10 15:25:16.093,12687,12688,12688,1,1
2020-09-10 15:25:19.451,12687,12688,12688,1,1
2020-09-10 15:25:19.972,12687,12688,12688,1,1
2020-09-10 15:25:19.978,12687,12688,12688,3,3
2020-09-10 15:25:19.978,12687,12688,12688,1,1
2020-09-10 15:25:19.978,12687,12688,12688,5,5
2020-09-10 15:25:21.305,12688,12689,12689,1,1
2020-09-10 15:25:23.683,12688,12689,12689,1,1
2020-09-10 15:25:23.894,12688,12689,12688,2,-2
2020-09-10 15:25:25.732,12687,12688,12688,1,1
2020-09-10 15:25:28.683,12687,12688,12687,4,-4
2020-09-10 15:25:28.851,12686,12687,12686,11,-11
2020-09-10 15:25:28.852,12686,12687,12686,3,-3
2020-09-10 15:25:28.852,12686,12687,12686,4,-4
2020-09-10 15:25:29.995,12685,12687,12687,1,1
2020-09-10 15:25:30.196,12685,12687,12687,2,2
2020-09-10 15:25:30.196,12685,12687,12688,1,1
2020-09-10 15:25:30.207,12686,12687,12687,1,1
2020-09-10 15:25:31.263,12686,12687,12686,1,-1
2020-09-10 15:25:31.263,12686,12687,12685,1,-1
2020-09-10 15:25:34.990,12686,12687,12687,1,1
2020-09-10 15:25:37.223,12686,12687,12686,1,-1
2020-09-10 15:25:38.699,12686,12687,12686,1,-1
2020-09-10 15:25:49.181,12686,12687,12686,1,-1
2020-09-10 15:25:58.792,12686,12687,12687,1,1
2020-09-10 15:25:59.069,12686,12687,12687,1,1
2020-09-10 15:26:08.173,12687,12688,12688,1,1
2020-09-10 15:26:08.174,12687,12688,12688,1,1
2020-09-10 15:26:08.624,12687,12689,12689,2,2
2020-09-10 15:26:08.838,12687,12689,12687,4,-4
2020-09-10 15:26:15.991,12687,12689,12689,1,1
2020-09-10 15:26:20.692,12687,12688,12688,1,1
2020-09-10 15:26:25.534,12688,12689,12689,1,1
2020-09-10 15:26:28.873,12688,12689,12688,1,-1
2020-09-10 15:26:29.596,12687,12688,12688,1,1
2020-09-10 15:26:33.126,12687,12688,12688,1,1
2020-09-10 15:26:40.524,12687,12688,12688,1,1
2020-09-10 15:26:43.095,12687,12688,12687,4,-4
2020-09-10 15:26:43.301,12687,12688,12688,4,4
2020-09-10 15:26:44.104,12687,12688,12687,2,-2
2020-09-10 15:26:55.053,12686,12688,12688,2,2
2020-09-10 15:26:57.693,12686,12687,12686,16,-16
2020-09-10 15:27:00.138,12685,12686,12685,1,-1
2020-09-10 15:27:00.139,12685,12686,12685,12,-12
2020-09-10 15:27:00.139,12685,12686,12685,11,-11
2020-09-10 15:27:00.139,12685,12686,12685,2,-2
2020-09-10 15:27:00.139,12685,12686,12685,20,-20
2020-09-10 15:27:00.139,12685,12686,12685,1,-1
2020-09-10 15:27:00.139,12685,12686,12685,7,-7
2020-09-10 15:27:00.140,12685,12686,12685,5,-5
2020-09-10 15:27:00.140,12685,12686,12685,4,-4
2020-09-10 15:27:02.180,12684,12686,12686,1,1
2020-09-10 15:27:05.149,12684,12685,12685,4,4
2020-09-10 15:27:05.149,12684,12685,12686,16,16
2020-09-10 15:27:05.562,12685,12687,12687,1,1
2020-09-10 15:27:07.041,12685,12687,12687,1,1
2020-09-10 15:27:09.847,12685,12686,12686,1,1
2020-09-10 15:27:12.939,12687,12688,12687,1,1
2020-09-10 15:27:19.978,12687,12688,12687,3,-3
2020-09-10 15:27:24.927,12687,12688,12687,2,-2
2020-09-10 15:27:26.710,12686,12687,12687,1,1
2020-09-10 15:27:28.357,12687,12688,12687,1,-1
2020-09-10 15:27:30.534,12687,12688,12688,2,2
2020-09-10 15:27:31.325,12687,12688,12688,2,2
2020-09-10 15:27:38.373,12687,12688,12687,6,-6
2020-09-10 15:27:39.317,12687,12688,12688,1,1
2020-09-10 15:27:40.730,12687,12688,12687,6,-6
2020-09-10 15:27:45.260,12687,12688,12688,1,1
2020-09-10 15:27:48.095,12687,12689,12687,1,-1
2020-09-10 15:27:49.075,12687,12689,12687,3,-3
2020-09-10 15:27:51.799,12687,12689,12687,2,-2
2020-09-10 15:27:55.763,12688,12689,12688,1,1
2020-09-10 15:28:02.335,12687,12688,12687,1,-1
2020-09-10 15:28:03.225,12687,12688,12687,1,-1
2020-09-10 15:28:03.658,12687,12688,12687,1,-1
2020-09-10 15:28:04.670,12686,12687,12686,4,-4
2020-09-10 15:28:04.670,12686,12687,12686,1,-1
2020-09-10 15:28:04.671,12686,12687,12686,1,-1
2020-09-10 15:28:05.053,12685,12686,12686,1,1
2020-09-10 15:28:07.987,12685,12686,12686,1,1
2020-09-10 15:28:13.231,12686,12687,12686,1,-1
2020-09-10 15:28:26.943,12686,12687,12686,4,-4
2020-09-10 15:28:33.680,12685,12686,12686,1,1
2020-09-10 15:28:37.313,12685,12687,12685,2,-2
2020-09-10 15:28:38.186,12685,12687,12686,1,1
2020-09-10 15:28:44.477,12685,12686,12686,1,1
2020-09-10 15:28:44.477,12685,12686,12686,1,1
2020-09-10 15:28:46.191,12686,12687,12686,1,-1
2020-09-10 15:28:51.941,12686,12687,12687,2,2
2020-09-10 15:28:52.358,12686,12687,12686,1,-1
2020-09-10 15:29:02.246,12686,12687,12686,1,-1
2020-09-10 15:29:07.381,12685,12686,12686,1,1
2020-09-10 15:29:07.381,12685,12686,12686,1,1
2020-09-10 15:29:11.228,12686,12687,12686,1,-1
2020-09-10 15:29:12.230,12686,12687,12686,1,-1
2020-09-10 15:29:13.232,12685,12687,12685,1,-1
2020-09-10 15:29:14.782,12685,12687,12685,2,-2
2020-09-10 15:29:16.753,12685,12687,12685,1,-1
2020-09-10 15:29:24.218,12685,12686,12685,1,-1
2020-09-10 15:29:24.937,12685,12686,12686,1,1
2020-09-10 15:29:32.928,12685,12686,12686,1,1
2020-09-10 15:29:32.929,12685,12686,12686,1,1
2020-09-10 15:29:33.344,12686,12687,12686,1,-1
2020-09-10 15:29:42.690,12685,12686,12686,1,1
2020-09-10 15:29:50.246,12685,12686,12686,6,6
2020-09-10 15:29:58.340,12686,12687,12686,4,-4
2020-09-10 15:29:58.340,12686,12687,12685,1,-1
2020-09-10 15:30:00.253,12685,12686,12685,1,-1
2020-09-10 15:30:00.576,12685,12686,12686,1,1
2020-09-10 15:30:00.596,12685,12686,12686,1,1
2020-09-10 15:30:00.611,12685,12686,12686,1,1
2020-09-10 15:30:00.631,12685,12686,12686,1,1
2020-09-10 15:30:00.666,12685,12686,12686,1,1
2020-09-10 15:30:00.675,12685,12686,12685,1,-1
2020-09-10 15:30:00.997,12685,12686,12685,12,-12
2020-09-10 15:30:01.279,12684,12685,12684,1,-1
2020-09-10 15:30:01.331,12684,12685,12684,2,-2
2020-09-10 15:30:01.338,12684,12685,12684,3,-3
2020-09-10 15:30:01.349,12684,12685,12684,2,-2
2020-09-10 15:30:01.350,12684,12685,12684,6,-6
2020-09-10 15:30:01.398,12684,12685,12683,2,-2
2020-09-10 15:30:02.155,12683,12685,12684,1,1
2020-09-10 15:30:02.484,12683,12684,12683,1,-1
2020-09-10 15:30:02.501,12683,12684,12684,1,1
2020-09-10 15:30:03.139,12683,12684,12684,1,1
2020-09-10 15:30:03.177,12683,12684,12684,1,1
2020-09-10 15:30:03.177,12683,12684,12685,1,1
2020-09-10 15:30:03.198,12684,12685,12685,2,2
2020-09-10 15:30:03.236,12684,12685,12685,2,2
2020-09-10 15:30:04.324,12684,12685,12684,4,-4
2020-09-10 15:30:04.324,12684,12685,12683,1,-1
2020-09-10 15:30:06.784,12683,12684,12684,1,1
2020-09-10 15:30:07.592,12684,12686,12684,1,-1
2020-09-10 15:30:08.273,12684,12685,12685,1,1
2020-09-10 15:30:11.225,12684,12686,12685,1,-1
2020-09-10 15:30:11.544,12684,12686,12685,1,-1
2020-09-10 15:30:13.810,12684,12685,12685,1,1
2020-09-10 15:30:14.282,12685,12686,12685,1,-1
2020-09-10 15:30:14.748,12684,12686,12684,2,-2
2020-09-10 15:30:20.682,12685,12686,12685,1,1
2020-09-10 15:30:31.588,12685,12686,12685,3,-3
2020-09-10 15:30:32.235,12684,12686,12685,1,-1
2020-09-10 15:30:36.147,12684,12686,12684,1,-1
2020-09-10 15:30:39.296,12685,12686,12685,1,1
2020-09-10 15:30:47.191,12685,12686,12685,1,-1
2020-09-10 15:30:47.836,12685,12686,12685,1,-1
2020-09-10 15:30:49.206,12684,12685,12685,1,1
2020-09-10 15:30:53.058,12685,12686,12685,4,-4
2020-09-10 15:30:53.687,12685,12686,12686,1,1
2020-09-10 15:30:54.980,12685,12686,12686,1,1
2020-09-10 15:30:58.566,12685,12686,12686,3,3
2020-09-10 15:31:00.791,12685,12686,12685,1,-1
2020-09-10 15:31:10.241,12685,12686,12686,13,13
2020-09-10 15:31:12.916,12686,12687,12686,1,-1
2020-09-10 15:31:13.163,12686,12687,12686,1,-1
2020-09-10 15:31:13.482,12686,12687,12686,1,-1
2020-09-10 15:31:17.668,12686,12687,12687,2,2
2020-09-10 15:31:17.668,12686,12687,12687,1,1
2020-09-10 15:31:18.027,12686,12687,12687,1,1
2020-09-10 15:31:18.789,12686,12688,12687,1,-1
2020-09-10 15:31:19.264,12687,12688,12688,1,1
2020-09-10 15:31:30.736,12687,12688,12688,2,2
2020-09-10 15:31:30.852,12687,12688,12687,1,-1
2020-09-10 15:31:31.241,12687,12688,12688,4,4
2020-09-10 15:31:31.241,12687,12688,12689,29,29
2020-09-10 15:31:31.242,12687,12688,12689,2,2
2020-09-10 15:31:31.264,12687,12688,12689,2,2
2020-09-10 15:31:33.432,12689,12690,12690,1,1
2020-09-10 15:31:33.497,12689,12690,12690,1,1
2020-09-10 15:31:34.043,12689,12690,12690,3,3
2020-09-10 15:31:36.326,12689,12690,12690,1,1
2020-09-10 15:31:36.807,12689,12690,12690,2,2
2020-09-10 15:31:41.009,12689,12690,12689,2,-2
2020-09-10 15:31:45.327,12689,12690,12689,1,-1
2020-09-10 15:31:47.778,12689,12690,12689,1,-1
2020-09-10 15:31:50.529,12689,12690,12689,4,-4
2020-09-10 15:31:50.529,12689,12690,12689,2,-2
2020-09-10 15:31:50.530,12689,12690,12689,4,-4
2020-09-10 15:32:02.207,12688,12689,12688,1,-1
2020-09-10 15:32:04.151,12688,12689,12689,1,1
2020-09-10 15:32:04.767,12689,12690,12689,1,-1
2020-09-10 15:32:06.390,12689,12690,12689,1,-1
2020-09-10 15:32:13.016,12688,12689,12689,1,1
2020-09-10 15:32:13.016,12688,12689,12690,1,1
2020-09-10 15:32:14.699,12688,12689,12689,1,1
2020-09-10 15:32:31.170,12689,12690,12690,1,1
2020-09-10 15:32:31.451,12689,12690,12689,1,-1
2020-09-10 15:32:38.218,12689,12690,12690,5,5
2020-09-10 15:32:39.087,12689,12690,12690,1,1
2020-09-10 15:32:39.466,12689,12690,12689,1,-1
2020-09-10 15:32:41.749,12689,12690,12689,1,-1
2020-09-10 15:32:44.632,12689,12690,12689,2,-2
2020-09-10 15:32:55.355,12688,12689,12689,10,10
2020-09-10 15:32:55.357,12688,12689,12689,6,6
2020-09-10 15:32:55.357,12688,12689,12689,4,4
2020-09-10 15:33:01.351,12688,12689,12689,1,1
2020-09-10 15:33:02.440,12688,12689,12688,1,-1
2020-09-10 15:33:03.080,12688,12689,12688,7,-7
2020-09-10 15:33:03.139,12688,12689,12687,2,-2
2020-09-10 15:33:04.801,12687,12688,12687,1,-1
2020-09-10 15:33:04.801,12687,12688,12687,3,-3
2020-09-10 15:33:04.853,12686,12688,12686,2,-2
2020-09-10 15:33:04.853,12686,12688,12686,1,-1
2020-09-10 15:33:04.859,12686,12688,12686,1,-1
2020-09-10 15:33:06.034,12686,12687,12686,1,-1
2020-09-10 15:33:12.747,12685,12686,12685,1,-1
2020-09-10 15:33:15.770,12685,12686,12685,1,-1
2020-09-10 15:33:15.770,12685,12686,12685,1,-1
2020-09-10 15:33:15.770,12685,12686,12685,5,-5
2020-09-10 15:33:15.770,12685,12686,12685,3,-3
2020-09-10 15:33:16.797,12684,12685,12685,1,1
2020-09-10 15:33:16.981,12684,12685,12684,3,-3
2020-09-10 15:33:16.982,12684,12685,12684,11,-11
2020-09-10 15:33:19.054,12683,12684,12683,1,-1
2020-09-10 15:33:19.054,12683,12684,12683,4,-4
2020-09-10 15:33:19.054,12683,12684,12683,10,-10
2020-09-10 15:33:19.134,12682,12683,12683,1,1
2020-09-10 15:33:20.010,12682,12683,12682,2,-2
2020-09-10 15:33:20.035,12682,12683,12682,2,-2
2020-09-10 15:33:20.103,12682,12683,12682,1,-1
2020-09-10 15:33:20.124,12682,12683,12682,1,-1
2020-09-10 15:33:20.174,12682,12683,12682,1,-1
2020-09-10 15:33:20.206,12682,12683,12682,2,-2
2020-09-10 15:33:20.257,12682,12683,12682,2,-2
2020-09-10 15:33:20.317,12682,12683,12682,1,-1
2020-09-10 15:33:20.317,12682,12683,12682,2,-2
2020-09-10 15:33:20.317,12682,12683,12682,2,-2
2020-09-10 15:33:20.317,12682,12683,12682,1,-1
2020-09-10 15:33:20.432,12681,12683,12682,1,-1
2020-09-10 15:33:20.450,12682,12683,12682,1,-1
2020-09-10 15:33:20.450,12682,12683,12681,1,-1
2020-09-10 15:33:20.582,12681,12682,12681,1,-1
2020-09-10 15:33:20.603,12681,12682,12681,5,-5
2020-09-10 15:33:20.614,12681,12682,12681,5,-5
2020-09-10 15:33:20.616,12681,12682,12681,2,-2
2020-09-10 15:33:20.635,12681,12682,12681,1,-1
2020-09-10 15:33:20.754,12681,12682,12681,1,-1
2020-09-10 15:33:20.866,12681,12682,12681,1,-1
2020-09-10 15:33:21.727,12681,12682,12682,2,2
2020-09-10 15:33:27.063,12682,12683,12682,2,-2
2020-09-10 15:33:27.064,12682,12683,12682,1,-1
2020-09-10 15:33:27.232,12681,12682,12681,1,-1
2020-09-10 15:33:27.819,12681,12682,12681,1,-1
2020-09-10 15:33:27.823,12681,12682,12682,1,1
2020-09-10 15:33:29.095,12681,12682,12682,1,1
2020-09-10 15:33:30.414,12681,12682,12681,2,-2
2020-09-10 15:33:31.018,12681,12682,12681,1,-1
2020-09-10 15:33:31.548,12681,12682,12682,1,1
2020-09-10 15:33:31.548,12681,12682,12682,1,1
2020-09-10 15:33:33.192,12682,12683,12683,1,1
2020-09-10 15:33:33.631,12682,12683,12682,1,-1
2020-09-10 15:33:35.486,12682,12683,12682,1,-1
2020-09-10 15:33:36.780,12682,12683,12682,1,-1
2020-09-10 15:33:38.731,12682,12683,12682,1,-1
2020-09-10 15:33:40.020,12682,12683,12683,1,1
2020-09-10 15:33:40.891,12682,12683,12682,1,-1
2020-09-10 15:33:41.552,12682,12683,12682,5,-5
2020-09-10 15:33:42.494,12682,12683,12682,1,-1
2020-09-10 15:33:49.060,12682,12683,12682,11,-11
2020-09-10 15:33:49.087,12681,12682,12682,1,1
2020-09-10 15:33:49.576,12681,12682,12682,1,1
2020-09-10 15:33:50.611,12681,12682,12682,1,1
2020-09-10 15:33:50.611,12681,12682,12682,5,5
2020-09-10 15:33:50.611,12681,12682,12682,1,1
2020-09-10 15:33:50.611,12681,12682,12682,5,5
2020-09-10 15:33:50.954,12682,12683,12682,1,-1
2020-09-10 15:33:56.358,12682,12683,12682,1,-1
2020-09-10 15:33:57.644,12682,12683,12682,2,-2
2020-09-10 15:33:57.644,12682,12683,12681,23,-23
2020-09-10 15:33:58.643,12681,12682,12682,1,1
2020-09-10 15:34:01.714,12681,12683,12681,2,-2
2020-09-10 15:34:02.600,12681,12682,12681,2,-2
2020-09-10 15:34:02.652,12681,12682,12681,1,-1
2020-09-10 15:34:02.700,12681,12682,12682,1,1
2020-09-10 15:34:02.733,12681,12682,12681,1,-1
2020-09-10 15:34:03.200,12681,12682,12681,1,-1
2020-09-10 15:34:03.205,12681,12682,12681,1,-1
2020-09-10 15:34:03.344,12681,12682,12681,1,-1
2020-09-10 15:34:03.472,12680,12681,12680,2,-2
2020-09-10 15:34:03.811,12680,12681,12680,1,-1
2020-09-10 15:34:05.485,12680,12681,12680,1,-1
2020-09-10 15:34:06.818,12680,12681,12680,10,-10
2020-09-10 15:34:06.818,12680,12681,12680,1,-1
2020-09-10 15:34:07.359,12680,12681,12680,1,-1
2020-09-10 15:34:07.359,12680,12681,12680,1,-1
2020-09-10 15:34:07.360,12680,12681,12680,1,-1
2020-09-10 15:34:07.360,12680,12681,12680,4,-4
2020-09-10 15:34:07.360,12680,12681,12680,8,-8
2020-09-10 15:34:07.360,12680,12681,12680,2,-2
2020-09-10 15:34:07.360,12680,12681,12680,4,-4
2020-09-10 15:34:07.360,12680,12681,12680,4,-4
2020-09-10 15:34:07.360,12680,12681,12680,11,-11
2020-09-10 15:34:07.360,12680,12681,12680,1,-1
2020-09-10 15:34:07.360,12680,12681,12680,3,-3
2020-09-10 15:34:07.360,12680,12681,12680,11,-11
2020-09-10 15:34:07.361,12680,12681,12680,15,-15
2020-09-10 15:34:07.361,12680,12681,12680,2,-2
2020-09-10 15:34:08.603,12679,12680,12679,2,-2
2020-09-10 15:34:08.603,12679,12680,12679,1,-1
2020-09-10 15:34:08.896,12679,12680,12679,1,-1
2020-09-10 15:34:08.964,12679,12680,12679,1,-1
2020-09-10 15:34:08.990,12679,12680,12679,1,-1
2020-09-10 15:34:09.136,12679,12680,12679,1,-1
2020-09-10 15:34:09.188,12679,12680,12679,1,-1
2020-09-10 15:34:09.269,12678,12680,12678,1,-1
2020-09-10 15:34:09.343,12678,12680,12678,1,-1
2020-09-10 15:34:09.575,12678,12680,12678,3,-3
2020-09-10 15:34:09.904,12678,12680,12678,1,-1
2020-09-10 15:34:11.905,12678,12680,12678,1,-1
2020-09-10 15:34:12.126,12678,12680,12678,2,-2
2020-09-10 15:34:14.883,12678,12680,12678,2,-2
2020-09-10 15:34:15.121,12678,12680,12678,4,-4
2020-09-10 15:34:15.575,12678,12679,12678,4,-4
2020-09-10 15:34:16.014,12678,12680,12678,1,-1
2020-09-10 15:34:18.877,12678,12679,12678,1,-1
2020-09-10 15:34:19.648,12678,12679,12678,3,-3
2020-09-10 15:34:20.016,12677,12678,12677,10,-10
2020-09-10 15:34:20.177,12676,12677,12676,1,-1
2020-09-10 15:34:20.298,12676,12677,12676,7,-7
2020-09-10 15:34:20.378,12676,12678,12676,1,-1
2020-09-10 15:34:20.402,12676,12678,12676,1,-1
2020-09-10 15:34:20.421,12676,12678,12676,1,-1
2020-09-10 15:34:20.518,12676,12678,12676,1,-1
2020-09-10 15:34:20.523,12676,12678,12676,2,-2
2020-09-10 15:34:20.796,12676,12677,12676,2,-2
2020-09-10 15:34:21.042,12676,12677,12676,1,-1
2020-09-10 15:34:21.075,12676,12677,12676,1,-1
2020-09-10 15:34:21.346,12676,12677,12677,1,1
2020-09-10 15:34:21.491,12676,12678,12678,5,5
2020-09-10 15:34:21.675,12677,12678,12677,1,-1
2020-09-10 15:34:24.117,12677,12678,12677,1,-1
2020-09-10 15:34:24.141,12677,12678,12676,1,-1
2020-09-10 15:34:24.899,12676,12678,12678,2,2
2020-09-10 15:34:25.449,12677,12678,12677,1,-1
2020-09-10 15:34:25.501,12677,12678,12677,3,-3
2020-09-10 15:34:25.501,12677,12678,12676,19,-19
2020-09-10 15:34:25.502,12677,12678,12676,3,-3
2020-09-10 15:34:25.654,12676,12678,12676,3,-3
2020-09-10 15:34:27.085,12676,12678,12676,1,-1
2020-09-10 15:34:27.117,12676,12678,12676,5,-5
2020-09-10 15:34:27.118,12676,12678,12676,1,-1
2020-09-10 15:34:28.205,12675,12676,12676,1,1
2020-09-10 15:34:29.535,12675,12676,12675,1,-1
2020-09-10 15:34:29.614,12675,12676,12675,1,-1
2020-09-10 15:34:29.724,12675,12676,12675,1,-1
2020-09-10 15:34:29.726,12675,12676,12675,1,-1
2020-09-10 15:34:29.730,12675,12676,12675,1,-1
2020-09-10 15:34:29.736,12675,12676,12675,4,-4
2020-09-10 15:34:29.819,12675,12676,12675,2,-2
2020-09-10 15:34:29.823,12675,12676,12676,1,1
2020-09-10 15:34:29.962,12675,12676,12676,1,1
2020-09-10 15:34:29.964,12675,12676,12675,1,-1
2020-09-10 15:34:29.970,12675,12676,12675,1,-1
2020-09-10 15:34:29.972,12675,12676,12675,1,-1
2020-09-10 15:34:30.012,12675,12676,12675,1,-1
2020-09-10 15:34:30.012,12675,12676,12675,1,-1
2020-09-10 15:34:30.075,12675,12676,12675,4,-4
2020-09-10 15:34:31.442,12675,12676,12675,4,-4
2020-09-10 15:34:32.061,12675,12676,12675,1,-1
2020-09-10 15:34:33.084,12675,12676,12676,1,1
2020-09-10 15:34:33.654,12675,12676,12675,6,-6
2020-09-10 15:34:33.845,12674,12675,12674,1,-1
2020-09-10 15:34:34.104,12674,12675,12674,1,-1
2020-09-10 15:34:34.108,12674,12675,12674,1,-1
2020-09-10 15:34:34.111,12674,12675,12674,1,-1
2020-09-10 15:34:34.115,12674,12675,12674,1,-1
2020-09-10 15:34:34.135,12674,12675,12674,1,-1
2020-09-10 15:34:34.140,12674,12675,12674,1,-1
2020-09-10 15:34:34.149,12674,12675,12674,2,-2
2020-09-10 15:34:34.149,12674,12675,12673,1,-1
2020-09-10 15:34:34.151,12674,12675,12673,3,-3
2020-09-10 15:34:34.178,12674,12675,12673,2,-2
2020-09-10 15:34:34.179,12674,12675,12673,3,-3
2020-09-10 15:34:34.192,12674,12675,12673,2,-2
2020-09-10 15:34:34.203,12673,12675,12673,1,-1
2020-09-10 15:34:34.249,12673,12675,12675,1,1
2020-09-10 15:34:34.354,12673,12675,12673,3,-3
2020-09-10 15:34:34.377,12673,12675,12675,1,1
2020-09-10 15:34:34.427,12673,12675,12674,1,-1
2020-09-10 15:34:34.597,12673,12675,12675,3,3
2020-09-10 15:34:34.597,12673,12675,12676,1,1
2020-09-10 15:34:34.688,12673,12675,12676,4,4
2020-09-10 15:34:34.788,12674,12676,12676,4,4
2020-09-10 15:34:35.643,12675,12676,12675,2,-2
2020-09-10 15:34:35.643,12675,12676,12674,2,-2
2020-09-10 15:34:36.034,12674,12676,12675,2,2
2020-09-10 15:34:36.157,12675,12676,12674,1,-1
2020-09-10 15:34:37.602,12675,12676,12676,6,6
2020-09-10 15:34:37.924,12676,12677,12676,1,-1
2020-09-10 15:34:38.255,12676,12677,12676,1,-1
2020-09-10 15:34:38.415,12676,12677,12676,1,-1
2020-09-10 15:34:39.866,12676,12677,12676,1,-1
2020-09-10 15:34:40.723,12676,12677,12677,2,2
2020-09-10 15:34:41.493,12676,12677,12677,1,1
2020-09-10 15:34:43.867,12676,12677,12677,2,2
2020-09-10 15:34:43.867,12676,12677,12677,3,3
2020-09-10 15:34:44.309,12676,12678,12676,1,-1
2020-09-10 15:34:46.694,12676,12677,12676,9,-9
2020-09-10 15:34:47.542,12675,12676,12676,1,1
2020-09-10 15:34:48.186,12675,12676,12675,4,-4
2020-09-10 15:34:48.972,12675,12676,12675,10,-10
2020-09-10 15:34:48.976,12675,12676,12675,4,-4
2020-09-10 15:34:49.037,12675,12676,12676,1,1
2020-09-10 15:34:50.291,12675,12676,12675,1,-1
2020-09-10 15:34:50.662,12675,12676,12675,1,-1
2020-09-10 15:34:50.773,12675,12676,12675,2,-2
2020-09-10 15:34:52.423,12674,12675,12675,2,2
2020-09-10 15:34:52.424,12674,12675,12675,2,2
2020-09-10 15:34:52.424,12674,12675,12675,4,4
2020-09-10 15:34:53.240,12675,12676,12675,1,-1
2020-09-10 15:34:54.490,12675,12676,12675,1,-1
2020-09-10 15:34:55.300,12675,12676,12675,3,-3
2020-09-10 15:34:57.387,12675,12676,12675,1,-1
2020-09-10 15:34:57.945,12675,12676,12675,2,-2
2020-09-10 15:34:58.081,12674,12675,12674,1,-1
2020-09-10 15:34:58.199,12674,12675,12674,1,-1
2020-09-10 15:34:58.200,12674,12675,12674,4,-4
2020-09-10 15:34:58.200,12674,12675,12674,9,-9
2020-09-10 15:34:58.545,12673,12674,12673,8,-8
2020-09-10 15:34:58.675,12672,12674,12673,1,-1
2020-09-10 15:34:58.721,12673,12674,12673,1,-1
2020-09-10 15:34:58.971,12672,12673,12674,1,1
2020-09-10 15:34:59.730,12673,12674,12674,1,1
2020-09-10 15:34:59.824,12673,12674,12674,1,1
2020-09-10 15:34:59.904,12673,12674,12674,1,1
2020-09-10 15:35:00.294,12673,12674,12673,2,-2
2020-09-10 15:35:00.350,12672,12674,12672,1,-1
2020-09-10 15:35:00.363,12672,12674,12672,1,-1
2020-09-10 15:35:00.549,12672,12674,12672,3,-3
2020-09-10 15:35:00.574,12672,12674,12672,2,-2
2020-09-10 15:35:00.577,12672,12674,12672,1,-1
2020-09-10 15:35:00.662,12672,12674,12673,1,1
2020-09-10 15:35:00.662,12672,12674,12672,1,-1
2020-09-10 15:35:00.673,12672,12674,12674,1,1
2020-09-10 15:35:00.738,12672,12674,12672,1,-1
2020-09-10 15:35:00.739,12672,12674,12674,3,3
2020-09-10 15:35:01.164,12673,12674,12673,1,-1
2020-09-10 15:35:01.172,12673,12674,12673,1,-1
2020-09-10 15:35:01.176,12673,12674,12673,1,-1
2020-09-10 15:35:01.988,12674,12675,12674,1,1
2020-09-10 15:35:02.037,12674,12675,12675,1,1
2020-09-10 15:35:02.323,12673,12674,12673,1,-1
2020-09-10 15:35:02.862,12673,12674,12674,1,1
2020-09-10 15:35:03.516,12673,12674,12673,1,-1
2020-09-10 15:35:03.525,12673,12674,12673,1,-1
2020-09-10 15:35:03.557,12673,12674,12673,1,-1
2020-09-10 15:35:04.027,12672,12674,12672,5,-5
2020-09-10 15:35:04.159,12672,12674,12672,5,-5
2020-09-10 15:35:04.298,12672,12674,12673,4,4
2020-09-10 15:35:04.298,12672,12674,12672,1,-1
2020-09-10 15:35:05.605,12673,12674,12674,1,1
2020-09-10 15:35:05.782,12673,12675,12675,1,1
2020-09-10 15:35:05.890,12673,12675,12673,1,-1
2020-09-10 15:35:05.961,12673,12675,12675,1,1
2020-09-10 15:35:06.067,12673,12675,12673,1,-1
2020-09-10 15:35:06.300,12673,12675,12673,1,-1
2020-09-10 15:35:07.105,12673,12675,12675,1,1
2020-09-10 15:35:07.915,12674,12675,12674,1,-1
2020-09-10 15:35:08.100,12674,12675,12675,2,2
2020-09-10 15:35:08.257,12675,12676,12675,1,-1
2020-09-10 15:35:08.619,12675,12676,12675,1,-1
2020-09-10 15:35:08.619,12675,12676,12675,2,-2
2020-09-10 15:35:08.819,12674,12676,12674,1,-1
2020-09-10 15:35:09.329,12675,12676,12675,1,1
2020-09-10 15:35:09.329,12675,12676,12674,1,-1
2020-09-10 15:35:09.970,12675,12676,12675,1,1
2020-09-10 15:35:10.179,12674,12675,12674,7,-7
2020-09-10 15:35:10.179,12674,12675,12673,3,-3
2020-09-10 15:35:10.428,12674,12675,12674,4,4
2020-09-10 15:35:10.428,12674,12675,12673,6,-6
2020-09-10 15:35:10.644,12674,12675,12674,2,2
2020-09-10 15:35:11.120,12674,12675,12675,1,1
2020-09-10 15:35:11.220,12674,12676,12676,1,1
2020-09-10 15:35:11.985,12674,12676,12674,7,-7
2020-09-10 15:35:11.985,12674,12676,12673,3,-3
