2019-10-18 15:00:00,11141,11141,11141,92
2019-10-18 15:00:00,11142,11142,11142,2
2019-10-18 15:00:00,11142,11142,11142,2
2019-10-18 15:00:00,11142,11142,11142,2
2019-10-18 15:00:00,11142,11142,11142,2
2019-10-18 15:00:00,11144,11144,11144,4
2019-10-18 15:00:00,11145,11145,11145,2
2019-10-18 15:00:00,11145,11145,11145,2
2019-10-18 15:00:00,11145,11145,11145,2
2019-10-18 15:00:00,11145,11145,11145,2
2019-10-18 15:00:00,11143,11143,11143,2
2019-10-18 15:00:00,11143,11143,11143,2
2019-10-18 15:00:01,11144,11144,11144,2
2019-10-18 15:00:01,11144,11144,11144,4
2019-10-18 15:00:01,11144,11144,11144,10
2019-10-18 15:00:01,11143,11143,11143,2
2019-10-18 15:00:01,11145,11145,11145,8
2019-10-18 15:00:01,11145,11145,11145,2
2019-10-18 15:00:02,11146,11146,11146,2
2019-10-18 15:00:02,11145,11145,11145,2
2019-10-18 15:00:02,11145,11145,11145,2
2019-10-18 15:00:02,11145,11145,11145,2
2019-10-18 15:00:03,11145,11145,11145,4
2019-10-18 15:00:04,11145,11145,11145,2
2019-10-18 15:00:04,11145,11145,11145,2
2019-10-18 15:00:04,11145,11145,11145,4
2019-10-18 15:00:05,11145,11145,11145,4
2019-10-18 15:00:05,11145,11145,11145,6
2019-10-18 15:00:05,11145,11145,11145,4
2019-10-18 15:00:05,11145,11145,11145,2
2019-10-18 15:00:05,11146,11146,11146,2
2019-10-18 15:00:06,11145,11145,11145,2
2019-10-18 15:00:06,11145,11145,11145,2
2019-10-18 15:00:07,11146,11146,11146,6
2019-10-18 15:00:07,11146,11146,11146,2
2019-10-18 15:00:08,11146,11146,11146,2
2019-10-18 15:00:08,11146,11146,11146,2
2019-10-18 15:00:10,11145,11145,11145,2
2019-10-18 15:00:11,11146,11146,11146,2
2019-10-18 15:00:12,11146,11146,11146,4
2019-10-18 15:00:14,11145,11145,11145,4
2019-10-18 15:00:14,11145,11145,11145,2
2019-10-18 15:00:15,11146,11146,11146,6
2019-10-18 15:00:16,11146,11146,11146,2
2019-10-18 15:00:16,11145,11145,11145,2
2019-10-18 15:00:16,11145,11145,11145,2
2019-10-18 15:00:17,11145,11145,11145,2
2019-10-18 15:00:17,11145,11145,11145,2
2019-10-18 15:00:17,11145,11145,11145,2
2019-10-18 15:00:20,11145,11145,11145,2
2019-10-18 15:00:20,11145,11145,11145,2
2019-10-18 15:00:24,11145,11145,11145,2
2019-10-18 15:00:24,11145,11145,11145,16
2019-10-18 15:00:24,11145,11145,11145,2
2019-10-18 15:00:26,11145,11145,11145,2
2019-10-18 15:00:26,11146,11146,11146,2
2019-10-18 15:00:26,11146,11146,11146,2
2019-10-18 15:00:27,11145,11145,11145,2
2019-10-18 15:00:30,11145,11145,11145,2
2019-10-18 15:00:30,11146,11146,11146,2
2019-10-18 15:00:30,11146,11146,11146,2
2019-10-18 15:00:32,11146,11146,11146,2
2019-10-18 15:00:33,11146,11146,11146,2
2019-10-18 15:00:33,11145,11145,11145,4
2019-10-18 15:00:33,11145,11145,11145,10
2019-10-18 15:00:33,11145,11145,11145,2
2019-10-18 15:00:33,11145,11145,11145,2
2019-10-18 15:00:33,11145,11145,11145,2
2019-10-18 15:00:33,11145,11145,11145,2
2019-10-18 15:00:33,11145,11145,11145,2
2019-10-18 15:00:34,11144,11144,11144,2
2019-10-18 15:00:34,11144,11144,11144,2
2019-10-18 15:00:35,11145,11145,11145,2
2019-10-18 15:00:35,11145,11145,11145,2
2019-10-18 15:00:36,11145,11145,11145,2
2019-10-18 15:00:37,11145,11145,11145,10
2019-10-18 15:00:37,11144,11144,11144,4
2019-10-18 15:00:47,11144,11144,11144,2
2019-10-18 15:00:47,11144,11144,11144,2
2019-10-18 15:00:48,11144,11144,11144,4
2019-10-18 15:00:48,11144,11144,11144,4
2019-10-18 15:00:48,11144,11144,11144,2
2019-10-18 15:00:49,11144,11144,11144,2
2019-10-18 15:00:50,11144,11144,11144,2
2019-10-18 15:00:50,11144,11144,11144,2
2019-10-18 15:00:50,11144,11144,11144,4
2019-10-18 15:00:50,11144,11144,11144,2
2019-10-18 15:00:50,11144,11144,11144,2
2019-10-18 15:00:50,11144,11144,11144,2
2019-10-18 15:00:50,11144,11144,11144,2
2019-10-18 15:00:50,11144,11144,11144,2
2019-10-18 15:00:50,11144,11144,11144,2
2019-10-18 15:00:54,11144,11144,11144,2
2019-10-18 15:00:55,11144,11144,11144,4
2019-10-18 15:00:56,11144,11144,11144,2
2019-10-18 15:01:00,11145,11145,11145,2
2019-10-18 15:01:01,11145,11145,11145,4
2019-10-18 15:01:01,11145,11145,11145,2
2019-10-18 15:01:02,11145,11145,11145,12
2019-10-18 15:01:02,11145,11145,11145,2
2019-10-18 15:01:03,11145,11145,11145,2
2019-10-18 15:01:03,11145,11145,11145,4
2019-10-18 15:01:07,11145,11145,11145,2
2019-10-18 15:01:09,11146,11146,11146,2
2019-10-18 15:01:13,11146,11146,11146,2
2019-10-18 15:01:16,11146,11146,11146,8
2019-10-18 15:01:17,11146,11146,11146,2
2019-10-18 15:01:19,11146,11146,11146,2
2019-10-18 15:01:20,11146,11146,11146,6
2019-10-18 15:01:20,11145,11145,11145,2
2019-10-18 15:01:20,11145,11145,11145,2
2019-10-18 15:01:20,11145,11145,11145,2
2019-10-18 15:01:20,11145,11145,11145,2
2019-10-18 15:01:20,11145,11145,11145,12
2019-10-18 15:01:34,11147,11147,11147,2
2019-10-18 15:01:34,11146,11146,11146,2
2019-10-18 15:01:37,11147,11147,11147,2
2019-10-18 15:01:38,11148,11148,11148,2
2019-10-18 15:01:38,11147,11147,11147,2
2019-10-18 15:01:39,11147,11147,11147,2
2019-10-18 15:01:39,11147,11147,11147,4
2019-10-18 15:01:39,11147,11147,11147,2
2019-10-18 15:01:39,11147,11147,11147,2
2019-10-18 15:01:40,11147,11147,11147,2
2019-10-18 15:01:42,11147,11147,11147,2
2019-10-18 15:01:43,11148,11148,11148,4
2019-10-18 15:01:43,11147,11147,11147,2
2019-10-18 15:01:45,11148,11148,11148,2
2019-10-18 15:01:47,11148,11148,11148,2
2019-10-18 15:01:51,11147,11147,11147,2
2019-10-18 15:01:55,11148,11148,11148,6
2019-10-18 15:01:56,11147,11147,11147,2
2019-10-18 15:02:00,11148,11148,11148,2
2019-10-18 15:02:01,11147,11147,11147,2
2019-10-18 15:02:01,11147,11147,11147,2
2019-10-18 15:02:01,11147,11147,11147,2
2019-10-18 15:02:01,11147,11147,11147,2
2019-10-18 15:02:01,11147,11147,11147,2
2019-10-18 15:02:01,11147,11147,11147,2
2019-10-18 15:02:01,11147,11147,11147,8
2019-10-18 15:02:01,11148,11148,11148,2
2019-10-18 15:02:02,11148,11148,11148,20
2019-10-18 15:02:03,11148,11148,11148,4
2019-10-18 15:02:04,11148,11148,11148,4
2019-10-18 15:02:04,11148,11148,11148,4
2019-10-18 15:02:08,11149,11149,11149,2
2019-10-18 15:02:09,11148,11148,11148,2
2019-10-18 15:02:12,11147,11147,11147,2
2019-10-18 15:02:15,11147,11147,11147,2
2019-10-18 15:02:15,11147,11147,11147,2
2019-10-18 15:02:18,11148,11148,11148,2
2019-10-18 15:02:18,11148,11148,11148,6
2019-10-18 15:02:21,11147,11147,11147,2
2019-10-18 15:02:21,11147,11147,11147,2
2019-10-18 15:02:27,11147,11147,11147,2
2019-10-18 15:02:28,11147,11147,11147,2
2019-10-18 15:02:29,11146,11146,11146,2
2019-10-18 15:02:29,11146,11146,11146,2
2019-10-18 15:02:29,11146,11146,11146,2
2019-10-18 15:02:29,11146,11146,11146,2
2019-10-18 15:02:29,11146,11146,11146,2
2019-10-18 15:02:29,11146,11146,11146,2
2019-10-18 15:02:34,11145,11145,11145,2
2019-10-18 15:02:46,11147,11147,11147,2
2019-10-18 15:03:16,11147,11147,11147,2
2019-10-18 15:03:18,11147,11147,11147,2
2019-10-18 15:03:21,11146,11146,11146,2
2019-10-18 15:03:21,11146,11146,11146,2
2019-10-18 15:03:21,11146,11146,11146,2
2019-10-18 15:03:21,11147,11147,11147,2
2019-10-18 15:03:24,11146,11146,11146,2
2019-10-18 15:03:24,11146,11146,11146,2
2019-10-18 15:03:27,11146,11146,11146,2
2019-10-18 15:03:28,11146,11146,11146,2
2019-10-18 15:03:42,11146,11146,11146,2
2019-10-18 15:03:45,11146,11146,11146,2
2019-10-18 15:03:56,11146,11146,11146,2
2019-10-18 15:03:56,11146,11146,11146,2
2019-10-18 15:03:56,11146,11146,11146,2
2019-10-18 15:03:56,11146,11146,11146,2
2019-10-18 15:04:18,11146,11146,11146,6
2019-10-18 15:04:23,11146,11146,11146,2
2019-10-18 15:04:29,11146,11146,11146,2
2019-10-18 15:04:38,11145,11145,11145,2
2019-10-18 15:04:38,11145,11145,11145,2
2019-10-18 15:04:38,11145,11145,11145,2
2019-10-18 15:04:38,11145,11145,11145,2
2019-10-18 15:04:38,11145,11145,11145,2
2019-10-18 15:04:38,11145,11145,11145,2
2019-10-18 15:04:38,11145,11145,11145,2
2019-10-18 15:04:38,11145,11145,11145,2
2019-10-18 15:04:38,11145,11145,11145,2
2019-10-18 15:04:38,11145,11145,11145,2
2019-10-18 15:04:38,11145,11145,11145,4
2019-10-18 15:04:38,11145,11145,11145,2
2019-10-18 15:04:42,11145,11145,11145,2
2019-10-18 15:04:59,11144,11144,11144,2
2019-10-18 15:05:00,11144,11144,11144,2
2019-10-18 15:05:00,11145,11145,11145,18
2019-10-18 15:05:00,11145,11145,11145,14
2019-10-18 15:05:00,11145,11145,11145,8
2019-10-18 15:05:03,11145,11145,11145,2
2019-10-18 15:05:03,11146,11146,11146,20
2019-10-18 15:05:03,11147,11147,11147,8
2019-10-18 15:05:04,11145,11145,11145,2
2019-10-18 15:05:04,11145,11145,11145,2
2019-10-18 15:05:05,11145,11145,11145,2
2019-10-18 15:05:05,11145,11145,11145,2
2019-10-18 15:05:12,11145,11145,11145,4
2019-10-18 15:05:12,11145,11145,11145,4
2019-10-18 15:05:12,11145,11145,11145,2
2019-10-18 15:05:12,11145,11145,11145,2
2019-10-18 15:05:12,11145,11145,11145,2
2019-10-18 15:05:12,11145,11145,11145,2
2019-10-18 15:05:14,11145,11145,11145,2
2019-10-18 15:05:14,11145,11145,11145,2
2019-10-18 15:05:14,11145,11145,11145,2
2019-10-18 15:05:14,11145,11145,11145,2
2019-10-18 15:05:14,11145,11145,11145,2
2019-10-18 15:05:17,11146,11146,11146,2
2019-10-18 15:05:19,11146,11146,11146,6
2019-10-18 15:05:20,11147,11147,11147,14
2019-10-18 15:05:21,11146,11146,11146,2
2019-10-18 15:05:21,11146,11146,11146,2
2019-10-18 15:05:22,11146,11146,11146,2
2019-10-18 15:05:24,11146,11146,11146,2
2019-10-18 15:05:28,11145,11145,11145,2
2019-10-18 15:05:28,11145,11145,11145,2
2019-10-18 15:05:28,11145,11145,11145,4
2019-10-18 15:05:28,11145,11145,11145,2
2019-10-18 15:05:28,11145,11145,11145,6
2019-10-18 15:05:28,11145,11145,11145,2
2019-10-18 15:05:31,11145,11145,11145,2
2019-10-18 15:05:34,11145,11145,11145,6
2019-10-18 15:05:44,11145,11145,11145,6
2019-10-18 15:05:54,11145,11145,11145,6
2019-10-18 15:06:11,11145,11145,11145,2
2019-10-18 15:06:12,11144,11144,11144,2
2019-10-18 15:06:14,11145,11145,11145,2
2019-10-18 15:06:17,11145,11145,11145,2
2019-10-18 15:06:18,11145,11145,11145,8
2019-10-18 15:06:27,11145,11145,11145,2
2019-10-18 15:06:28,11145,11145,11145,2
2019-10-18 15:06:29,11145,11145,11145,2
2019-10-18 15:06:37,11145,11145,11145,2
2019-10-18 15:06:45,11145,11145,11145,2
2019-10-18 15:06:53,11146,11146,11146,6
2019-10-18 15:06:53,11146,11146,11146,4
2019-10-18 15:06:54,11146,11146,11146,2
2019-10-18 15:07:07,11146,11146,11146,6
2019-10-18 15:07:15,11147,11147,11147,2
2019-10-18 15:07:19,11147,11147,11147,2
2019-10-18 15:07:39,11147,11147,11147,4
2019-10-18 15:07:42,11146,11146,11146,2
2019-10-18 15:07:43,11147,11147,11147,2
2019-10-18 15:07:43,11147,11147,11147,2
2019-10-18 15:07:48,11147,11147,11147,2
2019-10-18 15:08:07,11146,11146,11146,8
2019-10-18 15:08:07,11146,11146,11146,2
2019-10-18 15:08:07,11146,11146,11146,2
2019-10-18 15:08:07,11146,11146,11146,2
2019-10-18 15:08:07,11146,11146,11146,4
2019-10-18 15:08:07,11146,11146,11146,2
2019-10-18 15:08:07,11146,11146,11146,2
2019-10-18 15:08:07,11146,11146,11146,2
2019-10-18 15:08:07,11146,11146,11146,2
2019-10-18 15:08:09,11146,11146,11146,2
2019-10-18 15:08:09,11146,11146,11146,2
2019-10-18 15:08:11,11146,11146,11146,2
2019-10-18 15:08:13,11145,11145,11145,2
2019-10-18 15:08:15,11145,11145,11145,2
2019-10-18 15:08:15,11146,11146,11146,2
2019-10-18 15:08:21,11146,11146,11146,2
2019-10-18 15:08:22,11145,11145,11145,2
2019-10-18 15:08:22,11145,11145,11145,4
2019-10-18 15:08:22,11145,11145,11145,2
2019-10-18 15:08:22,11145,11145,11145,2
2019-10-18 15:08:22,11145,11145,11145,2
2019-10-18 15:08:22,11145,11145,11145,2
2019-10-18 15:08:25,11145,11145,11145,2
2019-10-18 15:08:33,11144,11144,11144,10
2019-10-18 15:08:33,11144,11144,11144,2
2019-10-18 15:08:34,11144,11144,11144,18
2019-10-18 15:08:34,11144,11144,11144,2
2019-10-18 15:08:38,11145,11145,11145,2
2019-10-18 15:08:43,11144,11144,11144,2
2019-10-18 15:08:48,11145,11145,11145,4
2019-10-18 15:08:48,11145,11145,11145,4
2019-10-18 15:08:50,11145,11145,11145,2
2019-10-18 15:08:53,11145,11145,11145,2
2019-10-18 15:08:53,11145,11145,11145,2
2019-10-18 15:08:53,11145,11145,11145,4
2019-10-18 15:08:59,11145,11145,11145,2
2019-10-18 15:08:59,11145,11145,11145,2
2019-10-18 15:09:10,11145,11145,11145,2
2019-10-18 15:09:13,11145,11145,11145,2
2019-10-18 15:09:18,11145,11145,11145,2
2019-10-18 15:09:26,11146,11146,11146,10
2019-10-18 15:09:38,11146,11146,11146,2
2019-10-18 15:09:44,11147,11147,11147,8
2019-10-18 15:09:45,11147,11147,11147,6
2019-10-18 15:09:46,11146,11146,11146,2
2019-10-18 15:09:46,11146,11146,11146,2
2019-10-18 15:09:46,11146,11146,11146,2
2019-10-18 15:09:46,11146,11146,11146,2
2019-10-18 15:09:46,11146,11146,11146,2
2019-10-18 15:09:46,11146,11146,11146,2
2019-10-18 15:09:46,11146,11146,11146,2
2019-10-18 15:09:46,11146,11146,11146,6
2019-10-18 15:09:48,11146,11146,11146,2
2019-10-18 15:09:50,11146,11146,11146,2
2019-10-18 15:10:02,11145,11145,11145,2
2019-10-18 15:10:02,11145,11145,11145,2
2019-10-18 15:10:02,11145,11145,11145,8
2019-10-18 15:10:02,11145,11145,11145,6
2019-10-18 15:10:02,11145,11145,11145,2
2019-10-18 15:10:02,11145,11145,11145,2
2019-10-18 15:10:02,11145,11145,11145,2
2019-10-18 15:10:02,11145,11145,11145,2
2019-10-18 15:10:02,11145,11145,11145,2
2019-10-18 15:10:02,11145,11145,11145,10
2019-10-18 15:10:02,11145,11145,11145,20
2019-10-18 15:10:02,11145,11145,11145,2
2019-10-18 15:10:11,11145,11145,11145,2
2019-10-18 15:10:11,11145,11145,11145,2
2019-10-18 15:10:13,11144,11144,11144,2
2019-10-18 15:10:13,11144,11144,11144,2
2019-10-18 15:10:18,11144,11144,11144,2
2019-10-18 15:10:18,11144,11144,11144,6
2019-10-18 15:10:18,11144,11144,11144,2
2019-10-18 15:10:18,11144,11144,11144,2
2019-10-18 15:10:18,11144,11144,11144,2
2019-10-18 15:10:18,11144,11144,11144,10
2019-10-18 15:10:18,11144,11144,11144,4
2019-10-18 15:10:18,11144,11144,11144,6
2019-10-18 15:10:18,11144,11144,11144,2
2019-10-18 15:10:18,11144,11144,11144,24
2019-10-18 15:10:18,11144,11144,11144,2
2019-10-18 15:10:19,11145,11145,11145,2
2019-10-18 15:10:19,11144,11144,11144,2
2019-10-18 15:10:22,11144,11144,11144,2
2019-10-18 15:10:29,11144,11144,11144,6
2019-10-18 15:10:34,11144,11144,11144,2
2019-10-18 15:10:38,11144,11144,11144,2
2019-10-18 15:10:40,11144,11144,11144,2
2019-10-18 15:10:43,11144,11144,11144,2
2019-10-18 15:10:44,11144,11144,11144,2
2019-10-18 15:10:45,11144,11144,11144,4
2019-10-18 15:10:46,11144,11144,11144,2
2019-10-18 15:10:47,11143,11143,11143,2
2019-10-18 15:11:01,11143,11143,11143,2
2019-10-18 15:11:01,11143,11143,11143,2
2019-10-18 15:11:01,11143,11143,11143,2
2019-10-18 15:11:01,11143,11143,11143,20
2019-10-18 15:11:01,11143,11143,11143,2
2019-10-18 15:11:01,11143,11143,11143,2
2019-10-18 15:11:01,11143,11143,11143,2
2019-10-18 15:11:01,11143,11143,11143,10
2019-10-18 15:11:01,11143,11143,11143,4
2019-10-18 15:11:01,11143,11143,11143,2
2019-10-18 15:11:01,11143,11143,11143,12
2019-10-18 15:11:01,11143,11143,11143,2
2019-10-18 15:11:04,11142,11142,11142,2
2019-10-18 15:11:04,11142,11142,11142,2
2019-10-18 15:11:04,11143,11143,11143,2
2019-10-18 15:11:04,11142,11142,11142,2
2019-10-18 15:11:04,11142,11142,11142,2
2019-10-18 15:11:04,11142,11142,11142,2
2019-10-18 15:11:04,11142,11142,11142,2
2019-10-18 15:11:05,11141,11141,11141,2
2019-10-18 15:11:06,11142,11142,11142,2
2019-10-18 15:11:09,11143,11143,11143,2
2019-10-18 15:11:14,11142,11142,11142,6
2019-10-18 15:11:14,11142,11142,11142,6
2019-10-18 15:11:14,11141,11141,11141,2
2019-10-18 15:11:14,11141,11141,11141,2
2019-10-18 15:11:14,11141,11141,11141,2
2019-10-18 15:11:16,11142,11142,11142,2
2019-10-18 15:11:19,11142,11142,11142,2
2019-10-18 15:11:21,11142,11142,11142,2
2019-10-18 15:11:22,11142,11142,11142,2
2019-10-18 15:11:22,11142,11142,11142,2
2019-10-18 15:11:22,11142,11142,11142,8
2019-10-18 15:11:22,11142,11142,11142,4
2019-10-18 15:11:24,11142,11142,11142,2
2019-10-18 15:11:26,11143,11143,11143,4
2019-10-18 15:11:28,11143,11143,11143,2
2019-10-18 15:11:33,11144,11144,11144,4
2019-10-18 15:11:36,11143,11143,11143,2
2019-10-18 15:11:37,11143,11143,11143,2
2019-10-18 15:11:42,11143,11143,11143,2
2019-10-18 15:11:43,11143,11143,11143,2
2019-10-18 15:11:51,11143,11143,11143,2
2019-10-18 15:11:51,11143,11143,11143,2
2019-10-18 15:11:57,11143,11143,11143,2
2019-10-18 15:12:00,11142,11142,11142,2
2019-10-18 15:12:00,11142,11142,11142,2
2019-10-18 15:12:00,11142,11142,11142,2
2019-10-18 15:12:00,11142,11142,11142,2
2019-10-18 15:12:00,11142,11142,11142,2
2019-10-18 15:12:00,11142,11142,11142,4
2019-10-18 15:12:00,11142,11142,11142,2
2019-10-18 15:12:00,11142,11142,11142,4
2019-10-18 15:12:00,11142,11142,11142,16
2019-10-18 15:12:00,11142,11142,11142,2
2019-10-18 15:12:00,11142,11142,11142,2
2019-10-18 15:12:14,11141,11141,11141,4
2019-10-18 15:12:14,11141,11141,11141,2
2019-10-18 15:12:19,11141,11141,11141,2
2019-10-18 15:12:21,11141,11141,11141,2
2019-10-18 15:12:22,11141,11141,11141,2
2019-10-18 15:12:22,11141,11141,11141,2
2019-10-18 15:12:22,11141,11141,11141,2
2019-10-18 15:12:22,11141,11141,11141,2
2019-10-18 15:12:22,11141,11141,11141,20
2019-10-18 15:12:22,11141,11141,11141,2
2019-10-18 15:12:22,11141,11141,11141,4
2019-10-18 15:12:22,11141,11141,11141,4
2019-10-18 15:12:23,11141,11141,11141,2
2019-10-18 15:12:27,11141,11141,11141,2
2019-10-18 15:12:28,11141,11141,11141,2
2019-10-18 15:12:28,11140,11140,11140,2
2019-10-18 15:12:28,11140,11140,11140,2
2019-10-18 15:12:31,11141,11141,11141,2
2019-10-18 15:12:36,11140,11140,11140,4
2019-10-18 15:12:42,11140,11140,11140,2
2019-10-18 15:12:42,11140,11140,11140,2
2019-10-18 15:12:43,11141,11141,11141,2
2019-10-18 15:12:44,11140,11140,11140,2
2019-10-18 15:12:45,11140,11140,11140,2
2019-10-18 15:12:48,11140,11140,11140,2
2019-10-18 15:12:48,11141,11141,11141,2
2019-10-18 15:12:50,11140,11140,11140,4
2019-10-18 15:12:50,11140,11140,11140,4
2019-10-18 15:12:51,11140,11140,11140,2
2019-10-18 15:12:56,11140,11140,11140,2
2019-10-18 15:12:57,11140,11140,11140,2
2019-10-18 15:12:57,11140,11140,11140,2
2019-10-18 15:12:58,11140,11140,11140,2
2019-10-18 15:12:58,11140,11140,11140,2
2019-10-18 15:12:58,11140,11140,11140,2
2019-10-18 15:12:58,11140,11140,11140,10
2019-10-18 15:12:58,11140,11140,11140,4
2019-10-18 15:12:58,11140,11140,11140,2
2019-10-18 15:12:58,11140,11140,11140,4
2019-10-18 15:12:58,11140,11140,11140,2
2019-10-18 15:12:58,11140,11140,11140,2
2019-10-18 15:12:58,11140,11140,11140,10
2019-10-18 15:12:58,11140,11140,11140,2
2019-10-18 15:12:58,11140,11140,11140,2
2019-10-18 15:12:58,11140,11140,11140,2
2019-10-18 15:12:58,11140,11140,11140,2
2019-10-18 15:12:58,11140,11140,11140,2
2019-10-18 15:13:00,11140,11140,11140,2
2019-10-18 15:13:02,11140,11140,11140,20
2019-10-18 15:13:04,11140,11140,11140,4
2019-10-18 15:13:05,11140,11140,11140,2
2019-10-18 15:13:07,11139,11139,11139,2
2019-10-18 15:13:07,11139,11139,11139,8
2019-10-18 15:13:09,11139,11139,11139,2
2019-10-18 15:13:14,11139,11139,11139,2
2019-10-18 15:13:17,11139,11139,11139,2
2019-10-18 15:13:21,11139,11139,11139,6
2019-10-18 15:13:21,11139,11139,11139,2
2019-10-18 15:13:21,11139,11139,11139,4
2019-10-18 15:13:21,11139,11139,11139,2
2019-10-18 15:13:21,11139,11139,11139,2
2019-10-18 15:13:21,11139,11139,11139,2
2019-10-18 15:13:21,11139,11139,11139,2
2019-10-18 15:13:21,11139,11139,11139,2
2019-10-18 15:13:21,11139,11139,11139,8
2019-10-18 15:13:21,11139,11139,11139,2
2019-10-18 15:13:21,11139,11139,11139,2
2019-10-18 15:13:21,11139,11139,11139,2
2019-10-18 15:13:21,11139,11139,11139,2
2019-10-18 15:13:25,11138,11138,11138,2
2019-10-18 15:13:25,11139,11139,11139,20
2019-10-18 15:13:26,11138,11138,11138,2
2019-10-18 15:13:26,11138,11138,11138,2
2019-10-18 15:13:27,11139,11139,11139,28
2019-10-18 15:13:27,11139,11139,11139,10
2019-10-18 15:13:27,11139,11139,11139,8
2019-10-18 15:13:27,11139,11139,11139,2
2019-10-18 15:13:27,11139,11139,11139,2
2019-10-18 15:13:27,11139,11139,11139,14
2019-10-18 15:13:27,11138,11138,11138,2
2019-10-18 15:13:27,11138,11138,11138,2
2019-10-18 15:13:27,11138,11138,11138,2
2019-10-18 15:13:27,11138,11138,11138,2
2019-10-18 15:13:29,11138,11138,11138,2
2019-10-18 15:13:29,11138,11138,11138,2
2019-10-18 15:13:29,11138,11138,11138,2
2019-10-18 15:13:29,11138,11138,11138,2
2019-10-18 15:13:29,11138,11138,11138,2
2019-10-18 15:13:30,11138,11138,11138,2
2019-10-18 15:13:31,11138,11138,11138,2
2019-10-18 15:13:32,11138,11138,11138,2
2019-10-18 15:13:33,11138,11138,11138,4
2019-10-18 15:13:34,11138,11138,11138,2
2019-10-18 15:13:34,11138,11138,11138,2
2019-10-18 15:13:35,11138,11138,11138,2
2019-10-18 15:13:35,11138,11138,11138,2
2019-10-18 15:13:35,11138,11138,11138,2
2019-10-18 15:13:35,11138,11138,11138,2
2019-10-18 15:13:35,11138,11138,11138,2
2019-10-18 15:13:37,11138,11138,11138,30
2019-10-18 15:13:39,11138,11138,11138,6
2019-10-18 15:13:42,11138,11138,11138,2
2019-10-18 15:13:42,11138,11138,11138,14
2019-10-18 15:13:44,11138,11138,11138,2
2019-10-18 15:13:44,11138,11138,11138,2
2019-10-18 15:13:49,11138,11138,11138,2
2019-10-18 15:13:49,11138,11138,11138,2
2019-10-18 15:13:49,11138,11138,11138,2
2019-10-18 15:13:51,11139,11139,11139,2
2019-10-18 15:13:52,11139,11139,11139,2
2019-10-18 15:13:53,11138,11138,11138,2
2019-10-18 15:13:53,11138,11138,11138,4
2019-10-18 15:13:53,11138,11138,11138,2
2019-10-18 15:13:53,11138,11138,11138,2
2019-10-18 15:13:53,11138,11138,11138,2
2019-10-18 15:13:54,11138,11138,11138,2
2019-10-18 15:13:54,11138,11138,11138,2
2019-10-18 15:13:55,11138,11138,11138,2
2019-10-18 15:13:57,11138,11138,11138,2
2019-10-18 15:13:58,11139,11139,11139,2
2019-10-18 15:13:58,11139,11139,11139,2
2019-10-18 15:14:00,11138,11138,11138,2
2019-10-18 15:14:01,11138,11138,11138,4
2019-10-18 15:14:02,11138,11138,11138,6
2019-10-18 15:14:02,11138,11138,11138,2
2019-10-18 15:14:02,11138,11138,11138,2
2019-10-18 15:14:02,11139,11139,11139,2
2019-10-18 15:14:02,11139,11139,11139,2
2019-10-18 15:14:02,11138,11138,11138,2
2019-10-18 15:14:03,11139,11139,11139,2
2019-10-18 15:14:06,11139,11139,11139,2
2019-10-18 15:14:07,11140,11140,11140,4
2019-10-18 15:14:09,11139,11139,11139,2
2019-10-18 15:14:09,11139,11139,11139,2
2019-10-18 15:14:09,11139,11139,11139,2
2019-10-18 15:14:13,11139,11139,11139,8
2019-10-18 15:14:15,11139,11139,11139,2
2019-10-18 15:14:22,11140,11140,11140,2
2019-10-18 15:14:26,11139,11139,11139,4
2019-10-18 15:14:26,11139,11139,11139,2
2019-10-18 15:14:27,11139,11139,11139,2
2019-10-18 15:14:28,11139,11139,11139,2
2019-10-18 15:14:28,11139,11139,11139,2
2019-10-18 15:14:28,11139,11139,11139,2
2019-10-18 15:14:28,11139,11139,11139,2
2019-10-18 15:14:28,11140,11140,11140,6
2019-10-18 15:14:34,11140,11140,11140,2
2019-10-18 15:14:36,11140,11140,11140,2
2019-10-18 15:14:36,11140,11140,11140,12
2019-10-18 15:14:37,11140,11140,11140,2
2019-10-18 15:14:40,11140,11140,11140,2
2019-10-18 15:14:54,11140,11140,11140,2
2019-10-18 15:14:54,11140,11140,11140,2
2019-10-18 15:14:54,11140,11140,11140,2
2019-10-18 15:14:55,11140,11140,11140,2
2019-10-18 15:14:58,11140,11140,11140,4
2019-10-18 15:15:00,11140,11140,11140,2
2019-10-18 15:15:00,11139,11139,11139,6
2019-10-18 15:15:00,11139,11139,11139,2
2019-10-18 15:15:00,11139,11139,11139,2
2019-10-18 15:15:00,11139,11139,11139,8
2019-10-18 15:15:00,11139,11139,11139,2
2019-10-18 15:15:03,11140,11140,11140,4
2019-10-18 15:15:03,11141,11141,11141,4
2019-10-18 15:15:03,11141,11141,11141,4
2019-10-18 15:15:03,11141,11141,11141,2
2019-10-18 15:15:03,11141,11141,11141,4
2019-10-18 15:15:03,11139,11139,11139,2
2019-10-18 15:15:16,11140,11140,11140,2
2019-10-18 15:15:24,11140,11140,11140,2
2019-10-18 15:15:31,11140,11140,11140,2
2019-10-18 15:15:32,11140,11140,11140,4
2019-10-18 15:15:32,11140,11140,11140,2
2019-10-18 15:15:32,11140,11140,11140,8
2019-10-18 15:15:32,11140,11140,11140,2
2019-10-18 15:15:32,11140,11140,11140,2
2019-10-18 15:15:32,11140,11140,11140,2
2019-10-18 15:15:33,11140,11140,11140,2
2019-10-18 15:15:34,11139,11139,11139,2
2019-10-18 15:15:34,11139,11139,11139,2
2019-10-18 15:15:34,11139,11139,11139,2
2019-10-18 15:15:34,11139,11139,11139,2
2019-10-18 15:15:34,11139,11139,11139,2
2019-10-18 15:15:37,11139,11139,11139,2
2019-10-18 15:15:37,11139,11139,11139,2
2019-10-18 15:15:37,11139,11139,11139,2
2019-10-18 15:15:37,11139,11139,11139,2
2019-10-18 15:15:37,11139,11139,11139,2
2019-10-18 15:15:37,11139,11139,11139,2
2019-10-18 15:15:37,11139,11139,11139,2
2019-10-18 15:15:44,11139,11139,11139,2
2019-10-18 15:15:50,11139,11139,11139,2
2019-10-18 15:15:53,11139,11139,11139,2
2019-10-18 15:15:58,11139,11139,11139,2
2019-10-18 15:16:05,11139,11139,11139,2
2019-10-18 15:16:05,11139,11139,11139,2
2019-10-18 15:16:06,11139,11139,11139,2
2019-10-18 15:16:13,11139,11139,11139,2
2019-10-18 15:16:13,11139,11139,11139,2
2019-10-18 15:16:18,11140,11140,11140,16
2019-10-18 15:16:19,11141,11141,11141,2
2019-10-18 15:16:20,11140,11140,11140,4
2019-10-18 15:16:36,11139,11139,11139,2
2019-10-18 15:16:36,11139,11139,11139,12
2019-10-18 15:16:36,11139,11139,11139,2
2019-10-18 15:16:36,11139,11139,11139,2
2019-10-18 15:16:36,11139,11139,11139,2
2019-10-18 15:16:36,11139,11139,11139,2
2019-10-18 15:16:36,11139,11139,11139,2
2019-10-18 15:16:36,11139,11139,11139,8
2019-10-18 15:16:36,11139,11139,11139,4
2019-10-18 15:16:36,11139,11139,11139,4
2019-10-18 15:16:36,11138,11138,11138,2
2019-10-18 15:16:40,11138,11138,11138,2
2019-10-18 15:16:40,11138,11138,11138,8
2019-10-18 15:16:45,11139,11139,11139,4
2019-10-18 15:16:48,11139,11139,11139,6
2019-10-18 15:16:49,11138,11138,11138,2
2019-10-18 15:16:49,11138,11138,11138,2
2019-10-18 15:16:49,11138,11138,11138,4
2019-10-18 15:16:51,11139,11139,11139,6
2019-10-18 15:16:51,11139,11139,11139,4
2019-10-18 15:16:54,11138,11138,11138,14
2019-10-18 15:16:54,11138,11138,11138,2
2019-10-18 15:16:54,11138,11138,11138,2
2019-10-18 15:16:54,11138,11138,11138,2
2019-10-18 15:16:54,11138,11138,11138,2
2019-10-18 15:16:54,11138,11138,11138,6
2019-10-18 15:16:54,11138,11138,11138,2
2019-10-18 15:16:54,11138,11138,11138,4
2019-10-18 15:16:54,11138,11138,11138,2
2019-10-18 15:16:54,11138,11138,11138,2
2019-10-18 15:16:54,11138,11138,11138,2
2019-10-18 15:16:54,11138,11138,11138,2
2019-10-18 15:16:54,11138,11138,11138,2
2019-10-18 15:16:54,11138,11138,11138,4
2019-10-18 15:16:54,11138,11138,11138,2
2019-10-18 15:16:54,11138,11138,11138,2
2019-10-18 15:16:54,11138,11138,11138,18
2019-10-18 15:16:54,11138,11138,11138,2
2019-10-18 15:16:54,11137,11137,11137,2
2019-10-18 15:16:54,11137,11137,11137,2
2019-10-18 15:16:54,11138,11138,11138,2
2019-10-18 15:16:58,11138,11138,11138,2
2019-10-18 15:16:59,11137,11137,11137,2
2019-10-18 15:17:00,11138,11138,11138,20
2019-10-18 15:17:07,11137,11137,11137,2
2019-10-18 15:17:07,11137,11137,11137,2
2019-10-18 15:17:08,11137,11137,11137,2
2019-10-18 15:17:09,11137,11137,11137,2
2019-10-18 15:17:13,11137,11137,11137,2
2019-10-18 15:17:13,11137,11137,11137,4
2019-10-18 15:17:13,11137,11137,11137,4
2019-10-18 15:17:13,11137,11137,11137,4
2019-10-18 15:17:13,11137,11137,11137,4
2019-10-18 15:17:13,11137,11137,11137,2
2019-10-18 15:17:13,11137,11137,11137,2
2019-10-18 15:17:13,11137,11137,11137,4
2019-10-18 15:17:13,11137,11137,11137,2
2019-10-18 15:17:13,11137,11137,11137,2
2019-10-18 15:17:13,11137,11137,11137,2
2019-10-18 15:17:13,11137,11137,11137,2
2019-10-18 15:17:13,11137,11137,11137,6
2019-10-18 15:17:13,11137,11137,11137,10
2019-10-18 15:17:13,11137,11137,11137,2
2019-10-18 15:17:13,11137,11137,11137,2
2019-10-18 15:17:13,11137,11137,11137,2
2019-10-18 15:17:13,11136,11136,11136,4
2019-10-18 15:17:13,11136,11136,11136,2
2019-10-18 15:17:13,11136,11136,11136,2
2019-10-18 15:17:13,11136,11136,11136,2
2019-10-18 15:17:13,11136,11136,11136,2
2019-10-18 15:17:13,11136,11136,11136,2
2019-10-18 15:17:13,11136,11136,11136,2
2019-10-18 15:17:13,11136,11136,11136,8
2019-10-18 15:17:13,11136,11136,11136,2
2019-10-18 15:17:13,11136,11136,11136,8
2019-10-18 15:17:13,11136,11136,11136,2
2019-10-18 15:17:13,11136,11136,11136,4
2019-10-18 15:17:13,11136,11136,11136,2
2019-10-18 15:17:13,11136,11136,11136,2
2019-10-18 15:17:13,11136,11136,11136,2
2019-10-18 15:17:13,11136,11136,11136,10
2019-10-18 15:17:13,11136,11136,11136,2
2019-10-18 15:17:13,11136,11136,11136,10
2019-10-18 15:17:13,11136,11136,11136,10
2019-10-18 15:17:14,11137,11137,11137,2
2019-10-18 15:17:16,11136,11136,11136,10
2019-10-18 15:17:16,11136,11136,11136,2
2019-10-18 15:17:16,11135,11135,11135,20
2019-10-18 15:17:16,11135,11135,11135,4
2019-10-18 15:17:16,11135,11135,11135,4
2019-10-18 15:17:16,11135,11135,11135,2
2019-10-18 15:17:16,11135,11135,11135,4
2019-10-18 15:17:16,11135,11135,11135,4
2019-10-18 15:17:16,11135,11135,11135,2
2019-10-18 15:17:19,11135,11135,11135,2
2019-10-18 15:17:19,11135,11135,11135,2
2019-10-18 15:17:19,11135,11135,11135,2
2019-10-18 15:17:19,11135,11135,11135,2
2019-10-18 15:17:19,11135,11135,11135,2
2019-10-18 15:17:19,11135,11135,11135,2
2019-10-18 15:17:19,11135,11135,11135,2
2019-10-18 15:17:19,11135,11135,11135,2
2019-10-18 15:17:19,11135,11135,11135,2
2019-10-18 15:17:19,11135,11135,11135,2
2019-10-18 15:17:19,11135,11135,11135,2
2019-10-18 15:17:19,11135,11135,11135,2
2019-10-18 15:17:19,11135,11135,11135,2
2019-10-18 15:17:22,11135,11135,11135,2
2019-10-18 15:17:22,11135,11135,11135,2
2019-10-18 15:17:22,11135,11135,11135,4
2019-10-18 15:17:24,11135,11135,11135,2
2019-10-18 15:17:24,11135,11135,11135,2
2019-10-18 15:17:25,11135,11135,11135,10
2019-10-18 15:17:25,11135,11135,11135,4
2019-10-18 15:17:25,11135,11135,11135,2
2019-10-18 15:17:26,11135,11135,11135,2
2019-10-18 15:17:26,11135,11135,11135,2
2019-10-18 15:17:26,11135,11135,11135,4
2019-10-18 15:17:27,11135,11135,11135,2
2019-10-18 15:17:27,11135,11135,11135,6
2019-10-18 15:17:27,11135,11135,11135,2
2019-10-18 15:17:28,11135,11135,11135,2
2019-10-18 15:17:31,11135,11135,11135,2
2019-10-18 15:17:31,11135,11135,11135,2
2019-10-18 15:17:31,11135,11135,11135,4
2019-10-18 15:17:32,11135,11135,11135,2
2019-10-18 15:17:32,11135,11135,11135,4
2019-10-18 15:17:34,11135,11135,11135,2
2019-10-18 15:17:34,11134,11134,11134,2
2019-10-18 15:17:34,11134,11134,11134,2
2019-10-18 15:17:36,11135,11135,11135,2
2019-10-18 15:17:39,11135,11135,11135,6
2019-10-18 15:17:40,11135,11135,11135,2
2019-10-18 15:17:41,11135,11135,11135,4
2019-10-18 15:17:44,11135,11135,11135,2
2019-10-18 15:17:44,11135,11135,11135,2
2019-10-18 15:17:44,11135,11135,11135,4
2019-10-18 15:17:45,11135,11135,11135,2
2019-10-18 15:17:45,11135,11135,11135,2
2019-10-18 15:17:45,11135,11135,11135,2
2019-10-18 15:17:45,11135,11135,11135,2
2019-10-18 15:17:45,11135,11135,11135,10
2019-10-18 15:17:45,11135,11135,11135,2
2019-10-18 15:17:46,11135,11135,11135,2
2019-10-18 15:17:46,11136,11136,11136,2
2019-10-18 15:17:47,11136,11136,11136,4
2019-10-18 15:17:51,11136,11136,11136,2
2019-10-18 15:17:52,11136,11136,11136,2
2019-10-18 15:17:58,11136,11136,11136,2
2019-10-18 15:17:59,11136,11136,11136,2
2019-10-18 15:17:59,11136,11136,11136,2
2019-10-18 15:17:59,11136,11136,11136,2
2019-10-18 15:17:59,11135,11135,11135,2
2019-10-18 15:17:59,11135,11135,11135,2
2019-10-18 15:18:00,11136,11136,11136,2
2019-10-18 15:18:00,11136,11136,11136,2
2019-10-18 15:18:10,11136,11136,11136,26
2019-10-18 15:18:11,11136,11136,11136,6
2019-10-18 15:18:14,11135,11135,11135,2
2019-10-18 15:18:15,11136,11136,11136,4
2019-10-18 15:18:15,11136,11136,11136,2
2019-10-18 15:18:15,11136,11136,11136,8
2019-10-18 15:18:17,11136,11136,11136,2
2019-10-18 15:18:17,11136,11136,11136,2
2019-10-18 15:18:18,11136,11136,11136,2
2019-10-18 15:18:21,11136,11136,11136,2
2019-10-18 15:18:22,11137,11137,11137,24
2019-10-18 15:18:24,11137,11137,11137,4
2019-10-18 15:18:24,11138,11138,11138,2
2019-10-18 15:18:24,11138,11138,11138,2
2019-10-18 15:18:30,11137,11137,11137,6
2019-10-18 15:18:30,11137,11137,11137,4
2019-10-18 15:18:31,11138,11138,11138,2
2019-10-18 15:18:36,11137,11137,11137,2
2019-10-18 15:18:36,11137,11137,11137,6
2019-10-18 15:18:36,11137,11137,11137,2
2019-10-18 15:18:36,11137,11137,11137,10
2019-10-18 15:18:36,11137,11137,11137,2
2019-10-18 15:18:36,11137,11137,11137,2
2019-10-18 15:18:36,11137,11137,11137,2
2019-10-18 15:18:36,11137,11137,11137,2
2019-10-18 15:18:36,11137,11137,11137,2
2019-10-18 15:18:36,11137,11137,11137,10
2019-10-18 15:18:36,11137,11137,11137,10
2019-10-18 15:18:37,11137,11137,11137,2
2019-10-18 15:18:37,11137,11137,11137,2
2019-10-18 15:18:41,11137,11137,11137,2
2019-10-18 15:18:45,11137,11137,11137,2
2019-10-18 15:18:46,11137,11137,11137,2
2019-10-18 15:18:47,11137,11137,11137,2
2019-10-18 15:18:49,11137,11137,11137,2
2019-10-18 15:18:49,11137,11137,11137,2
2019-10-18 15:18:49,11137,11137,11137,2
2019-10-18 15:18:49,11137,11137,11137,2
2019-10-18 15:18:49,11137,11137,11137,2
2019-10-18 15:18:49,11137,11137,11137,2
2019-10-18 15:18:49,11137,11137,11137,2
2019-10-18 15:18:49,11137,11137,11137,2
2019-10-18 15:18:49,11137,11137,11137,2
2019-10-18 15:18:49,11137,11137,11137,2
2019-10-18 15:18:49,11137,11137,11137,6
2019-10-18 15:18:50,11137,11137,11137,2
2019-10-18 15:18:50,11137,11137,11137,2
2019-10-18 15:18:50,11137,11137,11137,4
2019-10-18 15:18:50,11137,11137,11137,2
2019-10-18 15:18:51,11137,11137,11137,2
2019-10-18 15:18:51,11137,11137,11137,2
2019-10-18 15:19:09,11137,11137,11137,2
2019-10-18 15:19:09,11137,11137,11137,2
2019-10-18 15:19:10,11137,11137,11137,2
2019-10-18 15:19:10,11137,11137,11137,2
2019-10-18 15:19:16,11137,11137,11137,2
2019-10-18 15:19:16,11137,11137,11137,2
2019-10-18 15:19:25,11137,11137,11137,2
2019-10-18 15:19:25,11137,11137,11137,4
2019-10-18 15:19:25,11137,11137,11137,2
2019-10-18 15:19:25,11137,11137,11137,6
2019-10-18 15:19:25,11137,11137,11137,2
2019-10-18 15:19:25,11137,11137,11137,2
2019-10-18 15:19:28,11136,11136,11136,4
2019-10-18 15:19:33,11136,11136,11136,2
2019-10-18 15:19:39,11137,11137,11137,16
2019-10-18 15:19:41,11137,11137,11137,6
2019-10-18 15:19:41,11136,11136,11136,2
2019-10-18 15:19:41,11137,11137,11137,2
2019-10-18 15:19:45,11136,11136,11136,2
2019-10-18 15:19:46,11136,11136,11136,4
2019-10-18 15:19:46,11136,11136,11136,4
2019-10-18 15:19:46,11136,11136,11136,8
2019-10-18 15:19:46,11136,11136,11136,2
2019-10-18 15:19:46,11136,11136,11136,8
2019-10-18 15:19:46,11136,11136,11136,10
2019-10-18 15:19:46,11136,11136,11136,2
2019-10-18 15:19:46,11136,11136,11136,2
2019-10-18 15:19:46,11136,11136,11136,2
2019-10-18 15:19:46,11136,11136,11136,2
2019-10-18 15:19:46,11136,11136,11136,2
2019-10-18 15:19:46,11136,11136,11136,4
2019-10-18 15:19:51,11137,11137,11137,28
2019-10-18 15:19:54,11137,11137,11137,2
2019-10-18 15:19:54,11137,11137,11137,2
2019-10-18 15:19:56,11137,11137,11137,2
2019-10-18 15:19:57,11136,11136,11136,2
2019-10-18 15:19:57,11136,11136,11136,2
2019-10-18 15:20:02,11136,11136,11136,2
2019-10-18 15:20:02,11136,11136,11136,2
2019-10-18 15:20:02,11135,11135,11135,2
2019-10-18 15:20:02,11135,11135,11135,2
2019-10-18 15:20:03,11136,11136,11136,2
2019-10-18 15:20:04,11136,11136,11136,2
2019-10-18 15:20:09,11135,11135,11135,2
2019-10-18 15:20:14,11136,11136,11136,2
2019-10-18 15:20:20,11136,11136,11136,2
2019-10-18 15:20:21,11136,11136,11136,2
2019-10-18 15:20:21,11136,11136,11136,2
2019-10-18 15:20:22,11136,11136,11136,2
2019-10-18 15:20:26,11136,11136,11136,2
2019-10-18 15:20:39,11137,11137,11137,2
2019-10-18 15:20:41,11136,11136,11136,4
2019-10-18 15:20:45,11137,11137,11137,2
2019-10-18 15:20:47,11137,11137,11137,4
2019-10-18 15:20:47,11137,11137,11137,2
2019-10-18 15:20:49,11136,11136,11136,2
2019-10-18 15:20:52,11137,11137,11137,2
2019-10-18 15:20:52,11137,11137,11137,2
2019-10-18 15:21:18,11137,11137,11137,2
2019-10-18 15:21:27,11138,11138,11138,2
2019-10-18 15:21:41,11138,11138,11138,2
2019-10-18 15:21:47,11138,11138,11138,2
2019-10-18 15:21:53,11138,11138,11138,2
2019-10-18 15:22:22,11138,11138,11138,2
2019-10-18 15:22:31,11138,11138,11138,44
2019-10-18 15:22:31,11139,11139,11139,72
2019-10-18 15:22:31,11138,11138,11138,2
2019-10-18 15:22:31,11138,11138,11138,2
2019-10-18 15:22:32,11139,11139,11139,4
2019-10-18 15:22:41,11139,11139,11139,2
2019-10-18 15:22:46,11139,11139,11139,4
2019-10-18 15:22:47,11139,11139,11139,2
2019-10-18 15:22:48,11139,11139,11139,2
2019-10-18 15:22:49,11139,11139,11139,2
2019-10-18 15:23:01,11139,11139,11139,44
2019-10-18 15:23:01,11140,11140,11140,68
2019-10-18 15:23:04,11140,11140,11140,2
2019-10-18 15:23:05,11139,11139,11139,2
2019-10-18 15:23:05,11139,11139,11139,2
2019-10-18 15:23:05,11139,11139,11139,2
2019-10-18 15:23:13,11139,11139,11139,2
2019-10-18 15:23:13,11140,11140,11140,20
2019-10-18 15:23:13,11141,11141,11141,50
2019-10-18 15:23:13,11141,11141,11141,2
2019-10-18 15:23:14,11141,11141,11141,10
2019-10-18 15:23:19,11141,11141,11141,6
2019-10-18 15:23:19,11141,11141,11141,8
2019-10-18 15:23:20,11141,11141,11141,8
2019-10-18 15:23:21,11140,11140,11140,4
2019-10-18 15:23:21,11140,11140,11140,2
2019-10-18 15:23:21,11140,11140,11140,10
2019-10-18 15:23:21,11140,11140,11140,6
2019-10-18 15:23:21,11140,11140,11140,6
2019-10-18 15:23:21,11140,11140,11140,4
2019-10-18 15:23:21,11140,11140,11140,2
2019-10-18 15:23:21,11140,11140,11140,10
2019-10-18 15:23:21,11140,11140,11140,4
2019-10-18 15:23:21,11140,11140,11140,2
2019-10-18 15:23:21,11140,11140,11140,16
2019-10-18 15:23:24,11139,11139,11139,2
2019-10-18 15:23:24,11139,11139,11139,2
2019-10-18 15:23:24,11139,11139,11139,2
2019-10-18 15:23:24,11139,11139,11139,2
2019-10-18 15:23:27,11139,11139,11139,2
2019-10-18 15:23:28,11140,11140,11140,2
2019-10-18 15:23:33,11141,11141,11141,2
2019-10-18 15:23:43,11141,11141,11141,4
2019-10-18 15:23:48,11141,11141,11141,2
2019-10-18 15:23:51,11140,11140,11140,2
2019-10-18 15:23:57,11141,11141,11141,2
2019-10-18 15:24:02,11141,11141,11141,2
2019-10-18 15:24:08,11141,11141,11141,4
2019-10-18 15:24:09,11141,11141,11141,4
2019-10-18 15:24:10,11141,11141,11141,2
2019-10-18 15:24:10,11140,11140,11140,2
2019-10-18 15:24:10,11140,11140,11140,2
2019-10-18 15:24:10,11140,11140,11140,2
2019-10-18 15:24:10,11140,11140,11140,16
2019-10-18 15:24:10,11140,11140,11140,6
2019-10-18 15:24:10,11140,11140,11140,10
2019-10-18 15:24:10,11140,11140,11140,2
2019-10-18 15:24:10,11140,11140,11140,6
2019-10-18 15:24:10,11140,11140,11140,2
2019-10-18 15:24:10,11140,11140,11140,6
2019-10-18 15:24:10,11140,11140,11140,4
2019-10-18 15:24:11,11140,11140,11140,2
2019-10-18 15:24:16,11140,11140,11140,2
2019-10-18 15:24:17,11140,11140,11140,2
2019-10-18 15:24:25,11140,11140,11140,2
2019-10-18 15:24:33,11140,11140,11140,2
2019-10-18 15:24:36,11140,11140,11140,2
2019-10-18 15:25:03,11141,11141,11141,2
2019-10-18 15:25:03,11140,11140,11140,2
2019-10-18 15:25:13,11140,11140,11140,2
2019-10-18 15:25:15,11141,11141,11141,2
2019-10-18 15:25:20,11141,11141,11141,2
2019-10-18 15:25:21,11140,11140,11140,2
2019-10-18 15:25:38,11141,11141,11141,38
2019-10-18 15:25:38,11141,11141,11141,16
2019-10-18 15:25:39,11141,11141,11141,2
2019-10-18 15:25:49,11141,11141,11141,2
2019-10-18 15:25:56,11141,11141,11141,2
2019-10-18 15:26:01,11142,11142,11142,2
2019-10-18 15:26:01,11142,11142,11142,2
2019-10-18 15:26:04,11142,11142,11142,16
2019-10-18 15:26:04,11142,11142,11142,6
2019-10-18 15:26:33,11143,11143,11143,2
2019-10-18 15:26:33,11143,11143,11143,2
2019-10-18 15:26:33,11143,11143,11143,4
2019-10-18 15:26:35,11143,11143,11143,2
2019-10-18 15:26:39,11143,11143,11143,2
2019-10-18 15:26:40,11143,11143,11143,4
2019-10-18 15:26:41,11143,11143,11143,4
2019-10-18 15:26:43,11143,11143,11143,2
2019-10-18 15:26:43,11143,11143,11143,6
2019-10-18 15:26:44,11143,11143,11143,8
2019-10-18 15:26:45,11143,11143,11143,4
2019-10-18 15:26:45,11144,11144,11144,2
2019-10-18 15:26:47,11143,11143,11143,2
2019-10-18 15:26:48,11143,11143,11143,2
2019-10-18 15:26:48,11143,11143,11143,2
2019-10-18 15:26:48,11143,11143,11143,2
2019-10-18 15:26:48,11143,11143,11143,2
2019-10-18 15:26:50,11144,11144,11144,14
2019-10-18 15:26:50,11144,11144,11144,16
2019-10-18 15:26:50,11144,11144,11144,14
2019-10-18 15:26:50,11144,11144,11144,10
2019-10-18 15:26:51,11144,11144,11144,6
2019-10-18 15:26:51,11143,11143,11143,2
2019-10-18 15:26:52,11143,11143,11143,2
2019-10-18 15:26:54,11143,11143,11143,2
2019-10-18 15:26:55,11144,11144,11144,2
2019-10-18 15:27:02,11143,11143,11143,2
2019-10-18 15:27:22,11144,11144,11144,2
2019-10-18 15:27:25,11144,11144,11144,14
2019-10-18 15:27:25,11144,11144,11144,6
2019-10-18 15:27:28,11144,11144,11144,6
2019-10-18 15:27:28,11144,11144,11144,10
2019-10-18 15:27:28,11145,11145,11145,2
2019-10-18 15:27:31,11145,11145,11145,32
2019-10-18 15:27:33,11145,11145,11145,4
2019-10-18 15:27:33,11145,11145,11145,2
2019-10-18 15:27:35,11145,11145,11145,2
2019-10-18 15:27:38,11145,11145,11145,2
2019-10-18 15:27:41,11146,11146,11146,2
2019-10-18 15:27:42,11145,11145,11145,2
2019-10-18 15:27:42,11146,11146,11146,8
2019-10-18 15:27:46,11145,11145,11145,2
2019-10-18 15:27:47,11146,11146,11146,2
2019-10-18 15:27:48,11145,11145,11145,2
2019-10-18 15:27:53,11146,11146,11146,4
2019-10-18 15:27:55,11146,11146,11146,2
2019-10-18 15:27:55,11146,11146,11146,2
2019-10-18 15:28:02,11146,11146,11146,12
2019-10-18 15:28:02,11146,11146,11146,2
2019-10-18 15:28:06,11146,11146,11146,2
2019-10-18 15:28:13,11146,11146,11146,2
2019-10-18 15:28:14,11146,11146,11146,2
2019-10-18 15:28:14,11146,11146,11146,2
2019-10-18 15:28:18,11146,11146,11146,2
2019-10-18 15:28:18,11145,11145,11145,4
2019-10-18 15:28:20,11146,11146,11146,2
2019-10-18 15:28:24,11146,11146,11146,2
2019-10-18 15:28:25,11146,11146,11146,6
2019-10-18 15:28:26,11145,11145,11145,4
2019-10-18 15:28:26,11145,11145,11145,2
2019-10-18 15:28:37,11145,11145,11145,8
2019-10-18 15:28:37,11145,11145,11145,2
2019-10-18 15:28:37,11145,11145,11145,2
2019-10-18 15:28:37,11145,11145,11145,2
2019-10-18 15:28:37,11145,11145,11145,2
2019-10-18 15:28:37,11145,11145,11145,2
2019-10-18 15:28:37,11145,11145,11145,2
2019-10-18 15:28:37,11145,11145,11145,4
2019-10-18 15:28:37,11145,11145,11145,2
2019-10-18 15:28:37,11145,11145,11145,6
2019-10-18 15:28:37,11145,11145,11145,2
2019-10-18 15:28:37,11145,11145,11145,2
2019-10-18 15:28:37,11145,11145,11145,2
2019-10-18 15:28:37,11145,11145,11145,2
2019-10-18 15:28:42,11145,11145,11145,6
2019-10-18 15:28:58,11144,11144,11144,2
2019-10-18 15:28:59,11145,11145,11145,2
2019-10-18 15:29:02,11145,11145,11145,2
2019-10-18 15:29:20,11145,11145,11145,2
2019-10-18 15:29:23,11144,11144,11144,2
2019-10-18 15:29:26,11144,11144,11144,4
2019-10-18 15:29:26,11144,11144,11144,4
2019-10-18 15:29:26,11144,11144,11144,2
2019-10-18 15:29:26,11144,11144,11144,2
2019-10-18 15:29:26,11143,11143,11143,2
2019-10-18 15:29:26,11144,11144,11144,2
2019-10-18 15:29:26,11144,11144,11144,2
2019-10-18 15:29:27,11144,11144,11144,2
2019-10-18 15:29:28,11144,11144,11144,2
2019-10-18 15:29:28,11143,11143,11143,4
2019-10-18 15:29:28,11143,11143,11143,2
2019-10-18 15:29:28,11143,11143,11143,2
2019-10-18 15:29:28,11142,11142,11142,2
2019-10-18 15:29:28,11142,11142,11142,2
2019-10-18 15:29:30,11142,11142,11142,8
2019-10-18 15:29:30,11142,11142,11142,4
2019-10-18 15:29:31,11143,11143,11143,2
2019-10-18 15:29:31,11143,11143,11143,2
2019-10-18 15:29:31,11143,11143,11143,2
2019-10-18 15:29:32,11143,11143,11143,2
2019-10-18 15:29:32,11143,11143,11143,2
2019-10-18 15:29:33,11142,11142,11142,2
2019-10-18 15:29:33,11142,11142,11142,2
2019-10-18 15:29:33,11142,11142,11142,2
2019-10-18 15:29:33,11142,11142,11142,2
2019-10-18 15:29:33,11142,11142,11142,2
2019-10-18 15:29:35,11142,11142,11142,4
2019-10-18 15:29:35,11142,11142,11142,2
2019-10-18 15:29:35,11142,11142,11142,2
2019-10-18 15:29:37,11142,11142,11142,2
2019-10-18 15:29:45,11143,11143,11143,2
2019-10-18 15:29:56,11144,11144,11144,4
2019-10-18 15:29:59,11144,11144,11144,8
2019-10-18 15:30:04,11145,11145,11145,2
2019-10-18 15:30:04,11144,11144,11144,2
2019-10-18 15:30:14,11144,11144,11144,2
2019-10-18 15:30:18,11144,11144,11144,2
2019-10-18 15:30:19,11144,11144,11144,2
2019-10-18 15:30:21,11145,11145,11145,2
2019-10-18 15:30:23,11144,11144,11144,2
2019-10-18 15:30:24,11144,11144,11144,2
2019-10-18 15:30:36,11145,11145,11145,2
2019-10-18 15:30:38,11145,11145,11145,2
2019-10-18 15:30:43,11145,11145,11145,2
2019-10-18 15:30:57,11145,11145,11145,4
2019-10-18 15:31:01,11145,11145,11145,4
2019-10-18 15:31:18,11145,11145,11145,2
2019-10-18 15:31:22,11145,11145,11145,2
2019-10-18 15:31:22,11145,11145,11145,2
2019-10-18 15:31:24,11144,11144,11144,2
2019-10-18 15:31:25,11144,11144,11144,2
2019-10-18 15:31:25,11144,11144,11144,2
2019-10-18 15:31:26,11145,11145,11145,2
2019-10-18 15:31:37,11144,11144,11144,6
2019-10-18 15:31:40,11144,11144,11144,2
2019-10-18 15:31:42,11144,11144,11144,6
2019-10-18 15:31:42,11144,11144,11144,4
2019-10-18 15:31:42,11144,11144,11144,2
2019-10-18 15:31:47,11144,11144,11144,2
2019-10-18 15:31:51,11144,11144,11144,2
2019-10-18 15:31:53,11144,11144,11144,2
2019-10-18 15:31:58,11144,11144,11144,2
2019-10-18 15:32:06,11143,11143,11143,2
2019-10-18 15:32:29,11143,11143,11143,2
2019-10-18 15:32:34,11143,11143,11143,2
2019-10-18 15:32:34,11143,11143,11143,2
2019-10-18 15:32:34,11143,11143,11143,2
2019-10-18 15:32:42,11143,11143,11143,4
2019-10-18 15:32:49,11144,11144,11144,12
2019-10-18 15:32:49,11144,11144,11144,4
2019-10-18 15:33:00,11145,11145,11145,8
2019-10-18 15:33:00,11145,11145,11145,24
2019-10-18 15:33:00,11145,11145,11145,26
2019-10-18 15:33:02,11146,11146,11146,8
2019-10-18 15:33:04,11146,11146,11146,24
2019-10-18 15:33:05,11146,11146,11146,2
2019-10-18 15:33:05,11146,11146,11146,2
2019-10-18 15:33:06,11145,11145,11145,4
2019-10-18 15:33:07,11146,11146,11146,2
2019-10-18 15:33:09,11146,11146,11146,2
2019-10-18 15:33:09,11146,11146,11146,2
2019-10-18 15:33:22,11147,11147,11147,8
2019-10-18 15:33:22,11147,11147,11147,4
2019-10-18 15:33:23,11147,11147,11147,2
2019-10-18 15:33:23,11147,11147,11147,2
2019-10-18 15:33:23,11147,11147,11147,6
2019-10-18 15:33:23,11147,11147,11147,2
2019-10-18 15:33:23,11147,11147,11147,4
2019-10-18 15:33:23,11147,11147,11147,6
2019-10-18 15:33:23,11147,11147,11147,10
2019-10-18 15:33:23,11147,11147,11147,2
2019-10-18 15:33:23,11147,11147,11147,4
2019-10-18 15:33:23,11147,11147,11147,2
2019-10-18 15:33:24,11147,11147,11147,2
2019-10-18 15:33:26,11147,11147,11147,2
2019-10-18 15:33:27,11148,11148,11148,2
2019-10-18 15:33:29,11148,11148,11148,2
2019-10-18 15:33:29,11148,11148,11148,2
2019-10-18 15:33:33,11148,11148,11148,62
2019-10-18 15:33:33,11148,11148,11148,2
2019-10-18 15:33:34,11148,11148,11148,2
2019-10-18 15:33:34,11148,11148,11148,2
2019-10-18 15:33:38,11148,11148,11148,2
2019-10-18 15:33:39,11148,11148,11148,8
2019-10-18 15:33:40,11148,11148,11148,6
2019-10-18 15:33:40,11148,11148,11148,2
2019-10-18 15:33:40,11148,11148,11148,4
2019-10-18 15:33:41,11148,11148,11148,2
2019-10-18 15:33:41,11148,11148,11148,2
2019-10-18 15:33:42,11147,11147,11147,2
2019-10-18 15:33:43,11148,11148,11148,2
2019-10-18 15:33:44,11148,11148,11148,2
2019-10-18 15:33:44,11147,11147,11147,2
2019-10-18 15:33:44,11147,11147,11147,2
2019-10-18 15:33:44,11147,11147,11147,2
2019-10-18 15:33:49,11148,11148,11148,2
2019-10-18 15:33:53,11148,11148,11148,2
2019-10-18 15:33:54,11148,11148,11148,2
2019-10-18 15:33:56,11148,11148,11148,4
2019-10-18 15:33:57,11148,11148,11148,2
2019-10-18 15:33:59,11148,11148,11148,2
2019-10-18 15:34:00,11148,11148,11148,2
2019-10-18 15:34:02,11148,11148,11148,6
2019-10-18 15:34:07,11147,11147,11147,2
2019-10-18 15:34:11,11147,11147,11147,2
2019-10-18 15:34:11,11147,11147,11147,8
2019-10-18 15:34:11,11147,11147,11147,2
2019-10-18 15:34:11,11147,11147,11147,2
2019-10-18 15:34:11,11147,11147,11147,2
2019-10-18 15:34:11,11147,11147,11147,2
2019-10-18 15:34:11,11147,11147,11147,2
2019-10-18 15:34:11,11147,11147,11147,2
2019-10-18 15:34:24,11147,11147,11147,12
2019-10-18 15:34:31,11147,11147,11147,2
2019-10-18 15:34:34,11147,11147,11147,2
2019-10-18 15:34:35,11147,11147,11147,2
2019-10-18 15:34:36,11147,11147,11147,4
2019-10-18 15:34:40,11147,11147,11147,2
2019-10-18 15:34:41,11147,11147,11147,2
2019-10-18 15:34:43,11147,11147,11147,2
2019-10-18 15:34:46,11147,11147,11147,2
2019-10-18 15:34:47,11147,11147,11147,2
2019-10-18 15:34:50,11147,11147,11147,2
2019-10-18 15:34:52,11147,11147,11147,2
2019-10-18 15:34:58,11148,11148,11148,2
2019-10-18 15:35:00,11148,11148,11148,2
2019-10-18 15:35:02,11148,11148,11148,8
2019-10-18 15:35:03,11148,11148,11148,2
2019-10-18 15:35:06,11148,11148,11148,2
2019-10-18 15:35:11,11149,11149,11149,2
2019-10-18 15:35:12,11149,11149,11149,2
2019-10-18 15:35:12,11149,11149,11149,2
2019-10-18 15:35:12,11149,11149,11149,4
2019-10-18 15:35:12,11148,11148,11148,2
2019-10-18 15:35:12,11149,11149,11149,2
2019-10-18 15:35:12,11149,11149,11149,10
2019-10-18 15:35:12,11149,11149,11149,2
2019-10-18 15:35:17,11149,11149,11149,2
2019-10-18 15:35:19,11148,11148,11148,2
2019-10-18 15:35:19,11149,11149,11149,2
2019-10-18 15:35:20,11149,11149,11149,2
2019-10-18 15:35:21,11148,11148,11148,2
2019-10-18 15:35:21,11149,11149,11149,2
2019-10-18 15:35:21,11148,11148,11148,2
2019-10-18 15:35:23,11148,11148,11148,2
2019-10-18 15:35:23,11149,11149,11149,2
2019-10-18 15:35:24,11148,11148,11148,2
2019-10-18 15:35:24,11149,11149,11149,2
2019-10-18 15:35:28,11149,11149,11149,6
2019-10-18 15:35:30,11149,11149,11149,4
2019-10-18 15:35:31,11148,11148,11148,2
2019-10-18 15:35:34,11149,11149,11149,4
2019-10-18 15:35:37,11149,11149,11149,38
2019-10-18 15:35:37,11149,11149,11149,4
2019-10-18 15:35:37,11149,11149,11149,2
2019-10-18 15:35:38,11149,11149,11149,2
2019-10-18 15:35:38,11149,11149,11149,6
2019-10-18 15:35:39,11149,11149,11149,2
2019-10-18 15:35:42,11149,11149,11149,2
2019-10-18 15:35:45,11149,11149,11149,4
2019-10-18 15:35:45,11149,11149,11149,2
2019-10-18 15:35:45,11149,11149,11149,2
2019-10-18 15:35:45,11148,11148,11148,2
2019-10-18 15:35:47,11149,11149,11149,4
2019-10-18 15:35:48,11149,11149,11149,2
2019-10-18 15:35:48,11149,11149,11149,2
2019-10-18 15:35:48,11149,11149,11149,2
2019-10-18 15:35:51,11149,11149,11149,2
2019-10-18 15:35:52,11149,11149,11149,2
2019-10-18 15:35:56,11149,11149,11149,2
2019-10-18 15:35:58,11149,11149,11149,2
2019-10-18 15:36:02,11149,11149,11149,2
2019-10-18 15:36:02,11149,11149,11149,4
2019-10-18 15:36:03,11149,11149,11149,2
2019-10-18 15:36:03,11149,11149,11149,10
2019-10-18 15:36:04,11149,11149,11149,2
2019-10-18 15:36:04,11149,11149,11149,2
2019-10-18 15:36:05,11149,11149,11149,2
2019-10-18 15:36:05,11149,11149,11149,2
2019-10-18 15:36:07,11149,11149,11149,2
2019-10-18 15:36:12,11149,11149,11149,2
2019-10-18 15:36:12,11149,11149,11149,2
2019-10-18 15:36:13,11149,11149,11149,2
2019-10-18 15:36:18,11149,11149,11149,2
2019-10-18 15:36:19,11148,11148,11148,2
2019-10-18 15:36:23,11148,11148,11148,2
2019-10-18 15:36:23,11148,11148,11148,2
2019-10-18 15:36:23,11148,11148,11148,2
2019-10-18 15:36:23,11148,11148,11148,2
2019-10-18 15:36:23,11148,11148,11148,2
2019-10-18 15:36:23,11148,11148,11148,4
2019-10-18 15:36:23,11148,11148,11148,2
2019-10-18 15:36:23,11148,11148,11148,2
2019-10-18 15:36:23,11148,11148,11148,2
2019-10-18 15:36:23,11148,11148,11148,2
2019-10-18 15:36:23,11148,11148,11148,2
2019-10-18 15:36:24,11147,11147,11147,2
2019-10-18 15:36:46,11147,11147,11147,2
2019-10-18 15:36:49,11147,11147,11147,2
2019-10-18 15:36:49,11147,11147,11147,2
2019-10-18 15:36:49,11147,11147,11147,2
2019-10-18 15:36:55,11147,11147,11147,2
2019-10-18 15:37:00,11147,11147,11147,2
2019-10-18 15:37:01,11147,11147,11147,2
2019-10-18 15:37:02,11147,11147,11147,2
2019-10-18 15:37:02,11147,11147,11147,2
2019-10-18 15:37:02,11147,11147,11147,4
2019-10-18 15:37:02,11147,11147,11147,2
2019-10-18 15:37:02,11147,11147,11147,2
2019-10-18 15:37:02,11147,11147,11147,8
2019-10-18 15:37:02,11147,11147,11147,4
2019-10-18 15:37:02,11147,11147,11147,2
2019-10-18 15:37:24,11147,11147,11147,2
2019-10-18 15:37:26,11146,11146,11146,2
2019-10-18 15:37:27,11146,11146,11146,2
2019-10-18 15:37:31,11146,11146,11146,2
2019-10-18 15:37:37,11146,11146,11146,2
2019-10-18 15:37:37,11146,11146,11146,4
2019-10-18 15:37:39,11146,11146,11146,4
2019-10-18 15:37:39,11147,11147,11147,2
2019-10-18 15:37:51,11146,11146,11146,2
2019-10-18 15:37:54,11146,11146,11146,2
2019-10-18 15:37:55,11146,11146,11146,2
2019-10-18 15:37:55,11146,11146,11146,4
2019-10-18 15:37:55,11146,11146,11146,12
2019-10-18 15:37:55,11146,11146,11146,2
2019-10-18 15:38:29,11147,11147,11147,6
2019-10-18 15:38:43,11146,11146,11146,14
2019-10-18 15:38:43,11146,11146,11146,6
2019-10-18 15:38:43,11146,11146,11146,2
2019-10-18 15:38:43,11146,11146,11146,2
2019-10-18 15:38:43,11146,11146,11146,12
2019-10-18 15:38:43,11146,11146,11146,14
2019-10-18 15:38:49,11146,11146,11146,2
2019-10-18 15:39:09,11146,11146,11146,8
2019-10-18 15:39:12,11146,11146,11146,12
2019-10-18 15:39:12,11146,11146,11146,26
2019-10-18 15:39:12,11146,11146,11146,2
2019-10-18 15:39:15,11146,11146,11146,4
2019-10-18 15:39:53,11146,11146,11146,2
2019-10-18 15:40:01,11145,11145,11145,2
2019-10-18 15:40:01,11145,11145,11145,2
2019-10-18 15:40:01,11145,11145,11145,2
2019-10-18 15:40:02,11145,11145,11145,2
2019-10-18 15:40:02,11145,11145,11145,4
2019-10-18 15:40:04,11145,11145,11145,2
2019-10-18 15:40:32,11145,11145,11145,2
2019-10-18 15:40:37,11145,11145,11145,2
2019-10-18 15:40:40,11146,11146,11146,2
2019-10-18 15:40:40,11146,11146,11146,2
2019-10-18 15:40:40,11146,11146,11146,2
2019-10-18 15:40:59,11146,11146,11146,2
2019-10-18 15:41:05,11145,11145,11145,2
2019-10-18 15:41:06,11146,11146,11146,2
2019-10-18 15:41:09,11146,11146,11146,24
2019-10-18 15:41:15,11146,11146,11146,2
2019-10-18 15:41:22,11146,11146,11146,2
2019-10-18 15:41:22,11146,11146,11146,2
2019-10-18 15:41:34,11145,11145,11145,2
2019-10-18 15:41:34,11145,11145,11145,2
2019-10-18 15:41:35,11145,11145,11145,2
2019-10-18 15:41:39,11145,11145,11145,2
2019-10-18 15:41:42,11145,11145,11145,18
2019-10-18 15:41:42,11145,11145,11145,2
2019-10-18 15:41:42,11145,11145,11145,2
2019-10-18 15:41:42,11145,11145,11145,4
2019-10-18 15:41:42,11145,11145,11145,2
2019-10-18 15:41:42,11145,11145,11145,2
2019-10-18 15:41:42,11144,11144,11144,2
2019-10-18 15:41:42,11144,11144,11144,4
2019-10-18 15:41:42,11144,11144,11144,2
2019-10-18 15:41:42,11144,11144,11144,4
2019-10-18 15:41:42,11144,11144,11144,2
2019-10-18 15:42:00,11145,11145,11145,2
2019-10-18 15:42:00,11145,11145,11145,2
2019-10-18 15:42:01,11145,11145,11145,2
2019-10-18 15:42:10,11145,11145,11145,2
2019-10-18 15:42:17,11145,11145,11145,4
2019-10-18 15:42:20,11145,11145,11145,8
2019-10-18 15:42:27,11145,11145,11145,4
2019-10-18 15:42:27,11145,11145,11145,6
2019-10-18 15:42:39,11145,11145,11145,2
2019-10-18 15:42:58,11145,11145,11145,2
2019-10-18 15:42:58,11146,11146,11146,2
2019-10-18 15:43:13,11146,11146,11146,14
2019-10-18 15:43:18,11146,11146,11146,2
2019-10-18 15:43:34,11146,11146,11146,2
2019-10-18 15:43:58,11146,11146,11146,2
2019-10-18 15:44:52,11146,11146,11146,2
2019-10-18 15:44:56,11146,11146,11146,14
2019-10-18 15:45:05,11147,11147,11147,6
2019-10-18 15:45:05,11147,11147,11147,8
2019-10-18 15:45:11,11148,11148,11148,2
2019-10-18 15:45:12,11148,11148,11148,2
2019-10-18 15:45:27,11147,11147,11147,2
2019-10-18 15:45:35,11147,11147,11147,12
2019-10-18 15:45:48,11147,11147,11147,2
2019-10-18 15:45:49,11147,11147,11147,2
2019-10-18 15:45:53,11147,11147,11147,4
2019-10-18 15:46:13,11147,11147,11147,2
2019-10-18 15:46:14,11147,11147,11147,2
2019-10-18 15:46:14,11148,11148,11148,10
2019-10-18 15:46:26,11148,11148,11148,2
2019-10-18 15:46:32,11148,11148,11148,2
2019-10-18 15:46:47,11147,11147,11147,2
2019-10-18 15:46:48,11147,11147,11147,2
2019-10-18 15:46:49,11147,11147,11147,2
2019-10-18 15:47:22,11147,11147,11147,2
2019-10-18 15:47:31,11148,11148,11148,4
2019-10-18 15:47:31,11147,11147,11147,2
2019-10-18 15:47:31,11147,11147,11147,4
2019-10-18 15:47:39,11148,11148,11148,2
2019-10-18 15:47:58,11148,11148,11148,6
2019-10-18 15:47:58,11148,11148,11148,4
2019-10-18 15:47:58,11148,11148,11148,6
2019-10-18 15:47:58,11148,11148,11148,2
2019-10-18 15:47:58,11148,11148,11148,28
2019-10-18 15:48:01,11148,11148,11148,2
2019-10-18 15:48:03,11148,11148,11148,2
2019-10-18 15:48:07,11149,11149,11149,2
2019-10-18 15:48:08,11149,11149,11149,2
2019-10-18 15:48:09,11149,11149,11149,2
2019-10-18 15:48:17,11149,11149,11149,2
2019-10-18 15:48:31,11149,11149,11149,2
2019-10-18 15:48:31,11149,11149,11149,2
2019-10-18 15:48:32,11149,11149,11149,2
2019-10-18 15:48:33,11149,11149,11149,2
2019-10-18 15:48:39,11149,11149,11149,2
2019-10-18 15:48:54,11149,11149,11149,18
2019-10-18 15:48:58,11149,11149,11149,4
2019-10-18 15:48:58,11149,11149,11149,2
2019-10-18 15:49:09,11149,11149,11149,2
2019-10-18 15:49:09,11149,11149,11149,2
2019-10-18 15:49:14,11150,11150,11150,2
2019-10-18 15:49:14,11150,11150,11150,2
2019-10-18 15:49:14,11150,11150,11150,2
2019-10-18 15:49:15,11149,11149,11149,2
2019-10-18 15:49:15,11150,11150,11150,4
2019-10-18 15:49:18,11149,11149,11149,2
2019-10-18 15:49:19,11149,11149,11149,2
2019-10-18 15:49:21,11150,11150,11150,8
2019-10-18 15:49:26,11150,11150,11150,2
2019-10-18 15:49:35,11150,11150,11150,2
2019-10-18 15:49:35,11149,11149,11149,2
2019-10-18 15:49:37,11150,11150,11150,2
2019-10-18 15:49:47,11150,11150,11150,10
2019-10-18 15:49:48,11150,11150,11150,2
2019-10-18 15:49:51,11150,11150,11150,2
2019-10-18 15:49:56,11149,11149,11149,2
2019-10-18 15:50:04,11150,11150,11150,16
2019-10-18 15:50:06,11150,11150,11150,2
2019-10-18 15:50:09,11149,11149,11149,2
2019-10-18 15:50:11,11149,11149,11149,14
2019-10-18 15:50:11,11149,11149,11149,2
2019-10-18 15:50:11,11149,11149,11149,2
2019-10-18 15:50:11,11149,11149,11149,2
2019-10-18 15:50:11,11149,11149,11149,4
2019-10-18 15:50:11,11149,11149,11149,4
2019-10-18 15:50:11,11149,11149,11149,4
2019-10-18 15:50:11,11149,11149,11149,6
2019-10-18 15:50:11,11149,11149,11149,2
2019-10-18 15:50:11,11149,11149,11149,2
2019-10-18 15:50:11,11149,11149,11149,2
2019-10-18 15:50:20,11149,11149,11149,2
2019-10-18 15:50:20,11148,11148,11148,2
2019-10-18 15:50:22,11149,11149,11149,2
2019-10-18 15:50:22,11148,11148,11148,2
2019-10-18 15:50:22,11149,11149,11149,2
2019-10-18 15:50:25,11148,11148,11148,2
2019-10-18 15:50:26,11149,11149,11149,2
2019-10-18 15:50:29,11148,11148,11148,2
2019-10-18 15:50:34,11149,11149,11149,2
2019-10-18 15:50:35,11149,11149,11149,2
2019-10-18 15:50:35,11149,11149,11149,2
2019-10-18 15:50:42,11148,11148,11148,2
2019-10-18 15:50:43,11148,11148,11148,2
2019-10-18 15:50:43,11149,11149,11149,2
2019-10-18 15:50:44,11148,11148,11148,2
2019-10-18 15:50:48,11149,11149,11149,2
2019-10-18 15:51:02,11149,11149,11149,6
2019-10-18 15:51:03,11149,11149,11149,2
2019-10-18 15:51:04,11148,11148,11148,4
2019-10-18 15:51:10,11148,11148,11148,4
2019-10-18 15:51:12,11149,11149,11149,4
2019-10-18 15:51:28,11149,11149,11149,10
2019-10-18 15:51:48,11148,11148,11148,12
2019-10-18 15:51:48,11148,11148,11148,2
2019-10-18 15:51:48,11148,11148,11148,2
2019-10-18 15:51:48,11148,11148,11148,10
2019-10-18 15:51:48,11148,11148,11148,2
2019-10-18 15:51:48,11148,11148,11148,4
2019-10-18 15:51:48,11148,11148,11148,2
2019-10-18 15:51:48,11148,11148,11148,4
2019-10-18 15:51:48,11148,11148,11148,2
2019-10-18 15:51:48,11148,11148,11148,2
2019-10-18 15:51:48,11148,11148,11148,8
2019-10-18 15:51:48,11148,11148,11148,6
2019-10-18 15:52:04,11147,11147,11147,2
2019-10-18 15:52:04,11147,11147,11147,2
2019-10-18 15:52:04,11147,11147,11147,2
2019-10-18 15:52:04,11147,11147,11147,2
2019-10-18 15:52:08,11147,11147,11147,2
2019-10-18 15:52:28,11147,11147,11147,2
2019-10-18 15:52:32,11147,11147,11147,2
2019-10-18 15:52:33,11147,11147,11147,2
2019-10-18 15:52:40,11147,11147,11147,2
2019-10-18 15:53:03,11147,11147,11147,10
2019-10-18 15:53:06,11147,11147,11147,4
2019-10-18 15:53:08,11147,11147,11147,2
2019-10-18 15:53:18,11147,11147,11147,2
2019-10-18 15:53:23,11147,11147,11147,2
2019-10-18 15:53:28,11147,11147,11147,8
2019-10-18 15:53:28,11147,11147,11147,24
2019-10-18 15:53:28,11147,11147,11147,4
2019-10-18 15:53:28,11147,11147,11147,4
2019-10-18 15:53:28,11147,11147,11147,2
2019-10-18 15:53:28,11147,11147,11147,8
2019-10-18 15:53:28,11147,11147,11147,4
2019-10-18 15:53:28,11147,11147,11147,2
2019-10-18 15:53:28,11147,11147,11147,2
2019-10-18 15:53:28,11147,11147,11147,2
2019-10-18 15:53:33,11147,11147,11147,2
2019-10-18 15:53:51,11147,11147,11147,12
2019-10-18 15:53:51,11147,11147,11147,2
2019-10-18 15:53:51,11147,11147,11147,2
2019-10-18 15:54:00,11147,11147,11147,2
2019-10-18 15:54:01,11148,11148,11148,26
2019-10-18 15:54:01,11148,11148,11148,30
2019-10-18 15:54:09,11148,11148,11148,2
2019-10-18 15:54:09,11148,11148,11148,4
2019-10-18 15:54:20,11148,11148,11148,2
2019-10-18 15:54:21,11148,11148,11148,2
2019-10-18 15:54:23,11148,11148,11148,2
2019-10-18 15:54:42,11149,11149,11149,4
2019-10-18 15:55:21,11149,11149,11149,14
2019-10-18 15:55:25,11149,11149,11149,2
2019-10-18 15:55:25,11149,11149,11149,2
2019-10-18 15:55:25,11149,11149,11149,2
2019-10-18 15:55:31,11149,11149,11149,2
2019-10-18 15:55:33,11149,11149,11149,2
2019-10-18 15:55:45,11149,11149,11149,2
2019-10-18 15:56:27,11149,11149,11149,2
2019-10-18 15:56:32,11149,11149,11149,2
2019-10-18 15:56:35,11149,11149,11149,2
2019-10-18 15:57:02,11149,11149,11149,4
2019-10-18 15:57:03,11149,11149,11149,2
2019-10-18 15:57:25,11150,11150,11150,2
2019-10-18 15:57:39,11150,11150,11150,2
2019-10-18 15:57:52,11150,11150,11150,2
2019-10-18 15:57:52,11150,11150,11150,2
2019-10-18 15:57:56,11150,11150,11150,4
2019-10-18 15:57:56,11150,11150,11150,40
2019-10-18 15:58:04,11151,11151,11151,16
2019-10-18 15:58:04,11151,11151,11151,2
2019-10-18 15:58:04,11151,11151,11151,16
2019-10-18 15:58:10,11152,11152,11152,10
2019-10-18 15:58:11,11151,11151,11151,2
2019-10-18 15:58:11,11152,11152,11152,2
2019-10-18 15:58:17,11152,11152,11152,8
2019-10-18 15:58:19,11152,11152,11152,2
2019-10-18 15:58:20,11152,11152,11152,6
2019-10-18 15:58:23,11152,11152,11152,16
2019-10-18 15:58:23,11152,11152,11152,2
2019-10-18 15:58:27,11152,11152,11152,6
2019-10-18 15:58:33,11152,11152,11152,2
2019-10-18 15:58:35,11152,11152,11152,8
2019-10-18 15:58:44,11152,11152,11152,2
2019-10-18 15:58:49,11151,11151,11151,2
2019-10-18 15:58:50,11151,11151,11151,2
2019-10-18 15:58:52,11151,11151,11151,2
2019-10-18 15:58:54,11151,11151,11151,4
2019-10-18 15:58:54,11151,11151,11151,6
2019-10-18 15:58:54,11151,11151,11151,4
2019-10-18 15:58:54,11151,11151,11151,2
2019-10-18 15:58:54,11151,11151,11151,2
2019-10-18 15:59:12,11151,11151,11151,2
2019-10-18 15:59:16,11151,11151,11151,2
2019-10-18 15:59:28,11151,11151,11151,2
2019-10-18 15:59:31,11151,11151,11151,2
2019-10-18 15:59:32,11152,11152,11152,4
2019-10-18 15:59:37,11151,11151,11151,6
2019-10-18 15:59:38,11151,11151,11151,10
2019-10-18 15:59:45,11151,11151,11151,2
2019-10-18 15:59:45,11151,11151,11151,2
2019-10-18 15:59:49,11151,11151,11151,6
2019-10-18 15:59:49,11151,11151,11151,4
2019-10-18 15:59:49,11151,11151,11151,2
2019-10-18 15:59:49,11151,11151,11151,2
2019-10-18 15:59:54,11151,11151,11151,4
2019-10-18 16:00:01,11151,11151,11151,2
2019-10-18 16:00:01,11150,11150,11150,2
2019-10-18 16:00:02,11151,11151,11151,4
2019-10-18 16:00:02,11151,11151,11151,4
2019-10-18 16:00:11,11150,11150,11150,2
2019-10-18 16:00:12,11150,11150,11150,2
2019-10-18 16:00:13,11150,11150,11150,2
2019-10-18 16:00:13,11150,11150,11150,4
2019-10-18 16:00:13,11150,11150,11150,14
2019-10-18 16:00:17,11150,11150,11150,2
2019-10-18 16:00:38,11150,11150,11150,4
2019-10-18 16:00:38,11150,11150,11150,2
2019-10-18 16:00:38,11150,11150,11150,4
2019-10-18 16:00:38,11150,11150,11150,2
2019-10-18 16:00:38,11150,11150,11150,4
2019-10-18 16:00:38,11150,11150,11150,14
2019-10-18 16:00:38,11150,11150,11150,2
2019-10-18 16:00:59,11150,11150,11150,4
2019-10-18 16:01:16,11149,11149,11149,2
2019-10-18 16:01:16,11149,11149,11149,2
2019-10-18 16:01:16,11149,11149,11149,4
2019-10-18 16:01:20,11149,11149,11149,2
2019-10-18 16:01:21,11149,11149,11149,2
2019-10-18 16:01:28,11150,11150,11150,2
2019-10-18 16:01:28,11150,11150,11150,8
2019-10-18 16:01:29,11149,11149,11149,2
2019-10-18 16:01:52,11149,11149,11149,2
2019-10-18 16:01:53,11149,11149,11149,2
2019-10-18 16:02:00,11149,11149,11149,2
2019-10-18 16:02:57,11149,11149,11149,2
2019-10-18 16:03:03,11149,11149,11149,2
2019-10-18 16:03:05,11149,11149,11149,2
2019-10-18 16:03:05,11149,11149,11149,2
2019-10-18 16:03:05,11149,11149,11149,2
2019-10-18 16:03:05,11149,11149,11149,2
2019-10-18 16:03:23,11148,11148,11148,2
2019-10-18 16:03:56,11148,11148,11148,2
2019-10-18 16:04:03,11149,11149,11149,16
2019-10-18 16:04:03,11149,11149,11149,6
2019-10-18 16:04:09,11149,11149,11149,4
2019-10-18 16:04:15,11150,11150,11150,20
2019-10-18 16:04:28,11150,11150,11150,2
2019-10-18 16:04:31,11150,11150,11150,6
2019-10-18 16:05:01,11150,11150,11150,8
2019-10-18 16:05:01,11150,11150,11150,2
2019-10-18 16:05:01,11150,11150,11150,4
2019-10-18 16:05:01,11150,11150,11150,2
2019-10-18 16:05:01,11150,11150,11150,2
2019-10-18 16:05:01,11150,11150,11150,2
2019-10-18 16:05:25,11150,11150,11150,2
2019-10-18 16:05:52,11150,11150,11150,2
2019-10-18 16:06:06,11150,11150,11150,10
2019-10-18 16:06:16,11150,11150,11150,2
2019-10-18 16:06:32,11150,11150,11150,2
2019-10-18 16:07:02,11150,11150,11150,2
2019-10-18 16:07:35,11150,11150,11150,2
2019-10-18 16:07:43,11150,11150,11150,6
2019-10-18 16:07:54,11150,11150,11150,2
2019-10-18 16:07:54,11150,11150,11150,6
2019-10-18 16:08:18,11150,11150,11150,2
2019-10-18 16:08:31,11150,11150,11150,2
2019-10-18 16:08:32,11150,11150,11150,2
2019-10-18 16:08:36,11151,11151,11151,4
2019-10-18 16:08:51,11151,11151,11151,2
2019-10-18 16:08:59,11151,11151,11151,2
2019-10-18 16:09:02,11151,11151,11151,10
2019-10-18 16:09:03,11151,11151,11151,2
2019-10-18 16:09:16,11151,11151,11151,2
2019-10-18 16:09:19,11150,11150,11150,2
2019-10-18 16:09:25,11150,11150,11150,2
2019-10-18 16:09:55,11149,11149,11149,6
2019-10-18 16:09:55,11149,11149,11149,4
2019-10-18 16:09:55,11149,11149,11149,2
2019-10-18 16:09:55,11149,11149,11149,2
2019-10-18 16:09:55,11149,11149,11149,2
2019-10-18 16:09:55,11149,11149,11149,2
2019-10-18 16:09:55,11149,11149,11149,2
2019-10-18 16:09:55,11149,11149,11149,4
2019-10-18 16:09:55,11149,11149,11149,2
2019-10-18 16:09:55,11149,11149,11149,8
2019-10-18 16:09:55,11149,11149,11149,12
2019-10-18 16:09:55,11149,11149,11149,4
2019-10-18 16:09:55,11149,11149,11149,2
2019-10-18 16:09:55,11149,11149,11149,4
2019-10-18 16:09:55,11149,11149,11149,2
2019-10-18 16:09:56,11149,11149,11149,2
2019-10-18 16:10:21,11149,11149,11149,2
2019-10-18 16:10:38,11150,11150,11150,2
2019-10-18 16:10:45,11150,11150,11150,2
2019-10-18 16:10:48,11150,11150,11150,2
2019-10-18 16:10:49,11150,11150,11150,2
2019-10-18 16:10:53,11150,11150,11150,2
2019-10-18 16:11:02,11150,11150,11150,2
2019-10-18 16:11:25,11150,11150,11150,2
2019-10-18 16:11:25,11150,11150,11150,6
2019-10-18 16:12:23,11149,11149,11149,2
2019-10-18 16:12:23,11150,11150,11150,2
2019-10-18 16:12:23,11150,11150,11150,2
2019-10-18 16:12:23,11150,11150,11150,2
2019-10-18 16:12:23,11150,11150,11150,2
2019-10-18 16:12:23,11150,11150,11150,2
2019-10-18 16:12:30,11150,11150,11150,2
2019-10-18 16:12:35,11149,11149,11149,4
2019-10-18 16:13:11,11149,11149,11149,8
2019-10-18 16:13:11,11149,11149,11149,4
2019-10-18 16:13:18,11149,11149,11149,2
2019-10-18 16:13:25,11149,11149,11149,2
2019-10-18 16:13:26,11149,11149,11149,2
2019-10-18 16:13:26,11149,11149,11149,2
2019-10-18 16:13:50,11148,11148,11148,2
2019-10-18 16:13:50,11148,11148,11148,2
2019-10-18 16:13:50,11148,11148,11148,2
2019-10-18 16:13:50,11148,11148,11148,4
2019-10-18 16:13:50,11148,11148,11148,2
2019-10-18 16:13:50,11148,11148,11148,2
2019-10-18 16:13:50,11148,11148,11148,10
2019-10-18 16:13:50,11148,11148,11148,2
2019-10-18 16:13:50,11148,11148,11148,4
2019-10-18 16:13:50,11148,11148,11148,6
2019-10-18 16:13:50,11148,11148,11148,2
2019-10-18 16:13:50,11148,11148,11148,4
2019-10-18 16:13:57,11148,11148,11148,2
2019-10-18 16:13:58,11147,11147,11147,2
2019-10-18 16:13:58,11147,11147,11147,4
2019-10-18 16:13:58,11147,11147,11147,2
2019-10-18 16:13:58,11147,11147,11147,2
2019-10-18 16:14:00,11148,11148,11148,2
2019-10-18 16:14:12,11147,11147,11147,2
2019-10-18 16:14:20,11147,11147,11147,2
2019-10-18 16:14:24,11147,11147,11147,2
2019-10-18 16:14:24,11147,11147,11147,2
2019-10-18 16:14:24,11147,11147,11147,2
2019-10-18 16:14:24,11147,11147,11147,2
2019-10-18 16:14:24,11147,11147,11147,2
2019-10-18 16:14:24,11147,11147,11147,2
2019-10-18 16:14:33,11147,11147,11147,2
2019-10-18 16:14:34,11146,11146,11146,2
2019-10-18 16:14:36,11146,11146,11146,2
2019-10-18 16:14:36,11146,11146,11146,2
2019-10-18 16:14:36,11146,11146,11146,2
2019-10-18 16:14:38,11146,11146,11146,2
2019-10-18 16:14:39,11146,11146,11146,2
2019-10-18 16:14:39,11146,11146,11146,2
2019-10-18 16:14:49,11147,11147,11147,2
2019-10-18 16:15:17,11147,11147,11147,2
2019-10-18 16:15:17,11147,11147,11147,2
2019-10-18 16:15:39,11147,11147,11147,2
2019-10-18 16:15:55,11146,11146,11146,2
2019-10-18 16:16:10,11146,11146,11146,2
2019-10-18 16:16:10,11146,11146,11146,2
2019-10-18 16:16:10,11146,11146,11146,4
2019-10-18 16:16:10,11146,11146,11146,2
2019-10-18 16:16:10,11146,11146,11146,6
2019-10-18 16:16:10,11146,11146,11146,2
2019-10-18 16:16:10,11146,11146,11146,2
2019-10-18 16:16:10,11146,11146,11146,2
2019-10-18 16:16:10,11146,11146,11146,2
2019-10-18 16:16:18,11146,11146,11146,6
2019-10-18 16:16:18,11146,11146,11146,2
2019-10-18 16:16:18,11146,11146,11146,2
2019-10-18 16:16:18,11146,11146,11146,2
2019-10-18 16:16:18,11146,11146,11146,2
2019-10-18 16:16:18,11146,11146,11146,2
2019-10-18 16:16:18,11146,11146,11146,4
2019-10-18 16:16:38,11146,11146,11146,2
2019-10-18 16:16:44,11146,11146,11146,2
2019-10-18 16:17:07,11147,11147,11147,32
2019-10-18 16:17:55,11147,11147,11147,2
2019-10-18 16:17:55,11147,11147,11147,2
2019-10-18 16:17:55,11147,11147,11147,2
2019-10-18 16:18:19,11147,11147,11147,10
2019-10-18 16:18:28,11147,11147,11147,2
2019-10-18 16:18:44,11148,11148,11148,2
2019-10-18 16:18:44,11149,11149,11149,2
2019-10-18 16:18:46,11147,11147,11147,2
2019-10-18 16:19:30,11148,11148,11148,2
2019-10-18 16:19:33,11149,11149,11149,10
2019-10-18 16:19:44,11150,11150,11150,2
2019-10-18 16:19:48,11150,11150,11150,4
2019-10-18 16:19:56,11149,11149,11149,2
2019-10-18 16:20:09,11150,11150,11150,4
2019-10-18 16:20:19,11150,11150,11150,2
2019-10-18 16:20:20,11150,11150,11150,8
2019-10-18 16:20:30,11151,11151,11151,4
2019-10-18 16:20:30,11151,11151,11151,20
2019-10-18 16:21:02,11151,11151,11151,2
2019-10-18 16:21:04,11150,11150,11150,2
2019-10-18 16:21:04,11150,11150,11150,2
2019-10-18 16:21:20,11150,11150,11150,2
2019-10-18 16:21:27,11150,11150,11150,2
2019-10-18 16:22:12,11151,11151,11151,2
2019-10-18 16:22:28,11151,11151,11151,2
2019-10-18 16:22:30,11151,11151,11151,2
2019-10-18 16:22:57,11150,11150,11150,2
2019-10-18 16:23:07,11150,11150,11150,2
2019-10-18 16:23:26,11151,11151,11151,2
2019-10-18 16:23:59,11150,11150,11150,2
2019-10-18 16:23:59,11150,11150,11150,2
2019-10-18 16:24:04,11150,11150,11150,2
2019-10-18 16:24:40,11151,11151,11151,4
2019-10-18 16:24:50,11150,11150,11150,2
2019-10-18 16:25:20,11150,11150,11150,6
2019-10-18 16:25:20,11150,11150,11150,2
2019-10-18 16:25:20,11150,11150,11150,2
2019-10-18 16:25:20,11150,11150,11150,2
2019-10-18 16:25:20,11150,11150,11150,2
2019-10-18 16:25:20,11150,11150,11150,2
2019-10-18 16:25:20,11150,11150,11150,2
2019-10-18 16:25:20,11150,11150,11150,8
2019-10-18 16:25:20,11150,11150,11150,2
2019-10-18 16:25:49,11149,11149,11149,4
2019-10-18 16:25:49,11149,11149,11149,4
2019-10-18 16:25:49,11149,11149,11149,2
2019-10-18 16:25:56,11149,11149,11149,2
2019-10-18 16:26:22,11149,11149,11149,2
2019-10-18 16:26:22,11149,11149,11149,2
2019-10-18 16:26:26,11149,11149,11149,2
2019-10-18 16:26:29,11149,11149,11149,2
2019-10-18 16:26:29,11149,11149,11149,2
2019-10-18 16:26:29,11149,11149,11149,8
2019-10-18 16:26:29,11149,11149,11149,2
2019-10-18 16:26:49,11149,11149,11149,2
2019-10-18 16:27:31,11148,11148,11148,2
2019-10-18 16:28:36,11148,11148,11148,10
2019-10-18 16:28:36,11148,11148,11148,2
2019-10-18 16:28:37,11148,11148,11148,2
2019-10-18 16:29:08,11148,11148,11148,2
2019-10-18 16:29:41,11148,11148,11148,2
2019-10-18 16:29:55,11149,11149,11149,10
2019-10-18 16:30:18,11149,11149,11149,2
2019-10-18 16:30:19,11150,11150,11150,2
2019-10-18 16:30:19,11150,11150,11150,2
2019-10-18 16:30:19,11149,11149,11149,4
2019-10-18 16:30:19,11149,11149,11149,4
2019-10-18 16:30:19,11149,11149,11149,4
2019-10-18 16:30:19,11149,11149,11149,2
2019-10-18 16:30:19,11148,11148,11148,4
2019-10-18 16:30:19,11148,11148,11148,4
2019-10-18 16:30:44,11150,11150,11150,2
2019-10-18 16:31:05,11150,11150,11150,10
2019-10-18 16:31:48,11149,11149,11149,2
2019-10-18 16:31:58,11149,11149,11149,2
2019-10-18 16:32:25,11148,11148,11148,2
2019-10-18 16:32:39,11148,11148,11148,2
2019-10-18 16:32:40,11148,11148,11148,6
2019-10-18 16:32:40,11148,11148,11148,2
2019-10-18 16:32:40,11148,11148,11148,2
2019-10-18 16:32:40,11148,11148,11148,2
2019-10-18 16:32:40,11148,11148,11148,4
2019-10-18 16:32:40,11148,11148,11148,2
2019-10-18 16:32:40,11147,11147,11147,4
2019-10-18 16:32:40,11147,11147,11147,2
2019-10-18 16:32:40,11147,11147,11147,4
2019-10-18 16:32:40,11147,11147,11147,2
2019-10-18 16:33:29,11147,11147,11147,6
2019-10-18 16:33:29,11147,11147,11147,4
2019-10-18 16:33:29,11147,11147,11147,2
2019-10-18 16:33:29,11147,11147,11147,2
2019-10-18 16:33:29,11147,11147,11147,2
2019-10-18 16:33:52,11147,11147,11147,2
2019-10-18 16:34:00,11148,11148,11148,2
2019-10-18 16:34:16,11148,11148,11148,4
2019-10-18 16:34:23,11148,11148,11148,2
2019-10-18 16:34:23,11148,11148,11148,2
2019-10-18 16:34:23,11147,11147,11147,16
2019-10-18 16:34:23,11147,11147,11147,2
2019-10-18 16:34:27,11148,11148,11148,8
2019-10-18 16:34:27,11148,11148,11148,4
2019-10-18 16:35:14,11148,11148,11148,2
2019-10-18 16:35:24,11148,11148,11148,2
2019-10-18 16:36:17,11148,11148,11148,2
2019-10-18 16:36:21,11148,11148,11148,2
2019-10-18 16:36:22,11148,11148,11148,2
2019-10-18 16:37:28,11148,11148,11148,2
2019-10-18 16:37:28,11148,11148,11148,2
2019-10-18 16:37:28,11148,11148,11148,2
2019-10-18 16:37:28,11148,11148,11148,10
2019-10-18 16:37:50,11148,11148,11148,2
2019-10-18 16:37:50,11148,11148,11148,4
2019-10-18 16:37:50,11148,11148,11148,8
2019-10-18 16:37:59,11148,11148,11148,2
2019-10-18 16:38:08,11148,11148,11148,2
2019-10-18 16:38:41,11148,11148,11148,2
2019-10-18 16:39:03,11148,11148,11148,2
2019-10-18 16:39:04,11149,11149,11149,14
2019-10-18 16:39:17,11148,11148,11148,2
2019-10-18 16:39:39,11148,11148,11148,2
2019-10-18 16:39:50,11148,11148,11148,2
2019-10-18 16:40:00,11148,11148,11148,6
2019-10-18 16:40:33,11148,11148,11148,2
2019-10-18 16:40:40,11148,11148,11148,2
2019-10-18 16:40:40,11148,11148,11148,2
2019-10-18 16:40:40,11148,11148,11148,8
2019-10-18 16:40:43,11148,11148,11148,2
2019-10-18 16:41:45,11148,11148,11148,4
2019-10-18 16:41:45,11148,11148,11148,2
2019-10-18 16:41:45,11148,11148,11148,2
2019-10-18 16:41:45,11148,11148,11148,2
2019-10-18 16:41:45,11148,11148,11148,2
2019-10-18 16:41:53,11148,11148,11148,6
2019-10-18 16:42:56,11149,11149,11149,2
2019-10-18 16:43:32,11149,11149,11149,2
2019-10-18 16:43:32,11149,11149,11149,4
2019-10-18 16:44:20,11149,11149,11149,2
2019-10-18 16:44:26,11148,11148,11148,2
2019-10-18 16:44:35,11149,11149,11149,2
2019-10-18 16:44:46,11149,11149,11149,10
2019-10-18 16:45:26,11149,11149,11149,2
2019-10-18 16:45:34,11150,11150,11150,36
2019-10-18 16:45:34,11150,11150,11150,8
2019-10-18 16:45:34,11150,11150,11150,20
2019-10-18 16:46:19,11150,11150,11150,2
2019-10-18 16:46:27,11151,11151,11151,2
2019-10-18 16:46:31,11151,11151,11151,2
2019-10-18 16:46:43,11151,11151,11151,2
2019-10-18 16:46:44,11151,11151,11151,2
2019-10-18 16:47:07,11151,11151,11151,6
2019-10-18 16:49:01,11151,11151,11151,14
2019-10-18 16:49:01,11151,11151,11151,42
2019-10-18 16:49:01,11151,11151,11151,6
2019-10-18 16:49:01,11151,11151,11151,4
2019-10-18 16:49:01,11151,11151,11151,4
2019-10-18 16:49:01,11151,11151,11151,8
2019-10-18 16:49:01,11151,11151,11151,4
2019-10-18 16:49:27,11151,11151,11151,2
2019-10-18 16:49:35,11151,11151,11151,4
2019-10-18 16:49:35,11151,11151,11151,4
2019-10-18 16:49:35,11151,11151,11151,2
2019-10-18 16:49:35,11151,11151,11151,2
2019-10-18 16:49:37,11150,11150,11150,2
2019-10-18 16:49:41,11151,11151,11151,2
2019-10-18 16:50:48,11150,11150,11150,2
2019-10-18 16:50:49,11151,11151,11151,2
2019-10-18 16:51:05,11151,11151,11151,2
2019-10-18 16:51:59,11151,11151,11151,6
2019-10-18 16:52:17,11151,11151,11151,2
2019-10-18 16:52:19,11151,11151,11151,2
2019-10-18 16:53:19,11151,11151,11151,2
2019-10-18 16:53:21,11151,11151,11151,2
2019-10-18 16:53:22,11151,11151,11151,2
2019-10-18 16:54:22,11151,11151,11151,2
2019-10-18 16:54:34,11150,11150,11150,2
2019-10-18 16:54:34,11150,11150,11150,2
2019-10-18 16:54:34,11150,11150,11150,2
2019-10-18 16:54:34,11150,11150,11150,2
2019-10-18 16:54:34,11150,11150,11150,2
2019-10-18 16:54:34,11150,11150,11150,2
2019-10-18 16:54:34,11150,11150,11150,22
2019-10-18 16:54:34,11150,11150,11150,8
2019-10-18 16:54:34,11150,11150,11150,2
2019-10-18 16:54:34,11150,11150,11150,2
2019-10-18 16:54:34,11150,11150,11150,2
2019-10-18 16:54:34,11150,11150,11150,2
2019-10-18 16:54:38,11150,11150,11150,2
2019-10-18 16:54:52,11150,11150,11150,4
2019-10-18 16:55:05,11150,11150,11150,2
2019-10-18 16:55:13,11149,11149,11149,2
2019-10-18 16:55:16,11149,11149,11149,2
2019-10-18 16:55:16,11149,11149,11149,2
2019-10-18 16:55:16,11149,11149,11149,2
2019-10-18 16:55:31,11150,11150,11150,2
2019-10-18 16:56:04,11149,11149,11149,2
2019-10-18 16:56:05,11149,11149,11149,2
2019-10-18 16:56:08,11149,11149,11149,2
2019-10-18 16:56:13,11149,11149,11149,2
2019-10-18 16:56:13,11149,11149,11149,4
2019-10-18 16:56:24,11149,11149,11149,2
2019-10-18 16:56:24,11150,11150,11150,2
2019-10-18 16:56:45,11149,11149,11149,2
2019-10-18 16:56:54,11149,11149,11149,2
2019-10-18 16:57:00,11149,11149,11149,2
2019-10-18 16:57:00,11149,11149,11149,2
2019-10-18 16:57:38,11149,11149,11149,2
2019-10-18 16:57:48,11150,11150,11150,2
2019-10-18 16:58:09,11150,11150,11150,2
2019-10-18 16:58:09,11150,11150,11150,6
2019-10-18 16:58:09,11150,11150,11150,2
2019-10-18 16:59:30,11150,11150,11150,2
2019-10-18 16:59:35,11150,11150,11150,2
2019-10-18 16:59:36,11150,11150,11150,2
2019-10-18 17:01:08,11151,11151,11151,18
2019-10-18 17:01:08,11151,11151,11151,26
2019-10-18 17:01:08,11151,11151,11151,10
2019-10-18 17:01:08,11151,11151,11151,4
2019-10-18 17:01:08,11151,11151,11151,4
2019-10-18 17:01:08,11151,11151,11151,8
2019-10-18 17:01:08,11152,11152,11152,2
2019-10-18 17:01:08,11152,11152,11152,2
2019-10-18 17:01:08,11152,11152,11152,6
2019-10-18 17:01:08,11152,11152,11152,4
2019-10-18 17:01:08,11152,11152,11152,4
2019-10-18 17:01:08,11152,11152,11152,10
2019-10-18 17:01:08,11152,11152,11152,4
2019-10-18 17:01:09,11152,11152,11152,2
2019-10-18 17:01:53,11152,11152,11152,2
2019-10-18 17:01:58,11152,11152,11152,12
2019-10-18 17:02:03,11151,11151,11151,2
2019-10-18 17:02:09,11152,11152,11152,2
2019-10-18 17:02:17,11152,11152,11152,2
2019-10-18 17:02:23,11152,11152,11152,2
2019-10-18 17:02:32,11152,11152,11152,2
2019-10-18 17:02:32,11152,11152,11152,2
2019-10-18 17:02:36,11152,11152,11152,42
2019-10-18 17:02:37,11153,11153,11153,2
2019-10-18 17:02:37,11153,11153,11153,2
2019-10-18 17:02:37,11153,11153,11153,2
2019-10-18 17:02:37,11153,11153,11153,4
2019-10-18 17:02:37,11153,11153,11153,2
2019-10-18 17:02:37,11153,11153,11153,4
2019-10-18 17:02:37,11153,11153,11153,2
2019-10-18 17:02:37,11153,11153,11153,2
2019-10-18 17:02:47,11152,11152,11152,10
2019-10-18 17:02:49,11153,11153,11153,4
2019-10-18 17:03:00,11153,11153,11153,2
2019-10-18 17:03:04,11153,11153,11153,4
2019-10-18 17:03:18,11152,11152,11152,10
2019-10-18 17:03:18,11152,11152,11152,4
2019-10-18 17:03:18,11152,11152,11152,2
2019-10-18 17:03:24,11152,11152,11152,2
2019-10-18 17:03:25,11152,11152,11152,4
2019-10-18 17:04:10,11152,11152,11152,2
2019-10-18 17:04:29,11152,11152,11152,6
2019-10-18 17:06:12,11152,11152,11152,12
2019-10-18 17:06:42,11152,11152,11152,4
2019-10-18 17:06:52,11152,11152,11152,2
2019-10-18 17:06:53,11152,11152,11152,2
2019-10-18 17:06:53,11152,11152,11152,2
2019-10-18 17:06:53,11152,11152,11152,2
2019-10-18 17:06:53,11152,11152,11152,2
2019-10-18 17:06:54,11152,11152,11152,2
2019-10-18 17:07:00,11151,11151,11151,2
2019-10-18 17:07:00,11151,11151,11151,2
2019-10-18 17:07:00,11151,11151,11151,2
2019-10-18 17:07:00,11151,11151,11151,2
2019-10-18 17:07:00,11151,11151,11151,2
2019-10-18 17:07:00,11151,11151,11151,2
2019-10-18 17:07:08,11151,11151,11151,2
2019-10-18 17:07:13,11151,11151,11151,2
2019-10-18 17:07:41,11151,11151,11151,2
2019-10-18 17:07:45,11151,11151,11151,2
2019-10-18 17:07:58,11151,11151,11151,2
2019-10-18 17:08:00,11151,11151,11151,2
2019-10-18 17:08:40,11150,11150,11150,2
2019-10-18 17:08:41,11150,11150,11150,2
2019-10-18 17:08:46,11150,11150,11150,4
2019-10-18 17:09:17,11151,11151,11151,4
2019-10-18 17:10:23,11151,11151,11151,2
2019-10-18 17:11:11,11151,11151,11151,2
2019-10-18 17:11:11,11151,11151,11151,2
2019-10-18 17:11:12,11151,11151,11151,2
2019-10-18 17:11:12,11151,11151,11151,2
2019-10-18 17:11:16,11151,11151,11151,2
2019-10-18 17:11:39,11151,11151,11151,2
2019-10-18 17:11:40,11152,11152,11152,4
2019-10-18 17:11:46,11152,11152,11152,4
2019-10-18 17:11:46,11152,11152,11152,2
2019-10-18 17:11:47,11152,11152,11152,4
2019-10-18 17:12:26,11151,11151,11151,8
2019-10-18 17:12:26,11151,11151,11151,2
2019-10-18 17:12:26,11151,11151,11151,6
2019-10-18 17:12:26,11151,11151,11151,8
2019-10-18 17:12:26,11151,11151,11151,6
2019-10-18 17:12:32,11151,11151,11151,2
2019-10-18 17:12:34,11151,11151,11151,2
2019-10-18 17:12:35,11151,11151,11151,4
2019-10-18 17:12:35,11151,11151,11151,2
2019-10-18 17:12:35,11151,11151,11151,2
2019-10-18 17:12:35,11151,11151,11151,2
2019-10-18 17:12:39,11151,11151,11151,2
2019-10-18 17:13:28,11152,11152,11152,22
2019-10-18 17:13:48,11152,11152,11152,2
2019-10-18 17:13:55,11152,11152,11152,2
2019-10-18 17:14:05,11152,11152,11152,6
2019-10-18 17:14:05,11152,11152,11152,2
2019-10-18 17:14:05,11152,11152,11152,2
2019-10-18 17:14:05,11152,11152,11152,2
2019-10-18 17:14:11,11152,11152,11152,20
2019-10-18 17:14:40,11152,11152,11152,2
2019-10-18 17:14:40,11152,11152,11152,2
2019-10-18 17:14:42,11152,11152,11152,2
2019-10-18 17:14:45,11152,11152,11152,2
2019-10-18 17:14:46,11152,11152,11152,2
2019-10-18 17:15:12,11153,11153,11153,10
2019-10-18 17:15:13,11153,11153,11153,4
2019-10-18 17:15:30,11153,11153,11153,2
2019-10-18 17:15:42,11153,11153,11153,2
2019-10-18 17:15:55,11152,11152,11152,2
2019-10-18 17:16:08,11153,11153,11153,2
2019-10-18 17:17:10,11153,11153,11153,2
2019-10-18 17:17:10,11153,11153,11153,2
2019-10-18 17:17:15,11153,11153,11153,2
2019-10-18 17:17:15,11153,11153,11153,2
2019-10-18 17:17:36,11152,11152,11152,2
2019-10-18 17:17:38,11152,11152,11152,2
2019-10-18 17:17:47,11152,11152,11152,2
2019-10-18 17:18:04,11153,11153,11153,78
2019-10-18 17:18:28,11154,11154,11154,2
2019-10-18 17:18:28,11154,11154,11154,4
2019-10-18 17:18:29,11154,11154,11154,2
2019-10-18 17:18:29,11154,11154,11154,4
2019-10-18 17:18:30,11154,11154,11154,2
2019-10-18 17:18:35,11154,11154,11154,2
2019-10-18 17:18:37,11154,11154,11154,16
2019-10-18 17:18:41,11154,11154,11154,2
2019-10-18 17:18:44,11154,11154,11154,8
2019-10-18 17:19:03,11154,11154,11154,8
2019-10-18 17:19:03,11154,11154,11154,2
2019-10-18 17:19:06,11155,11155,11155,2
2019-10-18 17:19:07,11155,11155,11155,2
2019-10-18 17:19:07,11155,11155,11155,2
2019-10-18 17:19:08,11155,11155,11155,4
2019-10-18 17:19:15,11154,11154,11154,2
2019-10-18 17:19:15,11154,11154,11154,2
2019-10-18 17:19:15,11154,11154,11154,2
2019-10-18 17:19:20,11153,11153,11153,2
2019-10-18 17:19:22,11153,11153,11153,2
2019-10-18 17:19:23,11154,11154,11154,2
2019-10-18 17:19:30,11153,11153,11153,4
2019-10-18 17:19:30,11153,11153,11153,2
2019-10-18 17:19:30,11153,11153,11153,8
2019-10-18 17:19:33,11153,11153,11153,2
2019-10-18 17:19:35,11153,11153,11153,2
2019-10-18 17:19:51,11153,11153,11153,2
2019-10-18 17:19:52,11153,11153,11153,2
2019-10-18 17:19:52,11153,11153,11153,2
2019-10-18 17:19:54,11154,11154,11154,4
2019-10-18 17:20:02,11153,11153,11153,2
2019-10-18 17:20:02,11153,11153,11153,8
2019-10-18 17:20:08,11154,11154,11154,2
2019-10-18 17:20:35,11153,11153,11153,2
2019-10-18 17:20:36,11153,11153,11153,2
2019-10-18 17:20:37,11153,11153,11153,2
2019-10-18 17:20:38,11153,11153,11153,2
2019-10-18 17:20:39,11153,11153,11153,2
2019-10-18 17:20:41,11153,11153,11153,2
2019-10-18 17:20:52,11154,11154,11154,58
2019-10-18 17:21:02,11154,11154,11154,2
2019-10-18 17:21:03,11154,11154,11154,2
2019-10-18 17:21:03,11154,11154,11154,2
2019-10-18 17:21:03,11154,11154,11154,2
2019-10-18 17:21:05,11154,11154,11154,2
2019-10-18 17:21:10,11155,11155,11155,4
2019-10-18 17:21:15,11155,11155,11155,4
2019-10-18 17:21:28,11154,11154,11154,2
2019-10-18 17:21:30,11155,11155,11155,2
2019-10-18 17:21:33,11154,11154,11154,2
2019-10-18 17:21:41,11154,11154,11154,2
2019-10-18 17:21:43,11155,11155,11155,2
2019-10-18 17:22:07,11155,11155,11155,2
2019-10-18 17:22:10,11155,11155,11155,2
2019-10-18 17:22:11,11154,11154,11154,2
2019-10-18 17:22:11,11154,11154,11154,2
2019-10-18 17:22:12,11154,11154,11154,2
2019-10-18 17:22:18,11154,11154,11154,2
2019-10-18 17:22:18,11154,11154,11154,2
2019-10-18 17:22:24,11155,11155,11155,2
2019-10-18 17:22:33,11154,11154,11154,2
2019-10-18 17:22:35,11155,11155,11155,2
2019-10-18 17:22:39,11155,11155,11155,2
2019-10-18 17:22:39,11155,11155,11155,2
2019-10-18 17:22:42,11155,11155,11155,2
2019-10-18 17:22:52,11154,11154,11154,2
2019-10-18 17:22:52,11154,11154,11154,2
2019-10-18 17:23:21,11154,11154,11154,2
2019-10-18 17:23:44,11154,11154,11154,2
2019-10-18 17:23:44,11154,11154,11154,2
2019-10-18 17:23:44,11154,11154,11154,2
2019-10-18 17:23:44,11154,11154,11154,2
2019-10-18 17:23:59,11154,11154,11154,2
2019-10-18 17:23:59,11154,11154,11154,2
2019-10-18 17:23:59,11154,11154,11154,6
2019-10-18 17:24:02,11154,11154,11154,2
2019-10-18 17:24:06,11154,11154,11154,2
2019-10-18 17:24:06,11154,11154,11154,2
2019-10-18 17:24:06,11154,11154,11154,2
2019-10-18 17:24:06,11154,11154,11154,2
2019-10-18 17:24:06,11153,11153,11153,2
2019-10-18 17:24:07,11154,11154,11154,2
2019-10-18 17:24:30,11155,11155,11155,2
2019-10-18 17:24:30,11155,11155,11155,4
2019-10-18 17:24:30,11155,11155,11155,14
2019-10-18 17:24:30,11155,11155,11155,4
2019-10-18 17:24:31,11155,11155,11155,4
2019-10-18 17:24:31,11155,11155,11155,2
2019-10-18 17:24:31,11155,11155,11155,58
2019-10-18 17:24:38,11155,11155,11155,2
2019-10-18 17:24:54,11155,11155,11155,2
2019-10-18 17:25:04,11155,11155,11155,2
2019-10-18 17:25:05,11155,11155,11155,4
2019-10-18 17:25:09,11156,11156,11156,2
2019-10-18 17:25:09,11156,11156,11156,2
2019-10-18 17:25:10,11156,11156,11156,6
2019-10-18 17:25:10,11156,11156,11156,2
2019-10-18 17:25:10,11156,11156,11156,6
2019-10-18 17:25:13,11156,11156,11156,6
2019-10-18 17:25:14,11156,11156,11156,4
2019-10-18 17:25:14,11156,11156,11156,6
2019-10-18 17:25:16,11156,11156,11156,2
2019-10-18 17:25:17,11156,11156,11156,6
2019-10-18 17:25:20,11156,11156,11156,2
2019-10-18 17:25:24,11156,11156,11156,2
2019-10-18 17:25:24,11156,11156,11156,2
2019-10-18 17:25:24,11156,11156,11156,22
2019-10-18 17:25:24,11156,11156,11156,6
2019-10-18 17:25:24,11156,11156,11156,2
2019-10-18 17:25:24,11156,11156,11156,2
2019-10-18 17:25:24,11156,11156,11156,4
2019-10-18 17:25:24,11156,11156,11156,2
2019-10-18 17:25:24,11156,11156,11156,2
2019-10-18 17:25:24,11156,11156,11156,10
2019-10-18 17:25:34,11157,11157,11157,4
2019-10-18 17:25:34,11156,11156,11156,4
2019-10-18 17:25:34,11156,11156,11156,2
2019-10-18 17:25:34,11157,11157,11157,2
2019-10-18 17:25:34,11156,11156,11156,6
2019-10-18 17:25:34,11156,11156,11156,2
2019-10-18 17:25:34,11156,11156,11156,4
2019-10-18 17:25:34,11157,11157,11157,4
2019-10-18 17:25:34,11156,11156,11156,6
2019-10-18 17:25:35,11156,11156,11156,2
2019-10-18 17:25:35,11157,11157,11157,4
2019-10-18 17:25:37,11157,11157,11157,2
2019-10-18 17:25:37,11157,11157,11157,4
2019-10-18 17:25:37,11157,11157,11157,2
2019-10-18 17:25:37,11157,11157,11157,2
2019-10-18 17:25:39,11157,11157,11157,4
2019-10-18 17:25:40,11157,11157,11157,2
2019-10-18 17:25:40,11157,11157,11157,2
2019-10-18 17:25:41,11157,11157,11157,4
2019-10-18 17:25:42,11157,11157,11157,2
2019-10-18 17:25:43,11158,11158,11158,2
2019-10-18 17:25:43,11158,11158,11158,6
2019-10-18 17:25:43,11158,11158,11158,20
2019-10-18 17:25:43,11158,11158,11158,4
2019-10-18 17:25:43,11158,11158,11158,2
2019-10-18 17:25:43,11157,11157,11157,2
2019-10-18 17:25:43,11158,11158,11158,2
2019-10-18 17:25:43,11158,11158,11158,64
2019-10-18 17:25:44,11159,11159,11159,2
2019-10-18 17:25:44,11159,11159,11159,2
2019-10-18 17:25:44,11159,11159,11159,4
2019-10-18 17:25:44,11159,11159,11159,2
2019-10-18 17:25:44,11159,11159,11159,4
2019-10-18 17:25:44,11159,11159,11159,8
2019-10-18 17:25:44,11158,11158,11158,8
2019-10-18 17:25:44,11158,11158,11158,2
2019-10-18 17:25:44,11159,11159,11159,2
2019-10-18 17:25:44,11159,11159,11159,2
2019-10-18 17:25:44,11159,11159,11159,2
2019-10-18 17:25:44,11158,11158,11158,2
2019-10-18 17:25:44,11158,11158,11158,4
2019-10-18 17:25:44,11159,11159,11159,2
2019-10-18 17:25:44,11158,11158,11158,2
2019-10-18 17:25:44,11158,11158,11158,4
2019-10-18 17:25:44,11159,11159,11159,2
2019-10-18 17:25:44,11159,11159,11159,4
2019-10-18 17:25:44,11159,11159,11159,2
2019-10-18 17:25:44,11158,11158,11158,6
2019-10-18 17:25:44,11159,11159,11159,2
2019-10-18 17:25:44,11160,11160,11160,2
2019-10-18 17:25:44,11159,11159,11159,2
2019-10-18 17:25:44,11159,11159,11159,2
2019-10-18 17:25:44,11159,11159,11159,2
2019-10-18 17:25:44,11159,11159,11159,2
2019-10-18 17:25:44,11159,11159,11159,2
2019-10-18 17:25:44,11159,11159,11159,8
2019-10-18 17:25:44,11160,11160,11160,12
2019-10-18 17:25:44,11160,11160,11160,4
2019-10-18 17:25:44,11160,11160,11160,2
2019-10-18 17:25:44,11160,11160,11160,4
2019-10-18 17:25:44,11160,11160,11160,12
2019-10-18 17:25:44,11160,11160,11160,2
2019-10-18 17:25:45,11160,11160,11160,2
2019-10-18 17:25:45,11160,11160,11160,4
2019-10-18 17:25:45,11160,11160,11160,2
2019-10-18 17:25:45,11160,11160,11160,2
2019-10-18 17:25:45,11160,11160,11160,2
2019-10-18 17:25:45,11160,11160,11160,2
2019-10-18 17:25:45,11160,11160,11160,4
2019-10-18 17:25:46,11160,11160,11160,2
2019-10-18 17:25:47,11160,11160,11160,4
2019-10-18 17:25:49,11160,11160,11160,8
2019-10-18 17:25:50,11160,11160,11160,4
2019-10-18 17:25:50,11160,11160,11160,18
2019-10-18 17:25:53,11160,11160,11160,18
2019-10-18 17:25:53,11160,11160,11160,2
2019-10-18 17:25:54,11160,11160,11160,2
2019-10-18 17:25:55,11160,11160,11160,2
2019-10-18 17:25:56,11160,11160,11160,2
2019-10-18 17:25:56,11160,11160,11160,2
2019-10-18 17:26:01,11159,11159,11159,2
2019-10-18 17:26:03,11160,11160,11160,4
2019-10-18 17:26:06,11160,11160,11160,4
2019-10-18 17:26:07,11161,11161,11161,2
2019-10-18 17:26:07,11161,11161,11161,2
2019-10-18 17:26:07,11161,11161,11161,2
2019-10-18 17:26:07,11161,11161,11161,8
2019-10-18 17:26:07,11161,11161,11161,2
2019-10-18 17:26:07,11161,11161,11161,2
2019-10-18 17:26:07,11161,11161,11161,2
2019-10-18 17:26:07,11161,11161,11161,4
2019-10-18 17:26:07,11161,11161,11161,8
2019-10-18 17:26:07,11160,11160,11160,2
2019-10-18 17:26:07,11161,11161,11161,6
2019-10-18 17:26:08,11161,11161,11161,4
2019-10-18 17:26:10,11160,11160,11160,2
2019-10-18 17:26:11,11161,11161,11161,2
2019-10-18 17:26:13,11161,11161,11161,4
2019-10-18 17:26:13,11162,11162,11162,4
2019-10-18 17:26:13,11161,11161,11161,2
2019-10-18 17:26:13,11162,11162,11162,2
2019-10-18 17:26:13,11162,11162,11162,4
2019-10-18 17:26:13,11162,11162,11162,4
2019-10-18 17:26:13,11162,11162,11162,2
2019-10-18 17:26:13,11162,11162,11162,2
2019-10-18 17:26:13,11162,11162,11162,4
2019-10-18 17:26:13,11162,11162,11162,2
2019-10-18 17:26:13,11162,11162,11162,2
2019-10-18 17:26:14,11161,11161,11161,2
2019-10-18 17:26:14,11161,11161,11161,2
2019-10-18 17:26:14,11161,11161,11161,2
2019-10-18 17:26:15,11161,11161,11161,4
2019-10-18 17:26:16,11161,11161,11161,2
2019-10-18 17:26:17,11161,11161,11161,4
2019-10-18 17:26:17,11161,11161,11161,4
2019-10-18 17:26:17,11161,11161,11161,4
2019-10-18 17:26:17,11161,11161,11161,2
2019-10-18 17:26:17,11161,11161,11161,4
2019-10-18 17:26:18,11160,11160,11160,2
2019-10-18 17:26:20,11160,11160,11160,2
2019-10-18 17:26:24,11161,11161,11161,2
2019-10-18 17:26:24,11161,11161,11161,2
2019-10-18 17:26:24,11162,11162,11162,2
2019-10-18 17:26:26,11161,11161,11161,2
2019-10-18 17:26:26,11161,11161,11161,2
2019-10-18 17:26:31,11162,11162,11162,2
2019-10-18 17:26:33,11161,11161,11161,2
2019-10-18 17:26:33,11161,11161,11161,4
2019-10-18 17:26:33,11161,11161,11161,4
2019-10-18 17:26:34,11161,11161,11161,2
2019-10-18 17:26:34,11161,11161,11161,8
2019-10-18 17:26:35,11162,11162,11162,82
2019-10-18 17:26:37,11163,11163,11163,2
2019-10-18 17:26:37,11162,11162,11162,4
2019-10-18 17:26:37,11163,11163,11163,4
2019-10-18 17:26:37,11162,11162,11162,2
2019-10-18 17:26:37,11162,11162,11162,2
2019-10-18 17:26:37,11161,11161,11161,4
2019-10-18 17:26:37,11163,11163,11163,4
2019-10-18 17:26:38,11163,11163,11163,2
2019-10-18 17:26:39,11162,11162,11162,2
2019-10-18 17:26:39,11161,11161,11161,2
2019-10-18 17:26:40,11161,11161,11161,4
2019-10-18 17:26:40,11161,11161,11161,2
2019-10-18 17:26:42,11161,11161,11161,2
2019-10-18 17:26:43,11162,11162,11162,2
2019-10-18 17:26:43,11162,11162,11162,2
2019-10-18 17:26:44,11162,11162,11162,2
2019-10-18 17:26:48,11162,11162,11162,14
2019-10-18 17:26:49,11162,11162,11162,2
2019-10-18 17:26:50,11161,11161,11161,2
2019-10-18 17:26:57,11161,11161,11161,2
2019-10-18 17:27:03,11161,11161,11161,2
2019-10-18 17:27:04,11162,11162,11162,6
2019-10-18 17:27:04,11163,11163,11163,2
2019-10-18 17:27:07,11162,11162,11162,2
2019-10-18 17:27:09,11162,11162,11162,2
2019-10-18 17:27:10,11162,11162,11162,4
2019-10-18 17:27:11,11162,11162,11162,4
2019-10-18 17:27:13,11162,11162,11162,2
2019-10-18 17:27:13,11162,11162,11162,2
2019-10-18 17:27:17,11162,11162,11162,2
2019-10-18 17:27:17,11161,11161,11161,2
2019-10-18 17:27:17,11161,11161,11161,4
2019-10-18 17:27:17,11162,11162,11162,4
2019-10-18 17:27:17,11162,11162,11162,2
2019-10-18 17:27:17,11162,11162,11162,2
2019-10-18 17:27:17,11161,11161,11161,2
2019-10-18 17:27:18,11162,11162,11162,6
2019-10-18 17:27:18,11162,11162,11162,4
2019-10-18 17:27:21,11163,11163,11163,2
2019-10-18 17:27:21,11162,11162,11162,4
2019-10-18 17:27:24,11162,11162,11162,2
2019-10-18 17:27:24,11162,11162,11162,2
2019-10-18 17:27:25,11162,11162,11162,2
2019-10-18 17:27:27,11162,11162,11162,2
2019-10-18 17:27:28,11162,11162,11162,2
2019-10-18 17:27:30,11162,11162,11162,2
2019-10-18 17:27:32,11163,11163,11163,2
2019-10-18 17:27:33,11162,11162,11162,2
2019-10-18 17:27:36,11163,11163,11163,36
2019-10-18 17:27:37,11162,11162,11162,2
2019-10-18 17:27:37,11162,11162,11162,6
2019-10-18 17:27:37,11163,11163,11163,2
2019-10-18 17:27:39,11162,11162,11162,2
2019-10-18 17:27:40,11162,11162,11162,2
2019-10-18 17:27:42,11162,11162,11162,10
2019-10-18 17:27:42,11162,11162,11162,2
2019-10-18 17:27:42,11162,11162,11162,2
2019-10-18 17:27:42,11162,11162,11162,2
2019-10-18 17:27:42,11162,11162,11162,2
2019-10-18 17:27:42,11162,11162,11162,6
2019-10-18 17:27:42,11162,11162,11162,4
2019-10-18 17:27:42,11162,11162,11162,2
2019-10-18 17:27:45,11163,11163,11163,2
2019-10-18 17:27:45,11163,11163,11163,2
2019-10-18 17:27:47,11163,11163,11163,4
2019-10-18 17:27:47,11163,11163,11163,4
2019-10-18 17:27:49,11162,11162,11162,2
2019-10-18 17:27:50,11162,11162,11162,2
2019-10-18 17:27:57,11163,11163,11163,4
2019-10-18 17:28:01,11162,11162,11162,2
2019-10-18 17:28:01,11162,11162,11162,4
2019-10-18 17:28:01,11162,11162,11162,2
2019-10-18 17:28:01,11162,11162,11162,6
2019-10-18 17:28:01,11162,11162,11162,2
2019-10-18 17:28:01,11162,11162,11162,2
2019-10-18 17:28:01,11162,11162,11162,4
2019-10-18 17:28:01,11162,11162,11162,2
2019-10-18 17:28:01,11162,11162,11162,2
2019-10-18 17:28:02,11163,11163,11163,2
2019-10-18 17:28:02,11163,11163,11163,2
2019-10-18 17:28:02,11163,11163,11163,2
2019-10-18 17:28:02,11163,11163,11163,2
2019-10-18 17:28:07,11162,11162,11162,2
2019-10-18 17:28:07,11162,11162,11162,2
2019-10-18 17:28:08,11162,11162,11162,2
2019-10-18 17:28:08,11163,11163,11163,2
2019-10-18 17:28:08,11161,11161,11161,2
2019-10-18 17:28:09,11162,11162,11162,4
2019-10-18 17:28:09,11163,11163,11163,4
2019-10-18 17:28:11,11162,11162,11162,8
2019-10-18 17:28:15,11162,11162,11162,6
2019-10-18 17:28:16,11162,11162,11162,2
2019-10-18 17:28:18,11162,11162,11162,4
2019-10-18 17:28:22,11162,11162,11162,2
2019-10-18 17:28:23,11162,11162,11162,2
2019-10-18 17:28:23,11162,11162,11162,2
2019-10-18 17:28:26,11162,11162,11162,2
2019-10-18 17:28:33,11161,11161,11161,2
2019-10-18 17:28:34,11162,11162,11162,6
2019-10-18 17:28:38,11162,11162,11162,2
2019-10-18 17:28:43,11161,11161,11161,2
2019-10-18 17:28:43,11161,11161,11161,2
2019-10-18 17:28:46,11162,11162,11162,2
2019-10-18 17:28:47,11161,11161,11161,2
2019-10-18 17:28:48,11162,11162,11162,8
2019-10-18 17:28:49,11161,11161,11161,2
2019-10-18 17:28:54,11162,11162,11162,6
2019-10-18 17:28:54,11161,11161,11161,2
2019-10-18 17:28:56,11161,11161,11161,4
2019-10-18 17:29:01,11162,11162,11162,4
2019-10-18 17:29:05,11162,11162,11162,2
2019-10-18 17:29:06,11162,11162,11162,6
2019-10-18 17:29:10,11162,11162,11162,2
2019-10-18 17:29:13,11162,11162,11162,4
2019-10-18 17:29:13,11162,11162,11162,2
2019-10-18 17:29:16,11162,11162,11162,2
2019-10-18 17:29:18,11162,11162,11162,4
2019-10-18 17:29:20,11162,11162,11162,4
2019-10-18 17:29:24,11162,11162,11162,2
2019-10-18 17:29:26,11162,11162,11162,2
2019-10-18 17:29:27,11162,11162,11162,2
2019-10-18 17:29:29,11162,11162,11162,2
2019-10-18 17:29:29,11161,11161,11161,2
2019-10-18 17:29:33,11161,11161,11161,2
2019-10-18 17:29:36,11162,11162,11162,2
2019-10-18 17:29:44,11161,11161,11161,2
2019-10-18 17:29:49,11161,11161,11161,2
2019-10-18 17:29:49,11161,11161,11161,2
2019-10-18 17:29:49,11161,11161,11161,10
2019-10-18 17:29:49,11161,11161,11161,2
2019-10-18 17:29:49,11161,11161,11161,2
2019-10-18 17:29:49,11161,11161,11161,2
2019-10-18 17:29:49,11161,11161,11161,12
2019-10-18 17:29:49,11161,11161,11161,10
2019-10-18 17:29:49,11161,11161,11161,2
2019-10-18 17:29:49,11161,11161,11161,2
2019-10-18 17:29:49,11161,11161,11161,2
2019-10-18 17:29:50,11161,11161,11161,2
2019-10-18 17:29:50,11161,11161,11161,4
2019-10-18 17:29:50,11161,11161,11161,6
2019-10-18 17:29:54,11161,11161,11161,2
2019-10-18 17:29:58,11161,11161,11161,2
2019-10-18 17:30:02,11161,11161,11161,2
2019-10-18 17:30:02,11161,11161,11161,2
2019-10-18 17:30:02,11161,11161,11161,2
2019-10-18 17:30:05,11161,11161,11161,2
2019-10-18 17:30:05,11161,11161,11161,6
2019-10-18 17:30:15,11162,11162,11162,2
2019-10-18 17:30:22,11161,11161,11161,2
2019-10-18 17:30:36,11161,11161,11161,2
2019-10-18 17:30:36,11161,11161,11161,2
2019-10-18 17:30:37,11161,11161,11161,2
2019-10-18 17:30:37,11161,11161,11161,2
2019-10-18 17:30:39,11161,11161,11161,10
2019-10-18 17:30:39,11161,11161,11161,2
2019-10-18 17:30:39,11161,11161,11161,2
2019-10-18 17:30:39,11161,11161,11161,2
2019-10-18 17:30:41,11160,11160,11160,4
2019-10-18 17:30:42,11160,11160,11160,2
2019-10-18 17:30:42,11160,11160,11160,2
2019-10-18 17:30:44,11160,11160,11160,2
2019-10-18 17:30:47,11160,11160,11160,2
2019-10-18 17:30:54,11160,11160,11160,2
2019-10-18 17:30:56,11160,11160,11160,2
2019-10-18 17:31:02,11160,11160,11160,2
2019-10-18 17:31:03,11160,11160,11160,2
2019-10-18 17:31:15,11160,11160,11160,2
2019-10-18 17:31:22,11160,11160,11160,2
2019-10-18 17:31:23,11160,11160,11160,2
2019-10-18 17:31:28,11160,11160,11160,2
2019-10-18 17:31:32,11160,11160,11160,2
2019-10-18 17:31:34,11160,11160,11160,2
2019-10-18 17:31:36,11160,11160,11160,2
2019-10-18 17:31:36,11160,11160,11160,2
2019-10-18 17:31:36,11160,11160,11160,2
2019-10-18 17:31:36,11160,11160,11160,2
2019-10-18 17:31:36,11160,11160,11160,2
2019-10-18 17:31:41,11161,11161,11161,4
2019-10-18 17:31:45,11160,11160,11160,4
2019-10-18 17:31:45,11161,11161,11161,4
2019-10-18 17:31:46,11160,11160,11160,2
2019-10-18 17:31:51,11161,11161,11161,10
2019-10-18 17:31:51,11161,11161,11161,10
2019-10-18 17:31:54,11161,11161,11161,4
2019-10-18 17:31:55,11161,11161,11161,2
2019-10-18 17:31:56,11161,11161,11161,2
2019-10-18 17:32:06,11161,11161,11161,2
2019-10-18 17:32:07,11161,11161,11161,2
2019-10-18 17:32:16,11161,11161,11161,2
2019-10-18 17:32:17,11161,11161,11161,4
2019-10-18 17:32:23,11161,11161,11161,10
2019-10-18 17:32:24,11161,11161,11161,2
2019-10-18 17:32:25,11161,11161,11161,2
2019-10-18 17:32:25,11161,11161,11161,4
2019-10-18 17:32:25,11161,11161,11161,2
2019-10-18 17:32:29,11161,11161,11161,2
2019-10-18 17:32:31,11161,11161,11161,6
2019-10-18 17:32:31,11161,11161,11161,2
2019-10-18 17:32:31,11161,11161,11161,2
2019-10-18 17:32:43,11161,11161,11161,2
2019-10-18 17:32:47,11161,11161,11161,2
2019-10-18 17:32:57,11161,11161,11161,2
2019-10-18 17:33:13,11160,11160,11160,2
