2019-08-21 15:00:00.089,10495,10496,10496,52,52
2019-08-21 15:00:00.098,10495,10496,10496,7,7
2019-08-21 15:00:00.098,10495,10496,10497,13,13
2019-08-21 15:00:00.115,10495,10497,10497,6,6
2019-08-21 15:00:00.115,10495,10497,10498,15,15
2019-08-21 15:00:00.128,10495,10498,10495,2,-2
2019-08-21 15:00:00.128,10495,10498,10498,5,5
2019-08-21 15:00:00.129,10495,10498,10498,3,3
2019-08-21 15:00:00.129,10495,10498,10499,8,8
2019-08-21 15:00:00.129,10495,10498,10499,13,13
2019-08-21 15:00:00.162,10495,10498,10499,20,20
2019-08-21 15:00:00.185,10495,10498,10495,4,-4
2019-08-21 15:00:00.192,10495,10498,10499,1,1
2019-08-21 15:00:00.261,10494,10499,10499,3,3
2019-08-21 15:00:00.261,10494,10499,10500,30,30
2019-08-21 15:00:00.262,10494,10499,10500,9,9
2019-08-21 15:00:00.262,10494,10499,10501,24,24
2019-08-21 15:00:00.288,10494,10499,10501,1,1
2019-08-21 15:00:00.369,10499,10501,10500,2,-2
2019-08-21 15:00:00.369,10499,10501,10499,1,-1
2019-08-21 15:00:00.370,10499,10501,10501,4,4
2019-08-21 15:00:00.394,10499,10501,10502,12,12
2019-08-21 15:00:00.394,10499,10501,10503,1,1
2019-08-21 15:00:00.398,10499,10501,10503,2,2
2019-08-21 15:00:00.453,10499,10501,10503,12,12
2019-08-21 15:00:00.454,10499,10501,10503,9,9
2019-08-21 15:00:00.454,10499,10501,10504,4,4
2019-08-21 15:00:00.454,10499,10501,10504,8,8
2019-08-21 15:00:00.454,10499,10501,10505,1,1
2019-08-21 15:00:00.517,10501,10505,10505,8,8
2019-08-21 15:00:00.518,10501,10505,10503,1,-1
2019-08-21 15:00:00.518,10501,10505,10503,1,-1
2019-08-21 15:00:00.521,10501,10505,10505,6,6
2019-08-21 15:00:00.539,10501,10505,10505,2,2
2019-08-21 15:00:00.546,10501,10505,10505,1,1
2019-08-21 15:00:00.553,10501,10505,10503,1,-1
2019-08-21 15:00:00.563,10501,10505,10503,3,-3
2019-08-21 15:00:00.573,10501,10505,10505,1,1
2019-08-21 15:00:00.575,10501,10505,10503,1,-1
2019-08-21 15:00:00.584,10501,10505,10505,8,8
2019-08-21 15:00:00.612,10501,10505,10503,2,-2
2019-08-21 15:00:00.612,10501,10505,10505,8,8
2019-08-21 15:00:00.646,10503,10505,10504,1,-1
2019-08-21 15:00:00.655,10503,10505,10505,1,1
2019-08-21 15:00:00.655,10503,10505,10506,4,4
2019-08-21 15:00:00.655,10503,10505,10507,1,1
2019-08-21 15:00:00.676,10503,10505,10507,6,6
2019-08-21 15:00:00.698,10503,10505,10507,5,5
2019-08-21 15:00:00.698,10503,10505,10508,1,1
2019-08-21 15:00:00.707,10503,10505,10508,4,4
2019-08-21 15:00:00.784,10504,10508,10508,6,6
2019-08-21 15:00:00.807,10504,10508,10508,1,1
2019-08-21 15:00:00.814,10504,10508,10508,1,1
2019-08-21 15:00:00.839,10504,10508,10508,1,1
2019-08-21 15:00:00.847,10504,10508,10509,1,1
2019-08-21 15:00:00.848,10504,10508,10509,1,1
2019-08-21 15:00:00.879,10506,10509,10509,1,1
2019-08-21 15:00:00.912,10506,10509,10509,1,1
2019-08-21 15:00:00.912,10506,10509,10509,4,4
2019-08-21 15:00:00.956,10506,10509,10507,1,-1
2019-08-21 15:00:00.957,10506,10509,10506,3,-3
2019-08-21 15:00:00.987,10506,10509,10508,1,1
2019-08-21 15:00:00.991,10506,10509,10506,1,-1
2019-08-21 15:00:01.017,10506,10508,10506,1,-1
2019-08-21 15:00:01.034,10506,10508,10504,1,-1
2019-08-21 15:00:01.094,10506,10508,10507,1,1
2019-08-21 15:00:01.094,10506,10508,10507,1,-1
2019-08-21 15:00:01.097,10506,10508,10506,2,-2
2019-08-21 15:00:01.102,10506,10508,10506,1,-1
2019-08-21 15:00:01.118,10507,10508,10507,2,2
2019-08-21 15:00:01.118,10507,10508,10507,1,-1
2019-08-21 15:00:01.132,10507,10508,10507,11,-11
2019-08-21 15:00:01.148,10507,10508,10507,3,-3
2019-08-21 15:00:01.154,10507,10508,10508,3,3
2019-08-21 15:00:01.177,10507,10508,10508,1,1
2019-08-21 15:00:01.193,10507,10508,10507,1,-1
2019-08-21 15:00:01.199,10507,10508,10507,20,-20
2019-08-21 15:00:01.475,10505,10507,10505,1,-1
2019-08-21 15:00:01.475,10505,10507,10502,2,-2
2019-08-21 15:00:01.475,10505,10507,10501,3,-3
2019-08-21 15:00:01.531,10500,10506,10501,2,-2
2019-08-21 15:00:01.531,10500,10506,10499,9,-9
2019-08-21 15:00:01.531,10500,10506,10497,1,-1
2019-08-21 15:00:01.601,10500,10506,10505,1,1
2019-08-21 15:00:01.601,10500,10506,10500,2,-2
2019-08-21 15:00:01.601,10500,10506,10497,3,-3
2019-08-21 15:00:01.624,10496,10506,10505,4,4
2019-08-21 15:00:01.801,10497,10505,10497,1,-1
2019-08-21 15:00:01.957,10497,10504,10498,1,1
2019-08-21 15:00:02.094,10498,10503,10503,1,1
2019-08-21 15:00:02.094,10498,10503,10503,1,1
2019-08-21 15:00:02.094,10498,10503,10503,7,7
2019-08-21 15:00:02.094,10498,10503,10504,4,4
2019-08-21 15:00:02.094,10498,10503,10504,4,4
2019-08-21 15:00:02.094,10498,10503,10505,2,2
2019-08-21 15:00:02.094,10498,10503,10506,1,1
2019-08-21 15:00:02.603,10503,10506,10505,2,-2
2019-08-21 15:00:02.603,10503,10506,10506,1,1
2019-08-21 15:00:02.603,10503,10506,10507,3,3
2019-08-21 15:00:02.657,10504,10506,10506,1,1
2019-08-21 15:00:02.657,10504,10506,10507,5,5
2019-08-21 15:00:02.724,10504,10506,10504,2,-2
2019-08-21 15:00:02.724,10504,10506,10503,2,-2
2019-08-21 15:00:02.870,10504,10506,10506,2,2
2019-08-21 15:00:02.925,10504,10506,10504,2,-2
2019-08-21 15:00:02.925,10504,10506,10503,2,-2
2019-08-21 15:00:03.223,10504,10506,10504,1,1
2019-08-21 15:00:03.301,10503,10506,10503,3,-3
2019-08-21 15:00:03.583,10503,10506,10503,3,-3
2019-08-21 15:00:03.583,10503,10506,10502,3,-3
2019-08-21 15:00:03.620,10502,10506,10502,2,-2
2019-08-21 15:00:03.620,10502,10506,10501,3,-3
2019-08-21 15:00:03.620,10502,10506,10500,1,-1
2019-08-21 15:00:03.668,10502,10506,10505,1,1
2019-08-21 15:00:03.673,10502,10506,10501,5,-5
2019-08-21 15:00:03.673,10502,10506,10500,3,-3
2019-08-21 15:00:03.692,10502,10506,10505,1,1
2019-08-21 15:00:03.719,10502,10506,10497,2,-2
2019-08-21 15:00:03.719,10502,10506,10496,5,-5
2019-08-21 15:00:03.719,10502,10506,10495,1,-1
2019-08-21 15:00:03.729,10502,10506,10495,3,-3
2019-08-21 15:00:03.757,10495,10505,10495,2,-2
2019-08-21 15:00:03.788,10495,10505,10495,1,-1
2019-08-21 15:00:03.828,10495,10505,10504,4,4
2019-08-21 15:00:03.965,10495,10504,10501,1,-1
2019-08-21 15:00:03.965,10495,10504,10503,1,1
2019-08-21 15:00:03.965,10495,10504,10505,1,1
2019-08-21 15:00:03.965,10495,10504,10506,5,5
2019-08-21 15:00:03.993,10496,10506,10505,2,-2
2019-08-21 15:00:03.993,10496,10506,10506,6,6
2019-08-21 15:00:04.013,10496,10506,10506,3,3
2019-08-21 15:00:04.013,10496,10506,10507,3,3
2019-08-21 15:00:04.013,10496,10506,10508,2,2
2019-08-21 15:00:04.033,10496,10506,10496,3,-3
2019-08-21 15:00:04.033,10496,10506,10495,1,-1
2019-08-21 15:00:04.033,10496,10506,10494,4,-4
2019-08-21 15:00:04.037,10496,10506,10508,2,2
2019-08-21 15:00:04.037,10496,10506,10509,2,2
2019-08-21 15:00:04.052,10496,10506,10496,2,-2
2019-08-21 15:00:04.052,10496,10506,10495,2,-2
2019-08-21 15:00:04.052,10496,10506,10494,4,-4
2019-08-21 15:00:04.069,10496,10506,10496,2,2
2019-08-21 15:00:04.069,10496,10506,10494,2,-2
2019-08-21 15:00:04.069,10496,10506,10493,4,-4
2019-08-21 15:00:04.242,10507,10508,10507,4,4
2019-08-21 15:00:04.245,10507,10508,10508,1,1
2019-08-21 15:00:04.492,10505,10507,10505,1,-1
2019-08-21 15:00:04.533,10505,10507,10498,1,-1
2019-08-21 15:00:04.577,10505,10507,10506,3,3
2019-08-21 15:00:04.577,10505,10507,10507,1,1
2019-08-21 15:00:04.577,10505,10507,10508,1,1
2019-08-21 15:00:04.577,10505,10507,10509,3,3
2019-08-21 15:00:04.620,10498,10509,10509,6,6
2019-08-21 15:00:04.640,10498,10509,10509,1,1
2019-08-21 15:00:04.640,10498,10509,10510,7,7
2019-08-21 15:00:04.644,10498,10509,10510,4,4
2019-08-21 15:00:04.644,10498,10509,10511,2,2
2019-08-21 15:00:04.666,10498,10509,10511,5,5
2019-08-21 15:00:04.666,10498,10509,10512,3,3
2019-08-21 15:00:04.734,10498,10509,10499,2,-2
2019-08-21 15:00:04.734,10498,10509,10498,2,-2
2019-08-21 15:00:04.774,10498,10508,10508,2,2
2019-08-21 15:00:04.774,10498,10508,10511,2,2
2019-08-21 15:00:04.774,10498,10508,10512,3,3
2019-08-21 15:00:04.776,10498,10508,10508,2,2
2019-08-21 15:00:04.776,10498,10508,10513,2,2
2019-08-21 15:00:04.781,10498,10508,10508,2,2
2019-08-21 15:00:04.781,10498,10508,10514,2,2
2019-08-21 15:00:04.782,10498,10508,10508,2,2
2019-08-21 15:00:04.783,10498,10508,10514,3,3
2019-08-21 15:00:04.783,10498,10508,10516,1,1
2019-08-21 15:00:04.784,10498,10508,10508,1,1
2019-08-21 15:00:04.798,10498,10508,10508,1,1
2019-08-21 15:00:04.799,10498,10508,10508,2,2
2019-08-21 15:00:04.833,10498,10508,10505,5,-5
2019-08-21 15:00:04.842,10498,10508,10507,1,1
2019-08-21 15:00:04.876,10504,10507,10507,1,1
2019-08-21 15:00:04.876,10504,10507,10508,2,2
2019-08-21 15:00:05.130,10501,10508,10508,1,1
2019-08-21 15:00:05.186,10501,10508,10508,10,10
2019-08-21 15:00:05.191,10501,10508,10509,1,1
2019-08-21 15:00:05.312,10501,10507,10507,1,1
2019-08-21 15:00:05.563,10502,10507,10503,2,-2
2019-08-21 15:00:05.563,10502,10507,10502,4,-4
2019-08-21 15:00:05.592,10502,10507,10501,4,-4
2019-08-21 15:00:05.592,10502,10507,10500,2,-2
2019-08-21 15:00:05.694,10500,10506,10500,2,-2
2019-08-21 15:00:05.694,10500,10506,10497,5,-5
2019-08-21 15:00:05.694,10500,10506,10496,1,-1
2019-08-21 15:00:05.694,10500,10506,10496,1,-1
2019-08-21 15:00:05.694,10500,10506,10495,1,-1
2019-08-21 15:00:05.694,10500,10506,10493,1,-1
2019-08-21 15:00:05.694,10500,10506,10492,5,-5
2019-08-21 15:00:05.732,10500,10506,10500,2,2
2019-08-21 15:00:05.732,10500,10506,10491,2,-2
2019-08-21 15:00:05.797,10491,10506,10500,1,1
2019-08-21 15:00:05.808,10491,10506,10492,1,-1
2019-08-21 15:00:05.808,10491,10506,10491,9,-9
2019-08-21 15:00:05.880,10491,10503,10491,1,-1
2019-08-21 15:00:05.892,10491,10503,10491,1,-1
2019-08-21 15:00:05.893,10491,10503,10491,1,-1
2019-08-21 15:00:05.907,10491,10503,10491,1,-1
2019-08-21 15:00:05.983,10491,10503,10491,1,-1
2019-08-21 15:00:06.037,10491,10502,10502,2,2
2019-08-21 15:00:06.037,10491,10502,10505,2,2
2019-08-21 15:00:06.065,10491,10502,10492,1,-1
2019-08-21 15:00:06.075,10491,10502,10492,1,-1
2019-08-21 15:00:06.129,10491,10506,10506,4,4
2019-08-21 15:00:06.129,10491,10506,10507,3,3
2019-08-21 15:00:06.129,10491,10506,10508,4,4
2019-08-21 15:00:06.129,10491,10506,10509,14,14
2019-08-21 15:00:06.129,10491,10506,10510,9,9
2019-08-21 15:00:06.129,10491,10506,10514,4,4
2019-08-21 15:00:06.129,10491,10506,10515,9,9
2019-08-21 15:00:06.129,10491,10506,10516,7,7
2019-08-21 15:00:06.129,10491,10506,10517,1,1
2019-08-21 15:00:06.129,10491,10506,10518,2,2
2019-08-21 15:00:06.129,10491,10506,10520,9,9
2019-08-21 15:00:06.157,10491,10506,10492,1,-1
2019-08-21 15:00:06.207,10491,10506,10492,1,-1
2019-08-21 15:00:06.207,10491,10506,10492,1,-1
2019-08-21 15:00:06.266,10491,10523,10491,1,-1
2019-08-21 15:00:06.467,10491,10522,10522,1,1
2019-08-21 15:00:06.527,10492,10522,10492,3,-3
2019-08-21 15:00:06.527,10492,10522,10491,8,-8
2019-08-21 15:00:06.560,10492,10522,10505,1,1
2019-08-21 15:00:06.560,10492,10522,10521,2,2
2019-08-21 15:00:06.560,10492,10522,10522,3,3
2019-08-21 15:00:06.560,10492,10522,10523,2,2
2019-08-21 15:00:06.576,10492,10522,10523,2,2
2019-08-21 15:00:06.576,10492,10522,10525,4,4
2019-08-21 15:00:06.583,10492,10522,10492,2,-2
2019-08-21 15:00:06.583,10492,10522,10491,9,-9
2019-08-21 15:00:06.610,10492,10522,10525,2,2
2019-08-21 15:00:06.610,10492,10522,10526,3,3
2019-08-21 15:00:06.610,10492,10522,10527,3,3
2019-08-21 15:00:06.615,10492,10522,10527,3,3
2019-08-21 15:00:06.615,10492,10522,10528,3,3
2019-08-21 15:00:06.642,10492,10528,10527,2,-2
2019-08-21 15:00:06.642,10492,10528,10528,6,6
2019-08-21 15:00:06.732,10492,10528,10495,4,-4
2019-08-21 15:00:06.732,10492,10528,10493,2,-2
2019-08-21 15:00:06.732,10492,10528,10492,2,-2
2019-08-21 15:00:06.732,10492,10528,10491,3,-3
2019-08-21 15:00:06.735,10492,10528,10527,2,2
2019-08-21 15:00:06.735,10492,10528,10528,2,2
2019-08-21 15:00:06.797,10493,10528,10507,2,-2
2019-08-21 15:00:06.875,10493,10528,10527,2,2
2019-08-21 15:00:06.875,10493,10528,10528,4,4
2019-08-21 15:00:06.894,10493,10528,10494,2,-2
2019-08-21 15:00:06.894,10493,10528,10493,4,-4
2019-08-21 15:00:06.894,10493,10528,10492,2,-2
2019-08-21 15:00:06.894,10493,10528,10491,1,-1
2019-08-21 15:00:06.894,10493,10528,10490,2,-2
2019-08-21 15:00:07.051,10490,10527,10503,5,5
2019-08-21 15:00:07.051,10490,10527,10491,2,-2
2019-08-21 15:00:07.051,10490,10527,10490,4,-4
2019-08-21 15:00:07.071,10490,10527,10527,3,3
2019-08-21 15:00:07.210,10492,10527,10526,1,-1
2019-08-21 15:00:07.210,10492,10527,10527,1,1
2019-08-21 15:00:07.210,10492,10527,10528,9,9
2019-08-21 15:00:07.380,10493,10526,10526,2,2
2019-08-21 15:00:07.380,10493,10526,10527,4,4
2019-08-21 15:00:07.380,10493,10526,10528,5,5
2019-08-21 15:00:07.509,10494,10526,10525,2,-2
2019-08-21 15:00:07.509,10494,10526,10526,2,2
2019-08-21 15:00:07.509,10494,10526,10528,7,7
2019-08-21 15:00:07.603,10494,10526,10494,3,-3
2019-08-21 15:00:07.603,10494,10526,10493,3,-3
2019-08-21 15:00:07.617,10494,10496,10496,1,1
2019-08-21 15:00:07.636,10494,10496,10496,5,5
2019-08-21 15:00:07.636,10494,10496,10495,3,-3
2019-08-21 15:00:07.664,10494,10496,10526,2,2
2019-08-21 15:00:07.664,10494,10496,10528,9,9
2019-08-21 15:00:07.684,10494,10496,10495,7,-7
2019-08-21 15:00:07.684,10494,10496,10494,1,-1
2019-08-21 15:00:07.703,10494,10496,10495,1,1
2019-08-21 15:00:07.703,10494,10496,10494,1,-1
2019-08-21 15:00:07.703,10494,10496,10493,1,-1
2019-08-21 15:00:07.703,10494,10496,10492,3,-3
2019-08-21 15:00:07.711,10494,10496,10495,1,1
2019-08-21 15:00:07.711,10494,10496,10492,1,-1
2019-08-21 15:00:07.711,10494,10496,10491,2,-2
2019-08-21 15:00:07.711,10494,10496,10490,4,-4
2019-08-21 15:00:07.764,10495,10506,10496,5,5
2019-08-21 15:00:07.764,10495,10506,10505,2,2
2019-08-21 15:00:07.764,10495,10506,10506,4,4
2019-08-21 15:00:07.823,10495,10506,10496,1,-1
2019-08-21 15:00:07.889,10495,10505,10505,1,1
2019-08-21 15:00:07.889,10495,10505,10506,1,1
2019-08-21 15:00:07.889,10495,10505,10528,1,1
2019-08-21 15:00:07.889,10495,10505,10529,3,3
2019-08-21 15:00:07.889,10495,10505,10530,5,5
2019-08-21 15:00:07.947,10495,10505,10495,3,-3
2019-08-21 15:00:07.947,10495,10505,10490,8,-8
2019-08-21 15:00:08.038,10490,10505,10490,4,-4
2019-08-21 15:00:08.152,10494,10504,10494,4,4
2019-08-21 15:00:08.152,10494,10504,10490,2,-2
2019-08-21 15:00:08.152,10494,10504,10489,5,-5
2019-08-21 15:00:08.241,10494,10504,10494,2,2
2019-08-21 15:00:08.241,10494,10504,10489,2,-2
2019-08-21 15:00:08.291,10489,10504,10494,2,2
2019-08-21 15:00:08.291,10489,10504,10489,3,-3
2019-08-21 15:00:08.291,10489,10504,10488,6,-6
2019-08-21 15:00:08.434,10497,10504,10504,4,4
2019-08-21 15:00:08.434,10497,10504,10505,2,2
2019-08-21 15:00:08.434,10497,10504,10506,2,2
2019-08-21 15:00:08.434,10497,10504,10511,2,2
2019-08-21 15:00:08.452,10497,10504,10498,2,-2
2019-08-21 15:00:08.452,10497,10504,10497,4,-4
2019-08-21 15:00:08.452,10497,10504,10492,1,-1
2019-08-21 15:00:08.452,10497,10504,10490,4,-4
2019-08-21 15:00:08.518,10497,10504,10503,2,2
2019-08-21 15:00:08.518,10497,10504,10504,2,2
2019-08-21 15:00:08.518,10497,10504,10511,1,1
2019-08-21 15:00:08.518,10497,10504,10525,1,1
2019-08-21 15:00:08.535,10497,10504,10498,2,-2
2019-08-21 15:00:08.551,10497,10504,10497,2,-2
2019-08-21 15:00:08.593,10497,10504,10499,1,1
2019-08-21 15:00:08.593,10497,10504,10503,2,2
2019-08-21 15:00:08.593,10497,10504,10530,5,5
2019-08-21 15:00:08.599,10497,10504,10504,2,2
2019-08-21 15:00:08.599,10497,10504,10530,4,4
2019-08-21 15:00:08.677,10498,10530,10504,2,-2
2019-08-21 15:00:08.677,10498,10530,10509,5,5
2019-08-21 15:00:08.677,10498,10530,10527,1,1
2019-08-21 15:00:08.711,10498,10530,10498,4,-4
2019-08-21 15:00:08.711,10498,10530,10497,2,-2
2019-08-21 15:00:08.711,10498,10530,10489,2,-2
2019-08-21 15:00:08.711,10498,10530,10488,3,-3
2019-08-21 15:00:08.878,10498,10502,10502,4,4
2019-08-21 15:00:08.878,10498,10502,10527,4,4
2019-08-21 15:00:08.946,10498,10502,10503,10,10
2019-08-21 15:00:08.946,10498,10502,10530,1,1
2019-08-21 15:00:09.043,10498,10511,10510,2,-2
2019-08-21 15:00:09.043,10498,10511,10511,2,2
2019-08-21 15:00:09.044,10498,10511,10498,2,-2
2019-08-21 15:00:09.044,10498,10511,10488,9,-9
2019-08-21 15:00:09.099,10498,10511,10498,2,2
2019-08-21 15:00:09.099,10498,10511,10492,2,-2
2019-08-21 15:00:09.099,10498,10511,10488,7,-7
2019-08-21 15:00:09.323,10498,10501,10500,2,2
2019-08-21 15:00:09.323,10498,10501,10501,9,9
2019-08-21 15:00:09.367,10498,10501,10501,1,1
2019-08-21 15:00:09.426,10498,10501,10498,2,-2
2019-08-21 15:00:09.436,10498,10501,10511,1,1
2019-08-21 15:00:09.436,10498,10501,10530,10,10
2019-08-21 15:00:09.495,10487,10530,10529,2,-2
2019-08-21 15:00:09.495,10487,10530,10530,9,9
2019-08-21 15:00:09.545,10487,10530,10488,2,-2
2019-08-21 15:00:09.545,10487,10530,10487,6,-6
2019-08-21 15:00:09.564,10487,10530,10487,6,-6
2019-08-21 15:00:09.685,10487,10502,10488,6,6
2019-08-21 15:00:09.700,10487,10502,10501,2,2
2019-08-21 15:00:09.700,10487,10502,10502,9,9
2019-08-21 15:00:09.736,10487,10502,10488,2,-2
2019-08-21 15:00:09.736,10487,10502,10487,6,-6
2019-08-21 15:00:09.742,10487,10501,10502,3,3
2019-08-21 15:00:09.742,10487,10501,10530,1,1
2019-08-21 15:00:09.800,10487,10501,10488,3,-3
2019-08-21 15:00:09.800,10487,10501,10487,4,-4
2019-08-21 15:00:09.800,10487,10501,10486,1,-1
2019-08-21 15:00:09.818,10487,10501,10486,11,-11
2019-08-21 15:00:09.926,10485,10506,10486,6,-6
2019-08-21 15:00:09.926,10485,10506,10485,5,-5
2019-08-21 15:00:10.051,10494,10505,10505,4,4
2019-08-21 15:00:10.051,10494,10505,10506,2,2
2019-08-21 15:00:10.051,10494,10505,10519,1,1
2019-08-21 15:00:10.051,10494,10505,10524,1,1
2019-08-21 15:00:10.051,10494,10505,10530,3,3
2019-08-21 15:00:10.191,10495,10505,10504,1,-1
2019-08-21 15:00:10.264,10495,10504,10496,2,-2
2019-08-21 15:00:10.264,10495,10504,10495,4,-4
2019-08-21 15:00:10.264,10495,10504,10494,3,-3
2019-08-21 15:00:10.264,10495,10504,10485,2,-2
2019-08-21 15:00:10.439,10490,10505,10504,2,2
2019-08-21 15:00:10.439,10490,10505,10505,9,9
2019-08-21 15:00:10.553,10491,10505,10491,1,-1
2019-08-21 15:00:10.553,10491,10505,10490,2,-2
2019-08-21 15:00:10.553,10491,10505,10485,8,-8
2019-08-21 15:00:10.562,10491,10505,10503,6,6
2019-08-21 15:00:10.569,10491,10505,10503,4,-4
2019-08-21 15:00:10.569,10491,10505,10505,2,2
2019-08-21 15:00:10.569,10491,10505,10514,2,2
2019-08-21 15:00:10.574,10491,10505,10490,2,-2
2019-08-21 15:00:10.574,10491,10505,10485,2,-2
2019-08-21 15:00:10.642,10485,10514,10513,2,2
2019-08-21 15:00:10.642,10485,10514,10514,4,4
2019-08-21 15:00:10.711,10485,10514,10514,4,4
2019-08-21 15:00:10.711,10485,10514,10527,1,1
2019-08-21 15:00:10.711,10485,10514,10530,3,3
2019-08-21 15:00:10.762,10486,10514,10486,4,-4
2019-08-21 15:00:10.762,10486,10514,10485,7,-7
2019-08-21 15:00:10.765,10486,10514,10514,4,4
2019-08-21 15:00:10.765,10486,10514,10530,4,4
2019-08-21 15:00:10.769,10486,10514,10486,2,-2
2019-08-21 15:00:10.769,10486,10514,10485,2,-2
2019-08-21 15:00:10.872,10487,10514,10514,2,2
2019-08-21 15:00:10.872,10487,10514,10530,7,7
2019-08-21 15:00:10.872,10487,10514,10531,2,2
2019-08-21 15:00:11.003,10488,10514,10514,2,2
2019-08-21 15:00:11.003,10488,10514,10527,1,1
2019-08-21 15:00:11.003,10488,10514,10531,8,8
2019-08-21 15:00:11.195,10498,10503,10503,1,1
2019-08-21 15:00:11.209,10498,10503,10503,1,1
2019-08-21 15:00:11.209,10498,10503,10504,1,1
2019-08-21 15:00:11.385,10499,10504,10504,1,1
2019-08-21 15:00:11.428,10499,10504,10499,1,-1
2019-08-21 15:00:11.428,10499,10504,10498,3,-3
2019-08-21 15:00:11.428,10499,10504,10494,1,-1
2019-08-21 15:00:11.428,10499,10504,10492,1,-1
2019-08-21 15:00:11.470,10499,10504,10504,1,1
2019-08-21 15:00:11.470,10499,10504,10512,1,1
2019-08-21 15:00:11.470,10499,10504,10514,4,4
2019-08-21 15:00:11.470,10499,10504,10531,2,2
2019-08-21 15:00:11.470,10499,10504,10532,1,1
2019-08-21 15:00:11.470,10499,10504,10533,1,1
2019-08-21 15:00:11.470,10499,10504,10534,1,1
2019-08-21 15:00:11.548,10498,10535,10514,1,-1
2019-08-21 15:00:11.548,10498,10535,10532,1,1
2019-08-21 15:00:11.578,10498,10535,10532,2,-2
2019-08-21 15:00:11.647,10498,10532,10532,3,3
2019-08-21 15:00:11.647,10498,10532,10535,8,8
2019-08-21 15:00:11.670,10498,10532,10498,2,-2
2019-08-21 15:00:11.670,10498,10532,10493,1,-1
2019-08-21 15:00:11.670,10498,10532,10492,1,-1
2019-08-21 15:00:11.670,10498,10532,10490,2,-2
2019-08-21 15:00:11.672,10498,10532,10531,1,1
2019-08-21 15:00:11.672,10498,10532,10533,3,3
2019-08-21 15:00:11.761,10498,10514,10499,2,-2
2019-08-21 15:00:11.761,10498,10514,10498,2,-2
2019-08-21 15:00:11.761,10498,10514,10490,5,-5
2019-08-21 15:00:11.761,10498,10514,10488,2,-2
2019-08-21 15:00:11.791,10498,10514,10513,2,2
2019-08-21 15:00:11.803,10498,10514,10513,2,-2
2019-08-21 15:00:11.876,10487,10514,10513,1,-1
2019-08-21 15:00:11.876,10487,10514,10514,3,3
2019-08-21 15:00:11.909,10487,10514,10510,1,-1
2019-08-21 15:00:11.909,10487,10514,10510,1,-1
2019-08-21 15:00:11.910,10487,10514,10498,2,-2
2019-08-21 15:00:11.910,10487,10514,10488,1,-1
2019-08-21 15:00:11.910,10487,10514,10487,3,-3
2019-08-21 15:00:11.910,10487,10514,10485,5,-5
2019-08-21 15:00:12.034,10488,10513,10485,2,-2
2019-08-21 15:00:12.034,10488,10513,10484,4,-4
2019-08-21 15:00:12.034,10488,10513,10483,2,-2
2019-08-21 15:00:12.136,10499,10513,10500,1,1
2019-08-21 15:00:12.136,10499,10513,10499,1,-1
2019-08-21 15:00:12.136,10499,10513,10483,9,-9
2019-08-21 15:00:12.281,10499,10512,10484,2,2
2019-08-21 15:00:12.281,10499,10512,10483,9,-9
2019-08-21 15:00:12.335,10499,10512,10512,4,4
2019-08-21 15:00:12.335,10499,10512,10513,2,2
2019-08-21 15:00:12.398,10504,10512,10508,1,-1
2019-08-21 15:00:12.398,10504,10512,10511,2,2
2019-08-21 15:00:12.398,10504,10512,10512,3,3
2019-08-21 15:00:12.445,10504,10512,10504,1,-1
2019-08-21 15:00:12.445,10504,10512,10483,4,-4
2019-08-21 15:00:12.445,10504,10512,10482,6,-6
2019-08-21 15:00:12.483,10504,10512,10482,2,-2
2019-08-21 15:00:12.483,10504,10512,10481,2,-2
2019-08-21 15:00:12.584,10481,10511,10511,4,4
2019-08-21 15:00:12.584,10481,10511,10512,7,7
2019-08-21 15:00:12.694,10491,10511,10510,1,-1
2019-08-21 15:00:12.694,10491,10511,10511,1,1
2019-08-21 15:00:12.694,10491,10511,10512,3,3
2019-08-21 15:00:12.694,10491,10511,10513,2,2
2019-08-21 15:00:12.694,10491,10511,10514,4,4
2019-08-21 15:00:12.854,10492,10511,10492,4,-4
2019-08-21 15:00:12.854,10492,10511,10491,4,-4
2019-08-21 15:00:12.877,10492,10510,10510,10,10
2019-08-21 15:00:12.877,10492,10510,10511,1,1
2019-08-21 15:00:12.928,10492,10510,10511,6,6
2019-08-21 15:00:12.928,10492,10510,10514,5,5
2019-08-21 15:00:12.942,10492,10510,10493,2,-2
2019-08-21 15:00:12.942,10492,10510,10492,2,-2
2019-08-21 15:00:12.942,10492,10510,10491,1,-1
2019-08-21 15:00:12.942,10492,10510,10488,2,-2
2019-08-21 15:00:12.942,10492,10510,10481,1,-1
2019-08-21 15:00:12.966,10492,10510,10492,2,2
2019-08-21 15:00:12.966,10492,10510,10481,4,-4
2019-08-21 15:00:13.138,10492,10496,10496,3,3
2019-08-21 15:00:13.138,10492,10496,10509,2,2
2019-08-21 15:00:13.138,10492,10496,10514,3,3
2019-08-21 15:00:13.138,10492,10496,10529,1,1
2019-08-21 15:00:13.138,10492,10496,10533,2,2
2019-08-21 15:00:13.347,10493,10533,10494,2,-2
2019-08-21 15:00:13.347,10493,10533,10493,2,-2
2019-08-21 15:00:13.347,10493,10533,10492,2,-2
2019-08-21 15:00:13.347,10493,10533,10491,1,-1
2019-08-21 15:00:13.347,10493,10533,10490,1,-1
2019-08-21 15:00:13.347,10493,10533,10489,1,-1
2019-08-21 15:00:13.347,10493,10533,10480,2,-2
2019-08-21 15:00:13.434,10480,10508,10481,1,1
2019-08-21 15:00:13.480,10480,10508,10485,1,1
2019-08-21 15:00:13.480,10480,10508,10481,3,-3
2019-08-21 15:00:13.518,10481,10507,10483,2,2
2019-08-21 15:00:13.518,10481,10507,10482,3,-3
2019-08-21 15:00:13.518,10481,10507,10481,1,-1
2019-08-21 15:00:13.583,10481,10507,10507,1,1
2019-08-21 15:00:13.583,10481,10507,10508,1,1
2019-08-21 15:00:13.583,10481,10507,10520,1,1
2019-08-21 15:00:13.583,10481,10507,10533,3,3
2019-08-21 15:00:13.590,10481,10507,10482,1,-1
2019-08-21 15:00:13.590,10481,10507,10481,3,-3
2019-08-21 15:00:13.590,10481,10507,10480,6,-6
2019-08-21 15:00:13.590,10481,10507,10479,1,-1
2019-08-21 15:00:13.653,10479,10508,10513,1,1
2019-08-21 15:00:13.782,10479,10499,10480,6,-6
2019-08-21 15:00:13.782,10479,10499,10479,5,-5
2019-08-21 15:00:13.871,10492,10498,10498,1,1
2019-08-21 15:00:13.871,10492,10498,10499,1,1
2019-08-21 15:00:13.871,10492,10498,10512,1,1
2019-08-21 15:00:13.871,10492,10498,10513,1,1
2019-08-21 15:00:13.871,10492,10498,10535,4,4
2019-08-21 15:00:13.879,10492,10498,10499,2,2
2019-08-21 15:00:13.897,10492,10498,10493,1,-1
2019-08-21 15:00:13.897,10492,10498,10492,1,-1
2019-08-21 15:00:13.925,10492,10498,10492,1,-1
2019-08-21 15:00:14.021,10478,10535,10479,1,-1
2019-08-21 15:00:14.021,10478,10535,10478,4,-4
2019-08-21 15:00:14.047,10478,10535,10533,6,6
2019-08-21 15:00:14.047,10478,10535,10534,2,2
2019-08-21 15:00:14.047,10478,10535,10535,3,3
2019-08-21 15:00:14.199,10485,10534,10529,1,-1
2019-08-21 15:00:14.199,10485,10534,10532,6,6
2019-08-21 15:00:14.199,10485,10534,10533,1,1
2019-08-21 15:00:14.199,10485,10534,10534,3,3
2019-08-21 15:00:14.356,10486,10534,10486,3,-3
2019-08-21 15:00:14.356,10486,10534,10485,3,-3
2019-08-21 15:00:14.356,10486,10534,10478,1,-1
2019-08-21 15:00:14.356,10486,10534,10477,4,-4
2019-08-21 15:00:14.492,10487,10504,10487,1,1
2019-08-21 15:00:14.496,10487,10504,10504,2,2
2019-08-21 15:00:14.496,10487,10504,10505,2,2
2019-08-21 15:00:14.496,10487,10504,10506,1,1
2019-08-21 15:00:14.496,10487,10504,10513,1,1
2019-08-21 15:00:14.496,10487,10504,10515,1,1
2019-08-21 15:00:14.496,10487,10504,10520,4,4
2019-08-21 15:00:14.579,10487,10504,10505,2,2
2019-08-21 15:00:14.579,10487,10504,10534,2,2
2019-08-21 15:00:14.607,10487,10504,10534,2,2
2019-08-21 15:00:14.607,10487,10504,10535,4,4
2019-08-21 15:00:14.612,10487,10504,10503,1,-1
2019-08-21 15:00:14.612,10487,10504,10488,1,-1
2019-08-21 15:00:14.612,10487,10504,10487,1,-1
2019-08-21 15:00:14.612,10487,10504,10486,2,-2
2019-08-21 15:00:14.612,10487,10504,10485,2,-2
2019-08-21 15:00:14.617,10487,10535,10487,1,1
2019-08-21 15:00:14.694,10487,10535,10488,1,1
2019-08-21 15:00:14.704,10487,10535,10487,2,-2
2019-08-21 15:00:14.704,10487,10535,10480,1,-1
2019-08-21 15:00:14.704,10487,10535,10477,5,-5
2019-08-21 15:00:14.756,10477,10505,10479,6,6
2019-08-21 15:00:14.756,10477,10505,10478,2,-2
2019-08-21 15:00:14.756,10477,10505,10477,2,-2
2019-08-21 15:00:14.756,10477,10505,10476,1,-1
2019-08-21 15:00:14.779,10477,10505,10504,2,2
2019-08-21 15:00:14.779,10477,10505,10505,2,2
2019-08-21 15:00:14.779,10477,10505,10518,1,1
2019-08-21 15:00:15.054,10479,10533,10479,2,-2
2019-08-21 15:00:15.054,10479,10533,10478,9,-9
2019-08-21 15:00:15.179,10478,10510,10509,2,2
2019-08-21 15:00:15.179,10478,10510,10510,9,9
2019-08-21 15:00:15.289,10498,10505,10499,1,-1
2019-08-21 15:00:15.289,10498,10505,10498,1,-1
2019-08-21 15:00:15.289,10498,10505,10479,2,-2
2019-08-21 15:00:15.289,10498,10505,10478,7,-7
2019-08-21 15:00:15.498,10478,10504,10504,1,1
2019-08-21 15:00:15.498,10478,10504,10505,1,1
2019-08-21 15:00:15.498,10478,10504,10510,3,3
2019-08-21 15:00:15.498,10478,10504,10530,1,1
2019-08-21 15:00:15.573,10478,10504,10479,2,-2
2019-08-21 15:00:15.573,10478,10504,10478,4,-4
2019-08-21 15:00:15.658,10476,10509,10491,1,1
2019-08-21 15:00:15.658,10476,10509,10508,2,2
2019-08-21 15:00:15.658,10476,10509,10509,2,2
2019-08-21 15:00:15.658,10476,10509,10530,1,1
2019-08-21 15:00:15.681,10476,10509,10509,2,2
2019-08-21 15:00:15.681,10476,10509,10512,1,1
2019-08-21 15:00:15.681,10476,10509,10533,5,5
2019-08-21 15:00:15.681,10476,10509,10534,3,3
2019-08-21 15:00:15.686,10476,10509,10534,8,8
2019-08-21 15:00:15.690,10476,10509,10492,1,-1
2019-08-21 15:00:15.720,10476,10509,10477,8,-8
2019-08-21 15:00:15.799,10476,10504,10503,2,2
2019-08-21 15:00:15.799,10476,10504,10504,4,4
2019-08-21 15:00:15.799,10476,10504,10509,5,5
2019-08-21 15:00:15.891,10487,10509,10488,1,-1
2019-08-21 15:00:15.891,10487,10509,10487,3,-3
2019-08-21 15:00:15.927,10487,10509,10508,1,1
2019-08-21 15:00:15.927,10487,10509,10509,5,5
2019-08-21 15:00:15.927,10487,10509,10530,1,1
2019-08-21 15:00:15.927,10487,10509,10534,1,1
2019-08-21 15:00:15.927,10487,10509,10535,3,3
2019-08-21 15:00:16.004,10488,10535,10511,1,-1
2019-08-21 15:00:16.235,10480,10507,10486,1,-1
2019-08-21 15:00:16.235,10480,10507,10481,7,-7
2019-08-21 15:00:16.235,10480,10507,10480,1,-1
2019-08-21 15:00:16.235,10480,10507,10479,1,-1
2019-08-21 15:00:16.235,10480,10507,10478,1,-1
2019-08-21 15:00:16.429,10503,10506,10503,1,1
2019-08-21 15:00:16.444,10503,10506,10505,6,6
2019-08-21 15:00:16.444,10503,10506,10506,1,1
2019-08-21 15:00:16.444,10503,10506,10507,4,4
2019-08-21 15:00:16.539,10477,10507,10478,4,-4
2019-08-21 15:00:16.559,10477,10507,10506,1,1
2019-08-21 15:00:16.559,10477,10507,10507,1,1
2019-08-21 15:00:16.559,10477,10507,10510,9,9
2019-08-21 15:00:16.582,10477,10507,10478,6,-6
2019-08-21 15:00:16.582,10477,10507,10477,2,-2
2019-08-21 15:00:16.614,10477,10507,10477,10,-10
2019-08-21 15:00:16.614,10477,10507,10476,1,-1
2019-08-21 15:00:16.795,10478,10509,10508,1,1
2019-08-21 15:00:16.795,10478,10509,10509,2,2
2019-08-21 15:00:16.795,10478,10509,10510,1,1
2019-08-21 15:00:16.803,10478,10509,10510,11,11
2019-08-21 15:00:16.887,10479,10517,10516,1,1
2019-08-21 15:00:16.887,10479,10517,10517,1,1
2019-08-21 15:00:16.887,10479,10517,10530,3,3
2019-08-21 15:00:16.948,10479,10517,10517,1,1
2019-08-21 15:00:16.948,10479,10517,10535,10,10
2019-08-21 15:00:17.095,10482,10517,10511,1,-1
2019-08-21 15:00:17.095,10482,10517,10517,1,1
2019-08-21 15:00:17.095,10482,10517,10528,1,1
2019-08-21 15:00:17.095,10482,10517,10535,1,1
2019-08-21 15:00:17.122,10483,10510,10483,2,-2
2019-08-21 15:00:17.122,10483,10510,10482,3,-3
2019-08-21 15:00:17.122,10483,10510,10479,3,-3
2019-08-21 15:00:17.122,10483,10510,10478,1,-1
2019-08-21 15:00:17.122,10483,10510,10477,2,-2
2019-08-21 15:00:17.177,10483,10510,10477,9,-9
2019-08-21 15:00:17.177,10483,10510,10476,2,-2
2019-08-21 15:00:17.311,10476,10509,10509,1,1
2019-08-21 15:00:17.331,10476,10509,10510,1,1
2019-08-21 15:00:17.592,10506,10508,10490,1,-1
2019-08-21 15:00:17.592,10506,10508,10489,1,-1
2019-08-21 15:00:17.592,10506,10508,10481,6,-6
2019-08-21 15:00:17.631,10489,10507,10503,1,1
2019-08-21 15:00:17.631,10489,10507,10482,2,-2
2019-08-21 15:00:17.631,10489,10507,10481,2,-2
2019-08-21 15:00:17.631,10489,10507,10479,2,-2
2019-08-21 15:00:17.631,10489,10507,10476,3,-3
2019-08-21 15:00:17.631,10489,10507,10475,1,-1
2019-08-21 15:00:17.719,10489,10507,10507,4,4
2019-08-21 15:00:17.719,10489,10507,10508,4,4
2019-08-21 15:00:17.781,10499,10507,10506,2,-2
2019-08-21 15:00:17.781,10499,10507,10507,2,2
2019-08-21 15:00:17.781,10499,10507,10508,4,4
2019-08-21 15:00:17.791,10499,10507,10500,1,-1
2019-08-21 15:00:17.808,10499,10507,10500,1,-1
2019-08-21 15:00:17.808,10499,10507,10499,2,-2
2019-08-21 15:00:17.808,10499,10507,10489,2,-2
2019-08-21 15:00:17.808,10499,10507,10477,3,-3
2019-08-21 15:00:17.808,10499,10507,10475,4,-4
2019-08-21 15:00:17.931,10499,10506,10476,2,2
2019-08-21 15:00:17.931,10499,10506,10475,2,-2
2019-08-21 15:00:17.947,10499,10506,10475,1,-1
2019-08-21 15:00:17.947,10499,10506,10474,3,-3
2019-08-21 15:00:17.970,10499,10506,10505,2,2
2019-08-21 15:00:17.970,10499,10506,10506,6,6
2019-08-21 15:00:17.970,10499,10506,10507,2,2
2019-08-21 15:00:17.970,10499,10506,10517,1,1
2019-08-21 15:00:17.987,10499,10506,10476,2,-2
2019-08-21 15:00:17.987,10499,10506,10474,2,-2
2019-08-21 15:00:18.061,10474,10505,10475,2,2
2019-08-21 15:00:18.073,10474,10505,10475,2,-2
2019-08-21 15:00:18.133,10475,10504,10475,2,-2
2019-08-21 15:00:18.133,10475,10504,10474,4,-4
2019-08-21 15:00:18.133,10475,10504,10473,1,-1
2019-08-21 15:00:18.133,10475,10504,10472,4,-4
2019-08-21 15:00:18.142,10475,10504,10476,4,4
2019-08-21 15:00:18.152,10475,10504,10476,2,-2
2019-08-21 15:00:18.173,10475,10504,10475,1,-1
2019-08-21 15:00:18.188,10475,10504,10475,1,-1
2019-08-21 15:00:18.188,10475,10504,10472,1,-1
2019-08-21 15:00:18.206,10475,10504,10475,2,2
2019-08-21 15:00:18.219,10475,10504,10509,10,10
2019-08-21 15:00:18.219,10475,10504,10516,1,1
2019-08-21 15:00:18.234,10475,10504,10476,1,-1
2019-08-21 15:00:18.234,10475,10504,10475,1,-1
2019-08-21 15:00:18.260,10471,10516,10472,2,-2
2019-08-21 15:00:18.295,10471,10516,10472,4,-4
2019-08-21 15:00:18.324,10471,10516,10471,2,-2
2019-08-21 15:00:18.331,10471,10516,10471,2,-2
2019-08-21 15:00:18.334,10471,10516,10471,1,-1
2019-08-21 15:00:18.373,10471,10506,10471,4,-4
2019-08-21 15:00:18.394,10471,10506,10475,2,2
2019-08-21 15:00:18.397,10471,10506,10475,2,-2
2019-08-21 15:00:18.403,10471,10506,10475,2,-2
2019-08-21 15:00:18.407,10471,10506,10475,4,-4
2019-08-21 15:00:18.407,10471,10506,10471,1,-1
2019-08-21 15:00:18.407,10471,10506,10470,5,-5
2019-08-21 15:00:18.407,10471,10506,10469,1,-1
2019-08-21 15:00:18.429,10471,10506,10469,2,-2
2019-08-21 15:00:18.443,10471,10506,10469,1,-1
2019-08-21 15:00:18.443,10471,10506,10468,2,-2
2019-08-21 15:00:18.443,10471,10506,10467,3,-3
2019-08-21 15:00:18.443,10471,10506,10466,2,-2
2019-08-21 15:00:18.454,10471,10506,10466,1,-1
2019-08-21 15:00:18.454,10471,10506,10465,1,-1
2019-08-21 15:00:18.480,10471,10506,10464,1,-1
2019-08-21 15:00:18.480,10471,10506,10463,1,-1
2019-08-21 15:00:18.501,10462,10505,10461,1,-1
2019-08-21 15:00:18.501,10462,10505,10458,1,-1
2019-08-21 15:00:18.501,10462,10505,10457,2,-2
2019-08-21 15:00:18.502,10462,10505,10470,1,1
2019-08-21 15:00:18.502,10462,10505,10457,3,-3
2019-08-21 15:00:18.549,10462,10505,10455,1,-1
2019-08-21 15:00:18.549,10462,10505,10452,1,-1
2019-08-21 15:00:18.587,10462,10505,10451,1,-1
2019-08-21 15:00:18.587,10462,10505,10450,1,-1
2019-08-21 15:00:18.605,10462,10505,10458,1,1
2019-08-21 15:00:18.605,10462,10505,10461,1,1
2019-08-21 15:00:18.605,10462,10505,10470,3,3
2019-08-21 15:00:18.618,10450,10470,10469,1,-1
2019-08-21 15:00:18.642,10450,10470,10460,1,-1
2019-08-21 15:00:18.642,10450,10470,10451,1,-1
2019-08-21 15:00:18.642,10450,10470,10460,11,11
2019-08-21 15:00:18.662,10450,10470,10450,1,-1
2019-08-21 15:00:18.663,10450,10470,10450,9,-9
2019-08-21 15:00:18.690,10450,10470,10447,10,-10
2019-08-21 15:00:18.732,10450,10470,10449,10,10
2019-08-21 15:00:18.732,10450,10470,10450,1,1
2019-08-21 15:00:18.763,10447,10450,10447,1,-1
2019-08-21 15:00:18.771,10447,10450,10447,2,-2
2019-08-21 15:00:18.791,10447,10450,10449,11,11
2019-08-21 15:00:18.852,10447,10450,10447,2,-2
2019-08-21 15:00:18.870,10447,10448,10448,3,3
2019-08-21 15:00:18.870,10447,10448,10448,1,1
2019-08-21 15:00:18.870,10447,10448,10449,2,2
2019-08-21 15:00:18.871,10447,10448,10449,2,2
2019-08-21 15:00:18.871,10447,10448,10450,1,1
2019-08-21 15:00:18.889,10447,10448,10448,10,10
2019-08-21 15:00:18.890,10447,10448,10448,1,1
2019-08-21 15:00:18.890,10447,10448,10448,1,1
2019-08-21 15:00:18.920,10447,10448,10450,1,1
2019-08-21 15:00:18.934,10447,10448,10450,10,10
2019-08-21 15:00:18.934,10447,10448,10452,1,1
2019-08-21 15:00:18.992,10448,10452,10448,2,-2
2019-08-21 15:00:19.054,10448,10452,10447,11,-11
2019-08-21 15:00:19.108,10448,10452,10448,2,2
2019-08-21 15:00:19.116,10448,10452,10448,2,-2
2019-08-21 15:00:19.141,10450,10451,10452,2,2
2019-08-21 15:00:19.142,10450,10451,10452,2,2
2019-08-21 15:00:19.216,10450,10451,10451,2,2
2019-08-21 15:00:19.216,10450,10451,10450,9,-9
2019-08-21 15:00:19.276,10446,10457,10452,8,8
2019-08-21 15:00:19.345,10446,10457,10460,8,8
2019-08-21 15:00:19.358,10446,10457,10452,2,-2
2019-08-21 15:00:19.358,10446,10457,10447,1,-1
2019-08-21 15:00:19.358,10446,10457,10446,1,-1
2019-08-21 15:00:19.358,10446,10457,10444,2,-2
2019-08-21 15:00:19.358,10446,10457,10443,1,-1
2019-08-21 15:00:19.358,10446,10457,10441,1,-1
2019-08-21 15:00:19.358,10446,10457,10439,1,-1
2019-08-21 15:00:19.358,10446,10457,10438,1,-1
2019-08-21 15:00:19.358,10446,10457,10434,1,-1
2019-08-21 15:00:19.382,10446,10452,10438,1,1
2019-08-21 15:00:19.432,10446,10452,10431,2,-2
2019-08-21 15:00:19.432,10446,10452,10430,1,-1
2019-08-21 15:00:19.432,10446,10452,10429,1,-1
2019-08-21 15:00:19.435,10446,10452,10430,1,1
2019-08-21 15:00:19.456,10446,10452,10430,1,-1
2019-08-21 15:00:19.456,10446,10452,10429,2,-2
2019-08-21 15:00:19.508,10428,10445,10429,2,-2
2019-08-21 15:00:19.508,10428,10445,10428,1,-1
2019-08-21 15:00:19.511,10428,10445,10428,1,-1
2019-08-21 15:00:19.577,10428,10445,10428,1,-1
2019-08-21 15:00:19.590,10428,10445,10425,1,-1
2019-08-21 15:00:19.609,10428,10445,10424,1,-1
2019-08-21 15:00:19.609,10428,10445,10423,1,-1
2019-08-21 15:00:19.625,10420,10437,10421,1,-1
2019-08-21 15:00:19.633,10420,10437,10436,2,2
2019-08-21 15:00:19.633,10420,10437,10437,1,1
2019-08-21 15:00:19.633,10420,10437,10444,6,6
2019-08-21 15:00:19.633,10420,10437,10445,1,1
2019-08-21 15:00:19.652,10420,10437,10421,1,-1
2019-08-21 15:00:19.656,10420,10437,10420,4,-4
2019-08-21 15:00:19.656,10420,10437,10417,1,-1
2019-08-21 15:00:19.656,10420,10437,10415,2,-2
2019-08-21 15:00:19.656,10420,10437,10412,2,-2
2019-08-21 15:00:19.656,10420,10437,10410,2,-2
2019-08-21 15:00:19.668,10420,10437,10410,1,-1
2019-08-21 15:00:19.683,10420,10437,10410,2,-2
2019-08-21 15:00:19.712,10420,10437,10445,1,1
2019-08-21 15:00:19.712,10420,10437,10410,1,-1
2019-08-21 15:00:19.712,10420,10437,10408,1,-1
2019-08-21 15:00:19.712,10420,10437,10407,1,-1
2019-08-21 15:00:19.712,10420,10437,10445,3,3
2019-08-21 15:00:19.712,10420,10437,10448,1,1
2019-08-21 15:00:19.718,10420,10437,10404,1,-1
2019-08-21 15:00:19.780,10403,10460,10445,2,2
2019-08-21 15:00:19.782,10403,10460,10445,1,-1
2019-08-21 15:00:19.782,10403,10460,10404,2,-2
2019-08-21 15:00:19.782,10403,10460,10403,1,-1
2019-08-21 15:00:19.790,10403,10460,10403,3,-3
2019-08-21 15:00:19.790,10403,10460,10402,1,-1
2019-08-21 15:00:19.790,10403,10460,10401,1,-1
2019-08-21 15:00:19.790,10403,10460,10400,3,-3
2019-08-21 15:00:19.792,10403,10460,10400,2,-2
2019-08-21 15:00:19.792,10403,10460,10398,1,-1
2019-08-21 15:00:19.792,10403,10460,10395,1,-1
2019-08-21 15:00:19.792,10403,10460,10389,6,-6
2019-08-21 15:00:19.828,10403,10460,10389,1,-1
2019-08-21 15:00:19.828,10403,10460,10380,2,-2
2019-08-21 15:00:19.828,10403,10460,10350,1,-1
2019-08-21 15:00:19.829,10403,10460,10350,1,-1
2019-08-21 15:00:19.829,10403,10460,10347,1,-1
2019-08-21 15:00:19.829,10403,10460,10340,3,-3
2019-08-21 15:00:19.829,10403,10460,10335,1,-1
2019-08-21 15:00:19.829,10403,10460,10320,1,-1
2019-08-21 15:00:19.832,10403,10460,10318,1,-1
2019-08-21 15:00:19.832,10403,10460,10308,1,-1
2019-08-21 15:00:19.832,10403,10460,10303,2,-2
2019-08-21 15:00:19.832,10403,10460,10302,1,-1
2019-08-21 15:00:19.832,10403,10460,10301,1,-1
2019-08-21 15:00:19.832,10403,10460,10300,1,-1
2019-08-21 15:00:19.832,10403,10460,10292,2,-2
2019-08-21 15:00:19.832,10403,10460,10290,1,-1
2019-08-21 15:00:19.832,10403,10460,10287,1,-1
2019-08-21 15:00:19.846,10403,10460,10282,5,-5
2019-08-21 15:00:19.870,10273,10320,10280,1,-1
2019-08-21 15:00:19.870,10273,10320,10274,2,-2
2019-08-21 15:00:19.870,10273,10320,10273,2,-2
2019-08-21 15:00:19.875,10273,10320,10273,1,-1
2019-08-21 15:00:19.915,10273,10320,10320,10,10
2019-08-21 15:00:19.925,10273,10320,10262,2,-2
2019-08-21 15:00:19.939,10273,10320,10262,2,-2
2019-08-21 15:00:19.939,10273,10320,10260,2,-2
2019-08-21 15:00:19.944,10273,10320,10260,2,-2
2019-08-21 15:00:19.961,10273,10320,10262,1,1
2019-08-21 15:00:19.961,10273,10320,10260,1,-1
2019-08-21 15:00:19.991,10273,10320,10320,1,1
2019-08-21 15:00:19.993,10260,10320,10320,3,3
2019-08-21 15:00:19.993,10260,10320,10320,1,1
2019-08-21 15:00:19.993,10260,10320,10388,2,2
2019-08-21 15:00:19.993,10260,10320,10388,1,1
2019-08-21 15:00:19.993,10260,10320,10399,2,2
2019-08-21 15:00:20.020,10260,10320,10261,1,-1
2019-08-21 15:00:20.065,10260,10320,10261,1,-1
2019-08-21 15:00:20.177,10260,10319,10260,1,-1
2019-08-21 15:00:20.224,10260,10319,10260,11,-11
2019-08-21 15:00:20.267,10260,10308,10262,1,1
2019-08-21 15:00:20.306,10260,10308,10261,2,-2
2019-08-21 15:00:20.306,10260,10308,10260,1,-1
2019-08-21 15:00:20.312,10260,10308,10262,1,1
2019-08-21 15:00:20.325,10260,10308,10307,1,1
2019-08-21 15:00:20.325,10260,10308,10308,2,2
2019-08-21 15:00:20.341,10260,10308,10308,1,1
2019-08-21 15:00:20.430,10261,10318,10307,6,-6
2019-08-21 15:00:20.586,10261,10317,10297,1,-1
2019-08-21 15:00:20.594,10261,10317,10319,1,1
2019-08-21 15:00:20.594,10261,10317,10320,1,1
2019-08-21 15:00:20.599,10261,10317,10261,1,-1
2019-08-21 15:00:20.718,10261,10320,10261,1,-1
2019-08-21 15:00:20.718,10261,10320,10260,1,-1
2019-08-21 15:00:20.742,10260,10319,10260,1,-1
2019-08-21 15:00:20.782,10260,10319,10261,2,2
2019-08-21 15:00:20.782,10260,10319,10260,9,-9
2019-08-21 15:00:20.812,10260,10319,10260,4,-4
2019-08-21 15:00:20.872,10260,10290,10264,1,1
2019-08-21 15:00:20.872,10260,10290,10260,10,-10
2019-08-21 15:00:20.875,10260,10290,10262,1,1
2019-08-21 15:00:20.885,10260,10290,10289,5,5
2019-08-21 15:00:20.885,10260,10290,10290,2,2
2019-08-21 15:00:20.885,10260,10290,10319,1,1
2019-08-21 15:00:20.885,10260,10290,10320,2,2
2019-08-21 15:00:20.902,10260,10290,10320,2,2
2019-08-21 15:00:20.980,10260,10290,10320,1,1
2019-08-21 15:00:21.118,10263,10320,10320,3,3
2019-08-21 15:00:21.118,10263,10320,10320,3,3
2019-08-21 15:00:21.122,10263,10320,10263,1,-1
2019-08-21 15:00:21.145,10263,10320,10319,1,1
2019-08-21 15:00:21.145,10263,10320,10320,2,2
2019-08-21 15:00:21.145,10263,10320,10333,1,1
2019-08-21 15:00:21.145,10263,10320,10349,1,1
2019-08-21 15:00:21.145,10263,10320,10350,5,5
2019-08-21 15:00:21.306,10263,10350,10319,2,-2
2019-08-21 15:00:21.493,10263,10319,10319,1,1
2019-08-21 15:00:21.493,10263,10319,10350,1,1
2019-08-21 15:00:21.493,10263,10319,10351,1,1
2019-08-21 15:00:21.493,10263,10319,10397,1,1
2019-08-21 15:00:21.493,10263,10319,10399,2,2
2019-08-21 15:00:21.493,10263,10319,10404,3,3
2019-08-21 15:00:21.664,10263,10410,10325,1,-1
2019-08-21 15:00:21.731,10263,10410,10351,2,2
2019-08-21 15:00:21.777,10264,10351,10265,2,-2
2019-08-21 15:00:21.777,10264,10351,10264,5,-5
2019-08-21 15:00:21.777,10264,10351,10263,1,-1
2019-08-21 15:00:21.777,10264,10351,10262,3,-3
2019-08-21 15:00:21.824,10264,10351,10269,1,1
2019-08-21 15:00:22.001,10265,10350,10350,1,1
2019-08-21 15:00:22.008,10265,10350,10350,3,3
2019-08-21 15:00:22.008,10265,10350,10410,6,6
2019-08-21 15:00:22.008,10265,10350,10412,1,1
2019-08-21 15:00:22.045,10265,10350,10412,2,2
2019-08-21 15:00:22.132,10265,10412,10412,1,1
2019-08-21 15:00:22.206,10265,10412,10415,2,2
2019-08-21 15:00:22.206,10265,10412,10434,1,1
2019-08-21 15:00:22.206,10265,10412,10449,1,1
2019-08-21 15:00:22.215,10265,10412,10460,4,4
2019-08-21 15:00:22.215,10265,10412,10461,5,5
2019-08-21 15:00:22.215,10265,10412,10462,2,2
2019-08-21 15:00:22.238,10265,10412,10462,1,1
2019-08-21 15:00:22.249,10454,10462,10462,1,1
2019-08-21 15:00:22.266,10454,10462,10462,6,6
2019-08-21 15:00:22.275,10454,10462,10462,1,1
2019-08-21 15:00:22.285,10454,10462,10462,1,1
2019-08-21 15:00:22.290,10454,10462,10462,1,1
2019-08-21 15:00:22.297,10454,10462,10462,2,2
2019-08-21 15:00:22.308,10454,10462,10462,2,2
2019-08-21 15:00:22.380,10454,10462,10462,5,5
2019-08-21 15:00:22.385,10454,10462,10454,6,-6
2019-08-21 15:00:22.528,10403,10462,10462,3,3
2019-08-21 15:00:22.528,10403,10462,10463,2,2
2019-08-21 15:00:22.528,10403,10462,10466,1,1
2019-08-21 15:00:22.638,10404,10470,10444,2,-2
2019-08-21 15:00:22.819,10404,10470,10441,1,-1
2019-08-21 15:00:22.823,10404,10470,10470,1,1
2019-08-21 15:00:22.886,10421,10470,10470,8,8
2019-08-21 15:00:22.915,10421,10470,10480,1,1
2019-08-21 15:00:22.915,10421,10470,10499,1,1
2019-08-21 15:00:22.915,10421,10470,10506,3,3
2019-08-21 15:00:22.915,10421,10470,10507,1,1
2019-08-21 15:00:22.915,10421,10470,10509,5,5
2019-08-21 15:00:22.966,10421,10470,10509,1,1
2019-08-21 15:00:23.120,10487,10509,10509,4,4
2019-08-21 15:00:23.120,10487,10509,10510,5,5
2019-08-21 15:00:23.120,10487,10509,10512,2,2
2019-08-21 15:00:23.126,10487,10509,10512,1,1
2019-08-21 15:00:23.237,10487,10509,10508,4,-4
2019-08-21 15:00:23.263,10488,10508,10508,1,1
2019-08-21 15:00:23.285,10488,10508,10508,1,1
2019-08-21 15:00:23.285,10488,10508,10512,3,3
2019-08-21 15:00:23.285,10488,10508,10513,1,1
2019-08-21 15:00:23.285,10488,10508,10522,5,5
2019-08-21 15:00:23.285,10488,10508,10528,1,1
2019-08-21 15:00:23.362,10488,10508,10507,6,-6
2019-08-21 15:00:23.362,10488,10508,10508,2,2
2019-08-21 15:00:23.446,10498,10508,10508,1,1
2019-08-21 15:00:23.483,10498,10508,10508,7,7
2019-08-21 15:00:23.483,10498,10508,10531,4,4
2019-08-21 15:00:23.621,10515,10529,10516,6,-6
2019-08-21 15:00:23.621,10515,10529,10515,5,-5
2019-08-21 15:00:23.690,10515,10529,10523,1,1
2019-08-21 15:00:23.690,10515,10529,10515,2,-2
2019-08-21 15:00:23.690,10515,10529,10499,8,-8
2019-08-21 15:00:23.836,10499,10529,10499,11,-11
2019-08-21 15:00:23.898,10499,10529,10515,10,10
2019-08-21 15:00:23.898,10499,10529,10529,1,1
2019-08-21 15:00:24.027,10523,10530,10523,1,-1
2019-08-21 15:00:24.027,10523,10530,10499,7,-7
2019-08-21 15:00:24.030,10523,10530,10530,6,6
2019-08-21 15:00:24.030,10523,10530,10531,5,5
2019-08-21 15:00:24.053,10523,10530,10528,4,-4
2019-08-21 15:00:24.067,10523,10530,10510,1,-1
2019-08-21 15:00:24.143,10501,10528,10501,3,-3
2019-08-21 15:00:24.143,10501,10528,10499,8,-8
2019-08-21 15:00:24.250,10508,10528,10526,4,4
2019-08-21 15:00:24.250,10508,10528,10524,6,-6
2019-08-21 15:00:24.281,10508,10528,10524,2,-2
2019-08-21 15:00:24.281,10508,10528,10508,1,-1
2019-08-21 15:00:24.281,10508,10528,10502,2,-2
2019-08-21 15:00:24.281,10508,10528,10488,1,-1
2019-08-21 15:00:24.281,10508,10528,10487,2,-2
2019-08-21 15:00:24.472,10511,10528,10511,1,1
2019-08-21 15:00:24.540,10474,10528,10508,10,-10
2019-08-21 15:00:24.712,10474,10528,10474,3,-3
2019-08-21 15:00:24.712,10474,10528,10472,4,-4
2019-08-21 15:00:24.712,10474,10528,10471,4,-4
2019-08-21 15:00:24.743,10497,10499,10499,1,1
2019-08-21 15:00:24.775,10497,10499,10527,8,8
2019-08-21 15:00:24.859,10497,10499,10527,2,2
2019-08-21 15:00:24.859,10497,10499,10531,4,4
2019-08-21 15:00:24.859,10497,10499,10533,2,2
2019-08-21 15:00:24.859,10497,10499,10534,1,1
2019-08-21 15:00:24.859,10497,10499,10535,2,2
2019-08-21 15:00:24.937,10503,10535,10533,1,-1
2019-08-21 15:00:24.964,10503,10535,10533,1,-1
2019-08-21 15:00:25.052,10519,10535,10520,2,-2
2019-08-21 15:00:25.052,10519,10535,10519,9,-9
2019-08-21 15:00:25.190,10519,10535,10535,11,11
2019-08-21 15:00:25.291,10504,10535,10505,1,-1
2019-08-21 15:00:25.294,10504,10535,10528,1,1
2019-08-21 15:00:25.294,10504,10535,10535,10,10
2019-08-21 15:00:25.323,10504,10535,10505,1,-1
2019-08-21 15:00:25.332,10504,10535,10517,1,1
2019-08-21 15:00:25.338,10504,10535,10528,1,1
2019-08-21 15:00:25.418,10505,10535,10506,2,-2
2019-08-21 15:00:25.418,10505,10535,10505,9,-9
2019-08-21 15:00:25.540,10506,10526,10516,2,2
2019-08-21 15:00:25.540,10506,10526,10507,2,-2
2019-08-21 15:00:25.545,10506,10526,10507,1,-1
2019-08-21 15:00:25.547,10506,10526,10506,1,-1
2019-08-21 15:00:25.547,10506,10526,10505,2,-2
2019-08-21 15:00:25.547,10506,10526,10504,1,-1
2019-08-21 15:00:25.547,10506,10526,10503,5,-5
2019-08-21 15:00:25.547,10506,10526,10500,2,-2
2019-08-21 15:00:25.605,10506,10526,10495,5,-5
2019-08-21 15:00:25.605,10506,10526,10487,1,-1
2019-08-21 15:00:25.605,10506,10526,10486,1,-1
2019-08-21 15:00:25.605,10506,10526,10480,1,-1
2019-08-21 15:00:25.605,10506,10526,10475,3,-3
2019-08-21 15:00:25.617,10475,10509,10475,3,-3
2019-08-21 15:00:25.654,10475,10509,10492,1,1
2019-08-21 15:00:25.654,10475,10509,10475,3,-3
2019-08-21 15:00:25.874,10503,10508,10508,1,1
2019-08-21 15:00:25.874,10503,10508,10509,1,1
2019-08-21 15:00:25.874,10503,10508,10525,2,2
2019-08-21 15:00:25.874,10503,10508,10526,1,1
2019-08-21 15:00:25.874,10503,10508,10527,1,1
2019-08-21 15:00:25.874,10503,10508,10532,5,5
2019-08-21 15:00:26.071,10504,10535,10504,1,-1
2019-08-21 15:00:26.071,10504,10535,10503,4,-4
2019-08-21 15:00:26.071,10504,10535,10482,1,-1
2019-08-21 15:00:26.173,10489,10509,10508,1,1
2019-08-21 15:00:26.203,10489,10509,10504,1,-1
2019-08-21 15:00:26.203,10489,10509,10490,1,-1
2019-08-21 15:00:26.203,10489,10509,10489,2,-2
2019-08-21 15:00:26.203,10489,10509,10479,1,-1
2019-08-21 15:00:26.203,10489,10509,10475,1,-1
2019-08-21 15:00:26.203,10489,10509,10471,1,-1
2019-08-21 15:00:26.203,10489,10509,10470,1,-1
2019-08-21 15:00:26.203,10489,10509,10465,1,-1
2019-08-21 15:00:26.203,10489,10509,10459,2,-2
2019-08-21 15:00:26.246,10503,10508,10507,2,2
2019-08-21 15:00:26.501,10503,10508,10507,2,-2
2019-08-21 15:00:26.501,10503,10508,10508,9,9
2019-08-21 15:00:26.605,10503,10508,10508,3,3
2019-08-21 15:00:26.605,10503,10508,10509,5,5
2019-08-21 15:00:26.605,10503,10508,10530,1,1
2019-08-21 15:00:26.605,10503,10508,10533,2,2
2019-08-21 15:00:26.664,10504,10535,10534,1,1
2019-08-21 15:00:26.664,10504,10535,10535,3,3
2019-08-21 15:00:26.735,10504,10535,10504,1,-1
2019-08-21 15:00:26.741,10504,10535,10513,1,1
2019-08-21 15:00:26.741,10504,10535,10517,1,1
2019-08-21 15:00:26.741,10504,10535,10534,1,1
2019-08-21 15:00:26.741,10504,10535,10535,4,4
2019-08-21 15:00:26.741,10504,10535,10536,2,2
2019-08-21 15:00:26.741,10504,10535,10537,1,1
2019-08-21 15:00:26.741,10504,10535,10538,1,1
2019-08-21 15:00:26.787,10504,10538,10537,1,-1
2019-08-21 15:00:26.787,10504,10538,10538,2,2
2019-08-21 15:00:26.787,10504,10538,10539,6,6
2019-08-21 15:00:26.787,10504,10538,10540,2,2
2019-08-21 15:00:27.157,10504,10507,10504,1,-1
2019-08-21 15:00:27.157,10504,10507,10503,10,-10
2019-08-21 15:00:27.208,10504,10507,10507,1,1
2019-08-21 15:00:27.208,10504,10507,10533,1,1
2019-08-21 15:00:27.208,10504,10507,10540,9,9
2019-08-21 15:00:27.330,10503,10540,10504,1,-1
2019-08-21 15:00:27.397,10506,10539,10539,2,2
2019-08-21 15:00:27.397,10506,10539,10540,9,9
2019-08-21 15:00:27.492,10518,10520,10518,1,-1
2019-08-21 15:00:27.520,10518,10520,10506,2,-2
2019-08-21 15:00:27.520,10518,10520,10503,6,-6
2019-08-21 15:00:27.520,10518,10520,10495,1,-1
2019-08-21 15:00:27.520,10518,10520,10488,1,-1
2019-08-21 15:00:27.520,10518,10520,10487,1,-1
2019-08-21 15:00:27.594,10518,10520,10519,2,2
2019-08-21 15:00:27.594,10518,10520,10520,2,2
2019-08-21 15:00:27.594,10518,10520,10540,4,4
2019-08-21 15:00:27.626,10503,10520,10540,1,1
2019-08-21 15:00:27.626,10503,10520,10541,1,1
2019-08-21 15:00:27.626,10503,10520,10542,4,4
2019-08-21 15:00:27.626,10503,10520,10545,1,1
2019-08-21 15:00:27.626,10503,10520,10547,1,1
2019-08-21 15:00:27.693,10503,10520,10535,1,1
2019-08-21 15:00:27.693,10503,10520,10540,1,1
2019-08-21 15:00:27.693,10503,10520,10541,2,2
2019-08-21 15:00:27.693,10503,10520,10548,6,6
2019-08-21 15:00:27.693,10503,10520,10549,1,1
2019-08-21 15:00:27.749,10504,10549,10504,2,-2
2019-08-21 15:00:27.749,10504,10549,10503,2,-2
2019-08-21 15:00:27.749,10504,10549,10499,1,-1
2019-08-21 15:00:27.778,10504,10549,10518,2,2
2019-08-21 15:00:27.785,10504,10549,10518,1,-1
2019-08-21 15:00:27.810,10504,10549,10518,1,-1
2019-08-21 15:00:27.843,10504,10549,10518,1,-1
2019-08-21 15:00:27.929,10503,10518,10517,2,-2
2019-08-21 15:00:27.929,10503,10518,10519,1,1
2019-08-21 15:00:27.959,10503,10518,10517,2,-2
2019-08-21 15:00:27.963,10503,10518,10504,2,-2
2019-08-21 15:00:27.963,10503,10518,10503,4,-4
2019-08-21 15:00:27.963,10503,10518,10487,1,-1
2019-08-21 15:00:27.963,10503,10518,10482,1,-1
2019-08-21 15:00:27.963,10503,10518,10481,2,-2
2019-08-21 15:00:27.963,10503,10518,10478,1,-1
2019-08-21 15:00:27.972,10503,10518,10517,1,1
2019-08-21 15:00:27.974,10503,10518,10478,4,-4
2019-08-21 15:00:27.995,10477,10517,10516,2,2
2019-08-21 15:00:27.995,10477,10517,10517,1,1
2019-08-21 15:00:28.013,10477,10517,10517,1,1
2019-08-21 15:00:28.013,10477,10517,10517,2,2
2019-08-21 15:00:28.018,10477,10517,10519,1,1
2019-08-21 15:00:28.059,10477,10517,10519,2,2
2019-08-21 15:00:28.184,10478,10519,10503,2,-2
2019-08-21 15:00:28.186,10478,10519,10478,2,-2
2019-08-21 15:00:28.186,10478,10519,10477,9,-9
2019-08-21 15:00:28.323,10477,10517,10477,1,-1
2019-08-21 15:00:28.335,10477,10517,10477,3,-3
2019-08-21 15:00:28.337,10477,10517,10509,1,1
2019-08-21 15:00:28.337,10477,10517,10516,10,10
2019-08-21 15:00:28.392,10477,10516,10503,2,-2
2019-08-21 15:00:28.458,10477,10516,10474,1,-1
2019-08-21 15:00:28.502,10471,10474,10474,2,2
2019-08-21 15:00:28.502,10471,10474,10512,5,5
2019-08-21 15:00:28.502,10471,10474,10516,4,4
2019-08-21 15:00:28.678,10472,10516,10473,2,-2
2019-08-21 15:00:28.678,10472,10516,10472,6,-6
2019-08-21 15:00:28.678,10472,10516,10471,2,-2
2019-08-21 15:00:28.678,10472,10516,10470,1,-1
2019-08-21 15:00:28.855,10470,10515,10515,2,2
2019-08-21 15:00:28.855,10470,10515,10516,3,3
2019-08-21 15:00:28.855,10470,10515,10517,6,6
2019-08-21 15:00:28.977,10510,10516,10510,1,-1
2019-08-21 15:00:28.977,10510,10516,10470,4,-4
2019-08-21 15:00:29.014,10460,10514,10513,2,2
2019-08-21 15:00:29.072,10460,10514,10461,1,-1
2019-08-21 15:00:29.165,10460,10513,10510,10,10
2019-08-21 15:00:29.358,10461,10516,10515,1,1
2019-08-21 15:00:29.358,10461,10516,10516,2,2
2019-08-21 15:00:29.358,10461,10516,10517,5,5
2019-08-21 15:00:29.358,10461,10516,10519,1,1
2019-08-21 15:00:29.358,10461,10516,10531,1,1
2019-08-21 15:00:29.358,10461,10516,10532,1,1
2019-08-21 15:00:29.571,10504,10531,10513,1,-1
2019-08-21 15:00:29.571,10504,10531,10531,6,6
2019-08-21 15:00:29.571,10504,10531,10532,2,2
2019-08-21 15:00:29.571,10504,10531,10533,1,1
2019-08-21 15:00:29.571,10504,10531,10534,1,1
2019-08-21 15:00:29.641,10504,10534,10534,1,1
2019-08-21 15:00:29.641,10504,10534,10535,1,1
2019-08-21 15:00:29.641,10504,10534,10538,3,3
2019-08-21 15:00:29.641,10504,10534,10540,1,1
2019-08-21 15:00:29.641,10504,10534,10547,1,1
2019-08-21 15:00:29.641,10504,10534,10549,1,1
2019-08-21 15:00:29.721,10504,10534,10504,2,-2
2019-08-21 15:00:29.721,10504,10534,10503,9,-9
2019-08-21 15:00:29.800,10503,10533,10503,1,-1
2019-08-21 15:00:29.816,10503,10533,10503,4,-4
2019-08-21 15:00:29.816,10503,10533,10502,1,-1
2019-08-21 15:00:29.816,10503,10533,10489,2,-2
2019-08-21 15:00:29.947,10468,10523,10522,1,1
2019-08-21 15:00:30.085,10488,10505,10504,1,-1
2019-08-21 15:00:30.085,10488,10505,10505,1,1
2019-08-21 15:00:30.085,10488,10505,10523,3,3
2019-08-21 15:00:30.085,10488,10505,10529,2,2
2019-08-21 15:00:30.085,10488,10505,10531,1,1
2019-08-21 15:00:30.242,10506,10508,10508,1,1
2019-08-21 15:00:30.262,10506,10508,10507,1,-1
2019-08-21 15:00:30.291,10506,10508,10507,1,-1
2019-08-21 15:00:30.291,10506,10508,10506,1,-1
2019-08-21 15:00:30.655,10513,10549,10514,1,1
2019-08-21 15:00:30.655,10513,10549,10513,1,-1
2019-08-21 15:00:30.696,10513,10549,10513,2,-2
2019-08-21 15:00:30.696,10513,10549,10491,1,-1
2019-08-21 15:00:30.696,10513,10549,10488,1,-1
2019-08-21 15:00:30.759,10483,10517,10484,2,-2
2019-08-21 15:00:30.759,10483,10517,10480,1,-1
2019-08-21 15:00:30.759,10483,10517,10472,1,-1
2019-08-21 15:00:30.759,10483,10517,10469,7,-7
2019-08-21 15:00:30.899,10469,10516,10516,2,2
2019-08-21 15:00:30.899,10469,10516,10517,2,2
2019-08-21 15:00:30.899,10469,10516,10519,1,1
2019-08-21 15:00:30.899,10469,10516,10522,6,6
2019-08-21 15:00:31.001,10470,10517,10514,2,-2
2019-08-21 15:00:31.036,10470,10517,10513,8,-8
2019-08-21 15:00:31.036,10470,10517,10516,3,3
2019-08-21 15:00:31.153,10470,10516,10515,2,-2
2019-08-21 15:00:31.153,10470,10516,10516,7,7
2019-08-21 15:00:31.153,10470,10516,10522,2,2
2019-08-21 15:00:31.168,10470,10516,10470,1,-1
2019-08-21 15:00:31.399,10480,10521,10521,1,1
2019-08-21 15:00:31.701,10481,10521,10500,4,-4
2019-08-21 15:00:31.876,10481,10499,10499,2,2
2019-08-21 15:00:31.876,10481,10499,10500,9,9
2019-08-21 15:00:31.926,10481,10499,10481,2,-2
2019-08-21 15:00:31.926,10481,10499,10480,3,-3
2019-08-21 15:00:31.926,10481,10499,10477,6,-6
2019-08-21 15:00:32.123,10478,10499,10478,2,2
2019-08-21 15:00:32.123,10478,10499,10477,4,-4
2019-08-21 15:00:32.123,10478,10499,10475,4,-4
2019-08-21 15:00:32.123,10478,10499,10471,1,-1
2019-08-21 15:00:32.176,10478,10499,10477,2,2
2019-08-21 15:00:32.176,10478,10499,10468,1,-1
2019-08-21 15:00:32.176,10478,10499,10463,5,-5
2019-08-21 15:00:32.176,10478,10499,10460,3,-3
2019-08-21 15:00:32.313,10466,10499,10499,1,1
2019-08-21 15:00:32.453,10482,10500,10499,2,-2
2019-08-21 15:00:32.453,10482,10500,10500,3,3
2019-08-21 15:00:32.453,10482,10500,10507,1,1
2019-08-21 15:00:32.453,10482,10500,10509,1,1
2019-08-21 15:00:32.453,10482,10500,10513,1,1
2019-08-21 15:00:32.453,10482,10500,10516,2,2
2019-08-21 15:00:32.453,10482,10500,10520,1,1
2019-08-21 15:00:32.639,10483,10519,10519,2,2
2019-08-21 15:00:32.639,10483,10519,10520,6,6
2019-08-21 15:00:32.641,10483,10519,10483,1,-1
2019-08-21 15:00:32.641,10483,10519,10482,6,-6
2019-08-21 15:00:32.641,10483,10519,10477,4,-4
2019-08-21 15:00:32.692,10483,10519,10482,2,2
2019-08-21 15:00:32.692,10483,10519,10477,6,-6
2019-08-21 15:00:32.692,10483,10519,10475,2,-2
2019-08-21 15:00:32.692,10483,10519,10470,1,-1
2019-08-21 15:00:32.874,10476,10481,10481,3,3
2019-08-21 15:00:32.874,10476,10481,10503,3,3
2019-08-21 15:00:32.874,10476,10481,10520,2,2
2019-08-21 15:00:32.874,10476,10481,10522,3,3
2019-08-21 15:00:32.928,10476,10481,10518,10,10
2019-08-21 15:00:32.928,10476,10481,10522,1,1
2019-08-21 15:00:33.005,10488,10520,10489,1,-1
2019-08-21 15:00:33.005,10488,10520,10488,1,-1
2019-08-21 15:00:33.005,10488,10520,10477,2,-2
2019-08-21 15:00:33.110,10488,10520,10488,2,2
2019-08-21 15:00:33.110,10488,10520,10477,9,-9
2019-08-21 15:00:33.137,10477,10519,10518,1,1
2019-08-21 15:00:33.249,10478,10512,10478,1,-1
2019-08-21 15:00:33.249,10478,10512,10477,1,-1
2019-08-21 15:00:33.249,10478,10512,10475,3,-3
2019-08-21 15:00:33.249,10478,10512,10469,1,-1
2019-08-21 15:00:33.249,10478,10512,10466,1,-1
2019-08-21 15:00:33.249,10478,10512,10459,4,-4
2019-08-21 15:00:33.370,10506,10511,10506,1,1
2019-08-21 15:00:33.521,10475,10509,10506,1,-1
2019-08-21 15:00:33.568,10475,10509,10508,2,2
2019-08-21 15:00:33.568,10475,10509,10509,2,2
2019-08-21 15:00:33.568,10475,10509,10511,2,2
2019-08-21 15:00:33.568,10475,10509,10512,5,5
2019-08-21 15:00:33.673,10504,10512,10505,1,-1
2019-08-21 15:00:33.709,10504,10512,10511,2,2
2019-08-21 15:00:33.709,10504,10512,10512,7,7
2019-08-21 15:00:33.709,10504,10512,10516,2,2
2019-08-21 15:00:33.846,10505,10516,10505,1,-1
2019-08-21 15:00:33.846,10505,10516,10504,2,-2
2019-08-21 15:00:33.846,10505,10516,10491,2,-2
2019-08-21 15:00:33.846,10505,10516,10475,2,-2
2019-08-21 15:00:33.846,10505,10516,10465,1,-1
2019-08-21 15:00:33.846,10505,10516,10464,3,-3
2019-08-21 15:00:34.012,10505,10511,10511,1,1
2019-08-21 15:00:34.012,10505,10511,10512,3,3
2019-08-21 15:00:34.049,10505,10511,10512,7,7
2019-08-21 15:00:34.049,10505,10511,10516,4,4
2019-08-21 15:00:34.170,10505,10516,10516,4,4
2019-08-21 15:00:34.170,10505,10516,10520,3,3
2019-08-21 15:00:34.170,10505,10516,10526,2,2
2019-08-21 15:00:34.170,10505,10516,10530,1,1
2019-08-21 15:00:34.170,10505,10516,10531,1,1
2019-08-21 15:00:34.384,10510,10532,10510,2,-2
2019-08-21 15:00:34.384,10510,10532,10509,2,-2
2019-08-21 15:00:34.384,10510,10532,10506,2,-2
2019-08-21 15:00:34.384,10510,10532,10505,5,-5
2019-08-21 15:00:34.518,10505,10532,10503,2,-2
2019-08-21 15:00:34.518,10505,10532,10502,2,-2
2019-08-21 15:00:34.518,10505,10532,10501,2,-2
2019-08-21 15:00:34.589,10505,10532,10532,1,1
2019-08-21 15:00:34.589,10505,10532,10533,1,1
2019-08-21 15:00:34.645,10503,10533,10501,2,-2
2019-08-21 15:00:34.645,10503,10533,10482,1,-1
2019-08-21 15:00:34.645,10503,10533,10481,1,-1
2019-08-21 15:00:34.824,10488,10534,10488,1,1
2019-08-21 15:00:34.931,10477,10534,10532,11,11
2019-08-21 15:00:34.936,10477,10534,10501,1,-1
2019-08-21 15:00:35.021,10501,10532,10501,1,-1
2019-08-21 15:00:35.021,10501,10532,10488,1,-1
2019-08-21 15:00:35.150,10489,10531,10531,2,2
2019-08-21 15:00:35.150,10489,10531,10532,9,9
2019-08-21 15:00:35.283,10490,10532,10490,2,-2
2019-08-21 15:00:35.283,10490,10532,10489,2,-2
2019-08-21 15:00:35.283,10490,10532,10480,5,-5
2019-08-21 15:00:35.461,10477,10531,10486,5,5
2019-08-21 15:00:35.461,10477,10531,10530,6,6
2019-08-21 15:00:35.470,10477,10531,10530,1,-1
2019-08-21 15:00:35.578,10513,10530,10513,5,-5
2019-08-21 15:00:35.578,10513,10530,10477,3,-3
2019-08-21 15:00:35.579,10513,10530,10529,2,2
2019-08-21 15:00:35.647,10514,10529,10488,3,-3
2019-08-21 15:00:35.649,10514,10529,10488,4,-4
2019-08-21 15:00:35.671,10514,10529,10488,3,-3
2019-08-21 15:00:35.671,10514,10529,10478,2,-2
2019-08-21 15:00:35.671,10514,10529,10477,6,-6
2019-08-21 15:00:35.836,10477,10528,10477,11,-11
2019-08-21 15:00:35.921,10477,10528,10514,10,10
2019-08-21 15:00:35.921,10477,10528,10528,1,1
2019-08-21 15:00:36.023,10478,10483,10479,6,-6
2019-08-21 15:00:36.023,10478,10483,10478,1,-1
2019-08-21 15:00:36.023,10478,10483,10477,4,-4
2019-08-21 15:00:36.080,10478,10483,10483,5,5
2019-08-21 15:00:36.080,10478,10483,10499,1,1
2019-08-21 15:00:36.080,10478,10483,10509,1,1
2019-08-21 15:00:36.080,10478,10483,10519,4,4
2019-08-21 15:00:36.367,10478,10498,10498,1,1
2019-08-21 15:00:36.367,10478,10498,10499,1,1
2019-08-21 15:00:36.367,10478,10498,10519,9,9
2019-08-21 15:00:36.480,10478,10498,10479,1,-1
2019-08-21 15:00:36.480,10478,10498,10478,7,-7
2019-08-21 15:00:36.480,10478,10498,10477,3,-3
2019-08-21 15:00:36.623,10479,10498,10479,6,6
2019-08-21 15:00:36.623,10479,10498,10477,5,-5
2019-08-21 15:00:36.732,10479,10498,10513,11,11
2019-08-21 15:00:36.754,10480,10513,10512,2,-2
2019-08-21 15:00:36.754,10480,10513,10513,2,2
2019-08-21 15:00:36.808,10480,10513,10513,11,11
2019-08-21 15:00:36.914,10481,10513,10506,5,-5
2019-08-21 15:00:36.914,10481,10513,10481,1,-1
2019-08-21 15:00:36.914,10481,10513,10480,5,-5
2019-08-21 15:00:37.032,10480,10512,10500,2,2
2019-08-21 15:00:37.032,10480,10512,10478,1,-1
2019-08-21 15:00:37.032,10480,10512,10477,8,-8
2019-08-21 15:00:37.100,10480,10512,10512,2,2
2019-08-21 15:00:37.100,10480,10512,10515,2,2
2019-08-21 15:00:37.100,10480,10512,10516,7,7
2019-08-21 15:00:37.376,10500,10515,10501,2,-2
2019-08-21 15:00:37.376,10500,10515,10500,2,-2
2019-08-21 15:00:37.376,10500,10515,10480,5,-5
2019-08-21 15:00:37.376,10500,10515,10477,2,-2
2019-08-21 15:00:37.506,10500,10514,10499,2,2
2019-08-21 15:00:37.506,10500,10514,10483,1,-1
2019-08-21 15:00:37.506,10500,10514,10482,1,-1
2019-08-21 15:00:37.506,10500,10514,10477,7,-7
2019-08-21 15:00:37.525,10500,10514,10513,2,2
2019-08-21 15:00:37.644,10483,10514,10514,8,8
2019-08-21 15:00:37.644,10483,10514,10515,2,2
2019-08-21 15:00:37.644,10483,10514,10516,1,1
2019-08-21 15:00:37.687,10483,10514,10512,2,-2
2019-08-21 15:00:37.687,10483,10514,10516,4,4
2019-08-21 15:00:37.687,10483,10514,10518,2,2
2019-08-21 15:00:37.696,10483,10514,10498,1,-1
2019-08-21 15:00:37.696,10483,10514,10479,2,-2
2019-08-21 15:00:37.696,10483,10514,10478,1,-1
2019-08-21 15:00:37.696,10483,10514,10477,2,-2
2019-08-21 15:00:37.696,10483,10514,10476,2,-2
2019-08-21 15:00:37.696,10483,10514,10475,3,-3
2019-08-21 15:00:37.892,10500,10513,10500,2,2
2019-08-21 15:00:37.957,10500,10513,10506,1,1
2019-08-21 15:00:37.957,10500,10513,10512,2,2
2019-08-21 15:00:37.957,10500,10513,10513,6,6
2019-08-21 15:00:37.957,10500,10513,10516,1,1
2019-08-21 15:00:37.957,10500,10513,10519,1,1
2019-08-21 15:00:38.058,10499,10512,10500,2,-2
2019-08-21 15:00:38.058,10499,10512,10499,2,-2
2019-08-21 15:00:38.107,10499,10512,10499,2,-2
2019-08-21 15:00:38.107,10499,10512,10488,1,-1
2019-08-21 15:00:38.107,10499,10512,10482,1,-1
2019-08-21 15:00:38.107,10499,10512,10475,7,-7
2019-08-21 15:00:38.242,10476,10511,10476,1,1
2019-08-21 15:00:38.242,10476,10511,10475,1,-1
2019-08-21 15:00:38.242,10476,10511,10474,1,-1
2019-08-21 15:00:38.242,10476,10511,10473,2,-2
2019-08-21 15:00:38.288,10476,10511,10510,1,1
2019-08-21 15:00:38.288,10476,10511,10511,3,3
2019-08-21 15:00:38.288,10476,10511,10512,7,7
2019-08-21 15:00:38.462,10479,10519,10518,2,2
2019-08-21 15:00:38.462,10479,10519,10519,6,6
2019-08-21 15:00:38.462,10479,10519,10521,1,1
2019-08-21 15:00:38.462,10479,10519,10522,2,2
2019-08-21 15:00:38.635,10497,10513,10513,2,2
2019-08-21 15:00:38.635,10497,10513,10521,5,5
2019-08-21 15:00:38.635,10497,10513,10522,2,2
2019-08-21 15:00:38.635,10497,10513,10523,2,2
2019-08-21 15:00:38.796,10497,10523,10505,1,-1
2019-08-21 15:00:38.983,10497,10516,10497,1,-1
2019-08-21 15:00:38.983,10497,10516,10496,1,-1
2019-08-21 15:00:38.983,10497,10516,10479,4,-4
2019-08-21 15:00:38.983,10497,10516,10477,5,-5
2019-08-21 15:00:38.992,10496,10498,10498,1,1
2019-08-21 15:00:39.130,10478,10497,10479,2,-2
2019-08-21 15:00:39.130,10478,10497,10478,6,-6
2019-08-21 15:00:39.130,10478,10497,10477,3,-3
2019-08-21 15:00:39.291,10479,10497,10480,2,2
2019-08-21 15:00:39.291,10479,10497,10479,6,-6
2019-08-21 15:00:39.291,10479,10497,10477,3,-3
2019-08-21 15:00:39.440,10480,10497,10480,7,7
2019-08-21 15:00:39.440,10480,10497,10477,4,-4
2019-08-21 15:00:39.517,10481,10497,10497,1,1
2019-08-21 15:00:39.547,10481,10497,10482,1,-1
2019-08-21 15:00:39.547,10481,10497,10481,6,-6
2019-08-21 15:00:39.547,10481,10497,10477,4,-4
2019-08-21 15:00:39.566,10481,10497,10482,6,6
2019-08-21 15:00:39.566,10481,10497,10477,2,-2
2019-08-21 15:00:39.618,10477,10498,10477,5,-5
2019-08-21 15:00:39.652,10477,10498,10477,11,-11
2019-08-21 15:00:39.747,10477,10497,10477,11,-11
2019-08-21 15:00:39.834,10477,10497,10497,2,2
2019-08-21 15:00:39.834,10477,10497,10498,6,6
2019-08-21 15:00:39.834,10477,10497,10512,3,3
2019-08-21 15:00:39.964,10478,10512,10511,2,-2
2019-08-21 15:00:39.964,10478,10512,10515,1,1
2019-08-21 15:00:39.964,10478,10512,10516,1,1
2019-08-21 15:00:39.964,10478,10512,10517,2,2
2019-08-21 15:00:39.964,10478,10512,10518,3,3
2019-08-21 15:00:39.964,10478,10512,10519,2,2
2019-08-21 15:00:40.177,10499,10517,10516,1,-1
2019-08-21 15:00:40.213,10499,10517,10517,6,6
2019-08-21 15:00:40.213,10499,10517,10518,5,5
2019-08-21 15:00:40.326,10499,10516,10512,1,-1
2019-08-21 15:00:40.326,10499,10516,10516,7,7
2019-08-21 15:00:40.326,10499,10516,10518,1,1
2019-08-21 15:00:40.326,10499,10516,10519,2,2
2019-08-21 15:00:40.480,10499,10514,10514,6,6
2019-08-21 15:00:40.480,10499,10514,10517,3,3
2019-08-21 15:00:40.480,10499,10514,10519,2,2
2019-08-21 15:00:40.508,10499,10513,10513,1,1
2019-08-21 15:00:40.564,10499,10513,10513,2,2
2019-08-21 15:00:40.620,10499,10513,10513,4,4
2019-08-21 15:00:40.620,10499,10513,10519,4,4
2019-08-21 15:00:40.620,10499,10513,10514,1,1
2019-08-21 15:00:40.620,10499,10513,10520,2,2
2019-08-21 15:00:40.620,10499,10513,10521,8,8
2019-08-21 15:00:40.757,10499,10521,10499,2,-2
2019-08-21 15:00:40.757,10499,10521,10498,9,-9
2019-08-21 15:00:40.774,10499,10521,10520,2,2
2019-08-21 15:00:40.774,10499,10521,10521,2,2
2019-08-21 15:00:40.868,10498,10521,10499,1,-1
2019-08-21 15:00:40.868,10498,10521,10498,3,-3
2019-08-21 15:00:40.868,10498,10521,10480,7,-7
2019-08-21 15:00:40.917,10498,10521,10480,7,-7
2019-08-21 15:00:40.917,10498,10521,10479,4,-4
2019-08-21 15:00:41.062,10479,10502,10501,1,1
2019-08-21 15:00:41.105,10479,10502,10501,1,-1
2019-08-21 15:00:41.105,10479,10502,10480,8,-8
2019-08-21 15:00:41.105,10479,10502,10479,2,-2
2019-08-21 15:00:41.617,10482,10501,10482,1,1
2019-08-21 15:00:41.617,10482,10501,10481,4,-4
2019-08-21 15:00:41.917,10481,10501,10481,4,-4
2019-08-21 15:00:41.917,10481,10501,10479,7,-7
2019-08-21 15:00:42.017,10480,10501,10480,2,2
2019-08-21 15:00:42.017,10480,10501,10479,6,-6
2019-08-21 15:00:42.017,10480,10501,10478,3,-3
2019-08-21 15:00:42.066,10480,10501,10478,5,-5
2019-08-21 15:00:42.080,10480,10501,10478,3,-3
2019-08-21 15:00:42.080,10480,10501,10477,1,-1
2019-08-21 15:00:42.141,10477,10501,10501,1,1
2019-08-21 15:00:42.141,10477,10501,10502,3,3
2019-08-21 15:00:42.141,10477,10501,10508,1,1
2019-08-21 15:00:42.141,10477,10501,10515,2,2
2019-08-21 15:00:42.141,10477,10501,10516,2,2
2019-08-21 15:00:42.141,10477,10501,10517,2,2
2019-08-21 15:00:42.410,10481,10516,10514,1,-1
2019-08-21 15:00:42.410,10481,10516,10515,2,2
2019-08-21 15:00:42.410,10481,10516,10516,8,8
2019-08-21 15:00:42.462,10481,10516,10517,6,6
2019-08-21 15:00:42.462,10481,10516,10518,1,1
2019-08-21 15:00:42.462,10481,10516,10519,1,1
2019-08-21 15:00:42.462,10481,10516,10520,3,3
2019-08-21 15:00:42.657,10501,10517,10517,4,4
2019-08-21 15:00:42.657,10501,10517,10520,7,7
2019-08-21 15:00:42.689,10501,10517,10502,2,-2
2019-08-21 15:00:42.689,10501,10517,10501,3,-3
2019-08-21 15:00:42.689,10501,10517,10500,3,-3
2019-08-21 15:00:42.811,10501,10516,10514,2,2
2019-08-21 15:00:42.811,10501,10516,10516,6,6
2019-08-21 15:00:42.811,10501,10516,10517,3,3
2019-08-21 15:00:42.933,10501,10516,10483,2,-2
2019-08-21 15:00:42.933,10501,10516,10482,5,-5
2019-08-21 15:00:42.933,10501,10516,10481,3,-3
2019-08-21 15:00:42.933,10501,10516,10480,1,-1
2019-08-21 15:00:43.003,10480,10515,10480,1,-1
2019-08-21 15:00:43.084,10480,10515,10481,2,2
2019-08-21 15:00:43.084,10480,10515,10480,9,-9
2019-08-21 15:00:43.210,10477,10515,10514,2,2
2019-08-21 15:00:43.210,10477,10515,10515,4,4
2019-08-21 15:00:43.210,10477,10515,10516,2,2
2019-08-21 15:00:43.210,10477,10515,10517,3,3
2019-08-21 15:00:43.417,10480,10516,10480,3,-3
2019-08-21 15:00:43.417,10480,10516,10479,3,-3
2019-08-21 15:00:43.417,10480,10516,10478,2,-2
2019-08-21 15:00:43.417,10480,10516,10477,3,-3
2019-08-21 15:00:43.483,10480,10516,10502,1,1
2019-08-21 15:00:43.483,10480,10516,10516,3,3
2019-08-21 15:00:43.580,10480,10516,10481,2,-2
2019-08-21 15:00:43.580,10480,10516,10480,2,-2
2019-08-21 15:00:43.580,10480,10516,10477,7,-7
2019-08-21 15:00:43.638,10480,10515,10480,3,3
2019-08-21 15:00:43.638,10480,10515,10477,2,-2
2019-08-21 15:00:43.638,10480,10515,10476,2,-2
2019-08-21 15:00:43.638,10480,10515,10475,4,-4
2019-08-21 15:00:43.742,10475,10476,10476,2,2
2019-08-21 15:00:43.742,10475,10476,10476,3,3
2019-08-21 15:00:43.838,10475,10476,10515,3,3
2019-08-21 15:00:43.838,10475,10476,10516,2,2
2019-08-21 15:00:43.838,10475,10476,10517,6,6
2019-08-21 15:00:43.966,10486,10517,10516,3,-3
2019-08-21 15:00:43.966,10486,10517,10517,6,6
2019-08-21 15:00:43.966,10486,10517,10519,2,2
2019-08-21 15:00:44.093,10495,10517,10516,1,-1
2019-08-21 15:00:44.093,10495,10517,10517,2,2
2019-08-21 15:00:44.093,10495,10517,10518,2,2
2019-08-21 15:00:44.093,10495,10517,10519,2,2
2019-08-21 15:00:44.093,10495,10517,10520,4,4
2019-08-21 15:00:44.147,10496,10517,10516,2,-2
2019-08-21 15:00:44.147,10496,10517,10517,2,2
2019-08-21 15:00:44.147,10496,10517,10519,2,2
2019-08-21 15:00:44.147,10496,10517,10520,5,5
2019-08-21 15:00:44.513,10497,10515,10498,2,-2
2019-08-21 15:00:44.513,10497,10515,10497,4,-4
2019-08-21 15:00:44.513,10497,10515,10496,3,-3
2019-08-21 15:00:44.513,10497,10515,10495,1,-1
2019-08-21 15:00:44.513,10497,10515,10486,1,-1
2019-08-21 15:00:44.607,10497,10515,10514,2,2
2019-08-21 15:00:44.607,10497,10515,10515,3,3
2019-08-21 15:00:44.607,10497,10515,10516,3,3
2019-08-21 15:00:44.661,10497,10515,10487,2,-2
2019-08-21 15:00:44.661,10497,10515,10486,2,-2
2019-08-21 15:00:44.661,10497,10515,10485,1,-1
2019-08-21 15:00:44.661,10497,10515,10480,2,-2
2019-08-21 15:00:44.661,10497,10515,10479,4,-4
2019-08-21 15:00:44.691,10497,10515,10486,2,2
2019-08-21 15:00:44.691,10497,10515,10479,2,-2
2019-08-21 15:00:44.844,10479,10515,10514,2,2
2019-08-21 15:00:44.844,10479,10515,10515,3,3
2019-08-21 15:00:44.844,10479,10515,10516,2,2
2019-08-21 15:00:44.844,10479,10515,10517,4,4
2019-08-21 15:00:44.899,10480,10514,10480,4,-4
2019-08-21 15:00:44.899,10480,10514,10479,7,-7
2019-08-21 15:00:45.093,10480,10513,10513,3,3
2019-08-21 15:00:45.093,10480,10513,10514,3,3
2019-08-21 15:00:45.093,10480,10513,10517,3,3
2019-08-21 15:00:45.093,10480,10513,10518,2,2
2019-08-21 15:00:45.280,10481,10487,10482,8,-8
2019-08-21 15:00:45.280,10481,10487,10481,3,-3
2019-08-21 15:00:45.406,10480,10487,10481,6,-6
2019-08-21 15:00:45.406,10480,10487,10480,3,-3
2019-08-21 15:00:45.406,10480,10487,10479,2,-2
2019-08-21 15:00:45.523,10480,10486,10487,3,3
2019-08-21 15:00:45.523,10480,10486,10502,1,1
2019-08-21 15:00:45.523,10480,10486,10504,1,1
2019-08-21 15:00:45.523,10480,10486,10513,2,2
2019-08-21 15:00:45.523,10480,10486,10514,4,4
2019-08-21 15:00:45.560,10480,10486,10481,1,-1
2019-08-21 15:00:45.560,10480,10486,10480,7,-7
2019-08-21 15:00:45.690,10479,10514,10513,2,2
2019-08-21 15:00:45.690,10479,10514,10514,2,2
2019-08-21 15:00:45.697,10479,10514,10514,4,4
2019-08-21 15:00:45.697,10479,10514,10517,4,4
2019-08-21 15:00:45.697,10479,10514,10519,3,3
2019-08-21 15:00:45.757,10480,10514,10514,2,2
2019-08-21 15:00:45.757,10480,10514,10520,7,7
2019-08-21 15:00:45.757,10480,10514,10521,2,2
2019-08-21 15:00:46.029,10487,10499,10487,4,-4
2019-08-21 15:00:46.029,10487,10499,10486,4,-4
2019-08-21 15:00:46.029,10487,10499,10481,1,-1
2019-08-21 15:00:46.029,10487,10499,10480,2,-2
2019-08-21 15:00:46.085,10487,10499,10487,2,2
2019-08-21 15:00:46.085,10487,10499,10480,1,-1
2019-08-21 15:00:46.085,10487,10499,10479,4,-4
2019-08-21 15:00:46.085,10487,10499,10477,4,-4
2019-08-21 15:00:46.273,10488,10498,10488,4,4
2019-08-21 15:00:46.273,10488,10498,10487,1,-1
2019-08-21 15:00:46.390,10494,10498,10495,1,1
2019-08-21 15:00:46.390,10494,10498,10494,1,-1
2019-08-21 15:00:46.390,10494,10498,10488,2,-2
2019-08-21 15:00:46.390,10494,10498,10487,3,-3
2019-08-21 15:00:46.390,10494,10498,10477,1,-1
2019-08-21 15:00:46.390,10494,10498,10476,3,-3
2019-08-21 15:00:46.588,10476,10493,10477,6,6
2019-08-21 15:00:46.588,10476,10493,10476,2,-2
2019-08-21 15:00:46.588,10476,10493,10475,3,-3
2019-08-21 15:00:46.693,10476,10492,10476,2,2
2019-08-21 15:00:46.693,10476,10492,10474,1,-1
2019-08-21 15:00:46.693,10476,10492,10473,1,-1
2019-08-21 15:00:46.710,10476,10492,10473,11,-11
2019-08-21 15:00:46.764,10477,10498,10497,2,2
2019-08-21 15:00:46.764,10477,10498,10498,2,2
2019-08-21 15:00:46.764,10477,10498,10499,1,1
2019-08-21 15:00:46.764,10477,10498,10514,2,2
2019-08-21 15:00:46.764,10477,10498,10515,4,4
2019-08-21 15:00:46.992,10506,10507,10506,1,-1
2019-08-21 15:00:46.997,10506,10507,10478,2,-2
2019-08-21 15:00:46.997,10506,10507,10477,2,-2
2019-08-21 15:00:46.997,10506,10507,10473,7,-7
2019-08-21 15:00:47.129,10473,10501,10500,1,1
2019-08-21 15:00:47.129,10473,10501,10501,1,1
2019-08-21 15:00:47.129,10473,10501,10506,8,8
2019-08-21 15:00:47.129,10473,10501,10507,1,1
2019-08-21 15:00:47.295,10503,10514,10504,1,-1
2019-08-21 15:00:47.295,10503,10514,10503,1,-1
2019-08-21 15:00:47.295,10503,10514,10489,2,-2
2019-08-21 15:00:47.295,10503,10514,10481,3,-3
2019-08-21 15:00:47.295,10503,10514,10475,1,-1
2019-08-21 15:00:47.295,10503,10514,10474,2,-2
2019-08-21 15:00:47.295,10503,10514,10473,1,-1
2019-08-21 15:00:47.558,10482,10484,10484,2,2
2019-08-21 15:00:47.558,10482,10484,10485,5,5
2019-08-21 15:00:47.558,10482,10484,10513,4,4
2019-08-21 15:00:47.674,10483,10513,10512,2,-2
2019-08-21 15:00:47.674,10483,10513,10513,3,3
2019-08-21 15:00:47.674,10483,10513,10514,1,1
2019-08-21 15:00:47.674,10483,10513,10515,2,2
2019-08-21 15:00:47.674,10483,10513,10516,3,3
2019-08-21 15:00:47.732,10483,10513,10510,4,-4
2019-08-21 15:00:47.780,10510,10517,10515,6,6
2019-08-21 15:00:47.780,10510,10517,10517,2,2
2019-08-21 15:00:47.847,10510,10517,10510,1,-1
2019-08-21 15:00:47.847,10510,10517,10483,2,-2
2019-08-21 15:00:47.847,10510,10517,10482,3,-3
2019-08-21 15:00:47.868,10480,10515,10514,1,1
2019-08-21 15:00:47.868,10480,10515,10515,1,1
2019-08-21 15:00:47.868,10480,10515,10516,1,1
2019-08-21 15:00:47.868,10480,10515,10517,2,2
2019-08-21 15:00:47.868,10480,10515,10520,1,1
2019-08-21 15:00:47.868,10480,10515,10521,5,5
2019-08-21 15:00:47.924,10480,10515,10506,1,-1
2019-08-21 15:00:47.924,10480,10515,10514,6,6
2019-08-21 15:00:47.924,10480,10515,10515,2,2
2019-08-21 15:00:47.924,10480,10515,10521,2,2
2019-08-21 15:00:48.000,10482,10515,10515,2,2
2019-08-21 15:00:48.000,10482,10515,10521,2,2
2019-08-21 15:00:48.251,10493,10515,10515,2,2
2019-08-21 15:00:48.251,10493,10515,10521,8,8
2019-08-21 15:00:48.251,10493,10515,10522,1,1
2019-08-21 15:00:48.503,10493,10495,10493,4,-4
2019-08-21 15:00:48.503,10493,10495,10492,1,-1
2019-08-21 15:00:48.503,10493,10495,10485,3,-3
2019-08-21 15:00:48.503,10493,10495,10482,3,-3
2019-08-21 15:00:48.699,10482,10494,10483,2,2
2019-08-21 15:00:48.699,10482,10494,10482,4,-4
2019-08-21 15:00:48.699,10482,10494,10480,5,-5
2019-08-21 15:00:48.761,10482,10494,10477,2,-2
2019-08-21 15:00:48.761,10482,10494,10476,2,-2
2019-08-21 15:00:48.761,10482,10494,10475,2,-2
2019-08-21 15:00:48.761,10482,10494,10474,5,-5
2019-08-21 15:00:49.000,10483,10494,10483,2,2
2019-08-21 15:00:49.000,10483,10494,10482,3,-3
2019-08-21 15:00:49.000,10483,10494,10476,1,-1
2019-08-21 15:00:49.000,10483,10494,10474,1,-1
2019-08-21 15:00:49.000,10483,10494,10473,4,-4
2019-08-21 15:00:49.003,10483,10494,10480,1,1
2019-08-21 15:00:49.003,10483,10494,10473,3,-3
2019-08-21 15:00:49.062,10483,10494,10473,1,-1
2019-08-21 15:00:49.062,10483,10494,10472,2,-2
2019-08-21 15:00:49.062,10483,10494,10471,2,-2
2019-08-21 15:00:49.062,10483,10494,10470,6,-6
2019-08-21 15:00:49.281,10482,10494,10483,1,1
2019-08-21 15:00:49.281,10482,10494,10482,1,-1
2019-08-21 15:00:49.281,10482,10494,10479,1,-1
2019-08-21 15:00:49.281,10482,10494,10477,1,-1
2019-08-21 15:00:49.281,10482,10494,10470,1,-1
2019-08-21 15:00:49.364,10482,10494,10477,2,2
2019-08-21 15:00:49.364,10482,10494,10470,4,-4
2019-08-21 15:00:49.364,10482,10494,10468,5,-5
2019-08-21 15:00:49.493,10478,10494,10493,1,1
2019-08-21 15:00:49.493,10478,10494,10494,2,2
2019-08-21 15:00:49.493,10478,10494,10495,5,5
2019-08-21 15:00:49.493,10478,10494,10496,3,3
2019-08-21 15:00:49.578,10478,10494,10483,1,-1
2019-08-21 15:00:49.578,10478,10494,10479,1,-1
2019-08-21 15:00:49.578,10478,10494,10478,1,-1
2019-08-21 15:00:49.578,10478,10494,10468,2,-2
2019-08-21 15:00:49.578,10478,10494,10466,1,-1
2019-08-21 15:00:49.578,10478,10494,10464,2,-2
2019-08-21 15:00:49.675,10480,10496,10480,2,2
2019-08-21 15:00:49.675,10480,10496,10479,6,-6
2019-08-21 15:00:49.675,10480,10496,10464,3,-3
2019-08-21 15:00:49.797,10483,10495,10484,1,1
2019-08-21 15:00:49.797,10483,10495,10495,1,1
2019-08-21 15:00:49.797,10483,10495,10496,1,1
2019-08-21 15:00:49.797,10483,10495,10497,1,1
2019-08-21 15:00:49.797,10483,10495,10500,7,7
2019-08-21 15:00:49.957,10484,10496,10495,2,-2
2019-08-21 15:00:49.957,10484,10496,10499,2,2
2019-08-21 15:00:49.957,10484,10496,10500,7,7
2019-08-21 15:00:50.075,10484,10500,10485,2,-2
2019-08-21 15:00:50.075,10484,10500,10484,3,-3
2019-08-21 15:00:50.075,10484,10500,10483,2,-2
2019-08-21 15:00:50.075,10484,10500,10471,2,-2
2019-08-21 15:00:50.075,10484,10500,10470,2,-2
2019-08-21 15:00:50.105,10484,10500,10494,1,1
2019-08-21 15:00:50.131,10497,10499,10497,1,1
2019-08-21 15:00:50.323,10483,10498,10497,2,-2
2019-08-21 15:00:50.323,10483,10498,10498,5,5
2019-08-21 15:00:50.323,10483,10498,10499,1,1
2019-08-21 15:00:50.323,10483,10498,10500,3,3
2019-08-21 15:00:50.489,10484,10506,10505,1,1
2019-08-21 15:00:50.489,10484,10506,10506,3,3
2019-08-21 15:00:50.489,10484,10506,10509,1,1
2019-08-21 15:00:50.489,10484,10506,10510,2,2
2019-08-21 15:00:50.489,10484,10506,10512,2,2
2019-08-21 15:00:50.489,10484,10506,10513,1,1
2019-08-21 15:00:50.489,10484,10506,10515,1,1
2019-08-21 15:00:50.606,10484,10506,10505,1,-1
2019-08-21 15:00:50.717,10497,10506,10506,2,2
2019-08-21 15:00:50.717,10497,10506,10515,2,2
2019-08-21 15:00:50.722,10497,10506,10506,2,2
2019-08-21 15:00:50.722,10497,10506,10517,1,1
2019-08-21 15:00:50.722,10497,10506,10520,5,5
2019-08-21 15:00:50.763,10498,10506,10498,2,-2
2019-08-21 15:00:50.763,10498,10506,10497,2,-2
2019-08-21 15:00:50.763,10498,10506,10484,3,-3
2019-08-21 15:00:50.763,10498,10506,10483,3,-3
2019-08-21 15:00:50.763,10498,10506,10480,1,-1
2019-08-21 15:00:50.954,10483,10505,10484,1,1
2019-08-21 15:00:50.954,10483,10505,10483,3,-3
2019-08-21 15:00:50.954,10483,10505,10480,1,-1
2019-08-21 15:00:50.954,10483,10505,10478,1,-1
2019-08-21 15:00:50.954,10483,10505,10476,1,-1
2019-08-21 15:00:50.954,10483,10505,10475,4,-4
2019-08-21 15:00:51.024,10485,10505,10504,2,2
2019-08-21 15:00:51.024,10485,10505,10505,4,4
2019-08-21 15:00:51.024,10485,10505,10506,2,2
2019-08-21 15:00:51.024,10485,10505,10517,1,1
2019-08-21 15:00:51.024,10485,10505,10520,2,2
2019-08-21 15:00:51.117,10486,10487,10487,2,2
2019-08-21 15:00:51.408,10504,10519,10518,2,2
2019-08-21 15:00:51.408,10504,10519,10519,8,8
2019-08-21 15:00:51.408,10504,10519,10520,1,1
2019-08-21 15:00:51.475,10504,10519,10505,2,-2
2019-08-21 15:00:51.475,10504,10519,10504,5,-5
2019-08-21 15:00:51.475,10504,10519,10501,1,-1
2019-08-21 15:00:51.721,10486,10502,10486,4,-4
2019-08-21 15:00:51.919,10497,10501,10501,1,1
2019-08-21 15:00:52.372,10497,10500,10500,1,1
2019-08-21 15:00:52.413,10497,10500,10497,4,-4
2019-08-21 15:00:52.413,10497,10500,10490,1,-1
2019-08-21 15:00:52.413,10497,10500,10486,2,-2
2019-08-21 15:00:52.413,10497,10500,10485,4,-4
2019-08-21 15:00:52.470,10497,10500,10485,3,-3
2019-08-21 15:00:52.470,10497,10500,10483,5,-5
2019-08-21 15:00:52.470,10497,10500,10480,1,-1
2019-08-21 15:00:52.470,10497,10500,10478,2,-2
2019-08-21 15:00:52.492,10477,10500,10500,1,1
2019-08-21 15:00:52.617,10500,10501,10500,3,-3
2019-08-21 15:00:52.671,10500,10501,10490,6,-6
2019-08-21 15:00:52.671,10500,10501,10480,2,-2
2019-08-21 15:00:52.671,10500,10501,10479,2,-2
2019-08-21 15:00:52.671,10500,10501,10478,1,-1
2019-08-21 15:00:52.682,10500,10501,10478,1,-1
2019-08-21 15:00:52.682,10500,10501,10477,7,-7
2019-08-21 15:00:52.824,10477,10500,10490,1,1
2019-08-21 15:00:52.824,10477,10500,10499,2,2
2019-08-21 15:00:52.824,10477,10500,10500,2,2
2019-08-21 15:00:52.824,10477,10500,10501,6,6
2019-08-21 15:00:52.864,10477,10500,10502,1,1
2019-08-21 15:00:52.970,10478,10502,10484,5,-5
2019-08-21 15:00:52.970,10478,10502,10478,3,-3
2019-08-21 15:00:52.970,10478,10502,10477,3,-3
2019-08-21 15:00:53.039,10479,10499,10498,1,1
2019-08-21 15:00:53.039,10479,10499,10499,1,1
2019-08-21 15:00:53.039,10479,10499,10501,4,4
2019-08-21 15:00:53.039,10479,10499,10502,3,3
2019-08-21 15:00:53.039,10479,10499,10503,2,2
2019-08-21 15:00:53.365,10485,10498,10498,2,2
2019-08-21 15:00:53.365,10485,10498,10499,1,1
2019-08-21 15:00:53.365,10485,10498,10503,2,2
2019-08-21 15:00:53.365,10485,10498,10504,4,4
2019-08-21 15:00:53.365,10485,10498,10507,1,1
2019-08-21 15:00:53.365,10485,10498,10512,1,1
2019-08-21 15:00:53.390,10485,10516,10516,5,5
2019-08-21 15:00:53.390,10485,10516,10517,3,3
2019-08-21 15:00:53.603,10485,10517,10514,1,-1
2019-08-21 15:00:53.603,10485,10517,10517,5,5
2019-08-21 15:00:53.603,10485,10517,10519,2,2
2019-08-21 15:00:53.603,10485,10517,10520,3,3
2019-08-21 15:00:53.754,10496,10498,10498,1,1
2019-08-21 15:00:53.754,10496,10498,10520,7,7
2019-08-21 15:00:53.754,10496,10498,10521,3,3
2019-08-21 15:00:53.826,10496,10498,10521,2,2
2019-08-21 15:00:53.826,10496,10498,10522,2,2
2019-08-21 15:00:53.898,10497,10522,10497,1,-1
2019-08-21 15:00:53.898,10497,10522,10496,1,-1
2019-08-21 15:00:53.898,10497,10522,10490,6,-6
2019-08-21 15:00:53.898,10497,10522,10485,3,-3
2019-08-21 15:00:53.992,10485,10488,10485,1,-1
2019-08-21 15:00:53.992,10485,10488,10485,2,-2
2019-08-21 15:00:53.992,10485,10488,10485,1,-1
2019-08-21 15:00:53.992,10485,10488,10488,2,2
2019-08-21 15:00:54.075,10485,10488,10486,11,-11
2019-08-21 15:00:54.119,10486,10506,10505,2,2
2019-08-21 15:00:54.169,10486,10506,10499,4,-4
2019-08-21 15:00:54.169,10486,10506,10487,1,-1
2019-08-21 15:00:54.169,10486,10506,10486,1,-1
2019-08-21 15:00:54.169,10486,10506,10485,1,-1
2019-08-21 15:00:54.169,10486,10506,10484,4,-4
2019-08-21 15:00:54.235,10486,10506,10505,1,1
2019-08-21 15:00:54.363,10487,10505,10486,5,-5
2019-08-21 15:00:54.363,10487,10505,10485,1,-1
2019-08-21 15:00:54.363,10487,10505,10484,1,-1
2019-08-21 15:00:54.363,10487,10505,10483,4,-4
2019-08-21 15:00:54.398,10484,10505,10505,1,1
2019-08-21 15:00:54.429,10484,10505,10506,4,4
2019-08-21 15:00:54.429,10484,10505,10516,1,1
2019-08-21 15:00:54.429,10484,10505,10517,6,6
2019-08-21 15:00:54.517,10492,10506,10493,1,-1
2019-08-21 15:00:54.517,10492,10506,10492,1,-1
2019-08-21 15:00:54.517,10492,10506,10483,4,-4
2019-08-21 15:00:54.517,10492,10506,10481,2,-2
2019-08-21 15:00:54.676,10495,10506,10505,2,2
2019-08-21 15:00:54.676,10495,10506,10506,6,6
2019-08-21 15:00:54.676,10495,10506,10516,1,1
2019-08-21 15:00:54.676,10495,10506,10517,13,13
2019-08-21 15:00:54.747,10496,10517,10517,11,11
2019-08-21 15:00:54.842,10496,10517,10496,2,-2
2019-08-21 15:00:54.842,10496,10517,10495,2,-2
2019-08-21 15:00:54.906,10495,10506,10482,2,-2
2019-08-21 15:00:54.906,10495,10506,10481,3,-3
2019-08-21 15:00:54.906,10495,10506,10480,6,-6
2019-08-21 15:00:55.036,10497,10505,10505,9,9
2019-08-21 15:00:55.036,10497,10505,10506,2,2
2019-08-21 15:00:55.139,10498,10505,10498,1,-1
2019-08-21 15:00:55.139,10498,10505,10497,1,-1
2019-08-21 15:00:55.139,10498,10505,10490,2,-2
2019-08-21 15:00:55.139,10498,10505,10483,1,-1
2019-08-21 15:00:55.139,10498,10505,10480,4,-4
2019-08-21 15:00:55.139,10498,10505,10479,2,-2
2019-08-21 15:00:55.402,10501,10504,10504,2,2
2019-08-21 15:00:55.402,10501,10504,10505,2,2
2019-08-21 15:00:55.402,10501,10504,10506,7,7
2019-08-21 15:00:55.526,10501,10506,10506,4,4
2019-08-21 15:00:55.526,10501,10506,10516,2,2
2019-08-21 15:00:55.526,10501,10506,10517,5,5
2019-08-21 15:00:55.586,10501,10506,10506,2,2
2019-08-21 15:00:55.586,10501,10506,10517,6,6
2019-08-21 15:00:55.650,10502,10506,10502,2,-2
2019-08-21 15:00:55.650,10502,10506,10501,2,-2
2019-08-21 15:00:55.652,10502,10506,10501,2,-2
2019-08-21 15:00:55.652,10502,10506,10483,1,-1
2019-08-21 15:00:55.652,10502,10506,10482,2,-2
2019-08-21 15:00:55.652,10502,10506,10479,6,-6
2019-08-21 15:00:55.742,10480,10505,10505,2,2
2019-08-21 15:00:55.742,10480,10505,10506,2,2
2019-08-21 15:00:55.793,10480,10505,10481,2,-2
2019-08-21 15:00:55.793,10480,10505,10480,6,-6
2019-08-21 15:00:55.793,10480,10505,10479,3,-3
2019-08-21 15:00:55.915,10480,10504,10485,1,1
2019-08-21 15:00:55.915,10480,10504,10480,4,-4
2019-08-21 15:00:55.915,10480,10504,10479,2,-2
2019-08-21 15:00:55.915,10480,10504,10478,3,-3
2019-08-21 15:00:55.915,10480,10504,10475,1,-1
2019-08-21 15:00:55.955,10480,10504,10480,1,1
2019-08-21 15:00:55.980,10480,10504,10504,1,1
2019-08-21 15:00:56.074,10480,10505,10504,1,-1
2019-08-21 15:00:56.074,10480,10505,10505,4,4
2019-08-21 15:00:56.074,10480,10505,10508,4,4
2019-08-21 15:00:56.074,10480,10505,10515,2,2
2019-08-21 15:00:56.274,10481,10510,10482,2,-2
2019-08-21 15:00:56.274,10481,10510,10481,3,-3
2019-08-21 15:00:56.274,10481,10510,10480,1,-1
2019-08-21 15:00:56.274,10481,10510,10477,1,-1
2019-08-21 15:00:56.274,10481,10510,10475,4,-4
2019-08-21 15:00:56.307,10481,10510,10509,1,1
2019-08-21 15:00:56.422,10492,10509,10493,1,-1
2019-08-21 15:00:56.422,10492,10509,10492,1,-1
2019-08-21 15:00:56.422,10492,10509,10475,9,-9
2019-08-21 15:00:56.486,10492,10509,10509,3,3
2019-08-21 15:00:56.486,10492,10509,10510,4,4
2019-08-21 15:00:56.486,10492,10509,10513,4,4
2019-08-21 15:00:56.645,10492,10508,10492,4,-4
2019-08-21 15:00:56.719,10492,10508,10495,2,2
2019-08-21 15:00:56.719,10492,10508,10500,1,1
2019-08-21 15:00:56.719,10492,10508,10508,4,4
2019-08-21 15:00:56.719,10492,10508,10509,2,2
2019-08-21 15:00:56.719,10492,10508,10510,2,2
2019-08-21 15:00:56.909,10485,10507,10486,2,-2
2019-08-21 15:00:56.909,10485,10507,10485,3,-3
2019-08-21 15:00:56.909,10485,10507,10484,1,-1
2019-08-21 15:00:56.909,10485,10507,10477,1,-1
2019-08-21 15:00:56.909,10485,10507,10475,4,-4
2019-08-21 15:00:57.079,10485,10501,10500,2,2
2019-08-21 15:00:57.079,10485,10501,10501,2,2
2019-08-21 15:00:57.079,10485,10501,10507,2,2
2019-08-21 15:00:57.079,10485,10501,10508,5,5
2019-08-21 15:00:57.141,10485,10501,10507,2,2
2019-08-21 15:00:57.141,10485,10501,10508,5,5
2019-08-21 15:00:57.141,10485,10501,10510,4,4
2019-08-21 15:00:57.414,10486,10506,10503,4,-4
2019-08-21 15:00:57.414,10486,10506,10487,2,-2
2019-08-21 15:00:57.414,10486,10506,10486,4,-4
2019-08-21 15:00:57.414,10486,10506,10485,1,-1
2019-08-21 15:00:57.548,10488,10506,10506,1,1
2019-08-21 15:00:57.548,10488,10506,10507,1,1
2019-08-21 15:00:57.548,10488,10506,10509,3,3
2019-08-21 15:00:57.548,10488,10506,10510,6,6
2019-08-21 15:00:57.585,10488,10506,10489,2,-2
2019-08-21 15:00:57.585,10488,10506,10488,1,-1
2019-08-21 15:00:57.653,10488,10507,10509,2,2
2019-08-21 15:00:57.653,10488,10507,10510,2,2
2019-08-21 15:00:57.762,10489,10510,10489,2,-2
2019-08-21 15:00:57.762,10489,10510,10488,6,-6
2019-08-21 15:00:57.762,10489,10510,10485,1,-1
2019-08-21 15:00:57.762,10489,10510,10484,2,-2
2019-08-21 15:00:57.855,10489,10510,10489,2,2
2019-08-21 15:00:57.855,10489,10510,10481,1,-1
2019-08-21 15:00:57.855,10489,10510,10480,1,-1
2019-08-21 15:00:57.855,10489,10510,10475,4,-4
2019-08-21 15:00:57.961,10489,10511,10489,2,2
2019-08-21 15:00:57.961,10489,10511,10485,1,-1
2019-08-21 15:00:57.961,10489,10511,10479,1,-1
2019-08-21 15:00:57.961,10489,10511,10476,5,-5
2019-08-21 15:00:57.961,10489,10511,10475,2,-2
2019-08-21 15:00:58.127,10475,10509,10475,11,-11
2019-08-21 15:00:58.224,10475,10509,10475,5,-5
2019-08-21 15:00:58.224,10475,10509,10474,1,-1
2019-08-21 15:00:58.224,10475,10509,10472,1,-1
2019-08-21 15:00:58.224,10475,10509,10471,4,-4
2019-08-21 15:00:58.369,10480,10500,10480,6,6
2019-08-21 15:00:58.369,10480,10500,10478,5,-5
2019-08-21 15:00:58.425,10480,10500,10478,2,-2
2019-08-21 15:00:58.425,10480,10500,10471,2,-2
2019-08-21 15:00:58.425,10480,10500,10470,7,-7
2019-08-21 15:00:58.529,10470,10483,10482,1,1
2019-08-21 15:00:58.535,10470,10483,10483,2,2
2019-08-21 15:00:58.581,10470,10483,10491,1,1
2019-08-21 15:00:58.581,10470,10483,10499,4,4
2019-08-21 15:00:58.581,10470,10483,10500,3,3
2019-08-21 15:00:58.581,10470,10483,10504,2,2
2019-08-21 15:00:58.581,10470,10483,10509,1,1
2019-08-21 15:00:58.638,10471,10509,10508,2,-2
2019-08-21 15:00:58.638,10471,10509,10509,9,9
2019-08-21 15:00:58.804,10472,10509,10508,1,-1
2019-08-21 15:00:58.804,10472,10509,10509,7,7
2019-08-21 15:00:58.900,10483,10508,10508,1,1
2019-08-21 15:00:58.900,10483,10508,10510,6,6
2019-08-21 15:00:58.900,10483,10508,10511,4,4
2019-08-21 15:00:59.018,10487,10511,10510,5,-5
2019-08-21 15:00:59.018,10487,10511,10511,5,5
2019-08-21 15:00:59.018,10487,10511,10512,1,1
2019-08-21 15:00:59.053,10487,10511,10488,1,-1
2019-08-21 15:00:59.053,10487,10511,10487,1,-1
2019-08-21 15:00:59.053,10487,10511,10484,1,-1
2019-08-21 15:00:59.053,10487,10511,10483,1,-1
2019-08-21 15:00:59.170,10483,10510,10496,1,1
2019-08-21 15:00:59.170,10483,10510,10511,1,1
2019-08-21 15:00:59.170,10483,10510,10512,9,9
2019-08-21 15:00:59.328,10484,10512,10510,2,-2
2019-08-21 15:00:59.328,10484,10512,10512,8,8
2019-08-21 15:00:59.328,10484,10512,10513,1,1
2019-08-21 15:00:59.503,10485,10497,10486,2,-2
2019-08-21 15:00:59.503,10485,10497,10485,4,-4
2019-08-21 15:00:59.503,10485,10497,10484,4,-4
2019-08-21 15:00:59.503,10485,10497,10483,1,-1
2019-08-21 15:00:59.531,10485,10497,10496,1,1
2019-08-21 15:00:59.621,10490,10496,10491,2,-2
2019-08-21 15:00:59.621,10490,10496,10490,6,-6
2019-08-21 15:00:59.649,10490,10496,10490,1,-1
2019-08-21 15:00:59.683,10490,10496,10496,1,1
2019-08-21 15:00:59.683,10490,10496,10497,4,4
2019-08-21 15:00:59.683,10490,10496,10504,1,1
2019-08-21 15:00:59.683,10490,10496,10505,1,1
2019-08-21 15:00:59.683,10490,10496,10513,4,4
2019-08-21 15:00:59.829,10491,10497,10491,2,-2
2019-08-21 15:00:59.829,10491,10497,10490,7,-7
2019-08-21 15:00:59.829,10491,10497,10483,2,-2
2019-08-21 15:00:59.884,10490,10512,10485,1,1
2019-08-21 15:00:59.884,10490,10512,10484,1,-1
2019-08-21 15:00:59.884,10490,10512,10481,1,-1
2019-08-21 15:00:59.884,10490,10512,10480,1,-1
2019-08-21 15:00:59.884,10490,10512,10479,1,-1
2019-08-21 15:00:59.884,10490,10512,10475,6,-6
2019-08-21 15:01:00.023,10486,10506,10505,1,1
2019-08-21 15:01:00.023,10486,10506,10506,1,1
2019-08-21 15:01:00.023,10486,10506,10512,4,4
2019-08-21 15:01:00.023,10486,10506,10513,1,1
2019-08-21 15:01:00.042,10486,10506,10513,1,1
2019-08-21 15:01:00.050,10486,10506,10513,6,6
2019-08-21 15:01:00.116,10486,10506,10500,1,-1
2019-08-21 15:01:00.116,10486,10506,10513,3,3
2019-08-21 15:01:00.116,10486,10506,10515,3,3
2019-08-21 15:01:00.140,10487,10515,10487,3,-3
2019-08-21 15:01:00.140,10487,10515,10486,3,-3
2019-08-21 15:01:00.140,10487,10515,10472,5,-5
2019-08-21 15:01:00.174,10487,10515,10514,1,1
2019-08-21 15:01:00.174,10487,10515,10515,3,3
2019-08-21 15:01:00.174,10487,10515,10516,1,1
2019-08-21 15:01:00.295,10472,10514,10488,1,-1
2019-08-21 15:01:00.295,10472,10514,10480,1,-1
2019-08-21 15:01:00.295,10472,10514,10473,1,-1
2019-08-21 15:01:00.305,10472,10514,10485,5,5
2019-08-21 15:01:00.305,10472,10514,10472,5,-5
2019-08-21 15:01:00.305,10472,10514,10471,1,-1
2019-08-21 15:01:00.465,10480,10514,10480,1,1
2019-08-21 15:01:00.465,10480,10514,10475,1,-1
2019-08-21 15:01:00.465,10480,10514,10472,1,-1
2019-08-21 15:01:00.465,10480,10514,10471,2,-2
2019-08-21 15:01:00.465,10480,10514,10470,6,-6
2019-08-21 15:01:00.540,10486,10504,10503,1,1
2019-08-21 15:01:00.611,10486,10504,10504,3,3
2019-08-21 15:01:00.611,10486,10504,10514,4,4
2019-08-21 15:01:00.611,10486,10504,10515,1,1
2019-08-21 15:01:00.674,10487,10515,10487,3,-3
2019-08-21 15:01:00.674,10487,10515,10486,8,-8
2019-08-21 15:01:00.760,10486,10496,10495,1,1
2019-08-21 15:01:00.760,10486,10496,10496,1,1
2019-08-21 15:01:00.760,10486,10496,10514,1,1
2019-08-21 15:01:00.760,10486,10496,10515,1,1
2019-08-21 15:01:00.795,10486,10496,10514,1,1
2019-08-21 15:01:00.795,10486,10496,10515,2,2
2019-08-21 15:01:00.795,10486,10496,10516,8,8
2019-08-21 15:01:00.843,10486,10496,10487,1,-1
2019-08-21 15:01:00.919,10490,10516,10504,1,1
2019-08-21 15:01:00.955,10490,10516,10515,2,2
2019-08-21 15:01:00.955,10490,10516,10516,9,9
2019-08-21 15:01:00.956,10490,10516,10516,1,1
2019-08-21 15:01:01.066,10491,10516,10515,6,-6
2019-08-21 15:01:01.066,10491,10516,10516,5,5
2019-08-21 15:01:01.190,10491,10516,10502,1,-1
2019-08-21 15:01:01.190,10491,10516,10516,10,10
2019-08-21 15:01:01.247,10492,10516,10492,2,-2
2019-08-21 15:01:01.247,10492,10516,10491,2,-2
2019-08-21 15:01:01.272,10492,10516,10491,2,-2
2019-08-21 15:01:01.272,10492,10516,10491,2,-2
2019-08-21 15:01:01.272,10492,10516,10491,1,-1
2019-08-21 15:01:01.272,10492,10516,10490,1,-1
2019-08-21 15:01:01.272,10492,10516,10490,1,-1
2019-08-21 15:01:01.314,10492,10516,10515,1,1
2019-08-21 15:01:01.397,10490,10515,10491,1,-1
2019-08-21 15:01:01.398,10490,10515,10491,1,-1
2019-08-21 15:01:01.406,10490,10515,10509,1,1
2019-08-21 15:01:02.065,10493,10504,10503,3,-3
2019-08-21 15:01:02.065,10493,10504,10504,2,2
2019-08-21 15:01:02.175,10493,10504,10503,1,-1
2019-08-21 15:01:02.175,10493,10504,10504,1,1
2019-08-21 15:01:02.363,10494,10499,10498,1,-1
2019-08-21 15:01:02.408,10494,10498,10498,4,4
2019-08-21 15:01:02.408,10494,10498,10499,5,5
2019-08-21 15:01:02.408,10494,10498,10512,1,1
2019-08-21 15:01:02.408,10494,10498,10513,1,1
2019-08-21 15:01:02.575,10494,10513,10500,1,-1
2019-08-21 15:01:02.575,10494,10513,10512,1,1
2019-08-21 15:01:02.575,10494,10513,10513,4,4
2019-08-21 15:01:02.575,10494,10513,10514,5,5
2019-08-21 15:01:02.664,10498,10514,10500,1,-1
2019-08-21 15:01:02.722,10498,10514,10499,1,-1
2019-08-21 15:01:02.722,10498,10514,10498,2,-2
2019-08-21 15:01:02.722,10498,10514,10495,1,-1
2019-08-21 15:01:02.722,10498,10514,10493,4,-4
2019-08-21 15:01:02.722,10498,10514,10492,3,-3
2019-08-21 15:01:02.936,10492,10499,10492,3,-3
2019-08-21 15:01:02.936,10492,10499,10491,4,-4
2019-08-21 15:01:02.936,10492,10499,10490,4,-4
2019-08-21 15:01:02.990,10492,10499,10492,2,2
2019-08-21 15:01:02.990,10492,10499,10491,3,-3
2019-08-21 15:01:02.990,10492,10499,10490,1,-1
2019-08-21 15:01:02.990,10492,10499,10486,5,-5
2019-08-21 15:01:03.195,10487,10497,10487,6,6
2019-08-21 15:01:03.195,10487,10497,10486,5,-5
2019-08-21 15:01:03.304,10486,10496,10496,1,1
2019-08-21 15:01:03.304,10486,10496,10497,1,1
2019-08-21 15:01:03.304,10486,10496,10499,3,3
2019-08-21 15:01:03.304,10486,10496,10500,4,4
2019-08-21 15:01:03.304,10486,10496,10505,1,1
2019-08-21 15:01:03.304,10486,10496,10507,1,1
2019-08-21 15:01:03.543,10495,10502,10501,5,-5
2019-08-21 15:01:03.543,10495,10502,10502,5,5
2019-08-21 15:01:03.543,10495,10502,10505,1,1
2019-08-21 15:01:03.668,10496,10506,10505,1,-1
2019-08-21 15:01:03.668,10496,10506,10506,3,3
2019-08-21 15:01:03.668,10496,10506,10507,1,1
2019-08-21 15:01:03.668,10496,10506,10508,1,1
2019-08-21 15:01:03.668,10496,10506,10509,4,4
2019-08-21 15:01:03.668,10496,10506,10510,1,1
2019-08-21 15:01:03.878,10497,10504,10498,1,-1
2019-08-21 15:01:03.878,10497,10504,10497,1,-1
2019-08-21 15:01:03.878,10497,10504,10496,4,-4
2019-08-21 15:01:03.878,10497,10504,10495,5,-5
2019-08-21 15:01:04.015,10487,10503,10502,1,1
2019-08-21 15:01:04.015,10487,10503,10503,7,7
2019-08-21 15:01:04.015,10487,10503,10504,3,3
2019-08-21 15:01:04.231,10488,10504,10488,3,-3
2019-08-21 15:01:04.231,10488,10504,10487,4,-4
2019-08-21 15:01:04.231,10488,10504,10486,4,-4
2019-08-21 15:01:04.377,10488,10503,10489,1,1
2019-08-21 15:01:04.377,10488,10503,10488,1,-1
2019-08-21 15:01:04.377,10488,10503,10486,3,-3
2019-08-21 15:01:04.377,10488,10503,10485,3,-3
2019-08-21 15:01:04.377,10488,10503,10484,2,-2
2019-08-21 15:01:04.377,10488,10503,10482,1,-1
2019-08-21 15:01:04.547,10482,10503,10500,1,1
2019-08-21 15:01:04.547,10482,10503,10502,1,1
2019-08-21 15:01:04.547,10482,10503,10503,3,3
2019-08-21 15:01:04.547,10482,10503,10504,6,6
2019-08-21 15:01:04.665,10483,10504,10483,3,-3
2019-08-21 15:01:04.665,10483,10504,10482,3,-3
2019-08-21 15:01:04.665,10483,10504,10481,5,-5
2019-08-21 15:01:04.803,10482,10504,10482,6,6
2019-08-21 15:01:04.803,10482,10504,10481,5,-5
2019-08-21 15:01:04.894,10490,10502,10491,5,5
2019-08-21 15:01:04.894,10490,10502,10490,5,-5
2019-08-21 15:01:04.894,10490,10502,10481,1,-1
2019-08-21 15:01:05.014,10491,10501,10496,4,4
2019-08-21 15:01:05.014,10491,10501,10501,1,1
2019-08-21 15:01:05.014,10491,10501,10502,1,1
2019-08-21 15:01:05.014,10491,10501,10503,5,5
2019-08-21 15:01:05.160,10491,10502,10502,3,3
2019-08-21 15:01:05.160,10491,10502,10503,5,5
2019-08-21 15:01:05.160,10491,10502,10504,3,3
2019-08-21 15:01:05.277,10495,10504,10496,1,-1
2019-08-21 15:01:05.330,10495,10504,10495,7,-7
2019-08-21 15:01:05.330,10495,10504,10490,4,-4
2019-08-21 15:01:05.466,10490,10503,10491,6,6
2019-08-21 15:01:05.466,10490,10503,10490,5,-5
2019-08-21 15:01:05.575,10490,10503,10490,6,-6
2019-08-21 15:01:05.575,10490,10503,10489,4,-4
2019-08-21 15:01:05.575,10490,10503,10484,1,-1
2019-08-21 15:01:05.725,10484,10503,10484,1,-1
2019-08-21 15:01:05.725,10484,10503,10482,1,-1
2019-08-21 15:01:05.725,10484,10503,10481,9,-9
2019-08-21 15:01:05.774,10481,10495,10494,2,2
2019-08-21 15:01:05.774,10481,10495,10495,2,2
2019-08-21 15:01:05.774,10481,10495,10502,1,1
2019-08-21 15:01:05.774,10481,10495,10503,6,6
2019-08-21 15:01:06.005,10483,10494,10494,2,2
2019-08-21 15:01:06.005,10483,10494,10495,8,8
2019-08-21 15:01:06.005,10483,10494,10501,1,1
2019-08-21 15:01:06.148,10491,10501,10500,2,-2
2019-08-21 15:01:06.148,10491,10501,10501,2,2
2019-08-21 15:01:06.148,10491,10501,10503,2,2
2019-08-21 15:01:06.148,10491,10501,10504,5,5
2019-08-21 15:01:06.325,10492,10504,10503,2,-2
2019-08-21 15:01:06.325,10492,10504,10504,6,6
2019-08-21 15:01:06.325,10492,10504,10505,3,3
2019-08-21 15:01:06.466,10492,10505,10505,11,11
2019-08-21 15:01:06.533,10493,10505,10505,4,4
2019-08-21 15:01:06.533,10493,10505,10506,4,4
2019-08-21 15:01:06.533,10493,10505,10507,3,3
2019-08-21 15:01:06.681,10496,10507,10497,1,-1
2019-08-21 15:01:06.681,10496,10507,10496,2,-2
2019-08-21 15:01:06.681,10496,10507,10494,1,-1
2019-08-21 15:01:06.681,10496,10507,10493,1,-1
2019-08-21 15:01:06.681,10496,10507,10491,4,-4
2019-08-21 15:01:06.681,10496,10507,10484,2,-2
2019-08-21 15:01:06.870,10490,10502,10490,1,1
2019-08-21 15:01:06.870,10490,10502,10489,3,-3
2019-08-21 15:01:06.870,10490,10502,10484,3,-3
2019-08-21 15:01:06.870,10490,10502,10483,4,-4
2019-08-21 15:01:07.036,10489,10500,10486,1,1
2019-08-21 15:01:07.036,10489,10500,10485,1,-1
2019-08-21 15:01:07.036,10489,10500,10483,1,-1
2019-08-21 15:01:07.036,10489,10500,10482,4,-4
2019-08-21 15:01:07.036,10489,10500,10481,4,-4
2019-08-21 15:01:07.158,10485,10499,10495,1,1
2019-08-21 15:01:07.248,10484,10495,10484,5,-5
2019-08-21 15:01:07.248,10484,10495,10483,5,-5
2019-08-21 15:01:07.248,10484,10495,10482,1,-1
2019-08-21 15:01:07.400,10485,10494,10486,6,6
2019-08-21 15:01:07.400,10485,10494,10485,5,-5
2019-08-21 15:01:07.459,10485,10494,10485,7,-7
2019-08-21 15:01:07.459,10485,10494,10484,4,-4
2019-08-21 15:01:07.568,10490,10494,10494,1,1
2019-08-21 15:01:07.568,10490,10494,10495,1,1
2019-08-21 15:01:07.568,10490,10494,10498,2,2
2019-08-21 15:01:07.635,10491,10500,10499,6,6
2019-08-21 15:01:07.635,10491,10500,10500,5,5
2019-08-21 15:01:07.759,10491,10500,10500,11,11
2019-08-21 15:01:07.831,10491,10500,10493,1,-1
2019-08-21 15:01:07.831,10491,10500,10502,10,10
2019-08-21 15:01:07.988,10491,10498,10497,1,-1
