2019-07-11 15:00:00.059,10813,10814,10815,31,31
2019-07-11 15:00:00.175,10814,10815,10814,10,-10
2019-07-11 15:00:00.262,10814,10815,10815,1,1
2019-07-11 15:00:00.269,10814,10815,10815,1,1
2019-07-11 15:00:00.299,10813,10815,10815,1,1
2019-07-11 15:00:00.336,10813,10815,10815,1,1
2019-07-11 15:00:00.389,10813,10815,10815,1,1
2019-07-11 15:00:00.450,10813,10814,10813,1,-1
2019-07-11 15:00:00.517,10813,10814,10814,1,1
2019-07-11 15:00:00.643,10813,10814,10813,7,-7
2019-07-11 15:00:00.681,10812,10814,10814,1,1
2019-07-11 15:00:00.764,10812,10814,10812,2,-2
2019-07-11 15:00:00.781,10812,10814,10812,2,-2
2019-07-11 15:00:00.795,10812,10814,10812,2,-2
2019-07-11 15:00:01.412,10813,10814,10813,1,1
2019-07-11 15:00:01.512,10813,10814,10813,2,-2
2019-07-11 15:00:01.529,10813,10814,10814,1,1
2019-07-11 15:00:01.601,10812,10814,10814,1,1
2019-07-11 15:00:01.710,10812,10814,10812,4,-4
2019-07-11 15:00:01.737,10812,10814,10814,1,1
2019-07-11 15:00:02.500,10812,10813,10812,1,-1
2019-07-11 15:00:02.689,10812,10813,10812,1,-1
2019-07-11 15:00:02.689,10812,10813,10813,2,2
2019-07-11 15:00:08.242,10812,10814,10812,12,-12
2019-07-11 15:00:08.769,10812,10813,10812,2,-2
2019-07-11 15:00:08.787,10812,10813,10812,1,-1
2019-07-11 15:00:14.785,10812,10813,10813,2,2
2019-07-11 15:00:17.424,10812,10813,10813,1,1
2019-07-11 15:00:21.915,10813,10814,10814,1,1
2019-07-11 15:00:30.018,10813,10814,10813,1,-1
2019-07-11 15:00:38.132,10813,10814,10814,3,3
2019-07-11 15:00:39.519,10813,10814,10813,2,-2
2019-07-11 15:00:40.906,10813,10814,10814,1,1
2019-07-11 15:00:42.330,10813,10814,10813,1,-1
2019-07-11 15:00:42.553,10813,10814,10813,1,-1
2019-07-11 15:00:42.553,10813,10814,10812,3,-3
2019-07-11 15:00:43.276,10812,10813,10813,1,1
2019-07-11 15:00:43.287,10812,10813,10813,1,1
2019-07-11 15:00:44.199,10812,10813,10813,1,1
2019-07-11 15:00:46.152,10813,10814,10813,2,-2
2019-07-11 15:00:47.612,10813,10814,10813,1,-1
2019-07-11 15:00:50.518,10813,10814,10813,1,-1
2019-07-11 15:00:51.193,10813,10814,10813,1,-1
2019-07-11 15:00:52.591,10813,10814,10814,1,1
2019-07-11 15:00:53.526,10813,10814,10813,2,-2
2019-07-11 15:01:00.126,10813,10814,10813,1,-1
2019-07-11 15:01:02.293,10813,10814,10814,2,2
2019-07-11 15:01:03.600,10813,10814,10813,1,-1
2019-07-11 15:01:05.765,10813,10814,10813,1,-1
2019-07-11 15:01:09.296,10813,10814,10813,4,-4
2019-07-11 15:01:09.316,10813,10814,10813,1,-1
2019-07-11 15:01:09.332,10813,10814,10813,2,-2
2019-07-11 15:01:11.338,10812,10813,10813,3,3
2019-07-11 15:01:11.339,10812,10813,10813,2,2
2019-07-11 15:01:11.339,10812,10813,10813,2,2
2019-07-11 15:01:11.371,10812,10813,10813,1,1
2019-07-11 15:01:12.212,10813,10814,10813,7,-7
2019-07-11 15:01:12.357,10812,10813,10813,2,2
2019-07-11 15:01:27.353,10812,10813,10812,2,-2
2019-07-11 15:01:27.412,10812,10813,10812,14,-14
2019-07-11 15:01:29.501,10811,10812,10812,1,1
2019-07-11 15:01:30.760,10811,10812,10812,1,1
2019-07-11 15:01:36.911,10811,10812,10812,1,1
2019-07-11 15:01:38.201,10811,10812,10812,6,6
2019-07-11 15:01:38.250,10811,10812,10811,28,-28
2019-07-11 15:01:41.524,10810,10811,10811,1,1
2019-07-11 15:01:44.307,10810,10811,10810,59,-59
2019-07-11 15:01:44.495,10809,10811,10809,2,-2
2019-07-11 15:01:44.538,10809,10810,10809,2,-2
2019-07-11 15:01:44.554,10809,10810,10809,7,-7
2019-07-11 15:01:44.554,10809,10810,10808,5,-5
2019-07-11 15:01:44.580,10809,10810,10808,2,-2
2019-07-11 15:01:44.592,10809,10810,10808,2,-2
2019-07-11 15:01:44.634,10809,10810,10808,1,-1
2019-07-11 15:01:44.641,10809,10810,10808,2,-2
2019-07-11 15:01:44.664,10808,10809,10809,1,1
2019-07-11 15:01:44.667,10808,10809,10808,4,-4
2019-07-11 15:01:44.717,10808,10809,10808,1,-1
2019-07-11 15:01:44.717,10808,10809,10807,1,-1
2019-07-11 15:01:44.752,10808,10809,10807,2,-2
2019-07-11 15:01:44.758,10808,10809,10807,1,-1
2019-07-11 15:01:44.777,10808,10809,10807,2,-2
2019-07-11 15:01:44.831,10807,10809,10807,2,-2
2019-07-11 15:01:44.831,10807,10809,10806,2,-2
2019-07-11 15:01:44.858,10807,10809,10807,2,2
2019-07-11 15:01:44.858,10807,10809,10806,2,-2
2019-07-11 15:01:44.883,10807,10809,10807,1,1
2019-07-11 15:01:44.918,10807,10808,10806,4,-4
2019-07-11 15:01:44.937,10807,10808,10806,4,-4
2019-07-11 15:01:44.979,10807,10808,10807,2,2
2019-07-11 15:01:44.979,10807,10808,10806,2,-2
2019-07-11 15:01:45.014,10807,10808,10807,2,2
2019-07-11 15:01:45.014,10807,10808,10806,2,-2
2019-07-11 15:01:45.041,10806,10808,10807,1,1
2019-07-11 15:01:45.054,10806,10808,10807,1,-1
2019-07-11 15:01:45.054,10806,10808,10806,3,-3
2019-07-11 15:01:45.084,10806,10808,10806,4,-4
2019-07-11 15:01:45.094,10806,10808,10806,1,-1
2019-07-11 15:01:45.100,10806,10808,10806,1,-1
2019-07-11 15:01:45.101,10806,10808,10806,1,-1
2019-07-11 15:01:45.169,10806,10807,10807,1,1
2019-07-11 15:01:45.219,10806,10807,10806,2,-2
2019-07-11 15:01:45.220,10806,10807,10806,2,-2
2019-07-11 15:01:45.259,10806,10807,10805,1,-1
2019-07-11 15:01:45.269,10806,10807,10805,1,-1
2019-07-11 15:01:45.272,10806,10807,10805,1,-1
2019-07-11 15:01:45.346,10805,10807,10805,1,-1
2019-07-11 15:01:45.353,10805,10807,10805,1,-1
2019-07-11 15:01:45.356,10805,10807,10805,1,-1
2019-07-11 15:01:45.363,10805,10807,10805,1,-1
2019-07-11 15:01:45.411,10805,10807,10805,1,-1
2019-07-11 15:01:45.686,10805,10806,10805,3,-3
2019-07-11 15:01:45.686,10805,10806,10805,2,-2
2019-07-11 15:01:45.867,10805,10806,10805,1,-1
2019-07-11 15:01:46.220,10805,10806,10805,1,-1
2019-07-11 15:01:46.220,10805,10806,10805,1,-1
2019-07-11 15:01:46.657,10805,10806,10806,3,3
2019-07-11 15:01:46.677,10805,10807,10806,1,-1
2019-07-11 15:01:47.148,10806,10807,10806,4,-4
2019-07-11 15:01:47.244,10806,10807,10806,1,-1
2019-07-11 15:01:48.344,10806,10807,10806,1,-1
2019-07-11 15:01:49.427,10806,10807,10807,2,2
2019-07-11 15:01:52.065,10807,10808,10807,1,-1
2019-07-11 15:01:56.287,10807,10808,10808,1,1
2019-07-11 15:01:58.408,10807,10808,10808,1,1
2019-07-11 15:01:58.452,10807,10808,10807,1,-1
2019-07-11 15:02:00.033,10807,10808,10807,1,-1
2019-07-11 15:02:00.056,10807,10808,10807,1,-1
2019-07-11 15:02:00.064,10807,10808,10807,4,-4
2019-07-11 15:02:00.066,10807,10808,10807,1,-1
2019-07-11 15:02:00.075,10807,10808,10807,1,-1
2019-07-11 15:02:00.075,10807,10808,10807,1,-1
2019-07-11 15:02:00.077,10807,10808,10806,4,-4
2019-07-11 15:02:00.094,10807,10808,10806,1,-1
2019-07-11 15:02:00.099,10807,10808,10807,1,1
2019-07-11 15:02:00.099,10807,10808,10806,2,-2
2019-07-11 15:02:00.101,10807,10808,10806,2,-2
2019-07-11 15:02:00.103,10807,10808,10806,1,-1
2019-07-11 15:02:00.106,10807,10808,10806,2,-2
2019-07-11 15:02:00.317,10806,10807,10806,6,-6
2019-07-11 15:02:00.942,10805,10806,10806,1,1
2019-07-11 15:02:01.503,10805,10806,10806,2,2
2019-07-11 15:02:02.578,10805,10806,10806,4,4
2019-07-11 15:02:02.579,10805,10806,10806,1,1
2019-07-11 15:02:02.670,10805,10807,10805,1,-1
2019-07-11 15:02:02.691,10805,10807,10805,1,-1
2019-07-11 15:02:02.691,10805,10807,10805,1,-1
2019-07-11 15:02:02.691,10805,10807,10805,1,-1
2019-07-11 15:02:02.692,10805,10807,10805,1,-1
2019-07-11 15:02:03.331,10805,10806,10805,1,-1
2019-07-11 15:02:03.719,10805,10806,10806,1,1
2019-07-11 15:02:04.078,10805,10806,10805,1,-1
2019-07-11 15:02:04.625,10805,10806,10805,1,-1
2019-07-11 15:02:04.809,10805,10806,10805,16,-16
2019-07-11 15:02:05.665,10804,10805,10805,1,1
2019-07-11 15:02:05.794,10804,10805,10805,1,1
2019-07-11 15:02:06.557,10804,10805,10805,1,1
2019-07-11 15:02:06.691,10804,10805,10805,1,1
2019-07-11 15:02:07.177,10804,10805,10805,1,1
2019-07-11 15:02:07.789,10804,10805,10805,1,1
2019-07-11 15:02:08.353,10804,10805,10805,1,1
2019-07-11 15:02:08.573,10804,10805,10804,5,-5
2019-07-11 15:02:08.983,10804,10805,10804,1,-1
2019-07-11 15:02:09.026,10804,10805,10804,1,-1
2019-07-11 15:02:09.031,10804,10805,10804,1,-1
2019-07-11 15:02:09.033,10804,10805,10804,1,-1
2019-07-11 15:02:09.041,10804,10805,10804,1,-1
2019-07-11 15:02:10.317,10804,10805,10805,1,1
2019-07-11 15:02:10.676,10804,10805,10804,1,-1
2019-07-11 15:02:13.812,10804,10805,10805,1,1
2019-07-11 15:02:15.225,10804,10805,10804,1,-1
2019-07-11 15:02:15.336,10804,10805,10805,1,1
2019-07-11 15:02:15.560,10804,10805,10804,1,-1
2019-07-11 15:02:16.099,10804,10805,10804,3,-3
2019-07-11 15:02:17.670,10804,10805,10805,1,1
2019-07-11 15:02:17.804,10804,10805,10804,1,-1
2019-07-11 15:02:19.108,10804,10805,10804,1,-1
2019-07-11 15:02:19.553,10804,10805,10804,1,-1
2019-07-11 15:02:19.655,10804,10805,10804,1,-1
2019-07-11 15:02:19.873,10804,10805,10805,1,1
2019-07-11 15:02:21.132,10804,10805,10804,1,-1
2019-07-11 15:02:21.419,10804,10805,10804,1,-1
2019-07-11 15:02:21.928,10804,10805,10805,2,2
2019-07-11 15:02:22.287,10804,10805,10805,9,9
2019-07-11 15:02:23.164,10805,10806,10806,1,1
2019-07-11 15:02:23.183,10805,10806,10806,1,1
2019-07-11 15:02:23.349,10805,10806,10805,1,-1
2019-07-11 15:02:24.904,10805,10806,10806,1,1
2019-07-11 15:02:29.568,10805,10806,10805,1,-1
2019-07-11 15:02:30.095,10805,10806,10805,1,-1
2019-07-11 15:02:30.920,10805,10806,10806,1,1
2019-07-11 15:02:31.339,10805,10806,10806,1,1
2019-07-11 15:02:33.117,10805,10806,10805,6,-6
2019-07-11 15:02:33.117,10805,10806,10805,1,-1
2019-07-11 15:02:33.118,10805,10806,10805,1,-1
2019-07-11 15:02:33.288,10804,10805,10805,1,1
2019-07-11 15:02:33.345,10804,10805,10804,1,-1
2019-07-11 15:02:33.409,10804,10805,10805,1,1
2019-07-11 15:02:34.151,10804,10806,10805,1,-1
2019-07-11 15:02:36.662,10805,10806,10806,2,2
2019-07-11 15:02:36.787,10805,10806,10806,7,7
2019-07-11 15:02:37.027,10805,10807,10806,1,-1
2019-07-11 15:02:37.298,10806,10807,10806,6,-6
2019-07-11 15:02:37.439,10805,10807,10806,2,-2
2019-07-11 15:02:37.494,10805,10807,10806,1,-1
2019-07-11 15:02:37.494,10805,10807,10805,9,-9
2019-07-11 15:02:37.527,10805,10807,10806,1,1
2019-07-11 15:02:37.530,10805,10807,10806,2,-2
2019-07-11 15:02:37.533,10805,10807,10806,2,-2
2019-07-11 15:02:37.536,10805,10807,10806,1,-1
2019-07-11 15:02:38.272,10805,10807,10805,10,-10
2019-07-11 15:02:38.918,10805,10806,10805,10,-10
2019-07-11 15:02:40.720,10805,10806,10805,9,-9
2019-07-11 15:02:40.808,10804,10805,10805,1,1
2019-07-11 15:02:41.076,10805,10806,10806,1,1
2019-07-11 15:02:41.135,10805,10806,10806,3,3
2019-07-11 15:02:41.391,10805,10806,10805,2,-2
2019-07-11 15:02:44.276,10805,10806,10806,3,3
2019-07-11 15:02:53.005,10806,10807,10806,7,-7
2019-07-11 15:02:53.063,10805,10806,10806,1,1
2019-07-11 15:02:53.340,10805,10806,10806,1,1
2019-07-11 15:02:56.251,10805,10806,10806,1,1
2019-07-11 15:02:57.013,10806,10807,10806,1,-1
2019-07-11 15:02:59.225,10806,10807,10806,1,-1
2019-07-11 15:03:00.067,10806,10807,10807,5,5
2019-07-11 15:03:00.092,10806,10807,10806,1,-1
2019-07-11 15:03:00.096,10806,10807,10806,1,-1
2019-07-11 15:03:00.103,10806,10807,10806,4,-4
2019-07-11 15:03:00.167,10806,10807,10806,1,-1
2019-07-11 15:03:06.476,10806,10807,10807,1,1
2019-07-11 15:03:06.476,10806,10807,10807,3,3
2019-07-11 15:03:06.477,10806,10807,10807,1,1
2019-07-11 15:03:06.537,10806,10807,10807,3,3
2019-07-11 15:03:06.614,10806,10807,10807,1,1
2019-07-11 15:03:06.615,10806,10807,10807,15,15
2019-07-11 15:03:06.615,10806,10807,10807,1,1
2019-07-11 15:03:09.403,10807,10808,10808,5,5
2019-07-11 15:03:09.970,10807,10808,10808,1,1
2019-07-11 15:03:09.987,10807,10808,10807,1,-1
2019-07-11 15:03:10.870,10807,10808,10807,5,-5
2019-07-11 15:03:12.769,10807,10808,10807,3,-3
2019-07-11 15:03:18.338,10806,10807,10806,2,-2
2019-07-11 15:03:21.416,10806,10807,10807,3,3
2019-07-11 15:03:22.399,10806,10807,10806,1,-1
2019-07-11 15:03:26.361,10806,10807,10806,10,-10
2019-07-11 15:03:26.705,10806,10807,10807,1,1
2019-07-11 15:03:29.210,10806,10807,10807,2,2
2019-07-11 15:03:30.005,10806,10807,10807,1,1
2019-07-11 15:03:30.396,10807,10808,10807,2,-2
2019-07-11 15:03:31.498,10807,10808,10808,4,4
2019-07-11 15:03:31.936,10807,10808,10807,2,-2
2019-07-11 15:03:34.115,10807,10808,10807,10,-10
2019-07-11 15:03:44.480,10807,10808,10807,2,-2
2019-07-11 15:03:45.293,10807,10808,10808,1,1
2019-07-11 15:03:47.638,10807,10808,10808,3,3
2019-07-11 15:03:48.008,10807,10808,10808,1,1
2019-07-11 15:03:49.054,10807,10808,10808,1,1
2019-07-11 15:03:49.162,10807,10808,10808,1,1
2019-07-11 15:03:51.053,10808,10809,10808,1,-1
2019-07-11 15:03:53.878,10808,10809,10809,3,3
2019-07-11 15:04:00.078,10808,10809,10808,1,-1
2019-07-11 15:04:00.088,10808,10809,10809,7,7
2019-07-11 15:04:00.198,10808,10810,10808,2,-2
2019-07-11 15:04:00.849,10808,10809,10809,1,1
2019-07-11 15:04:03.082,10809,10810,10809,1,-1
2019-07-11 15:04:04.733,10808,10809,10809,1,1
2019-07-11 15:04:06.655,10808,10809,10809,1,1
2019-07-11 15:04:07.034,10808,10809,10809,1,1
2019-07-11 15:04:15.189,10808,10809,10808,5,-5
2019-07-11 15:04:15.501,10807,10808,10808,1,1
2019-07-11 15:04:16.034,10807,10808,10808,2,2
2019-07-11 15:04:16.034,10807,10808,10809,4,4
2019-07-11 15:04:16.522,10808,10809,10809,1,1
2019-07-11 15:04:25.225,10808,10809,10809,1,1
2019-07-11 15:04:27.116,10808,10809,10809,5,5
2019-07-11 15:04:31.853,10808,10809,10809,3,3
2019-07-11 15:04:35.501,10808,10809,10809,1,1
2019-07-11 15:04:36.241,10808,10809,10809,5,5
2019-07-11 15:04:36.879,10809,10810,10809,3,-3
2019-07-11 15:04:36.888,10809,10810,10809,1,-1
2019-07-11 15:04:40.383,10809,10810,10809,2,-2
2019-07-11 15:04:43.207,10809,10810,10809,2,-2
2019-07-11 15:04:43.830,10809,10810,10809,1,-1
2019-07-11 15:04:48.907,10808,10809,10809,1,1
2019-07-11 15:04:54.348,10809,10810,10810,2,2
2019-07-11 15:04:55.915,10809,10810,10810,2,2
2019-07-11 15:04:55.915,10809,10810,10810,2,2
2019-07-11 15:04:57.848,10809,10810,10810,5,5
2019-07-11 15:04:58.162,10809,10810,10810,8,8
2019-07-11 15:04:59.472,10810,10811,10810,2,-2
2019-07-11 15:05:00.111,10810,10811,10811,7,7
2019-07-11 15:05:00.596,10810,10811,10811,1,1
2019-07-11 15:05:07.681,10810,10811,10811,6,6
2019-07-11 15:05:08.374,10810,10811,10810,3,-3
2019-07-11 15:05:08.757,10810,10811,10810,3,-3
2019-07-11 15:05:08.788,10809,10810,10810,1,1
2019-07-11 15:05:08.911,10809,10810,10810,3,3
2019-07-11 15:05:09.755,10809,10810,10810,1,1
2019-07-11 15:05:14.043,10809,10810,10809,3,-3
2019-07-11 15:05:15.552,10809,10810,10809,10,-10
2019-07-11 15:05:21.010,10808,10809,10809,5,5
2019-07-11 15:05:24.005,10808,10809,10809,1,1
2019-07-11 15:05:25.564,10808,10809,10809,1,1
2019-07-11 15:05:27.433,10808,10809,10808,39,-39
2019-07-11 15:05:27.655,10807,10808,10808,6,6
2019-07-11 15:05:27.885,10807,10808,10807,2,-2
2019-07-11 15:05:36.838,10807,10808,10807,2,-2
2019-07-11 15:05:42.230,10807,10808,10807,2,-2
2019-07-11 15:05:42.600,10807,10808,10807,6,-6
2019-07-11 15:05:44.765,10806,10807,10807,2,2
2019-07-11 15:05:44.790,10806,10807,10806,2,-2
2019-07-11 15:05:45.272,10806,10807,10806,1,-1
2019-07-11 15:05:45.281,10806,10807,10806,2,-2
2019-07-11 15:05:46.955,10806,10807,10807,2,2
2019-07-11 15:05:48.125,10806,10808,10807,1,-1
2019-07-11 15:05:51.543,10807,10808,10807,1,-1
2019-07-11 15:05:51.607,10807,10808,10807,1,-1
2019-07-11 15:05:52.363,10807,10808,10807,1,-1
2019-07-11 15:05:53.804,10807,10808,10807,1,-1
2019-07-11 15:06:01.539,10807,10808,10807,1,-1
2019-07-11 15:06:01.645,10807,10808,10807,1,-1
2019-07-11 15:06:02.051,10807,10808,10807,1,-1
2019-07-11 15:06:06.719,10807,10808,10807,1,-1
2019-07-11 15:06:06.796,10807,10808,10808,5,5
2019-07-11 15:06:13.121,10807,10808,10808,2,2
2019-07-11 15:06:13.162,10807,10808,10808,7,7
2019-07-11 15:06:15.291,10808,10809,10808,1,-1
2019-07-11 15:06:16.858,10808,10809,10808,1,-1
2019-07-11 15:06:18.472,10808,10809,10808,1,-1
2019-07-11 15:06:27.725,10808,10809,10808,1,-1
2019-07-11 15:06:33.368,10808,10809,10808,3,-3
2019-07-11 15:06:39.995,10808,10809,10808,1,-1
2019-07-11 15:06:40.760,10808,10809,10808,2,-2
2019-07-11 15:06:40.974,10808,10809,10808,1,-1
2019-07-11 15:06:40.974,10808,10809,10807,1,-1
2019-07-11 15:06:41.769,10808,10809,10808,1,1
2019-07-11 15:06:47.016,10807,10808,10808,1,1
2019-07-11 15:06:49.374,10807,10808,10808,1,1
2019-07-11 15:06:50.782,10807,10808,10808,1,1
2019-07-11 15:06:54.459,10807,10808,10808,1,1
2019-07-11 15:06:54.716,10807,10808,10807,1,-1
2019-07-11 15:06:58.094,10807,10808,10808,1,1
2019-07-11 15:07:01.463,10807,10808,10808,1,1
2019-07-11 15:07:02.573,10807,10808,10808,1,1
2019-07-11 15:07:06.779,10807,10808,10808,3,3
2019-07-11 15:07:13.787,10807,10808,10808,9,9
2019-07-11 15:07:17.222,10808,10809,10808,5,-5
2019-07-11 15:07:26.251,10808,10809,10809,1,1
2019-07-11 15:07:33.326,10808,10809,10809,5,5
2019-07-11 15:07:33.487,10808,10809,10809,3,3
2019-07-11 15:07:33.540,10808,10809,10809,3,3
2019-07-11 15:07:34.514,10808,10809,10809,2,2
2019-07-11 15:07:44.936,10808,10809,10809,1,1
2019-07-11 15:07:49.585,10808,10809,10809,1,1
2019-07-11 15:08:07.102,10808,10809,10809,1,1
2019-07-11 15:08:11.646,10808,10809,10808,2,-2
2019-07-11 15:08:12.564,10808,10809,10808,8,-8
2019-07-11 15:08:12.689,10807,10809,10808,5,-5
2019-07-11 15:08:12.689,10807,10809,10809,5,5
2019-07-11 15:08:27.420,10808,10809,10808,1,-1
2019-07-11 15:08:35.244,10808,10809,10809,1,1
2019-07-11 15:09:03.406,10808,10809,10808,1,-1
2019-07-11 15:09:05.616,10808,10809,10809,3,3
2019-07-11 15:09:06.511,10808,10809,10809,2,2
2019-07-11 15:09:29.894,10808,10809,10809,3,3
2019-07-11 15:09:30.287,10808,10809,10809,12,12
2019-07-11 15:09:36.507,10809,10810,10809,11,-11
2019-07-11 15:09:44.412,10808,10809,10809,1,1
2019-07-11 15:09:56.285,10809,10810,10810,1,1
2019-07-11 15:09:56.537,10809,10810,10809,1,-1
2019-07-11 15:10:02.786,10809,10810,10809,3,-3
2019-07-11 15:10:10.668,10809,10810,10809,6,-6
2019-07-11 15:10:13.219,10808,10809,10809,1,1
2019-07-11 15:10:13.921,10808,10810,10810,1,1
2019-07-11 15:10:14.883,10809,10810,10810,1,1
2019-07-11 15:10:16.306,10809,10810,10809,1,-1
2019-07-11 15:10:37.628,10809,10810,10809,1,-1
2019-07-11 15:10:38.204,10809,10810,10809,5,-5
2019-07-11 15:11:13.252,10809,10810,10809,1,-1
2019-07-11 15:11:13.300,10809,10810,10809,1,-1
2019-07-11 15:11:13.525,10809,10810,10809,1,-1
2019-07-11 15:11:18.463,10809,10810,10809,4,-4
2019-07-11 15:11:28.525,10808,10809,10809,1,1
2019-07-11 15:11:32.898,10808,10809,10809,1,1
2019-07-11 15:11:40.240,10809,10810,10809,1,-1
2019-07-11 15:11:57.537,10809,10810,10810,15,15
2019-07-11 15:11:57.662,10809,10810,10810,1,1
2019-07-11 15:11:57.662,10809,10810,10810,3,3
2019-07-11 15:11:57.662,10809,10810,10810,1,1
2019-07-11 15:11:57.662,10809,10810,10810,1,1
2019-07-11 15:11:57.663,10809,10810,10810,2,2
2019-07-11 15:12:00.883,10810,10811,10810,1,-1
2019-07-11 15:12:17.642,10810,10811,10810,1,-1
2019-07-11 15:12:18.785,10810,10811,10810,1,-1
2019-07-11 15:12:34.368,10809,10810,10810,1,1
2019-07-11 15:12:40.831,10809,10810,10810,1,1
2019-07-11 15:12:55.641,10809,10810,10810,1,1
2019-07-11 15:12:59.031,10809,10810,10810,3,3
2019-07-11 15:13:00.644,10809,10810,10809,1,-1
2019-07-11 15:13:06.401,10809,10810,10809,1,-1
2019-07-11 15:13:11.085,10809,10810,10809,5,-5
2019-07-11 15:13:19.443,10809,10810,10810,1,1
2019-07-11 15:13:25.520,10809,10810,10809,2,-2
2019-07-11 15:13:25.563,10809,10810,10809,4,-4
2019-07-11 15:13:25.581,10809,10810,10809,6,-6
2019-07-11 15:13:25.723,10808,10809,10808,1,-1
2019-07-11 15:13:26.606,10808,10809,10809,1,1
2019-07-11 15:13:37.933,10808,10809,10809,10,10
2019-07-11 15:13:45.421,10808,10809,10809,1,1
2019-07-11 15:13:51.279,10808,10809,10809,6,6
2019-07-11 15:14:00.394,10808,10809,10808,2,-2
2019-07-11 15:14:02.579,10808,10809,10809,1,1
2019-07-11 15:14:05.982,10808,10809,10808,19,-19
2019-07-11 15:14:06.037,10808,10809,10808,1,-1
2019-07-11 15:14:11.435,10807,10808,10808,1,1
2019-07-11 15:14:19.300,10807,10808,10808,1,1
2019-07-11 15:14:20.201,10807,10808,10808,1,1
2019-07-11 15:14:20.938,10807,10808,10808,1,1
2019-07-11 15:14:21.268,10807,10808,10807,1,-1
2019-07-11 15:14:23.927,10807,10808,10808,1,1
2019-07-11 15:14:37.589,10807,10808,10808,1,1
2019-07-11 15:14:38.243,10807,10808,10807,1,-1
2019-07-11 15:14:38.455,10807,10808,10807,1,-1
2019-07-11 15:14:41.144,10807,10808,10808,1,1
2019-07-11 15:14:43.345,10807,10808,10808,1,1
2019-07-11 15:14:53.517,10807,10808,10807,1,-1
2019-07-11 15:14:54.049,10807,10808,10808,1,1
2019-07-11 15:15:01.485,10807,10808,10807,4,-4
2019-07-11 15:15:01.835,10807,10808,10807,1,-1
2019-07-11 15:15:02.050,10807,10808,10807,1,-1
2019-07-11 15:15:02.332,10807,10808,10807,13,-13
2019-07-11 15:15:02.412,10807,10808,10807,4,-4
2019-07-11 15:15:02.700,10806,10807,10806,4,-4
2019-07-11 15:15:03.079,10806,10807,10806,2,-2
2019-07-11 15:15:03.622,10806,10807,10807,1,1
2019-07-11 15:15:04.500,10806,10807,10807,1,1
2019-07-11 15:15:11.709,10806,10807,10807,1,1
2019-07-11 15:15:17.158,10806,10807,10807,5,5
2019-07-11 15:15:21.046,10807,10808,10807,1,-1
2019-07-11 15:15:24.179,10807,10808,10807,1,-1
2019-07-11 15:15:24.457,10807,10808,10807,1,-1
2019-07-11 15:15:28.422,10807,10808,10807,2,-2
2019-07-11 15:16:04.625,10807,10808,10807,2,-2
2019-07-11 15:16:05.531,10807,10808,10807,1,-1
2019-07-11 15:16:16.592,10807,10808,10807,2,-2
2019-07-11 15:16:19.586,10807,10808,10808,1,1
2019-07-11 15:16:19.746,10807,10808,10808,1,1
2019-07-11 15:16:19.792,10807,10808,10808,19,19
2019-07-11 15:16:25.113,10808,10809,10809,1,1
2019-07-11 15:16:25.998,10808,10809,10809,1,1
2019-07-11 15:16:26.037,10808,10809,10809,11,11
2019-07-11 15:16:35.558,10809,10810,10809,1,-1
2019-07-11 15:16:54.371,10809,10810,10809,1,-1
2019-07-11 15:16:55.099,10809,10810,10810,2,2
2019-07-11 15:16:59.789,10809,10810,10810,1,1
2019-07-11 15:17:02.368,10809,10810,10810,1,1
2019-07-11 15:17:02.949,10809,10810,10810,1,1
2019-07-11 15:17:42.153,10809,10810,10809,1,-1
2019-07-11 15:17:44.333,10809,10810,10810,1,1
2019-07-11 15:18:06.850,10809,10810,10810,10,10
2019-07-11 15:18:13.803,10809,10810,10810,2,2
2019-07-11 15:18:38.196,10809,10810,10810,1,1
2019-07-11 15:18:53.090,10809,10810,10810,10,10
2019-07-11 15:19:11.359,10809,10810,10810,1,1
2019-07-11 15:19:16.618,10809,10810,10810,1,1
2019-07-11 15:19:24.077,10809,10810,10810,2,2
2019-07-11 15:19:24.162,10809,10810,10810,10,10
2019-07-11 15:19:24.287,10809,10810,10810,1,1
2019-07-11 15:19:29.147,10810,10811,10810,1,-1
2019-07-11 15:19:53.421,10810,10811,10811,1,1
2019-07-11 15:19:55.441,10810,10811,10811,1,1
2019-07-11 15:19:56.887,10810,10811,10811,1,1
2019-07-11 15:20:00.350,10810,10811,10811,1,1
2019-07-11 15:20:01.558,10810,10811,10811,4,4
2019-07-11 15:20:08.082,10810,10811,10811,1,1
2019-07-11 15:20:08.416,10810,10811,10811,1,1
2019-07-11 15:20:08.603,10810,10811,10811,4,4
2019-07-11 15:20:11.409,10810,10811,10811,1,1
2019-07-11 15:20:11.754,10810,10811,10811,1,1
2019-07-11 15:20:15.892,10810,10811,10811,2,2
2019-07-11 15:20:19.079,10810,10811,10810,3,-3
2019-07-11 15:20:48.514,10810,10811,10810,1,-1
2019-07-11 15:20:48.537,10810,10811,10810,7,-7
2019-07-11 15:20:48.546,10810,10811,10810,3,-3
2019-07-11 15:20:55.148,10809,10810,10810,1,1
2019-07-11 15:21:08.287,10809,10810,10810,5,5
2019-07-11 15:21:08.412,10809,10810,10810,1,1
2019-07-11 15:21:10.008,10809,10810,10810,2,2
2019-07-11 15:21:13.473,10810,10811,10811,2,2
2019-07-11 15:21:14.933,10810,10811,10810,5,-5
2019-07-11 15:21:21.884,10810,10811,10810,6,-6
2019-07-11 15:21:45.459,10810,10811,10810,1,-1
2019-07-11 15:21:48.554,10810,10811,10810,1,-1
2019-07-11 15:21:58.858,10809,10810,10810,1,1
2019-07-11 15:22:23.495,10809,10810,10810,1,1
2019-07-11 15:22:25.014,10809,10810,10810,1,1
2019-07-11 15:22:33.769,10810,10811,10810,2,-2
2019-07-11 15:22:47.676,10810,10811,10811,3,3
2019-07-11 15:23:15.190,10811,10812,10812,2,2
2019-07-11 15:23:22.522,10811,10812,10812,5,5
2019-07-11 15:23:23.922,10811,10812,10812,1,1
2019-07-11 15:23:28.420,10811,10812,10812,2,2
2019-07-11 15:23:29.481,10811,10812,10812,1,1
2019-07-11 15:23:31.028,10811,10812,10812,3,3
2019-07-11 15:23:31.228,10811,10812,10812,3,3
2019-07-11 15:23:33.881,10811,10812,10812,1,1
2019-07-11 15:23:34.136,10811,10812,10812,1,1
2019-07-11 15:23:34.208,10811,10812,10812,1,1
2019-07-11 15:23:36.580,10811,10812,10812,3,3
2019-07-11 15:23:37.797,10812,10813,10812,1,-1
2019-07-11 15:23:39.610,10812,10813,10812,3,-3
2019-07-11 15:23:41.211,10811,10812,10812,1,1
2019-07-11 15:23:41.831,10812,10813,10812,1,-1
2019-07-11 15:23:41.912,10812,10813,10812,1,-1
2019-07-11 15:23:53.133,10811,10812,10812,2,2
2019-07-11 15:23:54.910,10811,10812,10812,1,1
2019-07-11 15:24:02.286,10811,10812,10812,1,1
2019-07-11 15:24:03.193,10811,10812,10812,2,2
2019-07-11 15:24:06.268,10811,10812,10812,1,1
2019-07-11 15:24:15.415,10811,10812,10812,8,8
2019-07-11 15:24:15.993,10811,10812,10812,1,1
2019-07-11 15:24:30.201,10811,10812,10812,1,1
2019-07-11 15:24:49.709,10811,10812,10812,1,1
2019-07-11 15:24:50.648,10811,10812,10811,1,-1
2019-07-11 15:24:55.906,10811,10812,10812,1,1
2019-07-11 15:25:04.515,10811,10812,10812,1,1
2019-07-11 15:25:05.139,10811,10812,10811,10,-10
2019-07-11 15:25:09.556,10811,10812,10811,1,-1
2019-07-11 15:25:09.560,10811,10812,10811,9,-9
2019-07-11 15:25:11.066,10810,10812,10810,2,-2
2019-07-11 15:25:18.808,10810,10811,10811,1,1
2019-07-11 15:25:34.862,10810,10811,10811,1,1
2019-07-11 15:25:43.548,10810,10811,10811,1,1
2019-07-11 15:26:07.059,10810,10811,10811,1,1
2019-07-11 15:26:10.941,10810,10811,10811,1,1
2019-07-11 15:26:20.912,10810,10811,10811,1,1
2019-07-11 15:26:21.102,10810,10811,10811,1,1
2019-07-11 15:26:22.708,10810,10811,10811,1,1
2019-07-11 15:26:30.126,10810,10812,10812,5,5
2019-07-11 15:27:01.549,10811,10812,10812,1,1
2019-07-11 15:27:16.127,10811,10812,10811,1,-1
2019-07-11 15:27:29.948,10811,10812,10812,1,1
2019-07-11 15:27:31.960,10811,10812,10811,1,-1
2019-07-11 15:27:32.601,10811,10812,10811,2,-2
2019-07-11 15:27:39.342,10811,10812,10812,1,1
2019-07-11 15:27:54.140,10811,10812,10812,2,2
2019-07-11 15:27:59.707,10811,10812,10812,1,1
2019-07-11 15:28:11.675,10811,10812,10812,1,1
2019-07-11 15:28:45.221,10811,10812,10812,1,1
2019-07-11 15:28:56.372,10811,10812,10812,4,4
2019-07-11 15:28:58.959,10811,10812,10812,1,1
2019-07-11 15:28:58.984,10811,10812,10812,1,1
2019-07-11 15:28:58.985,10811,10812,10812,2,2
2019-07-11 15:29:04.250,10812,10813,10812,1,-1
2019-07-11 15:29:08.166,10812,10813,10812,2,-2
2019-07-11 15:29:22.858,10812,10813,10813,3,3
2019-07-11 15:29:38.316,10812,10813,10813,1,1
2019-07-11 15:29:38.316,10812,10813,10813,1,1
2019-07-11 15:29:38.412,10812,10813,10813,7,7
2019-07-11 15:29:38.537,10812,10813,10813,3,3
2019-07-11 15:29:38.537,10812,10813,10813,9,9
2019-07-11 15:29:38.537,10812,10813,10813,1,1
2019-07-11 15:29:38.537,10812,10813,10813,1,1
2019-07-11 15:29:38.662,10812,10813,10813,2,2
2019-07-11 15:29:38.664,10812,10813,10813,12,12
2019-07-11 15:29:43.882,10813,10814,10814,2,2
2019-07-11 15:29:43.947,10813,10814,10814,2,2
2019-07-11 15:29:46.953,10813,10814,10814,29,29
2019-07-11 15:29:47.041,10813,10814,10814,1,1
2019-07-11 15:29:47.501,10813,10814,10814,1,1
2019-07-11 15:29:48.769,10813,10814,10814,3,3
2019-07-11 15:30:02.413,10814,10815,10815,1,1
2019-07-11 15:30:02.562,10814,10815,10815,2,2
2019-07-11 15:30:02.563,10814,10815,10815,1,1
2019-07-11 15:30:02.771,10814,10815,10815,1,1
2019-07-11 15:30:02.879,10814,10815,10814,4,-4
2019-07-11 15:30:03.587,10814,10815,10815,1,1
2019-07-11 15:30:03.743,10814,10815,10815,1,1
2019-07-11 15:30:03.883,10814,10815,10814,1,-1
2019-07-11 15:30:03.985,10814,10815,10814,3,-3
2019-07-11 15:30:11.499,10814,10815,10814,6,-6
2019-07-11 15:30:12.530,10814,10815,10814,1,-1
2019-07-11 15:30:15.415,10814,10815,10814,1,-1
2019-07-11 15:30:18.799,10814,10815,10815,1,1
2019-07-11 15:30:20.101,10814,10815,10814,1,-1
2019-07-11 15:30:26.424,10814,10815,10814,1,-1
2019-07-11 15:30:31.203,10814,10815,10814,1,-1
2019-07-11 15:30:31.804,10814,10815,10814,2,-2
2019-07-11 15:30:32.630,10814,10815,10814,6,-6
2019-07-11 15:30:37.467,10814,10815,10814,3,-3
2019-07-11 15:30:39.627,10814,10815,10814,1,-1
2019-07-11 15:30:40.110,10814,10815,10814,1,-1
2019-07-11 15:30:43.395,10814,10815,10814,2,-2
2019-07-11 15:30:45.992,10814,10815,10814,1,-1
2019-07-11 15:30:49.808,10814,10815,10814,1,-1
2019-07-11 15:30:59.840,10814,10815,10814,1,-1
2019-07-11 15:31:17.325,10814,10815,10814,3,-3
2019-07-11 15:31:18.235,10814,10815,10814,3,-3
2019-07-11 15:31:33.162,10813,10814,10814,3,3
2019-07-11 15:31:48.585,10813,10814,10814,1,1
2019-07-11 15:31:48.805,10813,10814,10814,1,1
2019-07-11 15:31:52.002,10813,10814,10814,1,1
2019-07-11 15:31:57.964,10813,10814,10814,1,1
2019-07-11 15:32:13.251,10813,10814,10814,1,1
2019-07-11 15:32:14.075,10813,10814,10813,3,-3
2019-07-11 15:32:19.685,10813,10814,10813,3,-3
2019-07-11 15:32:34.667,10813,10814,10813,2,-2
2019-07-11 15:32:34.787,10813,10814,10813,11,-11
2019-07-11 15:32:35.223,10812,10813,10813,1,1
2019-07-11 15:32:35.501,10812,10813,10813,1,1
2019-07-11 15:32:36.490,10812,10813,10813,1,1
2019-07-11 15:32:47.220,10812,10813,10813,10,10
2019-07-11 15:32:50.113,10812,10813,10813,3,3
2019-07-11 15:32:57.714,10812,10813,10813,1,1
2019-07-11 15:32:59.615,10812,10813,10813,1,1
2019-07-11 15:33:07.839,10812,10813,10813,1,1
2019-07-11 15:33:42.417,10812,10813,10812,4,-4
2019-07-11 15:34:21.507,10812,10813,10813,1,1
2019-07-11 15:34:21.942,10812,10813,10813,1,1
2019-07-11 15:34:24.294,10812,10813,10813,1,1
2019-07-11 15:34:24.364,10812,10813,10813,1,1
2019-07-11 15:34:39.793,10812,10813,10813,1,1
2019-07-11 15:34:48.762,10812,10813,10813,1,1
2019-07-11 15:35:00.772,10812,10813,10813,1,1
2019-07-11 15:35:34.270,10812,10813,10813,1,1
2019-07-11 15:35:52.053,10812,10813,10813,1,1
2019-07-11 15:36:00.648,10812,10813,10813,1,1
2019-07-11 15:36:00.648,10812,10813,10813,1,1
2019-07-11 15:36:23.211,10812,10813,10813,3,3
2019-07-11 15:36:27.886,10812,10813,10812,1,-1
2019-07-11 15:36:34.781,10812,10813,10813,1,1
2019-07-11 15:36:35.547,10812,10813,10813,1,1
2019-07-11 15:36:43.883,10812,10813,10813,1,1
2019-07-11 15:37:03.537,10812,10813,10813,1,1
2019-07-11 15:37:04.802,10812,10813,10813,1,1
2019-07-11 15:37:14.091,10812,10813,10813,2,2
2019-07-11 15:37:18.250,10812,10813,10813,2,2
2019-07-11 15:37:54.432,10812,10813,10812,1,-1
2019-07-11 15:38:02.163,10812,10813,10812,6,-6
2019-07-11 15:38:02.163,10812,10813,10812,4,-4
2019-07-11 15:38:02.180,10812,10813,10812,2,-2
2019-07-11 15:38:02.185,10812,10813,10812,2,-2
2019-07-11 15:38:02.199,10812,10813,10812,3,-3
2019-07-11 15:38:02.287,10812,10813,10812,9,-9
2019-07-11 15:38:07.012,10811,10812,10812,1,1
2019-07-11 15:38:46.919,10811,10812,10812,1,1
2019-07-11 15:39:26.382,10811,10812,10812,1,1
2019-07-11 15:39:54.259,10811,10812,10811,1,-1
2019-07-11 15:39:55.010,10811,10812,10811,1,-1
2019-07-11 15:39:55.574,10811,10812,10812,1,1
2019-07-11 15:39:56.287,10811,10812,10811,1,-1
2019-07-11 15:40:06.928,10811,10812,10812,1,1
2019-07-11 15:40:07.625,10811,10812,10811,2,-2
2019-07-11 15:40:10.647,10811,10812,10811,1,-1
2019-07-11 15:40:23.902,10811,10812,10811,1,-1
2019-07-11 15:40:33.235,10811,10812,10811,1,-1
2019-07-11 15:40:47.250,10811,10812,10811,2,-2
2019-07-11 15:41:24.422,10811,10812,10812,24,24
2019-07-11 15:41:24.537,10811,10812,10812,5,5
2019-07-11 15:41:24.537,10811,10812,10812,8,8
2019-07-11 15:41:24.537,10811,10812,10812,10,10
2019-07-11 15:41:24.787,10812,10813,10813,2,2
2019-07-11 15:41:24.788,10812,10813,10813,2,2
2019-07-11 15:41:24.791,10812,10813,10813,4,4
2019-07-11 15:41:24.796,10812,10813,10813,6,6
2019-07-11 15:41:24.797,10812,10813,10813,2,2
2019-07-11 15:41:27.202,10813,10814,10813,1,-1
2019-07-11 15:41:47.977,10813,10814,10814,3,3
2019-07-11 15:41:48.166,10813,10814,10813,2,-2
2019-07-11 15:42:11.912,10813,10814,10813,15,-15
2019-07-11 15:42:24.162,10812,10813,10813,1,1
2019-07-11 15:42:43.827,10812,10813,10812,1,-1
2019-07-11 15:42:43.831,10812,10813,10812,1,-1
2019-07-11 15:42:57.243,10812,10813,10812,3,-3
2019-07-11 15:44:03.142,10812,10813,10813,3,3
2019-07-11 15:44:16.559,10812,10813,10812,2,-2
2019-07-11 15:44:16.662,10812,10813,10812,11,-11
2019-07-11 15:44:23.198,10811,10812,10811,1,-1
2019-07-11 15:44:30.470,10811,10812,10811,1,-1
2019-07-11 15:44:45.027,10811,10812,10811,2,-2
2019-07-11 15:45:01.810,10811,10812,10811,8,-8
2019-07-11 15:45:01.912,10811,10812,10811,12,-12
2019-07-11 15:45:03.870,10810,10811,10811,10,10
2019-07-11 15:45:14.238,10810,10811,10811,1,1
2019-07-11 15:45:15.068,10810,10811,10811,1,1
2019-07-11 15:45:28.284,10810,10811,10811,4,4
2019-07-11 15:45:59.800,10811,10812,10812,3,3
2019-07-11 15:46:03.563,10811,10812,10812,1,1
2019-07-11 15:46:04.197,10811,10812,10812,1,1
2019-07-11 15:46:04.297,10811,10812,10812,1,1
2019-07-11 15:46:16.648,10812,10813,10813,1,1
2019-07-11 15:46:17.845,10812,10813,10813,13,13
2019-07-11 15:46:17.992,10812,10814,10813,9,-9
2019-07-11 15:46:17.992,10812,10814,10812,1,-1
2019-07-11 15:46:19.268,10813,10814,10813,5,5
2019-07-11 15:46:31.964,10813,10814,10813,1,-1
2019-07-11 15:46:35.787,10813,10814,10813,9,-9
2019-07-11 15:46:39.858,10812,10813,10813,1,1
2019-07-11 15:46:48.821,10812,10813,10813,1,1
2019-07-11 15:46:54.402,10812,10813,10813,1,1
2019-07-11 15:46:57.106,10812,10813,10812,1,-1
2019-07-11 15:47:16.017,10812,10813,10812,3,-3
2019-07-11 15:47:23.038,10812,10813,10812,1,-1
2019-07-11 15:47:56.926,10812,10813,10812,1,-1
2019-07-11 15:48:01.542,10812,10813,10812,1,-1
2019-07-11 15:48:31.037,10812,10813,10813,14,14
2019-07-11 15:48:43.984,10813,10814,10813,15,-15
2019-07-11 15:48:51.148,10813,10814,10813,14,-14
2019-07-11 15:48:51.514,10812,10813,10813,1,1
2019-07-11 15:49:28.857,10813,10814,10813,1,-1
2019-07-11 15:49:33.821,10813,10814,10813,5,-5
2019-07-11 15:49:43.476,10813,10814,10813,3,-3
2019-07-11 15:49:48.923,10812,10813,10813,4,4
2019-07-11 15:50:15.279,10813,10814,10813,1,-1
2019-07-11 15:51:20.920,10813,10814,10813,3,-3
2019-07-11 15:51:22.386,10812,10813,10813,5,5
2019-07-11 15:51:51.167,10812,10813,10813,3,3
2019-07-11 15:51:51.287,10812,10813,10813,6,6
2019-07-11 15:52:25.468,10813,10814,10814,6,6
2019-07-11 15:52:41.283,10813,10814,10814,1,1
2019-07-11 15:52:47.091,10813,10814,10814,8,8
2019-07-11 15:52:47.162,10813,10814,10814,1,1
2019-07-11 15:53:10.203,10814,10815,10814,5,-5
2019-07-11 15:53:31.979,10814,10815,10814,8,-8
2019-07-11 15:53:45.682,10813,10814,10814,1,1
2019-07-11 15:53:55.037,10813,10814,10814,2,2
2019-07-11 15:54:04.540,10813,10814,10814,5,5
2019-07-11 15:54:08.604,10814,10815,10814,1,-1
2019-07-11 15:54:25.101,10814,10815,10814,3,-3
2019-07-11 15:54:27.015,10813,10815,10815,2,2
2019-07-11 15:54:27.551,10813,10815,10815,4,4
2019-07-11 15:54:42.842,10813,10814,10814,1,1
2019-07-11 15:54:54.818,10813,10814,10814,1,1
2019-07-11 15:55:00.957,10813,10814,10814,2,2
2019-07-11 15:55:01.178,10813,10814,10814,1,1
2019-07-11 15:55:01.262,10813,10814,10814,1,1
2019-07-11 15:55:01.733,10813,10814,10813,12,-12
2019-07-11 15:55:16.116,10813,10814,10814,12,12
2019-07-11 15:55:40.071,10813,10814,10814,1,1
2019-07-11 15:56:16.132,10813,10814,10814,6,6
2019-07-11 15:56:16.196,10813,10814,10813,1,-1
2019-07-11 15:56:18.653,10813,10814,10813,2,-2
2019-07-11 15:56:51.293,10813,10814,10813,1,-1
2019-07-11 15:57:13.704,10813,10814,10813,2,-2
2019-07-11 15:57:15.108,10813,10814,10813,1,-1
2019-07-11 15:57:15.945,10813,10814,10814,5,5
2019-07-11 15:57:22.018,10813,10814,10813,3,-3
2019-07-11 15:57:22.018,10813,10814,10813,4,-4
2019-07-11 15:58:52.466,10812,10813,10812,1,-1
2019-07-11 15:59:15.787,10812,10813,10813,1,1
2019-07-11 15:59:15.912,10812,10813,10813,1,1
2019-07-11 15:59:16.037,10812,10813,10813,1,1
2019-07-11 15:59:40.275,10812,10813,10813,1,1
2019-07-11 16:00:20.442,10812,10813,10812,12,-12
2019-07-11 16:00:20.443,10812,10813,10812,1,-1
2019-07-11 16:00:20.537,10812,10813,10812,5,-5
2019-07-11 16:00:21.041,10811,10813,10811,1,-1
2019-07-11 16:00:21.334,10811,10812,10811,1,-1
2019-07-11 16:00:21.341,10811,10812,10811,1,-1
2019-07-11 16:00:21.456,10811,10812,10811,4,-4
2019-07-11 16:00:23.230,10811,10812,10811,1,-1
2019-07-11 16:00:26.408,10811,10812,10812,2,2
2019-07-11 16:00:38.323,10811,10812,10811,3,-3
2019-07-11 16:00:58.447,10811,10812,10811,1,-1
2019-07-11 16:01:04.927,10811,10812,10811,1,-1
2019-07-11 16:01:06.976,10811,10812,10811,2,-2
2019-07-11 16:01:30.339,10811,10812,10811,1,-1
2019-07-11 16:01:39.609,10811,10812,10812,1,1
2019-07-11 16:01:39.610,10811,10812,10812,2,2
2019-07-11 16:01:39.662,10811,10812,10812,1,1
2019-07-11 16:01:39.662,10811,10812,10812,3,3
2019-07-11 16:01:39.662,10811,10812,10812,2,2
2019-07-11 16:01:39.662,10811,10812,10812,1,1
2019-07-11 16:01:39.663,10811,10812,10812,2,2
2019-07-11 16:01:44.502,10812,10813,10812,6,-6
2019-07-11 16:01:50.064,10812,10813,10812,1,-1
2019-07-11 16:01:58.248,10812,10813,10812,6,-6
2019-07-11 16:02:01.294,10812,10813,10813,1,1
2019-07-11 16:02:03.637,10812,10813,10812,5,-5
2019-07-11 16:02:11.491,10812,10813,10812,6,-6
2019-07-11 16:02:16.346,10812,10813,10812,6,-6
2019-07-11 16:02:19.028,10812,10813,10812,1,-1
2019-07-11 16:02:21.243,10812,10813,10812,6,-6
2019-07-11 16:02:21.543,10812,10813,10812,1,-1
2019-07-11 16:02:28.580,10812,10813,10812,1,-1
2019-07-11 16:02:33.810,10812,10813,10812,1,-1
2019-07-11 16:02:46.185,10812,10813,10812,1,-1
2019-07-11 16:03:08.063,10812,10813,10813,1,1
2019-07-11 16:03:29.902,10812,10813,10813,1,1
2019-07-11 16:03:30.415,10812,10813,10813,2,2
2019-07-11 16:03:33.413,10812,10813,10812,6,-6
2019-07-11 16:03:33.546,10812,10813,10812,5,-5
2019-07-11 16:03:57.095,10811,10812,10812,2,2
2019-07-11 16:03:57.162,10811,10812,10812,2,2
2019-07-11 16:04:23.662,10812,10813,10812,2,-2
2019-07-11 16:04:23.662,10812,10813,10812,1,-1
2019-07-11 16:04:45.673,10811,10812,10811,1,-1
2019-07-11 16:04:48.148,10811,10812,10811,1,-1
2019-07-11 16:04:48.162,10811,10812,10811,16,-16
2019-07-11 16:04:48.287,10811,10812,10811,1,-1
2019-07-11 16:04:48.287,10811,10812,10811,1,-1
2019-07-11 16:04:51.018,10811,10812,10812,1,1
2019-07-11 16:04:59.242,10811,10812,10811,5,-5
2019-07-11 16:05:00.604,10811,10812,10811,3,-3
2019-07-11 16:05:13.069,10811,10812,10811,3,-3
2019-07-11 16:05:15.770,10811,10812,10811,2,-2
2019-07-11 16:05:27.844,10811,10812,10811,1,-1
2019-07-11 16:05:30.175,10811,10812,10811,3,-3
2019-07-11 16:05:30.677,10811,10812,10811,1,-1
2019-07-11 16:05:32.764,10811,10812,10811,1,-1
2019-07-11 16:05:32.765,10811,10812,10811,1,-1
2019-07-11 16:05:32.765,10811,10812,10811,1,-1
2019-07-11 16:05:32.766,10811,10812,10811,1,-1
2019-07-11 16:05:33.957,10810,10811,10810,3,-3
2019-07-11 16:05:34.061,10810,10811,10810,2,-2
2019-07-11 16:05:34.426,10810,10811,10810,2,-2
2019-07-11 16:05:34.540,10810,10811,10810,1,-1
2019-07-11 16:05:45.739,10810,10811,10810,1,-1
2019-07-11 16:06:40.466,10810,10811,10811,2,2
2019-07-11 16:07:21.859,10811,10812,10811,3,-3
2019-07-11 16:07:42.055,10811,10812,10811,3,-3
2019-07-11 16:07:51.519,10811,10812,10812,1,1
2019-07-11 16:09:18.071,10811,10812,10811,3,-3
2019-07-11 16:09:52.650,10810,10811,10810,1,-1
2019-07-11 16:09:53.678,10810,10811,10811,1,1
2019-07-11 16:10:06.157,10810,10811,10810,2,-2
2019-07-11 16:10:07.749,10810,10811,10811,5,5
2019-07-11 16:10:14.997,10810,10811,10810,5,-5
2019-07-11 16:10:26.352,10810,10811,10810,5,-5
2019-07-11 16:10:39.049,10810,10811,10810,3,-3
2019-07-11 16:10:44.396,10810,10811,10810,16,-16
2019-07-11 16:11:47.396,10809,10810,10810,5,5
2019-07-11 16:11:47.412,10809,10810,10810,2,2
2019-07-11 16:11:53.674,10809,10810,10810,1,1
2019-07-11 16:12:12.399,10809,10810,10810,1,1
2019-07-11 16:12:12.879,10809,10810,10809,4,-4
2019-07-11 16:12:12.937,10809,10810,10809,3,-3
2019-07-11 16:12:12.937,10809,10810,10809,3,-3
2019-07-11 16:12:12.941,10809,10810,10809,3,-3
2019-07-11 16:12:12.971,10809,10810,10809,3,-3
2019-07-11 16:12:12.989,10809,10810,10809,1,-1
2019-07-11 16:12:13.315,10809,10810,10809,3,-3
2019-07-11 16:12:13.537,10809,10810,10809,13,-13
2019-07-11 16:12:20.040,10808,10809,10809,1,1
2019-07-11 16:12:33.254,10808,10809,10809,1,1
2019-07-11 16:12:44.416,10808,10809,10809,1,1
2019-07-11 16:13:19.651,10809,10810,10809,12,-12
2019-07-11 16:13:35.646,10808,10809,10808,34,-34
2019-07-11 16:13:35.646,10808,10809,10807,30,-30
2019-07-11 16:13:35.747,10807,10808,10807,53,-53
2019-07-11 16:13:36.289,10806,10807,10807,17,17
2019-07-11 16:13:36.412,10806,10807,10807,2,2
2019-07-11 16:13:36.539,10807,10808,10807,1,-1
2019-07-11 16:13:37.849,10807,10808,10808,5,5
2019-07-11 16:13:40.638,10807,10808,10808,1,1
2019-07-11 16:13:46.489,10807,10808,10808,1,1
2019-07-11 16:13:57.523,10807,10808,10808,1,1
2019-07-11 16:14:11.617,10807,10808,10807,1,-1
2019-07-11 16:14:12.917,10807,10808,10807,1,-1
2019-07-11 16:14:17.663,10807,10808,10807,1,-1
2019-07-11 16:14:19.003,10807,10808,10807,7,-7
2019-07-11 16:14:25.215,10806,10807,10806,2,-2
2019-07-11 16:14:25.388,10806,10807,10806,1,-1
2019-07-11 16:14:25.960,10806,10807,10806,1,-1
2019-07-11 16:14:26.361,10806,10807,10806,2,-2
2019-07-11 16:14:31.537,10806,10807,10807,6,6
2019-07-11 16:14:33.290,10807,10808,10807,1,-1
2019-07-11 16:14:34.061,10807,10808,10807,1,-1
2019-07-11 16:14:35.357,10807,10808,10807,1,-1
2019-07-11 16:14:44.713,10807,10808,10807,2,-2
2019-07-11 16:14:49.397,10807,10808,10808,3,3
2019-07-11 16:15:20.162,10807,10808,10808,14,14
2019-07-11 16:15:20.736,10808,10809,10808,2,-2
2019-07-11 16:15:29.292,10808,10809,10808,1,-1
2019-07-11 16:15:36.225,10808,10809,10808,8,-8
2019-07-11 16:15:36.225,10808,10809,10807,72,-72
2019-07-11 16:15:36.226,10808,10809,10807,4,-4
2019-07-11 16:15:36.417,10806,10807,10806,5,-5
2019-07-11 16:15:38.539,10806,10807,10807,2,2
2019-07-11 16:15:53.039,10806,10807,10807,7,7
2019-07-11 16:15:58.851,10807,10808,10807,4,-4
2019-07-11 16:16:00.074,10807,10808,10807,2,-2
2019-07-11 16:16:15.998,10806,10807,10807,1,1
2019-07-11 16:16:20.701,10806,10807,10807,1,1
2019-07-11 16:16:23.246,10806,10807,10807,1,1
2019-07-11 16:16:28.843,10806,10807,10807,3,3
2019-07-11 16:16:59.289,10806,10807,10807,1,1
2019-07-11 16:16:59.439,10806,10807,10806,1,-1
2019-07-11 16:17:46.395,10806,10807,10806,1,-1
2019-07-11 16:17:49.334,10806,10807,10807,1,1
2019-07-11 16:17:51.391,10806,10807,10807,31,31
2019-07-11 16:18:07.899,10807,10808,10808,3,3
2019-07-11 16:18:15.858,10808,10809,10808,3,-3
2019-07-11 16:18:32.888,10807,10808,10807,1,-1
2019-07-11 16:18:33.119,10807,10808,10808,1,1
2019-07-11 16:18:37.534,10807,10808,10807,3,-3
2019-07-11 16:18:37.735,10807,10808,10807,3,-3
2019-07-11 16:18:43.303,10807,10808,10807,4,-4
2019-07-11 16:18:49.992,10807,10808,10807,1,-1
2019-07-11 16:19:31.598,10807,10808,10807,3,-3
2019-07-11 16:19:38.120,10807,10808,10808,1,1
2019-07-11 16:19:45.537,10807,10808,10808,1,1
2019-07-11 16:19:54.377,10807,10808,10808,1,1
2019-07-11 16:20:01.953,10807,10808,10808,1,1
2019-07-11 16:20:09.390,10807,10808,10808,1,1
2019-07-11 16:20:11.639,10807,10808,10808,2,2
2019-07-11 16:20:20.414,10808,10809,10809,1,1
2019-07-11 16:20:31.019,10808,10809,10809,2,2
2019-07-11 16:20:44.435,10808,10809,10809,1,1
2019-07-11 16:21:09.366,10808,10809,10808,4,-4
2019-07-11 16:21:22.286,10808,10809,10808,4,-4
2019-07-11 16:21:24.287,10808,10809,10808,1,-1
2019-07-11 16:21:24.625,10808,10809,10808,1,-1
2019-07-11 16:21:24.625,10808,10809,10808,1,-1
2019-07-11 16:21:27.277,10808,10809,10808,1,-1
2019-07-11 16:21:27.277,10808,10809,10807,47,-47
2019-07-11 16:21:29.943,10807,10808,10807,12,-12
2019-07-11 16:21:30.833,10806,10807,10807,2,2
2019-07-11 16:21:30.833,10806,10807,10807,1,1
2019-07-11 16:21:30.834,10806,10807,10807,3,3
2019-07-11 16:21:30.834,10806,10807,10807,1,1
2019-07-11 16:21:30.914,10807,10808,10807,3,-3
2019-07-11 16:21:32.948,10807,10808,10807,1,-1
2019-07-11 16:21:34.849,10807,10808,10807,5,-5
2019-07-11 16:21:38.164,10807,10808,10808,1,1
2019-07-11 16:21:41.238,10807,10808,10807,1,-1
2019-07-11 16:21:44.742,10807,10808,10808,1,1
2019-07-11 16:21:49.193,10807,10808,10808,1,1
2019-07-11 16:22:17.428,10807,10808,10808,1,1
2019-07-11 16:22:17.794,10807,10808,10808,1,1
2019-07-11 16:22:32.364,10807,10808,10808,1,1
2019-07-11 16:22:36.659,10807,10808,10808,6,6
2019-07-11 16:22:47.612,10807,10808,10808,1,1
2019-07-11 16:23:23.688,10807,10808,10808,1,1
2019-07-11 16:23:34.762,10807,10808,10808,1,1
2019-07-11 16:23:37.113,10808,10809,10808,1,-1
2019-07-11 16:24:30.023,10808,10809,10808,3,-3
2019-07-11 16:24:39.343,10808,10809,10808,3,-3
2019-07-11 16:25:20.166,10808,10809,10809,3,3
2019-07-11 16:25:20.377,10808,10809,10809,3,3
2019-07-11 16:26:01.835,10808,10809,10809,1,1
2019-07-11 16:26:07.950,10808,10809,10809,1,1
2019-07-11 16:26:09.378,10808,10809,10809,1,1
2019-07-11 16:26:55.498,10809,10810,10809,1,-1
2019-07-11 16:26:58.981,10809,10810,10809,10,-10
2019-07-11 16:27:59.939,10809,10810,10809,1,-1
2019-07-11 16:28:14.497,10809,10810,10809,1,-1
2019-07-11 16:28:37.289,10809,10810,10810,1,1
2019-07-11 16:28:37.536,10809,10811,10811,1,1
2019-07-11 16:28:42.614,10810,10811,10811,1,1
2019-07-11 16:28:50.774,10809,10811,10811,3,3
2019-07-11 16:30:00.035,10810,10811,10810,2,-2
2019-07-11 16:30:00.154,10810,10811,10810,2,-2
2019-07-11 16:30:06.412,10810,10811,10810,2,-2
2019-07-11 16:30:07.037,10810,10811,10811,2,2
2019-07-11 16:30:43.207,10810,10811,10811,1,1
2019-07-11 16:31:01.801,10810,10811,10811,1,1
2019-07-11 16:31:37.884,10810,10811,10811,2,2
2019-07-11 16:32:17.818,10810,10811,10811,10,10
2019-07-11 16:32:24.312,10810,10811,10811,4,4
2019-07-11 16:32:25.961,10810,10811,10811,1,1
2019-07-11 16:32:28.170,10810,10811,10811,1,1
2019-07-11 16:32:33.422,10810,10811,10811,1,1
2019-07-11 16:32:33.483,10810,10811,10811,8,8
2019-07-11 16:32:33.537,10810,10811,10811,4,4
2019-07-11 16:32:47.535,10811,10812,10811,1,-1
2019-07-11 16:33:12.633,10811,10812,10811,1,-1
2019-07-11 16:33:47.596,10810,10811,10811,1,1
2019-07-11 16:33:54.539,10810,10811,10811,1,1
2019-07-11 16:34:00.177,10810,10811,10811,1,1
2019-07-11 16:34:05.051,10810,10811,10811,1,1
2019-07-11 16:34:08.371,10810,10811,10811,1,1
2019-07-11 16:34:08.371,10810,10811,10812,2,2
2019-07-11 16:34:17.459,10811,10812,10812,2,2
2019-07-11 16:34:30.321,10811,10812,10812,1,1
2019-07-11 16:34:43.754,10811,10812,10812,1,1
2019-07-11 16:34:46.901,10811,10812,10812,1,1
2019-07-11 16:35:07.973,10811,10812,10812,1,1
2019-07-11 16:36:20.683,10811,10812,10812,10,10
2019-07-11 16:36:32.654,10811,10812,10812,4,4
2019-07-11 16:36:34.727,10811,10812,10812,1,1
2019-07-11 16:36:36.177,10811,10812,10812,8,8
2019-07-11 16:37:00.142,10811,10812,10812,1,1
2019-07-11 16:37:13.580,10811,10812,10812,1,1
2019-07-11 16:37:15.751,10811,10812,10812,4,4
2019-07-11 16:37:28.773,10811,10812,10812,1,1
2019-07-11 16:37:29.716,10811,10812,10811,2,-2
2019-07-11 16:37:33.513,10811,10812,10811,5,-5
2019-07-11 16:37:34.260,10811,10812,10811,5,-5
2019-07-11 16:37:35.356,10811,10812,10811,2,-2
2019-07-11 16:37:35.412,10811,10812,10811,1,-1
2019-07-11 16:38:22.295,10810,10811,10811,6,6
2019-07-11 16:38:38.975,10810,10811,10811,1,1
2019-07-11 16:38:46.149,10810,10811,10811,3,3
2019-07-11 16:38:53.634,10810,10811,10811,1,1
2019-07-11 16:39:33.564,10811,10812,10811,2,-2
2019-07-11 16:40:07.467,10811,10812,10811,1,-1
2019-07-11 16:40:07.808,10811,10812,10811,3,-3
2019-07-11 16:40:07.808,10811,10812,10810,5,-5
2019-07-11 16:40:07.819,10811,10812,10810,12,-12
2019-07-11 16:40:08.219,10810,10811,10810,4,-4
2019-07-11 16:40:08.285,10810,10811,10810,2,-2
2019-07-11 16:40:09.786,10810,10811,10811,1,1
2019-07-11 16:40:35.449,10810,10811,10811,2,2
2019-07-11 16:40:42.724,10811,10812,10811,1,-1
2019-07-11 16:41:14.773,10811,10812,10811,2,-2
2019-07-11 16:41:15.141,10811,10812,10811,4,-4
2019-07-11 16:41:15.162,10810,10811,10811,1,1
2019-07-11 16:41:16.162,10810,10811,10811,2,2
2019-07-11 16:41:29.237,10810,10811,10811,3,3
2019-07-11 16:41:32.406,10811,10812,10811,1,-1
2019-07-11 16:41:32.406,10811,10812,10811,1,-1
2019-07-11 16:41:35.622,10810,10811,10811,4,4
2019-07-11 16:42:18.895,10811,10812,10811,2,-2
2019-07-11 16:42:35.037,10811,10812,10811,1,-1
2019-07-11 16:42:41.162,10811,10812,10811,1,-1
2019-07-11 16:43:29.284,10810,10811,10811,1,1
2019-07-11 16:43:29.287,10810,10811,10811,1,1
2019-07-11 16:45:12.684,10811,10812,10811,3,-3
2019-07-11 16:45:38.725,10811,10812,10811,1,-1
2019-07-11 16:45:48.406,10811,10812,10811,2,-2
2019-07-11 16:46:01.519,10811,10812,10811,1,-1
2019-07-11 16:46:05.037,10811,10812,10811,1,-1
2019-07-11 16:46:27.209,10811,10812,10812,1,1
2019-07-11 16:46:29.301,10811,10812,10811,2,-2
2019-07-11 16:46:40.785,10811,10812,10812,1,1
2019-07-11 16:47:02.741,10811,10812,10812,1,1
2019-07-11 16:47:30.525,10811,10812,10811,1,-1
2019-07-11 16:47:30.525,10811,10812,10811,1,-1
2019-07-11 16:47:30.528,10811,10812,10811,1,-1
2019-07-11 16:47:30.537,10811,10812,10811,1,-1
2019-07-11 16:47:30.662,10811,10812,10811,1,-1
2019-07-11 16:48:09.214,10810,10811,10811,1,1
2019-07-11 16:48:26.075,10810,10811,10811,2,2
2019-07-11 16:48:38.065,10810,10811,10811,2,2
2019-07-11 16:48:40.325,10811,10812,10811,2,-2
2019-07-11 16:48:59.665,10810,10811,10811,1,1
2019-07-11 16:48:59.671,10810,10811,10811,1,1
2019-07-11 16:49:14.415,10810,10811,10811,1,1
2019-07-11 16:50:57.981,10811,10812,10812,1,1
2019-07-11 16:51:34.463,10811,10812,10811,2,-2
2019-07-11 16:51:34.463,10811,10812,10810,1,-1
2019-07-11 16:51:35.004,10810,10812,10812,2,2
2019-07-11 16:51:35.093,10810,10812,10812,1,1
2019-07-11 16:52:17.925,10811,10812,10812,1,1
2019-07-11 16:52:23.728,10811,10812,10812,1,1
2019-07-11 16:52:31.579,10811,10812,10811,1,-1
2019-07-11 16:53:01.020,10810,10811,10811,5,5
2019-07-11 16:53:14.523,10811,10812,10811,1,-1
2019-07-11 16:53:57.340,10811,10812,10811,2,-2
2019-07-11 16:54:03.619,10810,10811,10811,1,1
2019-07-11 16:54:04.399,10811,10812,10811,1,-1
2019-07-11 16:54:08.932,10810,10811,10811,1,1
2019-07-11 16:54:12.922,10810,10811,10811,2,2
2019-07-11 16:54:41.711,10811,10812,10811,1,-1
2019-07-11 16:55:32.589,10811,10812,10811,1,-1
2019-07-11 16:56:43.371,10811,10812,10811,2,-2
2019-07-11 16:56:44.549,10811,10812,10811,2,-2
2019-07-11 16:56:51.002,10810,10811,10811,1,1
2019-07-11 16:57:12.930,10810,10811,10811,1,1
2019-07-11 16:57:27.513,10811,10812,10811,1,-1
2019-07-11 16:58:18.974,10811,10812,10811,2,-2
2019-07-11 16:59:00.712,10811,10812,10812,1,1
2019-07-11 16:59:01.223,10811,10812,10812,1,1
2019-07-11 16:59:01.315,10811,10812,10812,1,1
2019-07-11 16:59:01.317,10811,10812,10812,1,1
2019-07-11 16:59:01.326,10811,10812,10812,1,1
2019-07-11 16:59:18.906,10811,10812,10811,2,-2
2019-07-11 16:59:38.899,10811,10812,10812,1,1
2019-07-11 16:59:39.236,10811,10812,10812,1,1
2019-07-11 16:59:39.236,10811,10812,10812,1,1
2019-07-11 16:59:39.238,10811,10812,10812,2,2
2019-07-11 16:59:43.668,10811,10812,10812,1,1
2019-07-11 16:59:49.474,10811,10812,10812,2,2
2019-07-11 16:59:57.094,10811,10813,10811,4,-4
2019-07-11 16:59:58.702,10811,10812,10811,2,-2
2019-07-11 17:00:25.255,10811,10812,10811,1,-1
2019-07-11 17:00:25.472,10811,10812,10811,1,-1
2019-07-11 17:00:25.477,10811,10812,10811,5,-5
2019-07-11 17:00:26.112,10810,10811,10810,1,-1
2019-07-11 17:00:26.479,10810,10811,10810,2,-2
2019-07-11 17:00:27.043,10810,10811,10811,1,1
2019-07-11 17:00:27.478,10810,10811,10810,3,-3
2019-07-11 17:00:27.722,10810,10811,10810,2,-2
2019-07-11 17:00:37.194,10810,10811,10810,2,-2
2019-07-11 17:01:53.033,10810,10811,10810,2,-2
2019-07-11 17:02:36.667,10810,10811,10811,1,1
2019-07-11 17:02:53.379,10810,10811,10811,1,1
2019-07-11 17:02:53.915,10810,10811,10811,3,3
2019-07-11 17:02:53.915,10810,10811,10811,10,10
2019-07-11 17:03:07.287,10811,10812,10812,6,6
2019-07-11 17:03:07.412,10811,10812,10812,2,2
2019-07-11 17:03:21.604,10812,10813,10813,1,1
2019-07-11 17:03:29.284,10812,10813,10812,9,-9
2019-07-11 17:03:30.229,10811,10812,10812,1,1
2019-07-11 17:03:31.552,10811,10812,10812,1,1
2019-07-11 17:03:38.741,10811,10812,10812,5,5
2019-07-11 17:03:40.613,10811,10812,10812,1,1
2019-07-11 17:04:07.885,10811,10812,10812,8,8
2019-07-11 17:04:35.834,10811,10812,10812,4,4
2019-07-11 17:04:35.897,10811,10812,10812,1,1
2019-07-11 17:04:35.928,10811,10812,10812,2,2
2019-07-11 17:04:35.928,10811,10812,10812,5,5
2019-07-11 17:05:02.446,10812,10813,10813,5,5
2019-07-11 17:05:05.441,10812,10813,10813,4,4
2019-07-11 17:05:05.445,10812,10813,10813,1,1
2019-07-11 17:05:05.451,10812,10813,10813,14,14
2019-07-11 17:05:05.466,10812,10813,10813,3,3
2019-07-11 17:05:05.537,10812,10813,10813,5,5
2019-07-11 17:05:05.537,10812,10813,10813,4,4
2019-07-11 17:05:05.540,10812,10813,10813,1,1
2019-07-11 17:05:06.083,10813,10814,10813,2,-2
2019-07-11 17:05:07.743,10813,10814,10814,2,2
2019-07-11 17:05:08.076,10813,10814,10814,2,2
2019-07-11 17:05:08.148,10813,10814,10814,2,2
2019-07-11 17:05:08.287,10813,10814,10814,2,2
2019-07-11 17:05:08.435,10813,10814,10814,2,2
2019-07-11 17:05:14.047,10813,10814,10814,3,3
2019-07-11 17:05:14.048,10813,10814,10814,1,1
2019-07-11 17:06:03.644,10813,10814,10813,13,-13
2019-07-11 17:06:03.788,10812,10813,10813,1,1
2019-07-11 17:06:04.143,10812,10813,10813,7,7
2019-07-11 17:06:07.407,10812,10813,10813,1,1
2019-07-11 17:06:08.424,10812,10813,10813,1,1
2019-07-11 17:06:14.703,10813,10814,10814,6,6
2019-07-11 17:06:14.789,10813,10814,10814,3,3
2019-07-11 17:06:22.101,10813,10814,10814,3,3
2019-07-11 17:06:22.403,10813,10814,10814,10,10
2019-07-11 17:06:22.414,10813,10814,10814,1,1
2019-07-11 17:06:22.414,10813,10814,10814,2,2
2019-07-11 17:06:22.901,10813,10814,10814,5,5
2019-07-11 17:06:22.903,10813,10814,10814,5,5
2019-07-11 17:06:23.310,10814,10815,10814,1,-1
2019-07-11 17:06:23.408,10814,10815,10815,8,8
2019-07-11 17:06:23.466,10814,10815,10815,1,1
2019-07-11 17:06:27.397,10814,10815,10815,2,2
2019-07-11 17:06:27.745,10814,10815,10815,2,2
2019-07-11 17:06:28.211,10814,10815,10814,3,-3
2019-07-11 17:06:28.644,10813,10815,10815,2,2
2019-07-11 17:06:32.544,10814,10815,10815,29,29
2019-07-11 17:06:35.297,10814,10815,10815,1,1
2019-07-11 17:06:36.934,10814,10815,10815,1,1
2019-07-11 17:06:40.733,10814,10815,10815,2,2
2019-07-11 17:06:45.716,10814,10815,10815,2,2
2019-07-11 17:06:46.314,10814,10815,10815,1,1
2019-07-11 17:06:47.243,10814,10815,10814,5,-5
2019-07-11 17:06:49.805,10814,10815,10815,3,3
2019-07-11 17:06:50.582,10814,10815,10815,1,1
2019-07-11 17:06:50.991,10814,10815,10815,2,2
2019-07-11 17:06:51.801,10814,10815,10815,3,3
2019-07-11 17:06:56.611,10814,10815,10815,2,2
2019-07-11 17:07:07.022,10815,10816,10815,1,-1
2019-07-11 17:07:08.194,10815,10816,10816,1,1
2019-07-11 17:07:08.315,10815,10816,10816,5,5
2019-07-11 17:07:08.366,10815,10816,10816,1,1
2019-07-11 17:07:08.632,10815,10816,10815,2,-2
2019-07-11 17:07:17.482,10815,10816,10815,1,-1
2019-07-11 17:07:38.735,10815,10816,10816,1,1
2019-07-11 17:07:38.776,10815,10816,10816,1,1
2019-07-11 17:07:39.058,10815,10816,10816,2,2
2019-07-11 17:07:39.554,10815,10816,10816,2,2
2019-07-11 17:07:41.970,10815,10816,10816,2,2
2019-07-11 17:07:42.230,10815,10816,10816,5,5
2019-07-11 17:07:42.573,10815,10816,10815,1,-1
2019-07-11 17:07:43.804,10815,10816,10816,1,1
2019-07-11 17:07:43.805,10815,10816,10816,2,2
2019-07-11 17:07:43.805,10815,10816,10816,3,3
2019-07-11 17:07:43.810,10815,10816,10816,1,1
2019-07-11 17:07:43.832,10815,10816,10816,3,3
2019-07-11 17:07:43.840,10815,10816,10816,8,8
2019-07-11 17:07:47.066,10816,10817,10816,1,-1
2019-07-11 17:07:49.458,10816,10817,10816,1,-1
2019-07-11 17:07:51.277,10816,10817,10816,1,-1
2019-07-11 17:07:59.571,10816,10817,10817,1,1
2019-07-11 17:07:59.751,10816,10817,10816,2,-2
2019-07-11 17:07:59.766,10816,10817,10817,1,1
2019-07-11 17:07:59.885,10816,10817,10817,1,1
2019-07-11 17:08:00.113,10816,10817,10817,5,5
2019-07-11 17:08:01.122,10816,10817,10817,40,40
2019-07-11 17:08:01.151,10816,10817,10817,1,1
2019-07-11 17:08:01.162,10816,10817,10817,1,1
2019-07-11 17:08:02.544,10816,10818,10816,1,-1
2019-07-11 17:08:03.166,10816,10818,10816,2,-2
2019-07-11 17:08:10.880,10817,10818,10818,4,4
2019-07-11 17:08:11.130,10817,10818,10818,1,1
2019-07-11 17:08:12.265,10817,10818,10818,2,2
2019-07-11 17:08:13.424,10817,10818,10817,1,-1
2019-07-11 17:08:14.767,10817,10818,10818,1,1
2019-07-11 17:08:15.066,10817,10818,10818,1,1
2019-07-11 17:08:16.669,10817,10818,10818,1,1
2019-07-11 17:08:18.694,10817,10818,10818,5,5
2019-07-11 17:08:18.722,10817,10818,10818,3,3
2019-07-11 17:08:19.011,10817,10818,10818,1,1
2019-07-11 17:08:19.011,10817,10818,10818,1,1
2019-07-11 17:08:19.058,10817,10818,10818,1,1
2019-07-11 17:08:19.089,10817,10818,10818,1,1
2019-07-11 17:08:19.149,10817,10818,10818,10,10
2019-07-11 17:08:19.162,10817,10818,10818,1,1
2019-07-11 17:08:19.162,10817,10818,10818,2,2
2019-07-11 17:08:19.162,10817,10818,10818,1,1
2019-07-11 17:08:19.518,10818,10819,10819,3,3
2019-07-11 17:08:19.823,10818,10819,10819,4,4
2019-07-11 17:08:20.155,10818,10819,10819,1,1
2019-07-11 17:08:20.404,10818,10819,10819,1,1
2019-07-11 17:08:20.685,10818,10819,10819,1,1
2019-07-11 17:08:22.616,10818,10819,10819,2,2
2019-07-11 17:08:23.936,10818,10819,10819,1,1
2019-07-11 17:08:25.107,10818,10819,10819,1,1
2019-07-11 17:08:27.996,10818,10819,10819,4,4
2019-07-11 17:08:29.081,10818,10819,10819,2,2
2019-07-11 17:08:30.670,10818,10819,10819,3,3
2019-07-11 17:08:30.983,10818,10819,10819,1,1
2019-07-11 17:08:31.297,10818,10819,10819,2,2
2019-07-11 17:08:31.820,10818,10819,10819,4,4
2019-07-11 17:08:31.820,10818,10819,10820,1,1
2019-07-11 17:08:31.963,10818,10820,10820,1,1
2019-07-11 17:08:31.969,10818,10820,10820,1,1
2019-07-11 17:08:31.983,10818,10820,10820,1,1
2019-07-11 17:08:32.365,10819,10820,10819,1,-1
2019-07-11 17:08:33.320,10819,10820,10820,2,2
2019-07-11 17:08:34.132,10819,10820,10819,1,-1
2019-07-11 17:08:34.915,10819,10820,10819,1,-1
2019-07-11 17:08:35.388,10819,10820,10819,3,-3
2019-07-11 17:08:35.412,10819,10820,10819,2,-2
2019-07-11 17:08:38.698,10818,10819,10819,3,3
2019-07-11 17:08:44.295,10818,10819,10819,5,5
2019-07-11 17:08:47.036,10819,10820,10819,1,-1
2019-07-11 17:08:48.574,10819,10820,10819,5,-5
2019-07-11 17:08:50.912,10819,10820,10819,1,-1
2019-07-11 17:08:51.603,10818,10819,10819,1,1
2019-07-11 17:08:55.121,10819,10820,10819,1,-1
2019-07-11 17:08:56.132,10819,10820,10819,1,-1
2019-07-11 17:08:57.199,10818,10819,10819,2,2
2019-07-11 17:08:58.123,10819,10820,10820,50,50
2019-07-11 17:08:58.974,10819,10820,10820,10,10
2019-07-11 17:08:59.163,10819,10820,10820,5,5
2019-07-11 17:09:08.130,10820,10821,10820,1,-1
2019-07-11 17:09:12.721,10820,10821,10820,5,-5
2019-07-11 17:09:21.676,10820,10821,10820,1,-1
2019-07-11 17:09:22.545,10820,10821,10820,1,-1
2019-07-11 17:09:22.633,10820,10821,10820,3,-3
2019-07-11 17:09:22.635,10820,10821,10820,4,-4
2019-07-11 17:09:22.662,10820,10821,10820,4,-4
2019-07-11 17:09:23.079,10819,10820,10820,1,1
2019-07-11 17:09:23.144,10819,10820,10820,2,2
2019-07-11 17:09:23.539,10820,10821,10820,1,-1
2019-07-11 17:09:25.042,10819,10820,10820,2,2
2019-07-11 17:09:25.269,10819,10820,10820,2,2
2019-07-11 17:09:27.604,10819,10820,10820,1,1
2019-07-11 17:09:30.515,10819,10820,10819,1,-1
2019-07-11 17:09:33.305,10819,10820,10820,5,5
2019-07-11 17:09:33.424,10819,10820,10820,1,1
2019-07-11 17:09:33.929,10819,10820,10820,1,1
2019-07-11 17:09:34.123,10819,10820,10819,1,-1
2019-07-11 17:09:38.485,10819,10820,10819,1,-1
2019-07-11 17:09:38.638,10819,10820,10819,1,-1
2019-07-11 17:09:44.801,10819,10820,10819,1,-1
2019-07-11 17:09:46.012,10819,10820,10820,2,2
2019-07-11 17:09:49.097,10819,10820,10819,5,-5
2019-07-11 17:09:50.606,10819,10820,10820,1,1
2019-07-11 17:09:51.997,10819,10820,10820,2,2
2019-07-11 17:09:52.377,10819,10820,10820,1,1
2019-07-11 17:09:53.515,10819,10820,10819,2,-2
2019-07-11 17:09:54.628,10819,10820,10820,1,1
2019-07-11 17:10:01.415,10819,10820,10819,1,-1
2019-07-11 17:10:01.769,10819,10820,10820,2,2
2019-07-11 17:10:01.854,10819,10820,10820,1,1
2019-07-11 17:10:02.607,10819,10820,10820,2,2
2019-07-11 17:10:14.966,10819,10820,10820,1,1
2019-07-11 17:10:16.326,10819,10820,10820,6,6
2019-07-11 17:10:17.114,10819,10820,10820,6,6
2019-07-11 17:10:17.790,10819,10820,10820,1,1
2019-07-11 17:10:17.825,10819,10820,10820,2,2
2019-07-11 17:10:17.861,10819,10820,10820,4,4
2019-07-11 17:10:19.237,10819,10820,10820,10,10
2019-07-11 17:10:22.947,10819,10820,10820,10,10
2019-07-11 17:10:23.120,10819,10820,10820,1,1
2019-07-11 17:10:23.804,10819,10820,10820,1,1
2019-07-11 17:10:23.838,10819,10820,10820,5,5
2019-07-11 17:10:24.222,10819,10820,10819,3,-3
2019-07-11 17:10:25.609,10819,10820,10820,1,1
2019-07-11 17:10:31.934,10819,10820,10819,1,-1
2019-07-11 17:10:34.433,10819,10820,10819,1,-1
2019-07-11 17:10:38.148,10819,10820,10820,10,10
2019-07-11 17:10:39.150,10819,10820,10820,1,1
2019-07-11 17:10:43.080,10819,10820,10820,1,1
2019-07-11 17:10:43.413,10819,10820,10820,2,2
2019-07-11 17:10:53.244,10819,10820,10820,1,1
2019-07-11 17:10:55.991,10819,10820,10820,1,1
2019-07-11 17:10:58.278,10819,10820,10820,1,1
2019-07-11 17:11:02.604,10819,10820,10820,1,1
2019-07-11 17:11:09.427,10819,10820,10819,2,-2
2019-07-11 17:11:10.324,10819,10820,10819,4,-4
2019-07-11 17:11:10.412,10819,10820,10819,7,-7
2019-07-11 17:11:10.537,10819,10820,10819,1,-1
2019-07-11 17:11:10.605,10819,10820,10820,4,4
2019-07-11 17:11:17.602,10819,10820,10819,1,-1
2019-07-11 17:11:20.067,10819,10820,10819,1,-1
2019-07-11 17:11:20.838,10819,10820,10820,6,6
2019-07-11 17:11:29.164,10819,10820,10820,1,1
2019-07-11 17:11:30.308,10819,10820,10820,1,1
2019-07-11 17:11:36.341,10819,10820,10820,5,5
2019-07-11 17:11:37.296,10819,10820,10820,1,1
2019-07-11 17:11:37.773,10819,10820,10820,2,2
2019-07-11 17:11:40.714,10819,10820,10820,1,1
2019-07-11 17:11:42.882,10819,10820,10820,1,1
2019-07-11 17:11:43.771,10819,10820,10820,1,1
2019-07-11 17:11:49.014,10820,10821,10821,1,1
2019-07-11 17:11:49.067,10820,10821,10821,3,3
2019-07-11 17:11:49.096,10820,10821,10821,2,2
2019-07-11 17:11:52.075,10820,10821,10821,2,2
2019-07-11 17:11:52.999,10820,10821,10821,1,1
2019-07-11 17:11:53.233,10820,10821,10821,1,1
2019-07-11 17:11:53.473,10820,10821,10821,1,1
2019-07-11 17:11:53.805,10820,10821,10821,1,1
2019-07-11 17:11:55.101,10820,10821,10821,1,1
2019-07-11 17:11:56.438,10820,10821,10821,1,1
2019-07-11 17:11:57.024,10820,10821,10821,1,1
2019-07-11 17:11:58.219,10820,10821,10820,1,-1
2019-07-11 17:12:02.696,10820,10821,10820,1,-1
2019-07-11 17:12:03.378,10820,10821,10821,1,1
2019-07-11 17:12:03.585,10820,10821,10821,2,2
2019-07-11 17:12:05.703,10820,10821,10820,10,-10
2019-07-11 17:12:08.450,10820,10821,10820,1,-1
2019-07-11 17:12:13.560,10820,10821,10820,1,-1
2019-07-11 17:12:15.866,10820,10821,10820,1,-1
2019-07-11 17:12:21.127,10820,10821,10821,1,1
2019-07-11 17:12:21.760,10820,10821,10821,1,1
2019-07-11 17:12:25.638,10820,10821,10821,4,4
2019-07-11 17:12:27.585,10820,10821,10820,1,-1
2019-07-11 17:12:31.120,10820,10821,10821,1,1
2019-07-11 17:12:36.764,10820,10821,10821,1,1
2019-07-11 17:12:37.155,10820,10821,10821,1,1
2019-07-11 17:12:43.678,10820,10821,10821,1,1
2019-07-11 17:12:47.605,10820,10821,10821,1,1
2019-07-11 17:12:49.942,10820,10821,10821,1,1
2019-07-11 17:12:55.412,10820,10821,10820,1,-1
2019-07-11 17:12:59.797,10820,10821,10821,1,1
2019-07-11 17:13:11.270,10820,10821,10821,4,4
2019-07-11 17:13:20.957,10820,10821,10821,4,4
2019-07-11 17:13:22.374,10820,10821,10820,1,-1
2019-07-11 17:13:25.190,10820,10821,10820,1,-1
2019-07-11 17:13:29.358,10820,10821,10820,1,-1
2019-07-11 17:13:29.664,10820,10821,10820,20,-20
2019-07-11 17:13:31.560,10819,10820,10820,5,5
2019-07-11 17:13:33.090,10819,10820,10820,1,1
2019-07-11 17:13:39.175,10819,10820,10820,5,5
2019-07-11 17:13:39.175,10819,10820,10821,7,7
2019-07-11 17:13:39.875,10820,10821,10821,1,1
2019-07-11 17:13:46.980,10819,10820,10820,3,3
2019-07-11 17:13:56.422,10820,10821,10820,2,-2
2019-07-11 17:14:02.909,10820,10821,10820,2,-2
2019-07-11 17:14:04.574,10820,10821,10820,1,-1
2019-07-11 17:14:08.217,10819,10820,10820,2,2
2019-07-11 17:14:13.267,10819,10821,10819,1,-1
2019-07-11 17:14:30.015,10819,10820,10819,2,-2
2019-07-11 17:14:46.584,10819,10820,10819,5,-5
2019-07-11 17:14:53.986,10819,10820,10819,1,-1
2019-07-11 17:14:54.532,10819,10820,10820,1,1
2019-07-11 17:14:57.270,10819,10820,10820,1,1
2019-07-11 17:14:57.541,10819,10820,10820,1,1
2019-07-11 17:15:00.209,10819,10820,10820,2,2
2019-07-11 17:15:00.216,10819,10820,10820,2,2
2019-07-11 17:15:00.228,10819,10820,10820,2,2
2019-07-11 17:15:00.251,10819,10820,10820,1,1
2019-07-11 17:15:00.568,10820,10821,10821,2,2
2019-07-11 17:15:02.016,10820,10821,10821,11,11
2019-07-11 17:15:02.865,10821,10822,10822,1,1
2019-07-11 17:15:02.976,10821,10822,10822,1,1
2019-07-11 17:15:02.980,10821,10822,10822,1,1
2019-07-11 17:15:06.540,10820,10821,10821,1,1
2019-07-11 17:15:08.453,10820,10821,10821,1,1
2019-07-11 17:15:13.565,10820,10821,10820,1,-1
2019-07-11 17:15:22.174,10820,10821,10821,12,12
2019-07-11 17:15:23.592,10821,10822,10822,1,1
2019-07-11 17:15:32.059,10821,10822,10822,1,1
2019-07-11 17:15:32.834,10821,10822,10822,1,1
2019-07-11 17:15:48.950,10821,10822,10822,4,4
2019-07-11 17:15:51.668,10821,10822,10822,1,1
2019-07-11 17:15:54.814,10821,10822,10822,1,1
2019-07-11 17:16:01.071,10821,10822,10822,1,1
2019-07-11 17:16:02.396,10821,10822,10822,4,4
2019-07-11 17:16:02.581,10821,10822,10822,10,10
2019-07-11 17:16:05.335,10821,10822,10822,1,1
2019-07-11 17:16:05.353,10821,10822,10822,2,2
2019-07-11 17:16:05.609,10821,10822,10822,4,4
2019-07-11 17:16:05.620,10821,10822,10822,4,4
2019-07-11 17:16:05.663,10821,10822,10822,4,4
2019-07-11 17:16:05.690,10821,10822,10822,4,4
2019-07-11 17:16:05.745,10821,10822,10822,4,4
2019-07-11 17:16:05.754,10821,10822,10822,4,4
2019-07-11 17:16:05.810,10821,10822,10822,1,1
2019-07-11 17:16:05.810,10821,10822,10823,3,3
2019-07-11 17:16:05.815,10821,10822,10823,4,4
2019-07-11 17:16:05.881,10821,10822,10823,4,4
2019-07-11 17:16:05.921,10821,10823,10823,4,4
2019-07-11 17:16:05.972,10821,10823,10823,2,2
2019-07-11 17:16:06.013,10821,10823,10823,1,1
2019-07-11 17:16:06.577,10822,10823,10823,5,5
2019-07-11 17:16:06.918,10822,10823,10822,1,-1
2019-07-11 17:16:07.210,10822,10823,10823,5,5
2019-07-11 17:16:08.561,10822,10823,10822,2,-2
2019-07-11 17:16:10.437,10822,10823,10823,1,1
2019-07-11 17:16:12.505,10822,10823,10823,1,1
2019-07-11 17:16:12.518,10822,10823,10823,3,3
2019-07-11 17:16:12.518,10822,10823,10823,3,3
2019-07-11 17:16:12.537,10822,10823,10823,6,6
2019-07-11 17:16:12.537,10822,10823,10823,1,1
2019-07-11 17:16:12.537,10822,10823,10823,1,1
2019-07-11 17:16:12.537,10822,10823,10823,10,10
2019-07-11 17:16:12.537,10822,10823,10823,1,1
2019-07-11 17:16:12.662,10822,10823,10823,5,5
2019-07-11 17:16:13.241,10823,10824,10823,1,-1
2019-07-11 17:16:14.211,10823,10824,10823,1,-1
2019-07-11 17:16:14.329,10823,10824,10823,1,-1
2019-07-11 17:16:15.011,10822,10823,10823,2,2
2019-07-11 17:16:15.841,10822,10823,10823,1,1
2019-07-11 17:16:16.885,10822,10823,10823,2,2
2019-07-11 17:16:18.412,10822,10823,10823,1,1
2019-07-11 17:16:18.492,10822,10823,10822,5,-5
2019-07-11 17:16:24.332,10822,10823,10823,1,1
2019-07-11 17:16:25.185,10822,10823,10823,1,1
2019-07-11 17:16:25.774,10822,10823,10823,1,1
2019-07-11 17:16:30.927,10822,10823,10823,5,5
2019-07-11 17:16:31.727,10822,10823,10823,6,6
2019-07-11 17:16:34.680,10823,10824,10823,1,-1
2019-07-11 17:16:35.308,10823,10824,10824,4,4
2019-07-11 17:16:35.506,10823,10824,10824,1,1
2019-07-11 17:16:35.804,10823,10824,10824,2,2
2019-07-11 17:16:37.714,10823,10824,10823,2,-2
2019-07-11 17:16:39.962,10823,10824,10823,1,-1
2019-07-11 17:16:42.107,10823,10824,10823,1,-1
2019-07-11 17:16:44.643,10823,10824,10824,1,1
2019-07-11 17:16:50.129,10823,10824,10824,5,5
2019-07-11 17:16:51.278,10823,10824,10823,1,-1
2019-07-11 17:17:02.524,10823,10824,10823,5,-5
2019-07-11 17:17:03.402,10823,10824,10823,1,-1
2019-07-11 17:17:10.635,10823,10824,10823,6,-6
2019-07-11 17:17:13.810,10823,10824,10823,1,-1
2019-07-11 17:17:15.035,10823,10824,10823,1,-1
2019-07-11 17:17:15.289,10823,10824,10823,1,-1
2019-07-11 17:17:18.159,10823,10824,10823,1,-1
2019-07-11 17:17:26.284,10823,10824,10823,2,-2
2019-07-11 17:17:29.896,10823,10824,10823,1,-1
2019-07-11 17:17:30.237,10823,10824,10824,1,1
2019-07-11 17:17:32.809,10823,10824,10823,1,-1
2019-07-11 17:17:34.583,10823,10824,10824,3,3
2019-07-11 17:17:39.361,10823,10824,10824,3,3
2019-07-11 17:17:46.139,10823,10824,10823,1,-1
2019-07-11 17:17:49.814,10823,10824,10824,1,1
2019-07-11 17:17:53.478,10823,10824,10823,2,-2
2019-07-11 17:17:53.478,10823,10824,10823,3,-3
2019-07-11 17:17:53.537,10823,10824,10823,15,-15
2019-07-11 17:17:53.537,10823,10824,10823,6,-6
2019-07-11 17:17:53.545,10823,10824,10823,2,-2
2019-07-11 17:17:55.218,10822,10823,10822,2,-2
2019-07-11 17:17:56.365,10822,10823,10823,1,1
2019-07-11 17:18:02.788,10822,10823,10822,5,-5
2019-07-11 17:18:06.848,10822,10823,10822,1,-1
2019-07-11 17:18:07.646,10822,10823,10822,1,-1
2019-07-11 17:18:14.711,10822,10823,10822,1,-1
2019-07-11 17:18:14.997,10822,10823,10822,1,-1
2019-07-11 17:18:15.144,10822,10823,10822,1,-1
2019-07-11 17:18:19.664,10822,10823,10822,1,-1
2019-07-11 17:18:22.330,10822,10823,10822,1,-1
2019-07-11 17:18:26.023,10822,10823,10822,1,-1
2019-07-11 17:18:37.520,10822,10823,10822,1,-1
2019-07-11 17:18:50.300,10822,10823,10822,1,-1
2019-07-11 17:18:56.029,10822,10823,10822,2,-2
2019-07-11 17:18:58.129,10822,10823,10822,1,-1
2019-07-11 17:19:07.755,10822,10823,10822,16,-16
2019-07-11 17:19:15.336,10821,10822,10822,1,1
2019-07-11 17:19:16.197,10821,10822,10822,1,1
2019-07-11 17:19:36.767,10821,10822,10821,1,-1
2019-07-11 17:19:43.715,10821,10822,10822,1,1
2019-07-11 17:19:49.489,10821,10822,10822,1,1
2019-07-11 17:19:51.365,10821,10822,10822,1,1
2019-07-11 17:19:53.697,10821,10822,10822,1,1
2019-07-11 17:19:57.980,10821,10822,10822,1,1
2019-07-11 17:20:15.995,10821,10822,10822,1,1
2019-07-11 17:20:17.242,10821,10822,10822,1,1
2019-07-11 17:20:18.421,10821,10822,10822,1,1
2019-07-11 17:20:46.642,10821,10822,10822,1,1
2019-07-11 17:20:58.184,10821,10822,10822,4,4
2019-07-11 17:20:59.714,10821,10822,10822,12,12
2019-07-11 17:21:00.994,10821,10822,10822,4,4
2019-07-11 17:21:00.994,10821,10822,10823,8,8
2019-07-11 17:21:09.717,10822,10823,10823,1,1
2019-07-11 17:21:19.997,10822,10823,10823,1,1
2019-07-11 17:21:22.720,10822,10823,10823,1,1
2019-07-11 17:21:24.805,10822,10823,10823,1,1
2019-07-11 17:21:26.364,10822,10823,10823,5,5
2019-07-11 17:21:30.228,10822,10823,10823,1,1
2019-07-11 17:21:33.329,10822,10823,10823,1,1
2019-07-11 17:21:37.551,10822,10823,10823,1,1
2019-07-11 17:21:43.754,10822,10823,10823,1,1
2019-07-11 17:21:48.294,10822,10823,10823,1,1
2019-07-11 17:21:49.557,10822,10823,10823,1,1
2019-07-11 17:21:50.002,10822,10823,10823,1,1
2019-07-11 17:21:52.499,10822,10823,10823,1,1
2019-07-11 17:21:54.692,10822,10823,10823,7,7
2019-07-11 17:21:55.146,10823,10824,10823,1,-1
2019-07-11 17:21:59.894,10823,10824,10824,2,2
2019-07-11 17:22:01.080,10823,10824,10824,1,1
2019-07-11 17:22:03.098,10823,10824,10823,1,-1
2019-07-11 17:22:03.244,10823,10824,10824,1,1
2019-07-11 17:22:06.176,10823,10824,10823,1,-1
2019-07-11 17:22:09.810,10823,10824,10824,1,1
2019-07-11 17:22:10.237,10823,10824,10824,2,2
2019-07-11 17:22:13.618,10823,10824,10823,1,-1
2019-07-11 17:22:20.729,10823,10824,10823,1,-1
2019-07-11 17:22:20.805,10823,10824,10823,1,-1
2019-07-11 17:22:23.690,10823,10824,10823,1,-1
2019-07-11 17:22:29.156,10823,10824,10823,1,-1
2019-07-11 17:22:29.362,10823,10824,10824,9,9
2019-07-11 17:22:33.440,10823,10824,10824,1,1
2019-07-11 17:22:34.361,10823,10824,10823,5,-5
2019-07-11 17:22:36.783,10823,10824,10824,1,1
2019-07-11 17:22:38.444,10823,10824,10823,1,-1
2019-07-11 17:22:38.783,10823,10824,10824,39,39
2019-07-11 17:22:40.406,10823,10825,10825,1,1
2019-07-11 17:22:40.435,10823,10825,10825,1,1
2019-07-11 17:22:40.456,10823,10825,10823,2,-2
2019-07-11 17:22:50.257,10823,10824,10824,1,1
2019-07-11 17:22:53.395,10823,10824,10823,1,-1
2019-07-11 17:23:07.852,10823,10824,10823,9,-9
2019-07-11 17:23:12.136,10823,10824,10824,3,3
2019-07-11 17:23:23.778,10823,10824,10823,1,-1
2019-07-11 17:23:29.066,10823,10824,10824,1,1
2019-07-11 17:23:36.004,10823,10824,10824,5,5
2019-07-11 17:23:36.037,10823,10824,10824,1,1
2019-07-11 17:23:36.162,10823,10824,10824,1,1
2019-07-11 17:23:36.164,10823,10824,10824,11,11
2019-07-11 17:23:43.215,10824,10825,10825,30,30
2019-07-11 17:23:44.067,10824,10825,10824,1,-1
2019-07-11 17:23:45.046,10824,10825,10824,1,-1
2019-07-11 17:23:46.729,10824,10825,10825,1,1
2019-07-11 17:23:50.683,10824,10825,10825,1,1
2019-07-11 17:23:51.776,10824,10825,10825,2,2
2019-07-11 17:23:55.544,10824,10825,10825,1,1
2019-07-11 17:23:55.953,10824,10825,10824,1,-1
2019-07-11 17:23:56.594,10824,10825,10825,8,8
2019-07-11 17:23:57.769,10824,10825,10825,1,1
2019-07-11 17:23:58.984,10824,10825,10825,1,1
2019-07-11 17:24:00.827,10824,10825,10825,1,1
2019-07-11 17:24:01.009,10824,10825,10825,4,4
2019-07-11 17:24:01.289,10824,10825,10825,1,1
2019-07-11 17:24:01.429,10824,10825,10825,1,1
2019-07-11 17:24:01.609,10824,10825,10825,1,1
2019-07-11 17:24:03.598,10824,10825,10825,1,1
2019-07-11 17:24:03.906,10824,10825,10825,1,1
2019-07-11 17:24:04.054,10824,10825,10825,1,1
2019-07-11 17:24:05.932,10824,10825,10825,2,2
2019-07-11 17:24:08.739,10824,10825,10825,1,1
2019-07-11 17:24:09.932,10824,10825,10825,1,1
2019-07-11 17:24:10.619,10824,10825,10825,1,1
2019-07-11 17:24:11.097,10824,10825,10825,1,1
2019-07-11 17:24:14.409,10824,10825,10825,1,1
2019-07-11 17:24:14.412,10824,10825,10825,1,1
2019-07-11 17:24:16.376,10825,10826,10826,1,1
2019-07-11 17:24:16.561,10825,10826,10826,1,1
2019-07-11 17:24:25.274,10825,10826,10826,1,1
2019-07-11 17:24:25.660,10825,10826,10825,1,-1
2019-07-11 17:24:26.428,10825,10826,10826,1,1
2019-07-11 17:24:26.715,10825,10826,10826,1,1
2019-07-11 17:24:36.359,10825,10826,10825,1,-1
2019-07-11 17:24:40.310,10825,10826,10825,1,-1
2019-07-11 17:24:42.397,10825,10826,10826,1,1
2019-07-11 17:24:42.408,10825,10826,10825,1,-1
2019-07-11 17:24:43.484,10825,10826,10825,2,-2
2019-07-11 17:24:43.579,10825,10826,10825,5,-5
2019-07-11 17:24:44.256,10824,10825,10825,2,2
2019-07-11 17:24:44.596,10824,10825,10825,1,1
2019-07-11 17:24:45.692,10824,10825,10825,2,2
2019-07-11 17:24:54.161,10824,10825,10825,1,1
2019-07-11 17:24:55.126,10824,10826,10826,20,20
2019-07-11 17:24:57.110,10825,10826,10825,1,-1
2019-07-11 17:24:57.719,10825,10826,10826,3,3
2019-07-11 17:24:59.853,10825,10826,10826,5,5
2019-07-11 17:25:04.378,10825,10826,10826,1,1
2019-07-11 17:25:06.348,10825,10826,10826,1,1
2019-07-11 17:25:06.758,10825,10826,10826,2,2
2019-07-11 17:25:10.454,10825,10826,10826,5,5
2019-07-11 17:25:11.206,10825,10826,10826,2,2
2019-07-11 17:25:16.412,10825,10826,10825,11,-11
2019-07-11 17:25:18.318,10824,10825,10825,10,10
2019-07-11 17:25:19.608,10824,10825,10824,1,-1
2019-07-11 17:25:27.455,10824,10825,10825,1,1
2019-07-11 17:25:32.052,10824,10825,10825,1,1
2019-07-11 17:25:36.639,10824,10825,10825,1,1
2019-07-11 17:25:41.000,10824,10825,10824,10,-10
2019-07-11 17:25:43.916,10824,10825,10824,10,-10
2019-07-11 17:25:44.502,10823,10824,10824,1,1
2019-07-11 17:25:51.260,10823,10824,10824,4,4
2019-07-11 17:25:51.576,10823,10824,10823,10,-10
2019-07-11 17:25:55.066,10823,10824,10823,1,-1
2019-07-11 17:25:55.375,10823,10824,10823,1,-1
2019-07-11 17:25:57.310,10823,10824,10823,1,-1
2019-07-11 17:26:00.322,10823,10824,10823,1,-1
2019-07-11 17:26:04.949,10823,10824,10823,1,-1
2019-07-11 17:26:08.647,10823,10824,10823,2,-2
2019-07-11 17:26:47.772,10823,10824,10823,1,-1
2019-07-11 17:26:47.912,10823,10824,10823,1,-1
2019-07-11 17:26:48.579,10823,10824,10823,2,-2
2019-07-11 17:26:50.272,10823,10824,10823,1,-1
2019-07-11 17:26:50.287,10823,10824,10823,1,-1
2019-07-11 17:26:54.374,10823,10824,10823,1,-1
2019-07-11 17:27:16.500,10822,10823,10823,1,1
2019-07-11 17:27:18.001,10822,10823,10823,2,2
2019-07-11 17:27:18.528,10822,10823,10823,1,1
2019-07-11 17:27:20.587,10822,10823,10822,10,-10
2019-07-11 17:27:23.560,10822,10823,10822,1,-1
2019-07-11 17:27:24.954,10822,10823,10822,1,-1
2019-07-11 17:27:28.037,10822,10823,10822,1,-1
2019-07-11 17:27:29.075,10822,10823,10822,2,-2
2019-07-11 17:27:29.432,10822,10823,10822,1,-1
2019-07-11 17:27:29.576,10822,10823,10823,1,1
2019-07-11 17:27:29.818,10822,10823,10822,2,-2
2019-07-11 17:27:32.814,10822,10823,10822,1,-1
2019-07-11 17:27:37.963,10822,10823,10822,1,-1
2019-07-11 17:27:39.472,10822,10823,10822,1,-1
2019-07-11 17:27:40.186,10822,10823,10822,1,-1
2019-07-11 17:27:41.482,10822,10823,10822,1,-1
2019-07-11 17:27:44.196,10822,10823,10822,1,-1
2019-07-11 17:27:44.410,10822,10823,10822,2,-2
2019-07-11 17:27:45.722,10822,10823,10822,1,-1
2019-07-11 17:27:52.407,10822,10823,10822,2,-2
2019-07-11 17:27:58.915,10822,10823,10822,4,-4
2019-07-11 17:27:59.971,10822,10823,10822,1,-1
2019-07-11 17:28:00.731,10822,10823,10822,2,-2
2019-07-11 17:28:02.947,10822,10823,10822,2,-2
2019-07-11 17:28:05.428,10822,10823,10822,1,-1
2019-07-11 17:28:11.134,10822,10823,10822,1,-1
2019-07-11 17:28:12.502,10821,10822,10822,1,1
2019-07-11 17:28:14.076,10822,10823,10822,3,-3
2019-07-11 17:28:14.160,10822,10823,10822,2,-2
2019-07-11 17:28:21.031,10821,10822,10821,4,-4
2019-07-11 17:28:21.648,10821,10822,10821,1,-1
2019-07-11 17:28:23.409,10821,10822,10822,1,1
2019-07-11 17:28:31.846,10821,10822,10821,3,-3
2019-07-11 17:28:35.593,10821,10822,10821,1,-1
2019-07-11 17:28:39.095,10821,10822,10821,5,-5
2019-07-11 17:28:41.704,10821,10822,10821,4,-4
2019-07-11 17:28:43.674,10821,10822,10821,1,-1
2019-07-11 17:28:45.846,10821,10822,10821,1,-1
2019-07-11 17:28:52.485,10821,10822,10821,4,-4
2019-07-11 17:28:56.430,10821,10822,10821,1,-1
2019-07-11 17:28:58.994,10821,10822,10822,5,5
2019-07-11 17:29:16.554,10821,10822,10822,1,1
2019-07-11 17:29:16.823,10821,10822,10822,1,1
2019-07-11 17:29:32.037,10821,10822,10822,6,6
2019-07-11 17:29:33.301,10821,10822,10822,1,1
2019-07-11 17:29:37.964,10821,10822,10822,1,1
2019-07-11 17:30:00.151,10821,10822,10822,1,1
2019-07-11 17:30:00.158,10821,10822,10822,1,1
2019-07-11 17:30:00.162,10821,10822,10822,4,4
2019-07-11 17:30:00.163,10821,10822,10822,2,2
2019-07-11 17:30:00.163,10821,10822,10822,4,4
2019-07-11 17:30:00.163,10821,10822,10822,1,1
2019-07-11 17:30:00.163,10821,10822,10822,1,1
2019-07-11 17:30:00.617,10822,10823,10823,2,2
2019-07-11 17:30:00.618,10822,10823,10823,6,6
2019-07-11 17:30:01.065,10823,10824,10823,2,-2
2019-07-11 17:30:02.045,10823,10824,10824,1,1
2019-07-11 17:30:02.411,10823,10824,10824,2,2
2019-07-11 17:30:02.662,10823,10824,10824,2,2
2019-07-11 17:30:04.477,10823,10824,10824,1,1
2019-07-11 17:30:07.062,10823,10825,10825,1,1
2019-07-11 17:30:25.854,10823,10824,10824,4,4
2019-07-11 17:30:27.037,10823,10824,10824,1,1
2019-07-11 17:30:35.706,10824,10825,10824,4,-4
2019-07-11 17:30:45.616,10823,10824,10824,1,1
2019-07-11 17:30:45.662,10823,10824,10824,1,1
2019-07-11 17:30:45.662,10823,10824,10824,1,1
2019-07-11 17:30:45.787,10823,10824,10824,1,1
2019-07-11 17:30:51.315,10824,10825,10824,3,-3
2019-07-11 17:30:54.569,10824,10825,10825,1,1
2019-07-11 17:30:57.724,10824,10825,10825,1,1
2019-07-11 17:30:59.847,10824,10825,10825,1,1
2019-07-11 17:31:14.188,10824,10825,10824,3,-3
2019-07-11 17:31:24.418,10824,10825,10824,1,-1
2019-07-11 17:31:41.602,10824,10825,10824,1,-1
2019-07-11 17:31:44.947,10824,10825,10824,4,-4
2019-07-11 17:31:46.361,10824,10825,10824,1,-1
2019-07-11 17:31:48.499,10824,10825,10824,3,-3
2019-07-11 17:32:16.906,10823,10824,10824,3,3
2019-07-11 17:32:24.680,10823,10824,10824,1,1
2019-07-11 17:32:30.166,10823,10824,10823,9,-9
2019-07-11 17:32:38.027,10822,10823,10823,3,3
2019-07-11 17:32:44.889,10822,10823,10823,7,7
2019-07-11 17:32:59.494,10822,10823,10823,4,4
2019-07-11 17:33:05.918,10822,10823,10823,1,1
2019-07-11 17:33:06.268,10822,10823,10823,1,1
2019-07-11 17:33:41.666,10822,10823,10823,1,1
2019-07-11 17:33:48.606,10822,10823,10823,2,2
2019-07-11 17:34:21.177,10823,10824,10823,3,-3
2019-07-11 17:34:33.125,10823,10824,10823,1,-1
2019-07-11 17:34:49.591,10823,10824,10823,1,-1
2019-07-11 17:35:40.940,10823,10824,10824,1,1
2019-07-11 17:35:58.938,10823,10824,10824,2,2
2019-07-11 17:36:11.448,10823,10824,10824,2,2
2019-07-11 17:36:18.836,10823,10824,10824,2,2
2019-07-11 17:36:24.875,10823,10824,10824,3,3
2019-07-11 17:36:28.747,10823,10824,10824,2,2
2019-07-11 17:36:45.328,10823,10824,10824,1,1
2019-07-11 17:37:04.393,10823,10824,10824,1,1
2019-07-11 17:37:27.220,10823,10824,10824,3,3
2019-07-11 17:37:28.253,10823,10824,10824,1,1
2019-07-11 17:38:12.165,10823,10824,10824,1,1
2019-07-11 17:38:16.035,10823,10824,10824,2,2
2019-07-11 17:38:34.326,10823,10824,10824,1,1
2019-07-11 17:38:40.976,10823,10824,10824,1,1
2019-07-11 17:39:00.445,10823,10824,10824,1,1
2019-07-11 17:39:11.811,10823,10824,10823,1,-1
2019-07-11 17:39:19.572,10823,10824,10823,1,-1
2019-07-11 17:39:22.797,10823,10824,10823,2,-2
2019-07-11 17:39:29.357,10823,10824,10823,1,-1
2019-07-11 17:39:36.830,10823,10824,10823,1,-1
2019-07-11 17:39:39.515,10823,10824,10823,4,-4
2019-07-11 17:39:46.199,10823,10824,10823,5,-5
2019-07-11 17:40:20.780,10822,10823,10822,2,-2
2019-07-11 17:40:21.663,10822,10823,10823,3,3
2019-07-11 17:40:33.688,10822,10823,10822,3,-3
2019-07-11 17:40:47.489,10821,10822,10822,5,5
2019-07-11 17:40:47.773,10821,10822,10822,1,1
2019-07-11 17:40:48.029,10821,10822,10822,1,1
2019-07-11 17:40:48.250,10821,10822,10822,1,1
2019-07-11 17:41:18.652,10821,10822,10822,5,5
2019-07-11 17:41:32.296,10821,10822,10822,1,1
2019-07-11 17:41:35.181,10821,10822,10822,1,1
2019-07-11 17:41:41.048,10821,10822,10821,1,-1
2019-07-11 17:41:41.158,10821,10822,10822,1,1
2019-07-11 17:41:48.296,10821,10822,10822,1,1
2019-07-11 17:41:57.207,10821,10822,10822,5,5
2019-07-11 17:42:03.168,10821,10822,10822,3,3
2019-07-11 17:42:03.536,10822,10823,10822,1,-1
2019-07-11 17:42:04.734,10822,10823,10823,1,1
2019-07-11 17:42:08.130,10822,10823,10823,5,5
2019-07-11 17:42:08.577,10822,10823,10822,1,-1
2019-07-11 17:42:19.734,10822,10823,10822,1,-1
2019-07-11 17:42:23.529,10822,10823,10822,1,-1
2019-07-11 17:42:48.510,10821,10822,10822,1,1
2019-07-11 17:42:56.986,10821,10822,10822,1,1
2019-07-11 17:43:06.011,10821,10822,10822,1,1
2019-07-11 17:43:52.521,10821,10822,10822,2,2
2019-07-11 17:43:54.106,10821,10822,10822,1,1
2019-07-11 17:43:55.785,10821,10822,10821,1,-1
2019-07-11 17:44:05.774,10821,10822,10821,5,-5
2019-07-11 17:44:07.433,10821,10822,10821,2,-2
2019-07-11 17:44:07.481,10821,10822,10821,1,-1
2019-07-11 17:44:12.812,10821,10822,10821,1,-1
2019-07-11 17:44:18.094,10821,10822,10822,1,1
2019-07-11 17:44:29.732,10821,10822,10821,1,-1
2019-07-11 17:44:41.909,10821,10822,10822,3,3
2019-07-11 17:44:45.707,10821,10822,10822,1,1
2019-07-11 17:44:52.285,10821,10822,10822,3,3
2019-07-11 17:45:39.689,10821,10822,10822,1,1
2019-07-11 17:45:39.956,10821,10822,10821,1,-1
2019-07-11 17:45:49.899,10821,10822,10822,3,3
2019-07-11 17:45:49.899,10821,10822,10822,2,2
2019-07-11 17:45:49.899,10821,10822,10822,18,18
2019-07-11 17:45:49.899,10821,10822,10822,1,1
2019-07-11 17:45:53.912,10822,10823,10823,1,1
2019-07-11 17:45:53.912,10822,10823,10823,2,2
2019-07-11 17:45:53.913,10822,10823,10823,3,3
2019-07-11 17:46:17.263,10822,10823,10823,1,1
2019-07-11 17:46:20.020,10822,10823,10823,1,1
2019-07-11 17:46:25.159,10822,10823,10823,1,1
2019-07-11 17:46:26.537,10822,10823,10823,1,1
2019-07-11 17:46:26.662,10822,10823,10823,1,1
2019-07-11 17:46:29.390,10822,10823,10823,1,1
2019-07-11 17:46:48.604,10823,10824,10824,1,1
2019-07-11 17:46:52.012,10823,10824,10823,7,-7
2019-07-11 17:46:56.620,10822,10823,10822,1,-1
2019-07-11 17:47:14.057,10822,10823,10822,1,-1
2019-07-11 17:47:16.168,10822,10823,10823,5,5
2019-07-11 17:47:41.501,10822,10823,10823,1,1
2019-07-11 17:47:46.898,10822,10823,10823,1,1
2019-07-11 17:48:11.184,10822,10823,10823,1,1
2019-07-11 17:48:11.517,10822,10823,10823,1,1
2019-07-11 17:48:11.518,10822,10823,10823,1,1
2019-07-11 17:48:11.525,10822,10823,10823,6,6
2019-07-11 17:48:11.525,10822,10823,10823,1,1
2019-07-11 17:48:23.518,10823,10824,10824,1,1
2019-07-11 17:48:30.269,10823,10824,10823,8,-8
2019-07-11 17:48:30.308,10822,10823,10823,1,1
2019-07-11 17:48:33.373,10822,10823,10823,1,1
2019-07-11 17:48:38.577,10823,10824,10823,1,-1
2019-07-11 17:48:41.418,10823,10824,10823,1,-1
2019-07-11 17:48:45.344,10823,10824,10823,1,-1
2019-07-11 17:48:51.043,10823,10824,10823,1,-1
2019-07-11 17:48:57.897,10823,10824,10823,3,-3
2019-07-11 17:49:01.191,10822,10823,10823,1,1
2019-07-11 17:49:45.115,10822,10823,10823,1,1
2019-07-11 17:50:18.447,10822,10823,10823,1,1
2019-07-11 17:50:20.392,10822,10823,10823,1,1
2019-07-11 17:50:36.922,10822,10823,10823,1,1
2019-07-11 17:50:42.799,10823,10824,10823,2,-2
2019-07-11 17:50:45.113,10823,10824,10824,4,4
2019-07-11 17:50:52.401,10823,10824,10824,1,1
2019-07-11 17:51:00.225,10823,10824,10824,2,2
2019-07-11 17:51:00.332,10823,10824,10824,3,3
2019-07-11 17:51:29.412,10823,10824,10824,8,8
2019-07-11 17:51:29.537,10823,10824,10824,3,3
2019-07-11 17:51:33.206,10823,10824,10824,1,1
2019-07-11 17:51:35.138,10823,10824,10824,1,1
2019-07-11 17:51:37.200,10823,10824,10824,1,1
2019-07-11 17:51:39.319,10823,10824,10824,1,1
2019-07-11 17:51:44.724,10823,10824,10824,1,1
2019-07-11 17:51:45.774,10823,10824,10824,1,1
2019-07-11 17:51:50.799,10824,10825,10824,1,-1
2019-07-11 17:52:04.875,10824,10825,10824,1,-1
2019-07-11 17:52:08.860,10824,10825,10825,1,1
2019-07-11 17:52:09.529,10824,10825,10825,1,1
2019-07-11 17:52:23.514,10824,10825,10825,2,2
2019-07-11 17:52:29.144,10824,10825,10824,1,-1
2019-07-11 17:52:31.546,10824,10825,10824,1,-1
2019-07-11 17:52:36.823,10824,10825,10824,2,-2
2019-07-11 17:52:41.584,10824,10825,10824,1,-1
2019-07-11 17:52:42.745,10824,10825,10824,2,-2
2019-07-11 17:52:42.787,10824,10825,10824,1,-1
2019-07-11 17:52:56.950,10824,10825,10824,1,-1
2019-07-11 17:53:05.568,10824,10825,10824,1,-1
2019-07-11 17:53:09.287,10823,10824,10824,1,1
2019-07-11 17:53:09.298,10823,10824,10824,1,1
2019-07-11 17:53:15.316,10824,10825,10825,3,3
2019-07-11 17:53:49.848,10824,10825,10825,1,1
2019-07-11 17:54:21.062,10824,10825,10825,1,1
2019-07-11 17:54:22.792,10824,10825,10825,2,2
2019-07-11 17:54:27.045,10824,10825,10825,1,1
2019-07-11 17:54:29.431,10824,10825,10825,1,1
2019-07-11 17:54:35.195,10824,10825,10825,1,1
2019-07-11 17:54:35.806,10824,10825,10825,1,1
2019-07-11 17:54:43.921,10824,10825,10825,5,5
2019-07-11 17:54:51.022,10824,10825,10825,1,1
2019-07-11 17:54:53.172,10824,10825,10825,1,1
2019-07-11 17:55:03.969,10824,10825,10825,2,2
2019-07-11 17:55:10.371,10824,10825,10825,1,1
2019-07-11 17:55:42.183,10824,10825,10825,1,1
2019-07-11 17:55:52.112,10824,10825,10825,1,1
2019-07-11 17:55:52.912,10824,10825,10825,1,1
2019-07-11 17:56:01.655,10824,10825,10825,1,1
2019-07-11 17:56:01.748,10824,10825,10825,1,1
2019-07-11 17:56:01.828,10824,10825,10825,16,16
2019-07-11 17:56:02.155,10825,10826,10825,2,-2
2019-07-11 17:56:36.549,10825,10826,10826,1,1
2019-07-11 17:56:40.708,10825,10826,10825,1,-1
2019-07-11 17:56:44.987,10825,10826,10826,2,2
2019-07-11 17:56:51.100,10825,10826,10826,2,2
2019-07-11 17:57:07.559,10825,10826,10825,1,-1
2019-07-11 17:57:11.278,10825,10826,10825,1,-1
2019-07-11 17:57:19.148,10825,10826,10825,1,-1
2019-07-11 17:57:21.876,10825,10826,10825,1,-1
2019-07-11 17:57:28.742,10825,10826,10825,1,-1
2019-07-11 17:57:37.765,10825,10826,10825,1,-1
2019-07-11 17:58:25.752,10825,10826,10825,4,-4
2019-07-11 17:58:26.068,10825,10826,10825,1,-1
2019-07-11 17:58:36.138,10825,10826,10826,2,2
2019-07-11 17:58:37.852,10825,10826,10825,1,-1
2019-07-11 17:59:05.703,10825,10826,10825,1,-1
2019-07-11 17:59:05.922,10825,10826,10825,10,-10
2019-07-11 17:59:06.030,10825,10826,10825,2,-2
2019-07-11 17:59:06.037,10825,10826,10825,2,-2
2019-07-11 17:59:06.038,10825,10826,10825,3,-3
2019-07-11 17:59:06.038,10825,10826,10825,9,-9
2019-07-11 17:59:30.886,10824,10825,10825,1,1
2019-07-11 17:59:45.336,10824,10825,10824,5,-5
2019-07-11 17:59:49.632,10824,10825,10824,2,-2
2019-07-11 17:59:51.621,10824,10825,10824,1,-1
2019-07-11 17:59:53.030,10824,10825,10825,2,2
2019-07-11 17:59:58.275,10824,10825,10825,2,2
2019-07-11 17:59:58.611,10824,10825,10824,1,-1
2019-07-11 18:00:03.693,10824,10825,10825,2,2
2019-07-11 18:00:04.088,10824,10825,10825,2,2
2019-07-11 18:00:06.132,10824,10825,10825,1,1
2019-07-11 18:00:07.463,10824,10825,10824,1,-1
2019-07-11 18:00:08.252,10824,10825,10825,1,1
2019-07-11 18:00:10.025,10824,10825,10825,1,1
2019-07-11 18:00:10.245,10824,10825,10825,1,1
2019-07-11 18:00:13.792,10824,10825,10825,1,1
2019-07-11 18:00:30.032,10824,10825,10824,2,-2
2019-07-11 18:00:53.350,10824,10825,10824,1,-1
2019-07-11 18:00:53.528,10824,10825,10825,5,5
2019-07-11 18:01:04.880,10824,10825,10825,5,5
2019-07-11 18:01:05.862,10824,10825,10825,1,1
2019-07-11 18:01:08.505,10824,10825,10825,2,2
2019-07-11 18:01:29.162,10824,10825,10824,23,-23
2019-07-11 18:01:29.287,10824,10825,10824,22,-22
2019-07-11 18:01:29.287,10824,10825,10824,4,-4
2019-07-11 18:01:29.287,10824,10825,10824,4,-4
2019-07-11 18:01:29.287,10824,10825,10824,1,-1
2019-07-11 18:01:29.287,10824,10825,10824,2,-2
2019-07-11 18:01:29.287,10824,10825,10824,4,-4
2019-07-11 18:02:18.667,10823,10824,10824,10,10
2019-07-11 18:02:22.068,10824,10825,10824,1,-1
2019-07-11 18:02:23.909,10824,10825,10824,2,-2
2019-07-11 18:02:25.162,10824,10825,10824,2,-2
2019-07-11 18:02:29.676,10824,10825,10824,1,-1
2019-07-11 18:02:30.355,10823,10824,10824,1,1
2019-07-11 18:02:30.927,10823,10824,10824,1,1
2019-07-11 18:02:31.191,10823,10824,10824,1,1
2019-07-11 18:02:31.625,10823,10824,10824,2,2
2019-07-11 18:02:31.625,10823,10824,10824,1,1
2019-07-11 18:02:31.626,10823,10824,10824,1,1
2019-07-11 18:02:52.897,10824,10825,10824,1,-1
2019-07-11 18:03:17.214,10823,10824,10824,10,10
2019-07-11 18:03:42.628,10823,10824,10823,1,-1
2019-07-11 18:03:43.182,10823,10824,10823,2,-2
2019-07-11 18:03:43.287,10823,10824,10823,1,-1
2019-07-11 18:03:44.928,10823,10824,10823,5,-5
2019-07-11 18:03:45.037,10823,10824,10823,2,-2
2019-07-11 18:03:45.037,10823,10824,10823,1,-1
2019-07-11 18:03:45.123,10823,10824,10823,1,-1
2019-07-11 18:03:45.128,10823,10824,10823,6,-6
2019-07-11 18:03:48.421,10822,10823,10823,1,1
2019-07-11 18:04:26.520,10822,10823,10823,1,1
2019-07-11 18:04:30.200,10822,10823,10823,1,1
2019-07-11 18:04:33.989,10822,10823,10823,1,1
2019-07-11 18:04:39.375,10822,10823,10823,4,4
2019-07-11 18:04:40.385,10823,10824,10823,3,-3
2019-07-11 18:05:10.741,10822,10823,10822,40,-40
2019-07-11 18:05:10.787,10822,10823,10822,1,-1
2019-07-11 18:05:10.787,10822,10823,10822,1,-1
2019-07-11 18:05:10.787,10822,10823,10822,1,-1
2019-07-11 18:05:11.414,10821,10822,10822,2,2
2019-07-11 18:05:18.885,10821,10822,10821,1,-1
2019-07-11 18:05:22.205,10821,10822,10821,1,-1
2019-07-11 18:05:22.318,10821,10822,10822,1,1
2019-07-11 18:05:43.942,10821,10822,10822,1,1
2019-07-11 18:05:47.682,10821,10822,10822,1,1
2019-07-11 18:05:51.276,10821,10822,10822,1,1
2019-07-11 18:05:55.418,10821,10822,10822,5,5
2019-07-11 18:05:56.002,10821,10822,10822,5,5
2019-07-11 18:06:16.064,10821,10822,10821,1,-1
2019-07-11 18:06:18.581,10821,10822,10821,30,-30
2019-07-11 18:06:23.103,10821,10822,10821,1,-1
2019-07-11 18:06:24.194,10821,10822,10821,1,-1
2019-07-11 18:06:47.505,10821,10822,10821,2,-2
2019-07-11 18:06:55.165,10821,10822,10821,2,-2
2019-07-11 18:06:57.898,10821,10822,10821,1,-1
2019-07-11 18:07:10.607,10821,10822,10821,1,-1
2019-07-11 18:07:33.025,10821,10822,10822,1,1
2019-07-11 18:07:34.393,10821,10822,10821,5,-5
2019-07-11 18:07:34.414,10821,10822,10821,5,-5
2019-07-11 18:07:39.229,10821,10822,10821,1,-1
2019-07-11 18:07:39.234,10821,10822,10821,4,-4
2019-07-11 18:07:41.174,10820,10821,10821,2,2
2019-07-11 18:07:44.060,10820,10821,10820,29,-29
2019-07-11 18:07:44.206,10820,10821,10820,1,-1
2019-07-11 18:07:44.287,10820,10821,10820,1,-1
2019-07-11 18:07:44.287,10820,10821,10820,1,-1
2019-07-11 18:07:44.314,10820,10821,10820,1,-1
2019-07-11 18:07:45.653,10820,10821,10820,5,-5
2019-07-11 18:07:45.728,10820,10821,10820,1,-1
2019-07-11 18:07:45.728,10820,10821,10820,1,-1
2019-07-11 18:07:45.728,10820,10821,10820,10,-10
2019-07-11 18:07:45.728,10820,10821,10820,17,-17
2019-07-11 18:07:45.787,10820,10821,10820,1,-1
2019-07-11 18:07:47.024,10819,10820,10819,1,-1
2019-07-11 18:07:47.121,10819,10820,10819,1,-1
2019-07-11 18:07:48.772,10819,10820,10820,5,5
2019-07-11 18:07:55.731,10819,10820,10820,1,1
2019-07-11 18:07:58.493,10819,10820,10820,3,3
2019-07-11 18:08:00.218,10819,10820,10820,1,1
2019-07-11 18:08:01.606,10819,10821,10819,1,-1
2019-07-11 18:08:11.620,10819,10820,10819,2,-2
2019-07-11 18:08:12.781,10819,10820,10819,1,-1
2019-07-11 18:08:15.050,10819,10820,10820,2,2
2019-07-11 18:08:18.484,10819,10821,10819,1,-1
2019-07-11 18:08:24.614,10819,10820,10820,1,1
2019-07-11 18:08:24.776,10820,10821,10820,1,-1
2019-07-11 18:08:24.794,10819,10821,10819,2,-2
2019-07-11 18:08:25.802,10819,10820,10820,1,1
2019-07-11 18:08:28.037,10819,10820,10820,1,1
2019-07-11 18:08:28.038,10819,10820,10820,2,2
2019-07-11 18:08:28.038,10819,10820,10820,1,1
2019-07-11 18:08:28.289,10819,10820,10820,1,1
2019-07-11 18:08:32.389,10820,10821,10820,1,-1
2019-07-11 18:08:34.530,10820,10821,10820,5,-5
2019-07-11 18:08:40.234,10820,10821,10820,1,-1
2019-07-11 18:08:42.386,10820,10821,10820,2,-2
2019-07-11 18:08:43.893,10820,10821,10820,1,-1
2019-07-11 18:08:54.465,10820,10821,10820,1,-1
2019-07-11 18:09:01.384,10820,10821,10820,1,-1
2019-07-11 18:09:32.583,10820,10821,10820,1,-1
2019-07-11 18:10:36.055,10820,10821,10821,3,3
2019-07-11 18:10:36.643,10820,10821,10821,1,1
2019-07-11 18:10:36.942,10820,10821,10821,1,1
2019-07-11 18:10:39.630,10820,10821,10821,1,1
2019-07-11 18:10:49.277,10820,10821,10821,1,1
2019-07-11 18:11:28.121,10820,10821,10821,1,1
2019-07-11 18:11:46.263,10820,10821,10821,1,1
2019-07-11 18:11:46.342,10820,10821,10820,9,-9
2019-07-11 18:11:59.456,10820,10821,10820,1,-1
2019-07-11 18:12:10.408,10820,10821,10820,1,-1
2019-07-11 18:12:21.699,10820,10821,10820,2,-2
2019-07-11 18:12:28.389,10820,10821,10820,2,-2
2019-07-11 18:12:31.451,10820,10821,10820,8,-8
2019-07-11 18:12:31.537,10820,10821,10820,1,-1
2019-07-11 18:12:48.684,10820,10821,10820,1,-1
2019-07-11 18:13:02.069,10820,10821,10820,2,-2
2019-07-11 18:13:09.145,10820,10821,10820,1,-1
2019-07-11 18:13:16.921,10820,10821,10820,1,-1
2019-07-11 18:13:43.574,10820,10821,10821,11,11
2019-07-11 18:13:43.575,10820,10821,10821,2,2
2019-07-11 18:13:43.662,10820,10821,10821,1,1
2019-07-11 18:13:46.953,10821,10822,10821,5,-5
2019-07-11 18:13:47.167,10820,10821,10821,1,1
2019-07-11 18:13:49.708,10820,10821,10821,1,1
2019-07-11 18:13:51.266,10820,10821,10820,1,-1
2019-07-11 18:14:01.988,10820,10821,10820,1,-1
2019-07-11 18:14:04.728,10820,10821,10820,3,-3
2019-07-11 18:14:20.697,10819,10820,10820,1,1
2019-07-11 18:14:25.688,10819,10820,10819,2,-2
2019-07-11 18:14:25.807,10819,10820,10819,3,-3
2019-07-11 18:14:29.273,10819,10820,10820,1,1
2019-07-11 18:14:30.851,10820,10821,10820,1,-1
2019-07-11 18:14:37.039,10820,10821,10820,1,-1
2019-07-11 18:14:42.076,10820,10821,10820,1,-1
2019-07-11 18:14:42.149,10820,10821,10820,1,-1
2019-07-11 18:14:42.434,10819,10820,10820,1,1
2019-07-11 18:15:03.442,10819,10820,10820,1,1
2019-07-11 18:15:09.627,10819,10820,10819,2,-2
2019-07-11 18:15:19.570,10819,10820,10819,1,-1
2019-07-11 18:15:27.536,10819,10820,10820,1,1
2019-07-11 18:15:40.991,10819,10820,10820,1,1
2019-07-11 18:15:55.787,10819,10820,10820,1,1
2019-07-11 18:15:55.912,10819,10820,10820,1,1
2019-07-11 18:15:56.037,10819,10820,10820,1,1
2019-07-11 18:15:57.965,10819,10820,10820,1,1
2019-07-11 18:16:23.313,10819,10820,10820,1,1
2019-07-11 18:16:33.616,10819,10820,10820,1,1
2019-07-11 18:16:56.719,10819,10820,10820,1,1
2019-07-11 18:17:24.280,10819,10820,10819,2,-2
2019-07-11 18:17:24.287,10819,10820,10819,20,-20
2019-07-11 18:17:24.289,10819,10820,10819,17,-17
2019-07-11 18:17:24.289,10819,10820,10819,1,-1
2019-07-11 18:17:24.345,10819,10820,10819,11,-11
2019-07-11 18:17:24.412,10819,10820,10819,4,-4
2019-07-11 18:17:24.412,10819,10820,10819,6,-6
2019-07-11 18:17:24.413,10819,10820,10819,1,-1
2019-07-11 18:17:34.176,10818,10819,10818,1,-1
2019-07-11 18:17:34.532,10818,10819,10818,1,-1
2019-07-11 18:17:34.829,10818,10819,10818,4,-4
2019-07-11 18:17:37.776,10818,10819,10818,8,-8
2019-07-11 18:17:48.516,10818,10819,10818,2,-2
2019-07-11 18:17:48.674,10818,10819,10818,1,-1
2019-07-11 18:17:51.798,10818,10819,10818,25,-25
2019-07-11 18:17:52.977,10818,10819,10818,1,-1
2019-07-11 18:17:54.843,10818,10819,10818,2,-2
2019-07-11 18:17:56.392,10818,10819,10818,1,-1
2019-07-11 18:18:00.445,10818,10819,10819,2,2
2019-07-11 18:18:11.675,10818,10819,10819,1,1
2019-07-11 18:18:15.163,10818,10819,10819,2,2
2019-07-11 18:18:18.798,10818,10819,10818,2,-2
2019-07-11 18:18:20.552,10818,10819,10818,1,-1
2019-07-11 18:18:27.727,10818,10819,10818,1,-1
2019-07-11 18:18:27.828,10818,10819,10818,2,-2
2019-07-11 18:18:33.159,10818,10819,10818,8,-8
2019-07-11 18:18:34.287,10817,10818,10818,1,1
2019-07-11 18:18:34.591,10818,10819,10818,7,-7
2019-07-11 18:18:34.662,10817,10818,10818,1,1
2019-07-11 18:18:34.664,10817,10818,10818,8,8
2019-07-11 18:18:56.551,10818,10819,10818,1,-1
2019-07-11 18:19:17.904,10818,10819,10819,2,2
2019-07-11 18:19:54.018,10818,10819,10819,1,1
2019-07-11 18:19:54.400,10818,10819,10818,18,-18
2019-07-11 18:20:00.930,10818,10819,10818,1,-1
2019-07-11 18:20:01.088,10818,10819,10818,4,-4
2019-07-11 18:20:01.089,10818,10819,10818,1,-1
2019-07-11 18:20:01.089,10818,10819,10818,5,-5
2019-07-11 18:20:01.277,10817,10818,10817,2,-2
2019-07-11 18:20:01.427,10817,10818,10817,1,-1
2019-07-11 18:20:01.439,10817,10818,10817,1,-1
2019-07-11 18:20:05.932,10817,10818,10817,1,-1
2019-07-11 18:20:09.168,10817,10818,10817,1,-1
2019-07-11 18:20:09.999,10817,10818,10817,1,-1
2019-07-11 18:20:15.618,10817,10818,10817,1,-1
2019-07-11 18:20:16.786,10817,10818,10817,2,-2
2019-07-11 18:20:18.563,10817,10818,10817,2,-2
2019-07-11 18:20:22.664,10817,10818,10817,1,-1
2019-07-11 18:20:25.519,10817,10818,10818,1,1
2019-07-11 18:20:27.308,10817,10818,10817,2,-2
2019-07-11 18:20:29.601,10817,10818,10817,1,-1
2019-07-11 18:20:34.387,10817,10818,10817,2,-2
2019-07-11 18:20:37.789,10817,10818,10818,5,5
2019-07-11 18:20:45.532,10817,10818,10818,1,1
2019-07-11 18:20:51.039,10817,10818,10818,5,5
2019-07-11 18:20:51.162,10817,10818,10818,6,6
2019-07-11 18:21:01.781,10818,10819,10818,4,-4
2019-07-11 18:21:04.037,10817,10818,10818,1,1
2019-07-11 18:21:08.708,10817,10818,10817,2,-2
2019-07-11 18:21:10.640,10817,10818,10817,5,-5
2019-07-11 18:21:11.781,10817,10818,10818,1,1
2019-07-11 18:21:21.804,10817,10818,10818,2,2
2019-07-11 18:21:22.787,10817,10818,10818,1,1
2019-07-11 18:21:24.894,10817,10818,10818,1,1
2019-07-11 18:21:26.607,10817,10818,10817,10,-10
2019-07-11 18:21:27.702,10817,10818,10817,10,-10
2019-07-11 18:21:30.962,10817,10818,10817,2,-2
2019-07-11 18:21:31.461,10817,10818,10817,4,-4
2019-07-11 18:21:35.815,10817,10818,10817,1,-1
2019-07-11 18:21:41.031,10817,10818,10818,8,8
2019-07-11 18:21:52.070,10818,10819,10818,1,-1
2019-07-11 18:21:52.749,10818,10819,10818,1,-1
2019-07-11 18:21:56.200,10818,10819,10818,1,-1
2019-07-11 18:21:56.840,10818,10819,10819,1,1
2019-07-11 18:21:57.487,10818,10819,10819,6,6
2019-07-11 18:21:57.487,10818,10819,10819,2,2
2019-07-11 18:21:57.493,10818,10819,10819,3,3
2019-07-11 18:21:57.495,10818,10819,10819,6,6
2019-07-11 18:21:57.495,10818,10819,10819,4,4
2019-07-11 18:21:57.537,10818,10819,10819,5,5
2019-07-11 18:21:57.537,10818,10819,10819,3,3
2019-07-11 18:21:57.537,10818,10819,10819,1,1
2019-07-11 18:21:57.537,10818,10819,10819,2,2
2019-07-11 18:21:57.537,10818,10819,10819,4,4
2019-07-11 18:21:57.537,10818,10819,10819,2,2
2019-07-11 18:21:57.538,10818,10819,10819,4,4
2019-07-11 18:21:57.538,10818,10819,10819,2,2
2019-07-11 18:22:08.809,10819,10820,10819,1,-1
2019-07-11 18:22:12.062,10819,10820,10820,1,1
2019-07-11 18:22:18.479,10819,10820,10819,1,-1
2019-07-11 18:22:20.980,10819,10820,10819,2,-2
2019-07-11 18:22:23.804,10819,10820,10820,1,1
2019-07-11 18:22:36.740,10819,10820,10819,2,-2
2019-07-11 18:22:51.414,10818,10819,10819,2,2
2019-07-11 18:23:46.835,10818,10819,10819,1,1
2019-07-11 18:24:17.153,10818,10819,10819,1,1
2019-07-11 18:24:23.589,10818,10819,10819,1,1
2019-07-11 18:24:31.614,10818,10819,10818,1,-1
2019-07-11 18:24:54.894,10818,10819,10818,3,-3
2019-07-11 18:25:24.306,10818,10819,10818,1,-1
2019-07-11 18:26:01.986,10818,10819,10818,1,-1
2019-07-11 18:27:05.101,10818,10819,10818,6,-6
2019-07-11 18:27:20.460,10818,10819,10818,1,-1
2019-07-11 18:27:25.349,10818,10819,10818,2,-2
2019-07-11 18:27:25.909,10818,10819,10818,2,-2
2019-07-11 18:27:27.385,10818,10819,10819,1,1
2019-07-11 18:28:10.340,10818,10819,10819,1,1
2019-07-11 18:28:10.939,10818,10819,10818,1,-1
2019-07-11 18:28:37.631,10818,10819,10818,1,-1
2019-07-11 18:28:38.735,10818,10819,10818,1,-1
2019-07-11 18:28:45.360,10818,10819,10818,1,-1
2019-07-11 18:28:58.132,10818,10819,10818,1,-1
2019-07-11 18:29:05.741,10818,10819,10818,1,-1
2019-07-11 18:29:05.787,10818,10819,10818,1,-1
2019-07-11 18:29:07.023,10818,10819,10818,1,-1
