2020-02-12 15:00:00.015,11779,11780,11780,73
2020-02-12 15:00:00.125,11779,11780,11780,4
2020-02-12 15:00:00.567,11779,11780,11780,2
2020-02-12 15:00:00.888,11779,11780,11780,1
2020-02-12 15:00:00.897,11779,11780,11779,1
2020-02-12 15:00:01.211,11779,11780,11780,6
2020-02-12 15:00:01.242,11779,11780,11779,2
2020-02-12 15:00:01.440,11779,11780,11780,1
2020-02-12 15:00:01.559,11779,11780,11779,1
2020-02-12 15:00:01.611,11779,11780,11780,1
2020-02-12 15:00:01.646,11779,11780,11780,1
2020-02-12 15:00:01.764,11778,11780,11780,12
2020-02-12 15:00:01.802,11779,11780,11780,8
2020-02-12 15:00:01.802,11779,11780,11780,1
2020-02-12 15:00:01.943,11779,11781,11781,1
2020-02-12 15:00:02.130,11780,11781,11781,1
2020-02-12 15:00:02.235,11780,11781,11781,1
2020-02-12 15:00:02.682,11780,11781,11780,1
2020-02-12 15:00:04.052,11780,11781,11780,1
2020-02-12 15:00:04.468,11780,11781,11780,1
2020-02-12 15:00:05.150,11780,11781,11780,1
2020-02-12 15:00:05.984,11780,11781,11780,1
2020-02-12 15:00:06.567,11779,11780,11780,1
2020-02-12 15:00:06.627,11779,11780,11781,1
2020-02-12 15:00:06.960,11780,11781,11780,1
2020-02-12 15:00:07.985,11780,11781,11780,3
2020-02-12 15:00:08.650,11780,11781,11780,1
2020-02-12 15:00:08.650,11780,11781,11779,9
2020-02-12 15:00:09.175,11779,11780,11780,1
2020-02-12 15:00:09.540,11779,11780,11779,1
2020-02-12 15:00:10.208,11779,11780,11779,2
2020-02-12 15:00:10.208,11779,11780,11778,8
2020-02-12 15:00:10.447,11778,11780,11779,1
2020-02-12 15:00:10.447,11778,11780,11780,1
2020-02-12 15:00:10.490,11778,11780,11780,4
2020-02-12 15:00:11.712,11779,11780,11779,1
2020-02-12 15:00:11.735,11779,11780,11779,1
2020-02-12 15:00:11.851,11778,11779,11779,3
2020-02-12 15:00:11.897,11778,11779,11778,1
2020-02-12 15:00:12.940,11779,11780,11779,1
2020-02-12 15:00:13.054,11779,11780,11780,21
2020-02-12 15:00:13.318,11779,11780,11780,1
2020-02-12 15:00:13.493,11779,11781,11780,1
2020-02-12 15:00:13.493,11779,11781,11779,4
2020-02-12 15:00:13.805,11780,11781,11781,1
2020-02-12 15:00:14.342,11780,11781,11780,1
2020-02-12 15:00:14.342,11780,11781,11779,8
2020-02-12 15:00:14.342,11780,11781,11778,1
2020-02-12 15:00:14.802,11778,11779,11779,1
2020-02-12 15:00:15.446,11779,11780,11779,1
2020-02-12 15:00:15.773,11778,11780,11780,1
2020-02-12 15:00:15.861,11778,11780,11780,1
2020-02-12 15:00:16.302,11779,11780,11780,4
2020-02-12 15:00:17.418,11779,11780,11780,2
2020-02-12 15:00:18.666,11779,11780,11779,2
2020-02-12 15:00:18.962,11779,11780,11780,4
2020-02-12 15:00:19.092,11779,11780,11780,1
2020-02-12 15:00:19.100,11779,11780,11780,1
2020-02-12 15:00:20.437,11779,11780,11779,1
2020-02-12 15:00:20.453,11779,11780,11779,1
2020-02-12 15:00:20.552,11779,11780,11779,1
2020-02-12 15:00:21.350,11778,11779,11779,5
2020-02-12 15:00:21.350,11778,11779,11780,20
2020-02-12 15:00:23.025,11779,11780,11779,4
2020-02-12 15:00:23.025,11779,11780,11779,1
2020-02-12 15:00:23.177,11778,11779,11779,1
2020-02-12 15:00:25.524,11778,11779,11779,4
2020-02-12 15:00:27.644,11778,11779,11779,1
2020-02-12 15:00:30.341,11778,11779,11779,1
2020-02-12 15:00:30.777,11778,11779,11778,1
2020-02-12 15:00:33.820,11778,11779,11779,1
2020-02-12 15:00:34.337,11778,11779,11778,1
2020-02-12 15:00:34.870,11778,11779,11778,1
2020-02-12 15:00:35.446,11778,11779,11778,1
2020-02-12 15:00:35.563,11778,11779,11778,1
2020-02-12 15:00:35.936,11778,11779,11778,1
2020-02-12 15:00:37.187,11778,11779,11778,4
2020-02-12 15:00:37.258,11778,11779,11779,5
2020-02-12 15:00:38.530,11778,11779,11778,1
2020-02-12 15:00:40.280,11778,11779,11778,2
2020-02-12 15:00:40.681,11778,11779,11778,1
2020-02-12 15:00:40.733,11778,11779,11778,6
2020-02-12 15:00:41.042,11778,11779,11778,1
2020-02-12 15:00:41.264,11778,11779,11778,4
2020-02-12 15:00:41.581,11778,11779,11778,1
2020-02-12 15:00:41.581,11778,11779,11778,1
2020-02-12 15:00:42.009,11777,11778,11778,1
2020-02-12 15:00:42.488,11777,11778,11778,3
2020-02-12 15:00:42.488,11777,11778,11779,1
2020-02-12 15:00:42.903,11777,11779,11779,1
2020-02-12 15:00:45.716,11778,11779,11778,1
2020-02-12 15:00:46.820,11778,11779,11778,1
2020-02-12 15:00:46.945,11778,11779,11779,1
2020-02-12 15:00:48.677,11778,11779,11779,1
2020-02-12 15:00:48.686,11778,11779,11779,1
2020-02-12 15:00:48.687,11778,11779,11779,6
2020-02-12 15:00:48.802,11778,11779,11779,5
2020-02-12 15:00:48.802,11778,11779,11779,2
2020-02-12 15:00:48.818,11778,11779,11779,7
2020-02-12 15:00:49.428,11779,11780,11779,8
2020-02-12 15:00:55.712,11779,11780,11779,2
2020-02-12 15:00:55.790,11779,11780,11779,1
2020-02-12 15:00:56.296,11779,11780,11780,1
2020-02-12 15:00:58.848,11779,11780,11779,1
2020-02-12 15:00:59.993,11779,11780,11779,5
2020-02-12 15:01:00.039,11779,11780,11780,1
2020-02-12 15:01:00.121,11779,11780,11779,1
2020-02-12 15:01:00.186,11778,11780,11780,2
2020-02-12 15:01:00.208,11778,11780,11778,1
2020-02-12 15:01:00.552,11778,11779,11779,1
2020-02-12 15:01:02.436,11779,11780,11779,3
2020-02-12 15:01:05.374,11779,11780,11779,1
2020-02-12 15:01:10.339,11779,11780,11780,25
2020-02-12 15:01:10.442,11779,11780,11780,3
2020-02-12 15:01:11.411,11780,11781,11780,2
2020-02-12 15:01:11.904,11780,11781,11780,4
2020-02-12 15:01:11.936,11780,11781,11781,1
2020-02-12 15:01:12.679,11780,11781,11781,1
2020-02-12 15:01:12.989,11780,11781,11781,10
2020-02-12 15:01:12.990,11780,11781,11781,2
2020-02-12 15:01:13.000,11780,11781,11781,3
2020-02-12 15:01:13.984,11780,11782,11782,8
2020-02-12 15:01:17.600,11781,11782,11781,1
2020-02-12 15:01:19.343,11781,11782,11782,2
2020-02-12 15:01:21.332,11781,11782,11782,1
2020-02-12 15:01:21.644,11781,11782,11781,2
2020-02-12 15:01:22.511,11781,11782,11782,1
2020-02-12 15:01:22.934,11781,11782,11781,1
2020-02-12 15:01:23.579,11781,11782,11782,3
2020-02-12 15:01:24.328,11781,11782,11782,2
2020-02-12 15:01:24.442,11781,11782,11782,2
2020-02-12 15:01:25.070,11782,11783,11782,1
2020-02-12 15:01:25.163,11782,11783,11782,1
2020-02-12 15:01:25.474,11781,11782,11782,1
2020-02-12 15:01:27.958,11781,11782,11782,8
2020-02-12 15:01:29.924,11782,11783,11783,2
2020-02-12 15:01:30.197,11782,11783,11783,1
2020-02-12 15:01:30.589,11782,11783,11782,1
2020-02-12 15:01:32.901,11782,11783,11783,2
2020-02-12 15:01:33.692,11782,11783,11782,1
2020-02-12 15:01:36.070,11782,11783,11783,1
2020-02-12 15:01:37.085,11782,11783,11783,1
2020-02-12 15:01:37.507,11782,11783,11782,2
2020-02-12 15:01:37.552,11782,11783,11782,1
2020-02-12 15:01:39.420,11782,11783,11782,2
2020-02-12 15:01:39.757,11782,11783,11782,4
2020-02-12 15:01:41.984,11781,11782,11782,1
2020-02-12 15:01:42.664,11781,11782,11782,1
2020-02-12 15:01:42.747,11781,11782,11782,1
2020-02-12 15:01:44.946,11781,11782,11782,2
2020-02-12 15:01:45.192,11781,11782,11782,1
2020-02-12 15:01:47.521,11781,11782,11782,1
2020-02-12 15:01:47.735,11781,11782,11782,2
2020-02-12 15:01:48.934,11781,11782,11782,1
2020-02-12 15:01:50.149,11781,11782,11782,1
2020-02-12 15:01:55.694,11781,11782,11781,1
2020-02-12 15:01:55.957,11781,11782,11782,2
2020-02-12 15:01:59.768,11781,11782,11782,3
2020-02-12 15:01:59.956,11781,11782,11781,2
2020-02-12 15:02:00.571,11781,11782,11782,1
2020-02-12 15:02:00.583,11781,11782,11782,4
2020-02-12 15:02:01.232,11782,11783,11783,1
2020-02-12 15:02:02.294,11782,11783,11782,1
2020-02-12 15:02:10.557,11781,11782,11782,1
2020-02-12 15:02:10.653,11781,11782,11782,3
2020-02-12 15:02:12.204,11781,11782,11782,1
2020-02-12 15:02:12.905,11781,11782,11782,1
2020-02-12 15:02:13.913,11781,11782,11782,2
2020-02-12 15:02:13.913,11781,11782,11783,3
2020-02-12 15:02:15.553,11781,11782,11782,1
2020-02-12 15:02:17.845,11782,11783,11783,2
2020-02-12 15:02:18.302,11782,11783,11782,1
2020-02-12 15:02:18.319,11782,11783,11783,1
2020-02-12 15:02:19.685,11781,11782,11781,1
2020-02-12 15:02:20.259,11781,11782,11782,2
2020-02-12 15:02:20.302,11781,11782,11782,2
2020-02-12 15:02:22.308,11782,11783,11783,2
2020-02-12 15:02:23.522,11782,11783,11783,4
2020-02-12 15:02:24.047,11782,11783,11782,1
2020-02-12 15:02:24.622,11782,11783,11782,1
2020-02-12 15:02:25.590,11782,11783,11783,1
2020-02-12 15:02:27.317,11782,11783,11783,1
2020-02-12 15:02:29.747,11782,11783,11783,1
2020-02-12 15:02:29.901,11782,11783,11783,2
2020-02-12 15:02:30.836,11782,11783,11783,1
2020-02-12 15:02:31.204,11782,11784,11782,1
2020-02-12 15:02:31.333,11782,11784,11782,1
2020-02-12 15:02:34.955,11782,11784,11784,1
2020-02-12 15:02:35.073,11782,11784,11784,1
2020-02-12 15:02:35.654,11783,11784,11784,1
2020-02-12 15:02:35.787,11783,11784,11783,5
2020-02-12 15:02:38.190,11783,11784,11783,1
2020-02-12 15:02:39.039,11783,11784,11784,1
2020-02-12 15:02:42.165,11783,11784,11783,1
2020-02-12 15:02:44.785,11783,11784,11784,2
2020-02-12 15:02:45.019,11783,11784,11783,1
2020-02-12 15:02:45.407,11783,11784,11784,1
2020-02-12 15:02:46.911,11783,11784,11784,1
2020-02-12 15:02:47.146,11783,11784,11784,1
2020-02-12 15:02:48.465,11783,11784,11784,1
2020-02-12 15:02:49.951,11783,11784,11784,3
2020-02-12 15:02:51.788,11783,11784,11784,1
2020-02-12 15:02:54.121,11783,11784,11783,7
2020-02-12 15:02:54.763,11783,11784,11783,1
2020-02-12 15:02:55.368,11783,11784,11784,2
2020-02-12 15:03:00.837,11783,11784,11783,1
2020-02-12 15:03:01.330,11783,11784,11783,1
2020-02-12 15:03:01.331,11783,11784,11783,1
2020-02-12 15:03:01.427,11783,11784,11783,1
2020-02-12 15:03:02.892,11782,11783,11783,3
2020-02-12 15:03:03.632,11782,11783,11783,1
2020-02-12 15:03:03.717,11782,11783,11783,1
2020-02-12 15:03:10.667,11782,11783,11783,1
2020-02-12 15:03:10.859,11782,11783,11783,4
2020-02-12 15:03:11.387,11782,11783,11783,3
2020-02-12 15:03:19.357,11782,11783,11783,1
2020-02-12 15:03:21.833,11782,11783,11782,1
2020-02-12 15:03:22.374,11782,11783,11782,1
2020-02-12 15:03:23.588,11782,11783,11782,1
2020-02-12 15:03:24.344,11782,11783,11782,1
2020-02-12 15:03:25.122,11782,11783,11782,1
2020-02-12 15:03:26.519,11782,11783,11782,1
2020-02-12 15:03:28.348,11782,11783,11782,3
2020-02-12 15:03:31.907,11782,11783,11783,1
2020-02-12 15:03:34.701,11782,11783,11782,1
2020-02-12 15:03:37.527,11782,11783,11782,1
2020-02-12 15:03:39.274,11782,11783,11782,9
2020-02-12 15:03:39.302,11782,11783,11782,6
2020-02-12 15:03:39.484,11781,11782,11782,1
2020-02-12 15:03:39.507,11781,11782,11782,1
2020-02-12 15:03:39.665,11781,11782,11782,2
2020-02-12 15:03:40.322,11781,11782,11782,1
2020-02-12 15:03:41.720,11781,11782,11782,4
2020-02-12 15:03:44.677,11782,11783,11782,1
2020-02-12 15:03:48.501,11781,11782,11781,1
2020-02-12 15:03:50.620,11781,11782,11782,1
2020-02-12 15:03:52.066,11781,11782,11781,1
2020-02-12 15:03:53.168,11781,11782,11782,1
2020-02-12 15:03:53.804,11781,11782,11782,1
2020-02-12 15:03:56.929,11781,11782,11782,1
2020-02-12 15:03:59.549,11781,11782,11782,1
2020-02-12 15:04:02.000,11781,11782,11782,1
2020-02-12 15:04:02.307,11781,11782,11781,2
2020-02-12 15:04:11.495,11781,11782,11782,1
2020-02-12 15:04:21.414,11781,11782,11782,1
2020-02-12 15:04:21.878,11781,11782,11781,1
2020-02-12 15:04:27.436,11781,11782,11782,2
2020-02-12 15:04:27.689,11781,11782,11782,1
2020-02-12 15:04:28.706,11781,11782,11782,1
2020-02-12 15:04:31.980,11781,11782,11782,1
2020-02-12 15:04:36.941,11781,11782,11781,1
2020-02-12 15:04:37.470,11781,11782,11781,10
2020-02-12 15:04:39.759,11781,11782,11782,1
2020-02-12 15:04:42.303,11781,11782,11781,4
2020-02-12 15:04:46.610,11781,11782,11782,14
2020-02-12 15:04:48.596,11781,11782,11781,1
2020-02-12 15:04:50.180,11781,11782,11782,1
2020-02-12 15:04:52.423,11781,11782,11782,1
2020-02-12 15:04:55.590,11781,11782,11782,1
2020-02-12 15:04:58.257,11781,11782,11781,1
2020-02-12 15:04:59.891,11781,11782,11781,1
2020-02-12 15:05:00.228,11781,11782,11782,1
2020-02-12 15:05:02.211,11781,11782,11781,6
2020-02-12 15:05:03.097,11781,11782,11782,1
2020-02-12 15:05:16.892,11781,11782,11782,1
2020-02-12 15:05:20.774,11781,11782,11781,4
2020-02-12 15:05:20.774,11781,11782,11781,2
2020-02-12 15:05:20.802,11781,11782,11781,8
2020-02-12 15:05:23.576,11780,11781,11780,1
2020-02-12 15:05:28.205,11780,11781,11780,1
2020-02-12 15:05:32.707,11780,11781,11780,1
2020-02-12 15:05:34.677,11780,11781,11780,1
2020-02-12 15:05:34.803,11780,11781,11780,17
2020-02-12 15:05:35.371,11779,11780,11780,1
2020-02-12 15:05:39.055,11779,11780,11780,1
2020-02-12 15:05:39.313,11779,11780,11780,1
2020-02-12 15:05:41.318,11779,11780,11780,6
2020-02-12 15:05:47.773,11779,11780,11779,1
2020-02-12 15:05:54.360,11779,11780,11779,3
2020-02-12 15:05:55.166,11779,11780,11779,1
2020-02-12 15:05:55.516,11779,11780,11779,1
2020-02-12 15:05:55.714,11779,11780,11779,1
2020-02-12 15:05:56.580,11779,11780,11779,1
2020-02-12 15:05:57.062,11779,11780,11779,1
2020-02-12 15:05:57.728,11779,11780,11779,1
2020-02-12 15:05:58.727,11779,11780,11779,1
2020-02-12 15:05:59.618,11779,11780,11779,1
2020-02-12 15:06:00.102,11779,11780,11780,1
2020-02-12 15:06:00.103,11779,11780,11780,1
2020-02-12 15:06:00.130,11779,11780,11780,1
2020-02-12 15:06:00.131,11779,11780,11780,1
2020-02-12 15:06:00.136,11779,11780,11780,1
2020-02-12 15:06:00.937,11779,11780,11779,1
2020-02-12 15:06:00.989,11779,11780,11779,1
2020-02-12 15:06:02.660,11779,11780,11779,1
2020-02-12 15:06:03.782,11779,11780,11779,1
2020-02-12 15:06:03.960,11779,11780,11779,6
2020-02-12 15:06:04.343,11779,11780,11779,1
2020-02-12 15:06:05.890,11779,11780,11780,2
2020-02-12 15:06:06.644,11779,11780,11779,2
2020-02-12 15:06:07.007,11779,11780,11779,1
2020-02-12 15:06:09.597,11779,11780,11779,1
2020-02-12 15:06:09.774,11779,11780,11779,1
2020-02-12 15:06:09.970,11779,11780,11779,5
2020-02-12 15:06:11.062,11779,11780,11779,1
2020-02-12 15:06:11.663,11778,11779,11779,1
2020-02-12 15:06:23.068,11778,11779,11779,2
2020-02-12 15:06:23.186,11778,11779,11779,1
2020-02-12 15:06:23.949,11778,11779,11779,1
2020-02-12 15:06:26.441,11778,11779,11779,1
2020-02-12 15:06:35.213,11778,11779,11778,1
2020-02-12 15:06:36.607,11778,11779,11778,1
2020-02-12 15:06:40.708,11778,11779,11779,1
2020-02-12 15:06:41.137,11778,11779,11778,1
2020-02-12 15:06:43.070,11778,11779,11778,1
2020-02-12 15:06:48.632,11778,11779,11778,1
2020-02-12 15:06:53.851,11778,11779,11778,6
2020-02-12 15:06:54.819,11778,11779,11778,5
2020-02-12 15:06:57.157,11778,11779,11778,5
2020-02-12 15:07:03.025,11777,11778,11778,1
2020-02-12 15:07:03.833,11777,11778,11777,1
2020-02-12 15:07:04.917,11777,11778,11777,1
2020-02-12 15:07:05.998,11777,11778,11777,1
2020-02-12 15:07:07.000,11777,11778,11777,1
2020-02-12 15:07:08.448,11777,11778,11777,5
2020-02-12 15:07:11.104,11777,11778,11777,2
2020-02-12 15:07:11.816,11777,11778,11777,1
2020-02-12 15:07:12.128,11777,11778,11777,1
2020-02-12 15:07:12.844,11776,11778,11777,1
2020-02-12 15:07:13.007,11776,11777,11777,1
2020-02-12 15:07:13.704,11776,11777,11776,14
2020-02-12 15:07:14.073,11776,11777,11777,2
2020-02-12 15:07:14.793,11776,11777,11777,1
2020-02-12 15:07:26.134,11776,11777,11777,1
2020-02-12 15:07:35.085,11776,11777,11776,2
2020-02-12 15:07:35.418,11776,11777,11776,1
2020-02-12 15:07:40.328,11776,11777,11777,1
2020-02-12 15:07:42.069,11776,11777,11776,2
2020-02-12 15:07:42.111,11776,11777,11777,2
2020-02-12 15:07:43.771,11776,11777,11777,1
2020-02-12 15:07:45.466,11776,11777,11776,1
2020-02-12 15:07:45.466,11776,11777,11776,2
2020-02-12 15:07:45.466,11776,11777,11776,1
2020-02-12 15:07:45.466,11776,11777,11776,1
2020-02-12 15:07:45.467,11776,11777,11776,2
2020-02-12 15:07:45.467,11776,11777,11776,2
2020-02-12 15:07:45.470,11776,11777,11776,4
2020-02-12 15:07:45.470,11776,11777,11775,1
2020-02-12 15:07:45.608,11775,11776,11776,1
2020-02-12 15:07:47.087,11775,11776,11776,1
2020-02-12 15:07:47.371,11775,11776,11776,1
2020-02-12 15:07:50.255,11775,11777,11775,1
2020-02-12 15:07:54.177,11775,11776,11776,1
2020-02-12 15:08:09.063,11775,11776,11776,1
2020-02-12 15:08:15.292,11775,11776,11776,1
2020-02-12 15:08:19.381,11775,11776,11776,1
2020-02-12 15:08:21.257,11775,11776,11775,2
2020-02-12 15:08:23.430,11775,11776,11775,2
2020-02-12 15:08:24.254,11775,11776,11775,2
2020-02-12 15:08:26.727,11775,11776,11775,1
2020-02-12 15:08:30.086,11775,11776,11775,1
2020-02-12 15:08:34.484,11775,11776,11775,5
2020-02-12 15:08:35.230,11775,11776,11775,1
2020-02-12 15:08:35.923,11775,11776,11775,13
2020-02-12 15:08:35.923,11775,11776,11774,2
2020-02-12 15:08:36.016,11774,11776,11774,5
2020-02-12 15:08:39.347,11774,11775,11774,1
2020-02-12 15:08:40.187,11774,11775,11775,1
2020-02-12 15:08:43.731,11774,11775,11774,2
2020-02-12 15:08:47.201,11774,11775,11774,1
2020-02-12 15:08:47.289,11774,11775,11775,1
2020-02-12 15:08:50.554,11774,11775,11775,4
2020-02-12 15:08:53.545,11774,11776,11774,1
2020-02-12 15:08:58.097,11774,11776,11774,1
2020-02-12 15:09:07.138,11774,11775,11775,2
2020-02-12 15:09:11.572,11775,11776,11775,1
2020-02-12 15:09:27.405,11775,11776,11775,2
2020-02-12 15:09:35.343,11775,11776,11775,1
2020-02-12 15:09:39.268,11775,11776,11775,1
2020-02-12 15:09:40.216,11775,11776,11775,5
2020-02-12 15:09:50.595,11775,11776,11775,1
2020-02-12 15:09:56.501,11775,11776,11775,5
2020-02-12 15:09:56.918,11775,11776,11776,8
2020-02-12 15:09:58.335,11775,11776,11776,8
2020-02-12 15:10:00.565,11775,11776,11776,1
2020-02-12 15:10:02.236,11775,11776,11775,2
2020-02-12 15:10:03.125,11775,11776,11776,1
2020-02-12 15:10:05.415,11775,11776,11776,1
2020-02-12 15:10:05.431,11775,11776,11776,1
2020-02-12 15:10:10.473,11775,11776,11776,1
2020-02-12 15:10:11.653,11775,11776,11775,1
2020-02-12 15:10:22.360,11775,11776,11776,1
2020-02-12 15:10:23.173,11775,11776,11776,1
2020-02-12 15:10:24.333,11775,11776,11776,1
2020-02-12 15:10:27.288,11775,11776,11775,5
2020-02-12 15:10:28.079,11775,11776,11776,1
2020-02-12 15:10:28.553,11775,11776,11776,1
2020-02-12 15:10:29.081,11775,11776,11776,3
2020-02-12 15:10:29.393,11775,11776,11776,1
2020-02-12 15:10:34.702,11775,11776,11776,1
2020-02-12 15:10:36.927,11775,11776,11776,5
2020-02-12 15:10:42.316,11776,11777,11776,2
2020-02-12 15:10:47.656,11776,11777,11777,9
2020-02-12 15:10:47.941,11777,11778,11778,1
2020-02-12 15:10:48.612,11777,11778,11777,1
2020-02-12 15:10:48.641,11777,11778,11778,1
2020-02-12 15:10:49.033,11777,11778,11778,1
2020-02-12 15:10:53.175,11777,11778,11777,1
2020-02-12 15:10:54.004,11777,11778,11777,1
2020-02-12 15:11:02.449,11777,11778,11777,5
2020-02-12 15:11:07.909,11777,11778,11777,2
2020-02-12 15:11:08.414,11777,11778,11777,2
2020-02-12 15:11:08.493,11777,11778,11777,1
2020-02-12 15:11:08.493,11777,11778,11776,4
2020-02-12 15:11:09.431,11776,11777,11777,1
2020-02-12 15:11:09.888,11776,11777,11777,2
2020-02-12 15:11:11.039,11777,11778,11777,1
2020-02-12 15:11:17.460,11776,11777,11777,14
2020-02-12 15:11:17.789,11777,11778,11777,1
2020-02-12 15:11:18.477,11777,11778,11777,2
2020-02-12 15:11:18.552,11777,11778,11777,3
2020-02-12 15:11:28.376,11776,11777,11777,8
2020-02-12 15:11:29.000,11776,11777,11777,1
2020-02-12 15:11:29.324,11776,11777,11777,2
2020-02-12 15:11:30.976,11776,11777,11776,4
2020-02-12 15:11:30.976,11776,11777,11776,6
2020-02-12 15:11:31.047,11776,11777,11776,1
2020-02-12 15:11:31.048,11776,11777,11776,1
2020-02-12 15:11:31.048,11776,11777,11776,1
2020-02-12 15:11:34.155,11775,11776,11775,21
2020-02-12 15:11:37.290,11775,11776,11775,1
2020-02-12 15:11:39.638,11775,11776,11775,1
2020-02-12 15:11:41.595,11775,11776,11775,4
2020-02-12 15:11:51.177,11775,11776,11775,2
2020-02-12 15:11:56.677,11774,11775,11775,2
2020-02-12 15:12:05.262,11775,11776,11775,1
2020-02-12 15:12:05.658,11775,11776,11776,1
2020-02-12 15:12:05.719,11775,11776,11776,1
2020-02-12 15:12:05.722,11775,11776,11776,1
2020-02-12 15:12:05.734,11775,11776,11776,1
2020-02-12 15:12:05.802,11775,11776,11776,11
2020-02-12 15:12:27.499,11776,11777,11776,1
2020-02-12 15:12:36.110,11776,11777,11776,1
2020-02-12 15:12:42.158,11776,11777,11776,1
2020-02-12 15:12:49.573,11776,11777,11776,2
2020-02-12 15:12:53.544,11776,11777,11776,4
2020-02-12 15:12:54.053,11776,11777,11776,2
2020-02-12 15:12:56.505,11776,11777,11776,1
2020-02-12 15:12:59.928,11775,11777,11775,4
2020-02-12 15:13:04.787,11776,11777,11776,1
2020-02-12 15:13:05.007,11775,11776,11776,1
2020-02-12 15:13:05.118,11775,11777,11777,1
2020-02-12 15:13:05.184,11775,11777,11775,1
2020-02-12 15:13:05.185,11775,11777,11775,2
2020-02-12 15:13:05.185,11775,11777,11775,2
2020-02-12 15:13:05.185,11775,11777,11775,2
2020-02-12 15:13:05.187,11775,11777,11775,1
2020-02-12 15:13:05.188,11775,11777,11775,2
2020-02-12 15:13:05.188,11775,11777,11775,2
2020-02-12 15:13:05.189,11775,11777,11775,2
2020-02-12 15:13:05.189,11775,11777,11775,3
2020-02-12 15:13:05.191,11775,11777,11775,1
2020-02-12 15:13:05.194,11775,11777,11775,1
2020-02-12 15:13:05.207,11775,11777,11775,2
2020-02-12 15:13:05.207,11775,11777,11775,2
2020-02-12 15:13:05.208,11775,11777,11775,1
2020-02-12 15:13:05.209,11775,11777,11775,7
2020-02-12 15:13:05.209,11775,11777,11775,2
2020-02-12 15:13:11.863,11775,11776,11775,1
2020-02-12 15:13:19.053,11775,11776,11775,1
2020-02-12 15:13:19.071,11775,11776,11775,1
2020-02-12 15:13:19.529,11775,11776,11775,2
2020-02-12 15:13:32.406,11775,11776,11775,2
2020-02-12 15:13:36.918,11774,11776,11774,1
2020-02-12 15:13:40.836,11774,11775,11774,2
2020-02-12 15:13:57.717,11774,11775,11775,2
2020-02-12 15:13:58.679,11774,11775,11775,2
2020-02-12 15:13:59.034,11774,11776,11774,3
2020-02-12 15:14:03.171,11774,11775,11775,1
2020-02-12 15:14:05.825,11774,11775,11774,1
2020-02-12 15:14:08.774,11774,11775,11774,1
2020-02-12 15:14:10.772,11774,11775,11774,1
2020-02-12 15:14:13.688,11774,11775,11774,1
2020-02-12 15:14:14.702,11774,11775,11774,1
2020-02-12 15:14:15.904,11774,11775,11774,1
2020-02-12 15:14:20.894,11774,11775,11774,2
2020-02-12 15:14:20.927,11774,11775,11774,9
2020-02-12 15:14:27.265,11773,11774,11773,9
2020-02-12 15:14:28.602,11773,11774,11774,1
2020-02-12 15:14:31.677,11773,11774,11773,3
2020-02-12 15:14:37.306,11773,11774,11773,1
2020-02-12 15:14:39.806,11773,11774,11773,1
2020-02-12 15:14:40.348,11773,11774,11774,1
2020-02-12 15:14:41.459,11773,11774,11773,1
2020-02-12 15:14:42.294,11773,11774,11774,1
2020-02-12 15:14:42.731,11773,11774,11774,1
2020-02-12 15:14:50.661,11773,11774,11774,2
2020-02-12 15:14:51.361,11773,11774,11774,1
2020-02-12 15:14:51.810,11773,11774,11774,2
2020-02-12 15:14:52.141,11773,11774,11774,1
2020-02-12 15:14:53.225,11773,11774,11774,1
2020-02-12 15:14:53.674,11773,11774,11773,1
2020-02-12 15:14:54.479,11773,11774,11774,1
2020-02-12 15:14:55.430,11773,11774,11774,1
2020-02-12 15:14:59.608,11773,11774,11774,1
2020-02-12 15:14:59.608,11773,11774,11774,1
2020-02-12 15:15:16.085,11774,11775,11774,1
2020-02-12 15:15:16.622,11774,11775,11774,2
2020-02-12 15:15:24.573,11774,11775,11774,4
2020-02-12 15:15:35.766,11774,11775,11775,12
2020-02-12 15:15:35.774,11774,11775,11775,1
2020-02-12 15:15:36.186,11775,11776,11775,28
2020-02-12 15:15:37.490,11774,11775,11775,2
2020-02-12 15:15:56.477,11775,11776,11775,1
2020-02-12 15:16:08.802,11775,11776,11776,5
2020-02-12 15:16:09.309,11776,11777,11776,1
2020-02-12 15:16:10.702,11776,11777,11776,1
2020-02-12 15:16:10.809,11776,11777,11776,1
2020-02-12 15:16:10.809,11776,11777,11776,2
2020-02-12 15:16:10.809,11776,11777,11776,2
2020-02-12 15:16:10.809,11776,11777,11776,2
2020-02-12 15:16:10.810,11776,11777,11775,2
2020-02-12 15:16:10.810,11776,11777,11775,2
2020-02-12 15:16:10.811,11776,11777,11775,2
2020-02-12 15:16:10.811,11776,11777,11775,7
2020-02-12 15:16:10.811,11776,11777,11775,1
2020-02-12 15:16:10.814,11776,11777,11775,2
2020-02-12 15:16:10.814,11776,11777,11775,2
2020-02-12 15:16:10.814,11776,11777,11775,2
2020-02-12 15:16:10.816,11776,11777,11775,4
2020-02-12 15:16:10.820,11776,11777,11775,1
2020-02-12 15:16:10.821,11776,11777,11775,1
2020-02-12 15:16:10.827,11776,11777,11775,1
2020-02-12 15:16:13.125,11775,11776,11776,3
2020-02-12 15:16:19.675,11775,11776,11776,1
2020-02-12 15:16:19.911,11775,11776,11775,1
2020-02-12 15:16:49.471,11775,11776,11776,1
2020-02-12 15:16:52.939,11775,11776,11776,4
2020-02-12 15:16:53.466,11775,11776,11776,2
2020-02-12 15:16:53.535,11775,11776,11776,1
2020-02-12 15:17:02.662,11776,11777,11776,1
2020-02-12 15:17:05.634,11776,11777,11777,2
2020-02-12 15:17:07.321,11776,11777,11776,3
2020-02-12 15:17:07.813,11776,11777,11777,1
2020-02-12 15:17:09.141,11776,11777,11777,1
2020-02-12 15:17:11.531,11776,11777,11777,1
2020-02-12 15:17:13.842,11776,11777,11777,1
2020-02-12 15:17:14.056,11776,11777,11777,4
2020-02-12 15:17:33.824,11777,11778,11778,1
2020-02-12 15:17:34.025,11777,11778,11778,1
2020-02-12 15:17:34.096,11777,11778,11778,1
2020-02-12 15:17:34.096,11777,11778,11778,1
2020-02-12 15:17:39.185,11777,11778,11778,16
2020-02-12 15:17:39.302,11777,11778,11778,10
2020-02-12 15:17:41.457,11778,11779,11777,2
2020-02-12 15:17:43.876,11777,11779,11779,2
2020-02-12 15:17:46.893,11778,11779,11779,1
2020-02-12 15:17:48.589,11778,11779,11778,1
2020-02-12 15:17:48.598,11778,11779,11778,1
2020-02-12 15:17:49.339,11777,11778,11778,1
2020-02-12 15:17:49.628,11777,11778,11778,1
2020-02-12 15:17:56.014,11777,11778,11778,2
2020-02-12 15:17:56.409,11777,11778,11778,1
2020-02-12 15:18:02.539,11777,11778,11777,1
2020-02-12 15:18:09.286,11776,11777,11777,1
2020-02-12 15:18:10.677,11776,11778,11778,1
2020-02-12 15:18:17.322,11777,11778,11778,5
2020-02-12 15:18:21.679,11777,11778,11778,4
2020-02-12 15:18:22.035,11777,11778,11777,4
2020-02-12 15:18:22.044,11777,11778,11777,2
2020-02-12 15:18:22.044,11777,11778,11776,6
2020-02-12 15:18:27.657,11776,11777,11776,2
2020-02-12 15:18:37.268,11776,11777,11776,1
2020-02-12 15:18:37.310,11776,11777,11777,1
2020-02-12 15:18:37.310,11776,11777,11777,2
2020-02-12 15:18:37.310,11776,11777,11777,1
2020-02-12 15:18:37.310,11776,11777,11777,2
2020-02-12 15:18:37.311,11776,11777,11777,2
2020-02-12 15:18:37.311,11776,11777,11778,1
2020-02-12 15:18:37.311,11776,11777,11778,1
2020-02-12 15:18:37.311,11776,11777,11778,5
2020-02-12 15:18:37.316,11776,11777,11778,1
2020-02-12 15:18:37.316,11776,11777,11778,1
2020-02-12 15:18:37.317,11776,11777,11778,1
2020-02-12 15:18:37.317,11776,11777,11778,2
2020-02-12 15:18:37.554,11777,11778,11778,4
2020-02-12 15:18:37.554,11777,11778,11778,8
2020-02-12 15:18:37.682,11777,11778,11778,1
2020-02-12 15:18:37.710,11777,11778,11778,1
2020-02-12 15:18:42.368,11776,11778,11778,1
2020-02-12 15:18:43.279,11777,11778,11778,1
2020-02-12 15:18:52.007,11777,11778,11778,1
2020-02-12 15:18:52.408,11777,11779,11779,1
2020-02-12 15:18:56.749,11778,11779,11778,3
2020-02-12 15:19:04.672,11778,11779,11778,1
2020-02-12 15:19:04.921,11778,11779,11779,2
2020-02-12 15:19:04.962,11778,11779,11779,3
2020-02-12 15:19:05.168,11778,11779,11779,1
2020-02-12 15:19:05.180,11778,11779,11779,3
2020-02-12 15:19:05.381,11778,11779,11779,2
2020-02-12 15:19:05.411,11778,11779,11779,3
2020-02-12 15:19:05.547,11778,11779,11779,1
2020-02-12 15:19:05.584,11778,11779,11779,1
2020-02-12 15:19:05.605,11778,11779,11779,3
2020-02-12 15:19:05.677,11778,11779,11779,1
2020-02-12 15:19:05.677,11778,11779,11779,1
2020-02-12 15:19:05.677,11778,11779,11779,1
2020-02-12 15:19:07.806,11779,11780,11779,1
2020-02-12 15:19:07.947,11778,11779,11779,1
2020-02-12 15:19:10.302,11778,11779,11779,1
2020-02-12 15:19:10.743,11778,11779,11779,1
2020-02-12 15:19:12.190,11778,11779,11779,1
2020-02-12 15:19:20.542,11779,11780,11779,1
2020-02-12 15:19:20.889,11779,11780,11779,1
2020-02-12 15:19:25.998,11778,11779,11779,1
2020-02-12 15:19:27.012,11778,11779,11779,3
2020-02-12 15:19:32.056,11778,11779,11779,2
2020-02-12 15:19:41.439,11779,11780,11779,1
2020-02-12 15:19:49.499,11779,11780,11780,1
2020-02-12 15:19:49.580,11779,11780,11780,1
2020-02-12 15:19:59.087,11779,11780,11780,1
2020-02-12 15:20:02.260,11779,11780,11780,1
2020-02-12 15:20:03.663,11779,11780,11780,1
2020-02-12 15:20:05.117,11779,11780,11780,1
2020-02-12 15:20:06.386,11779,11780,11780,1
2020-02-12 15:20:21.079,11779,11780,11779,1
2020-02-12 15:20:41.605,11779,11780,11779,1
2020-02-12 15:20:49.142,11779,11780,11779,1
2020-02-12 15:21:08.965,11779,11780,11779,29
2020-02-12 15:21:09.053,11778,11779,11779,1
2020-02-12 15:21:10.580,11778,11779,11779,1
2020-02-12 15:21:20.801,11778,11779,11778,1
2020-02-12 15:21:21.042,11778,11779,11778,2
2020-02-12 15:21:21.240,11778,11779,11778,1
2020-02-12 15:21:21.242,11778,11779,11778,1
2020-02-12 15:21:21.246,11778,11779,11778,1
2020-02-12 15:21:21.302,11778,11779,11778,4
2020-02-12 15:21:32.269,11777,11778,11777,1
2020-02-12 15:21:37.824,11777,11778,11777,1
2020-02-12 15:21:38.561,11777,11778,11778,5
2020-02-12 15:21:41.427,11777,11778,11778,1
2020-02-12 15:21:47.740,11777,11778,11777,5
2020-02-12 15:21:48.413,11777,11778,11777,2
2020-02-12 15:21:49.437,11777,11778,11777,1
2020-02-12 15:21:57.842,11776,11777,11776,1
2020-02-12 15:21:58.723,11776,11777,11776,25
2020-02-12 15:21:58.723,11776,11777,11776,1
2020-02-12 15:21:58.724,11776,11777,11776,1
2020-02-12 15:21:58.724,11776,11777,11776,3
2020-02-12 15:22:09.611,11775,11776,11775,1
2020-02-12 15:22:22.039,11775,11776,11775,1
2020-02-12 15:22:31.596,11775,11776,11775,1
2020-02-12 15:22:31.802,11775,11776,11776,14
2020-02-12 15:22:37.378,11775,11776,11776,1
2020-02-12 15:22:38.004,11775,11776,11776,1
2020-02-12 15:22:38.004,11775,11776,11776,2
2020-02-12 15:22:38.006,11775,11776,11776,1
2020-02-12 15:22:38.006,11775,11776,11776,1
2020-02-12 15:22:39.273,11776,11777,11777,1
2020-02-12 15:22:40.960,11776,11777,11776,15
2020-02-12 15:22:44.349,11776,11777,11776,1
2020-02-12 15:22:47.211,11776,11777,11776,1
2020-02-12 15:22:47.221,11776,11777,11776,1
2020-02-12 15:22:59.177,11776,11777,11776,11
2020-02-12 15:22:59.177,11776,11777,11775,47
2020-02-12 15:22:59.427,11775,11776,11775,5
2020-02-12 15:23:08.047,11775,11776,11775,1
2020-02-12 15:23:08.048,11775,11776,11775,1
2020-02-12 15:23:08.049,11775,11776,11775,1
2020-02-12 15:23:08.051,11775,11776,11775,1
2020-02-12 15:23:08.051,11775,11776,11775,1
2020-02-12 15:23:08.051,11775,11776,11775,2
2020-02-12 15:23:08.051,11775,11776,11775,3
2020-02-12 15:23:08.052,11775,11776,11775,10
2020-02-12 15:23:15.167,11774,11775,11775,1
2020-02-12 15:23:25.410,11774,11775,11775,4
2020-02-12 15:23:41.486,11774,11775,11774,1
2020-02-12 15:23:41.945,11774,11775,11775,1
2020-02-12 15:23:42.538,11774,11775,11774,1
2020-02-12 15:23:45.262,11774,11775,11774,1
2020-02-12 15:23:53.158,11774,11775,11774,1
2020-02-12 15:23:56.655,11774,11775,11775,1
2020-02-12 15:23:57.552,11774,11775,11775,1
2020-02-12 15:24:01.212,11775,11776,11775,1
2020-02-12 15:24:01.538,11775,11776,11775,1
2020-02-12 15:24:01.731,11774,11776,11774,1
2020-02-12 15:24:01.738,11774,11776,11774,1
2020-02-12 15:24:02.437,11774,11775,11775,1
2020-02-12 15:24:02.437,11774,11775,11776,3
2020-02-12 15:24:02.437,11774,11775,11776,1
2020-02-12 15:24:02.467,11774,11775,11776,1
2020-02-12 15:24:02.702,11775,11776,11775,1
2020-02-12 15:24:03.036,11775,11776,11775,2
2020-02-12 15:24:03.118,11775,11776,11776,1
2020-02-12 15:24:03.133,11775,11776,11776,1
2020-02-12 15:24:03.824,11775,11776,11775,1
2020-02-12 15:24:07.407,11775,11776,11775,2
2020-02-12 15:24:12.806,11775,11776,11775,1
2020-02-12 15:24:26.826,11775,11776,11775,1
2020-02-12 15:24:40.953,11775,11776,11776,1
2020-02-12 15:24:57.066,11775,11776,11776,1
2020-02-12 15:25:03.313,11775,11776,11776,1
2020-02-12 15:25:05.798,11775,11776,11776,4
2020-02-12 15:25:15.734,11776,11777,11776,1
2020-02-12 15:25:34.279,11776,11777,11777,1
2020-02-12 15:25:43.137,11776,11777,11777,1
2020-02-12 15:25:43.817,11776,11777,11777,1
2020-02-12 15:25:43.895,11776,11777,11777,1
2020-02-12 15:25:47.314,11776,11777,11777,1
2020-02-12 15:25:51.472,11776,11778,11778,3
2020-02-12 15:26:00.994,11777,11778,11778,1
2020-02-12 15:26:02.201,11777,11778,11777,2
2020-02-12 15:26:10.078,11777,11778,11777,1
2020-02-12 15:26:12.646,11777,11778,11778,2
2020-02-12 15:26:16.677,11777,11778,11777,4
2020-02-12 15:26:16.927,11777,11778,11777,1
2020-02-12 15:26:20.176,11777,11778,11777,1
2020-02-12 15:26:20.491,11777,11778,11777,1
2020-02-12 15:26:20.593,11777,11778,11777,1
2020-02-12 15:26:29.081,11776,11777,11777,11
2020-02-12 15:26:33.544,11776,11777,11777,1
2020-02-12 15:26:37.998,11776,11777,11777,1
2020-02-12 15:26:40.952,11776,11777,11777,4
2020-02-12 15:26:42.760,11776,11777,11777,1
2020-02-12 15:26:48.405,11776,11777,11777,1
2020-02-12 15:26:49.849,11776,11777,11777,1
2020-02-12 15:26:50.521,11776,11777,11777,1
2020-02-12 15:26:56.643,11776,11777,11777,1
2020-02-12 15:27:00.220,11776,11777,11777,1
2020-02-12 15:27:00.629,11776,11777,11777,2
2020-02-12 15:27:21.492,11776,11777,11777,2
2020-02-12 15:27:27.541,11776,11777,11777,2
2020-02-12 15:27:46.616,11776,11777,11777,1
2020-02-12 15:27:48.755,11776,11777,11777,4
2020-02-12 15:27:51.961,11776,11777,11777,3
2020-02-12 15:27:56.184,11776,11777,11777,1
2020-02-12 15:27:59.270,11776,11777,11777,1
2020-02-12 15:28:02.253,11776,11777,11776,3
2020-02-12 15:28:40.713,11776,11777,11776,2
2020-02-12 15:28:50.459,11776,11777,11777,4
2020-02-12 15:28:50.460,11776,11777,11777,1
2020-02-12 15:29:02.156,11777,11778,11777,1
2020-02-12 15:29:02.311,11777,11778,11778,1
2020-02-12 15:29:12.431,11777,11778,11778,1
2020-02-12 15:29:20.801,11777,11778,11778,2
2020-02-12 15:29:20.802,11777,11778,11778,9
2020-02-12 15:29:20.927,11777,11778,11778,4
2020-02-12 15:29:20.927,11777,11778,11778,2
2020-02-12 15:29:20.927,11777,11778,11778,1
2020-02-12 15:29:20.927,11777,11778,11778,1
2020-02-12 15:29:20.928,11777,11778,11778,1
2020-02-12 15:29:20.929,11777,11778,11778,2
2020-02-12 15:29:21.006,11777,11778,11778,1
2020-02-12 15:29:21.006,11777,11778,11778,1
2020-02-12 15:29:21.006,11777,11778,11778,1
2020-02-12 15:29:21.006,11777,11778,11778,1
2020-02-12 15:29:21.006,11777,11778,11778,7
2020-02-12 15:29:21.006,11777,11778,11778,1
2020-02-12 15:29:21.006,11777,11778,11778,1
2020-02-12 15:29:21.006,11777,11778,11778,1
2020-02-12 15:29:21.095,11778,11779,11779,3
2020-02-12 15:29:25.671,11778,11779,11779,1
2020-02-12 15:29:25.771,11778,11779,11779,1
2020-02-12 15:29:29.466,11778,11779,11779,1
2020-02-12 15:29:34.052,11779,11780,11779,2
2020-02-12 15:29:40.584,11779,11780,11779,5
2020-02-12 15:29:44.367,11778,11779,11779,1
2020-02-12 15:29:54.560,11778,11779,11779,1
2020-02-12 15:30:13.353,11778,11779,11779,2
2020-02-12 15:30:14.085,11778,11779,11779,2
2020-02-12 15:30:37.537,11778,11779,11779,1
2020-02-12 15:30:37.588,11778,11779,11779,1
2020-02-12 15:30:54.881,11778,11779,11779,6
2020-02-12 15:30:54.927,11778,11779,11779,1
2020-02-12 15:30:56.190,11778,11779,11779,1
2020-02-12 15:30:56.927,11778,11779,11779,1
2020-02-12 15:31:00.129,11779,11780,11780,1
2020-02-12 15:31:00.218,11779,11780,11780,1
2020-02-12 15:31:02.216,11779,11780,11779,3
2020-02-12 15:31:10.631,11779,11780,11780,1
2020-02-12 15:31:11.881,11779,11780,11779,3
2020-02-12 15:31:12.158,11779,11780,11779,2
2020-02-12 15:31:17.180,11779,11780,11779,1
2020-02-12 15:31:17.531,11779,11780,11779,2
2020-02-12 15:31:25.507,11779,11780,11779,1
2020-02-12 15:31:25.552,11778,11779,11779,1
2020-02-12 15:31:25.931,11778,11779,11779,1
2020-02-12 15:31:29.480,11778,11779,11778,12
2020-02-12 15:31:29.552,11778,11779,11778,4
2020-02-12 15:31:33.061,11777,11778,11778,2
2020-02-12 15:31:39.386,11777,11778,11777,9
2020-02-12 15:31:39.386,11777,11778,11777,2
2020-02-12 15:31:39.386,11777,11778,11777,2
2020-02-12 15:31:39.387,11777,11778,11777,3
2020-02-12 15:31:39.427,11777,11778,11777,3
2020-02-12 15:31:40.513,11776,11777,11777,1
2020-02-12 15:31:41.941,11776,11777,11777,1
2020-02-12 15:31:45.990,11776,11777,11777,3
2020-02-12 15:31:46.281,11777,11778,11777,2
2020-02-12 15:31:52.519,11776,11778,11777,1
2020-02-12 15:32:02.433,11777,11778,11778,1
2020-02-12 15:32:08.546,11777,11778,11778,1
2020-02-12 15:32:12.819,11777,11778,11778,3
2020-02-12 15:32:18.349,11778,11779,11778,1
2020-02-12 15:32:18.658,11778,11779,11778,1
2020-02-12 15:32:23.619,11778,11779,11778,2
2020-02-12 15:32:23.677,11778,11779,11778,1
2020-02-12 15:33:02.269,11777,11778,11777,5
2020-02-12 15:33:08.646,11777,11778,11778,3
2020-02-12 15:33:33.292,11778,11779,11778,6
2020-02-12 15:33:33.292,11778,11779,11778,1
2020-02-12 15:33:55.382,11778,11779,11778,1
2020-02-12 15:33:59.171,11778,11779,11779,18
2020-02-12 15:33:59.171,11778,11779,11779,2
2020-02-12 15:33:59.171,11778,11779,11779,2
2020-02-12 15:34:00.143,11778,11780,11778,1
2020-02-12 15:34:19.412,11779,11780,11779,2
2020-02-12 15:34:29.813,11779,11780,11779,1
2020-02-12 15:34:37.723,11779,11780,11779,1
2020-02-12 15:34:39.941,11779,11780,11779,1
2020-02-12 15:34:46.302,11779,11780,11780,13
2020-02-12 15:34:46.427,11779,11780,11780,4
2020-02-12 15:34:46.427,11779,11780,11780,30
2020-02-12 15:34:46.427,11779,11780,11780,1
2020-02-12 15:34:46.427,11779,11780,11780,2
2020-02-12 15:34:46.577,11780,11781,11781,1
2020-02-12 15:34:46.581,11780,11781,11781,2
2020-02-12 15:34:46.582,11780,11781,11781,2
2020-02-12 15:34:46.677,11780,11781,11781,1
2020-02-12 15:34:46.681,11780,11781,11781,1
2020-02-12 15:34:46.681,11780,11781,11781,2
2020-02-12 15:34:46.691,11780,11781,11781,1
2020-02-12 15:34:47.002,11780,11781,11780,5
2020-02-12 15:34:48.291,11780,11781,11781,4
2020-02-12 15:34:58.361,11780,11781,11781,1
2020-02-12 15:35:02.441,11780,11781,11780,1
2020-02-12 15:35:06.388,11780,11781,11781,1
2020-02-12 15:35:06.427,11780,11781,11781,1
2020-02-12 15:35:10.347,11781,11782,11781,1
2020-02-12 15:35:13.247,11781,11782,11782,1
2020-02-12 15:35:13.438,11781,11782,11782,2
2020-02-12 15:35:13.488,11781,11782,11782,1
2020-02-12 15:35:13.488,11781,11782,11782,1
2020-02-12 15:35:13.725,11781,11782,11782,1
2020-02-12 15:35:19.330,11781,11782,11781,1
2020-02-12 15:35:20.902,11781,11782,11782,1
2020-02-12 15:35:22.694,11781,11782,11782,3
2020-02-12 15:35:23.233,11781,11782,11781,1
2020-02-12 15:35:39.234,11781,11782,11781,1
2020-02-12 15:35:39.234,11781,11782,11781,3
2020-02-12 15:35:39.248,11781,11782,11781,1
2020-02-12 15:35:39.260,11781,11782,11781,1
2020-02-12 15:35:39.501,11780,11781,11781,2
2020-02-12 15:35:39.552,11780,11781,11781,1
2020-02-12 15:35:40.939,11780,11781,11781,1
2020-02-12 15:35:41.942,11780,11781,11781,2
2020-02-12 15:35:42.471,11780,11782,11781,1
2020-02-12 15:35:44.673,11780,11781,11781,1
2020-02-12 15:35:47.249,11780,11781,11781,2
2020-02-12 15:35:53.054,11780,11781,11780,3
2020-02-12 15:35:53.221,11780,11781,11780,5
2020-02-12 15:35:54.933,11780,11781,11781,2
2020-02-12 15:36:05.813,11780,11781,11781,1
2020-02-12 15:36:14.500,11780,11781,11781,1
2020-02-12 15:36:17.425,11780,11781,11781,8
2020-02-12 15:36:21.083,11780,11781,11781,6
2020-02-12 15:36:25.287,11780,11781,11780,1
2020-02-12 15:36:30.245,11780,11781,11780,1
2020-02-12 15:36:30.379,11780,11781,11781,1
2020-02-12 15:36:31.054,11780,11781,11781,5
2020-02-12 15:36:31.689,11780,11781,11781,1
2020-02-12 15:36:37.362,11781,11782,11781,1
2020-02-12 15:36:40.799,11781,11782,11781,4
2020-02-12 15:37:02.524,11780,11781,11781,5
2020-02-12 15:37:12.007,11780,11781,11780,1
2020-02-12 15:37:30.120,11780,11781,11781,1
2020-02-12 15:37:30.495,11780,11781,11781,7
2020-02-12 15:37:30.552,11780,11781,11781,1
2020-02-12 15:37:40.545,11781,11782,11782,2
2020-02-12 15:37:46.079,11781,11782,11782,7
2020-02-12 15:37:48.178,11781,11782,11782,5
2020-02-12 15:37:54.873,11781,11782,11781,2
2020-02-12 15:37:57.894,11781,11782,11782,2
2020-02-12 15:38:00.865,11781,11782,11782,1
2020-02-12 15:38:06.324,11781,11782,11782,1
2020-02-12 15:38:15.431,11781,11782,11782,1
2020-02-12 15:38:15.431,11781,11782,11782,1
2020-02-12 15:38:15.431,11781,11782,11782,9
2020-02-12 15:38:15.431,11781,11782,11782,2
2020-02-12 15:38:15.431,11781,11782,11782,1
2020-02-12 15:38:15.431,11781,11782,11782,3
2020-02-12 15:38:15.431,11781,11782,11782,2
2020-02-12 15:38:15.431,11781,11782,11782,3
2020-02-12 15:38:15.431,11781,11782,11782,3
2020-02-12 15:38:15.432,11781,11782,11782,3
2020-02-12 15:38:15.432,11781,11782,11782,3
2020-02-12 15:38:15.432,11781,11782,11782,3
2020-02-12 15:38:15.433,11781,11782,11782,3
2020-02-12 15:38:17.929,11782,11783,11783,1
2020-02-12 15:38:18.149,11782,11783,11782,1
2020-02-12 15:38:18.424,11782,11783,11783,1
2020-02-12 15:38:19.012,11782,11783,11783,1
2020-02-12 15:38:19.020,11782,11783,11783,1
2020-02-12 15:38:21.470,11782,11783,11783,1
2020-02-12 15:38:25.277,11782,11783,11783,1
2020-02-12 15:38:26.082,11782,11783,11783,1
2020-02-12 15:38:28.393,11782,11783,11783,5
2020-02-12 15:38:28.636,11782,11783,11782,1
2020-02-12 15:38:29.110,11782,11783,11783,5
2020-02-12 15:38:29.302,11782,11783,11783,1
2020-02-12 15:38:31.791,11783,11784,11783,1
2020-02-12 15:38:33.382,11782,11783,11782,1
2020-02-12 15:38:33.391,11782,11783,11782,4
2020-02-12 15:38:36.658,11782,11783,11783,1
2020-02-12 15:38:42.869,11782,11783,11783,1
2020-02-12 15:38:50.168,11782,11783,11782,1
2020-02-12 15:38:50.257,11782,11783,11782,1
2020-02-12 15:39:13.282,11782,11783,11782,2
2020-02-12 15:39:16.455,11782,11783,11782,1
2020-02-12 15:39:19.790,11782,11783,11782,2
2020-02-12 15:39:21.354,11782,11783,11782,3
2020-02-12 15:39:21.657,11782,11783,11782,2
2020-02-12 15:39:24.204,11782,11783,11782,1
2020-02-12 15:39:27.411,11782,11783,11782,2
2020-02-12 15:39:28.081,11782,11783,11782,1
2020-02-12 15:39:28.416,11782,11783,11782,2
2020-02-12 15:39:30.783,11782,11783,11782,2
2020-02-12 15:39:31.560,11782,11783,11782,1
2020-02-12 15:39:31.916,11781,11783,11781,2
2020-02-12 15:39:31.927,11781,11782,11782,2
2020-02-12 15:39:36.590,11781,11782,11782,1
2020-02-12 15:39:37.601,11781,11782,11782,1
2020-02-12 15:39:41.194,11781,11782,11782,1
2020-02-12 15:39:44.307,11781,11782,11781,18
2020-02-12 15:39:44.307,11781,11782,11781,2
2020-02-12 15:39:44.308,11781,11782,11781,2
2020-02-12 15:39:44.310,11781,11782,11781,4
2020-02-12 15:39:44.389,11781,11782,11781,1
2020-02-12 15:39:44.613,11780,11781,11781,1
2020-02-12 15:39:50.007,11780,11781,11781,1
2020-02-12 15:39:58.370,11780,11781,11781,1
2020-02-12 15:39:59.111,11780,11781,11781,1
2020-02-12 15:40:06.369,11780,11781,11781,1
2020-02-12 15:40:07.350,11780,11781,11781,1
2020-02-12 15:40:09.524,11780,11781,11781,2
2020-02-12 15:40:10.084,11780,11781,11781,1
2020-02-12 15:40:10.085,11780,11781,11781,2
2020-02-12 15:40:10.085,11780,11781,11781,1
2020-02-12 15:40:10.406,11780,11782,11781,1
2020-02-12 15:40:12.989,11780,11781,11781,1
2020-02-12 15:40:25.077,11781,11782,11781,1
2020-02-12 15:40:25.409,11781,11782,11781,1
2020-02-12 15:40:44.513,11781,11782,11781,1
2020-02-12 15:40:47.956,11781,11782,11781,1
2020-02-12 15:40:52.152,11781,11782,11782,5
2020-02-12 15:40:56.252,11781,11782,11782,1
2020-02-12 15:41:02.849,11781,11782,11782,1
2020-02-12 15:41:32.115,11782,11783,11783,2
2020-02-12 15:41:34.046,11782,11783,11783,5
2020-02-12 15:41:35.276,11782,11783,11783,1
2020-02-12 15:41:36.448,11782,11783,11783,1
2020-02-12 15:41:40.593,11782,11783,11783,1
2020-02-12 15:42:09.823,11782,11783,11782,10
2020-02-12 15:42:12.297,11781,11782,11782,3
2020-02-12 15:42:16.150,11781,11782,11782,1
2020-02-12 15:42:18.566,11781,11782,11781,1
2020-02-12 15:42:20.748,11781,11782,11782,7
2020-02-12 15:42:26.434,11782,11783,11782,1
2020-02-12 15:42:26.434,11782,11783,11782,1
2020-02-12 15:42:26.434,11782,11783,11782,2
2020-02-12 15:42:41.644,11781,11782,11781,2
2020-02-12 15:42:41.644,11781,11782,11781,5
2020-02-12 15:42:41.644,11781,11782,11781,2
2020-02-12 15:42:41.663,11781,11782,11781,4
2020-02-12 15:42:41.677,11781,11782,11781,2
2020-02-12 15:42:41.677,11781,11782,11781,2
2020-02-12 15:42:41.677,11781,11782,11781,4
2020-02-12 15:42:46.621,11780,11781,11781,1
2020-02-12 15:43:16.422,11780,11781,11781,1
2020-02-12 15:43:17.914,11781,11782,11781,1
2020-02-12 15:43:36.757,11780,11781,11780,2
2020-02-12 15:43:55.880,11780,11781,11780,1
2020-02-12 15:43:58.075,11780,11781,11780,1
2020-02-12 15:43:59.956,11780,11781,11781,5
2020-02-12 15:43:59.965,11780,11781,11780,1
2020-02-12 15:44:03.048,11780,11781,11780,9
2020-02-12 15:44:03.052,11780,11781,11780,20
2020-02-12 15:44:03.094,11780,11781,11780,1
2020-02-12 15:44:03.094,11780,11781,11780,4
2020-02-12 15:44:03.094,11780,11781,11780,2
2020-02-12 15:44:03.096,11780,11781,11780,1
2020-02-12 15:44:03.096,11780,11781,11780,1
2020-02-12 15:44:03.177,11780,11781,11780,1
2020-02-12 15:44:03.522,11779,11780,11780,1
2020-02-12 15:44:16.741,11779,11781,11779,2
2020-02-12 15:44:17.008,11779,11780,11780,1
2020-02-12 15:44:17.221,11779,11781,11781,5
2020-02-12 15:44:19.623,11779,11780,11780,1
2020-02-12 15:44:24.181,11780,11781,11781,1
2020-02-12 15:44:24.182,11780,11781,11781,3
2020-02-12 15:44:24.182,11780,11781,11781,1
2020-02-12 15:44:25.382,11780,11782,11782,1
2020-02-12 15:44:36.276,11780,11781,11781,1
2020-02-12 15:44:37.389,11781,11782,11782,1
2020-02-12 15:44:54.511,11781,11782,11781,1
2020-02-12 15:44:55.258,11781,11782,11781,1
2020-02-12 15:44:59.316,11781,11782,11781,1
2020-02-12 15:45:00.500,11781,11782,11781,1
2020-02-12 15:45:00.575,11780,11781,11780,1
2020-02-12 15:45:11.749,11780,11781,11780,10
2020-02-12 15:45:13.159,11780,11781,11780,1
2020-02-12 15:45:18.821,11779,11781,11779,3
2020-02-12 15:45:21.263,11779,11780,11780,1
2020-02-12 15:45:23.634,11779,11780,11780,2
2020-02-12 15:45:23.794,11779,11780,11780,1
2020-02-12 15:45:27.338,11779,11780,11780,2
2020-02-12 15:45:28.177,11779,11781,11779,1
2020-02-12 15:45:37.393,11779,11780,11779,1
2020-02-12 15:45:41.277,11779,11780,11779,1
2020-02-12 15:45:41.855,11779,11780,11779,1
2020-02-12 15:45:43.698,11779,11780,11779,1
2020-02-12 15:45:54.463,11779,11780,11779,10
2020-02-12 15:45:57.114,11779,11780,11779,1
2020-02-12 15:45:57.798,11779,11780,11779,2
2020-02-12 15:45:59.245,11778,11779,11778,9
2020-02-12 15:46:00.017,11777,11779,11779,2
2020-02-12 15:46:07.252,11777,11778,11778,1
2020-02-12 15:46:10.677,11777,11778,11778,4
2020-02-12 15:46:12.836,11777,11778,11778,1
2020-02-12 15:46:19.397,11778,11779,11778,1
2020-02-12 15:46:19.476,11777,11779,11777,1
2020-02-12 15:46:19.723,11777,11779,11777,1
2020-02-12 15:46:19.824,11777,11779,11777,1
2020-02-12 15:46:22.950,11778,11779,11778,1
2020-02-12 15:46:22.950,11778,11779,11777,2
2020-02-12 15:46:23.398,11777,11778,11778,1
2020-02-12 15:46:25.770,11778,11779,11778,1
2020-02-12 15:46:26.989,11777,11778,11778,1
2020-02-12 15:46:32.927,11777,11778,11778,1
2020-02-12 15:46:37.495,11778,11779,11778,1
2020-02-12 15:47:02.139,11778,11779,11778,3
2020-02-12 15:47:33.714,11778,11779,11779,6
2020-02-12 15:47:51.052,11779,11780,11779,7
2020-02-12 15:48:02.333,11778,11779,11778,2
2020-02-12 15:48:03.216,11778,11779,11779,5
2020-02-12 15:48:04.998,11779,11780,11779,1
2020-02-12 15:48:19.306,11779,11780,11780,1
2020-02-12 15:48:20.620,11779,11780,11780,1
2020-02-12 15:48:52.808,11779,11780,11779,1
2020-02-12 15:48:57.961,11779,11780,11779,6
2020-02-12 15:49:02.190,11778,11779,11778,1
2020-02-12 15:49:13.394,11778,11779,11778,1
2020-02-12 15:49:16.935,11778,11779,11778,1
2020-02-12 15:49:17.038,11778,11779,11778,1
2020-02-12 15:49:19.491,11778,11779,11778,4
2020-02-12 15:49:19.754,11778,11779,11778,1
2020-02-12 15:49:19.755,11778,11779,11778,1
2020-02-12 15:49:19.757,11778,11779,11778,1
2020-02-12 15:49:29.479,11777,11778,11778,1
2020-02-12 15:49:37.534,11778,11779,11778,8
2020-02-12 15:49:52.790,11778,11779,11778,1
2020-02-12 15:50:02.342,11777,11778,11777,3
2020-02-12 15:50:05.538,11777,11778,11778,10
2020-02-12 15:50:11.046,11777,11778,11777,2
2020-02-12 15:50:17.438,11777,11778,11777,1
2020-02-12 15:50:24.079,11777,11778,11777,1
2020-02-12 15:50:26.123,11777,11778,11777,1
2020-02-12 15:50:34.537,11777,11778,11777,1
2020-02-12 15:50:36.257,11777,11778,11777,1
2020-02-12 15:50:39.686,11777,11778,11777,1
2020-02-12 15:50:40.828,11777,11778,11777,1
2020-02-12 15:50:40.830,11777,11778,11777,1
2020-02-12 15:50:40.872,11777,11778,11777,1
2020-02-12 15:50:40.875,11777,11778,11777,5
2020-02-12 15:50:40.875,11777,11778,11777,1
2020-02-12 15:50:55.551,11776,11777,11777,4
2020-02-12 15:51:02.250,11776,11777,11776,7
2020-02-12 15:51:08.574,11776,11777,11776,1
2020-02-12 15:51:09.551,11776,11777,11776,9
2020-02-12 15:51:09.551,11776,11777,11775,1
2020-02-12 15:51:14.729,11775,11776,11775,1
2020-02-12 15:51:18.492,11775,11776,11776,1
2020-02-12 15:51:21.212,11775,11776,11775,1
2020-02-12 15:51:26.810,11775,11776,11776,1
2020-02-12 15:51:33.913,11775,11776,11776,2
2020-02-12 15:51:34.602,11775,11776,11775,15
2020-02-12 15:51:39.519,11775,11776,11776,1
2020-02-12 15:51:40.469,11775,11776,11775,1
2020-02-12 15:51:41.635,11775,11776,11775,2
2020-02-12 15:51:43.561,11775,11776,11775,8
2020-02-12 15:51:48.754,11774,11775,11775,8
2020-02-12 15:52:00.222,11775,11776,11775,5
2020-02-12 15:52:00.959,11775,11776,11775,1
2020-02-12 15:52:02.158,11775,11776,11775,4
2020-02-12 15:52:03.882,11775,11776,11776,1
2020-02-12 15:52:05.904,11775,11776,11775,1
2020-02-12 15:52:07.204,11775,11776,11775,1
2020-02-12 15:52:17.693,11775,11776,11775,1
2020-02-12 15:52:24.115,11775,11776,11776,10
2020-02-12 15:52:24.177,11775,11776,11776,1
2020-02-12 15:52:33.889,11776,11777,11777,8
2020-02-12 15:52:33.889,11776,11777,11777,2
2020-02-12 15:52:33.889,11776,11777,11777,1
2020-02-12 15:52:33.889,11776,11777,11777,1
2020-02-12 15:52:33.890,11776,11777,11777,1
2020-02-12 15:52:33.890,11776,11777,11777,8
2020-02-12 15:52:47.914,11777,11778,11777,1
2020-02-12 15:52:50.374,11777,11778,11777,1
2020-02-12 15:52:51.912,11776,11777,11777,1
2020-02-12 15:52:55.500,11777,11778,11777,5
2020-02-12 15:53:00.334,11777,11778,11777,1
2020-02-12 15:53:00.657,11776,11777,11777,2
2020-02-12 15:53:02.309,11777,11778,11777,1
2020-02-12 15:53:05.927,11776,11777,11777,1
2020-02-12 15:53:08.885,11777,11778,11778,1
2020-02-12 15:53:26.866,11777,11778,11777,2
2020-02-12 15:53:34.128,11776,11777,11777,1
2020-02-12 15:53:34.760,11776,11778,11776,1
2020-02-12 15:53:34.885,11776,11778,11776,2
2020-02-12 15:53:58.859,11777,11778,11777,1
2020-02-12 15:54:19.689,11777,11778,11777,1
2020-02-12 15:54:25.463,11777,11778,11777,1
2020-02-12 15:54:41.712,11777,11778,11777,1
2020-02-12 15:54:54.470,11777,11778,11777,1
2020-02-12 15:55:02.447,11777,11778,11777,4
2020-02-12 15:55:04.061,11777,11778,11778,1
2020-02-12 15:55:04.617,11777,11778,11777,1
2020-02-12 15:55:05.091,11777,11778,11777,2
2020-02-12 15:55:12.605,11777,11778,11777,1
2020-02-12 15:55:37.321,11777,11778,11777,1
2020-02-12 15:55:41.061,11777,11778,11778,2
2020-02-12 15:55:43.715,11777,11778,11778,17
2020-02-12 15:55:45.443,11778,11779,11778,1
2020-02-12 15:55:49.421,11778,11779,11779,1
2020-02-12 15:55:52.297,11778,11779,11779,5
2020-02-12 15:56:12.008,11778,11779,11778,1
2020-02-12 15:56:33.899,11778,11779,11778,1
2020-02-12 15:56:35.188,11778,11779,11778,1
2020-02-12 15:56:35.189,11778,11779,11778,1
2020-02-12 15:56:35.189,11778,11779,11778,5
2020-02-12 15:56:36.478,11777,11778,11777,4
2020-02-12 15:56:36.478,11777,11778,11777,5
2020-02-12 15:57:00.319,11777,11778,11777,5
2020-02-12 15:57:08.623,11776,11777,11776,5
2020-02-12 15:58:03.540,11776,11777,11776,4
2020-02-12 15:58:06.110,11776,11777,11776,1
2020-02-12 15:58:10.029,11776,11777,11776,1
2020-02-12 15:58:21.586,11776,11777,11777,7
2020-02-12 15:58:34.905,11777,11778,11777,4
2020-02-12 15:59:05.815,11776,11777,11777,2
2020-02-12 15:59:06.639,11776,11777,11777,1
2020-02-12 15:59:34.595,11777,11778,11777,1
2020-02-12 15:59:34.835,11776,11777,11777,1
2020-02-12 15:59:42.780,11776,11777,11777,1
2020-02-12 16:00:04.677,11777,11778,11778,2
2020-02-12 16:00:05.129,11778,11779,11778,1
2020-02-12 16:00:05.129,11778,11779,11778,1
2020-02-12 16:00:05.129,11778,11779,11778,3
2020-02-12 16:00:06.910,11777,11778,11777,1
2020-02-12 16:00:06.946,11776,11777,11776,5
2020-02-12 16:00:06.946,11776,11777,11776,5
2020-02-12 16:00:09.552,11777,11778,11777,1
2020-02-12 16:01:02.629,11777,11778,11778,2
2020-02-12 16:01:02.629,11777,11778,11778,10
2020-02-12 16:01:04.223,11778,11779,11779,4
2020-02-12 16:01:04.291,11778,11779,11779,1
2020-02-12 16:01:04.291,11778,11779,11779,1
2020-02-12 16:01:04.291,11778,11779,11779,6
2020-02-12 16:01:04.291,11778,11779,11779,1
2020-02-12 16:01:04.291,11778,11779,11779,4
2020-02-12 16:01:04.291,11778,11779,11779,1
2020-02-12 16:01:04.292,11778,11779,11779,2
2020-02-12 16:01:22.340,11778,11779,11778,1
2020-02-12 16:01:22.462,11778,11779,11779,5
2020-02-12 16:01:28.496,11778,11779,11778,1
2020-02-12 16:01:44.318,11778,11779,11779,1
2020-02-12 16:01:46.059,11778,11779,11779,1
2020-02-12 16:01:59.917,11779,11780,11779,1
2020-02-12 16:02:01.346,11778,11779,11779,2
2020-02-12 16:02:06.810,11778,11779,11778,1
2020-02-12 16:02:13.677,11778,11779,11779,8
2020-02-12 16:02:24.308,11779,11780,11779,1
2020-02-12 16:02:27.754,11778,11779,11779,1
2020-02-12 16:02:31.877,11778,11779,11779,5
2020-02-12 16:02:35.330,11778,11779,11779,3
2020-02-12 16:02:36.406,11779,11780,11780,1
2020-02-12 16:02:41.248,11779,11780,11779,1
2020-02-12 16:02:42.662,11779,11780,11780,1
2020-02-12 16:03:19.158,11779,11780,11780,2
2020-02-12 16:03:20.161,11779,11780,11780,1
2020-02-12 16:03:20.161,11779,11780,11780,1
2020-02-12 16:03:20.161,11779,11780,11780,1
2020-02-12 16:03:20.162,11779,11780,11780,1
2020-02-12 16:03:20.164,11779,11780,11780,1
2020-02-12 16:03:20.177,11779,11780,11780,7
2020-02-12 16:03:26.542,11780,11781,11781,1
2020-02-12 16:03:26.550,11780,11781,11781,1
2020-02-12 16:03:26.553,11780,11781,11781,1
2020-02-12 16:03:38.928,11780,11781,11781,1
2020-02-12 16:03:41.241,11780,11781,11780,2
2020-02-12 16:03:42.056,11779,11780,11780,1
2020-02-12 16:03:46.182,11780,11781,11780,1
2020-02-12 16:03:47.720,11779,11780,11780,1
2020-02-12 16:03:54.552,11779,11780,11780,1
2020-02-12 16:03:55.210,11779,11780,11780,1
2020-02-12 16:04:01.083,11779,11780,11780,1
2020-02-12 16:04:01.090,11779,11780,11780,1
2020-02-12 16:04:01.677,11779,11780,11780,2
2020-02-12 16:04:07.730,11779,11780,11780,1
2020-02-12 16:04:10.802,11779,11780,11780,2
2020-02-12 16:04:18.742,11779,11780,11780,2
2020-02-12 16:04:21.430,11779,11780,11780,1
2020-02-12 16:04:21.744,11779,11780,11780,1
2020-02-12 16:04:22.511,11779,11780,11780,1
2020-02-12 16:04:25.927,11779,11780,11780,1
2020-02-12 16:04:29.466,11780,11781,11780,2
2020-02-12 16:04:47.518,11780,11781,11780,1
2020-02-12 16:04:52.194,11779,11780,11779,1
2020-02-12 16:05:07.587,11779,11780,11779,8
2020-02-12 16:05:07.677,11779,11780,11779,9
2020-02-12 16:05:12.505,11778,11779,11779,1
2020-02-12 16:05:24.963,11779,11780,11780,5
2020-02-12 16:05:37.703,11779,11780,11780,1
2020-02-12 16:05:45.641,11779,11780,11779,1
2020-02-12 16:05:50.604,11779,11780,11780,2
2020-02-12 16:06:00.663,11779,11780,11779,1
2020-02-12 16:06:15.181,11779,11780,11780,2
2020-02-12 16:06:26.417,11779,11780,11780,11
2020-02-12 16:06:26.559,11780,11781,11781,1
2020-02-12 16:06:38.698,11780,11781,11780,1
2020-02-12 16:06:38.698,11780,11781,11780,1
2020-02-12 16:06:57.468,11779,11780,11780,2
2020-02-12 16:07:10.721,11779,11780,11779,1
2020-02-12 16:07:10.721,11779,11780,11779,1
2020-02-12 16:07:10.721,11779,11780,11779,3
2020-02-12 16:07:10.721,11779,11780,11779,1
2020-02-12 16:07:10.722,11779,11780,11779,4
2020-02-12 16:07:10.722,11779,11780,11779,17
2020-02-12 16:07:10.722,11779,11780,11779,2
2020-02-12 16:07:23.355,11778,11779,11779,1
2020-02-12 16:07:31.335,11778,11779,11778,5
2020-02-12 16:08:02.354,11778,11779,11778,1
2020-02-12 16:08:04.421,11778,11779,11779,1
2020-02-12 16:08:04.870,11779,11780,11779,1
2020-02-12 16:08:19.802,11779,11780,11779,3
2020-02-12 16:08:26.078,11778,11779,11779,1
2020-02-12 16:08:35.973,11778,11779,11778,1
2020-02-12 16:08:36.030,11778,11779,11779,1
2020-02-12 16:08:52.014,11779,11780,11779,1
2020-02-12 16:09:10.924,11778,11779,11778,2
2020-02-12 16:09:10.925,11778,11779,11778,1
2020-02-12 16:09:10.925,11778,11779,11778,1
2020-02-12 16:09:10.925,11778,11779,11778,4
2020-02-12 16:09:10.925,11778,11779,11778,1
2020-02-12 16:09:12.770,11777,11778,11777,1
2020-02-12 16:09:12.780,11777,11778,11777,1
2020-02-12 16:09:12.802,11777,11778,11777,3
2020-02-12 16:09:21.452,11777,11778,11777,1
2020-02-12 16:09:24.052,11776,11777,11776,12
2020-02-12 16:09:24.053,11776,11777,11776,4
2020-02-12 16:09:24.053,11776,11777,11776,1
2020-02-12 16:09:24.177,11776,11777,11776,1
2020-02-12 16:09:24.177,11776,11777,11776,3
2020-02-12 16:09:30.584,11776,11777,11776,3
2020-02-12 16:09:32.802,11775,11776,11776,1
2020-02-12 16:09:44.456,11775,11776,11776,1
2020-02-12 16:09:45.912,11775,11776,11776,3
2020-02-12 16:09:46.779,11775,11776,11776,1
2020-02-12 16:09:48.180,11775,11776,11775,2
2020-02-12 16:09:48.390,11775,11776,11775,6
2020-02-12 16:09:48.427,11775,11776,11775,15
2020-02-12 16:09:48.427,11775,11776,11775,4
2020-02-12 16:09:48.552,11775,11776,11775,1
2020-02-12 16:09:48.552,11775,11776,11775,1
2020-02-12 16:09:48.552,11775,11776,11775,3
2020-02-12 16:09:48.552,11775,11776,11775,2
2020-02-12 16:09:48.552,11775,11776,11775,1
2020-02-12 16:09:48.552,11775,11776,11775,4
2020-02-12 16:09:48.552,11775,11776,11775,2
2020-02-12 16:09:48.552,11775,11776,11775,2
2020-02-12 16:09:48.552,11775,11776,11775,1
2020-02-12 16:09:48.552,11775,11776,11775,2
2020-02-12 16:09:48.553,11775,11776,11775,1
2020-02-12 16:09:48.553,11775,11776,11775,2
2020-02-12 16:09:51.278,11774,11775,11775,2
2020-02-12 16:09:51.278,11774,11775,11775,14
2020-02-12 16:09:58.879,11775,11776,11775,1
2020-02-12 16:10:00.770,11775,11776,11775,2
2020-02-12 16:10:02.160,11775,11776,11775,6
2020-02-12 16:10:06.195,11774,11775,11775,1
2020-02-12 16:10:06.434,11774,11775,11775,1
2020-02-12 16:10:06.704,11774,11775,11774,1
2020-02-12 16:10:06.826,11774,11775,11774,1
2020-02-12 16:10:09.912,11774,11775,11774,1
2020-02-12 16:10:10.161,11774,11775,11774,1
2020-02-12 16:10:12.155,11774,11775,11775,1
2020-02-12 16:10:15.258,11774,11775,11775,1
2020-02-12 16:10:18.261,11775,11776,11776,2
2020-02-12 16:10:19.302,11775,11776,11776,1
2020-02-12 16:10:36.336,11775,11776,11776,2
2020-02-12 16:10:39.705,11776,11777,11776,1
2020-02-12 16:10:43.128,11776,11777,11777,2
2020-02-12 16:10:43.129,11776,11777,11777,5
2020-02-12 16:10:43.130,11776,11777,11777,4
2020-02-12 16:10:47.301,11777,11778,11778,1
2020-02-12 16:10:53.892,11777,11778,11777,2
2020-02-12 16:11:00.868,11776,11778,11777,1
2020-02-12 16:11:08.506,11776,11777,11776,2
2020-02-12 16:11:15.875,11776,11777,11776,1
2020-02-12 16:11:27.248,11776,11777,11776,1
2020-02-12 16:12:02.215,11776,11777,11776,2
2020-02-12 16:12:18.834,11776,11777,11777,2
2020-02-12 16:12:40.054,11777,11778,11777,3
2020-02-12 16:12:48.367,11777,11778,11777,3
2020-02-12 16:13:44.041,11776,11777,11776,7
2020-02-12 16:13:44.052,11775,11776,11776,2
2020-02-12 16:13:44.052,11775,11776,11776,1
2020-02-12 16:13:44.052,11775,11776,11776,1
2020-02-12 16:13:53.761,11775,11776,11776,1
2020-02-12 16:13:55.009,11776,11777,11776,1
2020-02-12 16:14:18.005,11776,11777,11776,1
2020-02-12 16:14:21.939,11776,11777,11777,1
2020-02-12 16:14:21.939,11776,11777,11777,1
2020-02-12 16:14:21.970,11776,11777,11777,2
2020-02-12 16:14:21.971,11776,11777,11777,1
2020-02-12 16:14:27.084,11777,11778,11777,1
2020-02-12 16:14:27.084,11777,11778,11776,1
2020-02-12 16:14:41.570,11777,11778,11778,1
2020-02-12 16:14:44.882,11777,11778,11777,1
2020-02-12 16:15:10.723,11777,11778,11777,1
2020-02-12 16:15:13.287,11777,11778,11777,1
2020-02-12 16:15:17.121,11777,11778,11777,1
2020-02-12 16:15:18.792,11777,11778,11777,1
2020-02-12 16:15:19.088,11777,11778,11777,1
2020-02-12 16:15:46.927,11777,11778,11778,4
2020-02-12 16:16:01.930,11778,11779,11779,1
2020-02-12 16:16:04.619,11778,11779,11779,11
2020-02-12 16:16:04.927,11779,11780,11780,1
2020-02-12 16:16:05.049,11779,11780,11780,1
2020-02-12 16:16:05.170,11779,11780,11780,1
2020-02-12 16:16:05.280,11779,11780,11780,1
2020-02-12 16:16:05.329,11779,11780,11780,1
2020-02-12 16:16:07.965,11779,11780,11779,1
2020-02-12 16:16:47.665,11778,11779,11778,1
2020-02-12 16:16:47.665,11778,11779,11777,1
2020-02-12 16:16:49.316,11777,11779,11779,1
2020-02-12 16:17:06.481,11778,11779,11779,1
2020-02-12 16:18:27.200,11778,11779,11779,1
2020-02-12 16:18:32.314,11778,11779,11779,1
2020-02-12 16:18:36.977,11778,11779,11779,2
2020-02-12 16:18:37.574,11778,11779,11779,2
2020-02-12 16:18:38.725,11778,11779,11779,2
2020-02-12 16:18:56.070,11778,11779,11778,1
2020-02-12 16:19:02.335,11778,11779,11778,3
2020-02-12 16:19:07.211,11778,11779,11778,1
2020-02-12 16:19:11.631,11778,11779,11778,1
2020-02-12 16:20:02.313,11778,11779,11778,2
2020-02-12 16:20:02.688,11778,11779,11778,1
2020-02-12 16:20:12.114,11778,11779,11778,1
2020-02-12 16:20:12.115,11778,11779,11778,1
2020-02-12 16:20:20.408,11777,11778,11777,2
2020-02-12 16:20:20.408,11777,11778,11777,5
2020-02-12 16:20:42.682,11777,11778,11777,1
2020-02-12 16:20:44.073,11777,11778,11777,1
2020-02-12 16:20:45.060,11777,11779,11777,2
2020-02-12 16:21:01.409,11778,11779,11778,1
2020-02-12 16:21:05.631,11777,11778,11778,1
2020-02-12 16:21:05.909,11778,11779,11778,2
2020-02-12 16:21:06.664,11778,11779,11778,1
2020-02-12 16:21:09.666,11777,11778,11778,1
2020-02-12 16:21:15.988,11778,11779,11779,10
2020-02-12 16:21:23.052,11778,11779,11779,1
2020-02-12 16:21:32.604,11779,11780,11779,1
2020-02-12 16:21:35.015,11779,11780,11780,8
2020-02-12 16:21:35.026,11779,11780,11780,15
2020-02-12 16:21:35.306,11780,11781,11781,2
2020-02-12 16:21:42.309,11780,11781,11781,1
2020-02-12 16:21:43.770,11780,11781,11781,1
2020-02-12 16:21:49.311,11780,11781,11781,1
2020-02-12 16:21:51.205,11780,11781,11780,1
2020-02-12 16:22:10.051,11780,11781,11780,1
2020-02-12 16:22:10.051,11780,11781,11780,2
2020-02-12 16:22:10.052,11780,11781,11780,2
2020-02-12 16:22:10.052,11780,11781,11780,3
2020-02-12 16:22:15.554,11779,11780,11780,1
2020-02-12 16:22:16.522,11779,11780,11780,2
2020-02-12 16:22:16.666,11779,11781,11780,1
2020-02-12 16:22:16.677,11780,11781,11780,1
2020-02-12 16:22:21.417,11779,11781,11779,1
2020-02-12 16:22:38.849,11779,11781,11781,2
2020-02-12 16:22:42.922,11779,11780,11780,1
2020-02-12 16:22:48.475,11780,11781,11780,1
2020-02-12 16:22:55.442,11779,11780,11780,2
2020-02-12 16:22:57.480,11779,11781,11780,1
2020-02-12 16:23:07.958,11779,11780,11780,1
2020-02-12 16:23:21.340,11779,11780,11780,1
2020-02-12 16:23:22.733,11779,11780,11780,1
2020-02-12 16:23:44.526,11780,11781,11780,2
2020-02-12 16:23:52.873,11779,11780,11780,1
2020-02-12 16:23:57.877,11780,11781,11780,1
2020-02-12 16:24:10.229,11780,11781,11781,2
2020-02-12 16:24:42.377,11780,11781,11781,2
2020-02-12 16:24:42.377,11780,11781,11781,2
2020-02-12 16:24:42.377,11780,11781,11781,1
2020-02-12 16:24:42.377,11780,11781,11781,2
2020-02-12 16:24:42.377,11780,11781,11781,3
2020-02-12 16:24:43.525,11781,11782,11781,1
2020-02-12 16:24:43.525,11781,11782,11780,1
2020-02-12 16:24:53.673,11780,11781,11780,1
2020-02-12 16:25:06.698,11780,11781,11780,5
2020-02-12 16:25:25.745,11780,11781,11780,1
2020-02-12 16:25:29.584,11780,11781,11780,1
2020-02-12 16:25:38.763,11780,11781,11781,6
2020-02-12 16:25:38.802,11780,11781,11781,1
2020-02-12 16:25:47.645,11781,11782,11782,2
2020-02-12 16:25:47.645,11781,11782,11782,2
2020-02-12 16:25:47.647,11781,11782,11782,3
2020-02-12 16:25:47.647,11781,11782,11782,6
2020-02-12 16:25:47.647,11781,11782,11782,2
2020-02-12 16:25:47.647,11781,11782,11782,5
2020-02-12 16:25:47.709,11782,11783,11783,1
2020-02-12 16:25:48.090,11782,11783,11783,1
2020-02-12 16:25:48.090,11782,11783,11783,1
2020-02-12 16:25:48.325,11782,11783,11783,1
2020-02-12 16:25:48.357,11782,11783,11783,1
2020-02-12 16:25:56.035,11781,11782,11782,2
2020-02-12 16:26:01.505,11782,11783,11783,1
2020-02-12 16:26:06.591,11782,11783,11783,1
2020-02-12 16:26:08.739,11782,11783,11783,1
2020-02-12 16:26:12.807,11782,11783,11783,1
2020-02-12 16:26:13.145,11782,11783,11783,2
2020-02-12 16:26:13.285,11782,11783,11783,1
2020-02-12 16:26:20.700,11782,11783,11783,1
2020-02-12 16:26:24.144,11782,11783,11782,1
2020-02-12 16:26:25.027,11782,11783,11783,1
2020-02-12 16:26:27.102,11782,11783,11782,1
2020-02-12 16:26:27.180,11782,11783,11783,1
2020-02-12 16:26:27.212,11782,11783,11783,2
2020-02-12 16:26:27.743,11782,11783,11783,2
2020-02-12 16:26:41.444,11782,11783,11783,1
2020-02-12 16:26:45.507,11782,11783,11783,1
2020-02-12 16:26:45.507,11782,11783,11783,2
2020-02-12 16:26:45.508,11782,11783,11783,4
2020-02-12 16:26:45.510,11782,11783,11783,4
2020-02-12 16:26:45.552,11782,11783,11783,20
2020-02-12 16:26:45.552,11782,11783,11783,4
2020-02-12 16:26:46.547,11783,11784,11783,1
2020-02-12 16:27:00.121,11783,11784,11784,1
2020-02-12 16:27:00.183,11783,11784,11784,3
2020-02-12 16:27:00.206,11783,11784,11784,1
2020-02-12 16:27:00.328,11783,11784,11784,1
2020-02-12 16:27:00.402,11783,11784,11784,1
2020-02-12 16:27:00.510,11783,11784,11784,4
2020-02-12 16:27:00.678,11783,11784,11784,2
2020-02-12 16:27:00.742,11783,11784,11784,4
2020-02-12 16:27:01.452,11783,11784,11784,1
2020-02-12 16:27:01.542,11783,11784,11784,1
2020-02-12 16:27:01.542,11783,11784,11784,3
2020-02-12 16:27:01.542,11783,11784,11784,2
2020-02-12 16:27:02.397,11783,11784,11783,1
2020-02-12 16:27:04.317,11783,11784,11784,1
2020-02-12 16:27:05.997,11783,11784,11784,2
2020-02-12 16:27:06.052,11783,11784,11784,34
2020-02-12 16:27:07.185,11784,11785,11784,1
2020-02-12 16:27:13.516,11784,11785,11785,1
2020-02-12 16:27:13.572,11784,11785,11785,5
2020-02-12 16:27:13.721,11784,11785,11785,3
2020-02-12 16:27:14.039,11784,11785,11784,1
2020-02-12 16:27:14.289,11784,11785,11785,2
2020-02-12 16:27:15.168,11784,11785,11785,26
2020-02-12 16:27:15.424,11785,11786,11785,1
2020-02-12 16:27:15.504,11785,11786,11786,6
2020-02-12 16:27:15.504,11785,11786,11786,6
2020-02-12 16:27:15.504,11785,11786,11786,6
2020-02-12 16:27:15.505,11785,11786,11786,2
2020-02-12 16:27:15.510,11785,11786,11786,4
2020-02-12 16:27:15.510,11785,11786,11786,1
2020-02-12 16:27:15.510,11785,11786,11786,2
2020-02-12 16:27:15.510,11785,11786,11786,1
2020-02-12 16:27:15.511,11785,11786,11786,3
2020-02-12 16:27:15.511,11785,11786,11786,4
2020-02-12 16:27:15.512,11785,11786,11786,1
2020-02-12 16:27:15.564,11786,11787,11787,7
2020-02-12 16:27:15.564,11786,11787,11787,6
2020-02-12 16:27:15.564,11786,11787,11787,6
2020-02-12 16:27:15.564,11786,11787,11787,6
2020-02-12 16:27:15.567,11786,11787,11787,40
2020-02-12 16:27:15.696,11786,11788,11788,5
2020-02-12 16:27:15.819,11787,11788,11788,1
2020-02-12 16:27:15.825,11787,11788,11788,3
2020-02-12 16:27:15.827,11787,11788,11788,3
2020-02-12 16:27:15.927,11787,11788,11788,8
2020-02-12 16:27:15.927,11787,11788,11788,2
2020-02-12 16:27:15.927,11787,11788,11788,3
2020-02-12 16:27:15.927,11787,11788,11788,4
2020-02-12 16:27:15.934,11787,11788,11788,9
2020-02-12 16:27:15.986,11787,11788,11789,1
2020-02-12 16:27:16.195,11788,11789,11789,1
2020-02-12 16:27:16.281,11788,11789,11788,1
2020-02-12 16:27:16.284,11788,11789,11788,1
2020-02-12 16:27:16.286,11788,11789,11788,1
2020-02-12 16:27:16.286,11788,11789,11788,1
2020-02-12 16:27:16.290,11788,11789,11788,1
2020-02-12 16:27:16.302,11788,11789,11788,2
2020-02-12 16:27:16.389,11788,11789,11788,2
2020-02-12 16:27:18.011,11788,11789,11788,1
2020-02-12 16:27:19.913,11788,11789,11788,2
2020-02-12 16:27:19.914,11788,11789,11788,2
2020-02-12 16:27:19.914,11788,11789,11788,2
2020-02-12 16:27:20.217,11787,11789,11789,2
2020-02-12 16:27:21.177,11787,11788,11788,2
2020-02-12 16:27:22.969,11787,11788,11788,1
2020-02-12 16:27:23.141,11787,11788,11788,1
2020-02-12 16:27:23.309,11787,11788,11788,1
2020-02-12 16:27:23.323,11787,11788,11788,5
2020-02-12 16:27:25.279,11787,11788,11788,2
2020-02-12 16:27:27.977,11787,11788,11788,1
2020-02-12 16:27:28.974,11787,11788,11788,1
2020-02-12 16:27:29.429,11787,11788,11788,2
2020-02-12 16:27:29.998,11787,11788,11788,1
2020-02-12 16:27:30.214,11787,11788,11788,1
2020-02-12 16:27:30.245,11787,11788,11788,1
2020-02-12 16:27:31.667,11787,11788,11788,1
2020-02-12 16:27:32.148,11787,11788,11788,1
2020-02-12 16:27:32.258,11787,11788,11788,1
2020-02-12 16:27:33.049,11787,11788,11788,1
2020-02-12 16:27:36.529,11787,11788,11788,1
2020-02-12 16:27:37.075,11787,11788,11788,40
2020-02-12 16:27:37.177,11787,11788,11788,2
2020-02-12 16:27:39.640,11787,11788,11788,1
2020-02-12 16:27:40.403,11787,11788,11788,1
2020-02-12 16:27:40.793,11787,11788,11788,3
2020-02-12 16:27:46.302,11788,11789,11789,3
2020-02-12 16:27:46.303,11788,11789,11789,34
2020-02-12 16:27:46.844,11789,11790,11789,2
2020-02-12 16:27:47.194,11789,11790,11790,1
2020-02-12 16:27:47.456,11789,11790,11789,1
2020-02-12 16:27:47.593,11789,11790,11790,1
2020-02-12 16:27:48.651,11789,11790,11790,1
2020-02-12 16:27:48.947,11789,11790,11789,1
2020-02-12 16:27:52.823,11789,11790,11790,1
2020-02-12 16:27:53.743,11789,11790,11789,1
2020-02-12 16:27:54.211,11789,11790,11789,1
2020-02-12 16:27:55.710,11789,11790,11789,1
2020-02-12 16:27:56.585,11789,11790,11789,1
2020-02-12 16:27:56.741,11789,11790,11789,3
2020-02-12 16:27:58.590,11789,11790,11790,1
2020-02-12 16:27:58.825,11789,11790,11790,1
2020-02-12 16:27:59.241,11789,11790,11789,1
2020-02-12 16:28:02.104,11789,11790,11789,5
2020-02-12 16:28:07.464,11789,11790,11789,1
2020-02-12 16:28:08.299,11789,11790,11789,3
2020-02-12 16:28:09.018,11789,11790,11789,3
2020-02-12 16:28:11.666,11789,11790,11789,5
2020-02-12 16:28:18.711,11789,11790,11790,2
2020-02-12 16:28:19.001,11789,11790,11790,1
2020-02-12 16:28:24.687,11789,11790,11789,1
2020-02-12 16:28:25.510,11789,11790,11789,4
2020-02-12 16:28:26.416,11789,11790,11789,5
2020-02-12 16:28:27.050,11788,11790,11789,1
2020-02-12 16:28:27.050,11788,11790,11790,3
2020-02-12 16:28:27.084,11788,11790,11790,1
2020-02-12 16:28:27.587,11788,11790,11790,1
2020-02-12 16:28:28.598,11788,11789,11788,1
2020-02-12 16:28:28.808,11788,11789,11789,1
2020-02-12 16:28:30.132,11788,11789,11789,1
2020-02-12 16:28:30.178,11788,11789,11789,1
2020-02-12 16:28:30.240,11788,11789,11789,1
2020-02-12 16:28:40.035,11788,11789,11788,1
2020-02-12 16:28:40.035,11788,11789,11788,3
2020-02-12 16:28:40.035,11788,11789,11788,18
2020-02-12 16:28:40.038,11788,11789,11788,8
2020-02-12 16:28:40.046,11788,11789,11788,2
2020-02-12 16:28:40.344,11787,11788,11788,1
2020-02-12 16:28:41.763,11787,11788,11787,1
2020-02-12 16:28:41.763,11787,11788,11787,1
2020-02-12 16:28:41.763,11787,11788,11787,1
2020-02-12 16:28:41.763,11787,11788,11787,2
2020-02-12 16:28:41.933,11786,11787,11788,1
2020-02-12 16:28:43.340,11787,11788,11788,1
2020-02-12 16:28:45.709,11787,11788,11787,1
2020-02-12 16:28:47.391,11787,11788,11787,2
2020-02-12 16:28:48.150,11787,11788,11787,1
2020-02-12 16:28:51.504,11787,11788,11787,1
2020-02-12 16:28:56.677,11787,11788,11787,1
2020-02-12 16:28:57.486,11787,11788,11787,1
2020-02-12 16:29:01.154,11787,11788,11788,9
2020-02-12 16:29:02.451,11787,11788,11787,1
2020-02-12 16:29:03.241,11787,11788,11787,1
2020-02-12 16:29:08.357,11787,11788,11787,1
2020-02-12 16:29:10.177,11787,11788,11787,5
2020-02-12 16:29:12.276,11786,11787,11787,1
2020-02-12 16:29:15.100,11786,11787,11787,6
2020-02-12 16:29:16.943,11786,11787,11787,1
2020-02-12 16:29:18.754,11786,11787,11787,1
2020-02-12 16:29:18.835,11786,11787,11787,1
2020-02-12 16:29:22.427,11787,11788,11787,1
2020-02-12 16:29:23.803,11787,11788,11787,1
2020-02-12 16:29:23.927,11787,11788,11787,6
2020-02-12 16:29:26.427,11787,11788,11787,1
2020-02-12 16:29:27.282,11786,11788,11786,1
2020-02-12 16:29:28.103,11787,11788,11787,1
2020-02-12 16:29:28.157,11787,11788,11787,1
2020-02-12 16:29:29.258,11787,11788,11787,1
2020-02-12 16:29:33.498,11787,11788,11787,1
2020-02-12 16:29:33.660,11787,11788,11787,1
2020-02-12 16:29:43.144,11787,11788,11788,2
2020-02-12 16:29:49.362,11787,11788,11788,1
2020-02-12 16:29:49.362,11787,11788,11788,2
2020-02-12 16:29:49.363,11787,11788,11788,1
2020-02-12 16:29:52.351,11788,11789,11789,4
2020-02-12 16:29:53.536,11788,11789,11789,2
2020-02-12 16:29:55.997,11788,11789,11788,10
2020-02-12 16:29:58.480,11788,11789,11788,4
2020-02-12 16:29:58.733,11787,11788,11788,1
2020-02-12 16:30:05.131,11788,11789,11788,1
2020-02-12 16:30:06.906,11788,11789,11788,1
2020-02-12 16:30:08.785,11788,11789,11788,2
2020-02-12 16:30:09.689,11788,11789,11788,2
2020-02-12 16:30:14.276,11788,11789,11788,1
2020-02-12 16:30:15.177,11787,11788,11788,1
2020-02-12 16:30:17.786,11788,11789,11788,1
2020-02-12 16:30:17.813,11787,11788,11788,1
2020-02-12 16:30:19.153,11787,11788,11788,3
2020-02-12 16:30:24.488,11788,11789,11788,2
2020-02-12 16:30:24.988,11787,11789,11789,1
2020-02-12 16:30:31.887,11788,11789,11788,3
2020-02-12 16:30:34.259,11788,11789,11788,1
2020-02-12 16:30:34.616,11788,11789,11788,1
2020-02-12 16:30:36.194,11788,11789,11789,3
2020-02-12 16:30:37.526,11788,11789,11788,1
2020-02-12 16:30:38.242,11788,11789,11788,1
2020-02-12 16:30:39.040,11788,11789,11789,1
2020-02-12 16:30:41.512,11788,11789,11789,1
2020-02-12 16:30:45.834,11788,11789,11789,1
2020-02-12 16:30:46.402,11788,11789,11789,4
2020-02-12 16:30:46.427,11788,11789,11789,12
2020-02-12 16:30:46.427,11788,11789,11789,1
2020-02-12 16:30:47.730,11788,11790,11788,1
2020-02-12 16:30:51.358,11789,11790,11790,2
2020-02-12 16:30:51.358,11789,11790,11790,2
2020-02-12 16:30:51.358,11789,11790,11790,1
2020-02-12 16:30:51.359,11789,11790,11790,4
2020-02-12 16:30:51.359,11789,11790,11790,3
2020-02-12 16:30:51.359,11789,11790,11790,3
2020-02-12 16:30:51.360,11789,11790,11790,4
2020-02-12 16:30:51.360,11789,11790,11790,1
2020-02-12 16:30:51.427,11789,11790,11790,1
2020-02-12 16:30:51.427,11789,11790,11790,1
2020-02-12 16:30:51.427,11789,11790,11790,11
2020-02-12 16:30:51.427,11789,11790,11790,2
2020-02-12 16:30:51.427,11789,11790,11790,4
2020-02-12 16:30:51.427,11789,11790,11790,2
2020-02-12 16:30:51.427,11789,11790,11790,3
2020-02-12 16:30:51.466,11789,11790,11790,2
2020-02-12 16:30:51.475,11789,11790,11790,1
2020-02-12 16:30:51.475,11789,11790,11790,3
2020-02-12 16:30:51.552,11789,11790,11790,1
2020-02-12 16:30:51.552,11789,11790,11790,3
2020-02-12 16:30:51.552,11789,11790,11790,3
2020-02-12 16:30:53.552,11790,11791,11791,9
2020-02-12 16:30:53.834,11791,11792,11792,1
2020-02-12 16:30:53.932,11791,11792,11792,4
2020-02-12 16:30:54.206,11791,11792,11792,1
2020-02-12 16:30:54.233,11791,11792,11792,1
2020-02-12 16:30:54.258,11791,11792,11792,1
2020-02-12 16:30:54.697,11791,11792,11792,2
2020-02-12 16:30:54.802,11791,11792,11792,2
2020-02-12 16:30:55.036,11791,11792,11792,2
2020-02-12 16:30:55.821,11791,11792,11792,1
2020-02-12 16:30:56.097,11791,11792,11792,1
2020-02-12 16:30:56.102,11791,11792,11792,1
2020-02-12 16:30:57.151,11791,11792,11792,2
2020-02-12 16:30:57.201,11791,11792,11792,1
2020-02-12 16:30:57.923,11791,11792,11792,1
2020-02-12 16:30:58.331,11791,11792,11792,2
2020-02-12 16:30:58.402,11791,11792,11791,1
2020-02-12 16:30:58.553,11791,11792,11792,2
2020-02-12 16:30:59.877,11790,11792,11792,1
2020-02-12 16:31:00.308,11791,11792,11792,1
2020-02-12 16:31:01.562,11791,11792,11791,1
2020-02-12 16:31:01.735,11791,11792,11792,1
2020-02-12 16:31:02.657,11791,11792,11792,1
2020-02-12 16:31:02.815,11791,11792,11792,2
2020-02-12 16:31:03.798,11791,11792,11792,4
2020-02-12 16:31:05.047,11791,11792,11792,6
2020-02-12 16:31:05.497,11791,11792,11791,2
2020-02-12 16:31:06.005,11790,11791,11791,2
2020-02-12 16:31:07.549,11790,11791,11791,1
2020-02-12 16:31:12.675,11790,11791,11791,1
2020-02-12 16:31:13.451,11790,11791,11791,1
2020-02-12 16:31:16.285,11790,11791,11791,1
2020-02-12 16:31:16.305,11790,11791,11791,10
2020-02-12 16:31:16.855,11791,11792,11791,2
2020-02-12 16:31:21.449,11791,11792,11792,4
2020-02-12 16:31:21.583,11791,11792,11792,1
2020-02-12 16:31:21.855,11791,11792,11792,10
2020-02-12 16:31:22.607,11792,11793,11792,2
2020-02-12 16:31:24.198,11792,11793,11793,1
2020-02-12 16:31:24.447,11792,11793,11793,1
2020-02-12 16:31:24.741,11792,11793,11792,1
2020-02-12 16:31:25.511,11792,11793,11792,1
2020-02-12 16:31:27.230,11792,11793,11793,1
2020-02-12 16:31:29.448,11792,11793,11793,4
2020-02-12 16:31:29.458,11792,11793,11793,2
2020-02-12 16:31:31.202,11792,11793,11793,1
2020-02-12 16:31:31.714,11792,11793,11793,1
2020-02-12 16:31:35.234,11792,11793,11793,4
2020-02-12 16:31:35.560,11792,11793,11793,1
2020-02-12 16:31:40.209,11792,11793,11793,1
2020-02-12 16:31:42.905,11792,11793,11793,11
2020-02-12 16:31:45.337,11793,11794,11793,1
2020-02-12 16:31:46.380,11793,11794,11794,1
2020-02-12 16:31:48.581,11793,11794,11794,1
2020-02-12 16:31:48.582,11793,11794,11794,4
2020-02-12 16:31:48.601,11793,11794,11794,1
2020-02-12 16:31:48.605,11793,11794,11794,2
2020-02-12 16:31:48.951,11793,11794,11794,1
2020-02-12 16:31:49.423,11793,11794,11794,1
2020-02-12 16:31:51.435,11793,11794,11794,1
2020-02-12 16:31:51.514,11793,11794,11794,1
2020-02-12 16:31:51.514,11793,11794,11794,1
2020-02-12 16:31:51.515,11793,11794,11794,2
2020-02-12 16:31:51.515,11793,11794,11794,3
2020-02-12 16:31:51.515,11793,11794,11794,1
2020-02-12 16:31:51.515,11793,11794,11794,1
2020-02-12 16:31:51.515,11793,11794,11794,2
2020-02-12 16:31:51.515,11793,11794,11794,1
2020-02-12 16:31:51.516,11793,11794,11794,1
2020-02-12 16:31:55.352,11794,11795,11794,2
2020-02-12 16:31:56.065,11794,11795,11794,1
2020-02-12 16:31:56.389,11794,11795,11794,1
2020-02-12 16:31:56.760,11794,11795,11794,2
2020-02-12 16:31:59.385,11794,11795,11794,1
2020-02-12 16:31:59.900,11794,11795,11794,4
2020-02-12 16:31:59.927,11794,11795,11794,2
2020-02-12 16:31:59.927,11794,11795,11794,2
2020-02-12 16:32:00.437,11793,11794,11794,1
2020-02-12 16:32:01.914,11794,11795,11794,1
2020-02-12 16:32:01.986,11794,11795,11794,1
2020-02-12 16:32:02.675,11794,11795,11795,1
2020-02-12 16:32:02.706,11794,11795,11795,1
2020-02-12 16:32:03.585,11794,11795,11794,1
2020-02-12 16:32:05.545,11794,11795,11794,1
2020-02-12 16:32:06.689,11794,11795,11795,2
2020-02-12 16:32:08.927,11794,11795,11794,2
2020-02-12 16:32:09.009,11794,11795,11794,1
2020-02-12 16:32:09.984,11794,11795,11794,1
2020-02-12 16:32:10.304,11794,11795,11795,1
2020-02-12 16:32:11.238,11794,11795,11794,2
2020-02-12 16:32:15.182,11794,11795,11794,1
2020-02-12 16:32:15.584,11794,11795,11794,1
2020-02-12 16:32:20.494,11794,11795,11794,1
2020-02-12 16:32:23.535,11794,11795,11794,1
2020-02-12 16:32:24.255,11794,11795,11794,1
2020-02-12 16:32:26.189,11794,11795,11795,50
2020-02-12 16:32:26.302,11794,11795,11795,2
2020-02-12 16:32:26.302,11794,11795,11795,5
2020-02-12 16:32:28.357,11795,11796,11796,1
2020-02-12 16:32:28.594,11795,11796,11796,1
2020-02-12 16:32:28.706,11795,11796,11796,2
2020-02-12 16:32:29.473,11795,11796,11796,1
2020-02-12 16:32:35.651,11795,11796,11796,1
2020-02-12 16:32:37.156,11795,11796,11796,10
2020-02-12 16:32:37.489,11795,11796,11796,1
2020-02-12 16:32:37.632,11795,11796,11796,1
2020-02-12 16:32:37.723,11795,11796,11796,1
2020-02-12 16:32:37.753,11795,11796,11796,1
2020-02-12 16:32:38.009,11796,11797,11796,1
2020-02-12 16:32:38.021,11796,11797,11797,1
2020-02-12 16:32:38.133,11795,11797,11797,2
2020-02-12 16:32:38.201,11795,11797,11797,2
2020-02-12 16:32:38.251,11795,11797,11797,1
2020-02-12 16:32:38.328,11796,11797,11797,1
2020-02-12 16:32:38.350,11796,11797,11797,1
2020-02-12 16:32:38.353,11796,11797,11797,1
2020-02-12 16:32:38.360,11796,11797,11797,1
2020-02-12 16:32:38.363,11796,11797,11797,1
2020-02-12 16:32:38.388,11796,11797,11797,2
2020-02-12 16:32:38.404,11796,11797,11797,1
2020-02-12 16:32:38.408,11796,11797,11797,1
2020-02-12 16:32:38.415,11796,11797,11797,1
2020-02-12 16:32:38.419,11796,11797,11797,2
2020-02-12 16:32:38.445,11796,11797,11797,2
2020-02-12 16:32:38.454,11796,11797,11797,1
2020-02-12 16:32:38.477,11796,11797,11797,3
2020-02-12 16:32:38.527,11796,11797,11797,1
2020-02-12 16:32:38.538,11796,11797,11797,2
2020-02-12 16:32:38.540,11796,11797,11797,1
2020-02-12 16:32:38.543,11796,11797,11798,1
2020-02-12 16:32:38.554,11796,11798,11798,1
2020-02-12 16:32:38.577,11796,11798,11798,1
2020-02-12 16:32:38.593,11796,11798,11798,1
2020-02-12 16:32:38.594,11796,11798,11798,9
2020-02-12 16:32:38.604,11796,11798,11798,1
2020-02-12 16:32:38.612,11796,11798,11798,4
2020-02-12 16:32:38.643,11796,11798,11798,1
2020-02-12 16:32:38.669,11796,11798,11796,1
2020-02-12 16:32:38.681,11796,11798,11797,4
2020-02-12 16:32:38.681,11796,11798,11798,1
2020-02-12 16:32:38.765,11796,11798,11798,22
2020-02-12 16:32:38.785,11796,11798,11798,3
2020-02-12 16:32:38.873,11796,11798,11798,1
2020-02-12 16:32:38.902,11796,11798,11798,1
2020-02-12 16:32:38.914,11796,11798,11798,3
2020-02-12 16:32:38.923,11796,11798,11798,1
2020-02-12 16:32:38.972,11797,11798,11798,1
2020-02-12 16:32:38.995,11797,11798,11798,1
2020-02-12 16:32:39.040,11797,11798,11798,2
2020-02-12 16:32:39.052,11797,11798,11798,3
2020-02-12 16:32:39.090,11797,11798,11797,3
2020-02-12 16:32:39.196,11797,11798,11797,3
2020-02-12 16:32:39.250,11797,11798,11798,4
2020-02-12 16:32:39.475,11796,11798,11798,5
2020-02-12 16:32:39.487,11796,11798,11798,1
2020-02-12 16:32:39.765,11796,11798,11797,1
2020-02-12 16:32:40.159,11796,11797,11797,2
2020-02-12 16:32:40.213,11796,11797,11796,1
2020-02-12 16:32:40.549,11796,11797,11798,1
2020-02-12 16:32:41.447,11797,11798,11798,1
2020-02-12 16:32:41.570,11797,11798,11798,1
2020-02-12 16:32:41.792,11797,11798,11798,5
2020-02-12 16:32:44.656,11797,11798,11798,3
2020-02-12 16:32:45.452,11798,11799,11798,1
2020-02-12 16:32:45.461,11798,11799,11798,1
2020-02-12 16:32:45.473,11798,11799,11798,1
2020-02-12 16:32:46.771,11797,11799,11797,1
2020-02-12 16:32:47.156,11797,11798,11797,1
2020-02-12 16:32:48.286,11797,11799,11798,1
2020-02-12 16:32:48.286,11797,11799,11799,2
2020-02-12 16:32:49.169,11798,11799,11798,1
2020-02-12 16:32:50.065,11797,11798,11797,1
2020-02-12 16:32:50.293,11797,11798,11798,1
2020-02-12 16:32:50.355,11797,11798,11798,2
2020-02-12 16:32:50.436,11797,11798,11799,1
2020-02-12 16:32:51.812,11798,11799,11798,2
2020-02-12 16:32:52.269,11798,11799,11799,17
2020-02-12 16:32:52.307,11798,11799,11799,1
2020-02-12 16:32:52.419,11798,11799,11798,1
2020-02-12 16:32:53.778,11798,11799,11799,20
2020-02-12 16:32:54.163,11798,11799,11799,1
2020-02-12 16:32:54.554,11798,11799,11798,1
2020-02-12 16:32:55.138,11798,11799,11798,1
2020-02-12 16:32:55.372,11798,11799,11799,1
2020-02-12 16:32:55.476,11798,11799,11798,1
2020-02-12 16:32:57.107,11798,11799,11799,1
2020-02-12 16:32:57.330,11798,11799,11799,1
2020-02-12 16:32:57.743,11798,11799,11799,1
2020-02-12 16:32:58.062,11798,11799,11798,3
2020-02-12 16:32:58.534,11798,11799,11799,1
2020-02-12 16:32:59.730,11798,11799,11799,1
2020-02-12 16:33:00.282,11798,11799,11799,1
2020-02-12 16:33:00.424,11798,11799,11799,2
2020-02-12 16:33:00.427,11798,11799,11799,1
2020-02-12 16:33:00.427,11798,11799,11799,4
2020-02-12 16:33:00.447,11798,11799,11799,2
2020-02-12 16:33:00.470,11798,11799,11799,5
2020-02-12 16:33:00.552,11798,11799,11799,3
2020-02-12 16:33:00.552,11798,11799,11799,1
2020-02-12 16:33:00.557,11798,11799,11799,3
2020-02-12 16:33:00.563,11798,11799,11799,1
2020-02-12 16:33:00.563,11798,11799,11799,1
2020-02-12 16:33:00.580,11798,11799,11799,1
2020-02-12 16:33:00.580,11798,11799,11799,2
2020-02-12 16:33:00.677,11798,11799,11799,1
2020-02-12 16:33:00.677,11798,11799,11799,4
2020-02-12 16:33:00.678,11798,11799,11799,20
2020-02-12 16:33:00.802,11798,11799,11799,1
2020-02-12 16:33:00.802,11798,11799,11799,3
2020-02-12 16:33:00.802,11798,11799,11799,3
2020-02-12 16:33:00.802,11798,11799,11799,1
2020-02-12 16:33:00.802,11798,11799,11799,3
2020-02-12 16:33:00.802,11798,11799,11799,3
2020-02-12 16:33:00.803,11798,11799,11799,1
2020-02-12 16:33:00.892,11798,11799,11799,2
2020-02-12 16:33:00.893,11798,11799,11799,3
2020-02-12 16:33:00.906,11798,11799,11799,3
2020-02-12 16:33:00.910,11798,11799,11799,1
2020-02-12 16:33:00.913,11798,11799,11798,4
2020-02-12 16:33:00.927,11798,11799,11799,1
2020-02-12 16:33:00.927,11798,11799,11799,2
2020-02-12 16:33:01.054,11798,11799,11799,1
2020-02-12 16:33:01.186,11798,11799,11798,1
2020-02-12 16:33:01.384,11798,11799,11799,1
2020-02-12 16:33:01.390,11798,11799,11799,5
2020-02-12 16:33:01.842,11798,11799,11799,1
2020-02-12 16:33:02.194,11798,11799,11798,1
2020-02-12 16:33:02.469,11798,11799,11799,4
2020-02-12 16:33:03.402,11798,11799,11799,1
2020-02-12 16:33:04.596,11798,11799,11799,1
2020-02-12 16:33:05.191,11798,11799,11799,2
2020-02-12 16:33:06.310,11798,11799,11799,3
2020-02-12 16:33:06.331,11798,11799,11798,1
2020-02-12 16:33:06.676,11798,11799,11799,3
2020-02-12 16:33:06.797,11798,11799,11799,1
2020-02-12 16:33:06.890,11798,11799,11799,2
2020-02-12 16:33:06.927,11798,11799,11799,7
2020-02-12 16:33:06.927,11798,11799,11799,4
2020-02-12 16:33:07.186,11799,11800,11799,2
2020-02-12 16:33:07.922,11798,11800,11799,1
2020-02-12 16:33:08.070,11798,11799,11799,1
2020-02-12 16:33:08.807,11799,11800,11799,1
2020-02-12 16:33:10.552,11799,11800,11800,4
2020-02-12 16:33:10.632,11799,11800,11800,3
2020-02-12 16:33:10.635,11799,11800,11800,2
2020-02-12 16:33:10.649,11799,11800,11800,1
2020-02-12 16:33:10.677,11799,11800,11800,3
2020-02-12 16:33:10.678,11799,11800,11800,3
2020-02-12 16:33:10.679,11799,11800,11800,5
2020-02-12 16:33:10.694,11799,11800,11800,1
2020-02-12 16:33:10.711,11799,11800,11800,1
2020-02-12 16:33:10.716,11799,11800,11800,1
2020-02-12 16:33:10.719,11799,11800,11800,1
2020-02-12 16:33:10.732,11799,11800,11800,4
2020-02-12 16:33:10.761,11799,11800,11800,1
2020-02-12 16:33:10.782,11799,11800,11800,1
2020-02-12 16:33:10.783,11799,11800,11800,1
2020-02-12 16:33:10.802,11799,11800,11800,1
2020-02-12 16:33:10.802,11799,11800,11800,3
2020-02-12 16:33:10.883,11799,11800,11800,1
2020-02-12 16:33:10.922,11799,11800,11800,1
2020-02-12 16:33:10.948,11799,11800,11800,1
2020-02-12 16:33:10.961,11799,11800,11800,5
2020-02-12 16:33:10.962,11799,11800,11800,3
2020-02-12 16:33:11.802,11799,11800,11800,3
2020-02-12 16:33:12.028,11799,11800,11800,3
2020-02-12 16:33:12.115,11799,11800,11800,1
2020-02-12 16:33:12.927,11799,11800,11800,3
2020-02-12 16:33:13.080,11799,11800,11800,3
2020-02-12 16:33:14.111,11799,11800,11800,5
2020-02-12 16:33:14.170,11799,11800,11799,1
2020-02-12 16:33:14.594,11799,11800,11800,2
2020-02-12 16:33:15.171,11799,11800,11799,1
2020-02-12 16:33:15.656,11799,11800,11800,50
2020-02-12 16:33:15.677,11799,11800,11800,2
2020-02-12 16:33:15.677,11799,11800,11800,3
2020-02-12 16:33:15.677,11799,11800,11800,1
2020-02-12 16:33:15.802,11799,11800,11800,2
2020-02-12 16:33:15.851,11799,11800,11801,2
2020-02-12 16:33:15.966,11799,11801,11801,1
2020-02-12 16:33:16.052,11800,11801,11801,5
2020-02-12 16:33:16.069,11800,11801,11801,2
2020-02-12 16:33:16.086,11800,11801,11801,1
2020-02-12 16:33:16.237,11800,11801,11801,2
2020-02-12 16:33:16.983,11800,11801,11801,20
2020-02-12 16:33:17.117,11800,11801,11800,1
2020-02-12 16:33:17.954,11800,11801,11800,1
2020-02-12 16:33:18.371,11800,11801,11800,1
2020-02-12 16:33:18.806,11800,11801,11801,1
2020-02-12 16:33:18.921,11800,11801,11800,1
2020-02-12 16:33:19.066,11800,11802,11802,1
2020-02-12 16:33:19.207,11800,11802,11802,1
2020-02-12 16:33:19.216,11800,11802,11802,2
2020-02-12 16:33:19.331,11801,11802,11802,1
2020-02-12 16:33:19.366,11801,11802,11802,1
2020-02-12 16:33:19.382,11801,11802,11801,1
2020-02-12 16:33:19.473,11801,11802,11802,1
2020-02-12 16:33:19.479,11801,11802,11802,1
2020-02-12 16:33:19.490,11801,11802,11802,5
2020-02-12 16:33:19.576,11801,11802,11802,1
2020-02-12 16:33:19.770,11801,11802,11801,1
2020-02-12 16:33:20.737,11801,11802,11801,2
2020-02-12 16:33:21.004,11801,11802,11802,1
2020-02-12 16:33:21.112,11801,11802,11802,1
2020-02-12 16:33:21.948,11801,11802,11802,1
2020-02-12 16:33:22.266,11801,11802,11802,5
2020-02-12 16:33:22.377,11801,11803,11803,1
2020-02-12 16:33:22.747,11801,11803,11803,1
2020-02-12 16:33:23.708,11801,11802,11802,1
2020-02-12 16:33:23.890,11800,11802,11802,2
2020-02-12 16:33:24.356,11800,11802,11801,1
2020-02-12 16:33:24.411,11800,11802,11801,1
2020-02-12 16:33:24.764,11800,11801,11801,2
2020-02-12 16:33:25.113,11800,11801,11801,2
2020-02-12 16:33:25.113,11800,11801,11801,2
2020-02-12 16:33:25.392,11800,11801,11801,8
2020-02-12 16:33:25.427,11800,11801,11801,1
2020-02-12 16:33:25.427,11800,11801,11801,2
2020-02-12 16:33:26.567,11801,11802,11802,3
2020-02-12 16:33:26.567,11801,11802,11803,2
2020-02-12 16:33:26.680,11801,11803,11803,5
2020-02-12 16:33:27.067,11802,11803,11802,1
2020-02-12 16:33:27.435,11802,11803,11802,2
2020-02-12 16:33:28.412,11802,11803,11802,1
2020-02-12 16:33:29.672,11802,11803,11802,1
2020-02-12 16:33:29.951,11802,11803,11802,3
2020-02-12 16:33:30.222,11802,11803,11803,2
2020-02-12 16:33:31.149,11802,11803,11802,1
2020-02-12 16:33:31.524,11802,11803,11802,1
2020-02-12 16:33:32.053,11802,11803,11802,3
2020-02-12 16:33:32.897,11802,11803,11802,1
2020-02-12 16:33:32.962,11802,11803,11803,2
2020-02-12 16:33:33.701,11802,11803,11802,2
2020-02-12 16:33:33.769,11802,11803,11803,1
2020-02-12 16:33:35.046,11802,11803,11802,1
2020-02-12 16:33:35.961,11802,11803,11803,1
2020-02-12 16:33:35.989,11802,11803,11803,1
2020-02-12 16:33:36.483,11802,11803,11803,1
2020-02-12 16:33:36.545,11802,11803,11802,2
2020-02-12 16:33:36.546,11802,11803,11802,4
2020-02-12 16:33:36.546,11802,11803,11802,2
2020-02-12 16:33:36.546,11802,11803,11802,18
2020-02-12 16:33:36.704,11801,11802,11802,9
2020-02-12 16:33:37.108,11801,11802,11802,5
2020-02-12 16:33:37.585,11801,11802,11802,18
2020-02-12 16:33:38.967,11802,11803,11803,1
2020-02-12 16:33:41.148,11802,11803,11802,1
2020-02-12 16:33:41.160,11802,11803,11802,2
2020-02-12 16:33:41.162,11802,11803,11802,5
2020-02-12 16:33:42.056,11801,11802,11802,1
2020-02-12 16:33:42.506,11801,11802,11802,1
2020-02-12 16:33:42.615,11801,11802,11802,1
2020-02-12 16:33:42.781,11801,11802,11802,3
2020-02-12 16:33:43.058,11801,11802,11802,1
2020-02-12 16:33:43.111,11801,11802,11802,1
2020-02-12 16:33:44.616,11801,11802,11802,1
2020-02-12 16:33:44.653,11801,11802,11802,1
2020-02-12 16:33:44.749,11801,11802,11802,1
2020-02-12 16:33:47.311,11801,11802,11802,1
2020-02-12 16:33:47.357,11801,11802,11802,1
2020-02-12 16:33:49.414,11801,11802,11801,1
2020-02-12 16:33:49.945,11801,11802,11802,1
2020-02-12 16:33:50.206,11801,11802,11802,2
2020-02-12 16:33:50.307,11801,11802,11801,1
2020-02-12 16:33:50.867,11801,11802,11801,6
2020-02-12 16:33:50.868,11801,11802,11801,1
2020-02-12 16:33:51.180,11800,11801,11800,2
2020-02-12 16:33:51.827,11800,11801,11800,1
2020-02-12 16:33:51.988,11800,11801,11800,1
2020-02-12 16:33:52.215,11800,11801,11800,1
2020-02-12 16:33:52.330,11800,11801,11801,5
2020-02-12 16:33:53.309,11800,11801,11800,1
2020-02-12 16:33:53.381,11800,11801,11800,2
2020-02-12 16:33:53.532,11800,11801,11800,1
2020-02-12 16:33:53.837,11800,11801,11801,2
2020-02-12 16:33:55.177,11800,11801,11801,1
2020-02-12 16:33:55.177,11800,11801,11801,4
2020-02-12 16:33:55.192,11800,11801,11801,2
2020-02-12 16:33:55.193,11800,11801,11801,2
2020-02-12 16:33:55.194,11800,11801,11801,2
2020-02-12 16:33:55.205,11800,11801,11801,1
2020-02-12 16:33:55.205,11800,11801,11801,2
2020-02-12 16:33:55.206,11800,11801,11801,1
2020-02-12 16:33:55.207,11800,11801,11801,1
2020-02-12 16:33:55.214,11800,11801,11801,1
2020-02-12 16:33:55.465,11801,11802,11801,1
2020-02-12 16:33:55.922,11801,11802,11801,5
2020-02-12 16:33:56.508,11800,11801,11801,1
2020-02-12 16:33:57.542,11800,11801,11800,2
2020-02-12 16:33:59.601,11800,11801,11801,3
2020-02-12 16:33:59.629,11800,11801,11801,1
2020-02-12 16:33:59.999,11800,11801,11800,1
2020-02-12 16:34:00.164,11800,11801,11800,1
2020-02-12 16:34:01.460,11800,11801,11800,1
2020-02-12 16:34:01.764,11800,11801,11800,2
2020-02-12 16:34:02.638,11800,11801,11801,1
2020-02-12 16:34:02.638,11800,11801,11801,2
2020-02-12 16:34:02.689,11800,11801,11801,3
2020-02-12 16:34:02.699,11800,11801,11801,2
2020-02-12 16:34:02.877,11800,11801,11801,2
2020-02-12 16:34:02.877,11800,11801,11801,1
2020-02-12 16:34:02.878,11800,11801,11801,6
2020-02-12 16:34:02.879,11800,11801,11801,1
2020-02-12 16:34:06.334,11801,11802,11801,1
2020-02-12 16:34:06.543,11801,11802,11802,2
2020-02-12 16:34:07.734,11801,11802,11801,1
2020-02-12 16:34:07.736,11801,11802,11802,1
2020-02-12 16:34:08.052,11801,11802,11801,1
2020-02-12 16:34:09.840,11800,11801,11800,1
2020-02-12 16:34:11.074,11800,11801,11800,1
2020-02-12 16:34:11.951,11800,11801,11801,2
2020-02-12 16:34:13.058,11800,11801,11801,1
2020-02-12 16:34:13.111,11800,11801,11800,1
2020-02-12 16:34:13.111,11800,11801,11800,5
2020-02-12 16:34:13.111,11800,11801,11800,2
2020-02-12 16:34:13.113,11800,11801,11800,2
2020-02-12 16:34:13.113,11800,11801,11800,2
2020-02-12 16:34:13.116,11800,11801,11800,2
2020-02-12 16:34:13.135,11800,11801,11800,1
2020-02-12 16:34:13.158,11800,11801,11800,1
2020-02-12 16:34:13.177,11800,11801,11800,14
2020-02-12 16:34:16.802,11799,11800,11799,5
2020-02-12 16:34:16.809,11799,11800,11800,1
2020-02-12 16:34:16.988,11799,11800,11799,1
2020-02-12 16:34:19.958,11799,11800,11800,1
2020-02-12 16:34:20.706,11799,11800,11800,1
2020-02-12 16:34:20.858,11799,11800,11799,1
2020-02-12 16:34:21.040,11799,11800,11800,1
2020-02-12 16:34:21.216,11799,11800,11799,1
2020-02-12 16:34:22.932,11799,11800,11799,1
2020-02-12 16:34:23.243,11799,11800,11799,2
2020-02-12 16:34:23.243,11799,11800,11798,3
2020-02-12 16:34:23.664,11798,11799,11798,1
2020-02-12 16:34:24.304,11798,11799,11799,1
2020-02-12 16:34:26.827,11798,11799,11799,5
2020-02-12 16:34:27.342,11799,11800,11799,1
2020-02-12 16:34:27.480,11799,11800,11799,1
2020-02-12 16:34:27.907,11799,11800,11799,1
2020-02-12 16:34:28.053,11799,11800,11800,1
2020-02-12 16:34:29.802,11799,11800,11799,3
2020-02-12 16:34:29.802,11799,11800,11799,2
2020-02-12 16:34:29.802,11799,11800,11799,1
2020-02-12 16:34:29.960,11798,11799,11799,2
2020-02-12 16:34:32.887,11798,11799,11798,2
2020-02-12 16:34:33.330,11798,11799,11798,3
2020-02-12 16:34:33.594,11798,11799,11798,3
2020-02-12 16:34:33.814,11798,11799,11798,1
2020-02-12 16:34:33.817,11798,11799,11798,2
2020-02-12 16:34:34.984,11798,11799,11799,1
2020-02-12 16:34:35.754,11798,11799,11799,1
2020-02-12 16:34:36.022,11798,11799,11798,1
2020-02-12 16:34:36.415,11798,11799,11798,1
2020-02-12 16:34:36.868,11798,11799,11798,3
2020-02-12 16:34:45.042,11798,11799,11799,1
2020-02-12 16:34:45.503,11798,11799,11798,6
2020-02-12 16:34:46.624,11798,11799,11799,5
2020-02-12 16:34:47.041,11798,11799,11799,1
2020-02-12 16:34:49.607,11798,11799,11799,1
2020-02-12 16:34:51.018,11798,11799,11799,1
2020-02-12 16:34:52.611,11799,11800,11800,5
2020-02-12 16:34:54.316,11799,11800,11800,1
2020-02-12 16:34:54.316,11799,11800,11800,2
2020-02-12 16:34:54.316,11799,11800,11800,2
2020-02-12 16:34:54.316,11799,11800,11800,2
2020-02-12 16:34:54.317,11799,11800,11800,1
2020-02-12 16:34:54.317,11799,11800,11800,1
2020-02-12 16:34:54.318,11799,11800,11800,1
2020-02-12 16:34:54.318,11799,11800,11800,2
2020-02-12 16:34:54.427,11799,11800,11800,1
2020-02-12 16:34:54.554,11800,11801,11801,12
2020-02-12 16:34:54.554,11800,11801,11801,6
2020-02-12 16:34:54.558,11800,11801,11801,1
2020-02-12 16:34:54.918,11801,11802,11801,1
2020-02-12 16:34:55.210,11800,11802,11801,1
2020-02-12 16:34:55.413,11800,11801,11801,1
2020-02-12 16:34:55.866,11800,11801,11800,2
2020-02-12 16:34:58.775,11800,11801,11801,4
2020-02-12 16:34:58.775,11800,11801,11802,1
2020-02-12 16:34:59.120,11800,11801,11801,1
2020-02-12 16:35:00.563,11800,11801,11800,2
2020-02-12 16:35:00.615,11800,11801,11801,1
2020-02-12 16:35:00.646,11800,11801,11801,1
2020-02-12 16:35:01.154,11800,11802,11801,1
2020-02-12 16:35:02.021,11800,11801,11801,1
2020-02-12 16:35:04.994,11800,11801,11801,5
2020-02-12 16:35:06.190,11800,11801,11801,1
2020-02-12 16:35:10.608,11800,11801,11801,1
2020-02-12 16:35:12.579,11800,11801,11801,1
2020-02-12 16:35:13.124,11800,11801,11801,1
2020-02-12 16:35:17.003,11800,11801,11801,3
2020-02-12 16:35:19.319,11800,11801,11801,4
2020-02-12 16:35:20.301,11800,11801,11801,1
2020-02-12 16:35:20.897,11800,11801,11801,1
2020-02-12 16:35:22.769,11800,11801,11801,1
2020-02-12 16:35:29.589,11800,11801,11801,1
2020-02-12 16:35:29.989,11800,11801,11800,1
2020-02-12 16:35:30.724,11800,11801,11801,1
2020-02-12 16:35:31.349,11800,11801,11801,1
2020-02-12 16:35:31.836,11800,11801,11800,1
2020-02-12 16:35:34.019,11800,11801,11800,1
2020-02-12 16:35:35.347,11800,11801,11800,1
2020-02-12 16:35:35.347,11800,11801,11800,18
2020-02-12 16:35:35.347,11800,11801,11800,1
2020-02-12 16:35:35.347,11800,11801,11800,2
2020-02-12 16:35:35.348,11800,11801,11800,2
2020-02-12 16:35:35.355,11800,11801,11800,1
2020-02-12 16:35:35.356,11800,11801,11800,1
2020-02-12 16:35:35.356,11800,11801,11800,1
2020-02-12 16:35:37.462,11799,11800,11800,1
2020-02-12 16:35:37.955,11799,11800,11799,2
2020-02-12 16:35:37.955,11799,11800,11799,3
2020-02-12 16:35:37.955,11799,11800,11799,7
2020-02-12 16:35:37.956,11799,11800,11799,1
2020-02-12 16:35:38.562,11798,11799,11799,1
2020-02-12 16:35:38.917,11798,11799,11799,1
2020-02-12 16:35:39.338,11798,11799,11798,1
2020-02-12 16:35:40.871,11798,11800,11800,1
2020-02-12 16:35:45.328,11798,11799,11799,1
2020-02-12 16:35:45.328,11798,11799,11800,1
2020-02-12 16:35:45.648,11798,11800,11800,1
2020-02-12 16:35:48.677,11799,11800,11799,1
2020-02-12 16:35:51.222,11799,11800,11800,8
2020-02-12 16:35:58.901,11800,11801,11800,1
2020-02-12 16:36:02.052,11800,11801,11800,2
2020-02-12 16:36:02.401,11799,11801,11801,2
2020-02-12 16:36:04.084,11799,11800,11799,1
2020-02-12 16:36:04.681,11799,11800,11799,1
2020-02-12 16:36:04.684,11799,11800,11799,1
2020-02-12 16:36:04.690,11799,11800,11799,1
2020-02-12 16:36:08.855,11799,11800,11800,1
2020-02-12 16:36:12.811,11799,11800,11799,1
2020-02-12 16:36:13.253,11799,11800,11799,2
2020-02-12 16:36:13.253,11799,11800,11799,3
2020-02-12 16:36:14.325,11798,11799,11799,1
2020-02-12 16:36:18.539,11798,11799,11798,1
2020-02-12 16:36:18.935,11798,11799,11799,1
2020-02-12 16:36:19.408,11798,11799,11798,1
2020-02-12 16:36:19.971,11798,11799,11799,1
2020-02-12 16:36:23.140,11798,11799,11798,1
2020-02-12 16:36:27.276,11798,11799,11799,1
2020-02-12 16:36:28.403,11798,11799,11798,2
2020-02-12 16:36:30.660,11798,11799,11798,1
2020-02-12 16:36:33.857,11798,11799,11798,1
2020-02-12 16:36:33.857,11798,11799,11798,2
2020-02-12 16:36:33.858,11798,11799,11798,8
2020-02-12 16:36:33.858,11798,11799,11798,4
2020-02-12 16:36:37.543,11797,11798,11797,10
2020-02-12 16:36:40.842,11797,11798,11798,1
2020-02-12 16:36:41.323,11797,11798,11797,1
2020-02-12 16:36:42.078,11797,11798,11797,1
2020-02-12 16:36:42.141,11797,11798,11797,1
2020-02-12 16:36:43.675,11797,11798,11797,8
2020-02-12 16:36:45.551,11797,11798,11797,1
2020-02-12 16:36:49.629,11796,11798,11796,1
2020-02-12 16:36:51.517,11797,11798,11797,1
2020-02-12 16:36:56.288,11797,11798,11797,5
2020-02-12 16:36:59.037,11796,11797,11796,10
2020-02-12 16:37:00.734,11796,11797,11796,9
2020-02-12 16:37:00.934,11795,11796,11796,1
2020-02-12 16:37:00.937,11795,11796,11796,1
2020-02-12 16:37:02.652,11795,11796,11796,2
2020-02-12 16:37:03.769,11796,11797,11796,1
2020-02-12 16:37:09.285,11796,11797,11796,2
2020-02-12 16:37:12.021,11795,11797,11795,2
2020-02-12 16:37:13.081,11795,11796,11796,2
2020-02-12 16:37:14.058,11795,11796,11796,3
2020-02-12 16:37:14.460,11795,11796,11795,10
2020-02-12 16:37:14.464,11795,11796,11795,2
2020-02-12 16:37:14.552,11795,11796,11795,11
2020-02-12 16:37:15.542,11794,11795,11795,1
2020-02-12 16:37:16.642,11794,11795,11794,9
2020-02-12 16:37:16.804,11793,11794,11793,3
2020-02-12 16:37:16.987,11793,11794,11793,1
2020-02-12 16:37:17.386,11793,11794,11793,1
2020-02-12 16:37:17.653,11793,11794,11793,1
2020-02-12 16:37:18.039,11793,11794,11793,3
2020-02-12 16:37:18.073,11793,11794,11794,1
2020-02-12 16:37:18.076,11793,11794,11794,2
2020-02-12 16:37:19.313,11794,11795,11794,1
2020-02-12 16:37:19.512,11794,11795,11794,1
2020-02-12 16:37:19.840,11793,11795,11793,10
2020-02-12 16:37:21.147,11793,11794,11793,1
2020-02-12 16:37:22.909,11793,11794,11793,1
2020-02-12 16:37:23.607,11793,11794,11794,1
2020-02-12 16:37:24.404,11793,11794,11793,1
2020-02-12 16:37:25.015,11793,11794,11794,1
2020-02-12 16:37:25.213,11793,11794,11793,10
2020-02-12 16:37:25.368,11793,11794,11793,1
2020-02-12 16:37:26.399,11792,11793,11793,3
2020-02-12 16:37:26.618,11792,11793,11792,1
2020-02-12 16:37:27.709,11792,11793,11793,3
2020-02-12 16:37:27.783,11792,11793,11793,1
2020-02-12 16:37:28.042,11792,11793,11792,1
2020-02-12 16:37:29.214,11792,11793,11792,1
2020-02-12 16:37:31.362,11792,11793,11793,1
2020-02-12 16:37:33.854,11792,11793,11793,1
2020-02-12 16:37:33.957,11792,11793,11793,1
2020-02-12 16:37:34.795,11792,11793,11793,3
2020-02-12 16:37:35.206,11793,11794,11793,1
2020-02-12 16:37:35.557,11793,11794,11794,1
2020-02-12 16:37:35.897,11793,11794,11794,1
2020-02-12 16:37:36.539,11793,11794,11793,2
2020-02-12 16:37:38.536,11793,11794,11794,1
2020-02-12 16:37:39.279,11793,11794,11794,1
2020-02-12 16:37:39.279,11793,11794,11794,2
2020-02-12 16:37:39.279,11793,11794,11794,2
2020-02-12 16:37:42.895,11793,11794,11793,10
2020-02-12 16:37:43.450,11793,11794,11793,1
2020-02-12 16:37:43.724,11793,11794,11794,2
2020-02-12 16:37:45.586,11793,11794,11794,1
