2024-03-01 15:00:00.024,18967,18968,18970,91,91
2024-03-01 15:00:00.026,18970,18971,18970,2,-2
2024-03-01 15:00:00.026,18970,18971,18970,1,-1
2024-03-01 15:00:00.027,18970,18971,18969,1,-1
2024-03-01 15:00:00.027,18970,18971,18969,1,-1
2024-03-01 15:00:00.063,18969,18971,18969,1,-1
2024-03-01 15:00:00.111,18968,18971,18968,1,-1
2024-03-01 15:00:00.147,18968,18971,18971,1,1
2024-03-01 15:00:00.236,18968,18971,18968,1,-1
2024-03-01 15:00:00.308,18968,18971,18968,2,-2
2024-03-01 15:00:00.318,18968,18971,18968,1,-1
2024-03-01 15:00:00.318,18968,18971,18967,1,-1
2024-03-01 15:00:00.325,18968,18971,18967,1,-1
2024-03-01 15:00:00.325,18968,18971,18967,1,-1
2024-03-01 15:00:00.716,18967,18971,18967,1,-1
2024-03-01 15:00:00.725,18967,18969,18969,1,1
2024-03-01 15:00:00.726,18967,18969,18970,3,3
2024-03-01 15:00:00.741,18967,18969,18968,1,1
2024-03-01 15:00:00.742,18967,18969,18970,1,1
2024-03-01 15:00:00.742,18967,18969,18970,1,1
2024-03-01 15:00:00.815,18967,18969,18968,1,1
2024-03-01 15:00:00.816,18967,18969,18968,1,1
2024-03-01 15:00:00.817,18967,18969,18968,1,1
2024-03-01 15:00:00.933,18968,18970,18970,2,2
2024-03-01 15:00:00.934,18968,18970,18970,1,1
2024-03-01 15:00:01.030,18968,18971,18967,1,-1
2024-03-01 15:00:01.161,18968,18969,18968,1,-1
2024-03-01 15:00:01.180,18968,18969,18968,1,-1
2024-03-01 15:00:01.198,18968,18969,18968,1,-1
2024-03-01 15:00:01.199,18968,18969,18968,1,-1
2024-03-01 15:00:01.199,18968,18969,18967,1,-1
2024-03-01 15:00:01.204,18968,18969,18967,1,-1
2024-03-01 15:00:01.218,18968,18969,18967,2,-2
2024-03-01 15:00:01.221,18967,18968,18967,1,-1
2024-03-01 15:00:01.257,18967,18968,18967,1,-1
2024-03-01 15:00:01.451,18967,18968,18967,1,-1
2024-03-01 15:00:01.497,18967,18968,18968,1,1
2024-03-01 15:00:01.501,18967,18968,18969,1,1
2024-03-01 15:00:01.526,18967,18968,18969,1,1
2024-03-01 15:00:02.057,18967,18969,18969,3,3
2024-03-01 15:00:02.099,18968,18970,18968,1,-1
2024-03-01 15:00:02.100,18968,18970,18967,2,-2
2024-03-01 15:00:02.100,18968,18970,18969,1,-1
2024-03-01 15:00:02.101,18968,18970,18970,2,2
2024-03-01 15:00:02.228,18968,18970,18970,3,3
2024-03-01 15:00:02.359,18968,18970,18970,3,3
2024-03-01 15:00:03.008,18968,18970,18968,1,-1
2024-03-01 15:00:03.082,18968,18970,18968,1,-1
2024-03-01 15:00:03.149,18968,18970,18968,1,-1
2024-03-01 15:00:03.281,18968,18970,18968,2,-2
2024-03-01 15:00:03.297,18968,18970,18967,1,-1
2024-03-01 15:00:03.516,18967,18969,18967,1,-1
2024-03-01 15:00:03.658,18967,18968,18968,2,2
2024-03-01 15:00:03.658,18967,18968,18969,1,1
2024-03-01 15:00:03.813,18967,18969,18968,1,1
2024-03-01 15:00:03.855,18968,18969,18968,1,-1
2024-03-01 15:00:03.855,18968,18969,18967,1,-1
2024-03-01 15:00:03.988,18967,18969,18969,1,1
2024-03-01 15:00:03.988,18967,18969,18970,2,2
2024-03-01 15:00:04.085,18967,18969,18968,1,1
2024-03-01 15:00:04.255,18968,18970,18970,3,3
2024-03-01 15:00:04.333,18968,18970,18968,1,-1
2024-03-01 15:00:04.810,18968,18970,18968,4,-4
2024-03-01 15:00:04.991,18968,18969,18968,1,-1
2024-03-01 15:00:05.010,18968,18969,18967,2,-2
2024-03-01 15:00:05.062,18968,18969,18968,2,-2
2024-03-01 15:00:05.086,18968,18969,18968,1,-1
2024-03-01 15:00:05.193,18968,18969,18968,1,-1
2024-03-01 15:00:05.364,18967,18969,18969,2,2
2024-03-01 15:00:05.861,18967,18968,18968,3,3
2024-03-01 15:00:06.113,18967,18968,18968,3,3
2024-03-01 15:00:06.113,18967,18968,18968,2,2
2024-03-01 15:00:06.710,18967,18968,18967,1,-1
2024-03-01 15:00:06.710,18967,18968,18967,2,-2
2024-03-01 15:00:07.337,18966,18967,18967,1,1
2024-03-01 15:00:07.446,18967,18968,18967,1,-1
2024-03-01 15:00:07.710,18966,18968,18968,2,2
2024-03-01 15:00:07.970,18966,18968,18968,1,1
2024-03-01 15:00:08.637,18966,18967,18966,1,-1
2024-03-01 15:00:08.658,18966,18967,18967,1,1
2024-03-01 15:00:09.034,18967,18968,18968,1,1
2024-03-01 15:00:09.034,18967,18968,18968,1,1
2024-03-01 15:00:09.392,18967,18968,18967,1,-1
2024-03-01 15:00:09.951,18967,18968,18967,1,-1
2024-03-01 15:00:10.342,18967,18968,18967,1,-1
2024-03-01 15:00:10.718,18967,18968,18968,1,1
2024-03-01 15:00:10.844,18967,18968,18967,1,-1
2024-03-01 15:00:11.497,18967,18968,18968,1,1
2024-03-01 15:00:11.498,18967,18968,18968,2,2
2024-03-01 15:00:11.573,18967,18968,18967,1,-1
2024-03-01 15:00:12.303,18967,18968,18967,1,-1
2024-03-01 15:00:12.528,18967,18968,18967,1,-1
2024-03-01 15:00:13.147,18967,18968,18968,2,2
2024-03-01 15:00:13.197,18967,18968,18967,1,-1
2024-03-01 15:00:13.504,18967,18968,18968,1,1
2024-03-01 15:00:14.048,18968,18969,18969,7,7
2024-03-01 15:00:14.373,18968,18970,18968,1,-1
2024-03-01 15:00:15.102,18968,18969,18968,1,-1
2024-03-01 15:00:15.941,18968,18969,18968,2,-2
2024-03-01 15:00:17.104,18968,18969,18968,2,-2
2024-03-01 15:00:20.221,18968,18969,18969,8,8
2024-03-01 15:00:20.450,18969,18970,18969,1,-1
2024-03-01 15:00:21.108,18969,18970,18970,1,1
2024-03-01 15:00:21.348,18969,18970,18970,1,1
2024-03-01 15:00:21.528,18969,18970,18970,1,1
2024-03-01 15:00:21.676,18968,18970,18970,1,1
2024-03-01 15:00:23.700,18969,18970,18970,8,8
2024-03-01 15:00:23.953,18969,18970,18970,1,1
2024-03-01 15:00:25.381,18970,18971,18971,2,2
2024-03-01 15:00:26.220,18970,18971,18970,1,-1
2024-03-01 15:00:26.310,18970,18971,18970,1,-1
2024-03-01 15:00:26.988,18970,18971,18970,2,-2
2024-03-01 15:00:27.690,18970,18971,18970,1,-1
2024-03-01 15:00:28.112,18970,18971,18970,1,-1
2024-03-01 15:00:28.214,18970,18971,18970,2,-2
2024-03-01 15:00:28.577,18970,18971,18970,1,-1
2024-03-01 15:00:29.910,18970,18971,18970,1,-1
2024-03-01 15:00:30.694,18970,18971,18970,2,-2
2024-03-01 15:00:31.430,18970,18971,18971,1,1
2024-03-01 15:00:33.853,18970,18971,18970,2,-2
2024-03-01 15:00:35.731,18970,18971,18970,3,-3
2024-03-01 15:00:36.493,18970,18971,18970,1,-1
2024-03-01 15:00:37.576,18970,18971,18970,1,-1
2024-03-01 15:00:38.374,18970,18971,18970,1,-1
2024-03-01 15:00:38.702,18970,18971,18970,1,-1
2024-03-01 15:00:40.240,18970,18971,18971,8,8
2024-03-01 15:00:42.376,18970,18971,18970,8,-8
2024-03-01 15:00:42.799,18970,18971,18971,1,1
2024-03-01 15:00:42.972,18970,18971,18971,10,10
2024-03-01 15:00:42.972,18970,18971,18971,1,1
2024-03-01 15:00:43.283,18970,18971,18971,1,1
2024-03-01 15:00:43.998,18970,18971,18970,3,-3
2024-03-01 15:00:44.561,18970,18971,18971,1,1
2024-03-01 15:00:44.872,18970,18971,18971,1,1
2024-03-01 15:00:44.944,18970,18971,18971,1,1
2024-03-01 15:00:45.090,18970,18971,18970,2,-2
2024-03-01 15:00:46.041,18970,18971,18970,2,-2
2024-03-01 15:00:46.628,18970,18971,18971,1,1
2024-03-01 15:00:46.629,18970,18971,18971,3,3
2024-03-01 15:00:47.153,18971,18972,18971,1,-1
2024-03-01 15:00:47.376,18971,18972,18972,1,1
2024-03-01 15:00:47.424,18971,18972,18972,1,1
2024-03-01 15:00:47.584,18971,18972,18972,1,1
2024-03-01 15:00:47.613,18971,18972,18972,1,1
2024-03-01 15:00:47.628,18971,18972,18972,1,1
2024-03-01 15:00:47.664,18971,18972,18972,1,1
2024-03-01 15:00:49.192,18971,18972,18971,2,-2
2024-03-01 15:00:49.711,18971,18972,18971,1,-1
2024-03-01 15:00:50.243,18971,18972,18971,2,-2
2024-03-01 15:00:50.995,18971,18972,18972,1,1
2024-03-01 15:00:51.447,18971,18972,18972,5,5
2024-03-01 15:00:51.447,18971,18972,18972,7,7
2024-03-01 15:00:51.447,18971,18972,18972,4,4
2024-03-01 15:00:51.447,18971,18972,18972,2,2
2024-03-01 15:00:52.540,18972,18973,18973,1,1
2024-03-01 15:00:52.632,18972,18973,18973,1,1
2024-03-01 15:00:52.836,18972,18973,18973,1,1
2024-03-01 15:00:53.016,18972,18973,18973,1,1
2024-03-01 15:00:53.316,18972,18973,18973,1,1
2024-03-01 15:00:53.604,18972,18973,18973,1,1
2024-03-01 15:00:53.932,18972,18973,18973,1,1
2024-03-01 15:00:54.232,18972,18973,18973,1,1
2024-03-01 15:00:54.525,18972,18973,18972,1,-1
2024-03-01 15:00:54.536,18972,18973,18973,1,1
2024-03-01 15:00:54.848,18972,18973,18973,1,1
2024-03-01 15:00:55.288,18972,18973,18972,1,-1
2024-03-01 15:00:55.416,18972,18973,18973,1,1
2024-03-01 15:00:55.684,18972,18973,18973,1,1
2024-03-01 15:00:55.980,18972,18973,18973,1,1
2024-03-01 15:00:56.276,18972,18973,18973,1,1
2024-03-01 15:00:56.552,18972,18973,18973,1,1
2024-03-01 15:00:56.852,18972,18973,18973,1,1
2024-03-01 15:00:57.188,18972,18973,18973,1,1
2024-03-01 15:00:57.492,18972,18973,18973,1,1
2024-03-01 15:00:57.832,18972,18973,18973,1,1
2024-03-01 15:00:58.104,18972,18973,18973,1,1
2024-03-01 15:00:58.396,18972,18973,18973,1,1
2024-03-01 15:00:58.720,18972,18973,18973,1,1
2024-03-01 15:00:59.036,18972,18973,18973,1,1
2024-03-01 15:00:59.243,18972,18973,18972,1,-1
2024-03-01 15:00:59.344,18972,18973,18973,1,1
2024-03-01 15:00:59.454,18972,18973,18973,1,1
2024-03-01 15:00:59.536,18972,18973,18973,5,5
2024-03-01 15:00:59.628,18972,18973,18973,1,1
2024-03-01 15:00:59.944,18972,18973,18973,1,1
2024-03-01 15:01:00.016,18972,18973,18972,1,-1
2024-03-01 15:01:00.019,18972,18973,18972,1,-1
2024-03-01 15:01:00.031,18972,18973,18971,1,-1
2024-03-01 15:01:00.033,18972,18973,18971,2,-2
2024-03-01 15:01:00.044,18972,18973,18970,4,-4
2024-03-01 15:01:00.053,18972,18973,18970,2,-2
2024-03-01 15:01:00.110,18970,18972,18972,1,1
2024-03-01 15:01:00.110,18970,18972,18972,1,1
2024-03-01 15:01:00.112,18970,18972,18972,1,1
2024-03-01 15:01:00.112,18970,18972,18972,1,1
2024-03-01 15:01:00.112,18970,18972,18972,1,1
2024-03-01 15:01:00.113,18970,18972,18973,1,1
2024-03-01 15:01:00.113,18970,18972,18973,1,1
2024-03-01 15:01:00.223,18972,18973,18973,2,2
2024-03-01 15:01:00.233,18972,18973,18973,4,4
2024-03-01 15:01:00.268,18972,18973,18973,2,2
2024-03-01 15:01:00.297,18972,18973,18972,1,-1
2024-03-01 15:01:00.328,18972,18973,18973,4,4
2024-03-01 15:01:00.348,18972,18973,18973,2,2
2024-03-01 15:01:00.410,18972,18973,18973,3,3
2024-03-01 15:01:00.500,18972,18973,18973,1,1
2024-03-01 15:01:00.802,18972,18973,18972,1,-1
2024-03-01 15:01:01.128,18971,18972,18972,1,1
2024-03-01 15:01:01.222,18971,18972,18972,1,1
2024-03-01 15:01:01.222,18971,18972,18972,1,1
2024-03-01 15:01:01.251,18971,18972,18973,1,1
2024-03-01 15:01:01.696,18972,18973,18973,7,7
2024-03-01 15:01:01.974,18972,18973,18973,1,1
2024-03-01 15:01:02.577,18972,18973,18972,1,-1
2024-03-01 15:01:02.852,18972,18973,18972,1,-1
2024-03-01 15:01:03.836,18971,18973,18971,1,-1
2024-03-01 15:01:04.584,18971,18972,18972,1,1
2024-03-01 15:01:04.832,18971,18972,18972,1,1
2024-03-01 15:01:05.092,18971,18972,18972,1,1
2024-03-01 15:01:07.789,18972,18973,18973,1,1
2024-03-01 15:01:07.860,18972,18973,18973,1,1
2024-03-01 15:01:10.339,18972,18973,18972,6,-6
2024-03-01 15:01:10.339,18972,18973,18972,1,-1
2024-03-01 15:01:10.339,18972,18973,18972,2,-2
2024-03-01 15:01:10.347,18971,18972,18972,1,1
2024-03-01 15:01:10.349,18971,18972,18973,1,1
2024-03-01 15:01:10.505,18971,18973,18972,1,1
2024-03-01 15:01:10.564,18971,18973,18973,1,1
2024-03-01 15:01:12.440,18971,18972,18972,1,1
2024-03-01 15:01:12.512,18971,18973,18973,1,1
2024-03-01 15:01:14.726,18971,18972,18972,1,1
2024-03-01 15:01:14.952,18971,18973,18973,1,1
2024-03-01 15:01:15.000,18971,18973,18973,1,1
2024-03-01 15:01:17.115,18971,18973,18973,1,1
2024-03-01 15:01:21.847,18972,18973,18972,2,-2
2024-03-01 15:01:21.972,18972,18973,18973,1,1
2024-03-01 15:01:21.972,18972,18973,18973,1,1
2024-03-01 15:01:21.972,18972,18973,18973,1,1
2024-03-01 15:01:21.973,18972,18973,18973,1,1
2024-03-01 15:01:21.974,18972,18973,18973,1,1
2024-03-01 15:01:24.850,18972,18973,18973,1,1
2024-03-01 15:01:34.355,18972,18973,18972,1,-1
2024-03-01 15:01:34.563,18972,18973,18972,5,-5
2024-03-01 15:01:34.924,18971,18972,18972,1,1
2024-03-01 15:01:35.220,18971,18972,18972,1,1
2024-03-01 15:01:35.346,18971,18972,18972,1,1
2024-03-01 15:01:35.347,18971,18972,18973,1,1
2024-03-01 15:01:35.348,18971,18972,18973,1,1
2024-03-01 15:01:35.508,18971,18973,18973,1,1
2024-03-01 15:01:36.596,18971,18972,18972,1,1
2024-03-01 15:01:37.004,18971,18973,18971,1,-1
2024-03-01 15:01:38.118,18971,18973,18971,1,-1
2024-03-01 15:01:38.146,18971,18973,18972,4,-4
2024-03-01 15:01:38.253,18971,18973,18971,1,-1
2024-03-01 15:01:38.796,18971,18973,18971,1,-1
2024-03-01 15:01:39.216,18971,18972,18972,1,1
2024-03-01 15:01:41.853,18971,18972,18972,1,1
2024-03-01 15:01:42.553,18971,18972,18972,1,1
2024-03-01 15:01:43.900,18971,18972,18972,2,2
2024-03-01 15:01:44.016,18972,18973,18973,1,1
2024-03-01 15:01:44.106,18972,18973,18972,1,-1
2024-03-01 15:01:44.274,18972,18973,18972,1,-1
2024-03-01 15:01:44.476,18971,18973,18971,1,-1
2024-03-01 15:01:44.846,18971,18973,18973,1,1
2024-03-01 15:01:44.948,18971,18973,18973,1,1
2024-03-01 15:01:46.345,18971,18973,18973,1,1
2024-03-01 15:01:47.169,18971,18973,18972,1,1
2024-03-01 15:01:48.224,18971,18972,18972,1,1
2024-03-01 15:01:53.583,18972,18973,18972,1,-1
2024-03-01 15:01:53.583,18972,18973,18971,1,-1
2024-03-01 15:01:54.174,18971,18973,18972,1,-1
2024-03-01 15:01:57.092,18971,18972,18972,1,1
2024-03-01 15:01:57.360,18971,18972,18972,1,1
2024-03-01 15:01:57.696,18971,18972,18972,1,1
2024-03-01 15:01:57.968,18971,18972,18972,1,1
2024-03-01 15:01:58.420,18971,18973,18971,1,-1
2024-03-01 15:01:58.555,18971,18973,18971,1,-1
2024-03-01 15:01:59.348,18971,18972,18972,1,1
2024-03-01 15:01:59.657,18971,18973,18972,2,2
2024-03-01 15:02:00.218,18972,18973,18973,8,8
2024-03-01 15:02:00.219,18972,18973,18973,1,1
2024-03-01 15:02:00.219,18972,18973,18973,3,3
2024-03-01 15:02:00.219,18972,18973,18973,4,4
2024-03-01 15:02:00.260,18972,18973,18973,3,3
2024-03-01 15:02:00.260,18972,18973,18973,1,1
2024-03-01 15:02:00.260,18972,18973,18973,2,2
2024-03-01 15:02:00.261,18972,18973,18973,1,1
2024-03-01 15:02:01.424,18973,18974,18973,1,-1
2024-03-01 15:02:01.556,18973,18974,18974,1,1
2024-03-01 15:02:01.576,18973,18974,18974,1,1
2024-03-01 15:02:01.616,18973,18974,18974,1,1
2024-03-01 15:02:01.659,18973,18974,18974,1,1
2024-03-01 15:02:01.659,18973,18974,18974,6,6
2024-03-01 15:02:01.675,18973,18974,18974,1,1
2024-03-01 15:02:01.687,18973,18974,18974,2,2
2024-03-01 15:02:01.689,18973,18974,18974,1,1
2024-03-01 15:02:01.855,18974,18975,18974,1,-1
2024-03-01 15:02:01.855,18974,18975,18973,3,-3
2024-03-01 15:02:01.860,18974,18975,18974,1,-1
2024-03-01 15:02:02.452,18974,18975,18975,1,1
2024-03-01 15:02:02.543,18974,18975,18975,1,1
2024-03-01 15:02:02.547,18974,18975,18975,1,1
2024-03-01 15:02:02.573,18974,18975,18975,1,1
2024-03-01 15:02:02.581,18974,18975,18975,1,1
2024-03-01 15:02:02.736,18974,18975,18975,1,1
2024-03-01 15:02:03.080,18974,18975,18975,1,1
2024-03-01 15:02:04.355,18974,18975,18974,1,-1
2024-03-01 15:02:04.535,18974,18975,18975,1,1
2024-03-01 15:02:07.978,18974,18975,18975,1,1
2024-03-01 15:02:08.180,18974,18975,18975,1,1
2024-03-01 15:02:08.812,18974,18975,18975,1,1
2024-03-01 15:02:09.084,18974,18975,18975,1,1
2024-03-01 15:02:09.393,18974,18975,18974,2,-2
2024-03-01 15:02:09.424,18974,18975,18975,1,1
2024-03-01 15:02:09.700,18974,18975,18975,1,1
2024-03-01 15:02:11.197,18973,18975,18975,1,1
2024-03-01 15:02:13.833,18973,18974,18973,1,-1
2024-03-01 15:02:16.014,18973,18974,18974,5,5
2024-03-01 15:02:17.462,18973,18974,18974,1,1
2024-03-01 15:02:17.462,18973,18974,18975,3,3
2024-03-01 15:02:17.584,18973,18975,18975,1,1
2024-03-01 15:02:17.600,18974,18975,18975,1,1
2024-03-01 15:02:17.764,18974,18975,18975,1,1
2024-03-01 15:02:18.088,18974,18975,18975,1,1
2024-03-01 15:02:18.285,18974,18975,18974,1,-1
2024-03-01 15:02:18.320,18974,18975,18975,1,1
2024-03-01 15:02:19.201,18974,18975,18974,1,-1
2024-03-01 15:02:19.360,18974,18975,18974,1,-1
2024-03-01 15:02:20.222,18974,18975,18975,8,8
2024-03-01 15:02:20.333,18974,18975,18974,1,-1
2024-03-01 15:02:21.532,18974,18975,18974,1,-1
2024-03-01 15:02:21.885,18974,18975,18974,1,-1
2024-03-01 15:02:21.886,18974,18975,18974,1,-1
2024-03-01 15:02:22.332,18973,18974,18973,1,-1
2024-03-01 15:02:26.849,18973,18974,18974,3,3
2024-03-01 15:02:28.065,18973,18974,18973,1,-1
2024-03-01 15:02:29.334,18973,18974,18973,1,-1
2024-03-01 15:02:30.711,18972,18973,18973,1,1
2024-03-01 15:02:34.086,18973,18974,18973,1,-1
2024-03-01 15:02:35.839,18973,18974,18974,6,6
2024-03-01 15:02:36.779,18973,18974,18973,4,-4
2024-03-01 15:02:39.534,18972,18973,18973,1,1
2024-03-01 15:02:40.971,18972,18973,18973,1,1
2024-03-01 15:02:43.810,18972,18973,18973,1,1
2024-03-01 15:02:44.152,18972,18973,18973,1,1
2024-03-01 15:02:46.026,18972,18973,18973,1,1
2024-03-01 15:02:48.033,18972,18973,18973,1,1
2024-03-01 15:02:48.725,18972,18973,18973,1,1
2024-03-01 15:02:51.349,18972,18973,18973,1,1
2024-03-01 15:02:53.933,18972,18973,18972,2,-2
2024-03-01 15:02:57.043,18972,18973,18972,1,-1
2024-03-01 15:02:57.591,18972,18973,18972,1,-1
2024-03-01 15:03:00.006,18972,18973,18972,1,-1
2024-03-01 15:03:00.233,18972,18973,18973,8,8
2024-03-01 15:03:00.674,18972,18973,18973,3,3
2024-03-01 15:03:00.674,18972,18973,18973,2,2
2024-03-01 15:03:00.984,18973,18974,18974,1,1
2024-03-01 15:03:01.060,18973,18974,18974,1,1
2024-03-01 15:03:01.140,18973,18974,18974,1,1
2024-03-01 15:03:01.336,18973,18974,18974,1,1
2024-03-01 15:03:01.392,18973,18974,18974,1,1
2024-03-01 15:03:01.436,18973,18974,18974,1,1
2024-03-01 15:03:01.668,18973,18974,18974,2,2
2024-03-01 15:03:01.704,18973,18974,18974,1,1
2024-03-01 15:03:01.712,18973,18974,18974,1,1
2024-03-01 15:03:01.806,18973,18974,18974,2,2
2024-03-01 15:03:02.424,18973,18974,18974,1,1
2024-03-01 15:03:02.935,18973,18974,18974,1,1
2024-03-01 15:03:02.936,18973,18974,18974,1,1
2024-03-01 15:03:02.936,18973,18974,18974,7,7
2024-03-01 15:03:02.936,18973,18974,18974,3,3
2024-03-01 15:03:02.936,18973,18974,18974,1,1
2024-03-01 15:03:02.936,18973,18974,18974,1,1
2024-03-01 15:03:03.115,18974,18975,18975,1,1
2024-03-01 15:03:03.115,18974,18975,18975,1,1
2024-03-01 15:03:03.116,18974,18975,18975,1,1
2024-03-01 15:03:03.116,18974,18975,18975,1,1
2024-03-01 15:03:03.116,18974,18975,18975,3,3
2024-03-01 15:03:03.116,18974,18975,18975,1,1
2024-03-01 15:03:03.116,18974,18975,18975,1,1
2024-03-01 15:03:03.116,18974,18975,18975,1,1
2024-03-01 15:03:03.116,18974,18975,18975,1,1
2024-03-01 15:03:03.117,18974,18975,18975,21,21
2024-03-01 15:03:03.130,18974,18975,18976,1,1
2024-03-01 15:03:03.153,18974,18975,18976,1,1
2024-03-01 15:03:03.160,18974,18975,18975,1,1
2024-03-01 15:03:03.206,18974,18975,18976,15,15
2024-03-01 15:03:03.218,18974,18975,18977,1,1
2024-03-01 15:03:03.218,18974,18975,18977,1,1
2024-03-01 15:03:03.218,18974,18975,18977,12,12
2024-03-01 15:03:03.218,18974,18975,18977,1,1
2024-03-01 15:03:03.218,18974,18975,18977,2,2
2024-03-01 15:03:03.252,18976,18977,18976,1,-1
2024-03-01 15:03:03.405,18976,18977,18977,26,26
2024-03-01 15:03:03.452,18976,18977,18978,5,5
2024-03-01 15:03:03.467,18976,18977,18978,10,10
2024-03-01 15:03:03.468,18976,18977,18978,2,2
2024-03-01 15:03:03.573,18978,18979,18979,1,1
2024-03-01 15:03:04.234,18977,18978,18978,2,2
2024-03-01 15:03:04.384,18977,18978,18978,2,2
2024-03-01 15:03:04.454,18977,18978,18977,1,-1
2024-03-01 15:03:04.520,18976,18978,18978,2,2
2024-03-01 15:03:05.303,18976,18978,18978,1,1
2024-03-01 15:03:05.498,18976,18978,18978,1,1
2024-03-01 15:03:06.866,18977,18978,18978,3,3
2024-03-01 15:03:07.568,18977,18978,18977,1,-1
2024-03-01 15:03:07.624,18976,18977,18977,6,6
2024-03-01 15:03:09.329,18977,18978,18977,1,-1
2024-03-01 15:03:09.407,18977,18978,18977,1,-1
2024-03-01 15:03:09.492,18976,18977,18976,1,-1
2024-03-01 15:03:10.973,18976,18977,18976,1,-1
2024-03-01 15:03:11.217,18975,18977,18977,18,18
2024-03-01 15:03:11.217,18975,18977,18978,2,2
2024-03-01 15:03:13.050,18976,18978,18978,15,15
2024-03-01 15:03:13.050,18976,18978,18979,5,5
2024-03-01 15:03:14.669,18977,18978,18978,2,2
2024-03-01 15:03:14.751,18977,18978,18977,3,-3
2024-03-01 15:03:15.969,18976,18977,18977,1,1
2024-03-01 15:03:16.818,18976,18978,18976,3,-3
2024-03-01 15:03:16.836,18976,18978,18978,1,1
2024-03-01 15:03:17.329,18976,18978,18978,1,1
2024-03-01 15:03:18.151,18977,18978,18978,1,1
2024-03-01 15:03:22.315,18976,18978,18978,15,15
2024-03-01 15:03:22.315,18976,18978,18979,21,21
2024-03-01 15:03:22.778,18978,18979,18979,3,3
2024-03-01 15:03:22.778,18978,18979,18979,1,1
2024-03-01 15:03:23.114,18978,18979,18978,3,-3
2024-03-01 15:03:23.872,18977,18978,18978,1,1
2024-03-01 15:03:27.162,18977,18978,18978,14,14
2024-03-01 15:03:27.162,18977,18978,18979,18,18
2024-03-01 15:03:29.794,18977,18978,18977,1,-1
2024-03-01 15:03:30.276,18977,18978,18978,1,1
2024-03-01 15:03:30.622,18977,18978,18979,16,16
2024-03-01 15:03:30.622,18977,18978,18978,4,4
2024-03-01 15:03:31.924,18978,18979,18979,1,1
2024-03-01 15:03:34.695,18979,18980,18980,3,3
2024-03-01 15:03:34.908,18979,18980,18980,1,1
2024-03-01 15:03:34.908,18979,18980,18980,3,3
2024-03-01 15:03:35.398,18979,18980,18980,2,2
2024-03-01 15:03:35.451,18979,18980,18980,5,5
2024-03-01 15:03:35.451,18979,18980,18980,3,3
2024-03-01 15:03:35.451,18979,18980,18980,2,2
2024-03-01 15:03:35.451,18979,18980,18980,1,1
2024-03-01 15:03:35.451,18979,18980,18980,1,1
2024-03-01 15:03:35.451,18979,18980,18980,3,3
2024-03-01 15:03:36.027,18980,18981,18980,4,-4
2024-03-01 15:03:36.150,18980,18981,18980,4,-4
2024-03-01 15:03:38.417,18979,18980,18980,1,1
2024-03-01 15:03:38.829,18979,18980,18979,4,-4
2024-03-01 15:03:40.096,18979,18980,18980,1,1
2024-03-01 15:03:42.886,18979,18980,18980,5,5
2024-03-01 15:03:42.936,18979,18980,18980,1,1
2024-03-01 15:03:43.843,18979,18980,18979,1,-1
2024-03-01 15:03:46.179,18979,18980,18979,5,-5
2024-03-01 15:03:46.645,18978,18979,18979,1,1
2024-03-01 15:03:47.721,18978,18979,18979,1,1
2024-03-01 15:03:48.289,18978,18979,18979,2,2
2024-03-01 15:03:49.506,18978,18979,18978,1,-1
2024-03-01 15:03:51.517,18978,18979,18979,2,2
2024-03-01 15:03:51.533,18978,18979,18979,2,2
2024-03-01 15:03:53.846,18978,18979,18979,1,1
2024-03-01 15:03:58.293,18978,18979,18978,4,-4
2024-03-01 15:03:59.186,18977,18978,18978,1,1
2024-03-01 15:03:59.395,18977,18978,18977,3,-3
2024-03-01 15:04:00.518,18976,18977,18977,1,1
2024-03-01 15:04:02.973,18976,18977,18977,1,1
2024-03-01 15:04:03.472,18976,18977,18977,2,2
2024-03-01 15:04:03.972,18976,18977,18977,4,4
2024-03-01 15:04:04.688,18976,18977,18976,1,-1
2024-03-01 15:04:05.644,18976,18977,18976,1,-1
2024-03-01 15:04:05.644,18976,18977,18976,1,-1
2024-03-01 15:04:05.924,18975,18977,18977,11,11
2024-03-01 15:04:09.642,18976,18977,18976,1,-1
2024-03-01 15:04:10.687,18976,18977,18977,1,1
2024-03-01 15:04:12.386,18976,18977,18976,1,-1
2024-03-01 15:04:15.180,18976,18977,18976,1,-1
2024-03-01 15:04:17.309,18976,18977,18976,3,-3
2024-03-01 15:04:17.344,18976,18977,18976,1,-1
2024-03-01 15:04:18.296,18976,18977,18976,1,-1
2024-03-01 15:04:19.543,18976,18977,18976,1,-1
2024-03-01 15:04:25.125,18976,18977,18977,2,2
2024-03-01 15:04:25.125,18976,18977,18977,1,1
2024-03-01 15:04:25.125,18976,18977,18977,3,3
2024-03-01 15:04:25.125,18976,18977,18977,4,4
2024-03-01 15:04:25.175,18976,18977,18978,3,3
2024-03-01 15:04:30.372,18978,18979,18978,4,-4
2024-03-01 15:04:30.439,18978,18979,18979,1,1
2024-03-01 15:04:34.687,18978,18979,18979,1,1
2024-03-01 15:04:35.159,18978,18979,18979,1,1
2024-03-01 15:04:35.420,18978,18979,18979,1,1
2024-03-01 15:04:35.682,18978,18979,18979,1,1
2024-03-01 15:04:36.369,18978,18979,18979,1,1
2024-03-01 15:04:38.455,18978,18979,18979,1,1
2024-03-01 15:04:38.468,18978,18979,18979,6,6
2024-03-01 15:04:38.700,18978,18980,18980,1,1
2024-03-01 15:04:40.225,18979,18980,18980,7,7
2024-03-01 15:04:40.615,18979,18980,18979,1,-1
2024-03-01 15:04:45.223,18979,18980,18979,1,-1
2024-03-01 15:04:57.585,18979,18980,18979,1,-1
2024-03-01 15:04:58.240,18979,18980,18979,13,-13
2024-03-01 15:05:00.713,18978,18979,18979,1,1
2024-03-01 15:05:01.060,18978,18980,18980,3,3
2024-03-01 15:05:02.056,18978,18979,18979,2,2
2024-03-01 15:05:02.931,18978,18979,18979,1,1
2024-03-01 15:05:06.411,18978,18979,18978,1,-1
2024-03-01 15:05:06.697,18978,18979,18979,1,1
2024-03-01 15:05:07.364,18978,18979,18978,1,-1
2024-03-01 15:05:10.990,18978,18979,18978,2,-2
2024-03-01 15:05:11.436,18978,18979,18978,1,-1
2024-03-01 15:05:12.609,18977,18978,18977,2,-2
2024-03-01 15:05:18.733,18976,18977,18977,2,2
2024-03-01 15:05:21.500,18976,18977,18977,1,1
2024-03-01 15:05:23.181,18976,18977,18976,1,-1
2024-03-01 15:05:28.156,18976,18977,18976,4,-4
2024-03-01 15:05:28.156,18976,18977,18976,1,-1
2024-03-01 15:05:29.905,18975,18976,18975,7,-7
2024-03-01 15:05:29.905,18975,18976,18975,5,-5
2024-03-01 15:05:30.241,18974,18975,18975,1,1
2024-03-01 15:05:31.194,18974,18975,18975,1,1
2024-03-01 15:05:33.316,18974,18975,18974,1,-1
2024-03-01 15:05:33.317,18974,18975,18974,3,-3
2024-03-01 15:05:34.438,18974,18975,18974,1,-1
2024-03-01 15:05:42.091,18974,18975,18974,1,-1
2024-03-01 15:05:49.425,18974,18975,18974,1,-1
2024-03-01 15:05:49.795,18974,18975,18974,2,-2
2024-03-01 15:05:49.795,18974,18975,18974,6,-6
2024-03-01 15:05:50.926,18973,18974,18973,2,-2
2024-03-01 15:05:51.449,18973,18974,18973,1,-1
2024-03-01 15:05:58.818,18972,18973,18972,3,-3
2024-03-01 15:06:00.332,18972,18973,18973,1,1
2024-03-01 15:06:00.992,18972,18973,18972,2,-2
2024-03-01 15:06:02.020,18972,18973,18972,1,-1
2024-03-01 15:06:02.366,18971,18972,18972,1,1
2024-03-01 15:06:02.455,18971,18972,18972,1,1
2024-03-01 15:06:02.455,18971,18972,18972,1,1
2024-03-01 15:06:02.814,18971,18973,18971,2,-2
2024-03-01 15:06:04.118,18971,18972,18971,1,-1
2024-03-01 15:06:05.217,18971,18972,18972,1,1
2024-03-01 15:06:10.622,18972,18973,18972,1,-1
2024-03-01 15:06:10.683,18972,18973,18973,1,1
2024-03-01 15:06:11.737,18972,18973,18973,2,2
2024-03-01 15:06:11.737,18972,18973,18973,1,1
2024-03-01 15:06:11.846,18973,18974,18974,1,1
2024-03-01 15:06:11.847,18973,18974,18974,1,1
2024-03-01 15:06:11.847,18973,18974,18974,1,1
2024-03-01 15:06:11.847,18973,18974,18974,1,1
2024-03-01 15:06:11.847,18973,18974,18974,1,1
2024-03-01 15:06:11.847,18973,18974,18974,1,1
2024-03-01 15:06:11.848,18973,18974,18975,1,1
2024-03-01 15:06:13.397,18973,18975,18973,1,-1
2024-03-01 15:06:15.582,18972,18974,18972,1,-1
2024-03-01 15:06:15.748,18972,18974,18972,1,-1
2024-03-01 15:06:24.245,18973,18974,18973,2,-2
2024-03-01 15:06:24.874,18973,18974,18974,1,1
2024-03-01 15:06:30.105,18973,18974,18974,1,1
2024-03-01 15:06:30.221,18974,18975,18975,1,1
2024-03-01 15:06:30.222,18974,18975,18975,1,1
2024-03-01 15:06:30.228,18974,18975,18975,1,1
2024-03-01 15:06:30.228,18974,18975,18975,2,2
2024-03-01 15:06:31.965,18974,18976,18974,1,-1
2024-03-01 15:06:36.780,18975,18976,18976,1,1
2024-03-01 15:06:40.688,18975,18976,18975,1,-1
2024-03-01 15:06:46.062,18975,18976,18975,3,-3
2024-03-01 15:06:48.202,18975,18976,18975,1,-1
2024-03-01 15:06:50.481,18975,18976,18975,1,-1
2024-03-01 15:06:50.481,18975,18976,18975,2,-2
2024-03-01 15:06:50.689,18974,18975,18975,1,1
2024-03-01 15:06:58.253,18974,18975,18975,3,3
2024-03-01 15:07:02.684,18974,18976,18976,1,1
2024-03-01 15:07:14.449,18975,18976,18976,1,1
2024-03-01 15:07:14.807,18975,18976,18976,1,1
2024-03-01 15:07:21.815,18975,18976,18975,2,-2
2024-03-01 15:07:27.837,18975,18976,18975,13,-13
2024-03-01 15:07:30.594,18974,18975,18975,1,1
2024-03-01 15:07:31.496,18974,18975,18975,3,3
2024-03-01 15:07:38.974,18974,18975,18975,1,1
2024-03-01 15:07:39.130,18974,18975,18975,1,1
2024-03-01 15:07:39.315,18974,18975,18974,2,-2
2024-03-01 15:07:39.370,18974,18975,18975,1,1
2024-03-01 15:07:46.002,18974,18975,18975,1,1
2024-03-01 15:07:56.133,18974,18975,18975,2,2
2024-03-01 15:08:00.548,18974,18975,18975,1,1
2024-03-01 15:08:00.765,18974,18975,18974,1,-1
2024-03-01 15:08:00.765,18974,18975,18974,1,-1
2024-03-01 15:08:00.765,18974,18975,18974,2,-2
2024-03-01 15:08:00.765,18974,18975,18974,1,-1
2024-03-01 15:08:00.765,18974,18975,18974,1,-1
2024-03-01 15:08:01.251,18973,18974,18974,1,1
2024-03-01 15:08:02.343,18973,18974,18974,1,1
2024-03-01 15:08:04.971,18973,18974,18973,1,-1
2024-03-01 15:08:04.988,18973,18974,18973,2,-2
2024-03-01 15:08:05.844,18973,18974,18973,2,-2
2024-03-01 15:08:08.863,18972,18974,18974,1,1
2024-03-01 15:08:18.051,18972,18973,18973,1,1
2024-03-01 15:08:21.620,18972,18973,18973,1,1
2024-03-01 15:08:22.719,18972,18973,18972,1,-1
2024-03-01 15:08:24.354,18972,18973,18972,1,-1
2024-03-01 15:08:29.055,18972,18973,18972,2,-2
2024-03-01 15:08:32.485,18972,18973,18972,10,-10
2024-03-01 15:08:33.580,18972,18973,18972,1,-1
2024-03-01 15:08:35.239,18971,18972,18971,1,-1
2024-03-01 15:08:38.997,18971,18972,18971,1,-1
2024-03-01 15:08:39.056,18971,18972,18971,1,-1
2024-03-01 15:08:39.120,18971,18972,18971,1,-1
2024-03-01 15:08:43.422,18971,18972,18971,1,-1
2024-03-01 15:08:43.521,18971,18972,18972,2,2
2024-03-01 15:08:43.720,18971,18973,18971,1,-1
2024-03-01 15:08:44.790,18972,18973,18972,1,-1
2024-03-01 15:08:44.790,18972,18973,18971,2,-2
2024-03-01 15:08:49.624,18971,18972,18971,1,-1
2024-03-01 15:08:52.221,18971,18972,18971,3,-3
2024-03-01 15:08:58.978,18971,18972,18971,1,-1
2024-03-01 15:09:00.641,18971,18972,18971,2,-2
2024-03-01 15:09:02.390,18971,18972,18971,1,-1
2024-03-01 15:09:03.535,18971,18972,18971,2,-2
2024-03-01 15:09:04.309,18971,18972,18971,1,-1
2024-03-01 15:09:04.419,18971,18972,18971,1,-1
2024-03-01 15:09:09.971,18971,18972,18971,1,-1
2024-03-01 15:09:10.605,18971,18972,18971,2,-2
2024-03-01 15:09:10.666,18971,18972,18972,1,1
2024-03-01 15:09:13.359,18971,18972,18972,1,1
2024-03-01 15:09:13.359,18971,18972,18972,4,4
2024-03-01 15:09:16.792,18972,18973,18972,2,-2
2024-03-01 15:09:30.693,18972,18973,18972,1,-1
2024-03-01 15:09:34.525,18972,18973,18972,2,-2
2024-03-01 15:09:36.267,18972,18973,18972,1,-1
2024-03-01 15:09:46.060,18971,18972,18971,2,-2
2024-03-01 15:09:50.177,18971,18972,18972,2,2
2024-03-01 15:09:56.809,18971,18972,18972,1,1
2024-03-01 15:09:57.993,18971,18972,18971,1,-1
2024-03-01 15:09:58.884,18971,18972,18972,1,1
2024-03-01 15:10:03.119,18971,18972,18972,1,1
2024-03-01 15:10:06.356,18972,18973,18972,4,-4
2024-03-01 15:10:11.505,18972,18973,18973,3,3
2024-03-01 15:10:20.272,18972,18973,18972,1,-1
2024-03-01 15:10:20.334,18972,18973,18973,1,1
2024-03-01 15:10:42.761,18972,18973,18973,1,1
2024-03-01 15:10:46.498,18972,18973,18973,1,1
2024-03-01 15:10:49.632,18972,18974,18972,3,-3
2024-03-01 15:11:02.382,18972,18974,18972,1,-1
2024-03-01 15:11:03.804,18972,18974,18972,2,-2
2024-03-01 15:11:04.493,18972,18974,18974,2,2
2024-03-01 15:11:08.818,18972,18974,18972,5,-5
2024-03-01 15:11:13.895,18972,18974,18974,1,1
2024-03-01 15:11:20.956,18973,18974,18974,1,1
2024-03-01 15:11:37.797,18972,18973,18972,12,-12
2024-03-01 15:11:37.797,18972,18973,18971,8,-8
2024-03-01 15:11:41.856,18971,18972,18971,5,-5
2024-03-01 15:11:42.023,18971,18972,18972,5,5
2024-03-01 15:11:42.997,18971,18972,18971,3,-3
2024-03-01 15:11:43.439,18970,18971,18971,2,2
2024-03-01 15:11:44.806,18970,18971,18970,17,-17
2024-03-01 15:11:45.012,18970,18971,18970,1,-1
2024-03-01 15:11:45.046,18970,18971,18970,1,-1
2024-03-01 15:11:45.880,18970,18971,18971,1,1
2024-03-01 15:11:47.510,18970,18971,18971,1,1
2024-03-01 15:11:48.785,18970,18972,18970,1,-1
2024-03-01 15:11:50.394,18970,18971,18970,1,-1
2024-03-01 15:11:51.899,18970,18971,18970,18,-18
2024-03-01 15:11:59.470,18969,18970,18969,5,-5
2024-03-01 15:12:00.258,18969,18970,18969,2,-2
2024-03-01 15:12:00.258,18969,18970,18968,25,-25
2024-03-01 15:12:00.260,18969,18970,18968,37,-37
2024-03-01 15:12:00.261,18969,18970,18968,1,-1
2024-03-01 15:12:00.742,18968,18970,18968,3,-3
2024-03-01 15:12:00.856,18968,18969,18968,1,-1
2024-03-01 15:12:00.856,18968,18969,18967,1,-1
2024-03-01 15:12:00.859,18968,18969,18967,12,-12
2024-03-01 15:12:00.879,18968,18969,18967,4,-4
2024-03-01 15:12:00.903,18968,18969,18967,3,-3
2024-03-01 15:12:00.903,18968,18969,18966,16,-16
2024-03-01 15:12:00.903,18968,18969,18965,5,-5
2024-03-01 15:12:00.904,18968,18969,18966,1,-1
2024-03-01 15:12:00.905,18968,18969,18966,2,-2
2024-03-01 15:12:00.905,18968,18969,18966,2,-2
2024-03-01 15:12:00.996,18966,18967,18967,2,2
2024-03-01 15:12:01.012,18966,18967,18967,1,1
2024-03-01 15:12:01.020,18966,18967,18967,1,1
2024-03-01 15:12:01.020,18966,18967,18967,1,1
2024-03-01 15:12:01.031,18966,18967,18967,1,1
2024-03-01 15:12:01.054,18966,18967,18967,1,1
2024-03-01 15:12:01.156,18967,18968,18968,1,1
2024-03-01 15:12:03.807,18967,18968,18967,1,-1
2024-03-01 15:12:04.530,18966,18967,18967,1,1
2024-03-01 15:12:06.270,18966,18967,18966,3,-3
2024-03-01 15:12:06.288,18966,18967,18966,1,-1
2024-03-01 15:12:07.196,18966,18967,18967,1,1
2024-03-01 15:12:16.036,18967,18968,18968,1,1
2024-03-01 15:12:20.765,18967,18968,18968,1,1
2024-03-01 15:12:24.753,18969,18970,18969,1,-1
2024-03-01 15:12:27.532,18968,18969,18968,1,-1
2024-03-01 15:12:32.066,18968,18969,18968,2,-2
2024-03-01 15:12:33.301,18968,18969,18968,1,-1
2024-03-01 15:12:35.722,18968,18969,18969,1,1
2024-03-01 15:12:38.742,18968,18969,18969,3,3
2024-03-01 15:12:38.999,18969,18970,18969,1,-1
2024-03-01 15:12:44.195,18969,18970,18969,2,-2
2024-03-01 15:12:45.675,18969,18970,18969,1,-1
2024-03-01 15:12:45.959,18969,18970,18970,2,2
2024-03-01 15:13:01.735,18969,18970,18969,1,-1
2024-03-01 15:13:02.541,18968,18969,18969,1,1
2024-03-01 15:13:02.541,18968,18969,18969,1,1
2024-03-01 15:13:07.516,18969,18970,18970,1,1
2024-03-01 15:13:09.848,18969,18970,18969,5,-5
2024-03-01 15:13:13.193,18969,18970,18969,1,-1
2024-03-01 15:13:19.334,18969,18970,18970,3,3
2024-03-01 15:13:20.242,18969,18970,18970,1,1
2024-03-01 15:13:21.482,18969,18970,18970,1,1
2024-03-01 15:13:21.539,18969,18970,18969,1,-1
2024-03-01 15:13:25.184,18969,18970,18969,1,-1
2024-03-01 15:13:25.382,18969,18970,18969,1,-1
2024-03-01 15:13:29.176,18969,18970,18969,1,-1
2024-03-01 15:13:31.702,18969,18970,18969,1,-1
2024-03-01 15:13:55.223,18969,18970,18969,1,-1
2024-03-01 15:13:57.748,18969,18970,18970,1,1
2024-03-01 15:13:59.780,18969,18970,18969,1,-1
2024-03-01 15:14:00.748,18969,18970,18970,1,1
2024-03-01 15:14:08.531,18969,18970,18970,10,10
2024-03-01 15:14:18.494,18969,18970,18969,2,-2
2024-03-01 15:14:27.198,18968,18969,18969,1,1
2024-03-01 15:14:34.336,18968,18970,18969,1,1
2024-03-01 15:14:40.088,18969,18970,18970,1,1
2024-03-01 15:14:40.260,18969,18970,18970,1,1
2024-03-01 15:14:43.452,18969,18970,18970,2,2
2024-03-01 15:14:49.198,18970,18971,18971,1,1
2024-03-01 15:14:49.596,18970,18971,18971,1,1
2024-03-01 15:15:00.575,18971,18972,18971,2,-2
2024-03-01 15:15:00.636,18970,18971,18971,1,1
2024-03-01 15:15:00.918,18970,18971,18971,1,1
2024-03-01 15:15:04.293,18970,18971,18970,1,-1
2024-03-01 15:15:09.481,18970,18971,18970,1,-1
2024-03-01 15:15:09.580,18970,18971,18970,1,-1
2024-03-01 15:15:12.960,18969,18970,18970,1,1
2024-03-01 15:15:12.972,18969,18971,18971,1,1
2024-03-01 15:15:20.269,18970,18971,18971,1,1
2024-03-01 15:15:21.424,18970,18971,18970,1,-1
2024-03-01 15:15:23.491,18970,18971,18970,2,-2
2024-03-01 15:15:25.801,18970,18971,18971,1,1
2024-03-01 15:15:27.171,18971,18972,18971,1,-1
2024-03-01 15:15:29.222,18971,18972,18971,1,-1
2024-03-01 15:15:50.845,18971,18972,18971,1,-1
2024-03-01 15:15:53.254,18971,18972,18972,1,1
2024-03-01 15:15:56.517,18971,18972,18972,1,1
2024-03-01 15:15:56.517,18971,18972,18972,3,3
2024-03-01 15:15:56.517,18971,18972,18972,1,1
2024-03-01 15:15:58.292,18972,18973,18973,1,1
2024-03-01 15:15:58.292,18972,18973,18973,1,1
2024-03-01 15:15:58.292,18972,18973,18973,3,3
2024-03-01 15:15:58.768,18972,18974,18972,1,-1
2024-03-01 15:15:58.768,18972,18974,18972,2,-2
2024-03-01 15:16:00.616,18972,18973,18973,1,1
2024-03-01 15:16:00.732,18972,18973,18973,1,1
2024-03-01 15:16:00.732,18972,18973,18973,1,1
2024-03-01 15:16:00.740,18972,18973,18973,1,1
2024-03-01 15:16:03.499,18972,18973,18972,1,-1
2024-03-01 15:16:03.598,18972,18973,18973,1,1
2024-03-01 15:16:04.828,18972,18973,18972,1,-1
2024-03-01 15:16:04.829,18972,18973,18972,1,-1
2024-03-01 15:16:04.904,18971,18972,18971,1,-1
2024-03-01 15:16:10.525,18971,18972,18972,1,1
2024-03-01 15:16:10.818,18971,18972,18971,1,-1
2024-03-01 15:16:10.949,18971,18972,18971,1,-1
2024-03-01 15:16:37.616,18971,18972,18971,1,-1
2024-03-01 15:16:50.335,18971,18972,18972,1,1
2024-03-01 15:16:50.348,18971,18972,18972,1,1
2024-03-01 15:16:58.772,18971,18972,18971,1,-1
2024-03-01 15:17:00.217,18971,18972,18972,1,1
2024-03-01 15:17:05.384,18971,18972,18972,3,3
2024-03-01 15:17:07.892,18971,18972,18972,1,1
2024-03-01 15:17:10.955,18971,18972,18971,1,-1
2024-03-01 15:17:27.303,18971,18972,18972,2,2
2024-03-01 15:17:29.331,18971,18972,18971,1,-1
2024-03-01 15:17:32.900,18971,18972,18972,1,1
2024-03-01 15:17:36.451,18971,18972,18971,2,-2
2024-03-01 15:17:46.431,18971,18972,18971,1,-1
2024-03-01 15:18:12.385,18971,18972,18972,1,1
2024-03-01 15:18:18.383,18971,18972,18972,1,1
2024-03-01 15:18:19.959,18971,18972,18972,1,1
2024-03-01 15:18:20.647,18971,18972,18972,1,1
2024-03-01 15:18:27.981,18971,18972,18972,1,1
2024-03-01 15:18:33.889,18971,18972,18972,1,1
2024-03-01 15:18:35.348,18971,18972,18972,1,1
2024-03-01 15:18:52.725,18971,18972,18972,1,1
2024-03-01 15:18:52.725,18971,18972,18972,1,1
2024-03-01 15:18:52.725,18971,18972,18972,10,10
2024-03-01 15:18:59.295,18972,18973,18972,2,-2
2024-03-01 15:19:00.225,18972,18973,18973,1,1
2024-03-01 15:19:08.860,18971,18973,18973,15,15
2024-03-01 15:19:13.217,18972,18973,18973,3,3
2024-03-01 15:19:13.961,18973,18974,18973,1,-1
2024-03-01 15:19:26.821,18972,18973,18973,1,1
2024-03-01 15:19:26.822,18972,18973,18973,1,1
2024-03-01 15:19:26.972,18972,18974,18974,1,1
2024-03-01 15:19:32.264,18972,18973,18973,1,1
2024-03-01 15:19:34.106,18973,18974,18973,1,-1
2024-03-01 15:20:02.672,18972,18973,18973,1,1
2024-03-01 15:20:02.815,18972,18973,18973,1,1
2024-03-01 15:20:06.450,18972,18973,18973,1,1
2024-03-01 15:20:08.404,18972,18973,18973,1,1
2024-03-01 15:20:09.651,18973,18974,18973,1,-1
2024-03-01 15:20:10.060,18972,18974,18972,1,-1
2024-03-01 15:20:23.267,18972,18973,18973,1,1
2024-03-01 15:20:27.518,18972,18974,18974,3,3
2024-03-01 15:20:31.265,18973,18974,18974,1,1
2024-03-01 15:20:34.051,18973,18974,18973,1,-1
2024-03-01 15:20:34.454,18972,18973,18973,3,3
2024-03-01 15:20:48.839,18972,18973,18972,1,-1
2024-03-01 15:20:48.839,18972,18973,18972,5,-5
2024-03-01 15:20:48.839,18972,18973,18972,2,-2
2024-03-01 15:20:48.839,18972,18973,18972,1,-1
2024-03-01 15:20:48.839,18972,18973,18972,3,-3
2024-03-01 15:20:48.852,18971,18972,18972,1,1
2024-03-01 15:21:00.589,18971,18972,18972,1,1
2024-03-01 15:21:12.089,18971,18972,18972,1,1
2024-03-01 15:21:23.539,18971,18972,18972,1,1
2024-03-01 15:21:27.600,18971,18972,18972,6,6
2024-03-01 15:22:01.903,18971,18972,18971,6,-6
2024-03-01 15:22:01.903,18971,18972,18971,2,-2
2024-03-01 15:22:01.903,18971,18972,18971,5,-5
2024-03-01 15:22:04.685,18970,18971,18970,1,-1
2024-03-01 15:22:04.889,18970,18971,18970,1,-1
2024-03-01 15:22:12.578,18969,18971,18969,20,-20
2024-03-01 15:22:13.767,18969,18970,18969,1,-1
2024-03-01 15:22:16.138,18968,18969,18968,1,-1
2024-03-01 15:22:19.348,18968,18969,18968,1,-1
2024-03-01 15:22:20.842,18968,18969,18968,1,-1
2024-03-01 15:22:20.903,18968,18969,18969,1,1
2024-03-01 15:22:40.721,18968,18969,18968,1,-1
2024-03-01 15:22:42.208,18968,18969,18968,1,-1
2024-03-01 15:22:43.652,18968,18969,18969,2,2
2024-03-01 15:22:43.652,18968,18969,18969,2,2
2024-03-01 15:22:52.831,18969,18970,18968,1,-1
2024-03-01 15:22:52.831,18969,18970,18969,1,-1
2024-03-01 15:23:05.724,18969,18970,18969,1,-1
2024-03-01 15:23:08.795,18968,18969,18968,1,-1
2024-03-01 15:23:12.466,18968,18969,18969,3,3
2024-03-01 15:23:22.481,18968,18969,18969,1,1
2024-03-01 15:23:29.526,18968,18969,18969,1,1
2024-03-01 15:23:31.859,18968,18969,18969,1,1
2024-03-01 15:24:05.291,18968,18969,18968,1,-1
2024-03-01 15:24:06.224,18968,18969,18968,1,-1
2024-03-01 15:24:07.939,18968,18969,18968,2,-2
2024-03-01 15:24:09.508,18968,18969,18968,1,-1
2024-03-01 15:24:10.412,18968,18969,18968,1,-1
2024-03-01 15:24:15.029,18968,18969,18968,1,-1
2024-03-01 15:24:22.158,18968,18969,18969,1,1
2024-03-01 15:24:22.742,18968,18969,18968,1,-1
2024-03-01 15:24:27.782,18968,18969,18968,1,-1
2024-03-01 15:24:30.919,18968,18969,18968,1,-1
2024-03-01 15:24:38.845,18968,18969,18968,1,-1
2024-03-01 15:24:51.116,18968,18969,18969,3,3
2024-03-01 15:24:51.116,18968,18969,18969,3,3
2024-03-01 15:25:02.018,18969,18971,18969,3,-3
2024-03-01 15:25:02.485,18969,18971,18971,2,2
2024-03-01 15:25:21.653,18969,18970,18969,2,-2
2024-03-01 15:25:48.346,18968,18969,18968,3,-3
2024-03-01 15:25:48.681,18968,18969,18968,13,-13
2024-03-01 15:25:49.902,18968,18969,18968,2,-2
2024-03-01 15:25:50.664,18967,18968,18967,20,-20
2024-03-01 15:25:55.455,18967,18968,18967,1,-1
2024-03-01 15:25:59.169,18967,18968,18968,4,4
2024-03-01 15:26:01.600,18968,18969,18969,1,1
2024-03-01 15:26:04.014,18968,18969,18968,1,-1
2024-03-01 15:26:04.721,18968,18969,18968,1,-1
2024-03-01 15:26:09.295,18968,18969,18969,1,1
2024-03-01 15:26:09.383,18969,18970,18969,1,-1
2024-03-01 15:26:17.283,18968,18969,18968,1,-1
2024-03-01 15:26:28.444,18968,18969,18969,3,3
2024-03-01 15:26:31.475,18969,18970,18969,1,-1
2024-03-01 15:27:03.696,18969,18970,18969,2,-2
2024-03-01 15:27:10.522,18969,18970,18969,1,-1
2024-03-01 15:27:25.517,18969,18970,18969,1,-1
2024-03-01 15:28:05.636,18969,18970,18969,1,-1
2024-03-01 15:28:06.473,18969,18970,18969,1,-1
2024-03-01 15:28:23.658,18969,18970,18969,3,-3
2024-03-01 15:28:48.421,18968,18969,18968,1,-1
2024-03-01 15:28:56.756,18968,18969,18968,1,-1
2024-03-01 15:29:24.397,18968,18969,18968,1,-1
2024-03-01 15:29:27.539,18968,18969,18968,1,-1
2024-03-01 15:29:32.413,18968,18969,18969,4,4
2024-03-01 15:29:33.737,18968,18969,18969,14,14
2024-03-01 15:29:33.737,18968,18969,18970,10,10
2024-03-01 15:29:33.746,18968,18969,18971,3,3
2024-03-01 15:29:33.746,18968,18969,18970,1,1
2024-03-01 15:29:44.248,18969,18970,18970,1,1
2024-03-01 15:29:44.248,18969,18970,18970,1,1
2024-03-01 15:29:46.674,18969,18971,18969,18,-18
2024-03-01 15:29:48.969,18969,18970,18970,1,1
2024-03-01 15:29:49.974,18969,18970,18969,2,-2
2024-03-01 15:29:49.974,18969,18970,18968,4,-4
2024-03-01 15:29:53.223,18968,18970,18968,1,-1
2024-03-01 15:30:04.265,18968,18969,18968,1,-1
2024-03-01 15:30:04.386,18968,18969,18969,1,1
2024-03-01 15:30:04.386,18968,18969,18969,1,1
2024-03-01 15:30:04.495,18968,18969,18968,3,-3
2024-03-01 15:30:04.502,18968,18969,18968,7,-7
2024-03-01 15:30:04.623,18968,18969,18968,2,-2
2024-03-01 15:30:04.849,18968,18969,18968,1,-1
2024-03-01 15:30:04.849,18968,18969,18968,2,-2
2024-03-01 15:30:11.757,18968,18969,18968,1,-1
2024-03-01 15:30:13.246,18968,18969,18968,1,-1
2024-03-01 15:30:16.643,18968,18969,18968,1,-1
2024-03-01 15:30:28.935,18967,18968,18967,1,-1
2024-03-01 15:30:44.670,18967,18968,18967,1,-1
2024-03-01 15:30:44.721,18967,18968,18968,1,1
2024-03-01 15:31:06.043,18967,18968,18968,1,1
2024-03-01 15:31:06.121,18967,18968,18968,3,3
2024-03-01 15:31:06.121,18967,18968,18968,4,4
2024-03-01 15:31:19.616,18968,18969,18969,2,2
2024-03-01 15:31:20.238,18968,18969,18969,1,1
2024-03-01 15:31:20.346,18968,18969,18969,1,1
2024-03-01 15:31:57.832,18968,18969,18969,6,6
2024-03-01 15:31:57.833,18968,18969,18969,2,2
2024-03-01 15:31:57.833,18968,18969,18969,2,2
2024-03-01 15:31:57.833,18968,18969,18969,2,2
2024-03-01 15:31:57.833,18968,18969,18969,4,4
2024-03-01 15:31:57.833,18968,18969,18969,17,17
2024-03-01 15:31:57.965,18969,18970,18969,1,-1
2024-03-01 15:32:01.897,18969,18970,18970,1,1
2024-03-01 15:32:01.973,18969,18970,18970,1,1
2024-03-01 15:32:01.973,18969,18970,18970,1,1
2024-03-01 15:32:01.973,18969,18970,18970,1,1
2024-03-01 15:32:04.817,18969,18970,18970,1,1
2024-03-01 15:32:08.251,18969,18970,18969,1,-1
2024-03-01 15:32:09.186,18969,18970,18970,1,1
2024-03-01 15:32:09.186,18969,18970,18970,1,1
2024-03-01 15:32:18.087,18970,18971,18970,2,-2
2024-03-01 15:32:24.134,18970,18971,18971,2,2
2024-03-01 15:32:25.185,18970,18971,18970,3,-3
2024-03-01 15:32:28.820,18969,18970,18970,1,1
2024-03-01 15:32:36.294,18970,18971,18970,1,-1
2024-03-01 15:32:36.294,18970,18971,18969,1,-1
2024-03-01 15:32:46.190,18969,18970,18970,1,1
2024-03-01 15:33:04.519,18969,18970,18970,5,5
2024-03-01 15:33:04.836,18969,18970,18970,2,2
2024-03-01 15:33:06.481,18969,18970,18970,1,1
2024-03-01 15:33:20.461,18969,18970,18970,1,1
2024-03-01 15:33:20.523,18969,18970,18970,1,1
2024-03-01 15:33:22.565,18969,18970,18970,1,1
2024-03-01 15:33:26.335,18969,18970,18970,2,2
2024-03-01 15:33:26.335,18969,18970,18970,4,4
2024-03-01 15:33:26.336,18969,18970,18970,1,1
2024-03-01 15:33:31.892,18970,18971,18971,1,1
2024-03-01 15:33:40.397,18970,18971,18971,2,2
2024-03-01 15:33:41.096,18970,18971,18970,3,-3
2024-03-01 15:33:43.095,18969,18970,18970,1,1
2024-03-01 15:33:43.423,18969,18970,18970,1,1
2024-03-01 15:33:43.423,18969,18970,18970,3,3
2024-03-01 15:33:43.424,18969,18970,18970,1,1
2024-03-01 15:33:43.687,18969,18970,18970,1,1
2024-03-01 15:34:02.514,18969,18970,18970,1,1
2024-03-01 15:34:09.196,18969,18970,18970,1,1
2024-03-01 15:34:11.789,18969,18970,18970,1,1
2024-03-01 15:34:11.789,18969,18970,18970,2,2
2024-03-01 15:34:12.216,18970,18971,18971,1,1
2024-03-01 15:34:12.476,18970,18971,18971,1,1
2024-03-01 15:34:12.748,18970,18971,18971,1,1
2024-03-01 15:34:13.080,18970,18971,18971,1,1
2024-03-01 15:34:17.330,18970,18971,18970,2,-2
2024-03-01 15:34:20.756,18970,18971,18970,1,-1
2024-03-01 15:34:26.625,18970,18971,18971,1,1
2024-03-01 15:34:31.393,18970,18971,18971,2,2
2024-03-01 15:34:34.588,18970,18971,18971,10,10
2024-03-01 15:34:38.309,18970,18971,18971,8,8
2024-03-01 15:34:38.309,18970,18971,18972,12,12
2024-03-01 15:34:38.363,18971,18972,18972,1,1
2024-03-01 15:34:41.004,18971,18972,18972,7,7
2024-03-01 15:34:41.004,18971,18972,18973,13,13
2024-03-01 15:34:48.615,18972,18973,18973,1,1
2024-03-01 15:34:53.369,18972,18973,18973,2,2
2024-03-01 15:34:54.286,18972,18973,18972,1,-1
2024-03-01 15:34:54.570,18971,18972,18972,2,2
2024-03-01 15:34:55.560,18971,18972,18972,1,1
2024-03-01 15:35:01.357,18971,18972,18971,1,-1
2024-03-01 15:35:21.493,18971,18972,18972,1,1
2024-03-01 15:35:28.520,18971,18972,18972,1,1
2024-03-01 15:35:34.189,18971,18972,18971,5,-5
2024-03-01 15:35:34.189,18971,18972,18971,2,-2
2024-03-01 15:35:43.918,18970,18971,18971,2,2
2024-03-01 15:35:48.133,18971,18972,18971,1,-1
2024-03-01 15:35:48.233,18971,18972,18971,1,-1
2024-03-01 15:35:56.132,18970,18971,18970,1,-1
2024-03-01 15:36:04.613,18970,18971,18970,9,-9
2024-03-01 15:36:04.613,18970,18971,18969,11,-11
2024-03-01 15:36:06.047,18969,18970,18969,1,-1
2024-03-01 15:36:06.047,18969,18970,18969,4,-4
2024-03-01 15:36:06.047,18969,18970,18969,2,-2
2024-03-01 15:36:19.697,18968,18969,18968,5,-5
2024-03-01 15:36:20.015,18968,18969,18968,1,-1
2024-03-01 15:36:58.986,18968,18969,18968,8,-8
2024-03-01 15:37:00.122,18968,18969,18969,3,3
2024-03-01 15:37:13.980,18968,18969,18968,2,-2
2024-03-01 15:37:23.599,18968,18969,18968,1,-1
2024-03-01 15:37:33.489,18968,18969,18969,1,1
2024-03-01 15:37:33.490,18968,18969,18969,3,3
2024-03-01 15:37:57.087,18968,18969,18969,1,1
2024-03-01 15:38:14.148,18969,18970,18969,1,-1
2024-03-01 15:38:58.676,18969,18970,18969,1,-1
2024-03-01 15:39:15.327,18969,18970,18969,1,-1
2024-03-01 15:39:23.851,18968,18969,18968,1,-1
2024-03-01 15:39:23.976,18968,18969,18968,2,-2
2024-03-01 15:39:23.976,18968,18969,18968,2,-2
2024-03-01 15:39:29.940,18967,18968,18968,1,1
2024-03-01 15:39:35.343,18968,18969,18968,1,-1
2024-03-01 15:39:43.808,18968,18969,18968,1,-1
2024-03-01 15:39:49.256,18967,18968,18968,1,1
2024-03-01 15:39:55.370,18967,18968,18967,10,-10
2024-03-01 15:39:56.894,18966,18967,18967,1,1
2024-03-01 15:40:09.560,18968,18970,18970,1,1
2024-03-01 15:40:09.691,18969,18970,18969,1,-1
2024-03-01 15:40:12.764,18968,18970,18970,1,1
2024-03-01 15:40:31.752,18968,18969,18968,1,-1
2024-03-01 15:40:54.588,18968,18969,18968,1,-1
2024-03-01 15:41:09.192,18968,18969,18968,1,-1
2024-03-01 15:41:10.269,18967,18969,18968,1,-1
2024-03-01 15:41:10.520,18967,18968,18968,1,1
2024-03-01 15:41:10.770,18967,18968,18968,1,1
2024-03-01 15:41:11.020,18967,18968,18968,1,1
2024-03-01 15:41:13.783,18967,18968,18968,1,1
2024-03-01 15:42:00.470,18968,18969,18969,1,1
2024-03-01 15:42:08.796,18968,18969,18968,1,-1
2024-03-01 15:42:12.215,18968,18969,18968,1,-1
2024-03-01 15:42:12.215,18968,18969,18968,1,-1
2024-03-01 15:42:13.457,18967,18968,18967,1,-1
2024-03-01 15:42:14.482,18967,18968,18967,4,-4
2024-03-01 15:42:18.167,18966,18967,18967,1,1
2024-03-01 15:42:24.090,18966,18967,18967,2,2
2024-03-01 15:42:36.522,18967,18968,18968,1,1
2024-03-01 15:42:45.285,18968,18969,18968,1,-1
2024-03-01 15:42:47.704,18967,18969,18969,5,5
2024-03-01 15:42:50.186,18967,18969,18969,2,2
2024-03-01 15:42:59.134,18967,18969,18967,4,-4
2024-03-01 15:43:01.859,18967,18968,18967,1,-1
2024-03-01 15:43:03.339,18967,18968,18967,2,-2
2024-03-01 15:43:07.763,18966,18967,18967,1,1
2024-03-01 15:43:13.130,18966,18967,18967,1,1
2024-03-01 15:43:20.716,18966,18967,18967,1,1
2024-03-01 15:43:21.184,18967,18968,18967,1,-1
2024-03-01 15:43:28.269,18967,18968,18967,1,-1
2024-03-01 15:43:31.504,18967,18968,18967,1,-1
2024-03-01 15:43:31.823,18967,18968,18968,2,2
2024-03-01 15:43:41.430,18967,18968,18967,7,-7
2024-03-01 15:43:41.430,18967,18968,18966,13,-13
2024-03-01 15:43:41.435,18967,18968,18966,1,-1
2024-03-01 15:43:54.040,18966,18967,18966,5,-5
2024-03-01 15:44:12.646,18965,18966,18965,2,-2
2024-03-01 15:44:12.741,18965,18966,18965,2,-2
2024-03-01 15:44:12.924,18965,18966,18965,5,-5
2024-03-01 15:44:12.941,18965,18966,18965,1,-1
2024-03-01 15:44:12.980,18965,18966,18965,1,-1
2024-03-01 15:44:12.981,18965,18966,18965,1,-1
2024-03-01 15:44:12.999,18965,18966,18964,1,-1
2024-03-01 15:44:13.035,18965,18966,18964,1,-1
2024-03-01 15:44:13.046,18965,18966,18964,1,-1
2024-03-01 15:44:13.145,18964,18966,18964,1,-1
2024-03-01 15:44:13.518,18964,18966,18964,6,-6
2024-03-01 15:44:13.731,18964,18965,18964,1,-1
2024-03-01 15:44:17.205,18964,18965,18964,1,-1
2024-03-01 15:44:19.164,18964,18965,18964,1,-1
2024-03-01 15:44:22.143,18964,18965,18964,1,-1
2024-03-01 15:44:23.610,18964,18965,18964,5,-5
2024-03-01 15:44:23.952,18964,18965,18964,1,-1
2024-03-01 15:44:24.701,18964,18965,18965,1,1
2024-03-01 15:44:25.142,18964,18965,18964,1,-1
2024-03-01 15:44:29.253,18964,18965,18965,1,1
2024-03-01 15:44:29.889,18964,18965,18964,1,-1
2024-03-01 15:44:31.941,18964,18965,18964,1,-1
2024-03-01 15:44:34.516,18964,18965,18964,1,-1
2024-03-01 15:44:35.607,18964,18965,18964,10,-10
2024-03-01 15:44:35.607,18964,18965,18963,15,-15
2024-03-01 15:44:35.992,18963,18964,18963,13,-13
2024-03-01 15:44:35.992,18963,18964,18962,7,-7
2024-03-01 15:44:35.994,18963,18964,18963,2,-2
2024-03-01 15:44:38.570,18962,18963,18962,1,-1
2024-03-01 15:44:39.552,18962,18963,18962,2,-2
2024-03-01 15:44:40.812,18962,18963,18962,1,-1
2024-03-01 15:44:41.523,18962,18963,18962,2,-2
2024-03-01 15:44:41.523,18962,18963,18961,3,-3
2024-03-01 15:44:41.612,18961,18963,18961,1,-1
2024-03-01 15:44:41.658,18961,18963,18961,1,-1
2024-03-01 15:44:41.682,18961,18963,18961,2,-2
2024-03-01 15:44:42.147,18961,18963,18962,1,-1
2024-03-01 15:44:43.197,18961,18963,18961,1,-1
2024-03-01 15:44:44.611,18961,18962,18961,5,-5
2024-03-01 15:44:45.095,18961,18962,18962,1,1
2024-03-01 15:44:47.116,18961,18962,18961,1,-1
2024-03-01 15:44:47.933,18961,18962,18962,1,1
2024-03-01 15:44:48.271,18961,18963,18961,1,-1
2024-03-01 15:44:52.789,18962,18963,18962,1,-1
2024-03-01 15:44:54.994,18962,18963,18963,1,1
2024-03-01 15:44:57.904,18962,18964,18964,3,3
2024-03-01 15:45:00.075,18963,18965,18963,1,-1
2024-03-01 15:45:00.137,18963,18965,18965,1,1
2024-03-01 15:45:00.138,18963,18965,18965,1,1
2024-03-01 15:45:00.370,18963,18965,18963,2,-2
2024-03-01 15:45:00.410,18963,18965,18963,2,-2
2024-03-01 15:45:04.870,18963,18965,18963,1,-1
2024-03-01 15:45:05.388,18963,18965,18963,2,-2
2024-03-01 15:45:12.306,18963,18964,18964,1,1
2024-03-01 15:45:18.934,18963,18964,18963,1,-1
2024-03-01 15:45:18.972,18962,18964,18964,1,1
2024-03-01 15:45:18.972,18962,18964,18964,1,1
2024-03-01 15:45:18.975,18962,18964,18964,1,1
2024-03-01 15:45:19.672,18962,18964,18963,1,1
2024-03-01 15:45:24.690,18963,18964,18963,1,-1
2024-03-01 15:45:24.691,18963,18964,18963,4,-4
2024-03-01 15:45:33.593,18963,18964,18963,3,-3
2024-03-01 15:45:40.530,18962,18963,18963,5,5
2024-03-01 15:45:40.597,18962,18964,18964,1,1
2024-03-01 15:45:45.952,18963,18964,18963,1,-1
2024-03-01 15:45:55.742,18962,18963,18963,1,1
2024-03-01 15:45:59.504,18963,18964,18963,1,-1
2024-03-01 15:46:02.350,18962,18963,18963,1,1
2024-03-01 15:46:02.482,18962,18963,18963,1,1
2024-03-01 15:46:02.482,18962,18963,18963,1,1
2024-03-01 15:46:15.395,18962,18963,18962,1,-1
2024-03-01 15:46:17.952,18962,18963,18962,1,-1
2024-03-01 15:46:17.977,18962,18963,18963,1,1
2024-03-01 15:46:23.180,18962,18963,18962,1,-1
2024-03-01 15:46:23.222,18962,18963,18963,1,1
2024-03-01 15:46:23.997,18962,18963,18962,2,-2
2024-03-01 15:46:25.267,18962,18963,18962,1,-1
2024-03-01 15:46:32.935,18961,18962,18961,1,-1
2024-03-01 15:46:32.937,18961,18962,18961,1,-1
2024-03-01 15:46:32.938,18961,18962,18961,1,-1
2024-03-01 15:46:32.938,18961,18962,18961,1,-1
2024-03-01 15:46:32.938,18961,18962,18961,5,-5
2024-03-01 15:46:32.938,18961,18962,18961,7,-7
2024-03-01 15:46:35.433,18960,18961,18961,1,1
2024-03-01 15:46:35.473,18960,18961,18961,1,1
2024-03-01 15:46:37.239,18960,18961,18961,1,1
2024-03-01 15:46:39.385,18960,18961,18961,1,1
2024-03-01 15:46:43.594,18960,18961,18960,4,-4
2024-03-01 15:46:43.898,18960,18961,18960,1,-1
2024-03-01 15:46:44.398,18960,18961,18961,1,1
2024-03-01 15:46:45.434,18960,18961,18960,1,-1
2024-03-01 15:46:50.168,18960,18961,18960,1,-1
2024-03-01 15:46:50.396,18960,18961,18960,1,-1
2024-03-01 15:46:50.781,18960,18961,18961,1,1
2024-03-01 15:46:51.149,18960,18961,18960,1,-1
2024-03-01 15:46:58.508,18960,18961,18960,10,-10
2024-03-01 15:46:58.780,18960,18961,18960,2,-2
2024-03-01 15:46:58.780,18960,18961,18959,8,-8
2024-03-01 15:46:58.856,18959,18960,18959,1,-1
2024-03-01 15:47:03.550,18959,18960,18960,1,1
2024-03-01 15:47:03.801,18959,18961,18960,1,1
2024-03-01 15:47:03.957,18959,18961,18959,1,-1
2024-03-01 15:47:04.109,18959,18961,18959,1,-1
2024-03-01 15:47:04.279,18959,18961,18959,1,-1
2024-03-01 15:47:04.421,18959,18961,18959,1,-1
2024-03-01 15:47:04.560,18959,18961,18959,1,-1
2024-03-01 15:47:04.711,18959,18961,18959,1,-1
2024-03-01 15:47:04.856,18959,18961,18959,1,-1
2024-03-01 15:47:05.019,18959,18961,18959,1,-1
2024-03-01 15:47:05.203,18959,18961,18959,1,-1
2024-03-01 15:47:05.342,18959,18961,18959,1,-1
2024-03-01 15:47:05.482,18959,18961,18959,1,-1
2024-03-01 15:47:05.636,18959,18961,18959,1,-1
2024-03-01 15:47:05.789,18959,18961,18959,1,-1
2024-03-01 15:47:05.968,18959,18961,18959,1,-1
2024-03-01 15:47:06.118,18959,18961,18959,1,-1
2024-03-01 15:47:10.341,18960,18961,18960,2,-2
2024-03-01 15:47:17.838,18959,18960,18959,4,-4
2024-03-01 15:47:26.868,18959,18960,18959,1,-1
2024-03-01 15:47:28.345,18959,18960,18960,2,2
2024-03-01 15:47:28.345,18959,18960,18960,2,2
2024-03-01 15:47:29.396,18960,18961,18960,1,-1
2024-03-01 15:47:31.279,18960,18961,18961,3,3
2024-03-01 15:47:31.279,18960,18961,18961,1,1
2024-03-01 15:47:32.313,18961,18962,18961,1,-1
2024-03-01 15:47:36.805,18961,18962,18961,5,-5
2024-03-01 15:47:41.192,18961,18962,18961,1,-1
2024-03-01 15:47:42.809,18960,18961,18961,1,1
2024-03-01 15:47:46.637,18960,18961,18961,1,1
2024-03-01 15:47:52.403,18960,18961,18960,1,-1
2024-03-01 15:47:54.398,18960,18961,18961,1,1
2024-03-01 15:48:04.341,18961,18962,18962,1,1
2024-03-01 15:48:04.645,18961,18962,18962,1,1
2024-03-01 15:48:12.735,18961,18962,18962,2,2
2024-03-01 15:48:13.062,18961,18963,18961,1,-1
2024-03-01 15:48:18.267,18962,18963,18962,1,-1
2024-03-01 15:48:25.221,18962,18963,18962,5,-5
2024-03-01 15:48:25.833,18962,18963,18962,5,-5
2024-03-01 15:48:26.136,18962,18963,18963,1,1
2024-03-01 15:48:30.374,18962,18963,18962,1,-1
2024-03-01 15:48:32.527,18962,18963,18962,1,-1
2024-03-01 15:48:36.916,18962,18963,18963,1,1
2024-03-01 15:48:41.893,18962,18963,18962,1,-1
2024-03-01 15:48:49.997,18961,18962,18961,1,-1
2024-03-01 15:48:51.692,18961,18963,18961,5,-5
2024-03-01 15:49:00.505,18961,18962,18962,1,1
2024-03-01 15:49:04.712,18961,18962,18962,1,1
2024-03-01 15:49:34.878,18961,18962,18962,1,1
2024-03-01 15:49:34.961,18961,18962,18961,1,-1
2024-03-01 15:49:52.185,18961,18962,18962,1,1
2024-03-01 15:49:52.422,18961,18962,18961,2,-2
2024-03-01 15:50:04.196,18961,18962,18961,2,-2
2024-03-01 15:50:04.921,18961,18962,18962,2,2
2024-03-01 15:50:05.875,18961,18962,18962,1,1
2024-03-01 15:50:29.854,18961,18962,18961,1,-1
2024-03-01 15:50:29.854,18961,18962,18961,3,-3
2024-03-01 15:50:29.854,18961,18962,18961,3,-3
2024-03-01 15:50:29.855,18961,18962,18961,3,-3
2024-03-01 15:50:29.855,18961,18962,18961,1,-1
2024-03-01 15:50:29.855,18961,18962,18961,3,-3
2024-03-01 15:50:29.855,18961,18962,18961,2,-2
2024-03-01 15:50:29.855,18961,18962,18961,1,-1
2024-03-01 15:50:29.855,18961,18962,18961,1,-1
2024-03-01 15:50:29.855,18961,18962,18961,1,-1
2024-03-01 15:50:29.855,18961,18962,18961,1,-1
2024-03-01 15:50:40.101,18961,18962,18962,19,19
2024-03-01 15:50:45.007,18962,18963,18962,1,-1
2024-03-01 15:50:51.122,18961,18962,18962,6,6
2024-03-01 15:50:51.122,18961,18962,18962,1,1
2024-03-01 15:50:56.586,18962,18963,18962,1,-1
2024-03-01 15:50:56.638,18962,18963,18962,1,-1
2024-03-01 15:51:12.414,18962,18963,18963,1,1
2024-03-01 15:51:13.851,18962,18963,18963,1,1
2024-03-01 15:51:16.213,18962,18963,18963,1,1
2024-03-01 15:51:23.854,18962,18963,18963,1,1
2024-03-01 15:51:26.440,18962,18963,18963,1,1
2024-03-01 15:51:32.027,18963,18964,18963,1,-1
2024-03-01 15:51:37.676,18963,18964,18964,1,1
2024-03-01 15:51:46.923,18963,18964,18964,2,2
2024-03-01 15:52:11.772,18962,18963,18962,1,-1
2024-03-01 15:52:11.773,18962,18963,18962,5,-5
2024-03-01 15:52:11.960,18961,18962,18962,2,2
2024-03-01 15:52:12.018,18961,18962,18961,1,-1
2024-03-01 15:52:27.253,18961,18962,18961,1,-1
2024-03-01 15:52:29.482,18961,18962,18961,1,-1
2024-03-01 15:52:37.151,18961,18962,18961,4,-4
2024-03-01 15:52:38.610,18961,18962,18961,1,-1
2024-03-01 15:52:58.710,18961,18962,18962,1,1
2024-03-01 15:53:14.750,18962,18963,18963,1,1
2024-03-01 15:53:14.750,18962,18963,18963,4,4
2024-03-01 15:53:14.750,18962,18963,18963,4,4
2024-03-01 15:53:26.273,18962,18963,18963,1,1
2024-03-01 15:53:45.265,18962,18963,18963,1,1
2024-03-01 15:53:48.813,18962,18963,18963,2,2
2024-03-01 15:54:08.892,18962,18963,18962,1,-1
2024-03-01 15:54:14.625,18962,18963,18962,1,-1
2024-03-01 15:54:28.333,18962,18963,18962,1,-1
2024-03-01 15:54:51.974,18962,18963,18963,1,1
2024-03-01 15:54:56.501,18962,18963,18963,2,2
2024-03-01 15:54:56.501,18962,18963,18963,1,1
2024-03-01 15:54:56.501,18962,18963,18963,2,2
2024-03-01 15:54:56.501,18962,18963,18963,2,2
2024-03-01 15:54:56.501,18962,18963,18963,4,4
2024-03-01 15:55:20.819,18963,18964,18964,1,1
2024-03-01 15:55:31.242,18963,18964,18963,1,-1
2024-03-01 15:55:38.734,18963,18964,18963,1,-1
2024-03-01 15:55:39.417,18963,18964,18963,2,-2
2024-03-01 15:55:39.417,18963,18964,18963,1,-1
2024-03-01 15:55:41.113,18962,18963,18962,1,-1
2024-03-01 15:55:50.382,18961,18962,18962,1,1
2024-03-01 15:56:00.016,18961,18962,18962,1,1
2024-03-01 15:56:03.600,18961,18962,18962,1,1
2024-03-01 15:56:30.108,18961,18962,18962,3,3
2024-03-01 15:56:30.385,18961,18962,18962,1,1
2024-03-01 15:56:42.908,18961,18962,18962,1,1
2024-03-01 15:56:48.766,18961,18962,18962,1,1
2024-03-01 15:57:11.419,18961,18962,18962,1,1
2024-03-01 15:57:29.376,18961,18962,18962,1,1
2024-03-01 15:57:29.708,18961,18962,18962,1,1
2024-03-01 15:57:29.972,18961,18962,18962,1,1
2024-03-01 15:57:30.264,18961,18962,18962,1,1
2024-03-01 15:57:31.888,18961,18962,18962,1,1
2024-03-01 15:57:36.260,18961,18962,18962,1,1
2024-03-01 15:57:43.440,18961,18962,18962,1,1
2024-03-01 15:58:02.964,18961,18962,18961,2,-2
2024-03-01 15:58:12.337,18961,18962,18962,2,2
2024-03-01 15:58:12.337,18961,18962,18962,5,5
2024-03-01 15:58:13.224,18962,18963,18962,1,-1
2024-03-01 15:58:38.241,18962,18963,18962,1,-1
2024-03-01 15:58:38.929,18962,18963,18962,2,-2
2024-03-01 15:58:39.124,18961,18962,18962,1,1
2024-03-01 15:58:39.504,18961,18962,18962,1,1
2024-03-01 15:58:39.776,18961,18962,18962,1,1
2024-03-01 15:58:40.472,18961,18962,18962,1,1
2024-03-01 15:58:46.559,18962,18963,18962,1,-1
2024-03-01 15:59:25.567,18962,18963,18962,1,-1
2024-03-01 15:59:34.614,18962,18963,18962,7,-7
2024-03-01 15:59:34.614,18962,18963,18962,1,-1
2024-03-01 15:59:34.614,18962,18963,18962,5,-5
2024-03-01 15:59:34.614,18962,18963,18962,2,-2
2024-03-01 15:59:34.614,18962,18963,18962,2,-2
2024-03-01 15:59:34.614,18962,18963,18962,1,-1
2024-03-01 15:59:40.219,18961,18962,18962,20,20
2024-03-01 15:59:48.259,18961,18962,18962,2,2
2024-03-01 15:59:52.821,18962,18963,18963,1,1
2024-03-01 15:59:55.173,18962,18963,18962,1,-1
2024-03-01 15:59:56.395,18961,18962,18962,1,1
2024-03-01 16:00:00.347,18962,18963,18962,2,-2
2024-03-01 16:00:00.435,18962,18963,18962,2,-2
2024-03-01 16:00:00.435,18962,18963,18962,3,-3
2024-03-01 16:00:00.435,18962,18963,18962,1,-1
2024-03-01 16:00:00.435,18962,18963,18962,2,-2
2024-03-01 16:00:00.435,18962,18963,18962,3,-3
2024-03-01 16:00:00.435,18962,18963,18962,2,-2
2024-03-01 16:00:00.435,18962,18963,18962,2,-2
2024-03-01 16:00:00.435,18962,18963,18962,1,-1
2024-03-01 16:00:00.435,18962,18963,18962,1,-1
2024-03-01 16:00:00.608,18961,18962,18961,3,-3
2024-03-01 16:00:00.714,18961,18962,18961,2,-2
2024-03-01 16:00:00.914,18961,18962,18962,1,1
2024-03-01 16:00:01.047,18961,18962,18962,1,1
2024-03-01 16:00:01.835,18961,18962,18962,1,1
2024-03-01 16:00:02.418,18961,18962,18961,3,-3
2024-03-01 16:00:02.418,18961,18962,18961,2,-2
2024-03-01 16:00:02.418,18961,18962,18961,1,-1
2024-03-01 16:00:02.418,18961,18962,18961,10,-10
2024-03-01 16:00:02.460,18961,18962,18960,1,-1
2024-03-01 16:00:02.460,18961,18962,18960,1,-1
2024-03-01 16:00:02.460,18961,18962,18960,7,-7
2024-03-01 16:00:02.460,18961,18962,18960,1,-1
2024-03-01 16:00:03.191,18959,18960,18959,2,-2
2024-03-01 16:00:03.191,18959,18960,18959,1,-1
2024-03-01 16:00:03.191,18959,18960,18959,3,-3
2024-03-01 16:00:03.191,18959,18960,18959,1,-1
2024-03-01 16:00:03.191,18959,18960,18959,3,-3
2024-03-01 16:00:03.234,18958,18959,18958,1,-1
2024-03-01 16:00:03.252,18958,18959,18958,1,-1
2024-03-01 16:00:03.346,18958,18959,18958,1,-1
2024-03-01 16:00:03.364,18958,18959,18958,1,-1
2024-03-01 16:00:03.378,18958,18959,18958,1,-1
2024-03-01 16:00:03.438,18958,18959,18958,1,-1
2024-03-01 16:00:03.513,18958,18959,18958,2,-2
2024-03-01 16:00:03.513,18958,18959,18958,3,-3
2024-03-01 16:00:03.514,18958,18959,18958,5,-5
2024-03-01 16:00:03.538,18958,18959,18957,1,-1
2024-03-01 16:00:03.556,18958,18959,18958,6,-6
2024-03-01 16:00:03.561,18958,18959,18958,3,-3
2024-03-01 16:00:03.569,18958,18959,18958,1,-1
2024-03-01 16:00:03.569,18958,18959,18959,2,2
2024-03-01 16:00:03.602,18957,18958,18957,1,-1
2024-03-01 16:00:03.747,18957,18958,18958,3,3
2024-03-01 16:00:07.667,18957,18958,18957,8,-8
2024-03-01 16:00:08.920,18956,18957,18957,10,10
2024-03-01 16:00:08.920,18956,18957,18958,10,10
2024-03-01 16:00:10.772,18956,18957,18957,1,1
2024-03-01 16:00:12.572,18957,18959,18957,1,-1
2024-03-01 16:00:13.878,18957,18959,18957,1,-1
2024-03-01 16:00:13.903,18957,18959,18957,1,-1
2024-03-01 16:00:13.928,18957,18959,18957,1,-1
2024-03-01 16:00:19.112,18958,18959,18958,1,-1
2024-03-01 16:00:19.125,18958,18959,18958,1,-1
2024-03-01 16:00:20.227,18958,18959,18958,8,-8
2024-03-01 16:00:32.047,18958,18959,18959,1,1
2024-03-01 16:00:38.553,18958,18959,18958,15,-15
2024-03-01 16:00:40.227,18957,18958,18957,5,-5
2024-03-01 16:00:41.411,18957,18958,18957,1,-1
2024-03-01 16:00:43.287,18957,18958,18957,3,-3
2024-03-01 16:00:44.723,18957,18958,18958,1,1
2024-03-01 16:00:47.380,18958,18959,18958,1,-1
2024-03-01 16:00:53.701,18958,18959,18958,1,-1
2024-03-01 16:00:53.834,18958,18959,18958,2,-2
2024-03-01 16:00:54.514,18958,18959,18958,1,-1
2024-03-01 16:00:56.227,18958,18959,18959,1,1
2024-03-01 16:00:56.227,18958,18959,18959,1,1
2024-03-01 16:01:04.282,18958,18960,18958,1,-1
2024-03-01 16:01:04.568,18958,18960,18958,1,-1
2024-03-01 16:01:04.767,18958,18959,18958,2,-2
2024-03-01 16:01:05.270,18957,18959,18959,1,1
2024-03-01 16:01:05.347,18957,18959,18959,1,1
2024-03-01 16:01:09.549,18958,18959,18958,1,-1
2024-03-01 16:01:09.965,18958,18959,18958,2,-2
2024-03-01 16:01:13.233,18957,18959,18959,1,1
2024-03-01 16:01:13.347,18957,18959,18959,1,1
2024-03-01 16:01:13.347,18957,18959,18959,1,1
2024-03-01 16:01:20.223,18958,18959,18958,4,-4
2024-03-01 16:01:25.062,18958,18959,18958,1,-1
2024-03-01 16:01:25.097,18958,18959,18959,1,1
2024-03-01 16:01:27.062,18958,18959,18959,10,10
2024-03-01 16:01:33.310,18958,18960,18959,1,1
2024-03-01 16:01:44.353,18959,18960,18959,1,-1
2024-03-01 16:02:10.033,18959,18960,18959,2,-2
2024-03-01 16:02:10.034,18959,18960,18959,2,-2
2024-03-01 16:02:10.034,18959,18960,18959,3,-3
2024-03-01 16:02:23.075,18958,18959,18958,1,-1
2024-03-01 16:02:37.132,18958,18959,18958,5,-5
2024-03-01 16:02:38.755,18958,18959,18958,2,-2
2024-03-01 16:02:40.336,18958,18959,18958,1,-1
2024-03-01 16:02:42.536,18958,18959,18958,1,-1
2024-03-01 16:02:42.536,18958,18959,18958,1,-1
2024-03-01 16:02:44.203,18957,18958,18958,1,1
2024-03-01 16:02:46.919,18957,18958,18958,1,1
2024-03-01 16:03:00.418,18957,18958,18957,1,-1
2024-03-01 16:03:00.706,18957,18958,18957,1,-1
2024-03-01 16:03:00.811,18957,18958,18957,2,-2
2024-03-01 16:03:00.963,18957,18958,18957,2,-2
2024-03-01 16:03:01.054,18957,18958,18957,1,-1
2024-03-01 16:03:09.543,18957,18958,18957,1,-1
2024-03-01 16:03:12.673,18957,18958,18957,1,-1
2024-03-01 16:03:14.216,18957,18958,18958,3,3
2024-03-01 16:03:16.774,18957,18958,18957,1,-1
2024-03-01 16:03:20.244,18957,18958,18957,1,-1
2024-03-01 16:03:22.856,18957,18958,18958,1,1
2024-03-01 16:03:24.255,18957,18958,18957,1,-1
2024-03-01 16:03:24.817,18957,18958,18957,2,-2
2024-03-01 16:03:26.183,18957,18958,18957,13,-13
2024-03-01 16:03:26.188,18957,18958,18956,1,-1
2024-03-01 16:03:26.189,18957,18958,18956,7,-7
2024-03-01 16:03:26.308,18955,18956,18955,1,-1
2024-03-01 16:03:26.368,18955,18956,18955,1,-1
2024-03-01 16:03:26.368,18955,18956,18955,1,-1
2024-03-01 16:03:26.433,18955,18956,18956,3,3
2024-03-01 16:03:28.641,18955,18956,18955,4,-4
2024-03-01 16:03:31.054,18955,18956,18955,4,-4
2024-03-01 16:03:32.106,18955,18956,18955,1,-1
2024-03-01 16:03:32.606,18955,18956,18955,4,-4
2024-03-01 16:03:33.182,18955,18956,18955,1,-1
2024-03-01 16:03:34.021,18955,18956,18955,1,-1
2024-03-01 16:03:35.329,18955,18956,18955,3,-3
2024-03-01 16:03:36.153,18955,18956,18955,1,-1
2024-03-01 16:03:37.600,18955,18956,18955,1,-1
2024-03-01 16:03:39.628,18955,18956,18956,3,3
2024-03-01 16:03:40.227,18956,18957,18956,3,-3
2024-03-01 16:03:45.881,18956,18957,18957,17,17
2024-03-01 16:03:45.882,18956,18957,18957,1,1
2024-03-01 16:03:47.765,18957,18958,18957,1,-1
2024-03-01 16:03:49.187,18957,18958,18956,1,-1
2024-03-01 16:03:49.187,18957,18958,18957,1,-1
2024-03-01 16:03:53.448,18956,18957,18956,1,-1
2024-03-01 16:03:57.555,18956,18957,18957,2,2
2024-03-01 16:03:57.555,18956,18957,18957,2,2
2024-03-01 16:04:09.290,18956,18958,18957,1,1
2024-03-01 16:04:14.612,18956,18957,18957,2,2
2024-03-01 16:04:14.612,18956,18957,18958,1,1
2024-03-01 16:04:14.847,18956,18958,18956,1,-1
2024-03-01 16:04:14.949,18956,18958,18956,1,-1
2024-03-01 16:04:24.439,18957,18958,18957,2,-2
2024-03-01 16:04:45.519,18956,18957,18957,4,4
2024-03-01 16:04:46.034,18957,18958,18957,2,-2
2024-03-01 16:05:00.179,18957,18958,18958,5,5
2024-03-01 16:05:00.179,18957,18958,18958,3,3
2024-03-01 16:05:00.179,18957,18958,18958,1,1
2024-03-01 16:05:00.179,18957,18958,18958,1,1
2024-03-01 16:05:00.179,18957,18958,18958,2,2
2024-03-01 16:05:06.391,18958,18959,18959,2,2
2024-03-01 16:05:06.500,18958,18960,18958,3,-3
2024-03-01 16:05:06.548,18958,18960,18958,1,-1
2024-03-01 16:05:14.859,18959,18960,18960,7,7
2024-03-01 16:05:15.522,18960,18961,18961,1,1
2024-03-01 16:05:20.410,18961,18962,18962,1,1
2024-03-01 16:05:20.478,18961,18962,18962,1,1
2024-03-01 16:05:21.778,18961,18962,18962,1,1
2024-03-01 16:05:25.736,18961,18962,18962,1,1
2024-03-01 16:05:31.844,18961,18962,18961,1,-1
2024-03-01 16:05:31.917,18961,18962,18960,1,-1
2024-03-01 16:05:33.369,18960,18961,18960,1,-1
2024-03-01 16:05:35.315,18960,18961,18960,1,-1
2024-03-01 16:05:36.472,18960,18961,18960,1,-1
2024-03-01 16:05:47.434,18960,18961,18960,2,-2
2024-03-01 16:05:51.072,18959,18960,18960,1,1
2024-03-01 16:05:58.491,18960,18961,18961,2,2
2024-03-01 16:06:04.202,18960,18961,18961,1,1
2024-03-01 16:06:04.745,18960,18961,18960,1,-1
2024-03-01 16:06:21.455,18960,18961,18960,1,-1
2024-03-01 16:06:38.745,18960,18961,18960,1,-1
2024-03-01 16:06:58.116,18960,18961,18960,1,-1
2024-03-01 16:06:58.116,18960,18961,18960,1,-1
2024-03-01 16:06:58.116,18960,18961,18960,1,-1
2024-03-01 16:06:58.116,18960,18961,18960,2,-2
2024-03-01 16:06:58.116,18960,18961,18960,1,-1
2024-03-01 16:06:58.116,18960,18961,18960,1,-1
2024-03-01 16:06:58.116,18960,18961,18960,2,-2
2024-03-01 16:06:58.116,18960,18961,18960,2,-2
2024-03-01 16:06:58.116,18960,18961,18960,2,-2
2024-03-01 16:06:58.116,18960,18961,18960,6,-6
2024-03-01 16:06:58.116,18960,18961,18960,3,-3
2024-03-01 16:06:58.220,18959,18960,18959,1,-1
2024-03-01 16:07:00.418,18958,18960,18958,11,-11
2024-03-01 16:07:13.243,18958,18960,18960,2,2
2024-03-01 16:07:13.243,18958,18960,18960,26,26
2024-03-01 16:07:17.249,18960,18961,18961,4,4
2024-03-01 16:07:32.166,18960,18961,18961,13,13
2024-03-01 16:07:32.203,18960,18961,18962,1,1
2024-03-01 16:07:36.822,18961,18962,18961,2,-2
2024-03-01 16:07:36.822,18961,18962,18961,2,-2
2024-03-01 16:07:36.823,18961,18962,18961,2,-2
2024-03-01 16:07:36.823,18961,18962,18961,1,-1
2024-03-01 16:07:40.087,18960,18961,18961,1,1
2024-03-01 16:07:43.784,18961,18962,18962,13,13
2024-03-01 16:07:47.043,18962,18963,18962,2,-2
2024-03-01 16:07:49.945,18962,18963,18963,1,1
2024-03-01 16:07:50.066,18962,18963,18963,1,1
2024-03-01 16:07:50.149,18962,18963,18963,1,1
2024-03-01 16:07:50.724,18962,18963,18962,8,-8
2024-03-01 16:08:00.491,18961,18962,18961,1,-1
2024-03-01 16:08:24.854,18961,18962,18962,1,1
2024-03-01 16:08:30.749,18961,18962,18961,18,-18
2024-03-01 16:08:30.749,18961,18962,18961,3,-3
2024-03-01 16:08:48.085,18960,18961,18961,5,5
2024-03-01 16:08:52.938,18960,18961,18961,1,1
2024-03-01 16:09:01.621,18961,18962,18962,1,1
2024-03-01 16:09:01.621,18961,18962,18962,3,3
2024-03-01 16:09:01.621,18961,18962,18962,2,2
2024-03-01 16:09:13.250,18962,18963,18962,1,-1
2024-03-01 16:09:26.003,18962,18963,18962,14,-14
2024-03-01 16:09:50.915,18961,18962,18962,3,3
2024-03-01 16:09:55.639,18961,18962,18962,1,1
2024-03-01 16:09:58.627,18961,18962,18962,1,1
2024-03-01 16:10:29.429,18961,18962,18962,1,1
2024-03-01 16:10:35.292,18961,18962,18961,1,-1
2024-03-01 16:10:35.292,18961,18962,18961,1,-1
2024-03-01 16:10:35.292,18961,18962,18961,2,-2
2024-03-01 16:10:35.292,18961,18962,18961,1,-1
2024-03-01 16:10:35.292,18961,18962,18961,1,-1
2024-03-01 16:10:35.292,18961,18962,18961,1,-1
2024-03-01 16:10:35.292,18961,18962,18961,1,-1
2024-03-01 16:10:35.292,18961,18962,18961,1,-1
2024-03-01 16:10:39.364,18960,18961,18960,1,-1
2024-03-01 16:10:56.814,18960,18961,18960,1,-1
2024-03-01 16:10:57.944,18960,18961,18961,2,2
2024-03-01 16:10:57.945,18960,18961,18961,2,2
2024-03-01 16:11:03.704,18960,18961,18960,5,-5
2024-03-01 16:11:07.516,18960,18961,18960,1,-1
2024-03-01 16:11:17.785,18960,18961,18961,1,1
2024-03-01 16:11:19.043,18960,18961,18961,1,1
2024-03-01 16:11:21.204,18961,18962,18961,1,-1
2024-03-01 16:11:35.296,18961,18962,18961,3,-3
2024-03-01 16:11:45.793,18961,18962,18961,1,-1
2024-03-01 16:11:55.346,18960,18961,18961,2,2
2024-03-01 16:12:03.251,18960,18961,18960,1,-1
2024-03-01 16:12:09.182,18960,18961,18961,1,1
2024-03-01 16:12:18.938,18960,18961,18961,1,1
2024-03-01 16:12:24.512,18960,18961,18961,1,1
2024-03-01 16:12:31.640,18960,18961,18961,1,1
2024-03-01 16:12:31.775,18961,18962,18962,2,2
2024-03-01 16:12:33.204,18960,18962,18961,1,1
2024-03-01 16:12:36.487,18961,18962,18962,4,4
2024-03-01 16:12:36.487,18961,18962,18963,5,5
2024-03-01 16:12:36.736,18961,18963,18963,3,3
2024-03-01 16:12:36.762,18961,18963,18961,1,-1
2024-03-01 16:12:50.701,18961,18962,18961,1,-1
2024-03-01 16:13:22.850,18960,18961,18960,2,-2
2024-03-01 16:13:39.295,18960,18961,18961,1,1
2024-03-01 16:13:40.667,18960,18961,18960,3,-3
2024-03-01 16:13:40.683,18960,18961,18960,1,-1
2024-03-01 16:13:40.683,18960,18961,18960,1,-1
2024-03-01 16:13:40.683,18960,18961,18960,1,-1
2024-03-01 16:13:40.683,18960,18961,18960,3,-3
2024-03-01 16:13:47.632,18959,18960,18960,3,3
2024-03-01 16:14:47.193,18959,18960,18959,1,-1
2024-03-01 16:14:55.427,18959,18960,18960,1,1
2024-03-01 16:15:02.218,18959,18960,18959,1,-1
2024-03-01 16:15:24.938,18959,18960,18959,1,-1
2024-03-01 16:15:24.972,18959,18960,18959,1,-1
2024-03-01 16:15:30.879,18959,18960,18959,2,-2
2024-03-01 16:15:30.972,18958,18960,18958,1,-1
2024-03-01 16:15:30.972,18958,18960,18958,1,-1
2024-03-01 16:15:30.972,18958,18960,18958,1,-1
2024-03-01 16:15:30.972,18958,18960,18958,1,-1
2024-03-01 16:15:36.215,18958,18960,18958,1,-1
2024-03-01 16:15:36.820,18958,18959,18958,1,-1
2024-03-01 16:15:37.150,18958,18959,18959,5,5
2024-03-01 16:15:38.645,18958,18959,18958,1,-1
2024-03-01 16:15:38.713,18958,18959,18959,1,1
2024-03-01 16:15:38.858,18958,18959,18958,1,-1
2024-03-01 16:15:47.181,18959,18960,18959,2,-2
2024-03-01 16:15:48.074,18958,18959,18958,4,-4
2024-03-01 16:15:50.048,18958,18959,18958,1,-1
2024-03-01 16:15:50.048,18958,18959,18958,1,-1
2024-03-01 16:15:50.048,18958,18959,18958,1,-1
2024-03-01 16:15:50.048,18958,18959,18958,1,-1
2024-03-01 16:15:50.048,18958,18959,18958,1,-1
2024-03-01 16:15:50.048,18958,18959,18958,1,-1
2024-03-01 16:15:50.048,18958,18959,18958,1,-1
2024-03-01 16:15:53.094,18957,18958,18957,7,-7
2024-03-01 16:15:53.465,18956,18957,18957,1,1
2024-03-01 16:15:54.350,18956,18957,18956,3,-3
2024-03-01 16:15:55.707,18956,18957,18956,1,-1
2024-03-01 16:15:58.010,18956,18957,18956,2,-2
2024-03-01 16:15:58.605,18955,18956,18956,2,2
2024-03-01 16:16:00.225,18955,18956,18955,5,-5
2024-03-01 16:16:00.226,18955,18956,18955,8,-8
2024-03-01 16:16:00.359,18954,18956,18954,1,-1
2024-03-01 16:16:00.425,18954,18956,18954,1,-1
2024-03-01 16:16:00.453,18954,18956,18954,1,-1
2024-03-01 16:16:00.482,18954,18956,18954,1,-1
2024-03-01 16:16:00.549,18954,18956,18954,1,-1
2024-03-01 16:16:00.723,18954,18956,18954,1,-1
2024-03-01 16:16:00.940,18954,18956,18954,1,-1
2024-03-01 16:16:01.178,18954,18956,18954,1,-1
2024-03-01 16:16:01.271,18954,18956,18954,1,-1
2024-03-01 16:16:01.800,18954,18956,18954,1,-1
2024-03-01 16:16:03.371,18954,18956,18954,1,-1
2024-03-01 16:16:08.016,18954,18956,18954,1,-1
2024-03-01 16:16:14.691,18954,18956,18954,5,-5
2024-03-01 16:16:15.721,18954,18956,18954,1,-1
2024-03-01 16:16:16.343,18954,18956,18956,1,1
2024-03-01 16:16:16.967,18954,18956,18954,1,-1
2024-03-01 16:16:17.390,18954,18955,18954,1,-1
2024-03-01 16:16:19.319,18953,18954,18954,1,1
2024-03-01 16:16:19.801,18953,18954,18954,1,1
2024-03-01 16:16:20.252,18953,18954,18954,9,9
2024-03-01 16:16:25.447,18953,18954,18954,1,1
2024-03-01 16:16:25.827,18953,18954,18953,1,-1
2024-03-01 16:16:27.101,18953,18954,18953,1,-1
2024-03-01 16:16:27.459,18953,18954,18953,1,-1
2024-03-01 16:16:27.658,18953,18954,18953,1,-1
2024-03-01 16:16:27.872,18953,18954,18953,1,-1
2024-03-01 16:16:28.089,18953,18954,18953,1,-1
2024-03-01 16:16:28.096,18953,18954,18954,1,1
2024-03-01 16:16:29.994,18953,18954,18953,1,-1
2024-03-01 16:16:30.062,18953,18954,18953,5,-5
2024-03-01 16:16:30.188,18953,18954,18953,1,-1
2024-03-01 16:16:30.385,18953,18954,18953,1,-1
2024-03-01 16:16:30.563,18953,18954,18953,1,-1
2024-03-01 16:16:30.759,18953,18954,18953,1,-1
2024-03-01 16:16:31.115,18953,18954,18953,1,-1
2024-03-01 16:16:31.354,18953,18954,18953,1,-1
2024-03-01 16:16:31.505,18953,18954,18953,1,-1
2024-03-01 16:16:31.686,18953,18954,18953,1,-1
2024-03-01 16:16:39.517,18953,18954,18953,1,-1
2024-03-01 16:16:43.550,18953,18954,18953,1,-1
2024-03-01 16:16:43.597,18953,18954,18954,1,1
2024-03-01 16:16:43.597,18953,18954,18954,10,10
2024-03-01 16:16:43.597,18953,18954,18955,1,1
2024-03-01 16:16:44.157,18954,18955,18954,4,-4
2024-03-01 16:16:45.155,18954,18955,18953,5,-5
2024-03-01 16:16:45.155,18954,18955,18954,6,-6
2024-03-01 16:16:48.686,18953,18955,18953,2,-2
2024-03-01 16:16:51.154,18954,18955,18955,1,1
2024-03-01 16:16:51.154,18954,18955,18955,2,2
2024-03-01 16:17:09.165,18955,18956,18956,1,1
2024-03-01 16:17:16.850,18955,18956,18956,3,3
2024-03-01 16:17:19.544,18955,18956,18956,1,1
2024-03-01 16:17:20.655,18955,18956,18956,2,2
2024-03-01 16:17:22.142,18955,18956,18955,1,-1
2024-03-01 16:17:24.573,18955,18956,18955,2,-2
2024-03-01 16:17:41.065,18955,18956,18955,4,-4
2024-03-01 16:17:51.129,18955,18956,18955,1,-1
2024-03-01 16:17:53.513,18955,18956,18955,1,-1
2024-03-01 16:17:53.513,18955,18956,18954,2,-2
2024-03-01 16:17:58.667,18955,18956,18955,1,-1
2024-03-01 16:18:00.712,18954,18956,18954,4,-4
2024-03-01 16:18:01.464,18954,18955,18954,1,-1
2024-03-01 16:18:01.516,18954,18955,18954,1,-1
2024-03-01 16:18:01.609,18953,18955,18955,5,5
2024-03-01 16:18:06.363,18953,18955,18955,1,1
2024-03-01 16:18:20.438,18953,18954,18953,2,-2
2024-03-01 16:18:21.934,18953,18954,18953,2,-2
2024-03-01 16:18:22.581,18953,18954,18953,5,-5
2024-03-01 16:18:28.387,18953,18954,18953,1,-1
2024-03-01 16:18:31.368,18952,18953,18953,2,2
2024-03-01 16:18:40.215,18952,18953,18952,2,-2
2024-03-01 16:18:42.388,18952,18953,18953,1,1
2024-03-01 16:18:42.513,18952,18953,18953,1,1
2024-03-01 16:18:45.804,18952,18953,18952,20,-20
2024-03-01 16:18:45.804,18952,18953,18952,4,-4
2024-03-01 16:18:45.805,18952,18953,18952,2,-2
2024-03-01 16:18:49.324,18952,18953,18952,1,-1
2024-03-01 16:18:49.998,18952,18953,18952,1,-1
2024-03-01 16:18:49.998,18952,18953,18952,1,-1
2024-03-01 16:18:50.004,18952,18953,18952,12,-12
2024-03-01 16:18:53.084,18951,18952,18951,2,-2
2024-03-01 16:18:53.114,18951,18952,18951,1,-1
2024-03-01 16:18:53.119,18951,18952,18952,1,1
2024-03-01 16:18:53.123,18951,18952,18951,2,-2
2024-03-01 16:18:53.138,18951,18952,18951,1,-1
2024-03-01 16:18:53.158,18951,18952,18951,2,-2
2024-03-01 16:18:53.303,18951,18952,18951,6,-6
2024-03-01 16:18:53.984,18951,18952,18951,1,-1
2024-03-01 16:18:55.993,18951,18952,18951,2,-2
2024-03-01 16:18:56.608,18950,18952,18951,2,-2
2024-03-01 16:19:00.217,18950,18951,18950,3,-3
2024-03-01 16:19:00.226,18950,18951,18950,1,-1
2024-03-01 16:19:00.233,18950,18951,18950,1,-1
2024-03-01 16:19:00.267,18950,18951,18950,1,-1
2024-03-01 16:19:00.290,18950,18951,18950,1,-1
2024-03-01 16:19:00.562,18950,18951,18950,1,-1
2024-03-01 16:19:00.627,18950,18951,18951,1,1
2024-03-01 16:19:01.188,18950,18951,18950,1,-1
2024-03-01 16:19:02.770,18950,18951,18950,2,-2
2024-03-01 16:19:06.135,18950,18951,18950,1,-1
2024-03-01 16:19:07.032,18950,18951,18950,4,-4
2024-03-01 16:19:09.680,18950,18951,18950,1,-1
2024-03-01 16:19:11.186,18950,18951,18951,3,3
2024-03-01 16:19:13.989,18951,18952,18952,1,1
2024-03-01 16:19:15.031,18952,18953,18952,1,-1
2024-03-01 16:19:15.432,18952,18953,18951,1,-1
2024-03-01 16:19:17.942,18951,18953,18952,1,-1
2024-03-01 16:19:20.245,18951,18952,18951,1,-1
2024-03-01 16:19:22.574,18951,18952,18951,10,-10
2024-03-01 16:19:23.276,18951,18952,18951,5,-5
2024-03-01 16:19:23.277,18951,18952,18951,5,-5
2024-03-01 16:19:25.161,18951,18952,18951,2,-2
2024-03-01 16:19:25.161,18951,18952,18950,1,-1
2024-03-01 16:19:27.503,18951,18952,18951,10,-10
2024-03-01 16:19:28.271,18950,18952,18952,1,1
2024-03-01 16:19:28.748,18951,18952,18951,3,-3
2024-03-01 16:19:29.315,18950,18951,18951,1,1
2024-03-01 16:19:29.394,18950,18951,18951,4,4
2024-03-01 16:19:29.394,18950,18951,18951,2,2
2024-03-01 16:19:33.934,18950,18952,18950,2,-2
2024-03-01 16:19:34.156,18950,18952,18950,2,-2
2024-03-01 16:19:39.614,18950,18951,18951,1,1
2024-03-01 16:19:40.226,18951,18952,18951,1,-1
2024-03-01 16:19:40.718,18951,18952,18950,1,-1
2024-03-01 16:19:40.718,18951,18952,18951,1,-1
2024-03-01 16:19:44.536,18950,18951,18950,2,-2
2024-03-01 16:19:45.677,18950,18951,18950,10,-10
2024-03-01 16:19:46.034,18950,18951,18950,3,-3
2024-03-01 16:19:46.380,18949,18950,18950,1,1
2024-03-01 16:19:48.908,18949,18950,18950,1,1
2024-03-01 16:19:54.627,18949,18950,18950,3,3
2024-03-01 16:19:55.318,18949,18951,18951,1,1
2024-03-01 16:19:56.743,18950,18951,18950,1,-1
2024-03-01 16:19:58.499,18950,18951,18951,1,1
2024-03-01 16:19:59.592,18950,18951,18950,6,-6
2024-03-01 16:19:59.629,18949,18950,18950,4,4
2024-03-01 16:19:59.925,18950,18951,18950,3,-3
2024-03-01 16:20:02.072,18949,18950,18950,1,1
2024-03-01 16:20:02.371,18949,18950,18949,1,-1
2024-03-01 16:20:02.403,18949,18950,18949,1,-1
2024-03-01 16:20:02.485,18949,18950,18949,1,-1
2024-03-01 16:20:02.657,18949,18950,18949,1,-1
2024-03-01 16:20:02.864,18949,18950,18949,1,-1
2024-03-01 16:20:02.968,18949,18950,18949,1,-1
2024-03-01 16:20:06.199,18949,18950,18949,1,-1
2024-03-01 16:20:06.222,18948,18950,18948,1,-1
2024-03-01 16:20:06.222,18948,18950,18948,1,-1
2024-03-01 16:20:06.360,18948,18950,18948,1,-1
2024-03-01 16:20:13.435,18949,18950,18949,2,-2
2024-03-01 16:20:13.472,18948,18949,18948,1,-1
2024-03-01 16:20:13.976,18948,18949,18948,1,-1
2024-03-01 16:20:17.487,18948,18949,18948,3,-3
2024-03-01 16:20:20.227,18948,18949,18948,3,-3
2024-03-01 16:20:21.693,18948,18949,18948,1,-1
2024-03-01 16:20:22.620,18948,18949,18948,1,-1
2024-03-01 16:20:25.390,18948,18949,18949,11,11
2024-03-01 16:20:25.399,18948,18949,18950,1,1
2024-03-01 16:20:25.400,18948,18949,18950,1,1
2024-03-01 16:20:25.400,18948,18949,18950,2,2
2024-03-01 16:20:25.400,18948,18949,18950,5,5
2024-03-01 16:20:25.400,18948,18949,18950,7,7
2024-03-01 16:20:25.400,18948,18949,18950,1,1
2024-03-01 16:20:25.401,18948,18949,18950,2,2
2024-03-01 16:20:25.431,18948,18949,18950,6,6
2024-03-01 16:20:26.345,18949,18950,18950,5,5
2024-03-01 16:20:26.345,18949,18950,18950,3,3
2024-03-01 16:20:26.346,18949,18950,18950,1,1
2024-03-01 16:20:26.346,18949,18950,18950,5,5
2024-03-01 16:20:30.080,18950,18951,18950,1,-1
2024-03-01 16:20:34.174,18950,18951,18950,1,-1
2024-03-01 16:20:41.828,18949,18950,18950,19,19
2024-03-01 16:20:41.828,18949,18950,18950,1,1
2024-03-01 16:20:46.045,18949,18951,18951,1,1
2024-03-01 16:20:50.125,18950,18951,18950,3,-3
2024-03-01 16:20:55.903,18950,18951,18951,1,1
2024-03-01 16:20:59.786,18950,18951,18951,2,2
2024-03-01 16:21:03.374,18950,18951,18951,1,1
2024-03-01 16:21:14.542,18950,18951,18951,1,1
2024-03-01 16:21:26.958,18950,18951,18951,1,1
2024-03-01 16:21:29.304,18950,18951,18951,1,1
2024-03-01 16:21:29.598,18950,18951,18951,1,1
2024-03-01 16:21:30.379,18950,18951,18951,1,1
2024-03-01 16:21:36.230,18950,18951,18951,1,1
2024-03-01 16:21:37.636,18950,18951,18951,1,1
2024-03-01 16:21:38.137,18950,18951,18951,2,2
2024-03-01 16:21:55.619,18950,18951,18950,3,-3
2024-03-01 16:21:55.619,18950,18951,18950,3,-3
2024-03-01 16:21:55.619,18950,18951,18950,5,-5
2024-03-01 16:21:55.620,18950,18951,18950,1,-1
2024-03-01 16:21:55.620,18950,18951,18950,1,-1
2024-03-01 16:21:55.620,18950,18951,18950,4,-4
2024-03-01 16:21:55.620,18950,18951,18950,1,-1
2024-03-01 16:21:55.622,18950,18951,18949,4,-4
2024-03-01 16:21:55.850,18948,18950,18950,1,1
2024-03-01 16:21:56.989,18948,18949,18948,1,-1
2024-03-01 16:22:05.458,18948,18949,18949,1,1
2024-03-01 16:22:12.607,18948,18949,18949,1,1
2024-03-01 16:22:13.203,18948,18949,18949,1,1
2024-03-01 16:22:13.549,18948,18949,18949,1,1
2024-03-01 16:22:20.511,18949,18950,18949,1,-1
2024-03-01 16:22:25.510,18949,18950,18949,1,-1
2024-03-01 16:22:29.369,18949,18950,18950,3,3
2024-03-01 16:22:29.369,18949,18950,18950,3,3
2024-03-01 16:22:31.482,18949,18950,18949,1,-1
2024-03-01 16:22:31.483,18949,18950,18949,1,-1
2024-03-01 16:22:31.483,18949,18950,18949,1,-1
2024-03-01 16:22:31.772,18948,18949,18948,2,-2
2024-03-01 16:22:33.006,18948,18949,18948,1,-1
2024-03-01 16:22:33.194,18948,18949,18948,1,-1
2024-03-01 16:22:33.319,18948,18949,18948,1,-1
2024-03-01 16:22:33.320,18948,18949,18948,1,-1
2024-03-01 16:22:33.376,18948,18949,18948,1,-1
2024-03-01 16:22:33.376,18948,18949,18948,3,-3
2024-03-01 16:22:34.733,18947,18948,18947,1,-1
2024-03-01 16:22:34.866,18947,18948,18947,1,-1
2024-03-01 16:22:35.091,18947,18948,18947,1,-1
2024-03-01 16:22:36.886,18947,18948,18947,1,-1
2024-03-01 16:22:38.999,18947,18948,18947,1,-1
2024-03-01 16:22:38.999,18947,18948,18947,1,-1
2024-03-01 16:22:39.000,18947,18948,18947,1,-1
2024-03-01 16:22:42.663,18946,18947,18947,1,1
2024-03-01 16:22:46.915,18946,18947,18946,1,-1
2024-03-01 16:22:46.974,18946,18947,18946,2,-2
2024-03-01 16:22:47.079,18946,18947,18947,2,2
2024-03-01 16:22:47.115,18946,18947,18946,1,-1
2024-03-01 16:22:47.264,18946,18947,18946,1,-1
2024-03-01 16:22:47.318,18946,18947,18946,1,-1
2024-03-01 16:22:47.512,18946,18947,18946,1,-1
2024-03-01 16:22:47.709,18946,18947,18946,1,-1
2024-03-01 16:22:47.903,18946,18947,18946,1,-1
2024-03-01 16:22:48.098,18946,18947,18946,1,-1
2024-03-01 16:22:48.263,18946,18947,18946,2,-2
2024-03-01 16:22:48.285,18946,18947,18946,1,-1
2024-03-01 16:22:49.650,18945,18947,18947,1,1
2024-03-01 16:22:53.207,18946,18947,18946,1,-1
2024-03-01 16:22:55.460,18946,18947,18946,4,-4
2024-03-01 16:22:56.930,18946,18947,18946,1,-1
2024-03-01 16:23:00.579,18946,18947,18947,19,19
2024-03-01 16:23:02.207,18947,18948,18947,1,-1
2024-03-01 16:23:04.256,18947,18948,18948,39,39
2024-03-01 16:23:04.257,18947,18948,18949,4,4
2024-03-01 16:23:04.258,18947,18948,18949,1,1
2024-03-01 16:23:07.967,18948,18950,18948,1,-1
2024-03-01 16:23:25.640,18949,18950,18949,2,-2
2024-03-01 16:23:25.640,18949,18950,18949,2,-2
2024-03-01 16:23:38.614,18948,18949,18949,1,1
2024-03-01 16:23:39.095,18948,18949,18948,1,-1
2024-03-01 16:23:39.095,18948,18949,18948,1,-1
2024-03-01 16:23:39.096,18948,18949,18948,3,-3
2024-03-01 16:23:40.227,18947,18948,18947,2,-2
2024-03-01 16:23:44.804,18947,18949,18947,1,-1
2024-03-01 16:23:49.026,18948,18949,18948,3,-3
2024-03-01 16:24:10.007,18948,18949,18948,1,-1
2024-03-01 16:24:11.641,18948,18949,18948,1,-1
2024-03-01 16:24:21.096,18948,18949,18948,2,-2
2024-03-01 16:24:27.594,18948,18949,18948,11,-11
2024-03-01 16:24:33.848,18947,18948,18948,1,1
2024-03-01 16:24:36.324,18947,18948,18948,3,3
2024-03-01 16:24:42.080,18948,18949,18949,2,2
2024-03-01 16:24:45.067,18949,18950,18950,4,4
2024-03-01 16:24:45.067,18949,18950,18950,2,2
2024-03-01 16:24:45.067,18949,18950,18950,1,1
2024-03-01 16:24:45.703,18950,18952,18950,1,-1
2024-03-01 16:24:57.758,18950,18951,18951,4,4
2024-03-01 16:24:58.047,18951,18952,18951,1,-1
2024-03-01 16:24:58.047,18951,18952,18950,1,-1
2024-03-01 16:25:08.821,18950,18952,18952,1,1
2024-03-01 16:25:11.461,18951,18952,18951,1,-1
2024-03-01 16:25:21.451,18951,18952,18951,3,-3
2024-03-01 16:25:21.762,18951,18952,18951,2,-2
2024-03-01 16:25:27.941,18951,18952,18952,9,9
2024-03-01 16:25:30.813,18951,18952,18951,1,-1
2024-03-01 16:25:30.813,18951,18952,18951,3,-3
2024-03-01 16:25:30.813,18951,18952,18951,2,-2
2024-03-01 16:25:31.675,18950,18951,18951,2,2
2024-03-01 16:25:37.119,18950,18951,18950,1,-1
2024-03-01 16:25:38.498,18950,18951,18950,1,-1
2024-03-01 16:25:40.228,18950,18951,18950,2,-2
2024-03-01 16:25:42.495,18950,18951,18950,5,-5
2024-03-01 16:25:42.742,18949,18951,18949,1,-1
2024-03-01 16:25:53.919,18949,18950,18949,1,-1
2024-03-01 16:26:00.234,18948,18949,18948,2,-2
2024-03-01 16:26:04.062,18948,18949,18948,1,-1
2024-03-01 16:26:06.417,18948,18949,18949,1,1
2024-03-01 16:26:07.066,18948,18949,18948,10,-10
2024-03-01 16:26:15.073,18948,18949,18949,2,2
2024-03-01 16:26:15.073,18948,18949,18949,2,2
2024-03-01 16:26:43.200,18949,18950,18949,4,-4
2024-03-01 16:26:44.839,18949,18950,18950,3,3
2024-03-01 16:27:00.560,18950,18951,18951,2,2
2024-03-01 16:27:04.321,18951,18952,18951,6,-6
2024-03-01 16:27:04.321,18951,18952,18950,2,-2
2024-03-01 16:27:17.815,18951,18952,18951,1,-1
2024-03-01 16:27:28.392,18951,18952,18951,3,-3
2024-03-01 16:27:31.627,18951,18952,18951,1,-1
2024-03-01 16:27:35.041,18950,18952,18950,1,-1
2024-03-01 16:27:47.903,18950,18951,18951,1,1
2024-03-01 16:28:08.343,18950,18951,18951,1,1
2024-03-01 16:28:09.858,18951,18952,18952,20,20
2024-03-01 16:28:12.229,18951,18952,18952,1,1
2024-03-01 16:28:22.384,18951,18952,18952,2,2
2024-03-01 16:28:22.384,18951,18952,18953,1,1
2024-03-01 16:28:28.924,18951,18952,18952,1,1
2024-03-01 16:28:33.947,18951,18953,18953,6,6
2024-03-01 16:28:38.199,18952,18953,18953,1,1
2024-03-01 16:28:45.857,18952,18953,18953,1,1
2024-03-01 16:28:45.857,18952,18953,18953,2,2
2024-03-01 16:28:45.912,18952,18953,18954,1,1
2024-03-01 16:28:52.826,18952,18953,18953,2,2
2024-03-01 16:29:00.691,18953,18954,18953,1,-1
2024-03-01 16:29:00.979,18952,18953,18953,1,1
2024-03-01 16:29:09.336,18952,18953,18953,1,1
2024-03-01 16:29:14.795,18952,18953,18953,1,1
2024-03-01 16:29:15.747,18952,18953,18953,3,3
2024-03-01 16:29:33.979,18952,18953,18952,1,-1
2024-03-01 16:29:38.486,18952,18953,18953,1,1
2024-03-01 16:30:00.324,18953,18954,18953,3,-3
2024-03-01 16:30:00.533,18953,18954,18953,2,-2
2024-03-01 16:30:00.600,18952,18953,18952,2,-2
2024-03-01 16:30:00.600,18952,18953,18952,1,-1
2024-03-01 16:30:09.992,18951,18953,18952,1,-1
2024-03-01 16:30:10.446,18952,18953,18952,1,-1
2024-03-01 16:30:10.527,18952,18953,18953,1,1
2024-03-01 16:30:43.861,18952,18953,18953,2,2
2024-03-01 16:30:46.985,18952,18953,18952,1,-1
2024-03-01 16:30:53.450,18952,18953,18952,1,-1
2024-03-01 16:31:01.143,18952,18953,18952,1,-1
2024-03-01 16:31:24.657,18952,18953,18952,1,-1
2024-03-01 16:31:29.666,18952,18953,18953,4,4
2024-03-01 16:31:33.034,18952,18953,18952,4,-4
2024-03-01 16:31:59.118,18951,18952,18952,1,1
2024-03-01 16:32:00.250,18951,18952,18951,3,-3
2024-03-01 16:32:00.956,18951,18952,18951,6,-6
2024-03-01 16:32:01.426,18950,18951,18950,6,-6
2024-03-01 16:32:07.774,18950,18951,18950,2,-2
2024-03-01 16:32:15.342,18950,18951,18951,3,3
2024-03-01 16:32:16.596,18950,18951,18950,2,-2
2024-03-01 16:32:16.970,18950,18951,18950,2,-2
2024-03-01 16:32:18.049,18950,18951,18951,1,1
2024-03-01 16:32:18.957,18950,18951,18950,1,-1
2024-03-01 16:32:19.361,18950,18951,18951,1,1
2024-03-01 16:32:20.223,18950,18951,18950,1,-1
2024-03-01 16:32:20.388,18950,18951,18951,1,1
2024-03-01 16:32:20.569,18950,18951,18951,1,1
2024-03-01 16:32:20.817,18950,18951,18951,2,2
2024-03-01 16:32:31.932,18950,18951,18950,2,-2
2024-03-01 16:32:38.082,18950,18951,18951,2,2
2024-03-01 16:32:41.648,18950,18952,18950,1,-1
2024-03-01 16:32:58.753,18950,18952,18950,1,-1
2024-03-01 16:32:59.749,18950,18952,18950,1,-1
2024-03-01 16:33:20.230,18951,18952,18951,3,-3
2024-03-01 16:33:32.702,18950,18952,18950,3,-3
2024-03-01 16:33:38.865,18951,18952,18951,1,-1
2024-03-01 16:33:40.230,18951,18952,18951,3,-3
2024-03-01 16:33:44.655,18951,18952,18952,1,1
2024-03-01 16:33:47.196,18951,18952,18951,1,-1
2024-03-01 16:33:47.196,18951,18952,18951,8,-8
2024-03-01 16:33:47.438,18950,18951,18951,4,4
2024-03-01 16:33:47.468,18950,18951,18950,1,-1
2024-03-01 16:33:48.177,18948,18950,18948,1,-1
2024-03-01 16:33:48.177,18948,18950,18948,2,-2
2024-03-01 16:33:59.601,18947,18948,18948,1,1
2024-03-01 16:34:00.807,18947,18949,18947,2,-2
2024-03-01 16:34:01.055,18947,18949,18947,1,-1
2024-03-01 16:34:02.157,18947,18948,18948,1,1
2024-03-01 16:34:08.104,18947,18948,18947,3,-3
2024-03-01 16:34:08.105,18947,18948,18947,2,-2
2024-03-01 16:34:08.105,18947,18948,18947,3,-3
2024-03-01 16:34:08.105,18947,18948,18947,2,-2
2024-03-01 16:34:12.005,18946,18947,18946,1,-1
2024-03-01 16:34:12.163,18946,18947,18946,1,-1
2024-03-01 16:34:12.191,18946,18947,18946,1,-1
2024-03-01 16:34:12.279,18946,18947,18946,1,-1
2024-03-01 16:34:12.681,18946,18948,18946,1,-1
2024-03-01 16:34:16.011,18946,18947,18946,1,-1
2024-03-01 16:34:16.011,18946,18947,18945,1,-1
2024-03-01 16:34:16.288,18945,18947,18945,3,-3
2024-03-01 16:34:16.303,18945,18947,18945,6,-6
2024-03-01 16:34:16.633,18945,18947,18945,1,-1
2024-03-01 16:34:16.716,18945,18947,18945,1,-1
2024-03-01 16:34:16.835,18945,18947,18945,1,-1
2024-03-01 16:34:16.952,18945,18947,18945,1,-1
2024-03-01 16:34:17.439,18945,18946,18945,1,-1
2024-03-01 16:34:19.519,18945,18946,18945,1,-1
2024-03-01 16:34:20.229,18945,18946,18945,6,-6
2024-03-01 16:34:32.222,18945,18946,18945,5,-5
2024-03-01 16:34:35.532,18945,18946,18946,2,2
2024-03-01 16:34:35.610,18945,18946,18945,2,-2
2024-03-01 16:34:37.594,18945,18946,18946,1,1
2024-03-01 16:34:38.611,18945,18946,18946,2,2
2024-03-01 16:34:41.742,18946,18948,18946,1,-1
2024-03-01 16:34:42.305,18946,18947,18947,3,3
2024-03-01 16:34:43.159,18947,18948,18947,2,-2
2024-03-01 16:34:50.636,18947,18948,18948,2,2
2024-03-01 16:34:53.188,18947,18948,18948,1,1
2024-03-01 16:34:57.263,18947,18948,18948,1,1
2024-03-01 16:34:58.177,18947,18948,18948,1,1
2024-03-01 16:35:00.629,18947,18948,18948,1,1
2024-03-01 16:35:14.010,18947,18948,18948,1,1
2024-03-01 16:35:14.037,18947,18948,18948,1,1
2024-03-01 16:35:14.037,18947,18948,18948,3,3
2024-03-01 16:35:14.037,18947,18948,18948,1,1
2024-03-01 16:35:14.037,18947,18948,18948,1,1
2024-03-01 16:35:17.067,18948,18949,18949,1,1
2024-03-01 16:35:22.800,18948,18949,18949,1,1
2024-03-01 16:35:24.213,18948,18949,18949,1,1
2024-03-01 16:35:26.092,18948,18949,18949,1,1
2024-03-01 16:35:26.260,18948,18949,18949,2,2
2024-03-01 16:35:32.331,18948,18949,18948,1,-1
2024-03-01 16:35:36.602,18948,18949,18949,4,4
2024-03-01 16:35:54.100,18949,18950,18949,1,-1
2024-03-01 16:36:03.064,18948,18950,18950,1,1
2024-03-01 16:36:03.228,18948,18950,18950,1,1
2024-03-01 16:36:18.141,18948,18950,18950,1,1
2024-03-01 16:36:27.822,18948,18949,18949,1,1
2024-03-01 16:36:33.498,18949,18950,18949,1,-1
2024-03-01 16:36:33.498,18949,18950,18948,1,-1
2024-03-01 16:36:45.662,18948,18949,18948,2,-2
2024-03-01 16:36:58.801,18948,18949,18949,3,3
2024-03-01 16:37:04.079,18948,18949,18948,2,-2
2024-03-01 16:37:04.147,18948,18949,18949,1,1
2024-03-01 16:37:04.836,18948,18949,18949,1,1
2024-03-01 16:37:07.145,18948,18949,18949,1,1
2024-03-01 16:37:22.169,18948,18949,18949,1,1
2024-03-01 16:37:24.343,18948,18950,18948,2,-2
2024-03-01 16:37:29.260,18947,18949,18949,18,18
2024-03-01 16:37:29.260,18947,18949,18950,27,27
2024-03-01 16:37:29.261,18947,18949,18950,1,1
2024-03-01 16:37:29.262,18947,18949,18950,1,1
2024-03-01 16:37:29.262,18947,18949,18950,2,2
2024-03-01 16:37:32.027,18948,18950,18950,3,3
2024-03-01 16:37:45.957,18948,18950,18950,1,1
2024-03-01 16:37:54.169,18949,18950,18950,1,1
2024-03-01 16:37:54.170,18949,18950,18950,2,2
2024-03-01 16:38:18.198,18950,18951,18950,1,-1
2024-03-01 16:38:26.873,18949,18950,18950,1,1
2024-03-01 16:38:27.214,18949,18950,18950,1,1
2024-03-01 16:38:29.943,18949,18951,18950,1,1
2024-03-01 16:38:36.515,18949,18951,18950,1,1
2024-03-01 16:38:40.227,18949,18950,18949,2,-2
2024-03-01 16:38:53.833,18949,18950,18949,1,-1
2024-03-01 16:38:59.880,18949,18950,18950,1,1
2024-03-01 16:39:14.938,18949,18950,18950,6,6
2024-03-01 16:39:17.506,18950,18951,18951,2,2
2024-03-01 16:39:17.507,18950,18951,18951,3,3
2024-03-01 16:39:17.507,18950,18951,18951,3,3
2024-03-01 16:39:18.596,18951,18952,18951,1,-1
2024-03-01 16:39:29.911,18951,18952,18952,1,1
2024-03-01 16:39:31.997,18952,18953,18952,1,-1
2024-03-01 16:39:44.838,18951,18953,18953,1,1
2024-03-01 16:39:46.978,18952,18953,18953,2,2
2024-03-01 16:39:52.032,18952,18953,18952,1,-1
2024-03-01 16:39:56.569,18952,18953,18952,1,-1
2024-03-01 16:40:02.097,18952,18953,18952,1,-1
2024-03-01 16:40:02.339,18952,18953,18952,1,-1
2024-03-01 16:40:02.339,18952,18953,18951,6,-6
2024-03-01 16:40:02.341,18952,18953,18951,3,-3
2024-03-01 16:40:10.281,18951,18952,18951,1,-1
2024-03-01 16:40:24.629,18951,18952,18951,2,-2
2024-03-01 16:40:25.534,18951,18952,18951,1,-1
2024-03-01 16:40:27.521,18950,18951,18951,1,1
2024-03-01 16:40:40.323,18950,18951,18950,1,-1
2024-03-01 16:40:40.323,18950,18951,18950,3,-3
2024-03-01 16:40:48.352,18949,18950,18950,1,1
2024-03-01 16:41:00.848,18950,18951,18950,2,-2
2024-03-01 16:41:59.070,18950,18951,18951,1,1
2024-03-01 16:41:59.262,18950,18951,18950,5,-5
2024-03-01 16:42:11.190,18950,18951,18951,1,1
2024-03-01 16:42:11.190,18950,18951,18951,2,2
2024-03-01 16:42:14.365,18951,18952,18951,2,-2
2024-03-01 16:42:15.812,18951,18952,18952,2,2
2024-03-01 16:42:16.330,18951,18952,18952,1,1
2024-03-01 16:42:25.096,18951,18952,18952,2,2
2024-03-01 16:42:42.781,18951,18952,18952,1,1
2024-03-01 16:42:53.311,18951,18952,18952,1,1
2024-03-01 16:42:57.106,18951,18952,18951,1,-1
2024-03-01 16:43:01.591,18951,18952,18952,1,1
2024-03-01 16:43:08.751,18951,18953,18953,1,1
2024-03-01 16:43:26.665,18952,18953,18952,1,-1
2024-03-01 16:43:27.169,18952,18953,18952,1,-1
2024-03-01 16:44:00.500,18952,18953,18952,3,-3
2024-03-01 16:44:01.174,18952,18953,18952,1,-1
2024-03-01 16:44:01.794,18952,18953,18952,11,-11
2024-03-01 16:44:02.608,18951,18952,18951,3,-3
2024-03-01 16:44:02.608,18951,18952,18951,2,-2
2024-03-01 16:44:20.222,18951,18952,18951,1,-1
2024-03-01 16:44:22.000,18951,18952,18951,2,-2
2024-03-01 16:44:26.844,18950,18951,18951,1,1
2024-03-01 16:44:28.906,18950,18951,18951,1,1
2024-03-01 16:44:39.388,18950,18951,18950,7,-7
2024-03-01 16:44:39.407,18950,18951,18949,2,-2
2024-03-01 16:44:39.612,18948,18949,18949,1,1
2024-03-01 16:44:39.622,18948,18949,18948,1,-1
2024-03-01 16:44:43.612,18948,18949,18948,2,-2
2024-03-01 16:45:15.819,18948,18949,18948,1,-1
2024-03-01 16:45:15.865,18948,18949,18949,1,1
2024-03-01 16:45:15.865,18948,18949,18949,1,1
2024-03-01 16:45:15.888,18948,18949,18948,1,-1
2024-03-01 16:45:16.179,18948,18949,18948,1,-1
2024-03-01 16:45:16.222,18948,18949,18949,1,1
2024-03-01 16:45:16.222,18948,18949,18950,1,1
2024-03-01 16:45:16.222,18948,18949,18950,1,1
2024-03-01 16:45:16.222,18948,18949,18950,1,1
2024-03-01 16:45:18.289,18948,18949,18948,6,-6
2024-03-01 16:45:20.227,18947,18948,18947,3,-3
2024-03-01 16:45:20.347,18947,18948,18948,1,1
2024-03-01 16:45:24.526,18947,18948,18948,3,3
2024-03-01 16:45:27.131,18948,18949,18949,7,7
2024-03-01 16:45:27.131,18948,18949,18949,3,3
2024-03-01 16:45:30.199,18949,18950,18949,1,-1
2024-03-01 16:45:30.199,18949,18950,18949,1,-1
2024-03-01 16:45:31.107,18949,18950,18949,1,-1
2024-03-01 16:45:37.306,18949,18950,18950,3,3
2024-03-01 16:45:40.236,18949,18950,18949,1,-1
2024-03-01 16:45:40.347,18949,18950,18950,1,1
2024-03-01 16:45:49.684,18949,18950,18949,2,-2
2024-03-01 16:45:49.684,18949,18950,18948,6,-6
2024-03-01 16:46:00.220,18948,18949,18948,3,-3
2024-03-01 16:46:02.332,18947,18949,18949,1,1
2024-03-01 16:46:20.228,18948,18949,18948,1,-1
2024-03-01 16:46:31.182,18948,18949,18949,1,1
2024-03-01 16:46:31.182,18948,18949,18949,1,1
2024-03-01 16:46:31.182,18948,18949,18949,1,1
2024-03-01 16:46:37.761,18949,18950,18949,1,-1
2024-03-01 16:46:37.848,18948,18950,18950,1,1
2024-03-01 16:46:38.832,18949,18950,18949,1,-1
2024-03-01 16:46:44.686,18948,18949,18948,1,-1
2024-03-01 16:46:45.996,18948,18949,18948,1,-1
2024-03-01 16:46:51.616,18948,18949,18948,2,-2
2024-03-01 16:46:51.616,18948,18949,18948,3,-3
2024-03-01 16:46:56.342,18947,18948,18948,1,1
2024-03-01 16:47:00.217,18947,18948,18947,2,-2
2024-03-01 16:47:06.201,18947,18948,18947,13,-13
2024-03-01 16:47:17.861,18946,18947,18946,1,-1
2024-03-01 16:47:17.864,18946,18947,18946,1,-1
2024-03-01 16:47:21.480,18946,18947,18947,2,2
2024-03-01 16:47:22.897,18946,18947,18946,1,-1
2024-03-01 16:47:26.984,18946,18947,18946,1,-1
2024-03-01 16:47:41.132,18946,18947,18946,5,-5
2024-03-01 16:47:41.132,18946,18947,18945,1,-1
2024-03-01 16:47:41.303,18945,18947,18945,2,-2
2024-03-01 16:47:41.304,18945,18947,18945,2,-2
2024-03-01 16:47:41.312,18945,18947,18945,1,-1
2024-03-01 16:47:41.313,18945,18947,18945,2,-2
2024-03-01 16:47:41.330,18945,18947,18945,2,-2
2024-03-01 16:47:41.343,18945,18947,18945,1,-1
2024-03-01 16:47:43.221,18945,18946,18946,1,1
2024-03-01 16:47:44.718,18945,18947,18945,1,-1
2024-03-01 16:47:47.436,18946,18947,18946,1,-1
2024-03-01 16:47:47.796,18945,18947,18945,3,-3
2024-03-01 16:48:03.764,18946,18947,18946,1,-1
2024-03-01 16:48:04.155,18946,18947,18946,1,-1
2024-03-01 16:48:04.829,18946,18947,18946,1,-1
2024-03-01 16:48:05.078,18945,18946,18945,1,-1
2024-03-01 16:48:05.092,18945,18946,18945,1,-1
2024-03-01 16:48:05.186,18945,18946,18945,1,-1
2024-03-01 16:48:05.255,18945,18946,18945,1,-1
2024-03-01 16:48:07.964,18945,18946,18946,1,1
2024-03-01 16:48:09.471,18945,18946,18945,1,-1
2024-03-01 16:48:09.567,18945,18946,18946,2,2
2024-03-01 16:48:09.567,18945,18946,18947,4,4
2024-03-01 16:48:15.247,18945,18947,18945,1,-1
2024-03-01 16:48:21.139,18945,18946,18945,10,-10
2024-03-01 16:48:26.358,18945,18946,18945,1,-1
2024-03-01 16:48:27.962,18945,18946,18945,1,-1
2024-03-01 16:48:30.588,18945,18946,18945,4,-4
2024-03-01 16:48:31.607,18945,18946,18945,1,-1
2024-03-01 16:48:35.656,18945,18946,18945,1,-1
2024-03-01 16:48:35.657,18945,18946,18945,1,-1
