2020-11-10 15:00:00.066,13089,13091,13090,74,-74
2020-11-10 15:00:00.069,13090,13091,13090,1,-1
2020-11-10 15:00:00.220,13090,13091,13090,1,-1
2020-11-10 15:00:00.262,13090,13091,13091,1,1
2020-11-10 15:00:00.268,13090,13091,13091,1,1
2020-11-10 15:00:00.275,13090,13091,13091,1,1
2020-11-10 15:00:00.277,13090,13091,13091,1,1
2020-11-10 15:00:00.277,13090,13091,13091,1,1
2020-11-10 15:00:00.277,13090,13091,13091,1,1
2020-11-10 15:00:00.288,13090,13091,13092,1,1
2020-11-10 15:00:00.307,13090,13091,13092,1,1
2020-11-10 15:00:00.309,13090,13091,13091,4,4
2020-11-10 15:00:00.309,13090,13091,13090,8,-8
2020-11-10 15:00:00.325,13090,13091,13092,1,1
2020-11-10 15:00:00.326,13090,13091,13092,1,1
2020-11-10 15:00:00.330,13090,13091,13092,1,1
2020-11-10 15:00:00.352,13090,13091,13092,1,1
2020-11-10 15:00:00.357,13090,13091,13092,1,1
2020-11-10 15:00:00.364,13090,13091,13092,1,1
2020-11-10 15:00:00.365,13090,13091,13091,1,1
2020-11-10 15:00:00.377,13090,13091,13092,1,1
2020-11-10 15:00:00.399,13090,13091,13092,1,1
2020-11-10 15:00:00.451,13091,13093,13091,1,-1
2020-11-10 15:00:00.473,13091,13093,13091,1,-1
2020-11-10 15:00:00.482,13091,13093,13091,1,-1
2020-11-10 15:00:00.515,13091,13093,13090,2,-2
2020-11-10 15:00:00.522,13091,13093,13090,1,-1
2020-11-10 15:00:00.567,13091,13093,13093,1,1
2020-11-10 15:00:00.588,13090,13093,13091,1,-1
2020-11-10 15:00:00.608,13090,13093,13090,1,-1
2020-11-10 15:00:00.618,13090,13093,13090,1,-1
2020-11-10 15:00:00.618,13090,13093,13090,1,-1
2020-11-10 15:00:00.630,13090,13093,13090,2,-2
2020-11-10 15:00:00.635,13090,13093,13090,1,-1
2020-11-10 15:00:00.654,13090,13093,13092,1,1
2020-11-10 15:00:00.662,13090,13093,13090,3,-3
2020-11-10 15:00:00.686,13090,13093,13090,1,-1
2020-11-10 15:00:00.716,13090,13091,13090,1,-1
2020-11-10 15:00:00.717,13090,13091,13090,1,-1
2020-11-10 15:00:00.720,13090,13091,13091,1,1
2020-11-10 15:00:00.722,13090,13091,13090,1,-1
2020-11-10 15:00:00.726,13090,13091,13091,1,1
2020-11-10 15:00:00.726,13090,13091,13092,1,1
2020-11-10 15:00:00.736,13090,13091,13092,1,1
2020-11-10 15:00:00.744,13090,13091,13091,2,2
2020-11-10 15:00:00.762,13090,13091,13090,4,-4
2020-11-10 15:00:00.782,13090,13091,13090,3,-3
2020-11-10 15:00:00.790,13090,13091,13090,3,-3
2020-11-10 15:00:00.793,13090,13091,13090,1,-1
2020-11-10 15:00:00.802,13090,13091,13092,1,1
2020-11-10 15:00:00.811,13090,13091,13090,1,-1
2020-11-10 15:00:00.811,13090,13091,13089,2,-2
2020-11-10 15:00:00.819,13089,13092,13092,1,1
2020-11-10 15:00:00.826,13089,13092,13089,1,-1
2020-11-10 15:00:00.863,13089,13092,13092,1,1
2020-11-10 15:00:00.869,13089,13092,13092,1,1
2020-11-10 15:00:00.870,13089,13092,13092,1,1
2020-11-10 15:00:00.873,13089,13092,13092,1,1
2020-11-10 15:00:00.874,13089,13092,13092,1,1
2020-11-10 15:00:00.883,13089,13092,13092,2,2
2020-11-10 15:00:00.883,13089,13092,13093,2,2
2020-11-10 15:00:00.883,13089,13092,13094,1,1
2020-11-10 15:00:00.893,13089,13092,13093,1,1
2020-11-10 15:00:00.897,13089,13092,13093,2,2
2020-11-10 15:00:00.903,13089,13092,13093,1,1
2020-11-10 15:00:00.914,13089,13092,13090,1,-1
2020-11-10 15:00:00.918,13089,13092,13090,1,-1
2020-11-10 15:00:00.931,13089,13092,13093,2,2
2020-11-10 15:00:00.984,13090,13093,13093,1,1
2020-11-10 15:00:01.005,13090,13093,13093,1,1
2020-11-10 15:00:01.055,13090,13093,13093,2,2
2020-11-10 15:00:01.071,13090,13093,13093,1,1
2020-11-10 15:00:01.074,13090,13093,13093,1,1
2020-11-10 15:00:01.076,13090,13093,13093,3,3
2020-11-10 15:00:01.076,13090,13093,13094,2,2
2020-11-10 15:00:01.134,13090,13093,13094,6,6
2020-11-10 15:00:01.134,13090,13093,13094,19,19
2020-11-10 15:00:01.187,13090,13093,13091,1,-1
2020-11-10 15:00:01.241,13090,13093,13093,1,1
2020-11-10 15:00:01.241,13090,13093,13094,2,2
2020-11-10 15:00:01.314,13090,13093,13094,2,2
2020-11-10 15:00:01.314,13090,13093,13095,2,2
2020-11-10 15:00:01.523,13092,13094,13094,2,2
2020-11-10 15:00:01.614,13092,13093,13093,1,1
2020-11-10 15:00:01.663,13092,13093,13092,2,-2
2020-11-10 15:00:01.731,13092,13093,13093,1,1
2020-11-10 15:00:01.753,13092,13093,13092,1,-1
2020-11-10 15:00:01.753,13092,13093,13092,1,-1
2020-11-10 15:00:01.813,13092,13093,13093,1,1
2020-11-10 15:00:01.827,13091,13093,13093,1,1
2020-11-10 15:00:01.892,13091,13093,13094,1,1
2020-11-10 15:00:01.892,13091,13093,13091,1,-1
2020-11-10 15:00:01.967,13090,13092,13092,1,1
2020-11-10 15:00:02.014,13090,13092,13093,1,1
2020-11-10 15:00:02.048,13090,13092,13094,1,1
2020-11-10 15:00:02.048,13090,13092,13094,1,1
2020-11-10 15:00:02.050,13090,13092,13094,1,1
2020-11-10 15:00:02.052,13090,13092,13094,1,1
2020-11-10 15:00:02.060,13090,13092,13094,1,1
2020-11-10 15:00:02.066,13090,13092,13094,1,1
2020-11-10 15:00:02.066,13090,13092,13094,2,2
2020-11-10 15:00:02.073,13092,13095,13095,1,1
2020-11-10 15:00:02.087,13092,13095,13095,1,1
2020-11-10 15:00:02.093,13092,13095,13095,1,1
2020-11-10 15:00:02.556,13092,13094,13092,4,-4
2020-11-10 15:00:02.566,13092,13094,13091,1,-1
2020-11-10 15:00:02.872,13091,13093,13093,1,1
2020-11-10 15:00:02.970,13091,13093,13091,1,-1
2020-11-10 15:00:03.166,13090,13093,13091,2,-2
2020-11-10 15:00:03.184,13090,13093,13093,3,3
2020-11-10 15:00:03.383,13090,13093,13093,1,1
2020-11-10 15:00:03.383,13090,13093,13094,1,1
2020-11-10 15:00:03.519,13090,13094,13094,1,1
2020-11-10 15:00:03.581,13090,13094,13094,5,5
2020-11-10 15:00:03.716,13090,13094,13094,1,1
2020-11-10 15:00:03.819,13092,13093,13093,2,2
2020-11-10 15:00:03.891,13092,13093,13093,1,1
2020-11-10 15:00:03.891,13092,13093,13094,1,1
2020-11-10 15:00:03.944,13092,13093,13093,1,1
2020-11-10 15:00:04.222,13092,13094,13094,1,1
2020-11-10 15:00:04.401,13092,13094,13095,2,2
2020-11-10 15:00:04.711,13094,13095,13095,1,1
2020-11-10 15:00:04.991,13094,13095,13095,2,2
2020-11-10 15:00:05.063,13094,13095,13094,4,-4
2020-11-10 15:00:05.063,13094,13095,13093,1,-1
2020-11-10 15:00:05.064,13094,13095,13093,7,-7
2020-11-10 15:00:05.113,13093,13095,13095,1,1
2020-11-10 15:00:05.869,13092,13094,13092,2,-2
2020-11-10 15:00:06.312,13092,13094,13094,1,1
2020-11-10 15:00:06.312,13092,13094,13095,3,3
2020-11-10 15:00:06.496,13093,13095,13093,1,-1
2020-11-10 15:00:06.496,13093,13095,13093,2,-2
2020-11-10 15:00:06.650,13092,13093,13093,2,2
2020-11-10 15:00:06.683,13092,13093,13093,7,7
2020-11-10 15:00:06.873,13092,13094,13094,2,2
2020-11-10 15:00:08.522,13092,13094,13094,1,1
2020-11-10 15:00:08.565,13092,13094,13094,1,1
2020-11-10 15:00:08.689,13092,13094,13093,1,-1
2020-11-10 15:00:08.912,13093,13094,13094,1,1
2020-11-10 15:00:08.912,13093,13094,13095,1,1
2020-11-10 15:00:09.191,13093,13095,13093,2,-2
2020-11-10 15:00:09.191,13093,13095,13092,1,-1
2020-11-10 15:00:09.223,13092,13094,13092,2,-2
2020-11-10 15:00:09.318,13092,13094,13094,1,1
2020-11-10 15:00:09.486,13092,13094,13094,2,2
2020-11-10 15:00:09.668,13092,13094,13094,2,2
2020-11-10 15:00:09.766,13092,13095,13095,1,1
2020-11-10 15:00:11.318,13094,13095,13094,4,-4
2020-11-10 15:00:11.378,13093,13094,13094,1,1
2020-11-10 15:00:11.590,13093,13095,13095,5,5
2020-11-10 15:00:11.775,13094,13095,13094,1,-1
2020-11-10 15:00:12.205,13093,13095,13095,1,1
2020-11-10 15:00:12.319,13094,13095,13095,7,7
2020-11-10 15:00:12.320,13094,13095,13095,2,2
2020-11-10 15:00:12.609,13094,13096,13094,1,-1
2020-11-10 15:00:13.356,13094,13096,13095,1,1
2020-11-10 15:00:13.448,13094,13096,13094,1,-1
2020-11-10 15:00:14.442,13094,13095,13094,3,-3
2020-11-10 15:00:15.005,13094,13095,13094,1,-1
2020-11-10 15:00:15.208,13093,13095,13093,1,-1
2020-11-10 15:00:15.396,13093,13095,13095,2,2
2020-11-10 15:00:16.142,13094,13095,13095,1,1
2020-11-10 15:00:16.194,13094,13095,13095,5,5
2020-11-10 15:00:16.373,13094,13096,13096,2,2
2020-11-10 15:00:16.401,13094,13096,13096,2,2
2020-11-10 15:00:16.673,13094,13096,13096,1,1
2020-11-10 15:00:16.720,13094,13096,13094,5,-5
2020-11-10 15:00:16.720,13094,13096,13094,1,-1
2020-11-10 15:00:16.720,13094,13096,13094,2,-2
2020-11-10 15:00:16.745,13094,13096,13096,1,1
2020-11-10 15:00:16.745,13094,13096,13096,1,1
2020-11-10 15:00:17.003,13094,13096,13096,1,1
2020-11-10 15:00:17.072,13094,13096,13096,2,2
2020-11-10 15:00:17.084,13094,13096,13096,1,1
2020-11-10 15:00:17.090,13094,13096,13095,1,-1
2020-11-10 15:00:17.155,13094,13096,13094,1,-1
2020-11-10 15:00:17.188,13094,13096,13095,1,1
2020-11-10 15:00:17.218,13094,13096,13096,1,1
2020-11-10 15:00:17.525,13094,13095,13094,2,-2
2020-11-10 15:00:17.726,13094,13095,13095,1,1
2020-11-10 15:00:17.947,13094,13095,13094,5,-5
2020-11-10 15:00:17.984,13094,13095,13095,1,1
2020-11-10 15:00:18.033,13094,13095,13095,1,1
2020-11-10 15:00:18.069,13094,13095,13095,4,4
2020-11-10 15:00:18.194,13094,13095,13095,5,5
2020-11-10 15:00:18.218,13094,13095,13095,1,1
2020-11-10 15:00:18.319,13094,13095,13095,2,2
2020-11-10 15:00:18.847,13094,13096,13096,1,1
2020-11-10 15:00:19.375,13094,13096,13094,3,-3
2020-11-10 15:00:19.396,13094,13096,13095,1,1
2020-11-10 15:00:20.163,13094,13095,13095,4,4
2020-11-10 15:00:20.164,13094,13095,13095,1,1
2020-11-10 15:00:20.361,13095,13096,13095,1,-1
2020-11-10 15:00:20.361,13095,13096,13095,1,-1
2020-11-10 15:00:20.392,13095,13096,13096,3,3
2020-11-10 15:00:21.011,13094,13095,13095,1,1
2020-11-10 15:00:21.861,13095,13096,13096,1,1
2020-11-10 15:00:23.101,13095,13096,13096,1,1
2020-11-10 15:00:23.103,13095,13096,13096,1,1
2020-11-10 15:00:23.105,13095,13096,13096,2,2
2020-11-10 15:00:23.457,13095,13096,13095,1,-1
2020-11-10 15:00:23.587,13095,13096,13096,1,1
2020-11-10 15:00:23.907,13095,13096,13095,1,-1
2020-11-10 15:00:23.909,13095,13096,13095,1,-1
2020-11-10 15:00:24.091,13095,13096,13096,1,1
2020-11-10 15:00:24.481,13095,13096,13095,6,-6
2020-11-10 15:00:24.481,13095,13096,13095,1,-1
2020-11-10 15:00:25.831,13094,13095,13095,2,2
2020-11-10 15:00:25.832,13094,13095,13095,1,1
2020-11-10 15:00:25.832,13094,13095,13095,7,7
2020-11-10 15:00:28.221,13094,13095,13095,1,1
2020-11-10 15:00:28.319,13094,13095,13095,4,4
2020-11-10 15:00:29.066,13094,13095,13095,1,1
2020-11-10 15:00:29.824,13094,13095,13095,1,1
2020-11-10 15:00:30.765,13095,13096,13095,1,-1
2020-11-10 15:00:31.580,13095,13096,13096,8,8
2020-11-10 15:00:31.580,13095,13096,13096,4,4
2020-11-10 15:00:31.580,13095,13096,13096,2,2
2020-11-10 15:00:31.580,13095,13096,13096,9,9
2020-11-10 15:00:32.206,13096,13097,13097,2,2
2020-11-10 15:00:32.332,13096,13097,13096,1,-1
2020-11-10 15:00:32.414,13096,13097,13096,1,-1
2020-11-10 15:00:32.573,13096,13097,13097,3,3
2020-11-10 15:00:32.575,13096,13097,13097,5,5
2020-11-10 15:00:32.575,13096,13097,13097,6,6
2020-11-10 15:00:32.979,13096,13098,13096,1,-1
2020-11-10 15:00:33.431,13096,13098,13098,1,1
2020-11-10 15:00:34.417,13096,13098,13098,1,1
2020-11-10 15:00:34.946,13096,13098,13098,1,1
2020-11-10 15:00:34.979,13096,13098,13098,1,1
2020-11-10 15:00:37.212,13096,13098,13098,1,1
2020-11-10 15:00:37.727,13097,13098,13097,1,-1
2020-11-10 15:00:37.727,13097,13098,13096,2,-2
2020-11-10 15:00:37.962,13096,13097,13097,1,1
2020-11-10 15:00:38.466,13096,13097,13097,2,2
2020-11-10 15:00:38.537,13096,13097,13098,1,1
2020-11-10 15:00:38.570,13096,13098,13098,1,1
2020-11-10 15:00:38.574,13096,13098,13098,1,1
2020-11-10 15:00:40.073,13096,13097,13097,3,3
2020-11-10 15:00:40.176,13096,13097,13097,2,2
2020-11-10 15:00:40.194,13096,13097,13097,1,1
2020-11-10 15:00:40.606,13096,13097,13097,1,1
2020-11-10 15:00:40.776,13096,13097,13097,1,1
2020-11-10 15:00:42.043,13096,13097,13097,1,1
2020-11-10 15:00:42.341,13096,13097,13097,1,1
2020-11-10 15:00:43.263,13096,13098,13098,3,3
2020-11-10 15:00:43.611,13097,13098,13097,1,-1
2020-11-10 15:00:45.447,13097,13098,13098,1,1
2020-11-10 15:00:46.479,13097,13098,13098,1,1
2020-11-10 15:00:46.916,13097,13098,13097,1,-1
2020-11-10 15:00:48.152,13097,13098,13098,1,1
2020-11-10 15:00:48.586,13097,13098,13098,1,1
2020-11-10 15:00:49.185,13097,13098,13098,1,1
2020-11-10 15:00:50.707,13097,13098,13098,1,1
2020-11-10 15:00:51.546,13097,13098,13098,1,1
2020-11-10 15:00:52.190,13097,13098,13097,10,-10
2020-11-10 15:00:52.241,13096,13098,13097,1,-1
2020-11-10 15:00:55.571,13097,13098,13098,1,1
2020-11-10 15:00:55.613,13097,13098,13098,3,3
2020-11-10 15:00:55.799,13097,13098,13097,6,-6
2020-11-10 15:00:57.229,13096,13097,13097,1,1
2020-11-10 15:00:57.538,13096,13097,13097,1,1
2020-11-10 15:00:58.119,13096,13097,13097,1,1
2020-11-10 15:00:58.194,13096,13097,13097,3,3
2020-11-10 15:00:59.529,13096,13097,13097,3,3
2020-11-10 15:00:59.877,13096,13097,13096,1,-1
2020-11-10 15:00:59.925,13096,13097,13097,5,5
2020-11-10 15:00:59.925,13096,13097,13098,5,5
2020-11-10 15:00:59.932,13096,13097,13098,5,5
2020-11-10 15:00:59.953,13096,13098,13097,1,-1
2020-11-10 15:00:59.953,13096,13098,13098,4,4
2020-11-10 15:01:00.023,13096,13098,13098,1,1
2020-11-10 15:01:00.031,13096,13098,13098,1,1
2020-11-10 15:01:00.037,13096,13098,13098,1,1
2020-11-10 15:01:00.037,13096,13098,13098,1,1
2020-11-10 15:01:00.048,13096,13098,13098,3,3
2020-11-10 15:01:00.083,13097,13098,13098,1,1
2020-11-10 15:01:00.088,13097,13098,13098,1,1
2020-11-10 15:01:00.093,13097,13098,13099,1,1
2020-11-10 15:01:00.094,13097,13098,13099,1,1
2020-11-10 15:01:00.100,13097,13098,13099,3,3
2020-11-10 15:01:00.127,13097,13098,13099,7,7
2020-11-10 15:01:00.139,13097,13098,13098,1,1
2020-11-10 15:01:00.149,13097,13098,13099,8,8
2020-11-10 15:01:00.189,13097,13098,13098,1,1
2020-11-10 15:01:00.209,13097,13099,13097,1,-1
2020-11-10 15:01:00.216,13097,13099,13098,1,1
2020-11-10 15:01:00.242,13097,13099,13099,12,12
2020-11-10 15:01:00.275,13097,13099,13099,2,2
2020-11-10 15:01:00.275,13097,13099,13100,10,10
2020-11-10 15:01:00.322,13099,13100,13100,12,12
2020-11-10 15:01:00.323,13099,13100,13100,10,10
2020-11-10 15:01:00.323,13099,13100,13100,2,2
2020-11-10 15:01:00.355,13099,13100,13101,4,4
2020-11-10 15:01:00.356,13099,13100,13101,1,1
2020-11-10 15:01:00.356,13099,13100,13101,1,1
2020-11-10 15:01:00.372,13099,13100,13101,1,1
2020-11-10 15:01:00.415,13099,13100,13101,1,1
2020-11-10 15:01:00.429,13099,13100,13101,1,1
2020-11-10 15:01:00.490,13100,13101,13101,2,2
2020-11-10 15:01:00.506,13100,13101,13101,1,1
2020-11-10 15:01:00.541,13100,13101,13101,1,1
2020-11-10 15:01:00.556,13100,13101,13101,1,1
2020-11-10 15:01:00.556,13100,13101,13101,1,1
2020-11-10 15:01:00.569,13100,13101,13101,1,1
2020-11-10 15:01:00.581,13100,13101,13101,1,1
2020-11-10 15:01:00.581,13100,13101,13101,2,2
2020-11-10 15:01:00.585,13100,13101,13101,2,2
2020-11-10 15:01:00.587,13100,13101,13102,7,7
2020-11-10 15:01:00.610,13100,13101,13103,1,1
2020-11-10 15:01:00.705,13102,13103,13103,1,1
2020-11-10 15:01:00.841,13102,13103,13103,4,4
2020-11-10 15:01:00.841,13102,13103,13103,1,1
2020-11-10 15:01:00.843,13102,13103,13104,5,5
2020-11-10 15:01:00.928,13102,13103,13105,1,1
2020-11-10 15:01:00.957,13104,13105,13105,1,1
2020-11-10 15:01:01.017,13104,13105,13105,2,2
2020-11-10 15:01:01.036,13104,13105,13105,2,2
2020-11-10 15:01:01.055,13104,13105,13106,6,6
2020-11-10 15:01:01.071,13105,13106,13106,1,1
2020-11-10 15:01:01.074,13105,13106,13106,1,1
2020-11-10 15:01:01.127,13105,13106,13105,3,-3
2020-11-10 15:01:01.189,13105,13106,13105,1,-1
2020-11-10 15:01:01.199,13104,13105,13105,4,4
2020-11-10 15:01:01.288,13104,13105,13106,1,1
2020-11-10 15:01:01.333,13105,13106,13107,1,1
2020-11-10 15:01:01.341,13105,13106,13107,1,1
2020-11-10 15:01:01.422,13105,13106,13105,1,-1
2020-11-10 15:01:01.464,13105,13107,13106,1,1
2020-11-10 15:01:01.643,13104,13106,13107,4,4
2020-11-10 15:01:01.643,13104,13106,13108,2,2
2020-11-10 15:01:01.649,13104,13106,13105,1,-1
2020-11-10 15:01:01.687,13104,13106,13107,1,1
2020-11-10 15:01:01.739,13105,13107,13107,1,1
2020-11-10 15:01:01.746,13105,13107,13107,1,1
2020-11-10 15:01:01.749,13105,13107,13107,1,1
2020-11-10 15:01:01.777,13105,13107,13107,1,1
2020-11-10 15:01:01.840,13105,13107,13107,3,3
2020-11-10 15:01:01.840,13105,13107,13108,1,1
2020-11-10 15:01:01.883,13105,13107,13107,1,1
2020-11-10 15:01:01.901,13105,13107,13107,1,1
2020-11-10 15:01:01.907,13105,13107,13107,2,2
2020-11-10 15:01:01.942,13105,13107,13108,3,3
2020-11-10 15:01:01.942,13105,13107,13108,2,2
2020-11-10 15:01:01.959,13107,13108,13108,4,4
2020-11-10 15:01:01.978,13107,13108,13108,2,2
2020-11-10 15:01:01.980,13107,13108,13108,2,2
2020-11-10 15:01:02.017,13107,13108,13109,1,1
2020-11-10 15:01:02.038,13107,13108,13109,2,2
2020-11-10 15:01:02.042,13107,13108,13109,1,1
2020-11-10 15:01:02.047,13107,13108,13109,4,4
2020-11-10 15:01:02.048,13107,13108,13109,2,2
2020-11-10 15:01:02.048,13107,13108,13109,1,1
2020-11-10 15:01:02.055,13107,13108,13110,1,1
2020-11-10 15:01:02.089,13109,13110,13109,1,-1
2020-11-10 15:01:02.122,13109,13110,13110,1,1
2020-11-10 15:01:02.139,13109,13110,13109,1,-1
2020-11-10 15:01:02.146,13109,13110,13110,1,1
2020-11-10 15:01:02.189,13109,13110,13109,1,-1
2020-11-10 15:01:02.205,13109,13110,13109,1,-1
2020-11-10 15:01:02.255,13109,13110,13109,1,-1
2020-11-10 15:01:02.256,13109,13110,13109,1,-1
2020-11-10 15:01:02.293,13109,13110,13108,1,-1
2020-11-10 15:01:02.314,13109,13110,13109,1,1
2020-11-10 15:01:02.354,13108,13110,13108,4,-4
2020-11-10 15:01:02.354,13108,13110,13107,1,-1
2020-11-10 15:01:02.366,13108,13110,13109,1,1
2020-11-10 15:01:02.468,13107,13109,13109,2,2
2020-11-10 15:01:02.564,13107,13109,13109,1,1
2020-11-10 15:01:02.605,13107,13109,13107,1,-1
2020-11-10 15:01:03.016,13107,13109,13107,2,-2
2020-11-10 15:01:03.055,13107,13109,13106,1,-1
2020-11-10 15:01:03.068,13107,13109,13105,1,-1
2020-11-10 15:01:03.192,13105,13107,13107,1,1
2020-11-10 15:01:03.780,13105,13107,13107,1,1
2020-11-10 15:01:04.319,13106,13107,13107,1,1
2020-11-10 15:01:04.394,13106,13107,13106,1,-1
2020-11-10 15:01:04.771,13105,13107,13105,2,-2
2020-11-10 15:01:05.176,13105,13107,13107,1,1
2020-11-10 15:01:05.430,13106,13107,13107,1,1
2020-11-10 15:01:05.721,13106,13107,13106,2,-2
2020-11-10 15:01:05.804,13106,13107,13105,8,-8
2020-11-10 15:01:05.805,13106,13107,13105,1,-1
2020-11-10 15:01:05.806,13106,13107,13105,2,-2
2020-11-10 15:01:05.820,13104,13106,13106,1,1
2020-11-10 15:01:06.252,13104,13106,13106,1,1
2020-11-10 15:01:06.500,13106,13108,13106,1,-1
2020-11-10 15:01:06.612,13106,13107,13106,2,-2
2020-11-10 15:01:06.642,13106,13107,13106,2,-2
2020-11-10 15:01:07.228,13106,13107,13107,1,1
2020-11-10 15:01:07.274,13106,13107,13107,5,5
2020-11-10 15:01:07.291,13106,13107,13107,1,1
2020-11-10 15:01:07.291,13106,13107,13106,1,-1
2020-11-10 15:01:07.320,13106,13108,13108,3,3
2020-11-10 15:01:07.321,13106,13108,13108,3,3
2020-11-10 15:01:07.629,13107,13109,13109,1,1
2020-11-10 15:01:07.736,13107,13109,13107,2,-2
2020-11-10 15:01:07.757,13107,13109,13107,1,-1
2020-11-10 15:01:07.792,13107,13109,13109,1,1
2020-11-10 15:01:07.809,13107,13109,13109,2,2
2020-11-10 15:01:08.050,13107,13109,13107,2,-2
2020-11-10 15:01:08.145,13107,13109,13109,1,1
2020-11-10 15:01:08.609,13109,13110,13110,1,1
2020-11-10 15:01:08.834,13109,13110,13110,1,1
2020-11-10 15:01:08.836,13109,13110,13110,4,4
2020-11-10 15:01:08.836,13109,13110,13110,3,3
2020-11-10 15:01:08.837,13109,13110,13110,7,7
2020-11-10 15:01:08.934,13109,13110,13110,2,2
2020-11-10 15:01:09.004,13109,13111,13111,1,1
2020-11-10 15:01:09.005,13109,13111,13111,1,1
2020-11-10 15:01:09.005,13109,13111,13112,2,2
2020-11-10 15:01:09.010,13109,13111,13112,2,2
2020-11-10 15:01:09.075,13111,13113,13113,2,2
2020-11-10 15:01:09.098,13111,13113,13113,2,2
2020-11-10 15:01:09.122,13111,13113,13113,1,1
2020-11-10 15:01:09.237,13112,13113,13113,1,1
2020-11-10 15:01:09.262,13112,13113,13114,1,1
2020-11-10 15:01:09.266,13112,13113,13114,1,1
2020-11-10 15:01:09.318,13112,13113,13114,1,1
2020-11-10 15:01:09.318,13112,13113,13112,1,-1
2020-11-10 15:01:09.334,13112,13114,13114,1,1
2020-11-10 15:01:09.335,13112,13114,13114,2,2
2020-11-10 15:01:09.341,13112,13114,13114,1,1
2020-11-10 15:01:09.351,13112,13114,13114,1,1
2020-11-10 15:01:09.377,13112,13114,13113,2,-2
2020-11-10 15:01:09.384,13112,13114,13114,1,1
2020-11-10 15:01:09.412,13112,13114,13115,2,2
2020-11-10 15:01:09.429,13112,13114,13115,1,1
2020-11-10 15:01:09.429,13112,13114,13116,1,1
2020-11-10 15:01:09.490,13114,13116,13116,1,1
2020-11-10 15:01:09.515,13114,13116,13116,2,2
2020-11-10 15:01:09.534,13114,13116,13116,2,2
2020-11-10 15:01:09.535,13114,13116,13117,2,2
2020-11-10 15:01:09.544,13114,13116,13118,1,1
2020-11-10 15:01:09.548,13114,13116,13116,6,6
2020-11-10 15:01:09.572,13114,13117,13117,2,2
2020-11-10 15:01:09.594,13114,13117,13117,1,1
2020-11-10 15:01:09.608,13114,13117,13115,1,-1
2020-11-10 15:01:09.647,13114,13117,13114,1,-1
2020-11-10 15:01:09.647,13114,13117,13115,1,1
2020-11-10 15:01:09.682,13114,13117,13114,2,-2
2020-11-10 15:01:09.707,13113,13115,13115,1,1
2020-11-10 15:01:09.735,13113,13115,13115,3,3
2020-11-10 15:01:09.746,13113,13115,13114,2,-2
2020-11-10 15:01:09.749,13113,13115,13115,1,1
2020-11-10 15:01:09.779,13113,13115,13116,2,2
2020-11-10 15:01:09.851,13113,13116,13116,1,1
2020-11-10 15:01:09.876,13113,13116,13116,1,1
2020-11-10 15:01:09.895,13113,13116,13116,1,1
2020-11-10 15:01:09.942,13113,13116,13117,1,1
2020-11-10 15:01:09.947,13115,13117,13117,1,1
2020-11-10 15:01:09.947,13115,13117,13118,1,1
2020-11-10 15:01:09.950,13115,13117,13117,2,2
2020-11-10 15:01:09.963,13115,13117,13118,4,4
2020-11-10 15:01:09.963,13115,13117,13119,1,1
2020-11-10 15:01:09.986,13115,13117,13119,3,3
2020-11-10 15:01:09.986,13115,13117,13120,2,2
2020-11-10 15:01:10.000,13115,13117,13120,1,1
2020-11-10 15:01:10.030,13115,13117,13119,4,4
2020-11-10 15:01:10.034,13115,13117,13120,2,2
2020-11-10 15:01:10.036,13115,13117,13119,1,1
2020-11-10 15:01:10.074,13119,13120,13119,1,-1
2020-11-10 15:01:10.104,13119,13120,13120,1,1
2020-11-10 15:01:10.122,13119,13120,13120,1,1
2020-11-10 15:01:10.124,13119,13120,13119,1,-1
2020-11-10 15:01:10.130,13119,13120,13119,1,-1
2020-11-10 15:01:10.138,13119,13120,13120,1,1
2020-11-10 15:01:10.144,13119,13120,13120,1,1
2020-11-10 15:01:10.147,13119,13120,13120,4,4
2020-11-10 15:01:10.148,13119,13120,13120,1,1
2020-11-10 15:01:10.182,13119,13120,13120,1,1
2020-11-10 15:01:10.190,13119,13120,13120,2,2
2020-11-10 15:01:10.205,13119,13120,13120,1,1
2020-11-10 15:01:10.208,13119,13120,13120,1,1
2020-11-10 15:01:10.245,13119,13120,13119,1,-1
2020-11-10 15:01:10.304,13119,13120,13120,1,1
2020-11-10 15:01:10.312,13119,13120,13120,3,3
2020-11-10 15:01:10.312,13119,13120,13120,1,1
2020-11-10 15:01:10.315,13119,13120,13121,2,2
2020-11-10 15:01:10.354,13120,13121,13121,1,1
2020-11-10 15:01:10.375,13120,13121,13121,1,1
2020-11-10 15:01:10.375,13120,13121,13122,1,1
2020-11-10 15:01:10.376,13120,13121,13121,1,1
2020-11-10 15:01:10.376,13120,13121,13121,2,2
2020-11-10 15:01:10.393,13120,13121,13122,1,1
2020-11-10 15:01:10.393,13120,13121,13123,1,1
2020-11-10 15:01:10.395,13120,13121,13123,1,1
2020-11-10 15:01:10.397,13120,13121,13123,1,1
2020-11-10 15:01:10.418,13120,13121,13121,1,1
2020-11-10 15:01:10.424,13120,13121,13123,3,3
2020-11-10 15:01:10.434,13120,13121,13123,1,1
2020-11-10 15:01:10.459,13122,13123,13121,1,-1
2020-11-10 15:01:10.484,13122,13123,13122,1,1
2020-11-10 15:01:10.501,13122,13123,13121,1,-1
2020-11-10 15:01:10.520,13122,13123,13120,1,-1
2020-11-10 15:01:10.567,13122,13123,13119,1,-1
2020-11-10 15:01:10.567,13122,13123,13118,1,-1
2020-11-10 15:01:10.575,13118,13120,13120,1,1
2020-11-10 15:01:10.576,13118,13120,13120,1,1
2020-11-10 15:01:10.616,13118,13120,13120,2,2
2020-11-10 15:01:10.617,13118,13120,13121,1,1
2020-11-10 15:01:10.659,13118,13120,13120,2,2
2020-11-10 15:01:10.669,13118,13120,13120,1,1
2020-11-10 15:01:10.684,13118,13120,13120,1,1
2020-11-10 15:01:10.687,13118,13120,13121,2,2
2020-11-10 15:01:10.700,13119,13121,13121,1,1
2020-11-10 15:01:10.710,13119,13121,13121,3,3
2020-11-10 15:01:10.741,13119,13121,13121,1,1
2020-11-10 15:01:10.742,13119,13121,13121,3,3
2020-11-10 15:01:10.742,13119,13121,13122,3,3
2020-11-10 15:01:10.766,13119,13121,13123,1,1
2020-11-10 15:01:10.799,13119,13121,13122,1,1
2020-11-10 15:01:10.932,13122,13123,13123,3,3
2020-11-10 15:01:10.932,13122,13123,13124,1,1
2020-11-10 15:01:10.946,13122,13124,13122,4,-4
2020-11-10 15:01:11.026,13122,13124,13121,1,-1
2020-11-10 15:01:11.036,13122,13124,13121,4,-4
2020-11-10 15:01:11.038,13122,13124,13122,2,2
2020-11-10 15:01:11.046,13122,13124,13123,1,1
2020-11-10 15:01:11.053,13122,13124,13123,1,-1
2020-11-10 15:01:11.089,13123,13124,13124,1,1
2020-11-10 15:01:11.112,13123,13124,13123,1,-1
2020-11-10 15:01:11.114,13123,13124,13124,1,1
2020-11-10 15:01:11.151,13123,13124,13123,2,-2
2020-11-10 15:01:11.152,13123,13124,13124,4,4
2020-11-10 15:01:11.157,13123,13124,13124,1,1
2020-11-10 15:01:11.162,13123,13124,13123,1,-1
2020-11-10 15:01:11.198,13124,13125,13125,1,1
2020-11-10 15:01:11.208,13124,13125,13125,1,1
2020-11-10 15:01:11.212,13124,13125,13125,1,1
2020-11-10 15:01:11.229,13124,13125,13125,2,2
2020-11-10 15:01:11.229,13124,13125,13125,1,1
2020-11-10 15:01:11.230,13124,13125,13125,2,2
2020-11-10 15:01:11.255,13124,13125,13125,1,1
2020-11-10 15:01:11.255,13124,13125,13126,1,1
2020-11-10 15:01:11.393,13124,13126,13125,1,-1
2020-11-10 15:01:11.444,13124,13125,13124,4,-4
2020-11-10 15:01:11.484,13124,13125,13123,1,-1
2020-11-10 15:01:11.494,13124,13125,13124,4,4
2020-11-10 15:01:11.494,13124,13125,13125,1,1
2020-11-10 15:01:11.519,13124,13125,13125,1,1
2020-11-10 15:01:11.558,13124,13125,13124,1,-1
2020-11-10 15:01:11.559,13124,13125,13124,2,-2
2020-11-10 15:01:11.599,13123,13125,13124,4,-4
2020-11-10 15:01:11.599,13123,13125,13125,1,1
2020-11-10 15:01:11.608,13123,13125,13125,1,1
2020-11-10 15:01:11.613,13123,13125,13126,1,1
2020-11-10 15:01:11.660,13123,13125,13125,2,2
2020-11-10 15:01:11.672,13123,13125,13125,1,1
2020-11-10 15:01:11.697,13124,13126,13126,1,1
2020-11-10 15:01:11.704,13124,13126,13126,1,1
2020-11-10 15:01:11.709,13124,13126,13126,1,1
2020-11-10 15:01:11.741,13124,13126,13125,1,-1
2020-11-10 15:01:11.755,13124,13126,13126,1,1
2020-11-10 15:01:11.908,13124,13126,13123,1,-1
2020-11-10 15:01:11.911,13124,13126,13122,1,-1
2020-11-10 15:01:11.993,13122,13124,13122,1,-1
2020-11-10 15:01:12.025,13122,13124,13121,2,-2
2020-11-10 15:01:12.069,13120,13122,13120,1,-1
2020-11-10 15:01:12.316,13119,13122,13122,1,1
2020-11-10 15:01:12.370,13119,13122,13120,2,-2
2020-11-10 15:01:12.385,13119,13122,13122,1,1
2020-11-10 15:01:12.413,13119,13122,13122,1,1
2020-11-10 15:01:12.428,13119,13122,13122,1,1
2020-11-10 15:01:12.480,13120,13121,13120,2,-2
2020-11-10 15:01:12.482,13120,13121,13119,2,-2
2020-11-10 15:01:12.504,13120,13121,13119,1,-1
2020-11-10 15:01:12.520,13120,13121,13119,2,-2
2020-11-10 15:01:12.572,13118,13119,13119,1,1
2020-11-10 15:01:12.629,13118,13119,13119,2,2
2020-11-10 15:01:12.646,13118,13119,13121,2,2
2020-11-10 15:01:12.739,13119,13121,13119,1,-1
2020-11-10 15:01:12.824,13119,13121,13119,2,-2
2020-11-10 15:01:12.825,13119,13121,13118,2,-2
2020-11-10 15:01:12.905,13119,13121,13118,1,-1
2020-11-10 15:01:13.072,13117,13118,13117,1,-1
2020-11-10 15:01:13.083,13117,13118,13117,1,-1
2020-11-10 15:01:13.317,13116,13117,13117,1,1
2020-11-10 15:01:13.372,13116,13117,13117,1,1
2020-11-10 15:01:13.381,13116,13117,13117,1,1
2020-11-10 15:01:13.393,13116,13117,13117,1,1
2020-11-10 15:01:13.551,13116,13118,13119,1,1
2020-11-10 15:01:13.567,13116,13118,13117,1,-1
2020-11-10 15:01:13.634,13117,13119,13119,1,1
2020-11-10 15:01:13.696,13117,13119,13117,2,-2
2020-11-10 15:01:13.701,13117,13119,13119,1,1
2020-11-10 15:01:14.784,13117,13119,13117,2,-2
2020-11-10 15:01:14.791,13117,13119,13118,1,1
2020-11-10 15:01:15.115,13117,13119,13117,1,-1
2020-11-10 15:01:15.116,13117,13119,13116,4,-4
2020-11-10 15:01:15.161,13117,13119,13116,3,-3
2020-11-10 15:01:15.161,13117,13119,13117,2,2
2020-11-10 15:01:15.501,13115,13117,13117,1,1
2020-11-10 15:01:15.751,13115,13117,13115,2,-2
2020-11-10 15:01:15.854,13115,13117,13117,1,1
2020-11-10 15:01:15.892,13115,13117,13114,2,-2
2020-11-10 15:01:15.912,13115,13117,13115,4,4
2020-11-10 15:01:15.914,13115,13117,13116,1,1
2020-11-10 15:01:15.914,13115,13117,13117,1,1
2020-11-10 15:01:15.947,13115,13117,13117,2,2
2020-11-10 15:01:16.060,13115,13117,13117,1,1
2020-11-10 15:01:16.144,13115,13117,13115,1,-1
2020-11-10 15:01:16.181,13115,13117,13117,1,1
2020-11-10 15:01:16.228,13115,13117,13117,1,1
2020-11-10 15:01:16.244,13115,13117,13115,1,-1
2020-11-10 15:01:16.300,13115,13117,13117,3,3
2020-11-10 15:01:16.300,13115,13117,13118,3,3
2020-11-10 15:01:16.300,13115,13117,13119,3,3
2020-11-10 15:01:16.433,13116,13117,13117,1,1
2020-11-10 15:01:16.448,13116,13118,13118,1,1
2020-11-10 15:01:16.505,13116,13118,13118,2,2
2020-11-10 15:01:16.511,13116,13118,13117,5,-5
2020-11-10 15:01:16.512,13116,13118,13117,1,-1
2020-11-10 15:01:16.654,13117,13118,13118,1,1
2020-11-10 15:01:16.695,13117,13118,13118,2,2
2020-11-10 15:01:16.700,13117,13118,13117,6,-6
2020-11-10 15:01:16.814,13117,13118,13116,1,-1
2020-11-10 15:01:16.814,13117,13118,13115,1,-1
2020-11-10 15:01:16.830,13115,13117,13117,1,1
2020-11-10 15:01:16.851,13115,13117,13117,1,1
2020-11-10 15:01:16.957,13115,13117,13117,1,1
2020-11-10 15:01:17.095,13115,13117,13117,1,1
2020-11-10 15:01:17.195,13115,13117,13117,4,4
2020-11-10 15:01:17.196,13115,13117,13118,1,1
2020-11-10 15:01:17.196,13115,13117,13118,1,1
2020-11-10 15:01:17.196,13115,13117,13118,2,2
2020-11-10 15:01:17.196,13115,13117,13119,2,2
2020-11-10 15:01:17.196,13115,13117,13119,1,1
2020-11-10 15:01:17.197,13115,13117,13119,1,1
2020-11-10 15:01:17.197,13115,13117,13119,1,1
2020-11-10 15:01:17.197,13115,13117,13119,1,1
2020-11-10 15:01:17.197,13115,13117,13119,1,1
2020-11-10 15:01:17.198,13115,13117,13119,3,3
2020-11-10 15:01:17.199,13115,13117,13120,1,1
2020-11-10 15:01:17.199,13115,13117,13120,1,1
2020-11-10 15:01:17.233,13115,13117,13120,1,1
2020-11-10 15:01:17.294,13115,13117,13120,1,1
2020-11-10 15:01:17.429,13119,13120,13119,1,-1
2020-11-10 15:01:17.430,13119,13120,13119,3,-3
2020-11-10 15:01:17.433,13119,13120,13118,2,-2
2020-11-10 15:01:17.449,13117,13119,13119,1,1
2020-11-10 15:01:17.464,13117,13119,13118,1,-1
2020-11-10 15:01:17.492,13117,13119,13118,1,-1
2020-11-10 15:01:17.494,13117,13119,13117,5,-5
2020-11-10 15:01:17.498,13117,13119,13117,1,-1
2020-11-10 15:01:17.511,13117,13119,13116,2,-2
2020-11-10 15:01:17.819,13115,13117,13115,1,-1
2020-11-10 15:01:18.694,13115,13116,13115,1,-1
2020-11-10 15:01:19.113,13114,13115,13115,2,2
2020-11-10 15:01:19.258,13114,13116,13114,2,-2
2020-11-10 15:01:19.915,13113,13115,13115,1,1
2020-11-10 15:01:20.096,13115,13116,13116,2,2
2020-11-10 15:01:20.177,13115,13116,13115,1,-1
2020-11-10 15:01:20.330,13115,13116,13116,1,1
2020-11-10 15:01:20.713,13115,13116,13115,2,-2
2020-11-10 15:01:20.980,13114,13115,13115,1,1
2020-11-10 15:01:20.985,13114,13115,13115,1,1
2020-11-10 15:01:21.044,13114,13115,13116,1,1
2020-11-10 15:01:21.190,13115,13117,13115,1,-1
2020-11-10 15:01:21.262,13115,13117,13115,1,-1
2020-11-10 15:01:21.826,13114,13115,13115,1,1
2020-11-10 15:01:21.936,13114,13115,13115,1,1
2020-11-10 15:01:22.559,13114,13115,13115,1,1
2020-11-10 15:01:22.673,13114,13115,13115,2,2
2020-11-10 15:01:22.819,13115,13116,13115,1,-1
2020-11-10 15:01:22.904,13115,13116,13115,2,-2
2020-11-10 15:01:22.944,13114,13115,13114,2,-2
2020-11-10 15:01:22.994,13114,13115,13115,1,1
2020-11-10 15:01:22.995,13114,13115,13115,1,1
2020-11-10 15:01:23.426,13113,13115,13115,2,2
2020-11-10 15:01:23.634,13113,13115,13115,1,1
2020-11-10 15:01:24.155,13113,13115,13115,1,1
2020-11-10 15:01:24.259,13113,13115,13114,1,-1
2020-11-10 15:01:24.349,13113,13115,13114,2,-2
2020-11-10 15:01:24.746,13114,13115,13114,2,-2
2020-11-10 15:01:24.898,13114,13115,13114,2,-2
2020-11-10 15:01:25.064,13113,13115,13114,1,-1
2020-11-10 15:01:25.465,13113,13114,13113,1,-1
2020-11-10 15:01:25.465,13113,13114,13113,1,-1
2020-11-10 15:01:25.782,13112,13113,13112,2,-2
2020-11-10 15:01:25.981,13112,13113,13113,2,2
2020-11-10 15:01:25.987,13112,13113,13112,1,-1
2020-11-10 15:01:26.453,13111,13113,13113,1,1
2020-11-10 15:01:26.542,13111,13113,13113,1,1
2020-11-10 15:01:26.589,13112,13114,13112,2,-2
2020-11-10 15:01:26.707,13111,13113,13112,3,-3
2020-11-10 15:01:26.944,13111,13113,13113,1,1
2020-11-10 15:01:27.068,13111,13113,13113,1,1
2020-11-10 15:01:27.070,13112,13114,13114,1,1
2020-11-10 15:01:27.070,13112,13114,13114,4,4
2020-11-10 15:01:27.071,13112,13114,13114,1,1
2020-11-10 15:01:27.071,13112,13114,13114,4,4
2020-11-10 15:01:27.071,13112,13114,13114,1,1
2020-11-10 15:01:27.071,13112,13114,13114,1,1
2020-11-10 15:01:27.071,13112,13114,13114,1,1
2020-11-10 15:01:27.072,13112,13114,13114,1,1
2020-11-10 15:01:27.072,13112,13114,13115,1,1
2020-11-10 15:01:27.072,13112,13114,13115,1,1
2020-11-10 15:01:27.072,13112,13114,13115,1,1
2020-11-10 15:01:27.072,13112,13114,13115,1,1
2020-11-10 15:01:27.072,13112,13114,13115,1,1
2020-11-10 15:01:27.072,13112,13114,13115,1,1
2020-11-10 15:01:27.073,13112,13114,13115,1,1
2020-11-10 15:01:27.468,13114,13115,13114,1,-1
2020-11-10 15:01:27.807,13112,13114,13112,2,-2
2020-11-10 15:01:27.864,13112,13114,13114,4,4
2020-11-10 15:01:28.014,13112,13114,13113,1,-1
2020-11-10 15:01:28.065,13112,13114,13113,1,-1
2020-11-10 15:01:28.294,13111,13113,13111,2,-2
2020-11-10 15:01:28.953,13112,13113,13113,1,1
2020-11-10 15:01:29.628,13111,13113,13111,2,-2
2020-11-10 15:01:30.063,13112,13113,13112,1,1
2020-11-10 15:01:30.705,13112,13113,13112,2,-2
2020-11-10 15:01:32.147,13112,13113,13113,1,1
2020-11-10 15:01:32.894,13112,13113,13112,10,-10
2020-11-10 15:01:33.130,13111,13113,13111,1,-1
2020-11-10 15:01:33.309,13111,13113,13111,1,-1
2020-11-10 15:01:33.852,13111,13112,13111,2,-2
2020-11-10 15:01:34.154,13111,13112,13112,2,2
2020-11-10 15:01:34.569,13111,13113,13113,2,2
2020-11-10 15:01:35.259,13111,13113,13113,1,1
2020-11-10 15:01:36.061,13111,13112,13111,10,-10
2020-11-10 15:01:36.073,13111,13112,13111,4,-4
2020-11-10 15:01:36.075,13111,13112,13111,1,-1
2020-11-10 15:01:36.118,13111,13112,13110,2,-2
2020-11-10 15:01:36.718,13111,13112,13112,1,1
2020-11-10 15:01:36.890,13111,13112,13112,1,1
2020-11-10 15:01:37.538,13111,13112,13112,1,1
2020-11-10 15:01:37.538,13111,13112,13113,4,4
2020-11-10 15:01:37.571,13112,13113,13113,1,1
2020-11-10 15:01:37.571,13112,13113,13113,1,1
2020-11-10 15:01:37.571,13112,13113,13114,1,1
2020-11-10 15:01:37.573,13112,13113,13114,1,1
2020-11-10 15:01:37.574,13112,13113,13114,1,1
2020-11-10 15:01:37.648,13112,13113,13112,2,-2
2020-11-10 15:01:38.281,13112,13113,13113,1,1
2020-11-10 15:01:38.617,13112,13113,13112,1,-1
2020-11-10 15:01:38.685,13112,13113,13113,1,1
2020-11-10 15:01:38.775,13112,13113,13113,1,1
2020-11-10 15:01:40.175,13112,13113,13112,1,-1
2020-11-10 15:01:40.646,13112,13114,13114,4,4
2020-11-10 15:01:41.135,13112,13114,13112,1,-1
2020-11-10 15:01:42.133,13112,13113,13113,1,1
2020-11-10 15:01:42.346,13112,13114,13114,2,2
2020-11-10 15:01:42.841,13112,13114,13114,2,2
2020-11-10 15:01:43.416,13112,13113,13113,1,1
2020-11-10 15:01:44.088,13112,13114,13112,3,-3
2020-11-10 15:01:44.805,13112,13113,13112,1,-1
2020-11-10 15:01:45.798,13113,13114,13113,2,2
2020-11-10 15:01:45.963,13113,13114,13114,13,13
2020-11-10 15:01:45.963,13113,13114,13114,4,4
2020-11-10 15:01:45.963,13113,13114,13114,1,1
2020-11-10 15:01:46.808,13114,13115,13115,1,1
2020-11-10 15:01:46.810,13114,13115,13115,10,10
2020-11-10 15:01:46.810,13114,13115,13115,1,1
2020-11-10 15:01:46.810,13114,13115,13115,2,2
2020-11-10 15:01:46.810,13114,13115,13115,2,2
2020-11-10 15:01:47.946,13114,13115,13114,2,-2
2020-11-10 15:01:48.070,13113,13115,13115,1,1
2020-11-10 15:01:48.071,13113,13115,13115,1,1
2020-11-10 15:01:48.073,13113,13115,13115,1,1
2020-11-10 15:01:48.921,13114,13115,13115,1,1
2020-11-10 15:01:49.082,13114,13115,13114,1,-1
2020-11-10 15:01:50.054,13113,13114,13113,1,-1
2020-11-10 15:01:51.020,13113,13114,13113,2,-2
2020-11-10 15:01:51.503,13113,13114,13114,1,1
2020-11-10 15:01:51.727,13113,13114,13114,1,1
2020-11-10 15:01:52.172,13113,13115,13114,1,-1
2020-11-10 15:01:52.376,13113,13115,13115,6,6
2020-11-10 15:01:52.444,13113,13115,13115,2,2
2020-11-10 15:01:52.942,13113,13114,13114,1,1
2020-11-10 15:01:52.942,13113,13114,13115,3,3
2020-11-10 15:01:53.850,13114,13115,13114,2,-2
2020-11-10 15:01:55.666,13114,13115,13114,1,-1
2020-11-10 15:01:55.926,13114,13115,13115,4,4
2020-11-10 15:01:55.927,13114,13115,13115,2,2
2020-11-10 15:01:56.398,13114,13116,13114,1,-1
2020-11-10 15:01:57.914,13114,13115,13115,1,1
2020-11-10 15:01:57.914,13114,13115,13116,1,1
2020-11-10 15:01:58.801,13115,13116,13115,1,-1
2020-11-10 15:01:58.867,13114,13115,13115,1,1
2020-11-10 15:01:59.995,13114,13115,13114,1,-1
2020-11-10 15:02:00.429,13114,13115,13115,2,2
2020-11-10 15:02:00.429,13114,13115,13115,4,4
2020-11-10 15:02:00.429,13114,13115,13116,9,9
2020-11-10 15:02:00.451,13115,13116,13116,1,1
2020-11-10 15:02:00.493,13115,13116,13116,10,10
2020-11-10 15:02:00.493,13115,13116,13116,2,2
2020-11-10 15:02:00.493,13115,13116,13116,2,2
2020-11-10 15:02:01.194,13116,13117,13117,3,3
2020-11-10 15:02:01.195,13116,13117,13117,2,2
2020-11-10 15:02:01.368,13117,13118,13117,1,-1
2020-11-10 15:02:01.463,13117,13118,13117,1,-1
2020-11-10 15:02:03.536,13117,13118,13118,2,2
2020-11-10 15:02:03.718,13117,13118,13117,1,-1
2020-11-10 15:02:04.267,13117,13118,13117,4,-4
2020-11-10 15:02:04.284,13117,13118,13117,1,-1
2020-11-10 15:02:04.411,13116,13117,13117,1,1
2020-11-10 15:02:04.457,13116,13117,13117,2,2
2020-11-10 15:02:05.395,13116,13117,13117,1,1
2020-11-10 15:02:05.554,13116,13117,13117,2,2
2020-11-10 15:02:05.555,13116,13117,13117,1,1
2020-11-10 15:02:05.941,13117,13118,13117,1,-1
2020-11-10 15:02:05.985,13117,13118,13117,1,-1
2020-11-10 15:02:06.224,13116,13117,13117,1,1
2020-11-10 15:02:06.855,13116,13117,13117,2,2
2020-11-10 15:02:08.805,13116,13117,13116,2,-2
2020-11-10 15:02:08.820,13115,13117,13117,1,1
2020-11-10 15:02:08.821,13115,13117,13116,1,-1
2020-11-10 15:02:08.821,13115,13117,13116,1,-1
2020-11-10 15:02:08.821,13115,13117,13116,1,-1
2020-11-10 15:02:08.822,13115,13117,13117,1,1
2020-11-10 15:02:08.822,13115,13117,13117,1,1
2020-11-10 15:02:08.822,13115,13117,13117,1,1
2020-11-10 15:02:08.823,13115,13117,13117,1,1
2020-11-10 15:02:08.823,13115,13117,13118,1,1
2020-11-10 15:02:09.221,13115,13117,13117,1,1
2020-11-10 15:02:09.637,13115,13117,13117,1,1
2020-11-10 15:02:11.357,13115,13116,13116,2,2
2020-11-10 15:02:11.357,13115,13116,13117,4,4
2020-11-10 15:02:11.444,13115,13116,13116,2,2
2020-11-10 15:02:12.019,13115,13116,13116,1,1
2020-11-10 15:02:14.034,13115,13116,13115,1,-1
2020-11-10 15:02:14.069,13115,13116,13115,6,-6
2020-11-10 15:02:15.781,13114,13116,13116,2,2
2020-11-10 15:02:16.351,13115,13116,13115,1,-1
2020-11-10 15:02:19.172,13114,13115,13115,1,1
2020-11-10 15:02:19.185,13114,13115,13116,2,2
2020-11-10 15:02:19.196,13115,13116,13116,1,1
2020-11-10 15:02:20.150,13115,13117,13117,1,1
2020-11-10 15:02:20.719,13115,13117,13117,1,1
2020-11-10 15:02:23.392,13115,13116,13115,4,-4
2020-11-10 15:02:23.931,13114,13115,13115,1,1
2020-11-10 15:02:24.499,13114,13115,13114,1,-1
2020-11-10 15:02:24.530,13114,13115,13115,1,1
2020-11-10 15:02:24.709,13115,13116,13115,1,-1
2020-11-10 15:02:24.819,13115,13116,13115,1,-1
2020-11-10 15:02:26.146,13114,13116,13116,3,3
2020-11-10 15:02:27.419,13114,13116,13115,1,-1
2020-11-10 15:02:27.445,13114,13116,13116,1,1
2020-11-10 15:02:27.446,13114,13116,13116,1,1
2020-11-10 15:02:28.118,13114,13115,13115,1,1
2020-11-10 15:02:30.206,13115,13116,13115,1,-1
2020-11-10 15:02:30.698,13114,13115,13114,3,-3
2020-11-10 15:02:31.331,13114,13115,13115,1,1
2020-11-10 15:02:31.528,13114,13115,13115,3,3
2020-11-10 15:02:32.914,13114,13115,13115,3,3
2020-11-10 15:02:32.915,13114,13115,13115,2,2
2020-11-10 15:02:33.299,13114,13115,13114,17,-17
2020-11-10 15:02:33.393,13113,13114,13114,1,1
2020-11-10 15:02:34.879,13113,13115,13114,1,-1
2020-11-10 15:02:35.479,13113,13114,13114,1,1
2020-11-10 15:02:36.818,13114,13115,13114,1,-1
2020-11-10 15:02:37.005,13114,13115,13114,1,-1
2020-11-10 15:02:37.828,13113,13114,13114,1,1
2020-11-10 15:02:38.639,13113,13114,13114,1,1
2020-11-10 15:02:41.485,13113,13114,13114,1,1
2020-11-10 15:02:41.485,13113,13114,13115,2,2
2020-11-10 15:02:41.831,13114,13115,13114,1,-1
2020-11-10 15:02:42.157,13114,13115,13114,1,-1
2020-11-10 15:02:42.356,13113,13114,13114,1,1
2020-11-10 15:02:44.005,13113,13114,13114,1,1
2020-11-10 15:02:46.499,13113,13114,13113,1,-1
2020-11-10 15:02:46.822,13113,13114,13113,1,-1
2020-11-10 15:02:46.830,13113,13114,13113,24,-24
2020-11-10 15:02:46.944,13112,13113,13112,10,-10
2020-11-10 15:02:47.050,13112,13113,13111,1,-1
2020-11-10 15:02:47.336,13111,13113,13111,1,-1
2020-11-10 15:02:47.470,13111,13113,13113,1,1
2020-11-10 15:02:47.891,13111,13113,13113,1,1
2020-11-10 15:02:48.164,13111,13113,13113,1,1
2020-11-10 15:02:48.168,13111,13113,13113,1,1
2020-11-10 15:02:48.689,13112,13113,13113,1,1
2020-11-10 15:02:48.837,13112,13113,13112,2,-2
2020-11-10 15:02:49.205,13111,13113,13111,3,-3
2020-11-10 15:02:49.633,13111,13113,13111,1,-1
2020-11-10 15:02:50.285,13111,13113,13111,1,-1
2020-11-10 15:02:51.031,13111,13113,13111,1,-1
2020-11-10 15:02:54.215,13111,13113,13111,2,-2
2020-11-10 15:02:54.524,13111,13113,13111,2,-2
2020-11-10 15:02:54.685,13111,13113,13111,3,-3
2020-11-10 15:02:57.082,13111,13112,13111,1,-1
2020-11-10 15:02:57.703,13111,13112,13111,1,-1
2020-11-10 15:02:57.960,13111,13112,13111,2,-2
2020-11-10 15:02:57.960,13111,13112,13110,4,-4
2020-11-10 15:02:58.107,13110,13111,13110,2,-2
2020-11-10 15:02:58.516,13110,13111,13110,1,-1
2020-11-10 15:02:58.620,13110,13111,13111,1,1
2020-11-10 15:03:00.590,13110,13111,13111,5,5
2020-11-10 15:03:01.086,13111,13112,13111,1,-1
2020-11-10 15:03:01.196,13111,13112,13112,1,1
2020-11-10 15:03:01.197,13111,13112,13112,1,1
2020-11-10 15:03:01.464,13111,13112,13112,1,1
2020-11-10 15:03:01.554,13111,13112,13112,1,1
2020-11-10 15:03:01.798,13111,13112,13112,1,1
2020-11-10 15:03:02.741,13112,13113,13112,1,-1
2020-11-10 15:03:04.374,13111,13112,13111,3,-3
2020-11-10 15:03:06.210,13111,13112,13112,1,1
2020-11-10 15:03:06.958,13111,13112,13111,2,-2
2020-11-10 15:03:09.408,13111,13112,13112,1,1
2020-11-10 15:03:11.866,13111,13112,13111,7,-7
2020-11-10 15:03:14.522,13110,13111,13111,1,1
2020-11-10 15:03:14.555,13110,13111,13110,2,-2
2020-11-10 15:03:14.773,13110,13111,13111,1,1
2020-11-10 15:03:14.918,13110,13111,13110,1,-1
2020-11-10 15:03:15.941,13110,13111,13110,1,-1
2020-11-10 15:03:16.700,13110,13111,13110,1,-1
2020-11-10 15:03:17.955,13110,13111,13111,1,1
2020-11-10 15:03:18.898,13110,13111,13110,2,-2
2020-11-10 15:03:19.496,13110,13111,13111,1,1
2020-11-10 15:03:19.834,13110,13111,13111,1,1
2020-11-10 15:03:20.043,13110,13111,13111,3,3
2020-11-10 15:03:20.191,13110,13112,13110,1,-1
2020-11-10 15:03:20.417,13111,13112,13111,1,1
2020-11-10 15:03:20.417,13111,13112,13110,1,-1
2020-11-10 15:03:21.254,13110,13112,13111,1,1
2020-11-10 15:03:21.254,13110,13112,13110,1,-1
2020-11-10 15:03:21.636,13110,13112,13110,3,-3
2020-11-10 15:03:21.978,13110,13111,13111,1,1
2020-11-10 15:03:21.985,13110,13111,13111,2,2
2020-11-10 15:03:22.337,13111,13112,13111,1,-1
2020-11-10 15:03:22.746,13111,13112,13112,1,1
2020-11-10 15:03:22.746,13111,13112,13112,1,1
2020-11-10 15:03:22.746,13111,13112,13112,3,3
2020-11-10 15:03:22.769,13111,13112,13112,1,1
2020-11-10 15:03:25.960,13112,13113,13113,1,1
2020-11-10 15:03:25.960,13112,13113,13113,1,1
2020-11-10 15:03:26.794,13113,13114,13114,1,1
2020-11-10 15:03:27.440,13113,13114,13114,1,1
2020-11-10 15:03:27.601,13113,13114,13114,1,1
2020-11-10 15:03:27.739,13113,13114,13114,4,4
2020-11-10 15:03:27.739,13113,13114,13114,1,1
2020-11-10 15:03:27.764,13113,13114,13114,2,2
2020-11-10 15:03:27.767,13113,13114,13114,1,1
2020-11-10 15:03:30.806,13114,13115,13114,1,-1
2020-11-10 15:03:31.711,13114,13115,13114,2,-2
2020-11-10 15:03:31.771,13114,13115,13115,1,1
2020-11-10 15:03:33.104,13114,13115,13114,1,-1
2020-11-10 15:03:33.376,13114,13115,13115,13,13
2020-11-10 15:03:33.377,13114,13115,13115,1,1
2020-11-10 15:03:33.451,13115,13116,13116,2,2
2020-11-10 15:03:33.497,13115,13116,13115,2,-2
2020-11-10 15:03:34.013,13115,13117,13117,1,1
2020-11-10 15:03:34.322,13115,13117,13115,5,-5
2020-11-10 15:03:35.266,13115,13117,13115,2,-2
2020-11-10 15:03:35.455,13115,13116,13115,2,-2
2020-11-10 15:03:35.610,13115,13116,13116,1,1
2020-11-10 15:03:35.935,13115,13116,13115,3,-3
2020-11-10 15:03:35.935,13115,13116,13115,3,-3
2020-11-10 15:03:35.935,13115,13116,13115,1,-1
2020-11-10 15:03:35.989,13114,13116,13114,1,-1
2020-11-10 15:03:37.316,13115,13116,13115,1,1
2020-11-10 15:03:37.838,13114,13116,13116,1,1
2020-11-10 15:03:40.728,13115,13116,13116,1,1
2020-11-10 15:03:40.820,13115,13116,13116,1,1
2020-11-10 15:03:40.821,13115,13116,13116,1,1
2020-11-10 15:03:41.111,13115,13116,13116,1,1
2020-11-10 15:03:41.792,13115,13116,13116,1,1
2020-11-10 15:03:43.449,13115,13116,13115,1,-1
2020-11-10 15:03:44.041,13115,13116,13115,2,-2
2020-11-10 15:03:44.778,13114,13115,13115,1,1
2020-11-10 15:03:45.573,13114,13115,13115,1,1
2020-11-10 15:03:45.575,13114,13115,13115,1,1
2020-11-10 15:03:45.775,13114,13115,13115,1,1
2020-11-10 15:03:45.838,13114,13115,13115,1,1
2020-11-10 15:03:47.888,13114,13115,13114,2,-2
2020-11-10 15:03:47.888,13114,13115,13114,1,-1
2020-11-10 15:03:47.888,13114,13115,13114,1,-1
2020-11-10 15:03:47.889,13114,13115,13114,11,-11
2020-11-10 15:03:47.889,13114,13115,13114,2,-2
2020-11-10 15:03:47.889,13114,13115,13114,4,-4
2020-11-10 15:03:47.889,13114,13115,13114,6,-6
2020-11-10 15:03:48.424,13113,13114,13114,1,1
2020-11-10 15:03:51.907,13113,13114,13114,1,1
2020-11-10 15:03:53.446,13114,13115,13115,1,1
2020-11-10 15:03:54.131,13114,13115,13114,1,-1
2020-11-10 15:03:56.791,13113,13114,13114,1,1
2020-11-10 15:04:00.645,13114,13115,13114,1,-1
2020-11-10 15:04:01.043,13114,13115,13115,1,1
2020-11-10 15:04:01.997,13114,13115,13115,1,1
2020-11-10 15:04:04.189,13114,13115,13115,3,3
2020-11-10 15:04:08.512,13114,13115,13115,1,1
2020-11-10 15:04:11.034,13114,13115,13115,1,1
2020-11-10 15:04:11.137,13114,13115,13114,1,-1
2020-11-10 15:04:11.995,13114,13115,13114,1,-1
2020-11-10 15:04:13.745,13114,13115,13114,1,-1
2020-11-10 15:04:13.958,13114,13115,13115,2,2
2020-11-10 15:04:14.860,13114,13115,13114,1,-1
2020-11-10 15:04:15.244,13114,13115,13114,1,-1
2020-11-10 15:04:15.977,13114,13115,13115,4,4
2020-11-10 15:04:18.753,13114,13115,13115,1,1
2020-11-10 15:04:19.990,13114,13115,13114,1,-1
2020-11-10 15:04:20.120,13114,13115,13115,10,10
2020-11-10 15:04:20.635,13114,13115,13115,1,1
2020-11-10 15:04:24.187,13114,13115,13114,8,-8
2020-11-10 15:04:24.187,13114,13115,13113,1,-1
2020-11-10 15:04:24.188,13114,13115,13114,1,1
2020-11-10 15:04:24.430,13113,13115,13115,1,1
2020-11-10 15:04:26.892,13113,13115,13115,5,5
2020-11-10 15:04:32.778,13114,13115,13114,3,-3
2020-11-10 15:04:34.738,13113,13114,13114,2,2
2020-11-10 15:04:36.446,13113,13114,13113,1,-1
2020-11-10 15:04:37.569,13113,13114,13113,2,-2
2020-11-10 15:04:38.245,13113,13114,13114,1,1
2020-11-10 15:04:44.134,13113,13114,13113,1,-1
2020-11-10 15:04:44.134,13113,13114,13113,1,-1
2020-11-10 15:04:44.787,13112,13113,13113,3,3
2020-11-10 15:04:45.138,13112,13113,13113,1,1
2020-11-10 15:04:45.617,13112,13113,13112,1,-1
2020-11-10 15:04:45.656,13112,13113,13113,1,1
2020-11-10 15:04:51.189,13112,13113,13113,5,5
2020-11-10 15:04:51.193,13112,13113,13112,9,-9
2020-11-10 15:04:53.143,13111,13112,13112,1,1
2020-11-10 15:04:57.626,13111,13112,13111,1,-1
2020-11-10 15:04:59.180,13111,13112,13111,7,-7
2020-11-10 15:04:59.180,13111,13112,13110,30,-30
2020-11-10 15:04:59.194,13110,13111,13110,6,-6
2020-11-10 15:04:59.305,13110,13111,13109,3,-3
2020-11-10 15:04:59.421,13109,13111,13109,1,-1
2020-11-10 15:04:59.578,13109,13111,13109,1,-1
2020-11-10 15:05:00.019,13109,13111,13111,1,1
2020-11-10 15:05:00.426,13110,13111,13111,1,1
2020-11-10 15:05:00.743,13110,13112,13112,2,2
2020-11-10 15:05:07.468,13110,13111,13111,1,1
2020-11-10 15:05:08.532,13110,13111,13110,1,-1
2020-11-10 15:05:10.783,13110,13111,13110,1,-1
2020-11-10 15:05:11.676,13110,13111,13110,1,-1
2020-11-10 15:05:12.266,13110,13111,13110,2,-2
2020-11-10 15:05:12.266,13110,13111,13110,2,-2
2020-11-10 15:05:14.249,13109,13110,13110,4,4
2020-11-10 15:05:15.592,13109,13110,13110,2,2
2020-11-10 15:05:15.595,13109,13110,13110,5,5
2020-11-10 15:05:15.683,13109,13110,13110,1,1
2020-11-10 15:05:16.196,13110,13111,13110,1,-1
2020-11-10 15:05:16.413,13110,13111,13110,1,-1
2020-11-10 15:05:16.679,13109,13110,13110,2,2
2020-11-10 15:05:16.937,13109,13110,13109,2,-2
2020-11-10 15:05:21.801,13109,13110,13110,1,1
2020-11-10 15:05:23.427,13109,13110,13109,1,-1
2020-11-10 15:05:24.334,13109,13110,13109,1,-1
2020-11-10 15:05:24.944,13109,13110,13109,2,-2
2020-11-10 15:05:25.087,13109,13110,13109,11,-11
2020-11-10 15:05:28.012,13108,13110,13108,13,-13
2020-11-10 15:05:28.013,13108,13110,13108,1,-1
2020-11-10 15:05:28.013,13108,13110,13108,2,-2
2020-11-10 15:05:28.823,13107,13109,13109,1,1
2020-11-10 15:05:30.240,13107,13109,13107,5,-5
2020-11-10 15:05:30.375,13107,13108,13107,1,-1
2020-11-10 15:05:30.377,13107,13108,13107,3,-3
2020-11-10 15:05:31.006,13107,13109,13107,1,-1
2020-11-10 15:05:40.228,13108,13110,13108,1,1
2020-11-10 15:05:40.449,13108,13110,13108,1,-1
2020-11-10 15:05:40.478,13108,13110,13108,1,-1
2020-11-10 15:05:40.667,13108,13109,13108,1,-1
2020-11-10 15:05:40.898,13108,13109,13108,1,-1
2020-11-10 15:05:41.422,13108,13109,13108,1,-1
2020-11-10 15:05:43.493,13108,13109,13108,1,-1
2020-11-10 15:05:48.304,13108,13109,13108,1,-1
2020-11-10 15:05:51.383,13108,13109,13108,1,-1
2020-11-10 15:05:56.921,13108,13109,13108,1,-1
2020-11-10 15:05:58.502,13108,13109,13108,1,-1
2020-11-10 15:06:00.042,13108,13109,13109,1,1
2020-11-10 15:06:00.051,13108,13109,13109,2,2
2020-11-10 15:06:00.054,13108,13109,13109,2,2
2020-11-10 15:06:00.100,13108,13109,13109,1,1
2020-11-10 15:06:00.102,13108,13109,13109,1,1
2020-11-10 15:06:00.102,13108,13109,13109,1,1
2020-11-10 15:06:00.103,13108,13109,13109,4,4
2020-11-10 15:06:00.103,13108,13109,13109,4,4
2020-11-10 15:06:00.103,13108,13109,13109,2,2
2020-11-10 15:06:00.110,13108,13109,13110,1,1
2020-11-10 15:06:00.133,13108,13109,13110,1,1
2020-11-10 15:06:00.139,13108,13109,13110,1,1
2020-11-10 15:06:00.140,13108,13109,13110,1,1
2020-11-10 15:06:00.160,13108,13109,13110,1,1
2020-11-10 15:06:00.162,13108,13109,13110,1,1
2020-11-10 15:06:00.751,13109,13110,13109,1,-1
2020-11-10 15:06:05.854,13109,13110,13110,4,4
2020-11-10 15:06:05.855,13109,13110,13110,13,13
2020-11-10 15:06:05.952,13110,13111,13111,5,5
2020-11-10 15:06:05.952,13110,13111,13111,2,2
2020-11-10 15:06:05.952,13110,13111,13111,1,1
2020-11-10 15:06:05.959,13110,13111,13111,1,1
2020-11-10 15:06:06.147,13110,13112,13110,1,-1
2020-11-10 15:06:06.148,13110,13112,13110,1,-1
2020-11-10 15:06:06.149,13110,13112,13110,1,-1
2020-11-10 15:06:06.326,13109,13111,13111,1,1
2020-11-10 15:06:06.507,13109,13111,13111,5,5
2020-11-10 15:06:06.507,13109,13111,13112,1,1
2020-11-10 15:06:06.876,13111,13112,13111,4,-4
2020-11-10 15:06:06.876,13111,13112,13110,6,-6
2020-11-10 15:06:06.876,13111,13112,13110,1,-1
2020-11-10 15:06:06.877,13111,13112,13110,16,-16
2020-11-10 15:06:06.877,13111,13112,13110,1,-1
2020-11-10 15:06:09.656,13109,13111,13109,1,-1
2020-11-10 15:06:10.310,13109,13110,13110,1,1
2020-11-10 15:06:11.279,13110,13111,13110,1,-1
2020-11-10 15:06:12.090,13109,13110,13110,1,1
2020-11-10 15:06:15.281,13109,13110,13110,1,1
2020-11-10 15:06:19.557,13110,13111,13111,1,1
2020-11-10 15:06:20.215,13110,13111,13110,1,-1
2020-11-10 15:06:20.373,13110,13111,13110,1,-1
2020-11-10 15:06:21.619,13109,13110,13110,2,2
2020-11-10 15:06:22.636,13109,13110,13109,2,-2
2020-11-10 15:06:25.892,13109,13110,13110,1,1
2020-11-10 15:06:30.942,13109,13110,13109,2,-2
2020-11-10 15:06:30.942,13109,13110,13109,5,-5
2020-11-10 15:06:30.942,13109,13110,13109,4,-4
2020-11-10 15:06:30.942,13109,13110,13109,2,-2
2020-11-10 15:06:31.792,13108,13109,13109,1,1
2020-11-10 15:06:31.820,13108,13109,13109,1,1
2020-11-10 15:06:31.821,13108,13109,13109,1,1
2020-11-10 15:06:45.916,13108,13109,13108,1,-1
2020-11-10 15:06:45.916,13108,13109,13108,9,-9
2020-11-10 15:06:49.157,13107,13108,13108,1,1
2020-11-10 15:06:56.557,13107,13108,13107,1,-1
2020-11-10 15:06:57.778,13107,13108,13107,3,-3
2020-11-10 15:07:02.708,13107,13108,13107,2,-2
2020-11-10 15:07:03.116,13107,13108,13107,2,-2
2020-11-10 15:07:03.165,13107,13108,13107,4,-4
2020-11-10 15:07:03.567,13107,13108,13107,1,-1
2020-11-10 15:07:04.147,13107,13108,13108,2,2
2020-11-10 15:07:05.839,13107,13108,13107,3,-3
2020-11-10 15:07:06.557,13107,13108,13108,1,1
2020-11-10 15:07:06.557,13107,13108,13108,1,1
2020-11-10 15:07:08.384,13108,13109,13109,2,2
2020-11-10 15:07:08.384,13108,13109,13109,1,1
2020-11-10 15:07:08.385,13108,13109,13109,4,4
2020-11-10 15:07:08.385,13108,13109,13109,1,1
2020-11-10 15:07:12.290,13109,13110,13109,1,-1
2020-11-10 15:07:12.290,13109,13110,13108,1,-1
2020-11-10 15:07:13.596,13109,13110,13110,2,2
2020-11-10 15:07:13.597,13109,13110,13110,1,1
2020-11-10 15:07:16.307,13110,13111,13110,1,-1
2020-11-10 15:07:18.603,13110,13111,13111,1,1
2020-11-10 15:07:18.719,13110,13111,13111,9,9
2020-11-10 15:07:19.048,13110,13112,13112,1,1
2020-11-10 15:07:20.833,13111,13112,13111,5,-5
2020-11-10 15:07:21.792,13110,13111,13111,2,2
2020-11-10 15:07:21.792,13110,13111,13112,1,1
2020-11-10 15:07:25.131,13111,13112,13111,1,-1
2020-11-10 15:07:25.674,13110,13112,13111,1,-1
2020-11-10 15:07:26.402,13111,13112,13111,1,-1
2020-11-10 15:07:34.723,13111,13112,13112,1,1
2020-11-10 15:07:35.159,13111,13112,13112,4,4
2020-11-10 15:07:35.159,13111,13112,13112,2,2
2020-11-10 15:07:35.373,13112,13113,13112,1,-1
2020-11-10 15:07:38.051,13111,13112,13112,1,1
2020-11-10 15:07:38.507,13111,13112,13112,2,2
2020-11-10 15:07:40.021,13112,13113,13113,1,1
2020-11-10 15:07:40.085,13112,13113,13113,1,1
2020-11-10 15:07:41.755,13111,13112,13112,1,1
2020-11-10 15:07:45.205,13111,13112,13112,1,1
2020-11-10 15:07:46.008,13112,13113,13113,1,1
2020-11-10 15:07:46.711,13112,13113,13112,2,-2
2020-11-10 15:07:53.199,13111,13112,13112,1,1
2020-11-10 15:07:53.298,13111,13112,13112,2,2
2020-11-10 15:07:53.298,13111,13112,13113,2,2
2020-11-10 15:07:59.096,13112,13113,13112,1,-1
2020-11-10 15:08:01.170,13111,13112,13112,1,1
2020-11-10 15:08:01.206,13111,13112,13113,1,1
2020-11-10 15:08:01.700,13111,13112,13112,1,1
2020-11-10 15:08:04.962,13111,13112,13112,1,1
2020-11-10 15:08:05.072,13111,13112,13112,1,1
2020-11-10 15:08:05.774,13111,13112,13112,1,1
2020-11-10 15:08:07.733,13111,13112,13111,1,-1
2020-11-10 15:08:07.733,13111,13112,13111,4,-4
2020-11-10 15:08:07.733,13111,13112,13111,1,-1
2020-11-10 15:08:07.797,13111,13112,13111,1,-1
2020-11-10 15:08:09.549,13110,13111,13111,1,1
2020-11-10 15:08:09.571,13110,13111,13111,1,1
2020-11-10 15:08:09.571,13110,13111,13111,1,1
2020-11-10 15:08:10.879,13111,13112,13112,1,1
2020-11-10 15:08:13.660,13111,13112,13111,3,-3
2020-11-10 15:08:15.022,13111,13112,13111,1,-1
2020-11-10 15:08:18.239,13110,13111,13111,1,1
2020-11-10 15:08:20.960,13110,13111,13111,8,8
2020-11-10 15:08:21.070,13111,13112,13112,1,1
2020-11-10 15:08:21.070,13111,13112,13112,1,1
2020-11-10 15:08:21.071,13111,13112,13112,1,1
2020-11-10 15:08:21.071,13111,13112,13112,1,1
2020-11-10 15:08:21.071,13111,13112,13112,1,1
2020-11-10 15:08:21.071,13111,13112,13112,1,1
2020-11-10 15:08:21.072,13111,13112,13112,1,1
2020-11-10 15:08:21.072,13111,13112,13112,1,1
2020-11-10 15:08:21.072,13111,13112,13113,1,1
2020-11-10 15:08:21.072,13111,13112,13113,1,1
2020-11-10 15:08:21.072,13111,13112,13113,1,1
2020-11-10 15:08:21.072,13111,13112,13113,1,1
2020-11-10 15:08:21.073,13111,13112,13113,1,1
2020-11-10 15:08:23.804,13112,13113,13112,1,-1
2020-11-10 15:08:25.760,13111,13112,13111,1,-1
2020-11-10 15:08:32.996,13111,13112,13112,1,1
2020-11-10 15:08:38.652,13112,13113,13112,2,-2
2020-11-10 15:08:41.610,13112,13113,13113,7,7
2020-11-10 15:08:41.696,13112,13114,13114,1,1
2020-11-10 15:08:42.607,13113,13114,13114,2,2
2020-11-10 15:08:42.607,13113,13114,13114,4,4
2020-11-10 15:08:42.950,13114,13115,13114,1,-1
2020-11-10 15:08:44.074,13114,13115,13114,1,-1
2020-11-10 15:08:45.634,13114,13115,13115,4,4
2020-11-10 15:08:45.634,13114,13115,13115,8,8
2020-11-10 15:08:45.737,13114,13116,13116,1,1
2020-11-10 15:08:45.850,13114,13116,13116,4,4
2020-11-10 15:08:46.531,13114,13116,13114,1,-1
2020-11-10 15:08:46.979,13115,13116,13115,1,1
2020-11-10 15:08:47.007,13115,13116,13115,1,-1
2020-11-10 15:08:47.070,13114,13115,13115,1,1
2020-11-10 15:08:47.071,13114,13115,13116,1,1
2020-11-10 15:08:47.710,13114,13116,13114,5,-5
2020-11-10 15:08:49.876,13114,13115,13114,2,-2
2020-11-10 15:08:52.775,13113,13115,13115,1,1
2020-11-10 15:08:53.793,13114,13115,13115,1,1
2020-11-10 15:08:54.130,13114,13116,13116,1,1
2020-11-10 15:08:56.745,13115,13116,13115,1,-1
2020-11-10 15:08:59.529,13115,13116,13115,1,-1
2020-11-10 15:09:02.769,13115,13116,13115,1,-1
2020-11-10 15:09:02.789,13115,13116,13116,1,1
2020-11-10 15:09:03.039,13115,13116,13116,1,1
2020-11-10 15:09:03.433,13115,13116,13116,1,1
2020-11-10 15:09:04.494,13115,13116,13115,1,-1
2020-11-10 15:09:04.890,13115,13116,13115,1,-1
2020-11-10 15:09:05.362,13114,13116,13116,1,1
2020-11-10 15:09:06.389,13114,13115,13114,5,-5
2020-11-10 15:09:06.415,13114,13115,13115,1,1
2020-11-10 15:09:06.773,13113,13115,13115,1,1
2020-11-10 15:09:07.595,13113,13115,13115,1,1
2020-11-10 15:09:08.144,13113,13115,13115,1,1
2020-11-10 15:09:09.795,13113,13115,13115,1,1
2020-11-10 15:09:10.739,13113,13115,13115,1,1
2020-11-10 15:09:11.124,13114,13115,13115,1,1
2020-11-10 15:09:13.657,13114,13115,13115,1,1
2020-11-10 15:09:15.432,13114,13115,13115,1,1
2020-11-10 15:09:22.757,13114,13115,13115,1,1
2020-11-10 15:09:22.789,13114,13115,13114,2,-2
2020-11-10 15:09:22.872,13114,13115,13115,1,1
2020-11-10 15:09:23.138,13114,13115,13115,1,1
2020-11-10 15:09:27.580,13115,13116,13115,4,-4
2020-11-10 15:09:27.582,13115,13116,13115,3,-3
2020-11-10 15:09:31.539,13113,13115,13115,1,1
2020-11-10 15:09:37.267,13114,13115,13114,1,-1
2020-11-10 15:09:37.267,13114,13115,13114,1,-1
2020-11-10 15:09:37.268,13114,13115,13114,1,-1
2020-11-10 15:09:39.125,13113,13114,13114,1,1
2020-11-10 15:09:40.969,13113,13114,13113,5,-5
2020-11-10 15:09:42.134,13112,13114,13114,1,1
2020-11-10 15:09:48.516,13112,13113,13112,1,-1
2020-11-10 15:09:48.583,13112,13113,13112,1,-1
2020-11-10 15:09:54.829,13112,13113,13112,1,-1
2020-11-10 15:09:55.432,13112,13113,13112,1,-1
2020-11-10 15:10:00.233,13112,13113,13113,1,1
2020-11-10 15:10:00.233,13112,13113,13113,1,1
2020-11-10 15:10:00.233,13112,13113,13113,1,1
2020-11-10 15:10:00.234,13112,13113,13113,4,4
2020-11-10 15:10:00.234,13112,13113,13113,1,1
2020-11-10 15:10:00.234,13112,13113,13113,2,2
2020-11-10 15:10:01.288,13113,13114,13114,1,1
2020-11-10 15:10:02.138,13113,13114,13114,1,1
2020-11-10 15:10:02.254,13113,13114,13114,1,1
2020-11-10 15:10:08.065,13114,13115,13114,1,-1
2020-11-10 15:10:09.904,13114,13115,13114,2,-2
2020-11-10 15:10:15.778,13113,13114,13113,3,-3
2020-11-10 15:10:22.397,13112,13113,13113,2,2
2020-11-10 15:10:24.060,13112,13113,13113,3,3
2020-11-10 15:10:24.187,13112,13113,13112,4,-4
2020-11-10 15:10:29.554,13112,13113,13112,1,-1
2020-11-10 15:10:30.456,13112,13113,13112,1,-1
2020-11-10 15:10:32.043,13112,13113,13112,2,-2
2020-11-10 15:10:37.447,13112,13113,13112,1,-1
2020-11-10 15:10:38.855,13112,13113,13112,2,-2
2020-11-10 15:10:39.690,13112,13113,13112,1,-1
2020-11-10 15:10:46.566,13111,13112,13112,1,1
2020-11-10 15:10:53.819,13112,13113,13112,1,-1
2020-11-10 15:10:53.950,13112,13113,13112,1,-1
2020-11-10 15:10:53.950,13112,13113,13112,1,-1
2020-11-10 15:10:58.844,13111,13112,13112,1,1
2020-11-10 15:11:01.684,13111,13112,13112,1,1
2020-11-10 15:11:02.000,13111,13112,13112,1,1
2020-11-10 15:11:02.455,13111,13112,13112,2,2
2020-11-10 15:11:02.455,13111,13112,13112,6,6
2020-11-10 15:11:09.135,13112,13113,13113,4,4
2020-11-10 15:11:11.721,13113,13114,13114,4,4
2020-11-10 15:11:12.329,13114,13115,13114,2,-2
2020-11-10 15:11:23.038,13114,13115,13114,1,-1
2020-11-10 15:11:24.465,13114,13115,13114,2,-2
2020-11-10 15:11:26.426,13113,13114,13113,2,-2
2020-11-10 15:11:28.251,13112,13113,13113,1,1
2020-11-10 15:11:34.588,13113,13114,13113,1,-1
2020-11-10 15:11:38.648,13112,13114,13112,1,-1
2020-11-10 15:11:48.708,13113,13114,13113,1,1
2020-11-10 15:11:48.984,13113,13114,13114,1,1
2020-11-10 15:11:49.907,13113,13114,13114,1,1
2020-11-10 15:11:56.150,13114,13115,13115,1,1
2020-11-10 15:12:03.190,13114,13115,13114,2,-2
2020-11-10 15:12:03.190,13114,13115,13114,2,-2
2020-11-10 15:12:03.366,13113,13114,13114,1,1
2020-11-10 15:12:03.505,13113,13114,13114,1,1
2020-11-10 15:12:05.780,13113,13114,13114,1,1
2020-11-10 15:12:06.132,13113,13114,13114,1,1
2020-11-10 15:12:07.760,13113,13114,13114,1,1
2020-11-10 15:12:09.148,13113,13114,13114,1,1
2020-11-10 15:12:10.464,13113,13114,13114,1,1
2020-11-10 15:12:10.464,13113,13114,13114,2,2
2020-11-10 15:12:10.464,13113,13114,13114,2,2
2020-11-10 15:12:14.158,13114,13115,13115,1,1
2020-11-10 15:12:15.061,13114,13115,13114,1,-1
2020-11-10 15:12:16.574,13114,13115,13114,2,-2
2020-11-10 15:12:18.182,13113,13114,13114,1,1
2020-11-10 15:12:26.402,13113,13114,13114,3,3
2020-11-10 15:12:28.837,13114,13115,13114,1,-1
2020-11-10 15:12:32.485,13114,13115,13114,1,-1
2020-11-10 15:12:34.245,13114,13115,13114,1,-1
2020-11-10 15:12:34.760,13114,13115,13114,1,-1
2020-11-10 15:12:35.564,13114,13115,13114,1,-1
2020-11-10 15:12:38.056,13114,13115,13114,5,-5
2020-11-10 15:12:39.532,13114,13115,13114,1,-1
2020-11-10 15:12:40.064,13114,13115,13114,1,-1
2020-11-10 15:12:41.363,13114,13115,13114,2,-2
2020-11-10 15:12:41.368,13114,13115,13114,1,-1
2020-11-10 15:13:11.692,13113,13114,13114,6,6
2020-11-10 15:13:11.692,13113,13114,13114,2,2
2020-11-10 15:13:11.942,13114,13115,13115,4,4
2020-11-10 15:13:12.046,13114,13115,13115,1,1
2020-11-10 15:13:12.096,13114,13115,13115,1,1
2020-11-10 15:13:12.238,13114,13115,13115,1,1
2020-11-10 15:13:20.082,13114,13115,13114,1,-1
2020-11-10 15:13:22.884,13114,13115,13114,1,-1
2020-11-10 15:13:23.125,13114,13115,13114,1,-1
2020-11-10 15:13:24.700,13114,13115,13114,1,-1
2020-11-10 15:13:25.205,13114,13115,13114,1,-1
2020-11-10 15:13:33.442,13114,13115,13115,4,4
2020-11-10 15:13:33.442,13114,13115,13115,2,2
2020-11-10 15:13:33.442,13114,13115,13115,8,8
2020-11-10 15:13:33.442,13114,13115,13115,2,2
2020-11-10 15:13:33.443,13114,13115,13115,4,4
2020-11-10 15:13:34.443,13115,13116,13115,1,-1
2020-11-10 15:13:34.445,13115,13116,13116,1,1
2020-11-10 15:13:34.446,13115,13116,13116,1,1
2020-11-10 15:13:35.041,13115,13116,13116,1,1
2020-11-10 15:13:42.279,13115,13116,13116,1,1
2020-11-10 15:13:43.873,13115,13116,13115,1,-1
2020-11-10 15:13:44.138,13115,13116,13116,1,1
2020-11-10 15:13:46.907,13115,13116,13115,1,-1
2020-11-10 15:13:48.109,13115,13116,13115,1,-1
2020-11-10 15:13:48.752,13114,13115,13115,1,1
2020-11-10 15:13:50.604,13114,13115,13115,1,1
2020-11-10 15:13:52.135,13114,13115,13114,4,-4
2020-11-10 15:13:55.645,13113,13115,13115,1,1
2020-11-10 15:13:59.323,13113,13114,13113,1,-1
2020-11-10 15:14:04.502,13114,13115,13114,2,2
2020-11-10 15:14:19.122,13113,13114,13114,1,1
2020-11-10 15:14:19.909,13114,13115,13114,1,-1
2020-11-10 15:14:22.459,13114,13115,13114,1,-1
2020-11-10 15:14:24.053,13113,13114,13113,1,-1
2020-11-10 15:14:27.651,13113,13114,13113,3,-3
2020-11-10 15:14:33.440,13113,13114,13113,20,-20
2020-11-10 15:14:34.530,13112,13113,13112,1,-1
2020-11-10 15:14:34.532,13112,13113,13112,4,-4
2020-11-10 15:14:34.533,13112,13113,13112,6,-6
2020-11-10 15:14:37.763,13111,13112,13111,1,-1
2020-11-10 15:14:37.807,13111,13112,13111,3,-3
2020-11-10 15:14:37.807,13111,13112,13111,7,-7
2020-11-10 15:14:38.030,13110,13112,13110,1,-1
2020-11-10 15:14:39.425,13110,13112,13110,1,-1
2020-11-10 15:14:40.676,13110,13112,13110,1,-1
2020-11-10 15:14:42.944,13110,13111,13110,1,-1
2020-11-10 15:14:45.994,13110,13111,13110,1,-1
2020-11-10 15:14:49.217,13110,13111,13111,3,3
2020-11-10 15:14:49.218,13110,13111,13111,2,2
2020-11-10 15:14:49.218,13110,13111,13111,1,1
2020-11-10 15:14:58.946,13112,13113,13112,1,1
2020-11-10 15:15:01.644,13112,13113,13113,1,1
2020-11-10 15:15:03.857,13113,13114,13113,1,-1
2020-11-10 15:15:04.561,13113,13114,13114,1,1
2020-11-10 15:15:04.948,13112,13114,13114,1,1
2020-11-10 15:15:11.061,13112,13113,13113,1,1
2020-11-10 15:15:11.183,13112,13113,13112,9,-9
2020-11-10 15:15:11.235,13111,13113,13113,1,1
2020-11-10 15:15:11.338,13111,13113,13113,1,1
2020-11-10 15:15:19.590,13112,13113,13113,1,1
2020-11-10 15:15:27.606,13113,13114,13114,2,2
2020-11-10 15:15:32.892,13113,13114,13113,1,-1
2020-11-10 15:15:32.892,13113,13114,13113,1,-1
2020-11-10 15:15:33.716,13112,13114,13112,1,-1
2020-11-10 15:15:41.664,13111,13112,13112,1,1
2020-11-10 15:15:52.886,13111,13112,13111,1,-1
2020-11-10 15:15:52.887,13111,13112,13111,1,-1
2020-11-10 15:15:52.887,13111,13112,13111,2,-2
2020-11-10 15:15:55.194,13111,13112,13112,1,1
2020-11-10 15:15:59.280,13111,13112,13112,1,1
2020-11-10 15:16:02.440,13111,13112,13112,2,2
2020-11-10 15:16:02.713,13111,13113,13113,1,1
2020-11-10 15:16:12.412,13111,13112,13112,1,1
2020-11-10 15:16:15.262,13111,13112,13111,1,-1
2020-11-10 15:16:15.263,13111,13112,13111,1,-1
2020-11-10 15:16:18.958,13111,13112,13111,1,-1
2020-11-10 15:16:28.225,13111,13112,13111,1,-1
2020-11-10 15:16:34.955,13111,13112,13111,2,-2
2020-11-10 15:16:35.071,13111,13112,13112,1,1
2020-11-10 15:16:35.072,13111,13112,13112,1,1
2020-11-10 15:16:35.072,13111,13112,13113,1,1
2020-11-10 15:16:49.552,13111,13112,13111,2,-2
2020-11-10 15:16:49.936,13111,13112,13112,2,2
2020-11-10 15:16:51.662,13111,13112,13112,1,1
2020-11-10 15:16:55.702,13111,13112,13111,1,-1
2020-11-10 15:16:57.989,13111,13112,13111,1,-1
2020-11-10 15:17:01.123,13111,13112,13111,1,-1
2020-11-10 15:17:01.330,13111,13112,13111,3,-3
2020-11-10 15:17:08.916,13110,13111,13111,1,1
2020-11-10 15:17:12.162,13110,13111,13110,1,-1
2020-11-10 15:17:12.836,13110,13111,13111,11,11
2020-11-10 15:17:12.838,13110,13111,13111,4,4
2020-11-10 15:17:12.891,13110,13111,13111,1,1
2020-11-10 15:17:12.951,13111,13112,13111,1,-1
2020-11-10 15:17:13.182,13111,13112,13111,1,-1
2020-11-10 15:17:13.370,13111,13112,13111,1,-1
2020-11-10 15:17:17.649,13111,13112,13111,1,-1
2020-11-10 15:17:17.863,13111,13112,13111,1,-1
2020-11-10 15:17:18.042,13111,13112,13111,1,-1
2020-11-10 15:17:18.255,13110,13112,13110,1,-1
2020-11-10 15:17:18.447,13110,13112,13110,1,-1
2020-11-10 15:17:27.292,13110,13111,13110,1,-1
2020-11-10 15:17:29.864,13110,13111,13111,1,1
2020-11-10 15:17:29.914,13110,13111,13111,1,1
2020-11-10 15:17:29.957,13110,13111,13111,1,1
2020-11-10 15:17:29.958,13110,13111,13111,1,1
2020-11-10 15:17:30.008,13110,13111,13111,1,1
2020-11-10 15:17:33.152,13111,13112,13112,4,4
2020-11-10 15:17:33.152,13111,13112,13112,2,2
2020-11-10 15:17:40.580,13112,13113,13113,5,5
2020-11-10 15:17:41.103,13113,13114,13113,1,-1
2020-11-10 15:17:47.548,13113,13114,13113,1,-1
2020-11-10 15:17:48.531,13112,13114,13114,1,1
2020-11-10 15:17:50.978,13112,13113,13113,1,1
2020-11-10 15:17:53.114,13112,13113,13113,1,1
2020-11-10 15:17:58.592,13113,13114,13114,6,6
2020-11-10 15:17:58.593,13113,13114,13114,6,6
2020-11-10 15:18:02.537,13114,13115,13115,1,1
2020-11-10 15:18:03.026,13114,13115,13115,3,3
2020-11-10 15:18:08.092,13113,13115,13113,1,-1
2020-11-10 15:18:08.903,13113,13115,13115,1,1
2020-11-10 15:18:19.429,13113,13115,13115,1,1
2020-11-10 15:18:26.768,13113,13114,13114,1,1
2020-11-10 15:18:27.617,13113,13114,13113,1,-1
2020-11-10 15:18:30.042,13112,13114,13114,4,4
2020-11-10 15:18:35.422,13113,13114,13114,1,1
2020-11-10 15:18:35.951,13113,13114,13114,1,1
2020-11-10 15:18:48.917,13114,13115,13115,1,1
2020-11-10 15:18:49.932,13114,13115,13115,2,2
2020-11-10 15:18:50.452,13114,13115,13114,1,-1
2020-11-10 15:18:53.793,13114,13115,13114,1,-1
2020-11-10 15:18:53.850,13114,13115,13115,4,4
2020-11-10 15:18:54.563,13114,13115,13114,4,-4
2020-11-10 15:18:55.066,13113,13114,13114,8,8
2020-11-10 15:18:56.178,13114,13115,13114,1,-1
2020-11-10 15:18:56.178,13114,13115,13114,1,-1
2020-11-10 15:18:56.272,13113,13114,13114,1,1
2020-11-10 15:19:14.049,13113,13114,13114,1,1
2020-11-10 15:19:14.050,13113,13114,13114,2,2
2020-11-10 15:19:14.050,13113,13114,13114,4,4
2020-11-10 15:19:15.363,13114,13115,13114,1,-1
2020-11-10 15:19:15.718,13114,13115,13115,1,1
2020-11-10 15:19:16.872,13114,13115,13115,3,3
2020-11-10 15:19:16.872,13114,13115,13115,22,22
2020-11-10 15:19:18.563,13115,13116,13115,1,-1
2020-11-10 15:19:23.727,13115,13116,13115,1,-1
2020-11-10 15:19:24.650,13114,13116,13116,1,1
2020-11-10 15:19:25.857,13114,13116,13116,1,1
2020-11-10 15:19:26.087,13114,13116,13114,1,-1
2020-11-10 15:19:29.778,13114,13115,13115,1,1
2020-11-10 15:19:36.918,13115,13116,13116,1,1
2020-11-10 15:19:37.082,13115,13116,13116,1,1
2020-11-10 15:19:37.082,13115,13116,13116,2,2
2020-11-10 15:19:37.082,13115,13116,13116,3,3
2020-11-10 15:19:37.082,13115,13116,13116,2,2
2020-11-10 15:19:37.082,13115,13116,13116,10,10
2020-11-10 15:19:37.082,13115,13116,13116,1,1
2020-11-10 15:19:37.082,13115,13116,13116,1,1
2020-11-10 15:19:37.082,13115,13116,13116,1,1
2020-11-10 15:19:37.082,13115,13116,13116,1,1
2020-11-10 15:19:37.082,13115,13116,13116,1,1
2020-11-10 15:19:37.083,13115,13116,13116,1,1
2020-11-10 15:19:37.083,13115,13116,13116,6,6
2020-11-10 15:19:37.161,13115,13116,13117,2,2
2020-11-10 15:19:37.374,13116,13117,13117,1,1
2020-11-10 15:19:40.437,13116,13117,13116,1,-1
2020-11-10 15:19:40.437,13116,13117,13116,1,-1
2020-11-10 15:19:40.437,13116,13117,13116,1,-1
2020-11-10 15:19:40.437,13116,13117,13116,4,-4
2020-11-10 15:19:40.438,13116,13117,13116,1,-1
2020-11-10 15:19:42.007,13116,13117,13116,1,-1
2020-11-10 15:19:43.411,13116,13117,13117,1,1
2020-11-10 15:19:43.605,13116,13117,13117,3,3
2020-11-10 15:19:45.106,13116,13117,13117,2,2
2020-11-10 15:19:45.106,13116,13117,13117,4,4
2020-11-10 15:19:46.951,13116,13118,13118,1,1
2020-11-10 15:19:47.630,13116,13118,13117,1,-1
2020-11-10 15:19:50.420,13117,13118,13118,11,11
2020-11-10 15:19:53.397,13117,13118,13118,5,5
2020-11-10 15:19:54.941,13117,13118,13118,7,7
2020-11-10 15:19:55.451,13118,13119,13118,1,-1
2020-11-10 15:19:57.722,13118,13119,13118,1,-1
2020-11-10 15:19:58.347,13118,13119,13119,1,1
2020-11-10 15:19:58.372,13118,13119,13119,1,1
2020-11-10 15:19:59.736,13118,13119,13119,4,4
2020-11-10 15:19:59.943,13118,13119,13119,10,10
2020-11-10 15:20:01.572,13119,13120,13119,1,-1
2020-11-10 15:20:02.196,13119,13120,13120,6,6
2020-11-10 15:20:02.214,13119,13120,13120,1,1
2020-11-10 15:20:02.510,13119,13120,13120,1,1
2020-11-10 15:20:02.530,13119,13120,13120,2,2
2020-11-10 15:20:03.612,13119,13120,13120,1,1
2020-11-10 15:20:04.155,13119,13120,13119,1,-1
2020-11-10 15:20:04.156,13119,13120,13119,1,-1
2020-11-10 15:20:04.156,13119,13120,13119,1,-1
2020-11-10 15:20:04.156,13119,13120,13119,1,-1
2020-11-10 15:20:04.157,13119,13120,13119,2,-2
2020-11-10 15:20:04.157,13119,13120,13119,4,-4
2020-11-10 15:20:04.157,13119,13120,13119,3,-3
2020-11-10 15:20:04.157,13119,13120,13119,1,-1
2020-11-10 15:20:04.589,13118,13119,13119,1,1
2020-11-10 15:20:05.571,13118,13119,13119,4,4
2020-11-10 15:20:05.947,13118,13119,13119,1,1
2020-11-10 15:20:07.640,13118,13119,13119,1,1
2020-11-10 15:20:09.134,13118,13119,13119,1,1
2020-11-10 15:20:09.195,13118,13119,13119,1,1
2020-11-10 15:20:09.196,13118,13119,13119,1,1
2020-11-10 15:20:09.863,13118,13119,13119,1,1
2020-11-10 15:20:10.006,13118,13119,13119,2,2
2020-11-10 15:20:10.680,13118,13119,13119,1,1
2020-11-10 15:20:10.680,13118,13119,13120,1,1
2020-11-10 15:20:15.207,13118,13119,13119,1,1
2020-11-10 15:20:20.558,13118,13119,13118,3,-3
2020-11-10 15:20:20.632,13118,13119,13118,1,-1
2020-11-10 15:20:20.632,13118,13119,13118,1,-1
2020-11-10 15:20:23.849,13118,13119,13119,1,1
2020-11-10 15:20:25.883,13118,13119,13119,1,1
2020-11-10 15:20:26.849,13118,13119,13119,1,1
2020-11-10 15:20:26.949,13118,13119,13119,2,2
2020-11-10 15:20:26.949,13118,13119,13119,1,1
2020-11-10 15:20:26.949,13118,13119,13119,1,1
2020-11-10 15:20:26.949,13118,13119,13119,3,3
2020-11-10 15:20:26.949,13118,13119,13119,1,1
2020-11-10 15:20:26.949,13118,13119,13119,2,2
2020-11-10 15:20:26.950,13118,13119,13119,1,1
2020-11-10 15:20:26.950,13118,13119,13119,4,4
2020-11-10 15:20:26.950,13118,13119,13119,1,1
2020-11-10 15:20:26.950,13118,13119,13119,1,1
2020-11-10 15:20:26.950,13118,13119,13119,1,1
2020-11-10 15:20:26.951,13118,13119,13119,12,12
2020-11-10 15:20:26.957,13118,13119,13120,4,4
2020-11-10 15:20:27.196,13119,13120,13119,1,-1
2020-11-10 15:20:28.495,13119,13120,13120,4,4
2020-11-10 15:20:28.496,13119,13120,13120,1,1
2020-11-10 15:20:28.497,13119,13120,13120,20,20
2020-11-10 15:20:33.131,13120,13121,13120,1,-1
2020-11-10 15:20:34.696,13120,13121,13121,1,1
2020-11-10 15:20:34.842,13120,13121,13121,2,2
2020-11-10 15:20:34.875,13120,13121,13121,2,2
2020-11-10 15:20:34.907,13120,13121,13121,1,1
2020-11-10 15:20:34.908,13120,13121,13121,1,1
2020-11-10 15:20:35.059,13120,13122,13122,6,6
2020-11-10 15:20:35.098,13120,13122,13122,1,1
2020-11-10 15:20:35.180,13120,13122,13122,1,1
2020-11-10 15:20:35.246,13121,13122,13122,1,1
2020-11-10 15:20:35.303,13121,13122,13122,1,1
2020-11-10 15:20:35.383,13121,13122,13122,2,2
2020-11-10 15:20:35.406,13121,13122,13122,1,1
2020-11-10 15:20:35.444,13121,13122,13122,5,5
2020-11-10 15:20:35.525,13121,13122,13122,3,3
2020-11-10 15:20:35.525,13121,13122,13123,1,1
2020-11-10 15:20:35.656,13121,13123,13123,1,1
2020-11-10 15:20:35.673,13121,13123,13123,1,1
2020-11-10 15:20:35.898,13121,13123,13123,1,1
2020-11-10 15:20:35.929,13121,13123,13123,1,1
2020-11-10 15:20:36.095,13121,13123,13123,1,1
2020-11-10 15:20:38.576,13122,13123,13123,1,1
2020-11-10 15:20:38.696,13122,13123,13123,1,1
2020-11-10 15:20:38.696,13122,13123,13123,1,1
2020-11-10 15:20:39.945,13122,13123,13123,2,2
2020-11-10 15:20:40.069,13122,13123,13123,1,1
2020-11-10 15:20:41.424,13123,13124,13124,6,6
2020-11-10 15:20:41.689,13124,13125,13125,1,1
2020-11-10 15:20:41.728,13124,13125,13125,5,5
2020-11-10 15:20:41.735,13124,13125,13125,3,3
2020-11-10 15:20:41.911,13124,13125,13125,1,1
2020-11-10 15:20:43.093,13124,13125,13125,1,1
2020-11-10 15:20:43.208,13124,13125,13125,1,1
2020-11-10 15:20:43.210,13124,13125,13125,1,1
2020-11-10 15:20:44.274,13124,13125,13125,9,9
2020-11-10 15:20:44.274,13124,13125,13126,11,11
2020-11-10 15:20:44.279,13124,13125,13126,3,3
2020-11-10 15:20:44.468,13126,13127,13127,6,6
2020-11-10 15:20:44.476,13126,13127,13127,2,2
2020-11-10 15:20:44.499,13126,13127,13127,3,3
2020-11-10 15:20:44.499,13126,13127,13128,1,1
2020-11-10 15:20:44.503,13126,13127,13128,1,1
2020-11-10 15:20:44.507,13126,13127,13128,10,10
2020-11-10 15:20:44.513,13126,13127,13128,4,4
2020-11-10 15:20:44.585,13127,13128,13128,1,1
2020-11-10 15:20:44.585,13127,13128,13129,1,1
2020-11-10 15:20:44.587,13127,13128,13129,1,1
2020-11-10 15:20:44.610,13127,13128,13129,7,7
2020-11-10 15:20:44.614,13127,13128,13129,2,2
2020-11-10 15:20:44.748,13127,13129,13129,10,10
2020-11-10 15:20:44.748,13127,13129,13130,5,5
2020-11-10 15:20:44.776,13127,13129,13129,2,2
2020-11-10 15:20:44.839,13128,13129,13129,1,1
2020-11-10 15:20:44.841,13128,13129,13130,4,4
2020-11-10 15:20:44.849,13128,13129,13130,1,1
2020-11-10 15:20:44.922,13128,13129,13130,1,1
2020-11-10 15:20:44.938,13128,13129,13130,1,1
2020-11-10 15:20:45.075,13128,13130,13130,4,4
2020-11-10 15:20:45.130,13128,13130,13130,1,1
2020-11-10 15:20:45.136,13128,13130,13130,1,1
2020-11-10 15:20:45.139,13128,13130,13130,1,1
2020-11-10 15:20:45.156,13128,13130,13130,2,2
2020-11-10 15:20:45.181,13128,13130,13130,1,1
2020-11-10 15:20:45.272,13129,13130,13129,1,-1
2020-11-10 15:20:45.286,13129,13130,13130,1,1
2020-11-10 15:20:45.320,13129,13130,13130,1,1
2020-11-10 15:20:45.339,13129,13130,13130,2,2
2020-11-10 15:20:45.392,13129,13130,13129,1,-1
2020-11-10 15:20:45.446,13129,13130,13130,1,1
2020-11-10 15:20:45.558,13129,13130,13130,1,1
2020-11-10 15:20:45.630,13129,13130,13130,1,1
2020-11-10 15:20:45.685,13129,13130,13130,1,1
2020-11-10 15:20:45.800,13129,13130,13130,1,1
2020-11-10 15:20:46.244,13129,13130,13130,1,1
2020-11-10 15:20:46.952,13129,13130,13129,1,-1
2020-11-10 15:20:46.953,13129,13130,13129,2,-2
2020-11-10 15:20:47.276,13128,13129,13129,5,5
2020-11-10 15:20:47.326,13128,13129,13129,1,1
2020-11-10 15:20:47.361,13128,13129,13128,1,-1
2020-11-10 15:20:47.403,13128,13129,13129,1,1
2020-11-10 15:20:47.542,13127,13129,13129,2,2
2020-11-10 15:20:47.843,13127,13129,13129,1,1
2020-11-10 15:20:48.314,13127,13128,13127,2,-2
2020-11-10 15:20:49.252,13126,13128,13126,1,-1
2020-11-10 15:20:49.465,13126,13128,13128,1,1
2020-11-10 15:20:49.602,13126,13128,13128,1,1
2020-11-10 15:20:49.674,13126,13128,13128,1,1
2020-11-10 15:20:50.022,13126,13127,13127,1,1
2020-11-10 15:20:50.037,13126,13127,13128,1,1
2020-11-10 15:20:51.033,13126,13127,13127,1,1
2020-11-10 15:20:51.444,13126,13127,13127,1,1
2020-11-10 15:20:52.024,13126,13127,13126,1,-1
2020-11-10 15:20:52.248,13126,13127,13126,16,-16
2020-11-10 15:20:52.952,13125,13126,13126,1,1
2020-11-10 15:20:54.891,13125,13126,13126,1,1
2020-11-10 15:20:55.360,13125,13127,13125,1,-1
2020-11-10 15:20:55.486,13125,13127,13125,1,-1
2020-11-10 15:20:55.903,13125,13127,13125,1,-1
2020-11-10 15:20:56.211,13125,13127,13127,4,4
2020-11-10 15:20:56.335,13125,13127,13125,1,-1
2020-11-10 15:20:57.758,13124,13126,13126,1,1
2020-11-10 15:20:58.198,13126,13127,13127,1,1
2020-11-10 15:20:58.206,13126,13127,13126,1,-1
2020-11-10 15:20:58.798,13125,13126,13125,1,-1
2020-11-10 15:20:59.839,13125,13126,13125,1,-1
2020-11-10 15:21:00.463,13125,13126,13126,1,1
2020-11-10 15:21:00.604,13125,13126,13126,4,4
2020-11-10 15:21:00.604,13125,13126,13127,3,3
2020-11-10 15:21:00.693,13125,13126,13127,1,1
2020-11-10 15:21:01.124,13126,13127,13126,2,-2
2020-11-10 15:21:01.243,13126,13127,13126,1,-1
2020-11-10 15:21:02.353,13126,13127,13126,1,-1
2020-11-10 15:21:02.437,13126,13127,13127,3,3
2020-11-10 15:21:03.225,13126,13128,13126,5,-5
2020-11-10 15:21:03.269,13126,13128,13127,4,4
2020-11-10 15:21:03.428,13127,13128,13127,1,-1
2020-11-10 15:21:04.115,13126,13127,13126,1,-1
2020-11-10 15:21:04.138,13126,13127,13126,1,-1
2020-11-10 15:21:04.606,13126,13127,13126,1,-1
2020-11-10 15:21:04.606,13126,13127,13125,1,-1
2020-11-10 15:21:06.796,13126,13127,13126,3,3
2020-11-10 15:21:07.606,13125,13126,13126,1,1
2020-11-10 15:21:07.774,13125,13126,13126,1,1
2020-11-10 15:21:07.945,13125,13126,13126,1,1
2020-11-10 15:21:08.437,13125,13126,13125,4,-4
2020-11-10 15:21:08.437,13125,13126,13125,2,-2
2020-11-10 15:21:08.437,13125,13126,13125,3,-3
2020-11-10 15:21:08.552,13124,13125,13124,1,-1
2020-11-10 15:21:09.992,13124,13126,13126,1,1
2020-11-10 15:21:10.700,13125,13126,13125,1,-1
2020-11-10 15:21:11.823,13124,13126,13126,2,2
2020-11-10 15:21:12.752,13124,13125,13125,1,1
2020-11-10 15:21:14.611,13126,13127,13126,2,2
2020-11-10 15:21:15.631,13125,13127,13125,1,-1
2020-11-10 15:21:17.909,13126,13127,13126,1,1
2020-11-10 15:21:18.928,13126,13127,13126,1,-1
2020-11-10 15:21:19.131,13126,13127,13127,1,1
2020-11-10 15:21:19.131,13126,13127,13127,1,1
2020-11-10 15:21:19.132,13126,13127,13127,1,1
2020-11-10 15:21:19.629,13126,13128,13128,1,1
2020-11-10 15:21:19.942,13126,13128,13126,1,-1
2020-11-10 15:21:20.837,13127,13128,13127,1,1
2020-11-10 15:21:24.038,13126,13127,13126,1,-1
2020-11-10 15:21:25.166,13126,13128,13128,2,2
2020-11-10 15:21:26.895,13126,13127,13127,1,1
2020-11-10 15:21:28.557,13126,13127,13127,1,1
2020-11-10 15:21:28.768,13126,13127,13126,2,-2
2020-11-10 15:21:28.788,13126,13127,13126,1,-1
2020-11-10 15:21:29.001,13126,13127,13127,1,1
2020-11-10 15:21:31.451,13126,13127,13126,6,-6
2020-11-10 15:21:33.061,13125,13127,13125,10,-10
2020-11-10 15:21:36.741,13125,13126,13126,1,1
2020-11-10 15:21:41.829,13125,13126,13125,2,-2
2020-11-10 15:21:41.829,13125,13126,13125,3,-3
2020-11-10 15:21:41.829,13125,13126,13125,13,-13
2020-11-10 15:21:41.829,13125,13126,13125,4,-4
2020-11-10 15:21:41.908,13125,13126,13125,3,-3
2020-11-10 15:21:44.301,13124,13125,13124,7,-7
2020-11-10 15:21:45.034,13123,13124,13124,5,5
2020-11-10 15:21:45.668,13124,13125,13124,1,-1
2020-11-10 15:21:57.728,13123,13124,13123,1,-1
2020-11-10 15:21:58.048,13123,13124,13124,2,2
2020-11-10 15:22:01.337,13123,13124,13124,3,3
2020-11-10 15:22:04.117,13123,13124,13124,14,14
2020-11-10 15:22:08.677,13124,13125,13125,2,2
2020-11-10 15:22:11.825,13124,13125,13124,1,-1
2020-11-10 15:22:11.826,13124,13125,13124,1,-1
2020-11-10 15:22:11.836,13124,13125,13124,1,-1
2020-11-10 15:22:11.850,13124,13125,13124,5,-5
2020-11-10 15:22:11.850,13124,13125,13123,3,-3
2020-11-10 15:22:11.908,13124,13125,13123,10,-10
2020-11-10 15:22:12.334,13123,13124,13123,1,-1
2020-11-10 15:22:12.452,13122,13124,13122,1,-1
2020-11-10 15:22:12.689,13122,13124,13122,1,-1
2020-11-10 15:22:13.369,13122,13124,13124,2,2
2020-11-10 15:22:13.700,13122,13124,13124,1,1
2020-11-10 15:22:16.312,13123,13125,13123,1,-1
2020-11-10 15:22:17.966,13123,13124,13123,1,-1
2020-11-10 15:22:18.889,13123,13124,13123,4,-4
2020-11-10 15:22:21.476,13122,13123,13123,1,1
2020-11-10 15:22:21.476,13122,13123,13124,1,1
2020-11-10 15:22:21.540,13122,13123,13124,1,1
2020-11-10 15:22:25.012,13123,13124,13124,1,1
2020-11-10 15:22:25.034,13123,13124,13123,1,-1
2020-11-10 15:22:28.176,13123,13124,13123,1,-1
2020-11-10 15:22:31.912,13123,13124,13123,1,-1
2020-11-10 15:22:38.374,13123,13124,13124,4,4
2020-11-10 15:22:38.868,13124,13125,13124,1,-1
2020-11-10 15:22:39.034,13124,13125,13124,1,-1
2020-11-10 15:22:40.269,13124,13125,13124,1,-1
2020-11-10 15:22:42.148,13124,13125,13124,1,-1
2020-11-10 15:22:43.452,13124,13125,13125,1,1
2020-11-10 15:22:43.559,13124,13125,13125,1,1
2020-11-10 15:22:43.603,13124,13125,13124,1,-1
2020-11-10 15:22:43.982,13124,13125,13125,1,1
2020-11-10 15:22:45.070,13124,13125,13125,1,1
2020-11-10 15:22:45.327,13125,13126,13125,4,-4
2020-11-10 15:22:45.659,13124,13125,13124,1,-1
2020-11-10 15:22:45.666,13124,13125,13124,1,-1
2020-11-10 15:22:45.671,13124,13125,13124,3,-3
2020-11-10 15:22:45.680,13124,13125,13124,1,-1
2020-11-10 15:22:45.722,13123,13125,13123,1,-1
2020-11-10 15:22:45.731,13123,13125,13123,1,-1
2020-11-10 15:22:45.740,13123,13125,13123,1,-1
2020-11-10 15:22:46.012,13123,13125,13123,3,-3
2020-11-10 15:22:46.168,13123,13124,13124,1,1
2020-11-10 15:22:47.054,13123,13125,13125,1,1
2020-11-10 15:22:48.363,13123,13125,13123,4,-4
2020-11-10 15:22:49.110,13123,13124,13124,1,1
2020-11-10 15:22:55.720,13123,13124,13124,2,2
2020-11-10 15:22:55.863,13123,13124,13124,1,1
2020-11-10 15:22:56.237,13124,13125,13125,1,1
2020-11-10 15:22:56.346,13124,13125,13124,1,-1
2020-11-10 15:22:56.831,13124,13125,13124,1,-1
2020-11-10 15:22:58.367,13124,13125,13124,1,-1
2020-11-10 15:23:02.575,13124,13125,13124,1,-1
2020-11-10 15:23:03.734,13123,13124,13124,1,1
2020-11-10 15:23:08.415,13124,13125,13124,1,-1
2020-11-10 15:23:25.107,13123,13124,13123,1,-1
2020-11-10 15:23:28.931,13123,13124,13123,1,-1
2020-11-10 15:23:33.066,13123,13124,13123,1,-1
2020-11-10 15:23:43.275,13123,13124,13123,1,-1
2020-11-10 15:23:44.082,13123,13124,13123,1,-1
2020-11-10 15:23:46.449,13123,13124,13124,1,1
2020-11-10 15:23:46.450,13123,13124,13124,2,2
2020-11-10 15:23:46.450,13123,13124,13124,8,8
2020-11-10 15:23:46.450,13123,13124,13124,4,4
2020-11-10 15:23:46.450,13123,13124,13124,5,5
2020-11-10 15:23:47.014,13124,13125,13125,1,1
2020-11-10 15:23:50.602,13124,13125,13125,3,3
2020-11-10 15:23:50.603,13124,13125,13125,2,2
2020-11-10 15:23:52.626,13125,13126,13125,1,-1
2020-11-10 15:23:53.271,13125,13126,13125,1,-1
2020-11-10 15:23:55.292,13125,13126,13126,3,3
2020-11-10 15:23:55.867,13125,13126,13125,1,-1
2020-11-10 15:23:55.992,13125,13126,13126,3,3
2020-11-10 15:23:56.664,13125,13126,13126,3,3
2020-11-10 15:23:57.332,13125,13126,13126,3,3
2020-11-10 15:23:57.552,13125,13126,13126,1,1
2020-11-10 15:23:58.013,13125,13126,13126,3,3
2020-11-10 15:23:58.637,13125,13126,13126,3,3
2020-11-10 15:24:00.123,13125,13126,13126,1,1
2020-11-10 15:24:00.476,13126,13127,13127,4,4
2020-11-10 15:24:00.476,13126,13127,13128,4,4
2020-11-10 15:24:00.498,13126,13127,13128,4,4
2020-11-10 15:24:00.535,13126,13127,13128,1,1
2020-11-10 15:24:00.535,13126,13127,13129,3,3
2020-11-10 15:24:00.897,13127,13129,13129,1,1
2020-11-10 15:24:02.543,13127,13128,13128,2,2
2020-11-10 15:24:02.686,13127,13128,13128,1,1
2020-11-10 15:24:02.686,13127,13128,13128,1,1
2020-11-10 15:24:02.686,13127,13128,13128,1,1
2020-11-10 15:24:02.694,13127,13128,13128,1,1
2020-11-10 15:24:02.698,13127,13128,13128,1,1
2020-11-10 15:24:02.703,13127,13128,13128,1,1
2020-11-10 15:24:02.709,13127,13128,13128,1,1
2020-11-10 15:24:02.709,13127,13128,13128,1,1
2020-11-10 15:24:02.710,13127,13128,13128,1,1
2020-11-10 15:24:02.719,13127,13128,13129,1,1
2020-11-10 15:24:02.789,13127,13128,13129,1,1
2020-11-10 15:24:02.938,13127,13129,13129,3,3
2020-11-10 15:24:03.025,13128,13129,13129,3,3
2020-11-10 15:24:03.159,13128,13129,13129,1,1
2020-11-10 15:24:06.284,13127,13129,13129,3,3
2020-11-10 15:24:07.198,13128,13129,13129,5,5
2020-11-10 15:24:07.198,13128,13129,13130,10,10
2020-11-10 15:24:07.263,13128,13129,13130,1,1
2020-11-10 15:24:07.355,13129,13130,13129,1,-1
2020-11-10 15:24:07.916,13129,13130,13130,1,1
2020-11-10 15:24:08.383,13129,13130,13130,5,5
2020-11-10 15:24:08.444,13129,13130,13130,5,5
2020-11-10 15:24:08.931,13129,13131,13131,1,1
2020-11-10 15:24:08.934,13129,13131,13131,1,1
2020-11-10 15:24:08.969,13129,13131,13131,6,6
2020-11-10 15:24:08.973,13129,13131,13129,1,-1
2020-11-10 15:24:09.003,13129,13131,13129,2,-2
2020-11-10 15:24:09.337,13129,13131,13131,2,2
2020-11-10 15:24:09.409,13129,13131,13131,2,2
2020-11-10 15:24:09.454,13130,13131,13131,2,2
2020-11-10 15:24:09.493,13130,13131,13131,4,4
2020-11-10 15:24:09.569,13130,13131,13131,7,7
2020-11-10 15:24:09.570,13130,13131,13131,1,1
2020-11-10 15:24:09.990,13131,13132,13131,3,-3
2020-11-10 15:24:10.343,13130,13132,13132,1,1
2020-11-10 15:24:10.404,13130,13132,13132,1,1
2020-11-10 15:24:10.591,13129,13131,13131,1,1
2020-11-10 15:24:10.597,13129,13131,13131,1,1
2020-11-10 15:24:10.695,13129,13131,13131,1,1
2020-11-10 15:24:10.723,13129,13131,13131,1,1
2020-11-10 15:24:10.788,13129,13131,13131,1,1
2020-11-10 15:24:10.848,13129,13131,13131,1,1
2020-11-10 15:24:10.865,13129,13131,13131,2,2
2020-11-10 15:24:10.899,13129,13131,13129,5,-5
2020-11-10 15:24:10.943,13129,13131,13131,1,1
2020-11-10 15:24:10.978,13129,13131,13131,1,1
2020-11-10 15:24:11.725,13129,13130,13130,1,1
2020-11-10 15:24:12.925,13129,13130,13130,1,1
2020-11-10 15:24:14.355,13129,13130,13130,1,1
2020-11-10 15:24:14.393,13129,13130,13130,1,1
2020-11-10 15:24:15.748,13130,13131,13131,1,1
2020-11-10 15:24:15.862,13130,13131,13131,1,1
2020-11-10 15:24:17.195,13130,13131,13130,2,-2
2020-11-10 15:24:22.694,13130,13131,13131,4,4
2020-11-10 15:24:25.279,13131,13132,13132,7,7
2020-11-10 15:24:25.279,13131,13132,13132,1,1
2020-11-10 15:24:25.766,13132,13133,13133,1,1
2020-11-10 15:24:25.926,13132,13133,13133,1,1
2020-11-10 15:24:25.932,13132,13133,13133,1,1
2020-11-10 15:24:25.943,13132,13133,13133,1,1
2020-11-10 15:24:26.009,13132,13133,13133,1,1
2020-11-10 15:24:26.022,13132,13133,13132,1,-1
2020-11-10 15:24:26.066,13132,13133,13133,1,1
2020-11-10 15:24:26.318,13132,13133,13133,1,1
2020-11-10 15:24:26.401,13132,13133,13133,1,1
2020-11-10 15:24:26.441,13132,13133,13132,1,-1
2020-11-10 15:24:26.958,13132,13133,13133,9,9
2020-11-10 15:24:27.291,13133,13134,13134,2,2
2020-11-10 15:24:27.291,13133,13134,13134,6,6
2020-11-10 15:24:27.438,13134,13135,13134,2,-2
2020-11-10 15:24:27.796,13134,13135,13135,2,2
2020-11-10 15:24:28.112,13134,13135,13134,2,-2
2020-11-10 15:24:28.238,13134,13135,13135,1,1
2020-11-10 15:24:28.692,13134,13135,13135,1,1
2020-11-10 15:24:28.730,13134,13135,13135,3,3
2020-11-10 15:24:29.247,13134,13135,13135,1,1
2020-11-10 15:24:30.198,13134,13135,13135,3,3
2020-11-10 15:24:30.896,13134,13135,13135,1,1
2020-11-10 15:24:31.110,13134,13135,13135,1,1
2020-11-10 15:24:31.271,13134,13135,13134,1,-1
2020-11-10 15:24:32.520,13134,13135,13135,1,1
2020-11-10 15:24:32.556,13134,13135,13135,1,1
2020-11-10 15:24:33.075,13134,13135,13134,1,-1
2020-11-10 15:24:34.330,13133,13134,13134,2,2
2020-11-10 15:24:34.884,13133,13134,13134,1,1
2020-11-10 15:24:35.597,13133,13134,13134,1,1
2020-11-10 15:24:36.373,13133,13134,13134,1,1
2020-11-10 15:24:37.702,13133,13134,13133,1,-1
2020-11-10 15:24:39.595,13133,13134,13134,1,1
2020-11-10 15:24:41.182,13133,13134,13134,1,1
2020-11-10 15:24:41.355,13133,13134,13134,8,8
2020-11-10 15:24:44.166,13134,13135,13134,2,-2
2020-11-10 15:24:44.658,13134,13135,13135,3,3
2020-11-10 15:24:44.712,13134,13135,13134,1,-1
2020-11-10 15:24:45.648,13134,13135,13134,9,-9
2020-11-10 15:24:47.097,13134,13135,13135,1,1
2020-11-10 15:24:47.385,13134,13135,13135,3,3
2020-11-10 15:24:48.894,13134,13135,13134,1,-1
2020-11-10 15:24:48.931,13134,13135,13134,1,-1
2020-11-10 15:24:49.249,13133,13134,13134,3,3
2020-11-10 15:24:55.282,13133,13134,13133,2,-2
2020-11-10 15:24:55.792,13132,13133,13133,1,1
2020-11-10 15:24:57.207,13132,13133,13133,1,1
2020-11-10 15:24:57.317,13132,13133,13132,1,-1
2020-11-10 15:24:57.319,13132,13133,13132,1,-1
2020-11-10 15:24:58.410,13132,13133,13133,4,4
2020-11-10 15:24:59.828,13132,13133,13132,1,-1
2020-11-10 15:25:00.085,13131,13132,13132,1,1
2020-11-10 15:25:00.129,13131,13132,13132,1,1
2020-11-10 15:25:00.383,13131,13133,13133,1,1
2020-11-10 15:25:00.440,13131,13133,13133,1,1
2020-11-10 15:25:00.582,13132,13133,13133,2,2
2020-11-10 15:25:00.595,13132,13133,13133,1,1
2020-11-10 15:25:00.595,13132,13133,13134,5,5
2020-11-10 15:25:00.650,13132,13133,13134,2,2
2020-11-10 15:25:01.354,13132,13133,13133,1,1
2020-11-10 15:25:01.400,13132,13133,13133,2,2
2020-11-10 15:25:01.924,13133,13134,13133,3,-3
2020-11-10 15:25:02.022,13133,13134,13134,2,2
2020-11-10 15:25:02.022,13133,13134,13135,1,1
2020-11-10 15:25:03.049,13134,13135,13134,2,-2
2020-11-10 15:25:03.063,13134,13135,13134,1,-1
2020-11-10 15:25:03.175,13134,13135,13135,1,1
2020-11-10 15:25:03.245,13134,13135,13135,1,1
2020-11-10 15:25:03.358,13134,13135,13135,2,2
2020-11-10 15:25:03.389,13134,13135,13135,4,4
2020-11-10 15:25:03.933,13134,13135,13135,1,1
2020-11-10 15:25:03.944,13134,13135,13135,5,5
2020-11-10 15:25:04.583,13134,13136,13134,1,-1
2020-11-10 15:25:05.542,13135,13136,13135,1,1
2020-11-10 15:25:07.985,13134,13135,13135,1,1
2020-11-10 15:25:08.166,13134,13135,13135,1,1
2020-11-10 15:25:08.195,13134,13136,13136,1,1
2020-11-10 15:25:08.196,13134,13136,13136,1,1
2020-11-10 15:25:08.196,13134,13136,13136,1,1
2020-11-10 15:25:08.196,13134,13136,13136,1,1
2020-11-10 15:25:08.197,13134,13136,13136,1,1
2020-11-10 15:25:08.197,13134,13136,13136,1,1
2020-11-10 15:25:08.197,13134,13136,13136,8,8
2020-11-10 15:25:08.198,13134,13136,13137,1,1
2020-11-10 15:25:08.198,13134,13136,13137,1,1
2020-11-10 15:25:08.198,13134,13136,13137,1,1
2020-11-10 15:25:08.198,13134,13136,13137,1,1
2020-11-10 15:25:08.199,13134,13136,13137,1,1
2020-11-10 15:25:08.199,13134,13136,13137,1,1
2020-11-10 15:25:08.202,13134,13136,13137,1,1
2020-11-10 15:25:08.203,13134,13136,13137,1,1
2020-11-10 15:25:08.203,13134,13136,13137,1,1
2020-11-10 15:25:08.356,13136,13137,13137,1,1
2020-11-10 15:25:08.356,13136,13137,13138,1,1
2020-11-10 15:25:08.582,13136,13138,13136,1,-1
2020-11-10 15:25:08.615,13136,13138,13137,1,1
2020-11-10 15:25:08.685,13136,13138,13137,1,-1
2020-11-10 15:25:08.700,13135,13137,13137,1,1
2020-11-10 15:25:08.706,13135,13137,13137,1,1
2020-11-10 15:25:08.832,13135,13137,13137,2,2
2020-11-10 15:25:08.851,13135,13137,13137,1,1
2020-11-10 15:25:08.930,13135,13137,13135,1,-1
2020-11-10 15:25:08.965,13135,13137,13137,2,2
2020-11-10 15:25:08.972,13135,13137,13137,1,1
2020-11-10 15:25:08.982,13135,13137,13137,1,1
2020-11-10 15:25:09.027,13135,13137,13137,1,1
2020-11-10 15:25:09.115,13135,13137,13137,1,1
2020-11-10 15:25:09.115,13135,13137,13138,1,1
2020-11-10 15:25:09.161,13135,13137,13135,1,-1
2020-11-10 15:25:09.276,13135,13137,13135,1,-1
2020-11-10 15:25:09.288,13135,13137,13137,1,1
2020-11-10 15:25:09.330,13135,13137,13137,1,1
2020-11-10 15:25:09.356,13135,13137,13137,1,1
2020-11-10 15:25:09.428,13135,13137,13138,1,1
2020-11-10 15:25:09.557,13136,13138,13136,1,-1
2020-11-10 15:25:09.827,13136,13138,13138,2,2
2020-11-10 15:25:10.347,13136,13137,13137,3,3
2020-11-10 15:25:10.688,13136,13138,13136,2,-2
2020-11-10 15:25:10.819,13135,13137,13137,1,1
2020-11-10 15:25:10.884,13135,13137,13137,1,1
2020-11-10 15:25:10.926,13135,13137,13137,6,6
2020-11-10 15:25:13.304,13136,13138,13136,1,-1
2020-11-10 15:25:14.468,13136,13138,13136,1,-1
2020-11-10 15:25:15.120,13135,13136,13136,1,1
2020-11-10 15:25:15.926,13135,13136,13135,2,-2
2020-11-10 15:25:16.680,13134,13135,13134,1,-1
2020-11-10 15:25:16.680,13134,13135,13133,1,-1
2020-11-10 15:25:17.158,13133,13135,13135,1,1
2020-11-10 15:25:17.195,13134,13135,13135,1,1
2020-11-10 15:25:17.196,13134,13135,13136,1,1
2020-11-10 15:25:17.871,13134,13135,13135,1,1
2020-11-10 15:25:18.080,13134,13135,13135,1,1
2020-11-10 15:25:18.287,13134,13135,13135,1,1
2020-11-10 15:25:19.085,13133,13134,13134,1,1
2020-11-10 15:25:22.182,13133,13134,13134,7,7
2020-11-10 15:25:22.718,13134,13135,13135,1,1
2020-11-10 15:25:23.054,13134,13135,13135,1,1
2020-11-10 15:25:23.798,13135,13136,13135,2,-2
2020-11-10 15:25:24.256,13134,13135,13135,1,1
2020-11-10 15:25:25.157,13134,13135,13135,1,1
2020-11-10 15:25:26.715,13134,13136,13135,1,-1
2020-11-10 15:25:27.169,13134,13136,13136,10,10
2020-11-10 15:25:27.195,13135,13137,13137,1,1
2020-11-10 15:25:27.196,13135,13137,13137,1,1
2020-11-10 15:25:27.299,13135,13137,13136,4,-4
2020-11-10 15:25:28.305,13135,13136,13135,2,-2
2020-11-10 15:25:29.138,13135,13136,13135,2,-2
2020-11-10 15:25:30.832,13135,13136,13136,5,5
2020-11-10 15:25:31.047,13135,13136,13135,1,-1
2020-11-10 15:25:31.205,13135,13136,13135,1,-1
2020-11-10 15:25:32.726,13135,13136,13135,9,-9
2020-11-10 15:25:32.878,13134,13135,13134,1,-1
2020-11-10 15:25:34.206,13134,13135,13134,1,-1
2020-11-10 15:25:35.807,13134,13135,13135,18,18
2020-11-10 15:25:37.594,13135,13136,13135,1,-1
2020-11-10 15:25:37.729,13135,13136,13135,1,-1
2020-11-10 15:25:38.520,13135,13136,13135,1,-1
2020-11-10 15:25:38.562,13135,13136,13134,1,-1
2020-11-10 15:25:39.723,13134,13135,13134,1,-1
2020-11-10 15:25:41.486,13134,13135,13134,1,-1
2020-11-10 15:25:41.487,13134,13135,13134,2,-2
2020-11-10 15:25:41.621,13133,13135,13135,10,10
2020-11-10 15:25:42.304,13133,13135,13135,2,2
2020-11-10 15:25:42.612,13134,13135,13135,2,2
2020-11-10 15:25:42.612,13134,13135,13136,3,3
2020-11-10 15:25:42.668,13134,13135,13135,1,1
2020-11-10 15:25:43.443,13134,13135,13134,1,-1
2020-11-10 15:25:43.775,13134,13135,13134,2,-2
2020-11-10 15:25:43.776,13134,13135,13134,3,-3
2020-11-10 15:25:43.825,13134,13135,13135,1,1
2020-11-10 15:25:45.086,13133,13135,13135,2,2
2020-11-10 15:25:45.642,13134,13135,13135,1,1
2020-11-10 15:25:49.732,13133,13135,13134,1,-1
2020-11-10 15:25:50.508,13134,13135,13135,2,2
2020-11-10 15:25:55.142,13134,13135,13135,20,20
2020-11-10 15:25:55.142,13134,13135,13135,1,1
2020-11-10 15:25:55.142,13134,13135,13135,15,15
2020-11-10 15:25:55.413,13135,13136,13135,4,-4
2020-11-10 15:25:56.008,13134,13135,13135,4,4
2020-11-10 15:25:56.142,13135,13136,13135,1,-1
2020-11-10 15:25:56.327,13135,13136,13135,1,-1
2020-11-10 15:25:57.450,13135,13136,13135,1,-1
2020-11-10 15:26:00.124,13135,13136,13135,3,-3
2020-11-10 15:26:00.198,13135,13136,13136,1,1
2020-11-10 15:26:01.237,13135,13136,13136,1,1
2020-11-10 15:26:01.237,13135,13136,13136,1,1
2020-11-10 15:26:01.237,13135,13136,13136,1,1
2020-11-10 15:26:04.628,13135,13137,13135,1,-1
2020-11-10 15:26:07.678,13136,13137,13136,1,1
2020-11-10 15:26:11.206,13136,13137,13136,1,-1
2020-11-10 15:26:11.307,13136,13137,13137,1,1
2020-11-10 15:26:11.710,13136,13137,13136,1,-1
2020-11-10 15:26:12.567,13136,13137,13137,5,5
2020-11-10 15:26:12.723,13136,13137,13136,1,-1
2020-11-10 15:26:17.032,13136,13137,13137,2,2
2020-11-10 15:26:17.032,13136,13137,13137,7,7
2020-11-10 15:26:21.670,13137,13138,13137,1,-1
2020-11-10 15:26:23.276,13137,13138,13138,2,2
2020-11-10 15:26:23.675,13137,13138,13138,1,1
2020-11-10 15:26:24.446,13137,13138,13138,1,1
2020-11-10 15:26:24.930,13138,13139,13138,1,-1
2020-11-10 15:26:25.110,13138,13139,13139,2,2
2020-11-10 15:26:25.378,13138,13139,13139,17,17
2020-11-10 15:26:25.408,13138,13139,13139,4,4
2020-11-10 15:26:25.620,13139,13140,13140,1,1
2020-11-10 15:26:25.726,13139,13140,13140,1,1
2020-11-10 15:26:25.753,13139,13140,13140,1,1
2020-11-10 15:26:25.753,13139,13140,13140,1,1
2020-11-10 15:26:25.753,13139,13140,13140,1,1
2020-11-10 15:26:25.763,13139,13140,13140,1,1
2020-11-10 15:26:25.763,13139,13140,13140,2,2
2020-11-10 15:26:25.764,13139,13140,13140,5,5
2020-11-10 15:26:25.764,13139,13140,13140,4,4
2020-11-10 15:26:25.767,13139,13140,13141,1,1
2020-11-10 15:26:25.768,13139,13140,13141,1,1
2020-11-10 15:26:25.781,13139,13140,13141,1,1
2020-11-10 15:26:25.803,13139,13140,13141,1,1
2020-11-10 15:26:25.816,13139,13140,13141,6,6
2020-11-10 15:26:25.998,13140,13141,13141,1,1
2020-11-10 15:26:26.001,13140,13141,13141,3,3
2020-11-10 15:26:26.171,13140,13141,13141,2,2
2020-11-10 15:26:26.171,13140,13141,13142,4,4
2020-11-10 15:26:26.213,13140,13142,13142,1,1
2020-11-10 15:26:26.326,13140,13141,13141,2,2
2020-11-10 15:26:26.326,13140,13141,13142,4,4
2020-11-10 15:26:26.555,13140,13142,13142,6,6
2020-11-10 15:26:26.571,13140,13142,13140,1,-1
2020-11-10 15:26:26.580,13140,13142,13142,6,6
2020-11-10 15:26:26.595,13140,13142,13142,1,1
2020-11-10 15:26:26.776,13140,13142,13141,1,-1
2020-11-10 15:26:26.884,13139,13141,13141,3,3
2020-11-10 15:26:27.000,13139,13141,13140,3,-3
2020-11-10 15:26:27.070,13139,13140,13140,1,1
2020-11-10 15:26:27.071,13139,13140,13141,1,1
2020-11-10 15:26:27.140,13139,13140,13141,4,4
2020-11-10 15:26:29.228,13138,13140,13140,5,5
2020-11-10 15:26:29.916,13138,13140,13140,1,1
2020-11-10 15:26:30.432,13138,13139,13139,2,2
2020-11-10 15:26:30.739,13138,13139,13138,1,-1
2020-11-10 15:26:30.957,13137,13139,13139,5,5
2020-11-10 15:26:30.962,13137,13139,13138,3,-3
2020-11-10 15:26:31.359,13138,13139,13139,1,1
2020-11-10 15:26:31.527,13138,13139,13139,1,1
2020-11-10 15:26:34.855,13139,13140,13140,1,1
2020-11-10 15:26:34.868,13139,13140,13140,3,3
2020-11-10 15:26:34.868,13139,13140,13141,2,2
2020-11-10 15:26:36.262,13139,13140,13139,1,-1
2020-11-10 15:26:38.371,13138,13139,13139,1,1
2020-11-10 15:26:40.959,13139,13140,13139,1,-1
2020-11-10 15:26:42.759,13139,13140,13139,1,-1
2020-11-10 15:26:43.067,13139,13140,13140,2,2
2020-11-10 15:26:43.361,13140,13141,13141,2,2
2020-11-10 15:26:44.141,13140,13141,13140,1,-1
2020-11-10 15:26:44.206,13140,13141,13141,10,10
2020-11-10 15:26:45.161,13140,13141,13141,1,1
2020-11-10 15:26:45.918,13140,13141,13140,1,-1
2020-11-10 15:26:46.498,13140,13141,13140,1,-1
2020-11-10 15:26:46.722,13139,13141,13139,7,-7
2020-11-10 15:26:47.753,13138,13139,13139,1,1
2020-11-10 15:26:47.885,13138,13139,13139,1,1
2020-11-10 15:26:49.548,13139,13140,13140,1,1
2020-11-10 15:26:50.740,13139,13140,13139,1,-1
2020-11-10 15:26:52.112,13139,13140,13139,2,-2
2020-11-10 15:26:52.232,13138,13140,13140,10,10
2020-11-10 15:26:52.280,13138,13140,13139,1,-1
2020-11-10 15:26:54.262,13139,13140,13140,6,6
2020-11-10 15:26:54.285,13139,13140,13139,1,-1
2020-11-10 15:26:57.301,13138,13140,13139,1,-1
2020-11-10 15:26:57.320,13138,13140,13140,8,8
2020-11-10 15:26:57.321,13138,13140,13140,1,1
2020-11-10 15:26:57.321,13138,13140,13140,1,1
2020-11-10 15:26:57.899,13138,13140,13139,1,-1
2020-11-10 15:26:58.714,13138,13140,13139,5,-5
2020-11-10 15:26:59.316,13138,13140,13140,3,3
2020-11-10 15:26:59.530,13138,13140,13140,1,1
2020-11-10 15:27:00.372,13138,13139,13139,1,1
2020-11-10 15:27:00.452,13138,13139,13139,1,1
2020-11-10 15:27:00.453,13138,13139,13140,1,1
2020-11-10 15:27:00.493,13138,13139,13140,6,6
2020-11-10 15:27:00.493,13138,13139,13141,4,4
2020-11-10 15:27:00.569,13139,13140,13140,1,1
2020-11-10 15:27:01.116,13139,13140,13140,1,1
2020-11-10 15:27:01.291,13139,13140,13140,1,1
2020-11-10 15:27:02.612,13139,13140,13139,1,-1
2020-11-10 15:27:02.914,13139,13140,13139,4,-4
2020-11-10 15:27:03.611,13138,13140,13140,6,6
2020-11-10 15:27:04.104,13138,13140,13139,3,-3
2020-11-10 15:27:04.104,13138,13140,13140,7,7
2020-11-10 15:27:05.011,13139,13140,13139,5,-5
2020-11-10 15:27:06.217,13139,13140,13139,1,-1
2020-11-10 15:27:06.889,13139,13140,13139,14,-14
2020-11-10 15:27:06.889,13139,13140,13138,2,-2
2020-11-10 15:27:06.928,13139,13140,13140,4,4
2020-11-10 15:27:06.969,13138,13140,13138,1,-1
2020-11-10 15:27:08.598,13138,13139,13139,1,1
