2024-11-25 15:00:00.001,23021,23021,23021,178,0
2024-11-25 15:00:00.001,23021,23021,23021,2,0
2024-11-25 15:00:00.001,23021,23021,23021,2,0
2024-11-25 15:00:00.001,23021,23021,23021,2,0
2024-11-25 15:00:00.001,23022,23022,23022,2,2
2024-11-25 15:00:00.001,23022,23022,23022,4,0
2024-11-25 15:00:00.001,23023,23023,23023,2,2
2024-11-25 15:00:00.001,23023,23023,23023,2,0
2024-11-25 15:00:00.001,23020,23020,23020,2,-2
2024-11-25 15:00:00.001,23023,23023,23023,14,14
2024-11-25 15:00:00.001,23022,23022,23022,2,-2
2024-11-25 15:00:00.001,23020,23020,23020,2,-2
2024-11-25 15:00:00.001,23024,23024,23024,2,2
2024-11-25 15:00:00.001,23020,23020,23020,2,-2
2024-11-25 15:00:00.001,23017,23017,23017,2,-2
2024-11-25 15:00:00.001,23024,23024,23024,2,2
2024-11-25 15:00:00.001,23024,23024,23024,4,0
2024-11-25 15:00:00.001,23024,23024,23024,2,0
2024-11-25 15:00:00.001,23017,23017,23017,2,-2
2024-11-25 15:00:00.001,23017,23017,23017,2,0
2024-11-25 15:00:00.001,23017,23017,23017,2,0
2024-11-25 15:00:00.001,23017,23017,23017,2,0
2024-11-25 15:00:00.001,23017,23017,23017,4,0
2024-11-25 15:00:00.001,23017,23017,23017,2,0
2024-11-25 15:00:00.001,23017,23017,23017,2,0
2024-11-25 15:00:00.001,23013,23013,23013,2,-2
2024-11-25 15:00:00.001,23013,23013,23013,4,0
2024-11-25 15:00:00.001,23013,23013,23013,2,0
2024-11-25 15:00:00.001,23017,23017,23017,2,2
2024-11-25 15:00:00.001,23016,23016,23016,2,-2
2024-11-25 15:00:00.001,23013,23013,23013,4,-4
2024-11-25 15:00:00.001,23016,23016,23016,2,2
2024-11-25 15:00:00.001,23015,23015,23015,2,-2
2024-11-25 15:00:00.001,23016,23016,23016,2,2
2024-11-25 15:00:00.001,23015,23015,23015,2,-2
2024-11-25 15:00:00.001,23015,23015,23015,2,0
2024-11-25 15:00:00.001,23015,23015,23015,2,0
2024-11-25 15:00:00.001,23014,23014,23014,2,-2
2024-11-25 15:00:00.001,23014,23014,23014,2,0
2024-11-25 15:00:00.001,23013,23013,23013,2,-2
2024-11-25 15:00:00.001,23013,23013,23013,2,0
2024-11-25 15:00:00.001,23013,23013,23013,4,0
2024-11-25 15:00:00.001,23013,23013,23013,2,0
2024-11-25 15:00:01.001,23013,23013,23013,2,0
2024-11-25 15:00:01.001,23013,23013,23013,2,0
2024-11-25 15:00:01.001,23012,23012,23012,2,-2
2024-11-25 15:00:01.001,23012,23012,23012,10,0
2024-11-25 15:00:01.001,23012,23012,23012,30,0
2024-11-25 15:00:01.001,23012,23012,23012,32,0
2024-11-25 15:00:01.001,23012,23012,23012,2,0
2024-11-25 15:00:01.001,23011,23011,23011,2,-2
2024-11-25 15:00:01.001,23010,23010,23010,2,-2
2024-11-25 15:00:01.001,23008,23008,23008,6,-6
2024-11-25 15:00:01.001,23008,23008,23008,4,0
2024-11-25 15:00:01.001,23009,23009,23009,2,2
2024-11-25 15:00:01.001,23017,23017,23017,2,2
2024-11-25 15:00:01.001,23008,23008,23008,2,-2
2024-11-25 15:00:01.001,23017,23017,23017,2,2
2024-11-25 15:00:01.001,23008,23008,23008,2,-2
2024-11-25 15:00:01.001,23006,23006,23006,2,-2
2024-11-25 15:00:01.001,23014,23014,23014,2,2
2024-11-25 15:00:01.001,23006,23006,23006,2,-2
2024-11-25 15:00:01.001,23005,23005,23005,2,-2
2024-11-25 15:00:01.001,23005,23005,23005,4,0
2024-11-25 15:00:01.001,23003,23003,23003,2,-2
2024-11-25 15:00:01.001,23005,23005,23005,2,2
2024-11-25 15:00:01.001,23005,23005,23005,2,0
2024-11-25 15:00:01.001,23003,23003,23003,2,-2
2024-11-25 15:00:01.001,23018,23018,23018,2,2
2024-11-25 15:00:01.001,23003,23003,23003,2,-2
2024-11-25 15:00:01.001,23003,23003,23003,2,0
2024-11-25 15:00:01.001,23003,23003,23003,2,0
2024-11-25 15:00:01.001,23011,23011,23011,2,2
2024-11-25 15:00:02.001,23011,23011,23011,2,0
2024-11-25 15:00:02.001,23011,23011,23011,2,0
2024-11-25 15:00:02.001,23011,23011,23011,22,0
2024-11-25 15:00:02.001,23012,23012,23012,4,4
2024-11-25 15:00:02.001,23013,23013,23013,6,6
2024-11-25 15:00:03.001,23014,23014,23014,2,2
2024-11-25 15:00:03.001,23011,23011,23011,2,-2
2024-11-25 15:00:03.001,23010,23010,23010,2,-2
2024-11-25 15:00:03.001,23010,23010,23010,2,0
2024-11-25 15:00:03.001,23009,23009,23009,2,-2
2024-11-25 15:00:03.001,23009,23009,23009,2,0
2024-11-25 15:00:03.001,23013,23013,23013,2,2
2024-11-25 15:00:04.001,23015,23015,23015,2,2
2024-11-25 15:00:04.001,23011,23011,23011,2,-2
2024-11-25 15:00:04.001,23015,23015,23015,2,2
2024-11-25 15:00:04.001,23011,23011,23011,2,-2
2024-11-25 15:00:04.001,23014,23014,23014,2,2
2024-11-25 15:00:04.001,23011,23011,23011,2,-2
2024-11-25 15:00:04.001,23010,23010,23010,2,-2
2024-11-25 15:00:05.001,23013,23013,23013,2,2
2024-11-25 15:00:05.001,23012,23012,23012,2,-2
2024-11-25 15:00:05.001,23011,23011,23011,2,-2
2024-11-25 15:00:06.001,23012,23012,23012,2,2
2024-11-25 15:00:06.001,23011,23011,23011,2,-2
2024-11-25 15:00:06.001,23011,23011,23011,2,0
2024-11-25 15:00:06.001,23010,23010,23010,2,-2
2024-11-25 15:00:06.001,23010,23010,23010,2,0
2024-11-25 15:00:06.001,23009,23009,23009,2,-2
2024-11-25 15:00:06.001,23012,23012,23012,2,2
2024-11-25 15:00:06.001,23012,23012,23012,2,0
2024-11-25 15:00:06.001,23009,23009,23009,2,-2
2024-11-25 15:00:06.001,23009,23009,23009,2,0
2024-11-25 15:00:06.001,23008,23008,23008,2,-2
2024-11-25 15:00:06.001,23012,23012,23012,2,2
2024-11-25 15:00:06.001,23009,23009,23009,2,-2
2024-11-25 15:00:06.001,23013,23013,23013,2,2
2024-11-25 15:00:06.001,23010,23010,23010,2,-2
2024-11-25 15:00:06.001,23009,23009,23009,2,-2
2024-11-25 15:00:06.001,23012,23012,23012,2,2
2024-11-25 15:00:06.001,23013,23013,23013,2,2
2024-11-25 15:00:07.001,23010,23010,23010,2,-2
2024-11-25 15:00:07.001,23009,23009,23009,2,-2
2024-11-25 15:00:07.001,23009,23009,23009,2,0
2024-11-25 15:00:07.001,23011,23011,23011,2,2
2024-11-25 15:00:07.001,23009,23009,23009,2,-2
2024-11-25 15:00:07.001,23008,23008,23008,2,-2
2024-11-25 15:00:07.001,23008,23008,23008,2,0
2024-11-25 15:00:07.001,23008,23008,23008,4,0
2024-11-25 15:00:08.001,23010,23010,23010,2,2
2024-11-25 15:00:08.001,23009,23009,23009,2,-2
2024-11-25 15:00:08.001,23006,23006,23006,2,-2
2024-11-25 15:00:09.001,23008,23008,23008,2,2
2024-11-25 15:00:09.001,23008,23008,23008,2,0
2024-11-25 15:00:09.001,23008,23008,23008,2,0
2024-11-25 15:00:10.001,23007,23007,23007,2,-2
2024-11-25 15:00:10.001,23006,23006,23006,2,-2
2024-11-25 15:00:10.001,23006,23006,23006,2,0
2024-11-25 15:00:10.001,23006,23006,23006,2,0
2024-11-25 15:00:11.001,23008,23008,23008,2,2
2024-11-25 15:00:11.001,23004,23004,23004,2,-2
2024-11-25 15:00:11.001,23004,23004,23004,2,0
2024-11-25 15:00:11.001,23005,23005,23005,2,2
2024-11-25 15:00:11.001,23004,23004,23004,2,-2
2024-11-25 15:00:11.001,23004,23004,23004,2,0
2024-11-25 15:00:11.001,23003,23003,23003,2,-2
2024-11-25 15:00:11.001,23003,23003,23003,2,0
2024-11-25 15:00:11.001,23007,23007,23007,2,2
2024-11-25 15:00:12.001,23006,23006,23006,2,-2
2024-11-25 15:00:14.001,23005,23005,23005,2,-2
2024-11-25 15:00:14.001,23004,23004,23004,2,-2
2024-11-25 15:00:14.001,23004,23004,23004,2,0
2024-11-25 15:00:14.001,23004,23004,23004,2,0
2024-11-25 15:00:14.001,23003,23003,23003,2,-2
2024-11-25 15:00:14.001,23005,23005,23005,2,2
2024-11-25 15:00:15.001,23004,23004,23004,2,-2
2024-11-25 15:00:15.001,23006,23006,23006,2,2
2024-11-25 15:00:15.001,23003,23003,23003,2,-2
2024-11-25 15:00:15.001,23003,23003,23003,4,0
2024-11-25 15:00:15.001,23003,23003,23003,2,0
2024-11-25 15:00:15.001,23003,23003,23003,2,0
2024-11-25 15:00:15.001,23003,23003,23003,2,0
2024-11-25 15:00:15.001,23002,23002,23002,2,-2
2024-11-25 15:00:15.001,23002,23002,23002,4,0
2024-11-25 15:00:15.001,23002,23002,23002,14,0
2024-11-25 15:00:15.001,23002,23002,23002,2,0
2024-11-25 15:00:15.001,23002,23002,23002,20,0
2024-11-25 15:00:15.001,23002,23002,23002,2,0
2024-11-25 15:00:15.001,23002,23002,23002,2,0
2024-11-25 15:00:15.001,23002,23002,23002,2,0
2024-11-25 15:00:15.001,23001,23001,23001,2,-2
2024-11-25 15:00:15.001,23001,23001,23001,4,0
2024-11-25 15:00:15.001,23001,23001,23001,2,0
2024-11-25 15:00:15.001,23001,23001,23001,4,0
2024-11-25 15:00:15.001,23001,23001,23001,2,0
2024-11-25 15:00:15.001,23000,23000,23000,2,-2
2024-11-25 15:00:15.001,23000,23000,23000,2,0
2024-11-25 15:00:15.001,23000,23000,23000,2,0
2024-11-25 15:00:15.001,23000,23000,23000,2,0
2024-11-25 15:00:15.001,23000,23000,23000,2,0
2024-11-25 15:00:15.001,23000,23000,23000,2,0
2024-11-25 15:00:16.001,22999,22999,22999,2,-2
2024-11-25 15:00:16.001,22999,22999,22999,2,0
2024-11-25 15:00:16.001,22998,22998,22998,2,-2
2024-11-25 15:00:16.001,22998,22998,22998,2,0
2024-11-25 15:00:16.001,23001,23001,23001,2,2
2024-11-25 15:00:16.001,23002,23002,23002,6,6
2024-11-25 15:00:16.001,23001,23001,23001,2,-2
2024-11-25 15:00:16.001,22997,22997,22997,2,-2
2024-11-25 15:00:16.001,23001,23001,23001,2,2
2024-11-25 15:00:16.001,23000,23000,23000,2,-2
2024-11-25 15:00:16.001,22997,22997,22997,2,-2
2024-11-25 15:00:16.001,22997,22997,22997,2,0
2024-11-25 15:00:16.001,22996,22996,22996,2,-2
2024-11-25 15:00:16.001,22996,22996,22996,2,0
2024-11-25 15:00:16.001,22995,22995,22995,2,-2
2024-11-25 15:00:16.001,22994,22994,22994,2,-2
2024-11-25 15:00:16.001,22994,22994,22994,2,0
2024-11-25 15:00:16.001,22995,22995,22995,2,2
2024-11-25 15:00:16.001,22994,22994,22994,2,-2
2024-11-25 15:00:16.001,22994,22994,22994,2,0
2024-11-25 15:00:16.001,22993,22993,22993,2,-2
2024-11-25 15:00:16.001,22993,22993,22993,2,0
2024-11-25 15:00:16.001,22992,22992,22992,2,-2
2024-11-25 15:00:16.001,22991,22991,22991,2,-2
2024-11-25 15:00:16.001,22991,22991,22991,2,0
2024-11-25 15:00:16.001,22990,22990,22990,2,-2
2024-11-25 15:00:16.001,22990,22990,22990,2,0
2024-11-25 15:00:16.001,22989,22989,22989,2,-2
2024-11-25 15:00:16.001,22989,22989,22989,10,0
2024-11-25 15:00:16.001,22988,22988,22988,4,-4
2024-11-25 15:00:16.001,22988,22988,22988,4,0
2024-11-25 15:00:16.001,22988,22988,22988,2,0
2024-11-25 15:00:16.001,22987,22987,22987,2,-2
2024-11-25 15:00:16.001,22987,22987,22987,4,0
2024-11-25 15:00:16.001,22986,22986,22986,2,-2
2024-11-25 15:00:16.001,22986,22986,22986,2,0
2024-11-25 15:00:16.001,22994,22994,22994,2,2
2024-11-25 15:00:16.001,22994,22994,22994,2,0
2024-11-25 15:00:16.001,22992,22992,22992,2,-2
2024-11-25 15:00:16.001,22989,22989,22989,2,-2
2024-11-25 15:00:16.001,22986,22986,22986,2,-2
2024-11-25 15:00:16.001,22986,22986,22986,6,0
2024-11-25 15:00:16.001,22986,22986,22986,4,0
2024-11-25 15:00:16.001,22986,22986,22986,10,0
2024-11-25 15:00:16.001,22983,22983,22983,2,-2
2024-11-25 15:00:16.001,22983,22983,22983,2,0
2024-11-25 15:00:16.001,22982,22982,22982,2,-2
2024-11-25 15:00:16.001,22982,22982,22982,2,0
2024-11-25 15:00:16.001,22981,22981,22981,2,-2
2024-11-25 15:00:16.001,22980,22980,22980,2,-2
2024-11-25 15:00:16.001,22980,22980,22980,2,0
2024-11-25 15:00:16.001,22980,22980,22980,2,0
2024-11-25 15:00:16.001,22980,22980,22980,2,0
2024-11-25 15:00:16.001,22998,22998,22998,2,2
2024-11-25 15:00:16.001,22980,22980,22980,4,-4
2024-11-25 15:00:16.001,22980,22980,22980,2,0
2024-11-25 15:00:16.001,22978,22978,22978,2,-2
2024-11-25 15:00:16.001,22978,22978,22978,2,0
2024-11-25 15:00:16.001,22978,22978,22978,4,0
2024-11-25 15:00:16.001,22977,22977,22977,2,-2
2024-11-25 15:00:16.001,22978,22978,22978,2,2
2024-11-25 15:00:16.001,22977,22977,22977,2,-2
2024-11-25 15:00:16.001,22977,22977,22977,2,0
2024-11-25 15:00:16.001,22989,22989,22989,2,2
2024-11-25 15:00:16.001,22998,22998,22998,2,2
2024-11-25 15:00:16.001,22978,22978,22978,2,-2
2024-11-25 15:00:16.001,22977,22977,22977,16,-16
2024-11-25 15:00:16.001,22977,22977,22977,4,0
2024-11-25 15:00:16.001,22977,22977,22977,4,0
2024-11-25 15:00:16.001,22977,22977,22977,2,0
2024-11-25 15:00:16.001,22976,22976,22976,4,-4
2024-11-25 15:00:16.001,22976,22976,22976,4,0
2024-11-25 15:00:16.001,22976,22976,22976,2,0
2024-11-25 15:00:16.001,22976,22976,22976,2,0
2024-11-25 15:00:16.001,22976,22976,22976,2,0
2024-11-25 15:00:16.001,22976,22976,22976,4,0
2024-11-25 15:00:16.001,22995,22995,22995,10,10
2024-11-25 15:00:16.001,22973,22973,22973,16,-16
2024-11-25 15:00:16.001,22973,22973,22973,4,0
2024-11-25 15:00:16.001,22972,22972,22972,2,-2
2024-11-25 15:00:16.001,22976,22976,22976,2,2
2024-11-25 15:00:16.001,22997,22997,22997,2,2
2024-11-25 15:00:16.001,22973,22973,22973,2,-2
2024-11-25 15:00:16.001,22972,22972,22972,2,-2
2024-11-25 15:00:16.001,22971,22971,22971,2,-2
2024-11-25 15:00:16.001,22971,22971,22971,4,0
2024-11-25 15:00:16.001,22970,22970,22970,2,-2
2024-11-25 15:00:16.001,22970,22970,22970,2,0
2024-11-25 15:00:16.001,22970,22970,22970,2,0
2024-11-25 15:00:16.001,22970,22970,22970,2,0
2024-11-25 15:00:16.001,22970,22970,22970,2,0
2024-11-25 15:00:16.001,22969,22969,22969,2,-2
2024-11-25 15:00:16.001,22968,22968,22968,2,-2
2024-11-25 15:00:16.001,22968,22968,22968,2,0
2024-11-25 15:00:16.001,22967,22967,22967,2,-2
2024-11-25 15:00:16.001,22967,22967,22967,2,0
2024-11-25 15:00:16.001,22967,22967,22967,4,0
2024-11-25 15:00:16.001,22967,22967,22967,2,0
2024-11-25 15:00:16.001,22968,22968,22968,2,2
2024-11-25 15:00:16.001,22968,22968,22968,20,0
2024-11-25 15:00:16.001,22997,22997,22997,2,2
2024-11-25 15:00:16.001,22967,22967,22967,2,-2
2024-11-25 15:00:16.001,22965,22965,22965,12,-12
2024-11-25 15:00:16.001,22965,22965,22965,4,0
2024-11-25 15:00:16.001,22965,22965,22965,2,0
2024-11-25 15:00:16.001,22982,22982,22982,2,2
2024-11-25 15:00:16.001,22982,22982,22982,4,0
2024-11-25 15:00:16.001,22982,22982,22982,2,0
2024-11-25 15:00:16.001,22965,22965,22965,2,-2
2024-11-25 15:00:16.001,22963,22963,22963,6,-6
2024-11-25 15:00:16.001,22963,22963,22963,2,0
2024-11-25 15:00:16.001,22963,22963,22963,2,0
2024-11-25 15:00:16.001,22963,22963,22963,2,0
2024-11-25 15:00:16.001,22963,22963,22963,2,0
2024-11-25 15:00:16.001,22966,22966,22966,2,2
2024-11-25 15:00:16.001,22966,22966,22966,2,0
2024-11-25 15:00:16.001,22982,22982,22982,2,2
2024-11-25 15:00:16.001,22998,22998,22998,2,2
2024-11-25 15:00:16.001,22963,22963,22963,2,-2
2024-11-25 15:00:16.001,22963,22963,22963,2,0
2024-11-25 15:00:16.001,22962,22962,22962,2,-2
2024-11-25 15:00:16.001,22961,22961,22961,2,-2
2024-11-25 15:00:16.001,22960,22960,22960,2,-2
2024-11-25 15:00:16.001,22960,22960,22960,2,0
2024-11-25 15:00:16.001,22960,22960,22960,2,0
2024-11-25 15:00:16.001,22960,22960,22960,2,0
2024-11-25 15:00:16.001,22960,22960,22960,2,0
2024-11-25 15:00:16.001,22960,22960,22960,2,0
2024-11-25 15:00:16.001,22960,22960,22960,2,0
2024-11-25 15:00:16.001,22960,22960,22960,2,0
2024-11-25 15:00:16.001,22960,22960,22960,2,0
2024-11-25 15:00:16.001,22960,22960,22960,2,0
2024-11-25 15:00:16.001,22960,22960,22960,4,0
2024-11-25 15:00:16.001,22960,22960,22960,2,0
2024-11-25 15:00:16.001,22960,22960,22960,2,0
2024-11-25 15:00:16.001,22958,22958,22958,2,-2
2024-11-25 15:00:16.001,22958,22958,22958,2,0
2024-11-25 15:00:16.001,22955,22955,22955,2,-2
2024-11-25 15:00:16.001,22963,22963,22963,4,4
2024-11-25 15:00:17.001,22980,22980,22980,2,2
2024-11-25 15:00:17.001,22970,22970,22970,4,-4
2024-11-25 15:00:17.001,22973,22973,22973,2,2
2024-11-25 15:00:17.001,22976,22976,22976,2,2
2024-11-25 15:00:17.001,22968,22968,22968,4,-4
2024-11-25 15:00:17.001,22967,22967,22967,2,-2
2024-11-25 15:00:17.001,22966,22966,22966,2,-2
2024-11-25 15:00:17.001,22966,22966,22966,2,0
2024-11-25 15:00:17.001,22965,22965,22965,2,-2
2024-11-25 15:00:17.001,22960,22960,22960,6,-6
2024-11-25 15:00:17.001,22954,22954,22954,4,-4
2024-11-25 15:00:17.001,22969,22969,22969,2,2
2024-11-25 15:00:17.001,22970,22970,22970,6,6
2024-11-25 15:00:17.001,22971,22971,22971,2,2
2024-11-25 15:00:17.001,22964,22964,22964,2,-2
2024-11-25 15:00:17.001,22974,22974,22974,2,2
2024-11-25 15:00:17.001,22974,22974,22974,2,0
2024-11-25 15:00:17.001,22975,22975,22975,2,2
2024-11-25 15:00:17.001,22965,22965,22965,2,-2
2024-11-25 15:00:17.001,22965,22965,22965,2,0
2024-11-25 15:00:17.001,22964,22964,22964,2,-2
2024-11-25 15:00:17.001,22963,22963,22963,2,-2
2024-11-25 15:00:17.001,22963,22963,22963,2,0
2024-11-25 15:00:17.001,22962,22962,22962,2,-2
2024-11-25 15:00:17.001,22960,22960,22960,2,-2
2024-11-25 15:00:17.001,22957,22957,22957,2,-2
2024-11-25 15:00:17.001,22954,22954,22954,6,-6
2024-11-25 15:00:17.001,22953,22953,22953,2,-2
2024-11-25 15:00:17.001,22951,22951,22951,2,-2
2024-11-25 15:00:17.001,22950,22950,22950,2,-2
2024-11-25 15:00:17.001,22950,22950,22950,2,0
2024-11-25 15:00:17.001,22950,22950,22950,2,0
2024-11-25 15:00:17.001,22951,22951,22951,2,2
2024-11-25 15:00:17.001,22948,22948,22948,2,-2
2024-11-25 15:00:17.001,22948,22948,22948,2,0
2024-11-25 15:00:17.001,22945,22945,22945,2,-2
2024-11-25 15:00:17.001,22944,22944,22944,2,-2
2024-11-25 15:00:17.001,22944,22944,22944,4,0
2024-11-25 15:00:17.001,22969,22969,22969,2,2
2024-11-25 15:00:17.001,22956,22956,22956,2,-2
2024-11-25 15:00:17.001,22953,22953,22953,2,-2
2024-11-25 15:00:17.001,22950,22950,22950,2,-2
2024-11-25 15:00:17.001,22947,22947,22947,2,-2
2024-11-25 15:00:17.001,22944,22944,22944,2,-2
2024-11-25 15:00:17.001,22960,22960,22960,2,2
2024-11-25 15:00:17.001,22961,22961,22961,2,2
2024-11-25 15:00:17.001,22969,22969,22969,2,2
2024-11-25 15:00:17.001,22970,22970,22970,2,2
2024-11-25 15:00:17.001,22945,22945,22945,2,-2
2024-11-25 15:00:17.001,22944,22944,22944,2,-2
2024-11-25 15:00:17.001,22969,22969,22969,2,2
2024-11-25 15:00:17.001,22943,22943,22943,4,-4
2024-11-25 15:00:17.001,22945,22945,22945,4,4
2024-11-25 15:00:17.001,22943,22943,22943,2,-2
2024-11-25 15:00:17.001,22943,22943,22943,4,0
2024-11-25 15:00:17.001,22944,22944,22944,4,4
2024-11-25 15:00:17.001,22969,22969,22969,2,2
2024-11-25 15:00:17.001,22945,22945,22945,2,-2
2024-11-25 15:00:17.001,22944,22944,22944,2,-2
2024-11-25 15:00:17.001,22944,22944,22944,2,0
2024-11-25 15:00:17.001,22944,22944,22944,2,0
2024-11-25 15:00:17.001,22943,22943,22943,2,-2
2024-11-25 15:00:17.001,22970,22970,22970,2,2
2024-11-25 15:00:17.001,22973,22973,22973,2,2
2024-11-25 15:00:17.001,22974,22974,22974,4,4
2024-11-25 15:00:17.001,22975,22975,22975,2,2
2024-11-25 15:00:17.001,22976,22976,22976,2,2
2024-11-25 15:00:17.001,22967,22967,22967,2,-2
2024-11-25 15:00:17.001,22967,22967,22967,2,0
2024-11-25 15:00:17.001,22961,22961,22961,2,-2
2024-11-25 15:00:18.001,22961,22961,22961,2,0
2024-11-25 15:00:18.001,22973,22973,22973,2,2
2024-11-25 15:00:18.001,22977,22977,22977,2,2
2024-11-25 15:00:18.001,22979,22979,22979,6,6
2024-11-25 15:00:18.001,22980,22980,22980,4,4
2024-11-25 15:00:18.001,22981,22981,22981,8,8
2024-11-25 15:00:18.001,22976,22976,22976,2,-2
2024-11-25 15:00:18.001,22976,22976,22976,2,0
2024-11-25 15:00:18.001,22977,22977,22977,2,2
2024-11-25 15:00:18.001,22978,22978,22978,2,2
2024-11-25 15:00:18.001,22976,22976,22976,2,-2
2024-11-25 15:00:18.001,22977,22977,22977,2,2
2024-11-25 15:00:18.001,22978,22978,22978,4,4
2024-11-25 15:00:18.001,22976,22976,22976,2,-2
2024-11-25 15:00:18.001,22975,22975,22975,2,-2
2024-11-25 15:00:18.001,22980,22980,22980,2,2
2024-11-25 15:00:18.001,22981,22981,22981,10,10
2024-11-25 15:00:18.001,22976,22976,22976,2,-2
2024-11-25 15:00:18.001,22976,22976,22976,2,0
2024-11-25 15:00:18.001,22977,22977,22977,2,2
2024-11-25 15:00:18.001,22977,22977,22977,2,0
2024-11-25 15:00:18.001,22984,22984,22984,4,4
2024-11-25 15:00:18.001,22985,22985,22985,2,2
2024-11-25 15:00:19.001,22980,22980,22980,2,-2
2024-11-25 15:00:19.001,22980,22980,22980,2,0
2024-11-25 15:00:19.001,22977,22977,22977,2,-2
2024-11-25 15:00:19.001,22983,22983,22983,2,2
2024-11-25 15:00:19.001,22976,22976,22976,2,-2
2024-11-25 15:00:19.001,22981,22981,22981,2,2
2024-11-25 15:00:19.001,22976,22976,22976,2,-2
2024-11-25 15:00:19.001,22976,22976,22976,2,0
2024-11-25 15:00:19.001,22977,22977,22977,2,2
2024-11-25 15:00:19.001,22976,22976,22976,4,-4
2024-11-25 15:00:19.001,22975,22975,22975,2,-2
2024-11-25 15:00:19.001,22975,22975,22975,2,0
2024-11-25 15:00:19.001,22981,22981,22981,2,2
2024-11-25 15:00:19.001,22982,22982,22982,2,2
2024-11-25 15:00:19.001,22982,22982,22982,2,0
2024-11-25 15:00:19.001,22979,22979,22979,2,-2
2024-11-25 15:00:20.001,22981,22981,22981,2,2
2024-11-25 15:00:20.001,22978,22978,22978,2,-2
2024-11-25 15:00:20.001,22975,22975,22975,2,-2
2024-11-25 15:00:20.001,22975,22975,22975,2,0
2024-11-25 15:00:20.001,22981,22981,22981,2,2
2024-11-25 15:00:20.001,22981,22981,22981,2,0
2024-11-25 15:00:20.001,22980,22980,22980,2,-2
2024-11-25 15:00:21.001,22975,22975,22975,2,-2
2024-11-25 15:00:21.001,22975,22975,22975,2,0
2024-11-25 15:00:21.001,22980,22980,22980,2,2
2024-11-25 15:00:21.001,22981,22981,22981,2,2
2024-11-25 15:00:21.001,22980,22980,22980,2,-2
2024-11-25 15:00:21.001,22981,22981,22981,6,6
2024-11-25 15:00:22.001,22982,22982,22982,2,2
2024-11-25 15:00:22.001,22982,22982,22982,2,0
2024-11-25 15:00:22.001,22977,22977,22977,2,-2
2024-11-25 15:00:22.001,22978,22978,22978,2,2
2024-11-25 15:00:22.001,22978,22978,22978,2,0
2024-11-25 15:00:22.001,22977,22977,22977,2,-2
2024-11-25 15:00:22.001,22977,22977,22977,2,0
2024-11-25 15:00:22.001,22977,22977,22977,2,0
2024-11-25 15:00:22.001,22981,22981,22981,2,2
2024-11-25 15:00:22.001,22981,22981,22981,2,0
2024-11-25 15:00:23.001,22977,22977,22977,2,-2
2024-11-25 15:00:23.001,22981,22981,22981,2,2
2024-11-25 15:00:23.001,22982,22982,22982,2,2
2024-11-25 15:00:23.001,22979,22979,22979,2,-2
2024-11-25 15:00:23.001,22981,22981,22981,2,2
2024-11-25 15:00:23.001,22983,22983,22983,2,2
2024-11-25 15:00:24.001,22983,22983,22983,2,0
2024-11-25 15:00:24.001,22980,22980,22980,2,-2
2024-11-25 15:00:24.001,22979,22979,22979,2,-2
2024-11-25 15:00:24.001,22982,22982,22982,2,2
2024-11-25 15:00:24.001,22983,22983,22983,2,2
2024-11-25 15:00:24.001,22979,22979,22979,2,-2
2024-11-25 15:00:24.001,22982,22982,22982,2,2
2024-11-25 15:00:24.001,22982,22982,22982,2,0
2024-11-25 15:00:24.001,22983,22983,22983,2,2
2024-11-25 15:00:25.001,22984,22984,22984,2,2
2024-11-25 15:00:25.001,22984,22984,22984,2,0
2024-11-25 15:00:25.001,22982,22982,22982,2,-2
2024-11-25 15:00:25.001,22982,22982,22982,2,0
2024-11-25 15:00:25.001,22984,22984,22984,2,2
2024-11-25 15:00:25.001,22984,22984,22984,2,0
2024-11-25 15:00:25.001,22982,22982,22982,2,-2
2024-11-25 15:00:25.001,22984,22984,22984,2,2
2024-11-25 15:00:26.001,22980,22980,22980,2,-2
2024-11-25 15:00:26.001,22979,22979,22979,2,-2
2024-11-25 15:00:26.001,22979,22979,22979,2,0
2024-11-25 15:00:26.001,22978,22978,22978,2,-2
2024-11-25 15:00:26.001,22977,22977,22977,2,-2
2024-11-25 15:00:26.001,22977,22977,22977,2,0
2024-11-25 15:00:26.001,22977,22977,22977,2,0
2024-11-25 15:00:26.001,22978,22978,22978,2,2
2024-11-25 15:00:26.001,22975,22975,22975,4,-4
2024-11-25 15:00:26.001,22975,22975,22975,2,0
2024-11-25 15:00:26.001,22975,22975,22975,2,0
2024-11-25 15:00:26.001,22978,22978,22978,2,2
2024-11-25 15:00:26.001,22978,22978,22978,2,0
2024-11-25 15:00:26.001,22980,22980,22980,2,2
2024-11-25 15:00:26.001,22984,22984,22984,2,2
2024-11-25 15:00:27.001,22985,22985,22985,2,2
2024-11-25 15:00:27.001,22980,22980,22980,2,-2
2024-11-25 15:00:27.001,22984,22984,22984,2,2
2024-11-25 15:00:27.001,22980,22980,22980,2,-2
2024-11-25 15:00:27.001,22979,22979,22979,2,-2
2024-11-25 15:00:27.001,22978,22978,22978,2,-2
2024-11-25 15:00:27.001,22979,22979,22979,2,2
2024-11-25 15:00:27.001,22984,22984,22984,2,2
2024-11-25 15:00:28.001,22977,22977,22977,2,-2
2024-11-25 15:00:28.001,22983,22983,22983,2,2
2024-11-25 15:00:28.001,22984,22984,22984,4,4
2024-11-25 15:00:28.001,22979,22979,22979,2,-2
2024-11-25 15:00:28.001,22978,22978,22978,2,-2
2024-11-25 15:00:28.001,22978,22978,22978,2,0
2024-11-25 15:00:29.001,22980,22980,22980,2,2
2024-11-25 15:00:29.001,22982,22982,22982,2,2
2024-11-25 15:00:29.001,22979,22979,22979,2,-2
2024-11-25 15:00:29.001,22982,22982,22982,2,2
2024-11-25 15:00:30.001,22983,22983,22983,4,4
2024-11-25 15:00:30.001,22982,22982,22982,2,-2
2024-11-25 15:00:30.001,22982,22982,22982,2,0
2024-11-25 15:00:31.001,22983,22983,22983,2,2
2024-11-25 15:00:31.001,22983,22983,22983,2,0
2024-11-25 15:00:31.001,22980,22980,22980,2,-2
2024-11-25 15:00:32.001,22983,22983,22983,2,2
2024-11-25 15:00:32.001,22980,22980,22980,2,-2
2024-11-25 15:00:33.001,22984,22984,22984,2,2
2024-11-25 15:00:33.001,22982,22982,22982,2,-2
2024-11-25 15:00:33.001,22984,22984,22984,2,2
2024-11-25 15:00:34.001,22982,22982,22982,2,-2
2024-11-25 15:00:34.001,22982,22982,22982,2,0
2024-11-25 15:00:34.001,22982,22982,22982,2,0
2024-11-25 15:00:34.001,22981,22981,22981,2,-2
2024-11-25 15:00:35.001,22984,22984,22984,2,2
2024-11-25 15:00:35.001,22984,22984,22984,2,0
2024-11-25 15:00:35.001,22983,22983,22983,2,-2
2024-11-25 15:00:36.001,22983,22983,22983,2,0
2024-11-25 15:00:37.001,22982,22982,22982,2,-2
2024-11-25 15:00:37.001,22981,22981,22981,8,-8
2024-11-25 15:00:37.001,22979,22979,22979,2,-2
2024-11-25 15:00:37.001,22979,22979,22979,2,0
2024-11-25 15:00:37.001,22979,22979,22979,2,0
2024-11-25 15:00:37.001,22981,22981,22981,2,2
2024-11-25 15:00:38.001,22978,22978,22978,2,-2
2024-11-25 15:00:38.001,22978,22978,22978,2,0
2024-11-25 15:00:38.001,22978,22978,22978,2,0
2024-11-25 15:00:38.001,22977,22977,22977,14,-14
2024-11-25 15:00:38.001,22977,22977,22977,2,0
2024-11-25 15:00:38.001,22976,22976,22976,2,-2
2024-11-25 15:00:38.001,22976,22976,22976,2,0
2024-11-25 15:00:38.001,22975,22975,22975,2,-2
2024-11-25 15:00:38.001,22975,22975,22975,4,0
2024-11-25 15:00:38.001,22975,22975,22975,2,0
2024-11-25 15:00:38.001,22975,22975,22975,2,0
2024-11-25 15:00:38.001,22975,22975,22975,2,0
2024-11-25 15:00:38.001,22976,22976,22976,2,2
2024-11-25 15:00:38.001,22977,22977,22977,2,2
2024-11-25 15:00:39.001,22975,22975,22975,2,-2
2024-11-25 15:00:39.001,22975,22975,22975,4,0
2024-11-25 15:00:39.001,22976,22976,22976,6,6
2024-11-25 15:00:39.001,22977,22977,22977,8,8
2024-11-25 15:00:39.001,22978,22978,22978,2,2
2024-11-25 15:00:39.001,22977,22977,22977,2,-2
2024-11-25 15:00:39.001,22977,22977,22977,4,0
2024-11-25 15:00:39.001,22977,22977,22977,4,0
2024-11-25 15:00:39.001,22978,22978,22978,2,2
2024-11-25 15:00:40.001,22978,22978,22978,4,0
2024-11-25 15:00:40.001,22979,22979,22979,4,4
2024-11-25 15:00:40.001,22977,22977,22977,2,-2
2024-11-25 15:00:40.001,22977,22977,22977,2,0
2024-11-25 15:00:40.001,22977,22977,22977,2,0
2024-11-25 15:00:41.001,22975,22975,22975,2,-2
2024-11-25 15:00:41.001,22976,22976,22976,2,2
2024-11-25 15:00:41.001,22974,22974,22974,2,-2
2024-11-25 15:00:41.001,22974,22974,22974,2,0
2024-11-25 15:00:42.001,22974,22974,22974,2,0
2024-11-25 15:00:42.001,22975,22975,22975,2,2
2024-11-25 15:00:43.001,22973,22973,22973,2,-2
2024-11-25 15:00:43.001,22973,22973,22973,2,0
2024-11-25 15:00:44.001,22974,22974,22974,2,2
2024-11-25 15:00:44.001,22974,22974,22974,2,0
2024-11-25 15:00:45.001,22974,22974,22974,2,0
2024-11-25 15:00:45.001,22974,22974,22974,4,0
2024-11-25 15:00:46.001,22974,22974,22974,2,0
2024-11-25 15:00:46.001,22975,22975,22975,4,4
2024-11-25 15:00:46.001,22974,22974,22974,2,-2
2024-11-25 15:00:46.001,22976,22976,22976,8,8
2024-11-25 15:00:46.001,22977,22977,22977,2,2
2024-11-25 15:00:46.001,22977,22977,22977,2,0
2024-11-25 15:00:46.001,22978,22978,22978,4,4
2024-11-25 15:00:47.001,22979,22979,22979,2,2
2024-11-25 15:00:47.001,22979,22979,22979,4,0
2024-11-25 15:00:47.001,22978,22978,22978,2,-2
2024-11-25 15:00:47.001,22978,22978,22978,2,0
2024-11-25 15:00:47.001,22977,22977,22977,2,-2
2024-11-25 15:00:48.001,22979,22979,22979,2,2
2024-11-25 15:00:48.001,22979,22979,22979,2,0
2024-11-25 15:00:49.001,22979,22979,22979,2,0
2024-11-25 15:00:49.001,22979,22979,22979,2,0
2024-11-25 15:00:49.001,22980,22980,22980,2,2
2024-11-25 15:00:50.001,22980,22980,22980,2,0
2024-11-25 15:00:51.001,22981,22981,22981,2,2
2024-11-25 15:00:52.001,22981,22981,22981,2,0
2024-11-25 15:00:52.001,22981,22981,22981,2,0
2024-11-25 15:00:52.001,22981,22981,22981,4,0
2024-11-25 15:00:52.001,22981,22981,22981,2,0
2024-11-25 15:00:53.001,22982,22982,22982,2,2
2024-11-25 15:00:54.001,22982,22982,22982,2,0
2024-11-25 15:00:54.001,22983,22983,22983,2,2
2024-11-25 15:00:54.001,22983,22983,22983,2,0
2024-11-25 15:00:54.001,22983,22983,22983,2,0
2024-11-25 15:00:54.001,22981,22981,22981,2,-2
2024-11-25 15:00:54.001,22983,22983,22983,2,2
2024-11-25 15:00:54.001,22981,22981,22981,2,-2
2024-11-25 15:00:55.001,22982,22982,22982,2,2
2024-11-25 15:00:55.001,22982,22982,22982,2,0
2024-11-25 15:00:55.001,22982,22982,22982,2,0
2024-11-25 15:00:56.001,22982,22982,22982,2,0
2024-11-25 15:00:57.001,22982,22982,22982,2,0
2024-11-25 15:00:57.001,22980,22980,22980,2,-2
2024-11-25 15:00:58.001,22979,22979,22979,4,-4
2024-11-25 15:00:58.001,22979,22979,22979,2,0
2024-11-25 15:00:58.001,22980,22980,22980,4,4
2024-11-25 15:00:58.001,22981,22981,22981,2,2
2024-11-25 15:00:58.001,22982,22982,22982,2,2
2024-11-25 15:00:59.001,22981,22981,22981,2,-2
2024-11-25 15:00:59.001,22980,22980,22980,2,-2
2024-11-25 15:00:59.001,22980,22980,22980,2,0
2024-11-25 15:00:59.001,22978,22978,22978,2,-2
2024-11-25 15:01:00.001,22978,22978,22978,4,0
2024-11-25 15:01:00.001,22975,22975,22975,2,-2
2024-11-25 15:01:00.001,22975,22975,22975,2,0
2024-11-25 15:01:00.001,22975,22975,22975,2,0
2024-11-25 15:01:00.001,22975,22975,22975,2,0
2024-11-25 15:01:00.001,22974,22974,22974,2,-2
2024-11-25 15:01:00.001,22976,22976,22976,2,2
2024-11-25 15:01:00.001,22978,22978,22978,2,2
2024-11-25 15:01:00.001,22978,22978,22978,2,0
2024-11-25 15:01:00.001,22976,22976,22976,2,-2
2024-11-25 15:01:00.001,22975,22975,22975,2,-2
2024-11-25 15:01:00.001,22974,22974,22974,2,-2
2024-11-25 15:01:00.001,22974,22974,22974,2,0
2024-11-25 15:01:00.001,22974,22974,22974,2,0
2024-11-25 15:01:00.001,22974,22974,22974,4,0
2024-11-25 15:01:00.001,22973,22973,22973,2,-2
2024-11-25 15:01:00.001,22973,22973,22973,2,0
2024-11-25 15:01:00.001,22973,22973,22973,2,0
2024-11-25 15:01:00.001,22973,22973,22973,2,0
2024-11-25 15:01:00.001,22973,22973,22973,10,0
2024-11-25 15:01:00.001,22973,22973,22973,4,0
2024-11-25 15:01:00.001,22973,22973,22973,2,0
2024-11-25 15:01:00.001,22972,22972,22972,2,-2
2024-11-25 15:01:00.001,22972,22972,22972,2,0
2024-11-25 15:01:00.001,22972,22972,22972,2,0
2024-11-25 15:01:00.001,22972,22972,22972,4,0
2024-11-25 15:01:00.001,22972,22972,22972,4,0
2024-11-25 15:01:00.001,22971,22971,22971,2,-2
2024-11-25 15:01:00.001,22971,22971,22971,2,0
2024-11-25 15:01:00.001,22971,22971,22971,2,0
2024-11-25 15:01:00.001,22971,22971,22971,2,0
2024-11-25 15:01:00.001,22970,22970,22970,2,-2
2024-11-25 15:01:00.001,22970,22970,22970,2,0
2024-11-25 15:01:00.001,22970,22970,22970,2,0
2024-11-25 15:01:00.001,22970,22970,22970,2,0
2024-11-25 15:01:00.001,22970,22970,22970,2,0
2024-11-25 15:01:00.001,22970,22970,22970,2,0
2024-11-25 15:01:00.001,22969,22969,22969,2,-2
2024-11-25 15:01:00.001,22967,22967,22967,2,-2
2024-11-25 15:01:00.001,22967,22967,22967,2,0
2024-11-25 15:01:00.001,22966,22966,22966,2,-2
2024-11-25 15:01:00.001,22966,22966,22966,2,0
2024-11-25 15:01:00.001,22966,22966,22966,10,0
2024-11-25 15:01:00.001,22964,22964,22964,2,-2
2024-11-25 15:01:00.001,22964,22964,22964,2,0
2024-11-25 15:01:00.001,22963,22963,22963,2,-2
2024-11-25 15:01:00.001,22963,22963,22963,2,0
2024-11-25 15:01:00.001,22962,22962,22962,6,-6
2024-11-25 15:01:00.001,22961,22961,22961,2,-2
2024-11-25 15:01:00.001,22960,22960,22960,2,-2
2024-11-25 15:01:00.001,22960,22960,22960,2,0
2024-11-25 15:01:00.001,22958,22958,22958,2,-2
2024-11-25 15:01:00.001,22958,22958,22958,4,0
2024-11-25 15:01:00.001,22958,22958,22958,4,0
2024-11-25 15:01:00.001,22958,22958,22958,2,0
2024-11-25 15:01:00.001,22957,22957,22957,2,-2
2024-11-25 15:01:00.001,22953,22953,22953,4,-4
2024-11-25 15:01:00.001,22964,22964,22964,6,6
2024-11-25 15:01:00.001,22954,22954,22954,2,-2
2024-11-25 15:01:00.001,22955,22955,22955,2,2
2024-11-25 15:01:00.001,22956,22956,22956,2,2
2024-11-25 15:01:00.001,22956,22956,22956,2,0
2024-11-25 15:01:00.001,22963,22963,22963,4,4
2024-11-25 15:01:00.001,22964,22964,22964,2,2
2024-11-25 15:01:00.001,22964,22964,22964,2,0
2024-11-25 15:01:00.001,22965,22965,22965,2,2
2024-11-25 15:01:00.001,22968,22968,22968,2,2
2024-11-25 15:01:00.001,22969,22969,22969,2,2
2024-11-25 15:01:00.001,22968,22968,22968,2,-2
2024-11-25 15:01:00.001,22969,22969,22969,4,4
2024-11-25 15:01:00.001,22970,22970,22970,2,2
2024-11-25 15:01:01.001,22969,22969,22969,4,-4
2024-11-25 15:01:01.001,22970,22970,22970,4,4
2024-11-25 15:01:01.001,22971,22971,22971,4,4
2024-11-25 15:01:01.001,22969,22969,22969,2,-2
2024-11-25 15:01:01.001,22973,22973,22973,2,2
2024-11-25 15:01:01.001,22974,22974,22974,2,2
2024-11-25 15:01:01.001,22975,22975,22975,2,2
2024-11-25 15:01:01.001,22977,22977,22977,2,2
2024-11-25 15:01:01.001,22978,22978,22978,2,2
2024-11-25 15:01:01.001,22980,22980,22980,2,2
2024-11-25 15:01:01.001,22980,22980,22980,2,0
2024-11-25 15:01:01.001,22977,22977,22977,2,-2
2024-11-25 15:01:01.001,22977,22977,22977,2,0
2024-11-25 15:01:01.001,22977,22977,22977,2,0
2024-11-25 15:01:01.001,22976,22976,22976,2,-2
2024-11-25 15:01:01.001,22975,22975,22975,2,-2
2024-11-25 15:01:01.001,22979,22979,22979,2,2
2024-11-25 15:01:01.001,22973,22973,22973,2,-2
2024-11-25 15:01:02.001,22974,22974,22974,2,2
2024-11-25 15:01:02.001,22975,22975,22975,2,2
2024-11-25 15:01:03.001,22973,22973,22973,2,-2
2024-11-25 15:01:03.001,22973,22973,22973,4,0
2024-11-25 15:01:03.001,22972,22972,22972,2,-2
2024-11-25 15:01:03.001,22972,22972,22972,2,0
2024-11-25 15:01:04.001,22977,22977,22977,2,2
2024-11-25 15:01:06.001,22977,22977,22977,2,0
2024-11-25 15:01:06.001,22978,22978,22978,2,2
2024-11-25 15:01:06.001,22978,22978,22978,2,0
2024-11-25 15:01:07.001,22978,22978,22978,2,0
2024-11-25 15:01:07.001,22979,22979,22979,2,2
2024-11-25 15:01:07.001,22980,22980,22980,2,2
2024-11-25 15:01:07.001,22980,22980,22980,4,0
2024-11-25 15:01:07.001,22981,22981,22981,6,6
2024-11-25 15:01:07.001,22982,22982,22982,16,16
2024-11-25 15:01:07.001,22982,22982,22982,2,0
2024-11-25 15:01:07.001,22983,22983,22983,6,6
2024-11-25 15:01:07.001,22984,22984,22984,6,6
2024-11-25 15:01:07.001,22985,22985,22985,2,2
2024-11-25 15:01:08.001,22986,22986,22986,2,2
2024-11-25 15:01:08.001,22984,22984,22984,2,-2
2024-11-25 15:01:08.001,22984,22984,22984,2,0
2024-11-25 15:01:08.001,22984,22984,22984,2,0
2024-11-25 15:01:08.001,22984,22984,22984,2,0
2024-11-25 15:01:08.001,22984,22984,22984,2,0
2024-11-25 15:01:09.001,22984,22984,22984,2,0
2024-11-25 15:01:09.001,22984,22984,22984,2,0
2024-11-25 15:01:10.001,22984,22984,22984,2,0
2024-11-25 15:01:11.001,22983,22983,22983,2,-2
2024-11-25 15:01:11.001,22981,22981,22981,2,-2
2024-11-25 15:01:11.001,22978,22978,22978,2,-2
2024-11-25 15:01:11.001,22981,22981,22981,2,2
2024-11-25 15:01:11.001,22983,22983,22983,4,4
2024-11-25 15:01:11.001,22984,22984,22984,4,4
2024-11-25 15:01:11.001,22986,22986,22986,6,6
2024-11-25 15:01:11.001,22987,22987,22987,2,2
2024-11-25 15:01:11.001,22987,22987,22987,2,0
2024-11-25 15:01:12.001,22987,22987,22987,2,0
2024-11-25 15:01:12.001,22987,22987,22987,2,0
2024-11-25 15:01:12.001,22987,22987,22987,2,0
2024-11-25 15:01:12.001,22987,22987,22987,2,0
2024-11-25 15:01:12.001,22988,22988,22988,2,2
2024-11-25 15:01:12.001,22986,22986,22986,2,-2
2024-11-25 15:01:13.001,22986,22986,22986,2,0
2024-11-25 15:01:13.001,22986,22986,22986,2,0
2024-11-25 15:01:13.001,22985,22985,22985,28,-28
2024-11-25 15:01:13.001,22985,22985,22985,2,0
2024-11-25 15:01:13.001,22984,22984,22984,2,-2
2024-11-25 15:01:13.001,22985,22985,22985,2,2
2024-11-25 15:01:13.001,22986,22986,22986,2,2
2024-11-25 15:01:13.001,22986,22986,22986,2,0
2024-11-25 15:01:13.001,22987,22987,22987,2,2
2024-11-25 15:01:13.001,22987,22987,22987,6,0
2024-11-25 15:01:13.001,22988,22988,22988,4,4
2024-11-25 15:01:14.001,22988,22988,22988,2,0
2024-11-25 15:01:14.001,22985,22985,22985,2,-2
2024-11-25 15:01:14.001,22985,22985,22985,2,0
2024-11-25 15:01:15.001,22984,22984,22984,2,-2
2024-11-25 15:01:15.001,22987,22987,22987,6,6
2024-11-25 15:01:15.001,22988,22988,22988,10,10
2024-11-25 15:01:15.001,22989,22989,22989,6,6
2024-11-25 15:01:15.001,22986,22986,22986,2,-2
2024-11-25 15:01:15.001,22986,22986,22986,2,0
2024-11-25 15:01:15.001,22986,22986,22986,2,0
2024-11-25 15:01:15.001,22986,22986,22986,2,0
2024-11-25 15:01:15.001,22986,22986,22986,2,0
2024-11-25 15:01:15.001,22985,22985,22985,2,-2
2024-11-25 15:01:15.001,22985,22985,22985,2,0
2024-11-25 15:01:15.001,22985,22985,22985,2,0
2024-11-25 15:01:15.001,22985,22985,22985,2,0
2024-11-25 15:01:15.001,22987,22987,22987,2,2
2024-11-25 15:01:16.001,22986,22986,22986,2,-2
2024-11-25 15:01:16.001,22986,22986,22986,2,0
2024-11-25 15:01:16.001,22989,22989,22989,2,2
2024-11-25 15:01:16.001,22986,22986,22986,2,-2
2024-11-25 15:01:16.001,22986,22986,22986,2,0
2024-11-25 15:01:16.001,22986,22986,22986,2,0
2024-11-25 15:01:16.001,22986,22986,22986,2,0
2024-11-25 15:01:17.001,22989,22989,22989,2,2
2024-11-25 15:01:17.001,22988,22988,22988,2,-2
2024-11-25 15:01:17.001,22990,22990,22990,2,2
2024-11-25 15:01:17.001,22991,22991,22991,8,8
2024-11-25 15:01:17.001,22992,22992,22992,6,6
2024-11-25 15:01:17.001,22992,22992,22992,4,0
2024-11-25 15:01:18.001,22991,22991,22991,2,-2
2024-11-25 15:01:18.001,22993,22993,22993,2,2
2024-11-25 15:01:18.001,22993,22993,22993,4,0
2024-11-25 15:01:18.001,22991,22991,22991,2,-2
2024-11-25 15:01:18.001,22991,22991,22991,2,0
2024-11-25 15:01:19.001,22994,22994,22994,2,2
2024-11-25 15:01:20.001,22993,22993,22993,2,-2
2024-11-25 15:01:21.001,22990,22990,22990,2,-2
2024-11-25 15:01:21.001,22993,22993,22993,2,2
2024-11-25 15:01:22.001,22993,22993,22993,2,0
2024-11-25 15:01:22.001,22990,22990,22990,2,-2
2024-11-25 15:01:22.001,22993,22993,22993,4,4
2024-11-25 15:01:23.001,22991,22991,22991,2,-2
2024-11-25 15:01:23.001,22990,22990,22990,6,-6
2024-11-25 15:01:23.001,22990,22990,22990,18,0
2024-11-25 15:01:24.001,22990,22990,22990,2,0
2024-11-25 15:01:24.001,22992,22992,22992,2,2
2024-11-25 15:01:25.001,22989,22989,22989,2,-2
2024-11-25 15:01:25.001,22989,22989,22989,2,0
2024-11-25 15:01:25.001,22990,22990,22990,4,4
2024-11-25 15:01:25.001,22990,22990,22990,2,0
2024-11-25 15:01:26.001,22991,22991,22991,6,6
2024-11-25 15:01:26.001,22992,22992,22992,4,4
2024-11-25 15:01:27.001,22992,22992,22992,2,0
2024-11-25 15:01:28.001,22992,22992,22992,2,0
2024-11-25 15:01:29.001,22992,22992,22992,2,0
2024-11-25 15:01:31.001,22989,22989,22989,2,-2
2024-11-25 15:01:32.001,22988,22988,22988,2,-2
2024-11-25 15:01:32.001,22987,22987,22987,2,-2
2024-11-25 15:01:32.001,22987,22987,22987,2,0
2024-11-25 15:01:33.001,22989,22989,22989,6,6
2024-11-25 15:01:34.001,22990,22990,22990,6,6
2024-11-25 15:01:34.001,22992,22992,22992,4,4
2024-11-25 15:01:34.001,22992,22992,22992,4,0
2024-11-25 15:01:34.001,22994,22994,22994,2,2
2024-11-25 15:01:35.001,22994,22994,22994,4,0
2024-11-25 15:01:35.001,22994,22994,22994,6,0
2024-11-25 15:01:37.001,22994,22994,22994,2,0
2024-11-25 15:01:37.001,22995,22995,22995,2,2
2024-11-25 15:01:37.001,22995,22995,22995,2,0
2024-11-25 15:01:39.001,22995,22995,22995,2,0
2024-11-25 15:01:40.001,22994,22994,22994,2,-2
2024-11-25 15:01:40.001,22994,22994,22994,2,0
2024-11-25 15:01:40.001,22992,22992,22992,2,-2
2024-11-25 15:01:40.001,22991,22991,22991,2,-2
2024-11-25 15:01:41.001,22994,22994,22994,2,2
2024-11-25 15:01:41.001,22995,22995,22995,2,2
2024-11-25 15:01:41.001,22995,22995,22995,2,0
2024-11-25 15:01:41.001,22995,22995,22995,2,0
2024-11-25 15:01:43.001,22994,22994,22994,2,-2
2024-11-25 15:01:43.001,22992,22992,22992,2,-2
2024-11-25 15:01:43.001,22992,22992,22992,2,0
2024-11-25 15:01:44.001,22995,22995,22995,2,2
2024-11-25 15:01:44.001,22995,22995,22995,4,0
2024-11-25 15:01:45.001,22994,22994,22994,2,-2
2024-11-25 15:01:45.001,22992,22992,22992,2,-2
2024-11-25 15:01:45.001,22995,22995,22995,2,2
2024-11-25 15:01:45.001,22993,22993,22993,2,-2
2024-11-25 15:01:46.001,22992,22992,22992,2,-2
2024-11-25 15:01:46.001,22992,22992,22992,2,0
2024-11-25 15:01:47.001,22991,22991,22991,2,-2
2024-11-25 15:01:47.001,22993,22993,22993,2,2
2024-11-25 15:01:47.001,22993,22993,22993,2,0
2024-11-25 15:01:47.001,22991,22991,22991,2,-2
2024-11-25 15:01:47.001,22990,22990,22990,2,-2
2024-11-25 15:01:47.001,22990,22990,22990,2,0
2024-11-25 15:01:47.001,22990,22990,22990,2,0
2024-11-25 15:01:47.001,22990,22990,22990,2,0
2024-11-25 15:01:47.001,22990,22990,22990,2,0
2024-11-25 15:01:47.001,22992,22992,22992,4,4
2024-11-25 15:01:48.001,22994,22994,22994,4,4
2024-11-25 15:01:48.001,22995,22995,22995,8,8
2024-11-25 15:01:48.001,22995,22995,22995,18,0
2024-11-25 15:01:48.001,22992,22992,22992,2,-2
2024-11-25 15:01:48.001,22992,22992,22992,4,0
2024-11-25 15:01:49.001,22992,22992,22992,2,0
2024-11-25 15:01:49.001,22990,22990,22990,2,-2
2024-11-25 15:01:49.001,22992,22992,22992,4,4
2024-11-25 15:01:50.001,22993,22993,22993,2,2
2024-11-25 15:01:53.001,22992,22992,22992,2,-2
2024-11-25 15:01:53.001,22991,22991,22991,2,-2
2024-11-25 15:01:53.001,22991,22991,22991,2,0
2024-11-25 15:01:54.001,22993,22993,22993,2,2
2024-11-25 15:01:56.001,22989,22989,22989,2,-2
2024-11-25 15:01:56.001,22988,22988,22988,2,-2
2024-11-25 15:01:56.001,22988,22988,22988,34,0
2024-11-25 15:01:56.001,22988,22988,22988,4,0
2024-11-25 15:01:56.001,22988,22988,22988,2,0
2024-11-25 15:01:56.001,22988,22988,22988,2,0
2024-11-25 15:01:56.001,22989,22989,22989,2,2
2024-11-25 15:01:57.001,22989,22989,22989,4,0
2024-11-25 15:01:57.001,22989,22989,22989,4,0
2024-11-25 15:01:58.001,22990,22990,22990,2,2
2024-11-25 15:01:58.001,22987,22987,22987,2,-2
2024-11-25 15:01:58.001,22987,22987,22987,2,0
2024-11-25 15:01:58.001,22986,22986,22986,10,-10
2024-11-25 15:01:58.001,22986,22986,22986,2,0
2024-11-25 15:01:58.001,22985,22985,22985,2,-2
2024-11-25 15:01:58.001,22985,22985,22985,2,0
2024-11-25 15:01:58.001,22985,22985,22985,2,0
2024-11-25 15:01:59.001,22984,22984,22984,2,-2
2024-11-25 15:01:59.001,22984,22984,22984,2,0
2024-11-25 15:02:00.001,22982,22982,22982,2,-2
2024-11-25 15:02:00.001,22982,22982,22982,2,0
2024-11-25 15:02:00.001,22982,22982,22982,2,0
2024-11-25 15:02:00.001,22982,22982,22982,2,0
2024-11-25 15:02:00.001,22981,22981,22981,2,-2
2024-11-25 15:02:00.001,22981,22981,22981,2,0
2024-11-25 15:02:00.001,22980,22980,22980,2,-2
2024-11-25 15:02:00.001,22980,22980,22980,2,0
2024-11-25 15:02:00.001,22980,22980,22980,2,0
2024-11-25 15:02:00.001,22980,22980,22980,4,0
2024-11-25 15:02:00.001,22979,22979,22979,2,-2
2024-11-25 15:02:00.001,22979,22979,22979,2,0
2024-11-25 15:02:00.001,22979,22979,22979,2,0
2024-11-25 15:02:00.001,22979,22979,22979,2,0
2024-11-25 15:02:00.001,22979,22979,22979,2,0
2024-11-25 15:02:00.001,22978,22978,22978,2,-2
2024-11-25 15:02:00.001,22978,22978,22978,2,0
2024-11-25 15:02:00.001,22978,22978,22978,2,0
2024-11-25 15:02:00.001,22978,22978,22978,2,0
2024-11-25 15:02:00.001,22977,22977,22977,2,-2
2024-11-25 15:02:00.001,22978,22978,22978,2,2
2024-11-25 15:02:00.001,22978,22978,22978,2,0
2024-11-25 15:02:00.001,22978,22978,22978,2,0
2024-11-25 15:02:00.001,22978,22978,22978,2,0
2024-11-25 15:02:00.001,22977,22977,22977,2,-2
2024-11-25 15:02:00.001,22979,22979,22979,2,2
2024-11-25 15:02:00.001,22978,22978,22978,2,-2
2024-11-25 15:02:01.001,22980,22980,22980,2,2
2024-11-25 15:02:01.001,22983,22983,22983,2,2
2024-11-25 15:02:02.001,22983,22983,22983,2,0
2024-11-25 15:02:04.001,22983,22983,22983,2,0
2024-11-25 15:02:04.001,22982,22982,22982,2,-2
2024-11-25 15:02:04.001,22982,22982,22982,2,0
2024-11-25 15:02:04.001,22981,22981,22981,2,-2
2024-11-25 15:02:06.001,22982,22982,22982,2,2
2024-11-25 15:02:06.001,22979,22979,22979,2,-2
2024-11-25 15:02:07.001,22982,22982,22982,4,4
2024-11-25 15:02:08.001,22980,22980,22980,2,-2
2024-11-25 15:02:08.001,22980,22980,22980,2,0
2024-11-25 15:02:08.001,22980,22980,22980,6,0
2024-11-25 15:02:12.001,22983,22983,22983,2,2
2024-11-25 15:02:12.001,22983,22983,22983,2,0
2024-11-25 15:02:12.001,22984,22984,22984,2,2
2024-11-25 15:02:12.001,22985,22985,22985,2,2
2024-11-25 15:02:13.001,22984,22984,22984,2,-2
2024-11-25 15:02:14.001,22984,22984,22984,2,0
2024-11-25 15:02:14.001,22984,22984,22984,2,0
2024-11-25 15:02:14.001,22983,22983,22983,2,-2
2024-11-25 15:02:15.001,22986,22986,22986,2,2
2024-11-25 15:02:15.001,22986,22986,22986,2,0
2024-11-25 15:02:16.001,22988,22988,22988,2,2
2024-11-25 15:02:16.001,22985,22985,22985,2,-2
2024-11-25 15:02:17.001,22984,22984,22984,2,-2
2024-11-25 15:02:17.001,22984,22984,22984,2,0
2024-11-25 15:02:18.001,22984,22984,22984,2,0
2024-11-25 15:02:20.001,22986,22986,22986,2,2
2024-11-25 15:02:22.001,22983,22983,22983,2,-2
2024-11-25 15:02:22.001,22983,22983,22983,2,0
2024-11-25 15:02:22.001,22982,22982,22982,2,-2
2024-11-25 15:02:22.001,22982,22982,22982,2,0
2024-11-25 15:02:22.001,22982,22982,22982,2,0
2024-11-25 15:02:22.001,22985,22985,22985,4,4
2024-11-25 15:02:22.001,22986,22986,22986,2,2
2024-11-25 15:02:23.001,22987,22987,22987,2,2
2024-11-25 15:02:23.001,22989,22989,22989,2,2
2024-11-25 15:02:24.001,22986,22986,22986,4,-4
2024-11-25 15:02:26.001,22988,22988,22988,2,2
2024-11-25 15:02:27.001,22985,22985,22985,2,-2
2024-11-25 15:02:27.001,22985,22985,22985,2,0
2024-11-25 15:02:28.001,22987,22987,22987,2,2
2024-11-25 15:02:31.001,22988,22988,22988,8,8
2024-11-25 15:02:32.001,22988,22988,22988,2,0
2024-11-25 15:02:33.001,22988,22988,22988,4,0
2024-11-25 15:02:34.001,22988,22988,22988,2,0
2024-11-25 15:02:34.001,22990,22990,22990,2,2
2024-11-25 15:02:35.001,22988,22988,22988,2,-2
2024-11-25 15:02:35.001,22988,22988,22988,2,0
2024-11-25 15:02:35.001,22988,22988,22988,4,0
2024-11-25 15:02:35.001,22988,22988,22988,2,0
2024-11-25 15:02:35.001,22989,22989,22989,2,2
2024-11-25 15:02:36.001,22988,22988,22988,4,-4
2024-11-25 15:02:38.001,22986,22986,22986,2,-2
2024-11-25 15:02:38.001,22986,22986,22986,2,0
2024-11-25 15:02:38.001,22985,22985,22985,2,-2
2024-11-25 15:02:39.001,22987,22987,22987,2,2
2024-11-25 15:02:40.001,22985,22985,22985,2,-2
2024-11-25 15:02:44.001,22984,22984,22984,2,-2
2024-11-25 15:02:44.001,22984,22984,22984,2,0
2024-11-25 15:02:45.001,22983,22983,22983,2,-2
2024-11-25 15:02:45.001,22983,22983,22983,2,0
2024-11-25 15:02:45.001,22984,22984,22984,2,2
2024-11-25 15:02:46.001,22982,22982,22982,2,-2
2024-11-25 15:02:46.001,22983,22983,22983,2,2
2024-11-25 15:02:46.001,22984,22984,22984,4,4
2024-11-25 15:02:47.001,22982,22982,22982,2,-2
2024-11-25 15:02:51.001,22982,22982,22982,2,0
2024-11-25 15:02:51.001,22982,22982,22982,2,0
2024-11-25 15:02:51.001,22982,22982,22982,2,0
2024-11-25 15:02:52.001,22982,22982,22982,2,0
2024-11-25 15:02:52.001,22982,22982,22982,2,0
2024-11-25 15:02:52.001,22982,22982,22982,2,0
2024-11-25 15:02:54.001,22981,22981,22981,2,-2
2024-11-25 15:02:54.001,22981,22981,22981,2,0
2024-11-25 15:02:54.001,22980,22980,22980,2,-2
2024-11-25 15:02:54.001,22980,22980,22980,2,0
2024-11-25 15:02:54.001,22980,22980,22980,2,0
2024-11-25 15:02:54.001,22980,22980,22980,2,0
2024-11-25 15:02:54.001,22980,22980,22980,2,0
2024-11-25 15:02:54.001,22979,22979,22979,2,-2
2024-11-25 15:02:54.001,22979,22979,22979,2,0
2024-11-25 15:02:54.001,22979,22979,22979,2,0
2024-11-25 15:02:56.001,22978,22978,22978,4,-4
2024-11-25 15:02:56.001,22978,22978,22978,2,0
2024-11-25 15:02:56.001,22978,22978,22978,4,0
2024-11-25 15:02:56.001,22978,22978,22978,4,0
2024-11-25 15:02:57.001,22977,22977,22977,2,-2
2024-11-25 15:02:57.001,22977,22977,22977,2,0
2024-11-25 15:02:57.001,22977,22977,22977,2,0
2024-11-25 15:02:57.001,22976,22976,22976,2,-2
2024-11-25 15:02:57.001,22978,22978,22978,2,2
2024-11-25 15:02:58.001,22975,22975,22975,2,-2
2024-11-25 15:02:58.001,22976,22976,22976,4,4
2024-11-25 15:02:58.001,22975,22975,22975,2,-2
2024-11-25 15:03:00.001,22976,22976,22976,4,4
2024-11-25 15:03:00.001,22977,22977,22977,2,2
2024-11-25 15:03:00.001,22977,22977,22977,2,0
2024-11-25 15:03:00.001,22977,22977,22977,8,0
2024-11-25 15:03:00.001,22978,22978,22978,2,2
2024-11-25 15:03:00.001,22979,22979,22979,2,2
2024-11-25 15:03:00.001,22979,22979,22979,2,0
2024-11-25 15:03:00.001,22981,22981,22981,8,8
2024-11-25 15:03:00.001,22982,22982,22982,2,2
2024-11-25 15:03:00.001,22982,22982,22982,2,0
2024-11-25 15:03:00.001,22983,22983,22983,2,2
2024-11-25 15:03:00.001,22982,22982,22982,2,-2
2024-11-25 15:03:03.001,22983,22983,22983,4,4
2024-11-25 15:03:03.001,22982,22982,22982,2,-2
2024-11-25 15:03:03.001,22982,22982,22982,2,0
2024-11-25 15:03:03.001,22980,22980,22980,2,-2
2024-11-25 15:03:04.001,22982,22982,22982,2,2
2024-11-25 15:03:05.001,22981,22981,22981,2,-2
2024-11-25 15:03:08.001,22978,22978,22978,2,-2
2024-11-25 15:03:08.001,22978,22978,22978,2,0
2024-11-25 15:03:13.001,22978,22978,22978,4,0
2024-11-25 15:03:13.001,22980,22980,22980,2,2
2024-11-25 15:03:15.001,22979,22979,22979,2,-2
2024-11-25 15:03:19.001,22979,22979,22979,2,0
2024-11-25 15:03:20.001,22979,22979,22979,4,0
2024-11-25 15:03:20.001,22978,22978,22978,2,-2
2024-11-25 15:03:21.001,22978,22978,22978,2,0
2024-11-25 15:03:21.001,22978,22978,22978,2,0
2024-11-25 15:03:21.001,22978,22978,22978,4,0
2024-11-25 15:03:22.001,22976,22976,22976,2,-2
2024-11-25 15:03:23.001,22975,22975,22975,2,-2
2024-11-25 15:03:24.001,22975,22975,22975,2,0
2024-11-25 15:03:24.001,22975,22975,22975,2,0
2024-11-25 15:03:25.001,22975,22975,22975,2,0
2024-11-25 15:03:25.001,22975,22975,22975,2,0
2024-11-25 15:03:25.001,22975,22975,22975,2,0
2024-11-25 15:03:26.001,22975,22975,22975,2,0
2024-11-25 15:03:26.001,22974,22974,22974,2,-2
2024-11-25 15:03:26.001,22974,22974,22974,2,0
2024-11-25 15:03:26.001,22974,22974,22974,2,0
2024-11-25 15:03:26.001,22973,22973,22973,2,-2
2024-11-25 15:03:26.001,22973,22973,22973,2,0
2024-11-25 15:03:26.001,22973,22973,22973,2,0
2024-11-25 15:03:26.001,22973,22973,22973,4,0
2024-11-25 15:03:26.001,22972,22972,22972,2,-2
2024-11-25 15:03:26.001,22972,22972,22972,2,0
2024-11-25 15:03:26.001,22972,22972,22972,2,0
2024-11-25 15:03:26.001,22971,22971,22971,2,-2
2024-11-25 15:03:26.001,22971,22971,22971,2,0
2024-11-25 15:03:26.001,22971,22971,22971,2,0
2024-11-25 15:03:26.001,22971,22971,22971,2,0
2024-11-25 15:03:27.001,22970,22970,22970,2,-2
2024-11-25 15:03:27.001,22970,22970,22970,2,0
2024-11-25 15:03:27.001,22970,22970,22970,2,0
2024-11-25 15:03:27.001,22968,22968,22968,2,-2
2024-11-25 15:03:27.001,22968,22968,22968,4,0
2024-11-25 15:03:27.001,22969,22969,22969,2,2
2024-11-25 15:03:27.001,22970,22970,22970,2,2
2024-11-25 15:03:27.001,22968,22968,22968,2,-2
2024-11-25 15:03:28.001,22968,22968,22968,2,0
2024-11-25 15:03:28.001,22968,22968,22968,2,0
2024-11-25 15:03:29.001,22968,22968,22968,2,0
2024-11-25 15:03:30.001,22969,22969,22969,4,4
2024-11-25 15:03:30.001,22970,22970,22970,2,2
2024-11-25 15:03:31.001,22968,22968,22968,2,-2
2024-11-25 15:03:32.001,22970,22970,22970,2,2
2024-11-25 15:03:32.001,22970,22970,22970,2,0
2024-11-25 15:03:32.001,22969,22969,22969,2,-2
2024-11-25 15:03:32.001,22969,22969,22969,2,0
2024-11-25 15:03:33.001,22968,22968,22968,2,-2
2024-11-25 15:03:33.001,22968,22968,22968,2,0
2024-11-25 15:03:34.001,22968,22968,22968,2,0
2024-11-25 15:03:34.001,22968,22968,22968,4,0
2024-11-25 15:03:34.001,22968,22968,22968,2,0
2024-11-25 15:03:34.001,22968,22968,22968,2,0
2024-11-25 15:03:34.001,22967,22967,22967,2,-2
2024-11-25 15:03:34.001,22967,22967,22967,2,0
2024-11-25 15:03:34.001,22967,22967,22967,2,0
2024-11-25 15:03:34.001,22969,22969,22969,2,2
2024-11-25 15:03:35.001,22967,22967,22967,2,-2
2024-11-25 15:03:35.001,22968,22968,22968,2,2
2024-11-25 15:03:36.001,22966,22966,22966,2,-2
2024-11-25 15:03:36.001,22966,22966,22966,2,0
2024-11-25 15:03:36.001,22966,22966,22966,2,0
2024-11-25 15:03:36.001,22966,22966,22966,2,0
2024-11-25 15:03:36.001,22966,22966,22966,2,0
2024-11-25 15:03:36.001,22966,22966,22966,2,0
2024-11-25 15:03:37.001,22966,22966,22966,2,0
2024-11-25 15:03:37.001,22966,22966,22966,2,0
2024-11-25 15:03:37.001,22968,22968,22968,2,2
2024-11-25 15:03:37.001,22967,22967,22967,2,-2
2024-11-25 15:03:37.001,22969,22969,22969,2,2
2024-11-25 15:03:38.001,22970,22970,22970,2,2
2024-11-25 15:03:38.001,22970,22970,22970,2,0
2024-11-25 15:03:39.001,22970,22970,22970,2,0
2024-11-25 15:03:39.001,22969,22969,22969,2,-2
2024-11-25 15:03:40.001,22967,22967,22967,2,-2
2024-11-25 15:03:40.001,22967,22967,22967,2,0
2024-11-25 15:03:40.001,22967,22967,22967,2,0
2024-11-25 15:03:40.001,22966,22966,22966,2,-2
2024-11-25 15:03:41.001,22966,22966,22966,2,0
2024-11-25 15:03:42.001,22968,22968,22968,6,6
2024-11-25 15:03:42.001,22969,22969,22969,10,10
2024-11-25 15:03:42.001,22970,22970,22970,4,4
2024-11-25 15:03:42.001,22968,22968,22968,2,-2
2024-11-25 15:03:42.001,22969,22969,22969,2,2
2024-11-25 15:03:42.001,22969,22969,22969,2,0
2024-11-25 15:03:45.001,22971,22971,22971,2,2
2024-11-25 15:03:45.001,22971,22971,22971,2,0
2024-11-25 15:03:45.001,22972,22972,22972,2,2
2024-11-25 15:03:45.001,22972,22972,22972,4,0
2024-11-25 15:03:45.001,22972,22972,22972,2,0
2024-11-25 15:03:45.001,22971,22971,22971,2,-2
2024-11-25 15:03:49.001,22973,22973,22973,2,2
2024-11-25 15:03:49.001,22971,22971,22971,2,-2
2024-11-25 15:03:49.001,22971,22971,22971,2,0
2024-11-25 15:03:49.001,22970,22970,22970,2,-2
2024-11-25 15:03:49.001,22970,22970,22970,2,0
2024-11-25 15:03:49.001,22970,22970,22970,2,0
2024-11-25 15:03:50.001,22973,22973,22973,4,4
2024-11-25 15:03:52.001,22969,22969,22969,2,-2
2024-11-25 15:03:52.001,22969,22969,22969,2,0
2024-11-25 15:03:52.001,22969,22969,22969,2,0
2024-11-25 15:03:55.001,22971,22971,22971,2,2
2024-11-25 15:03:55.001,22971,22971,22971,2,0
2024-11-25 15:03:56.001,22970,22970,22970,2,-2
2024-11-25 15:03:56.001,22970,22970,22970,2,0
2024-11-25 15:03:57.001,22969,22969,22969,2,-2
2024-11-25 15:03:57.001,22969,22969,22969,2,0
2024-11-25 15:03:57.001,22969,22969,22969,2,0
2024-11-25 15:03:57.001,22968,22968,22968,2,-2
2024-11-25 15:03:57.001,22968,22968,22968,2,0
2024-11-25 15:03:57.001,22967,22967,22967,2,-2
2024-11-25 15:03:57.001,22967,22967,22967,2,0
2024-11-25 15:03:57.001,22967,22967,22967,2,0
2024-11-25 15:03:57.001,22967,22967,22967,2,0
2024-11-25 15:03:57.001,22967,22967,22967,2,0
2024-11-25 15:03:57.001,22967,22967,22967,2,0
2024-11-25 15:03:57.001,22967,22967,22967,4,0
2024-11-25 15:03:57.001,22967,22967,22967,2,0
2024-11-25 15:03:57.001,22967,22967,22967,2,0
2024-11-25 15:03:58.001,22966,22966,22966,2,-2
2024-11-25 15:03:58.001,22966,22966,22966,2,0
2024-11-25 15:03:58.001,22966,22966,22966,2,0
2024-11-25 15:03:58.001,22966,22966,22966,2,0
2024-11-25 15:03:59.001,22966,22966,22966,2,0
2024-11-25 15:04:00.001,22965,22965,22965,2,-2
2024-11-25 15:04:00.001,22965,22965,22965,2,0
2024-11-25 15:04:00.001,22964,22964,22964,2,-2
2024-11-25 15:04:00.001,22964,22964,22964,2,0
2024-11-25 15:04:01.001,22964,22964,22964,2,0
2024-11-25 15:04:01.001,22963,22963,22963,2,-2
2024-11-25 15:04:01.001,22963,22963,22963,2,0
2024-11-25 15:04:01.001,22963,22963,22963,2,0
2024-11-25 15:04:01.001,22963,22963,22963,2,0
2024-11-25 15:04:01.001,22963,22963,22963,2,0
2024-11-25 15:04:01.001,22963,22963,22963,2,0
2024-11-25 15:04:01.001,22962,22962,22962,2,-2
2024-11-25 15:04:01.001,22964,22964,22964,2,2
2024-11-25 15:04:01.001,22962,22962,22962,2,-2
2024-11-25 15:04:01.001,22962,22962,22962,2,0
2024-11-25 15:04:01.001,22964,22964,22964,2,2
2024-11-25 15:04:02.001,22962,22962,22962,2,-2
2024-11-25 15:04:02.001,22962,22962,22962,2,0
2024-11-25 15:04:02.001,22962,22962,22962,2,0
2024-11-25 15:04:02.001,22962,22962,22962,2,0
2024-11-25 15:04:02.001,22961,22961,22961,2,-2
2024-11-25 15:04:02.001,22961,22961,22961,2,0
2024-11-25 15:04:03.001,22961,22961,22961,2,0
2024-11-25 15:04:03.001,22961,22961,22961,2,0
2024-11-25 15:04:03.001,22961,22961,22961,2,0
2024-11-25 15:04:03.001,22961,22961,22961,2,0
2024-11-25 15:04:03.001,22961,22961,22961,2,0
2024-11-25 15:04:03.001,22961,22961,22961,2,0
2024-11-25 15:04:04.001,22960,22960,22960,2,-2
2024-11-25 15:04:04.001,22960,22960,22960,2,0
2024-11-25 15:04:04.001,22963,22963,22963,4,4
2024-11-25 15:04:06.001,22964,22964,22964,2,2
2024-11-25 15:04:06.001,22964,22964,22964,2,0
2024-11-25 15:04:08.001,22963,22963,22963,2,-2
2024-11-25 15:04:08.001,22963,22963,22963,2,0
2024-11-25 15:04:09.001,22963,22963,22963,2,0
2024-11-25 15:04:09.001,22963,22963,22963,2,0
2024-11-25 15:04:10.001,22964,22964,22964,2,2
2024-11-25 15:04:10.001,22963,22963,22963,2,-2
2024-11-25 15:04:10.001,22963,22963,22963,2,0
2024-11-25 15:04:10.001,22963,22963,22963,2,0
2024-11-25 15:04:10.001,22963,22963,22963,4,0
2024-11-25 15:04:11.001,22963,22963,22963,2,0
2024-11-25 15:04:11.001,22963,22963,22963,2,0
2024-11-25 15:04:11.001,22963,22963,22963,2,0
2024-11-25 15:04:11.001,22963,22963,22963,14,0
2024-11-25 15:04:11.001,22965,22965,22965,2,2
2024-11-25 15:04:12.001,22963,22963,22963,2,-2
2024-11-25 15:04:13.001,22966,22966,22966,2,2
2024-11-25 15:04:17.001,22965,22965,22965,10,-10
2024-11-25 15:04:20.001,22965,22965,22965,2,0
2024-11-25 15:04:20.001,22963,22963,22963,2,-2
2024-11-25 15:04:20.001,22963,22963,22963,2,0
2024-11-25 15:04:20.001,22963,22963,22963,2,0
2024-11-25 15:04:20.001,22961,22961,22961,2,-2
2024-11-25 15:04:20.001,22961,22961,22961,2,0
2024-11-25 15:04:20.001,22961,22961,22961,12,0
2024-11-25 15:04:20.001,22961,22961,22961,12,0
2024-11-25 15:04:20.001,22961,22961,22961,16,0
2024-11-25 15:04:20.001,22961,22961,22961,8,0
2024-11-25 15:04:20.001,22961,22961,22961,2,0
2024-11-25 15:04:20.001,22960,22960,22960,2,-2
2024-11-25 15:04:20.001,22960,22960,22960,2,0
2024-11-25 15:04:20.001,22960,22960,22960,2,0
2024-11-25 15:04:20.001,22960,22960,22960,2,0
2024-11-25 15:04:20.001,22960,22960,22960,4,0
2024-11-25 15:04:22.001,22960,22960,22960,2,0
2024-11-25 15:04:22.001,22961,22961,22961,2,2
2024-11-25 15:04:22.001,22961,22961,22961,2,0
2024-11-25 15:04:23.001,22961,22961,22961,2,0
2024-11-25 15:04:23.001,22963,22963,22963,2,2
2024-11-25 15:04:25.001,22961,22961,22961,2,-2
2024-11-25 15:04:25.001,22962,22962,22962,2,2
2024-11-25 15:04:25.001,22963,22963,22963,2,2
2024-11-25 15:04:26.001,22965,22965,22965,2,2
2024-11-25 15:04:29.001,22964,22964,22964,2,-2
2024-11-25 15:04:29.001,22961,22961,22961,2,-2
2024-11-25 15:04:29.001,22961,22961,22961,2,0
2024-11-25 15:04:31.001,22964,22964,22964,2,2
2024-11-25 15:04:31.001,22964,22964,22964,2,0
2024-11-25 15:04:33.001,22963,22963,22963,2,-2
2024-11-25 15:04:35.001,22962,22962,22962,2,-2
2024-11-25 15:04:36.001,22964,22964,22964,2,2
2024-11-25 15:04:36.001,22964,22964,22964,4,0
2024-11-25 15:04:36.001,22962,22962,22962,2,-2
2024-11-25 15:04:36.001,22963,22963,22963,2,2
2024-11-25 15:04:37.001,22961,22961,22961,2,-2
2024-11-25 15:04:37.001,22961,22961,22961,2,0
2024-11-25 15:04:37.001,22961,22961,22961,2,0
2024-11-25 15:04:37.001,22961,22961,22961,2,0
2024-11-25 15:04:38.001,22960,22960,22960,2,-2
2024-11-25 15:04:38.001,22960,22960,22960,2,0
2024-11-25 15:04:38.001,22960,22960,22960,2,0
2024-11-25 15:04:39.001,22960,22960,22960,2,0
2024-11-25 15:04:39.001,22961,22961,22961,4,4
2024-11-25 15:04:41.001,22960,22960,22960,2,-2
2024-11-25 15:04:41.001,22962,22962,22962,2,2
2024-11-25 15:04:42.001,22960,22960,22960,2,-2
2024-11-25 15:04:42.001,22959,22959,22959,4,-4
2024-11-25 15:04:42.001,22959,22959,22959,2,0
2024-11-25 15:04:42.001,22959,22959,22959,2,0
2024-11-25 15:04:42.001,22959,22959,22959,2,0
2024-11-25 15:04:42.001,22959,22959,22959,2,0
2024-11-25 15:04:42.001,22959,22959,22959,4,0
2024-11-25 15:04:42.001,22959,22959,22959,2,0
2024-11-25 15:04:42.001,22959,22959,22959,2,0
2024-11-25 15:04:42.001,22961,22961,22961,2,2
2024-11-25 15:04:44.001,22962,22962,22962,2,2
2024-11-25 15:04:44.001,22962,22962,22962,10,0
2024-11-25 15:04:44.001,22963,22963,22963,2,2
2024-11-25 15:04:44.001,22964,22964,22964,2,2
2024-11-25 15:04:44.001,22964,22964,22964,12,0
2024-11-25 15:04:44.001,22965,22965,22965,2,2
2024-11-25 15:04:44.001,22965,22965,22965,2,0
2024-11-25 15:04:44.001,22965,22965,22965,2,0
2024-11-25 15:04:44.001,22963,22963,22963,2,-2
2024-11-25 15:04:44.001,22963,22963,22963,2,0
2024-11-25 15:04:44.001,22963,22963,22963,2,0
2024-11-25 15:04:44.001,22963,22963,22963,4,0
2024-11-25 15:04:44.001,22962,22962,22962,2,-2
2024-11-25 15:04:44.001,22962,22962,22962,2,0
2024-11-25 15:04:44.001,22962,22962,22962,2,0
2024-11-25 15:04:44.001,22962,22962,22962,2,0
2024-11-25 15:04:44.001,22962,22962,22962,2,0
2024-11-25 15:04:44.001,22965,22965,22965,2,2
2024-11-25 15:04:45.001,22966,22966,22966,2,2
2024-11-25 15:04:45.001,22963,22963,22963,2,-2
2024-11-25 15:04:45.001,22963,22963,22963,2,0
2024-11-25 15:04:45.001,22962,22962,22962,2,-2
2024-11-25 15:04:45.001,22962,22962,22962,2,0
2024-11-25 15:04:45.001,22962,22962,22962,2,0
2024-11-25 15:04:45.001,22965,22965,22965,2,2
2024-11-25 15:04:46.001,22965,22965,22965,2,0
2024-11-25 15:04:48.001,22964,22964,22964,2,-2
2024-11-25 15:04:48.001,22964,22964,22964,2,0
2024-11-25 15:04:50.001,22966,22966,22966,16,16
2024-11-25 15:04:51.001,22965,22965,22965,2,-2
2024-11-25 15:04:51.001,22964,22964,22964,2,-2
2024-11-25 15:04:51.001,22964,22964,22964,2,0
2024-11-25 15:04:53.001,22966,22966,22966,2,2
2024-11-25 15:04:53.001,22966,22966,22966,4,0
2024-11-25 15:04:54.001,22966,22966,22966,4,0
2024-11-25 15:05:00.001,22966,22966,22966,2,0
2024-11-25 15:05:00.001,22965,22965,22965,2,-2
2024-11-25 15:05:00.001,22965,22965,22965,2,0
2024-11-25 15:05:00.001,22966,22966,22966,2,2
2024-11-25 15:05:00.001,22964,22964,22964,2,-2
2024-11-25 15:05:00.001,22963,22963,22963,2,-2
2024-11-25 15:05:00.001,22961,22961,22961,2,-2
2024-11-25 15:05:01.001,22962,22962,22962,2,2
2024-11-25 15:05:01.001,22960,22960,22960,2,-2
2024-11-25 15:05:01.001,22960,22960,22960,2,0
2024-11-25 15:05:01.001,22960,22960,22960,2,0
2024-11-25 15:05:02.001,22963,22963,22963,2,2
2024-11-25 15:05:02.001,22963,22963,22963,2,0
2024-11-25 15:05:02.001,22963,22963,22963,2,0
2024-11-25 15:05:02.001,22963,22963,22963,8,0
2024-11-25 15:05:02.001,22963,22963,22963,8,0
2024-11-25 15:05:02.001,22963,22963,22963,10,0
2024-11-25 15:05:02.001,22963,22963,22963,4,0
2024-11-25 15:05:04.001,22962,22962,22962,10,-10
2024-11-25 15:05:04.001,22962,22962,22962,2,0
2024-11-25 15:05:04.001,22963,22963,22963,8,8
2024-11-25 15:05:04.001,22963,22963,22963,2,0
2024-11-25 15:05:04.001,22961,22961,22961,10,-10
2024-11-25 15:05:07.001,22963,22963,22963,2,2
2024-11-25 15:05:09.001,22964,22964,22964,2,2
2024-11-25 15:05:09.001,22963,22963,22963,2,-2
2024-11-25 15:05:10.001,22962,22962,22962,2,-2
2024-11-25 15:05:10.001,22962,22962,22962,2,0
2024-11-25 15:05:12.001,22962,22962,22962,2,0
2024-11-25 15:05:14.001,22964,22964,22964,2,2
2024-11-25 15:05:15.001,22965,22965,22965,2,2
2024-11-25 15:05:15.001,22967,22967,22967,6,6
2024-11-25 15:05:15.001,22968,22968,22968,4,4
2024-11-25 15:05:15.001,22967,22967,22967,2,-2
2024-11-25 15:05:15.001,22967,22967,22967,2,0
2024-11-25 15:05:15.001,22966,22966,22966,2,-2
2024-11-25 15:05:15.001,22966,22966,22966,2,0
2024-11-25 15:05:15.001,22966,22966,22966,2,0
2024-11-25 15:05:15.001,22966,22966,22966,2,0
2024-11-25 15:05:15.001,22968,22968,22968,2,2
2024-11-25 15:05:16.001,22966,22966,22966,2,-2
2024-11-25 15:05:18.001,22967,22967,22967,2,2
2024-11-25 15:05:19.001,22969,22969,22969,2,2
2024-11-25 15:05:19.001,22968,22968,22968,2,-2
2024-11-25 15:05:19.001,22967,22967,22967,2,-2
2024-11-25 15:05:19.001,22966,22966,22966,2,-2
2024-11-25 15:05:20.001,22969,22969,22969,2,2
2024-11-25 15:05:21.001,22970,22970,22970,16,16
2024-11-25 15:05:22.001,22970,22970,22970,2,0
2024-11-25 15:05:23.001,22970,22970,22970,2,0
2024-11-25 15:05:23.001,22971,22971,22971,2,2
2024-11-25 15:05:23.001,22971,22971,22971,8,0
2024-11-25 15:05:27.001,22973,22973,22973,4,4
2024-11-25 15:05:27.001,22973,22973,22973,8,0
2024-11-25 15:05:27.001,22974,22974,22974,4,4
2024-11-25 15:05:27.001,22974,22974,22974,2,0
2024-11-25 15:05:28.001,22974,22974,22974,2,0
2024-11-25 15:05:28.001,22973,22973,22973,2,-2
2024-11-25 15:05:28.001,22973,22973,22973,2,0
2024-11-25 15:05:28.001,22972,22972,22972,2,-2
2024-11-25 15:05:34.001,22974,22974,22974,2,2
2024-11-25 15:05:34.001,22974,22974,22974,2,0
2024-11-25 15:05:35.001,22975,22975,22975,4,4
2024-11-25 15:05:35.001,22976,22976,22976,2,2
2024-11-25 15:05:35.001,22975,22975,22975,2,-2
2024-11-25 15:05:35.001,22975,22975,22975,2,0
2024-11-25 15:05:35.001,22975,22975,22975,6,0
2024-11-25 15:05:35.001,22975,22975,22975,2,0
2024-11-25 15:05:36.001,22977,22977,22977,4,4
2024-11-25 15:05:36.001,22975,22975,22975,2,-2
2024-11-25 15:05:36.001,22974,22974,22974,2,-2
2024-11-25 15:05:37.001,22975,22975,22975,2,2
2024-11-25 15:05:38.001,22975,22975,22975,2,0
2024-11-25 15:05:40.001,22974,22974,22974,2,-2
2024-11-25 15:05:40.001,22974,22974,22974,2,0
2024-11-25 15:05:40.001,22972,22972,22972,2,-2
2024-11-25 15:05:40.001,22971,22971,22971,2,-2
2024-11-25 15:05:40.001,22971,22971,22971,4,0
2024-11-25 15:05:41.001,22971,22971,22971,2,0
2024-11-25 15:05:41.001,22972,22972,22972,2,2
2024-11-25 15:05:41.001,22972,22972,22972,2,0
2024-11-25 15:05:41.001,22970,22970,22970,2,-2
2024-11-25 15:05:46.001,22970,22970,22970,2,0
2024-11-25 15:05:46.001,22970,22970,22970,2,0
2024-11-25 15:05:46.001,22970,22970,22970,6,0
2024-11-25 15:05:46.001,22969,22969,22969,2,-2
2024-11-25 15:05:48.001,22971,22971,22971,2,2
2024-11-25 15:05:48.001,22971,22971,22971,2,0
2024-11-25 15:05:48.001,22970,22970,22970,2,-2
2024-11-25 15:05:49.001,22973,22973,22973,2,2
2024-11-25 15:05:53.001,22970,22970,22970,2,-2
2024-11-25 15:05:53.001,22973,22973,22973,2,2
2024-11-25 15:05:55.001,22970,22970,22970,2,-2
2024-11-25 15:05:56.001,22970,22970,22970,2,0
2024-11-25 15:05:57.001,22970,22970,22970,2,0
2024-11-25 15:05:57.001,22972,22972,22972,2,2
2024-11-25 15:05:57.001,22973,22973,22973,6,6
2024-11-25 15:05:57.001,22972,22972,22972,2,-2
2024-11-25 15:05:57.001,22973,22973,22973,2,2
2024-11-25 15:05:57.001,22974,22974,22974,4,4
2024-11-25 15:05:58.001,22973,22973,22973,2,-2
2024-11-25 15:05:58.001,22972,22972,22972,2,-2
2024-11-25 15:05:58.001,22972,22972,22972,2,0
2024-11-25 15:05:59.001,22972,22972,22972,2,0
2024-11-25 15:06:00.001,22975,22975,22975,16,16
2024-11-25 15:06:00.001,22975,22975,22975,2,0
2024-11-25 15:06:00.001,22975,22975,22975,2,0
2024-11-25 15:06:00.001,22973,22973,22973,2,-2
2024-11-25 15:06:00.001,22973,22973,22973,2,0
2024-11-25 15:06:00.001,22973,22973,22973,2,0
2024-11-25 15:06:01.001,22976,22976,22976,2,2
2024-11-25 15:06:01.001,22973,22973,22973,2,-2
2024-11-25 15:06:02.001,22971,22971,22971,2,-2
2024-11-25 15:06:02.001,22971,22971,22971,2,0
2024-11-25 15:06:02.001,22970,22970,22970,2,-2
2024-11-25 15:06:02.001,22970,22970,22970,2,0
2024-11-25 15:06:02.001,22970,22970,22970,2,0
2024-11-25 15:06:02.001,22970,22970,22970,2,0
2024-11-25 15:06:02.001,22970,22970,22970,2,0
2024-11-25 15:06:02.001,22970,22970,22970,4,0
2024-11-25 15:06:02.001,22969,22969,22969,2,-2
2024-11-25 15:06:02.001,22969,22969,22969,2,0
2024-11-25 15:06:02.001,22969,22969,22969,2,0
2024-11-25 15:06:02.001,22969,22969,22969,2,0
2024-11-25 15:06:02.001,22969,22969,22969,4,0
2024-11-25 15:06:02.001,22969,22969,22969,2,0
2024-11-25 15:06:02.001,22969,22969,22969,2,0
2024-11-25 15:06:02.001,22968,22968,22968,8,-8
2024-11-25 15:06:02.001,22968,22968,22968,2,0
2024-11-25 15:06:02.001,22968,22968,22968,2,0
2024-11-25 15:06:02.001,22968,22968,22968,2,0
2024-11-25 15:06:02.001,22968,22968,22968,2,0
2024-11-25 15:06:02.001,22968,22968,22968,2,0
2024-11-25 15:06:02.001,22968,22968,22968,2,0
2024-11-25 15:06:02.001,22968,22968,22968,4,0
2024-11-25 15:06:02.001,22968,22968,22968,2,0
2024-11-25 15:06:02.001,22967,22967,22967,2,-2
2024-11-25 15:06:02.001,22967,22967,22967,2,0
2024-11-25 15:06:02.001,22967,22967,22967,2,0
2024-11-25 15:06:02.001,22967,22967,22967,4,0
2024-11-25 15:06:02.001,22966,22966,22966,2,-2
2024-11-25 15:06:02.001,22966,22966,22966,2,0
2024-11-25 15:06:02.001,22966,22966,22966,2,0
2024-11-25 15:06:02.001,22966,22966,22966,2,0
2024-11-25 15:06:02.001,22966,22966,22966,2,0
2024-11-25 15:06:02.001,22966,22966,22966,2,0
2024-11-25 15:06:02.001,22966,22966,22966,2,0
2024-11-25 15:06:02.001,22966,22966,22966,2,0
2024-11-25 15:06:02.001,22966,22966,22966,2,0
2024-11-25 15:06:02.001,22966,22966,22966,2,0
2024-11-25 15:06:02.001,22966,22966,22966,2,0
2024-11-25 15:06:02.001,22966,22966,22966,4,0
2024-11-25 15:06:02.001,22965,22965,22965,2,-2
2024-11-25 15:06:02.001,22965,22965,22965,2,0
2024-11-25 15:06:02.001,22965,22965,22965,2,0
2024-11-25 15:06:02.001,22965,22965,22965,2,0
2024-11-25 15:06:02.001,22965,22965,22965,2,0
2024-11-25 15:06:02.001,22964,22964,22964,2,-2
2024-11-25 15:06:02.001,22964,22964,22964,2,0
2024-11-25 15:06:02.001,22964,22964,22964,2,0
2024-11-25 15:06:02.001,22964,22964,22964,2,0
2024-11-25 15:06:02.001,22964,22964,22964,2,0
2024-11-25 15:06:02.001,22963,22963,22963,2,-2
2024-11-25 15:06:02.001,22963,22963,22963,2,0
2024-11-25 15:06:02.001,22966,22966,22966,4,4
2024-11-25 15:06:02.001,22965,22965,22965,2,-2
2024-11-25 15:06:02.001,22965,22965,22965,2,0
2024-11-25 15:06:02.001,22964,22964,22964,2,-2
2024-11-25 15:06:02.001,22966,22966,22966,2,2
2024-11-25 15:06:02.001,22965,22965,22965,2,-2
2024-11-25 15:06:02.001,22965,22965,22965,2,0
2024-11-25 15:06:02.001,22964,22964,22964,2,-2
2024-11-25 15:06:02.001,22964,22964,22964,2,0
2024-11-25 15:06:02.001,22964,22964,22964,2,0
2024-11-25 15:06:02.001,22964,22964,22964,2,0
2024-11-25 15:06:02.001,22964,22964,22964,2,0
2024-11-25 15:06:02.001,22963,22963,22963,4,-4
2024-11-25 15:06:03.001,22963,22963,22963,4,0
2024-11-25 15:06:03.001,22964,22964,22964,4,4
2024-11-25 15:06:03.001,22965,22965,22965,4,4
2024-11-25 15:06:04.001,22962,22962,22962,2,-2
2024-11-25 15:06:04.001,22964,22964,22964,2,2
2024-11-25 15:06:04.001,22962,22962,22962,2,-2
2024-11-25 15:06:04.001,22962,22962,22962,2,0
2024-11-25 15:06:05.001,22962,22962,22962,2,0
2024-11-25 15:06:05.001,22962,22962,22962,2,0
2024-11-25 15:06:05.001,22963,22963,22963,2,2
2024-11-25 15:06:07.001,22962,22962,22962,2,-2
2024-11-25 15:06:07.001,22962,22962,22962,2,0
2024-11-25 15:06:07.001,22962,22962,22962,2,0
2024-11-25 15:06:08.001,22962,22962,22962,4,0
2024-11-25 15:06:08.001,22962,22962,22962,2,0
2024-11-25 15:06:08.001,22962,22962,22962,2,0
2024-11-25 15:06:08.001,22963,22963,22963,2,2
2024-11-25 15:06:09.001,22963,22963,22963,2,0
2024-11-25 15:06:09.001,22962,22962,22962,2,-2
2024-11-25 15:06:09.001,22962,22962,22962,2,0
2024-11-25 15:06:09.001,22962,22962,22962,2,0
2024-11-25 15:06:09.001,22961,22961,22961,2,-2
2024-11-25 15:06:09.001,22960,22960,22960,2,-2
2024-11-25 15:06:09.001,22960,22960,22960,2,0
2024-11-25 15:06:09.001,22960,22960,22960,6,0
2024-11-25 15:06:09.001,22960,22960,22960,2,0
2024-11-25 15:06:09.001,22960,22960,22960,2,0
2024-11-25 15:06:09.001,22959,22959,22959,2,-2
2024-11-25 15:06:09.001,22959,22959,22959,2,0
2024-11-25 15:06:09.001,22960,22960,22960,2,2
2024-11-25 15:06:10.001,22958,22958,22958,2,-2
2024-11-25 15:06:10.001,22957,22957,22957,2,-2
2024-11-25 15:06:10.001,22957,22957,22957,2,0
2024-11-25 15:06:10.001,22957,22957,22957,2,0
2024-11-25 15:06:10.001,22957,22957,22957,2,0
2024-11-25 15:06:10.001,22957,22957,22957,4,0
2024-11-25 15:06:10.001,22958,22958,22958,2,2
2024-11-25 15:06:10.001,22958,22958,22958,2,0
2024-11-25 15:06:10.001,22959,22959,22959,2,2
2024-11-25 15:06:10.001,22957,22957,22957,2,-2
2024-11-25 15:06:10.001,22957,22957,22957,2,0
2024-11-25 15:06:11.001,22957,22957,22957,2,0
2024-11-25 15:06:11.001,22957,22957,22957,2,0
2024-11-25 15:06:11.001,22959,22959,22959,2,2
2024-11-25 15:06:11.001,22959,22959,22959,2,0
2024-11-25 15:06:11.001,22957,22957,22957,2,-2
2024-11-25 15:06:12.001,22958,22958,22958,2,2
2024-11-25 15:06:12.001,22959,22959,22959,2,2
2024-11-25 15:06:12.001,22960,22960,22960,6,6
2024-11-25 15:06:12.001,22959,22959,22959,2,-2
2024-11-25 15:06:12.001,22959,22959,22959,2,0
2024-11-25 15:06:12.001,22959,22959,22959,2,0
2024-11-25 15:06:12.001,22959,22959,22959,2,0
2024-11-25 15:06:13.001,22958,22958,22958,2,-2
2024-11-25 15:06:13.001,22958,22958,22958,2,0
2024-11-25 15:06:13.001,22957,22957,22957,2,-2
2024-11-25 15:06:13.001,22957,22957,22957,2,0
2024-11-25 15:06:13.001,22957,22957,22957,4,0
2024-11-25 15:06:13.001,22960,22960,22960,2,2
2024-11-25 15:06:13.001,22957,22957,22957,2,-2
2024-11-25 15:06:14.001,22957,22957,22957,2,0
2024-11-25 15:06:14.001,22959,22959,22959,2,2
2024-11-25 15:06:14.001,22958,22958,22958,2,-2
2024-11-25 15:06:15.001,22958,22958,22958,2,0
2024-11-25 15:06:15.001,22958,22958,22958,2,0
2024-11-25 15:06:15.001,22957,22957,22957,2,-2
2024-11-25 15:06:17.001,22959,22959,22959,2,2
2024-11-25 15:06:18.001,22959,22959,22959,2,0
2024-11-25 15:06:18.001,22959,22959,22959,2,0
2024-11-25 15:06:19.001,22959,22959,22959,2,0
2024-11-25 15:06:19.001,22959,22959,22959,4,0
2024-11-25 15:06:19.001,22959,22959,22959,2,0
2024-11-25 15:06:19.001,22959,22959,22959,2,0
2024-11-25 15:06:20.001,22958,22958,22958,2,-2
2024-11-25 15:06:20.001,22958,22958,22958,2,0
2024-11-25 15:06:22.001,22962,22962,22962,2,2
2024-11-25 15:06:22.001,22963,22963,22963,4,4
2024-11-25 15:06:23.001,22964,22964,22964,2,2
2024-11-25 15:06:25.001,22964,22964,22964,2,0
2024-11-25 15:06:26.001,22962,22962,22962,2,-2
2024-11-25 15:06:26.001,22962,22962,22962,2,0
2024-11-25 15:06:26.001,22961,22961,22961,2,-2
2024-11-25 15:06:26.001,22961,22961,22961,2,0
2024-11-25 15:06:26.001,22961,22961,22961,2,0
2024-11-25 15:06:26.001,22961,22961,22961,2,0
2024-11-25 15:06:30.001,22964,22964,22964,2,2
2024-11-25 15:06:31.001,22964,22964,22964,2,0
2024-11-25 15:06:32.001,22961,22961,22961,2,-2
2024-11-25 15:06:32.001,22961,22961,22961,2,0
2024-11-25 15:06:32.001,22961,22961,22961,2,0
2024-11-25 15:06:32.001,22961,22961,22961,2,0
2024-11-25 15:06:32.001,22960,22960,22960,2,-2
2024-11-25 15:06:32.001,22962,22962,22962,2,2
2024-11-25 15:06:36.001,22962,22962,22962,2,0
2024-11-25 15:06:36.001,22962,22962,22962,4,0
2024-11-25 15:06:36.001,22962,22962,22962,10,0
2024-11-25 15:06:36.001,22962,22962,22962,8,0
2024-11-25 15:06:40.001,22961,22961,22961,10,-10
2024-11-25 15:06:40.001,22961,22961,22961,2,0
2024-11-25 15:06:40.001,22961,22961,22961,4,0
2024-11-25 15:06:40.001,22961,22961,22961,2,0
2024-11-25 15:06:40.001,22960,22960,22960,2,-2
2024-11-25 15:06:40.001,22960,22960,22960,2,0
2024-11-25 15:06:40.001,22961,22961,22961,2,2
2024-11-25 15:06:41.001,22963,22963,22963,2,2
2024-11-25 15:06:42.001,22961,22961,22961,2,-2
2024-11-25 15:06:42.001,22961,22961,22961,2,0
2024-11-25 15:06:42.001,22961,22961,22961,2,0
2024-11-25 15:06:44.001,22962,22962,22962,4,4
2024-11-25 15:06:44.001,22962,22962,22962,2,0
2024-11-25 15:06:44.001,22964,22964,22964,2,2
2024-11-25 15:06:46.001,22962,22962,22962,2,-2
2024-11-25 15:06:47.001,22964,22964,22964,2,2
2024-11-25 15:06:51.001,22965,22965,22965,4,4
2024-11-25 15:06:51.001,22965,22965,22965,2,0
2024-11-25 15:06:51.001,22965,22965,22965,4,0
2024-11-25 15:06:51.001,22966,22966,22966,2,2
2024-11-25 15:06:51.001,22966,22966,22966,4,0
2024-11-25 15:06:51.001,22967,22967,22967,4,4
2024-11-25 15:06:51.001,22965,22965,22965,2,-2
2024-11-25 15:06:51.001,22966,22966,22966,2,2
2024-11-25 15:06:51.001,22965,22965,22965,8,-8
2024-11-25 15:06:51.001,22965,22965,22965,2,0
2024-11-25 15:06:52.001,22966,22966,22966,2,2
2024-11-25 15:06:54.001,22965,22965,22965,2,-2
2024-11-25 15:07:00.001,22963,22963,22963,2,-2
2024-11-25 15:07:00.001,22963,22963,22963,2,0
2024-11-25 15:07:02.001,22966,22966,22966,18,18
2024-11-25 15:07:03.001,22968,22968,22968,8,8
2024-11-25 15:07:03.001,22969,22969,22969,4,4
2024-11-25 15:07:05.001,22970,22970,22970,2,2
2024-11-25 15:07:05.001,22973,22973,22973,4,4
2024-11-25 15:07:11.001,22975,22975,22975,4,4
2024-11-25 15:07:12.001,22974,22974,22974,2,-2
2024-11-25 15:07:13.001,22975,22975,22975,2,2
2024-11-25 15:07:14.001,22976,22976,22976,2,2
2024-11-25 15:07:14.001,22975,22975,22975,2,-2
2024-11-25 15:07:14.001,22975,22975,22975,2,0
2024-11-25 15:07:16.001,22974,22974,22974,2,-2
2024-11-25 15:07:16.001,22974,22974,22974,2,0
2024-11-25 15:07:17.001,22975,22975,22975,2,2
2024-11-25 15:07:17.001,22974,22974,22974,2,-2
2024-11-25 15:07:17.001,22975,22975,22975,4,4
2024-11-25 15:07:18.001,22974,22974,22974,2,-2
2024-11-25 15:07:18.001,22975,22975,22975,2,2
2024-11-25 15:07:20.001,22975,22975,22975,4,0
2024-11-25 15:07:21.001,22975,22975,22975,2,0
2024-11-25 15:07:22.001,22973,22973,22973,2,-2
2024-11-25 15:07:22.001,22973,22973,22973,2,0
2024-11-25 15:07:23.001,22973,22973,22973,2,0
2024-11-25 15:07:24.001,22973,22973,22973,6,0
2024-11-25 15:07:25.001,22974,22974,22974,2,2
2024-11-25 15:07:28.001,22973,22973,22973,2,-2
2024-11-25 15:07:29.001,22975,22975,22975,2,2
2024-11-25 15:07:31.001,22975,22975,22975,8,0
2024-11-25 15:07:31.001,22975,22975,22975,2,0
2024-11-25 15:07:32.001,22975,22975,22975,2,0
2024-11-25 15:07:32.001,22977,22977,22977,8,8
2024-11-25 15:07:34.001,22978,22978,22978,2,2
2024-11-25 15:07:35.001,22976,22976,22976,2,-2
2024-11-25 15:07:35.001,22978,22978,22978,20,20
2024-11-25 15:07:35.001,22979,22979,22979,8,8
2024-11-25 15:07:37.001,22980,22980,22980,2,2
2024-11-25 15:07:37.001,22978,22978,22978,2,-2
2024-11-25 15:07:38.001,22977,22977,22977,2,-2
2024-11-25 15:07:39.001,22977,22977,22977,2,0
2024-11-25 15:07:39.001,22977,22977,22977,2,0
2024-11-25 15:07:39.001,22977,22977,22977,8,0
2024-11-25 15:07:40.001,22978,22978,22978,2,2
2024-11-25 15:07:42.001,22977,22977,22977,20,-20
2024-11-25 15:07:44.001,22978,22978,22978,4,4
2024-11-25 15:07:45.001,22979,22979,22979,2,2
2024-11-25 15:07:47.001,22980,22980,22980,32,32
2024-11-25 15:07:47.001,22981,22981,22981,8,8
2024-11-25 15:07:49.001,22982,22982,22982,2,2
2024-11-25 15:07:49.001,22982,22982,22982,2,0
2024-11-25 15:07:49.001,22982,22982,22982,2,0
2024-11-25 15:07:50.001,22983,22983,22983,2,2
2024-11-25 15:07:50.001,22984,22984,22984,2,2
2024-11-25 15:07:50.001,22984,22984,22984,2,0
2024-11-25 15:07:50.001,22985,22985,22985,6,6
2024-11-25 15:07:50.001,22985,22985,22985,6,0
2024-11-25 15:07:50.001,22986,22986,22986,4,4
2024-11-25 15:07:50.001,22986,22986,22986,2,0
2024-11-25 15:07:50.001,22986,22986,22986,2,0
2024-11-25 15:07:51.001,22987,22987,22987,4,4
2024-11-25 15:07:51.001,22986,22986,22986,2,-2
2024-11-25 15:07:52.001,22984,22984,22984,2,-2
2024-11-25 15:07:53.001,22984,22984,22984,6,0
2024-11-25 15:07:56.001,22983,22983,22983,2,-2
2024-11-25 15:07:58.001,22983,22983,22983,2,0
2024-11-25 15:07:59.001,22983,22983,22983,8,0
2024-11-25 15:07:59.001,22984,22984,22984,10,10
2024-11-25 15:08:00.001,22985,22985,22985,2,2
2024-11-25 15:08:01.001,22985,22985,22985,2,0
2024-11-25 15:08:01.001,22984,22984,22984,2,-2
2024-11-25 15:08:01.001,22984,22984,22984,2,0
2024-11-25 15:08:02.001,22985,22985,22985,2,2
2024-11-25 15:08:02.001,22984,22984,22984,2,-2
2024-11-25 15:08:02.001,22986,22986,22986,2,2
2024-11-25 15:08:04.001,22985,22985,22985,2,-2
2024-11-25 15:08:06.001,22985,22985,22985,2,0
2024-11-25 15:08:06.001,22985,22985,22985,2,0
2024-11-25 15:08:08.001,22985,22985,22985,2,0
2024-11-25 15:08:08.001,22985,22985,22985,2,0
2024-11-25 15:08:08.001,22985,22985,22985,2,0
2024-11-25 15:08:08.001,22984,22984,22984,2,-2
2024-11-25 15:08:09.001,22981,22981,22981,2,-2
2024-11-25 15:08:09.001,22981,22981,22981,2,0
2024-11-25 15:08:09.001,22981,22981,22981,2,0
2024-11-25 15:08:09.001,22980,22980,22980,2,-2
2024-11-25 15:08:10.001,22982,22982,22982,2,2
2024-11-25 15:08:10.001,22981,22981,22981,2,-2
2024-11-25 15:08:10.001,22981,22981,22981,2,0
2024-11-25 15:08:10.001,22980,22980,22980,2,-2
2024-11-25 15:08:10.001,22981,22981,22981,2,2
2024-11-25 15:08:10.001,22980,22980,22980,4,-4
2024-11-25 15:08:10.001,22981,22981,22981,2,2
2024-11-25 15:08:11.001,22981,22981,22981,8,0
2024-11-25 15:08:11.001,22982,22982,22982,2,2
2024-11-25 15:08:12.001,22982,22982,22982,2,0
2024-11-25 15:08:13.001,22983,22983,22983,2,2
2024-11-25 15:08:15.001,22982,22982,22982,2,-2
2024-11-25 15:08:15.001,22982,22982,22982,2,0
2024-11-25 15:08:15.001,22982,22982,22982,2,0
2024-11-25 15:08:15.001,22983,22983,22983,2,2
2024-11-25 15:08:16.001,22980,22980,22980,2,-2
2024-11-25 15:08:17.001,22983,22983,22983,2,2
2024-11-25 15:08:17.001,22983,22983,22983,2,0
2024-11-25 15:08:20.001,22983,22983,22983,2,0
2024-11-25 15:08:21.001,22983,22983,22983,4,0
2024-11-25 15:08:23.001,22983,22983,22983,2,0
2024-11-25 15:08:23.001,22982,22982,22982,2,-2
2024-11-25 15:08:25.001,22980,22980,22980,2,-2
2024-11-25 15:08:26.001,22981,22981,22981,2,2
2024-11-25 15:08:26.001,22981,22981,22981,2,0
2024-11-25 15:08:29.001,22981,22981,22981,2,0
2024-11-25 15:08:33.001,22981,22981,22981,2,0
2024-11-25 15:08:34.001,22981,22981,22981,2,0
2024-11-25 15:08:34.001,22981,22981,22981,2,0
2024-11-25 15:08:34.001,22980,22980,22980,2,-2
2024-11-25 15:08:34.001,22980,22980,22980,2,0
2024-11-25 15:08:37.001,22982,22982,22982,2,2
2024-11-25 15:08:40.001,22982,22982,22982,2,0
2024-11-25 15:08:44.001,22983,22983,22983,2,2
2024-11-25 15:08:45.001,22983,22983,22983,4,0
2024-11-25 15:08:47.001,22983,22983,22983,2,0
2024-11-25 15:08:47.001,22983,22983,22983,2,0
2024-11-25 15:08:47.001,22983,22983,22983,2,0
2024-11-25 15:08:49.001,22985,22985,22985,2,2
2024-11-25 15:08:50.001,22984,22984,22984,2,-2
2024-11-25 15:08:51.001,22984,22984,22984,2,0
2024-11-25 15:08:55.001,22984,22984,22984,2,0
2024-11-25 15:08:56.001,22985,22985,22985,2,2
2024-11-25 15:08:57.001,22985,22985,22985,2,0
2024-11-25 15:08:59.001,22982,22982,22982,2,-2
2024-11-25 15:09:00.001,22981,22981,22981,2,-2
2024-11-25 15:09:00.001,22981,22981,22981,4,0
2024-11-25 15:09:00.001,22981,22981,22981,4,0
2024-11-25 15:09:01.001,22979,22979,22979,2,-2
2024-11-25 15:09:03.001,22981,22981,22981,2,2
2024-11-25 15:09:03.001,22981,22981,22981,2,0
2024-11-25 15:09:08.001,22981,22981,22981,2,0
2024-11-25 15:09:10.001,22979,22979,22979,2,-2
2024-11-25 15:09:10.001,22978,22978,22978,2,-2
2024-11-25 15:09:10.001,22977,22977,22977,2,-2
2024-11-25 15:09:11.001,22979,22979,22979,2,2
2024-11-25 15:09:13.001,22977,22977,22977,2,-2
2024-11-25 15:09:13.001,22976,22976,22976,2,-2
2024-11-25 15:09:14.001,22977,22977,22977,4,4
2024-11-25 15:09:19.001,22976,22976,22976,2,-2
2024-11-25 15:09:19.001,22976,22976,22976,2,0
2024-11-25 15:09:24.001,22976,22976,22976,2,0
2024-11-25 15:09:29.001,22975,22975,22975,2,-2
2024-11-25 15:09:29.001,22977,22977,22977,2,2
2024-11-25 15:09:33.001,22977,22977,22977,8,0
2024-11-25 15:09:33.001,22978,22978,22978,2,2
2024-11-25 15:09:33.001,22978,22978,22978,2,0
2024-11-25 15:09:33.001,22978,22978,22978,2,0
2024-11-25 15:09:34.001,22980,22980,22980,2,2
2024-11-25 15:09:39.001,22981,22981,22981,2,2
2024-11-25 15:09:39.001,22980,22980,22980,2,-2
2024-11-25 15:09:40.001,22980,22980,22980,2,0
2024-11-25 15:09:46.001,22979,22979,22979,2,-2
2024-11-25 15:09:46.001,22979,22979,22979,2,0
2024-11-25 15:09:46.001,22979,22979,22979,2,0
2024-11-25 15:09:53.001,22982,22982,22982,2,2
2024-11-25 15:09:54.001,22982,22982,22982,2,0
2024-11-25 15:10:04.001,22981,22981,22981,2,-2
2024-11-25 15:10:09.001,22982,22982,22982,4,4
2024-11-25 15:10:09.001,22982,22982,22982,4,0
2024-11-25 15:10:09.001,22983,22983,22983,2,2
2024-11-25 15:10:09.001,22983,22983,22983,2,0
2024-11-25 15:10:10.001,22984,22984,22984,2,2
2024-11-25 15:10:10.001,22984,22984,22984,6,0
2024-11-25 15:10:10.001,22985,22985,22985,12,12
2024-11-25 15:10:10.001,22986,22986,22986,6,6
2024-11-25 15:10:10.001,22986,22986,22986,6,0
2024-11-25 15:10:10.001,22987,22987,22987,2,2
2024-11-25 15:10:10.001,22988,22988,22988,2,2
2024-11-25 15:10:10.001,22990,22990,22990,2,2
2024-11-25 15:10:10.001,22990,22990,22990,2,0
2024-11-25 15:10:10.001,22990,22990,22990,2,0
2024-11-25 15:10:10.001,22990,22990,22990,10,0
2024-11-25 15:10:10.001,22990,22990,22990,2,0
2024-11-25 15:10:10.001,22990,22990,22990,2,0
2024-11-25 15:10:10.001,22990,22990,22990,8,0
2024-11-25 15:10:10.001,22991,22991,22991,2,2
2024-11-25 15:10:11.001,22991,22991,22991,2,0
2024-11-25 15:10:11.001,22991,22991,22991,2,0
2024-11-25 15:10:11.001,22988,22988,22988,2,-2
2024-11-25 15:10:11.001,22988,22988,22988,2,0
2024-11-25 15:10:11.001,22987,22987,22987,2,-2
2024-11-25 15:10:20.001,22989,22989,22989,2,2
2024-11-25 15:10:20.001,22989,22989,22989,2,0
2024-11-25 15:10:23.001,22991,22991,22991,4,4
2024-11-25 15:10:25.001,22992,22992,22992,2,2
2024-11-25 15:10:31.001,22990,22990,22990,2,-2
2024-11-25 15:10:33.001,22991,22991,22991,2,2
2024-11-25 15:10:33.001,22992,22992,22992,8,8
2024-11-25 15:10:33.001,22993,22993,22993,14,14
2024-11-25 15:10:33.001,22992,22992,22992,2,-2
2024-11-25 15:10:34.001,22992,22992,22992,2,0
2024-11-25 15:10:34.001,22992,22992,22992,2,0
2024-11-25 15:10:35.001,22994,22994,22994,18,18
2024-11-25 15:10:35.001,22995,22995,22995,4,4
2024-11-25 15:10:35.001,22995,22995,22995,2,0
2024-11-25 15:10:35.001,22992,22992,22992,2,-2
2024-11-25 15:10:38.001,22992,22992,22992,2,0
2024-11-25 15:10:38.001,22992,22992,22992,2,0
2024-11-25 15:10:38.001,22992,22992,22992,2,0
2024-11-25 15:10:38.001,22992,22992,22992,2,0
2024-11-25 15:10:38.001,22992,22992,22992,2,0
2024-11-25 15:10:38.001,22991,22991,22991,2,-2
2024-11-25 15:10:38.001,22991,22991,22991,2,0
2024-11-25 15:10:38.001,22991,22991,22991,2,0
2024-11-25 15:10:38.001,22991,22991,22991,2,0
2024-11-25 15:10:38.001,22991,22991,22991,2,0
2024-11-25 15:10:38.001,22991,22991,22991,2,0
2024-11-25 15:10:38.001,22991,22991,22991,2,0
2024-11-25 15:10:38.001,22991,22991,22991,2,0
2024-11-25 15:10:38.001,22990,22990,22990,2,-2
2024-11-25 15:10:38.001,22990,22990,22990,2,0
2024-11-25 15:10:40.001,22993,22993,22993,2,2
2024-11-25 15:10:44.001,22992,22992,22992,4,-4
2024-11-25 15:10:45.001,22991,22991,22991,2,-2
2024-11-25 15:10:45.001,22990,22990,22990,2,-2
2024-11-25 15:10:45.001,22990,22990,22990,2,0
2024-11-25 15:10:48.001,22990,22990,22990,2,0
2024-11-25 15:10:48.001,22990,22990,22990,2,0
2024-11-25 15:10:52.001,22989,22989,22989,2,-2
2024-11-25 15:10:52.001,22988,22988,22988,2,-2
2024-11-25 15:10:56.001,22989,22989,22989,2,2
2024-11-25 15:10:56.001,22989,22989,22989,2,0
2024-11-25 15:10:56.001,22990,22990,22990,2,2
2024-11-25 15:10:58.001,22987,22987,22987,4,-4
2024-11-25 15:10:58.001,22986,22986,22986,2,-2
2024-11-25 15:10:58.001,22986,22986,22986,2,0
2024-11-25 15:11:00.001,22984,22984,22984,2,-2
2024-11-25 15:11:01.001,22986,22986,22986,2,2
2024-11-25 15:11:01.001,22986,22986,22986,2,0
2024-11-25 15:11:03.001,22984,22984,22984,2,-2
2024-11-25 15:11:03.001,22985,22985,22985,2,2
2024-11-25 15:11:04.001,22983,22983,22983,2,-2
2024-11-25 15:11:04.001,22983,22983,22983,2,0
2024-11-25 15:11:04.001,22982,22982,22982,2,-2
2024-11-25 15:11:04.001,22982,22982,22982,2,0
2024-11-25 15:11:04.001,22982,22982,22982,2,0
2024-11-25 15:11:04.001,22982,22982,22982,2,0
2024-11-25 15:11:04.001,22982,22982,22982,2,0
2024-11-25 15:11:04.001,22982,22982,22982,2,0
2024-11-25 15:11:04.001,22984,22984,22984,4,4
2024-11-25 15:11:05.001,22982,22982,22982,2,-2
2024-11-25 15:11:07.001,22984,22984,22984,2,2
2024-11-25 15:11:10.001,22983,22983,22983,2,-2
2024-11-25 15:11:13.001,22983,22983,22983,2,0
2024-11-25 15:11:14.001,22982,22982,22982,2,-2
2024-11-25 15:11:15.001,22981,22981,22981,2,-2
2024-11-25 15:11:15.001,22980,22980,22980,2,-2
2024-11-25 15:11:15.001,22980,22980,22980,2,0
2024-11-25 15:11:15.001,22980,22980,22980,2,0
2024-11-25 15:11:15.001,22980,22980,22980,2,0
2024-11-25 15:11:15.001,22979,22979,22979,2,-2
2024-11-25 15:11:15.001,22979,22979,22979,4,0
2024-11-25 15:11:16.001,22981,22981,22981,2,2
2024-11-25 15:11:16.001,22981,22981,22981,2,0
2024-11-25 15:11:17.001,22982,22982,22982,2,2
2024-11-25 15:11:18.001,22983,22983,22983,2,2
2024-11-25 15:11:20.001,22981,22981,22981,2,-2
2024-11-25 15:11:21.001,22981,22981,22981,2,0
2024-11-25 15:11:21.001,22983,22983,22983,2,2
2024-11-25 15:11:24.001,22981,22981,22981,2,-2
2024-11-25 15:11:24.001,22982,22982,22982,4,4
2024-11-25 15:11:24.001,22983,22983,22983,2,2
2024-11-25 15:11:24.001,22980,22980,22980,2,-2
2024-11-25 15:11:24.001,22980,22980,22980,2,0
2024-11-25 15:11:24.001,22979,22979,22979,2,-2
2024-11-25 15:11:24.001,22979,22979,22979,2,0
2024-11-25 15:11:24.001,22979,22979,22979,2,0
2024-11-25 15:11:24.001,22978,22978,22978,2,-2
2024-11-25 15:11:25.001,22980,22980,22980,2,2
2024-11-25 15:11:25.001,22980,22980,22980,16,0
2024-11-25 15:11:26.001,22982,22982,22982,2,2
2024-11-25 15:11:26.001,22982,22982,22982,2,0
2024-11-25 15:11:27.001,22982,22982,22982,2,0
2024-11-25 15:11:29.001,22983,22983,22983,2,2
2024-11-25 15:11:29.001,22982,22982,22982,2,-2
2024-11-25 15:11:29.001,22982,22982,22982,2,0
2024-11-25 15:11:29.001,22982,22982,22982,2,0
2024-11-25 15:11:29.001,22981,22981,22981,2,-2
2024-11-25 15:11:29.001,22981,22981,22981,2,0
2024-11-25 15:11:29.001,22981,22981,22981,2,0
2024-11-25 15:11:32.001,22984,22984,22984,2,2
2024-11-25 15:11:33.001,22984,22984,22984,2,0
2024-11-25 15:11:35.001,22984,22984,22984,2,0
2024-11-25 15:11:37.001,22984,22984,22984,2,0
2024-11-25 15:11:40.001,22984,22984,22984,2,0
2024-11-25 15:11:41.001,22984,22984,22984,2,0
2024-11-25 15:11:45.001,22983,22983,22983,2,-2
2024-11-25 15:11:47.001,22983,22983,22983,2,0
2024-11-25 15:11:47.001,22981,22981,22981,2,-2
2024-11-25 15:11:52.001,22980,22980,22980,2,-2
2024-11-25 15:11:52.001,22980,22980,22980,4,0
2024-11-25 15:11:52.001,22980,22980,22980,2,0
2024-11-25 15:11:52.001,22979,22979,22979,2,-2
2024-11-25 15:11:52.001,22979,22979,22979,2,0
2024-11-25 15:11:52.001,22979,22979,22979,2,0
2024-11-25 15:11:52.001,22979,22979,22979,2,0
2024-11-25 15:11:56.001,22980,22980,22980,2,2
2024-11-25 15:12:00.001,22978,22978,22978,4,-4
2024-11-25 15:12:00.001,22978,22978,22978,4,0
2024-11-25 15:12:00.001,22978,22978,22978,2,0
2024-11-25 15:12:00.001,22978,22978,22978,2,0
2024-11-25 15:12:05.001,22977,22977,22977,2,-2
2024-11-25 15:12:11.001,22977,22977,22977,4,0
2024-11-25 15:12:14.001,22976,22976,22976,2,-2
2024-11-25 15:12:14.001,22976,22976,22976,2,0
2024-11-25 15:12:14.001,22976,22976,22976,2,0
2024-11-25 15:12:14.001,22976,22976,22976,2,0
2024-11-25 15:12:15.001,22975,22975,22975,2,-2
2024-11-25 15:12:16.001,22974,22974,22974,2,-2
2024-11-25 15:12:16.001,22974,22974,22974,2,0
2024-11-25 15:12:16.001,22974,22974,22974,2,0
2024-11-25 15:12:16.001,22973,22973,22973,2,-2
2024-11-25 15:12:22.001,22972,22972,22972,2,-2
2024-11-25 15:12:23.001,22972,22972,22972,2,0
2024-11-25 15:12:25.001,22971,22971,22971,2,-2
2024-11-25 15:12:25.001,22970,22970,22970,2,-2
2024-11-25 15:12:25.001,22970,22970,22970,2,0
2024-11-25 15:12:25.001,22970,22970,22970,2,0
2024-11-25 15:12:25.001,22970,22970,22970,2,0
2024-11-25 15:12:25.001,22970,22970,22970,2,0
2024-11-25 15:12:25.001,22969,22969,22969,2,-2
2024-11-25 15:12:25.001,22969,22969,22969,2,0
2024-11-25 15:12:25.001,22971,22971,22971,2,2
2024-11-25 15:12:25.001,22968,22968,22968,4,-4
2024-11-25 15:12:27.001,22971,22971,22971,4,4
2024-11-25 15:12:27.001,22971,22971,22971,2,0
2024-11-25 15:12:29.001,22972,22972,22972,2,2
2024-11-25 15:12:29.001,22970,22970,22970,2,-2
2024-11-25 15:12:30.001,22970,22970,22970,2,0
2024-11-25 15:12:31.001,22971,22971,22971,2,2
2024-11-25 15:12:31.001,22971,22971,22971,2,0
2024-11-25 15:12:31.001,22971,22971,22971,2,0
2024-11-25 15:12:31.001,22971,22971,22971,2,0
2024-11-25 15:12:31.001,22970,22970,22970,2,-2
2024-11-25 15:12:32.001,22971,22971,22971,2,2
2024-11-25 15:12:36.001,22968,22968,22968,2,-2
2024-11-25 15:12:36.001,22968,22968,22968,2,0
2024-11-25 15:12:36.001,22968,22968,22968,2,0
2024-11-25 15:12:36.001,22968,22968,22968,2,0
2024-11-25 15:12:37.001,22970,22970,22970,2,2
2024-11-25 15:12:37.001,22968,22968,22968,2,-2
2024-11-25 15:12:38.001,22968,22968,22968,2,0
2024-11-25 15:12:38.001,22967,22967,22967,2,-2
2024-11-25 15:12:38.001,22967,22967,22967,2,0
2024-11-25 15:12:43.001,22968,22968,22968,2,2
2024-11-25 15:12:44.001,22969,22969,22969,4,4
2024-11-25 15:12:44.001,22969,22969,22969,2,0
2024-11-25 15:12:44.001,22969,22969,22969,2,0
2024-11-25 15:12:44.001,22970,22970,22970,2,2
2024-11-25 15:12:44.001,22971,22971,22971,2,2
2024-11-25 15:12:45.001,22969,22969,22969,2,-2
2024-11-25 15:12:46.001,22971,22971,22971,2,2
2024-11-25 15:12:46.001,22971,22971,22971,4,0
2024-11-25 15:12:46.001,22972,22972,22972,2,2
2024-11-25 15:12:46.001,22973,22973,22973,2,2
2024-11-25 15:12:48.001,22974,22974,22974,2,2
2024-11-25 15:12:48.001,22974,22974,22974,2,0
2024-11-25 15:12:48.001,22974,22974,22974,2,0
2024-11-25 15:12:50.001,22974,22974,22974,2,0
2024-11-25 15:12:50.001,22974,22974,22974,2,0
2024-11-25 15:12:58.001,22973,22973,22973,2,-2
2024-11-25 15:12:58.001,22974,22974,22974,24,24
2024-11-25 15:12:58.001,22975,22975,22975,2,2
2024-11-25 15:12:58.001,22976,22976,22976,2,2
2024-11-25 15:12:59.001,22975,22975,22975,2,-2
2024-11-25 15:13:00.001,22974,22974,22974,2,-2
2024-11-25 15:13:14.001,22975,22975,22975,2,2
2024-11-25 15:13:14.001,22975,22975,22975,2,0
2024-11-25 15:13:14.001,22975,22975,22975,2,0
2024-11-25 15:13:14.001,22975,22975,22975,2,0
2024-11-25 15:13:14.001,22973,22973,22973,2,-2
2024-11-25 15:13:14.001,22972,22972,22972,2,-2
2024-11-25 15:13:14.001,22972,22972,22972,2,0
2024-11-25 15:13:18.001,22971,22971,22971,2,-2
2024-11-25 15:13:19.001,22972,22972,22972,2,2
2024-11-25 15:13:22.001,22971,22971,22971,2,-2
2024-11-25 15:13:31.001,22972,22972,22972,2,2
2024-11-25 15:13:31.001,22972,22972,22972,4,0
2024-11-25 15:13:31.001,22972,22972,22972,2,0
2024-11-25 15:13:36.001,22975,22975,22975,2,2
2024-11-25 15:13:37.001,22973,22973,22973,2,-2
2024-11-25 15:13:37.001,22973,22973,22973,2,0
2024-11-25 15:13:40.001,22974,22974,22974,2,2
2024-11-25 15:13:40.001,22972,22972,22972,2,-2
2024-11-25 15:13:41.001,22972,22972,22972,2,0
2024-11-25 15:13:42.001,22973,22973,22973,2,2
2024-11-25 15:13:42.001,22972,22972,22972,2,-2
2024-11-25 15:13:46.001,22969,22969,22969,2,-2
2024-11-25 15:13:46.001,22969,22969,22969,2,0
2024-11-25 15:13:46.001,22969,22969,22969,2,0
2024-11-25 15:13:46.001,22969,22969,22969,2,0
2024-11-25 15:13:46.001,22969,22969,22969,2,0
2024-11-25 15:13:51.001,22967,22967,22967,2,-2
2024-11-25 15:13:53.001,22967,22967,22967,2,0
2024-11-25 15:13:53.001,22967,22967,22967,2,0
2024-11-25 15:13:53.001,22968,22968,22968,4,4
2024-11-25 15:13:53.001,22967,22967,22967,2,-2
2024-11-25 15:13:53.001,22967,22967,22967,2,0
2024-11-25 15:13:53.001,22968,22968,22968,2,2
2024-11-25 15:13:53.001,22967,22967,22967,4,-4
2024-11-25 15:13:53.001,22967,22967,22967,2,0
2024-11-25 15:13:53.001,22967,22967,22967,2,0
2024-11-25 15:13:53.001,22966,22966,22966,2,-2
2024-11-25 15:13:53.001,22966,22966,22966,2,0
2024-11-25 15:13:53.001,22965,22965,22965,2,-2
2024-11-25 15:13:53.001,22965,22965,22965,2,0
2024-11-25 15:13:53.001,22965,22965,22965,2,0
2024-11-25 15:13:53.001,22965,22965,22965,2,0
2024-11-25 15:13:53.001,22965,22965,22965,2,0
2024-11-25 15:13:53.001,22965,22965,22965,2,0
2024-11-25 15:13:53.001,22965,22965,22965,4,0
2024-11-25 15:13:53.001,22965,22965,22965,2,0
2024-11-25 15:13:53.001,22963,22963,22963,2,-2
2024-11-25 15:13:54.001,22964,22964,22964,2,2
2024-11-25 15:13:55.001,22965,22965,22965,2,2
2024-11-25 15:13:57.001,22963,22963,22963,2,-2
2024-11-25 15:14:02.001,22963,22963,22963,2,0
2024-11-25 15:14:02.001,22963,22963,22963,2,0
2024-11-25 15:14:03.001,22964,22964,22964,2,2
2024-11-25 15:14:04.001,22964,22964,22964,2,0
2024-11-25 15:14:04.001,22963,22963,22963,2,-2
2024-11-25 15:14:04.001,22963,22963,22963,2,0
2024-11-25 15:14:04.001,22963,22963,22963,2,0
2024-11-25 15:14:04.001,22963,22963,22963,2,0
2024-11-25 15:14:04.001,22962,22962,22962,2,-2
2024-11-25 15:14:04.001,22962,22962,22962,2,0
2024-11-25 15:14:04.001,22962,22962,22962,2,0
2024-11-25 15:14:04.001,22962,22962,22962,2,0
2024-11-25 15:14:04.001,22962,22962,22962,2,0
2024-11-25 15:14:06.001,22965,22965,22965,2,2
2024-11-25 15:14:06.001,22965,22965,22965,4,0
2024-11-25 15:14:06.001,22965,22965,22965,4,0
2024-11-25 15:14:06.001,22965,22965,22965,6,0
2024-11-25 15:14:06.001,22965,22965,22965,2,0
2024-11-25 15:14:06.001,22965,22965,22965,6,0
2024-11-25 15:14:06.001,22965,22965,22965,6,0
2024-11-25 15:14:06.001,22965,22965,22965,2,0
2024-11-25 15:14:06.001,22965,22965,22965,2,0
2024-11-25 15:14:09.001,22965,22965,22965,2,0
2024-11-25 15:14:10.001,22965,22965,22965,16,0
2024-11-25 15:14:10.001,22965,22965,22965,10,0
2024-11-25 15:14:10.001,22966,22966,22966,6,6
2024-11-25 15:14:14.001,22967,22967,22967,4,4
2024-11-25 15:14:16.001,22966,22966,22966,2,-2
2024-11-25 15:14:16.001,22966,22966,22966,2,0
2024-11-25 15:14:17.001,22964,22964,22964,2,-2
2024-11-25 15:14:17.001,22966,22966,22966,2,2
2024-11-25 15:14:18.001,22966,22966,22966,2,0
2024-11-25 15:14:24.001,22967,22967,22967,2,2
2024-11-25 15:14:24.001,22968,22968,22968,2,2
2024-11-25 15:14:29.001,22966,22966,22966,2,-2
2024-11-25 15:14:29.001,22966,22966,22966,2,0
2024-11-25 15:14:29.001,22966,22966,22966,2,0
2024-11-25 15:14:30.001,22967,22967,22967,4,4
2024-11-25 15:14:31.001,22965,22965,22965,2,-2
2024-11-25 15:14:31.001,22965,22965,22965,2,0
2024-11-25 15:14:31.001,22964,22964,22964,2,-2
2024-11-25 15:14:31.001,22964,22964,22964,2,0
2024-11-25 15:14:31.001,22964,22964,22964,2,0
2024-11-25 15:14:34.001,22964,22964,22964,2,0
2024-11-25 15:14:34.001,22964,22964,22964,2,0
2024-11-25 15:14:34.001,22964,22964,22964,2,0
2024-11-25 15:14:34.001,22963,22963,22963,2,-2
2024-11-25 15:14:34.001,22963,22963,22963,2,0
2024-11-25 15:14:37.001,22966,22966,22966,4,4
2024-11-25 15:14:37.001,22967,22967,22967,8,8
2024-11-25 15:14:37.001,22968,22968,22968,2,2
2024-11-25 15:14:37.001,22967,22967,22967,2,-2
2024-11-25 15:14:43.001,22967,22967,22967,2,0
2024-11-25 15:14:45.001,22967,22967,22967,2,0
2024-11-25 15:14:45.001,22964,22964,22964,2,-2
2024-11-25 15:14:45.001,22964,22964,22964,2,0
2024-11-25 15:14:46.001,22964,22964,22964,2,0
2024-11-25 15:14:46.001,22966,22966,22966,2,2
2024-11-25 15:14:51.001,22966,22966,22966,2,0
2024-11-25 15:14:51.001,22966,22966,22966,2,0
2024-11-25 15:14:51.001,22965,22965,22965,2,-2
2024-11-25 15:14:51.001,22965,22965,22965,2,0
2024-11-25 15:14:51.001,22967,22967,22967,2,2
2024-11-25 15:14:51.001,22967,22967,22967,2,0
2024-11-25 15:14:51.001,22967,22967,22967,2,0
2024-11-25 15:14:51.001,22965,22965,22965,2,-2
2024-11-25 15:14:51.001,22965,22965,22965,2,0
2024-11-25 15:14:51.001,22965,22965,22965,2,0
2024-11-25 15:14:51.001,22965,22965,22965,2,0
2024-11-25 15:14:52.001,22965,22965,22965,2,0
2024-11-25 15:14:52.001,22965,22965,22965,2,0
2024-11-25 15:14:52.001,22965,22965,22965,2,0
2024-11-25 15:14:52.001,22965,22965,22965,2,0
2024-11-25 15:14:52.001,22964,22964,22964,2,-2
2024-11-25 15:14:52.001,22964,22964,22964,2,0
2024-11-25 15:14:52.001,22964,22964,22964,2,0
2024-11-25 15:14:53.001,22964,22964,22964,2,0
2024-11-25 15:14:53.001,22963,22963,22963,2,-2
2024-11-25 15:14:53.001,22962,22962,22962,2,-2
2024-11-25 15:14:53.001,22962,22962,22962,2,0
2024-11-25 15:14:53.001,22962,22962,22962,2,0
2024-11-25 15:14:54.001,22962,22962,22962,2,0
2024-11-25 15:14:54.001,22962,22962,22962,2,0
2024-11-25 15:14:54.001,22962,22962,22962,4,0
2024-11-25 15:14:54.001,22962,22962,22962,2,0
2024-11-25 15:14:54.001,22961,22961,22961,2,-2
2024-11-25 15:14:55.001,22961,22961,22961,2,0
2024-11-25 15:14:55.001,22961,22961,22961,2,0
2024-11-25 15:14:55.001,22963,22963,22963,2,2
2024-11-25 15:14:55.001,22961,22961,22961,2,-2
2024-11-25 15:14:55.001,22961,22961,22961,2,0
2024-11-25 15:14:56.001,22961,22961,22961,2,0
2024-11-25 15:14:56.001,22962,22962,22962,2,2
2024-11-25 15:14:58.001,22963,22963,22963,2,2
2024-11-25 15:14:59.001,22965,22965,22965,2,2
2024-11-25 15:15:00.001,22965,22965,22965,4,0
2024-11-25 15:15:00.001,22967,22967,22967,2,2
2024-11-25 15:15:00.001,22966,22966,22966,2,-2
2024-11-25 15:15:00.001,22964,22964,22964,2,-2
2024-11-25 15:15:00.001,22964,22964,22964,2,0
2024-11-25 15:15:00.001,22964,22964,22964,2,0
2024-11-25 15:15:00.001,22964,22964,22964,2,0
2024-11-25 15:15:00.001,22963,22963,22963,2,-2
2024-11-25 15:15:00.001,22963,22963,22963,2,0
2024-11-25 15:15:00.001,22962,22962,22962,2,-2
2024-11-25 15:15:00.001,22962,22962,22962,2,0
2024-11-25 15:15:01.001,22964,22964,22964,2,2
2024-11-25 15:15:02.001,22963,22963,22963,2,-2
2024-11-25 15:15:02.001,22963,22963,22963,2,0
2024-11-25 15:15:02.001,22964,22964,22964,2,2
2024-11-25 15:15:02.001,22964,22964,22964,2,0
2024-11-25 15:15:02.001,22967,22967,22967,2,2
2024-11-25 15:15:02.001,22967,22967,22967,2,0
2024-11-25 15:15:04.001,22967,22967,22967,2,0
2024-11-25 15:15:09.001,22965,22965,22965,2,-2
2024-11-25 15:15:09.001,22965,22965,22965,2,0
2024-11-25 15:15:15.001,22968,22968,22968,4,4
2024-11-25 15:15:16.001,22969,22969,22969,2,2
2024-11-25 15:15:16.001,22969,22969,22969,12,0
2024-11-25 15:15:16.001,22971,22971,22971,4,4
2024-11-25 15:15:16.001,22972,22972,22972,4,4
2024-11-25 15:15:16.001,22972,22972,22972,2,0
2024-11-25 15:15:16.001,22972,22972,22972,2,0
2024-11-25 15:15:16.001,22973,22973,22973,2,2
2024-11-25 15:15:16.001,22973,22973,22973,2,0
2024-11-25 15:15:16.001,22973,22973,22973,2,0
2024-11-25 15:15:16.001,22972,22972,22972,2,-2
2024-11-25 15:15:17.001,22974,22974,22974,4,4
2024-11-25 15:15:17.001,22971,22971,22971,2,-2
2024-11-25 15:15:17.001,22971,22971,22971,2,0
2024-11-25 15:15:21.001,22970,22970,22970,2,-2
2024-11-25 15:15:21.001,22969,22969,22969,2,-2
2024-11-25 15:15:21.001,22967,22967,22967,2,-2
2024-11-25 15:15:23.001,22966,22966,22966,2,-2
2024-11-25 15:15:23.001,22966,22966,22966,2,0
