2019-05-28,15:00:00,10329,10329,10329,188
2019-05-28,15:00:00,10329,10329,10329,4
2019-05-28,15:00:00,10329,10329,10329,4
2019-05-28,15:00:00,10328,10328,10328,4
2019-05-28,15:00:00,10328,10328,10328,2
2019-05-28,15:00:00,10329,10329,10329,4
2019-05-28,15:00:00,10329,10329,10329,4
2019-05-28,15:00:00,10329,10329,10329,4
2019-05-28,15:00:00,10328,10328,10328,2
2019-05-28,15:00:00,10328,10328,10328,2
2019-05-28,15:00:01,10329,10329,10329,6
2019-05-28,15:00:01,10328,10328,10328,2
2019-05-28,15:00:01,10328,10328,10328,2
2019-05-28,15:00:01,10328,10328,10328,2
2019-05-28,15:00:01,10328,10328,10328,4
2019-05-28,15:00:01,10328,10328,10328,2
2019-05-28,15:00:01,10328,10328,10328,2
2019-05-28,15:00:01,10328,10328,10328,2
2019-05-28,15:00:01,10329,10329,10329,2
2019-05-28,15:00:01,10328,10328,10328,2
2019-05-28,15:00:01,10328,10328,10328,2
2019-05-28,15:00:01,10328,10328,10328,2
2019-05-28,15:00:01,10328,10328,10328,2
2019-05-28,15:00:01,10328,10328,10328,2
2019-05-28,15:00:01,10328,10328,10328,2
2019-05-28,15:00:02,10328,10328,10328,10
2019-05-28,15:00:02,10328,10328,10328,10
2019-05-28,15:00:02,10327,10327,10327,2
2019-05-28,15:00:02,10327,10327,10327,4
2019-05-28,15:00:02,10327,10327,10327,2
2019-05-28,15:00:02,10327,10327,10327,2
2019-05-28,15:00:02,10328,10328,10328,4
2019-05-28,15:00:02,10328,10328,10328,8
2019-05-28,15:00:02,10327,10327,10327,2
2019-05-28,15:00:02,10327,10327,10327,2
2019-05-28,15:00:02,10327,10327,10327,6
2019-05-28,15:00:02,10327,10327,10327,8
2019-05-28,15:00:02,10327,10327,10327,2
2019-05-28,15:00:03,10327,10327,10327,2
2019-05-28,15:00:03,10327,10327,10327,2
2019-05-28,15:00:03,10327,10327,10327,4
2019-05-28,15:00:03,10326,10326,10326,4
2019-05-28,15:00:05,10327,10327,10327,4
2019-05-28,15:00:05,10327,10327,10327,2
2019-05-28,15:00:05,10327,10327,10327,2
2019-05-28,15:00:05,10326,10326,10326,2
2019-05-28,15:00:05,10327,10327,10327,2
2019-05-28,15:00:05,10328,10328,10328,2
2019-05-28,15:00:05,10327,10327,10327,2
2019-05-28,15:00:05,10327,10327,10327,2
2019-05-28,15:00:05,10327,10327,10327,2
2019-05-28,15:00:06,10327,10327,10327,10
2019-05-28,15:00:06,10328,10328,10328,2
2019-05-28,15:00:06,10327,10327,10327,2
2019-05-28,15:00:06,10327,10327,10327,4
2019-05-28,15:00:06,10327,10327,10327,2
2019-05-28,15:00:06,10327,10327,10327,2
2019-05-28,15:00:06,10328,10328,10328,2
2019-05-28,15:00:07,10327,10327,10327,2
2019-05-28,15:00:07,10327,10327,10327,4
2019-05-28,15:00:07,10328,10328,10328,2
2019-05-28,15:00:07,10328,10328,10328,50
2019-05-28,15:00:08,10328,10328,10328,2
2019-05-28,15:00:08,10328,10328,10328,16
2019-05-28,15:00:08,10328,10328,10328,4
2019-05-28,15:00:08,10329,10329,10329,2
2019-05-28,15:00:08,10328,10328,10328,2
2019-05-28,15:00:08,10329,10329,10329,2
2019-05-28,15:00:09,10328,10328,10328,2
2019-05-28,15:00:09,10328,10328,10328,2
2019-05-28,15:00:09,10329,10329,10329,4
2019-05-28,15:00:09,10329,10329,10329,2
2019-05-28,15:00:10,10329,10329,10329,2
2019-05-28,15:00:11,10329,10329,10329,2
2019-05-28,15:00:11,10329,10329,10329,2
2019-05-28,15:00:12,10329,10329,10329,4
2019-05-28,15:00:12,10328,10328,10328,2
2019-05-28,15:00:12,10329,10329,10329,4
2019-05-28,15:00:12,10329,10329,10329,2
2019-05-28,15:00:13,10329,10329,10329,2
2019-05-28,15:00:13,10328,10328,10328,2
2019-05-28,15:00:13,10328,10328,10328,4
2019-05-28,15:00:13,10328,10328,10328,2
2019-05-28,15:00:13,10328,10328,10328,2
2019-05-28,15:00:13,10328,10328,10328,2
2019-05-28,15:00:13,10328,10328,10328,2
2019-05-28,15:00:14,10329,10329,10329,2
2019-05-28,15:00:15,10329,10329,10329,2
2019-05-28,15:00:17,10329,10329,10329,4
2019-05-28,15:00:17,10328,10328,10328,2
2019-05-28,15:00:17,10328,10328,10328,2
2019-05-28,15:00:17,10328,10328,10328,2
2019-05-28,15:00:17,10328,10328,10328,2
2019-05-28,15:00:19,10328,10328,10328,2
2019-05-28,15:00:22,10328,10328,10328,4
2019-05-28,15:00:22,10328,10328,10328,2
2019-05-28,15:00:22,10328,10328,10328,2
2019-05-28,15:00:23,10328,10328,10328,8
2019-05-28,15:00:23,10328,10328,10328,2
2019-05-28,15:00:24,10327,10327,10327,12
2019-05-28,15:00:24,10328,10328,10328,10
2019-05-28,15:00:25,10328,10328,10328,2
2019-05-28,15:00:27,10328,10328,10328,2
2019-05-28,15:00:29,10329,10329,10329,2
2019-05-28,15:00:29,10329,10329,10329,14
2019-05-28,15:00:29,10329,10329,10329,2
2019-05-28,15:00:30,10328,10328,10328,2
2019-05-28,15:00:30,10328,10328,10328,12
2019-05-28,15:00:31,10329,10329,10329,6
2019-05-28,15:00:33,10329,10329,10329,2
2019-05-28,15:00:37,10330,10330,10330,2
2019-05-28,15:00:38,10330,10330,10330,2
2019-05-28,15:00:38,10329,10329,10329,4
2019-05-28,15:00:39,10330,10330,10330,2
2019-05-28,15:00:41,10329,10329,10329,14
2019-05-28,15:00:41,10329,10329,10329,2
2019-05-28,15:00:41,10329,10329,10329,4
2019-05-28,15:00:41,10330,10330,10330,2
2019-05-28,15:00:43,10330,10330,10330,2
2019-05-28,15:00:45,10330,10330,10330,2
2019-05-28,15:00:46,10330,10330,10330,2
2019-05-28,15:00:53,10329,10329,10329,8
2019-05-28,15:00:53,10329,10329,10329,2
2019-05-28,15:00:53,10329,10329,10329,2
2019-05-28,15:00:53,10329,10329,10329,4
2019-05-28,15:00:53,10329,10329,10329,2
2019-05-28,15:00:53,10329,10329,10329,2
2019-05-28,15:00:53,10329,10329,10329,2
2019-05-28,15:00:54,10329,10329,10329,2
2019-05-28,15:00:54,10329,10329,10329,2
2019-05-28,15:00:55,10329,10329,10329,4
2019-05-28,15:00:56,10329,10329,10329,2
2019-05-28,15:00:58,10330,10330,10330,4
2019-05-28,15:01:00,10330,10330,10330,2
2019-05-28,15:01:00,10330,10330,10330,2
2019-05-28,15:01:01,10329,10329,10329,2
2019-05-28,15:01:03,10329,10329,10329,10
2019-05-28,15:01:03,10329,10329,10329,4
2019-05-28,15:01:03,10329,10329,10329,2
2019-05-28,15:01:03,10329,10329,10329,2
2019-05-28,15:01:03,10329,10329,10329,2
2019-05-28,15:01:03,10329,10329,10329,4
2019-05-28,15:01:05,10329,10329,10329,2
2019-05-28,15:01:07,10330,10330,10330,2
2019-05-28,15:01:08,10330,10330,10330,2
2019-05-28,15:01:13,10330,10330,10330,32
2019-05-28,15:01:15,10330,10330,10330,6
2019-05-28,15:01:15,10330,10330,10330,4
2019-05-28,15:01:15,10330,10330,10330,4
2019-05-28,15:01:17,10329,10329,10329,2
2019-05-28,15:01:17,10330,10330,10330,2
2019-05-28,15:01:17,10330,10330,10330,4
2019-05-28,15:01:18,10330,10330,10330,2
2019-05-28,15:01:20,10330,10330,10330,2
2019-05-28,15:01:21,10330,10330,10330,2
2019-05-28,15:01:25,10329,10329,10329,2
2019-05-28,15:01:25,10329,10329,10329,2
2019-05-28,15:01:25,10329,10329,10329,2
2019-05-28,15:01:25,10329,10329,10329,2
2019-05-28,15:01:25,10329,10329,10329,2
2019-05-28,15:01:26,10329,10329,10329,2
2019-05-28,15:01:26,10329,10329,10329,8
2019-05-28,15:01:29,10330,10330,10330,2
2019-05-28,15:01:31,10330,10330,10330,26
2019-05-28,15:01:31,10330,10330,10330,2
2019-05-28,15:01:34,10329,10329,10329,8
2019-05-28,15:01:34,10329,10329,10329,2
2019-05-28,15:01:34,10329,10329,10329,2
2019-05-28,15:01:34,10329,10329,10329,2
2019-05-28,15:01:34,10329,10329,10329,2
2019-05-28,15:01:34,10329,10329,10329,2
2019-05-28,15:01:34,10329,10329,10329,2
2019-05-28,15:01:34,10329,10329,10329,2
2019-05-28,15:01:34,10329,10329,10329,2
2019-05-28,15:01:34,10329,10329,10329,2
2019-05-28,15:01:34,10329,10329,10329,2
2019-05-28,15:01:34,10329,10329,10329,2
2019-05-28,15:01:34,10329,10329,10329,2
2019-05-28,15:01:36,10330,10330,10330,2
2019-05-28,15:01:37,10329,10329,10329,2
2019-05-28,15:01:39,10330,10330,10330,24
2019-05-28,15:01:40,10330,10330,10330,4
2019-05-28,15:01:41,10330,10330,10330,2
2019-05-28,15:01:41,10330,10330,10330,2
2019-05-28,15:01:41,10330,10330,10330,2
2019-05-28,15:01:41,10329,10329,10329,2
2019-05-28,15:01:41,10329,10329,10329,2
2019-05-28,15:01:41,10329,10329,10329,4
2019-05-28,15:01:41,10329,10329,10329,2
2019-05-28,15:01:41,10329,10329,10329,16
2019-05-28,15:01:41,10329,10329,10329,2
2019-05-28,15:01:41,10329,10329,10329,2
2019-05-28,15:01:42,10330,10330,10330,2
2019-05-28,15:01:44,10330,10330,10330,4
2019-05-28,15:01:46,10329,10329,10329,2
2019-05-28,15:01:46,10329,10329,10329,2
2019-05-28,15:01:46,10329,10329,10329,2
2019-05-28,15:01:46,10329,10329,10329,2
2019-05-28,15:01:46,10329,10329,10329,4
2019-05-28,15:01:47,10329,10329,10329,20
2019-05-28,15:01:48,10329,10329,10329,2
2019-05-28,15:01:49,10330,10330,10330,2
2019-05-28,15:01:52,10329,10329,10329,2
2019-05-28,15:01:53,10329,10329,10329,2
2019-05-28,15:01:53,10329,10329,10329,2
2019-05-28,15:01:53,10329,10329,10329,2
2019-05-28,15:01:54,10329,10329,10329,2
2019-05-28,15:01:54,10328,10328,10328,2
2019-05-28,15:01:54,10328,10328,10328,4
2019-05-28,15:01:54,10328,10328,10328,2
2019-05-28,15:01:54,10328,10328,10328,10
2019-05-28,15:01:54,10328,10328,10328,2
2019-05-28,15:01:54,10328,10328,10328,2
2019-05-28,15:01:54,10328,10328,10328,2
2019-05-28,15:01:54,10328,10328,10328,2
2019-05-28,15:01:54,10328,10328,10328,12
2019-05-28,15:01:54,10328,10328,10328,2
2019-05-28,15:01:54,10328,10328,10328,2
2019-05-28,15:01:54,10328,10328,10328,4
2019-05-28,15:01:54,10328,10328,10328,2
2019-05-28,15:01:54,10328,10328,10328,4
2019-05-28,15:01:54,10328,10328,10328,2
2019-05-28,15:01:54,10328,10328,10328,2
2019-05-28,15:01:55,10328,10328,10328,2
2019-05-28,15:01:55,10327,10327,10327,6
2019-05-28,15:01:55,10327,10327,10327,2
2019-05-28,15:01:55,10327,10327,10327,4
2019-05-28,15:01:55,10327,10327,10327,8
2019-05-28,15:01:55,10327,10327,10327,2
2019-05-28,15:01:58,10329,10329,10329,10
2019-05-28,15:01:59,10329,10329,10329,2
2019-05-28,15:02:00,10329,10329,10329,4
2019-05-28,15:02:01,10328,10328,10328,2
2019-05-28,15:02:01,10329,10329,10329,2
2019-05-28,15:02:01,10328,10328,10328,2
2019-05-28,15:02:02,10329,10329,10329,2
2019-05-28,15:02:03,10328,10328,10328,10
2019-05-28,15:02:04,10328,10328,10328,2
2019-05-28,15:02:04,10328,10328,10328,2
2019-05-28,15:02:05,10328,10328,10328,2
2019-05-28,15:02:05,10328,10328,10328,8
2019-05-28,15:02:05,10329,10329,10329,2
2019-05-28,15:02:05,10328,10328,10328,2
2019-05-28,15:02:05,10328,10328,10328,2
2019-05-28,15:02:06,10329,10329,10329,2
2019-05-28,15:02:06,10329,10329,10329,2
2019-05-28,15:02:06,10329,10329,10329,2
2019-05-28,15:02:07,10330,10330,10330,2
2019-05-28,15:02:08,10329,10329,10329,2
2019-05-28,15:02:08,10329,10329,10329,2
2019-05-28,15:02:08,10329,10329,10329,2
2019-05-28,15:02:08,10329,10329,10329,4
2019-05-28,15:02:08,10329,10329,10329,2
2019-05-28,15:02:08,10329,10329,10329,4
2019-05-28,15:02:09,10329,10329,10329,2
2019-05-28,15:02:09,10329,10329,10329,8
2019-05-28,15:02:12,10329,10329,10329,2
2019-05-28,15:02:14,10329,10329,10329,2
2019-05-28,15:02:14,10329,10329,10329,4
2019-05-28,15:02:16,10329,10329,10329,2
2019-05-28,15:02:16,10329,10329,10329,2
2019-05-28,15:02:24,10329,10329,10329,4
2019-05-28,15:02:24,10329,10329,10329,4
2019-05-28,15:02:24,10329,10329,10329,2
2019-05-28,15:02:24,10329,10329,10329,4
2019-05-28,15:02:24,10329,10329,10329,2
2019-05-28,15:02:24,10329,10329,10329,4
2019-05-28,15:02:24,10329,10329,10329,2
2019-05-28,15:02:24,10329,10329,10329,4
2019-05-28,15:02:24,10329,10329,10329,4
2019-05-28,15:02:27,10329,10329,10329,2
2019-05-28,15:02:28,10330,10330,10330,2
2019-05-28,15:02:28,10329,10329,10329,4
2019-05-28,15:02:28,10329,10329,10329,2
2019-05-28,15:02:29,10329,10329,10329,2
2019-05-28,15:02:32,10329,10329,10329,2
2019-05-28,15:02:32,10329,10329,10329,2
2019-05-28,15:02:33,10329,10329,10329,2
2019-05-28,15:02:33,10329,10329,10329,4
2019-05-28,15:02:33,10329,10329,10329,4
2019-05-28,15:02:36,10329,10329,10329,4
2019-05-28,15:02:41,10329,10329,10329,2
2019-05-28,15:02:41,10328,10328,10328,2
2019-05-28,15:02:41,10328,10328,10328,2
2019-05-28,15:02:41,10328,10328,10328,2
2019-05-28,15:02:45,10329,10329,10329,2
2019-05-28,15:02:47,10329,10329,10329,2
2019-05-28,15:02:47,10328,10328,10328,2
2019-05-28,15:02:47,10328,10328,10328,2
2019-05-28,15:02:48,10329,10329,10329,8
2019-05-28,15:02:49,10329,10329,10329,8
2019-05-28,15:02:51,10329,10329,10329,6
2019-05-28,15:02:52,10329,10329,10329,2
2019-05-28,15:02:52,10328,10328,10328,2
2019-05-28,15:02:52,10328,10328,10328,2
2019-05-28,15:02:52,10328,10328,10328,2
2019-05-28,15:02:55,10328,10328,10328,2
2019-05-28,15:03:00,10328,10328,10328,2
2019-05-28,15:03:02,10328,10328,10328,2
2019-05-28,15:03:02,10328,10328,10328,2
2019-05-28,15:03:02,10328,10328,10328,2
2019-05-28,15:03:02,10328,10328,10328,2
2019-05-28,15:03:02,10328,10328,10328,2
2019-05-28,15:03:02,10328,10328,10328,2
2019-05-28,15:03:02,10328,10328,10328,6
2019-05-28,15:03:02,10328,10328,10328,2
2019-05-28,15:03:02,10328,10328,10328,2
2019-05-28,15:03:02,10328,10328,10328,4
2019-05-28,15:03:05,10328,10328,10328,2
2019-05-28,15:03:09,10328,10328,10328,2
2019-05-28,15:03:18,10329,10329,10329,2
2019-05-28,15:03:19,10329,10329,10329,2
2019-05-28,15:03:19,10329,10329,10329,4
2019-05-28,15:03:24,10328,10328,10328,2
2019-05-28,15:03:24,10328,10328,10328,2
2019-05-28,15:03:24,10328,10328,10328,2
2019-05-28,15:03:24,10328,10328,10328,2
2019-05-28,15:03:24,10328,10328,10328,2
2019-05-28,15:03:24,10328,10328,10328,2
2019-05-28,15:03:24,10328,10328,10328,2
2019-05-28,15:03:24,10328,10328,10328,2
2019-05-28,15:03:24,10328,10328,10328,2
2019-05-28,15:03:24,10328,10328,10328,2
2019-05-28,15:03:24,10328,10328,10328,2
2019-05-28,15:03:24,10328,10328,10328,2
2019-05-28,15:03:24,10328,10328,10328,4
2019-05-28,15:03:24,10328,10328,10328,2
2019-05-28,15:03:27,10329,10329,10329,20
2019-05-28,15:03:30,10329,10329,10329,2
2019-05-28,15:03:32,10329,10329,10329,2
2019-05-28,15:03:32,10329,10329,10329,2
2019-05-28,15:03:33,10329,10329,10329,2
2019-05-28,15:03:33,10329,10329,10329,2
2019-05-28,15:03:33,10329,10329,10329,4
2019-05-28,15:03:33,10329,10329,10329,2
2019-05-28,15:03:41,10329,10329,10329,2
2019-05-28,15:03:41,10329,10329,10329,28
2019-05-28,15:03:42,10329,10329,10329,2
2019-05-28,15:03:42,10330,10330,10330,4
2019-05-28,15:03:46,10330,10330,10330,52
2019-05-28,15:03:50,10331,10331,10331,2
2019-05-28,15:03:53,10331,10331,10331,4
2019-05-28,15:03:55,10331,10331,10331,2
2019-05-28,15:04:04,10330,10330,10330,2
2019-05-28,15:04:04,10330,10330,10330,2
2019-05-28,15:04:05,10330,10330,10330,4
2019-05-28,15:04:05,10330,10330,10330,2
2019-05-28,15:04:05,10330,10330,10330,2
2019-05-28,15:04:06,10330,10330,10330,2
2019-05-28,15:04:11,10330,10330,10330,2
2019-05-28,15:04:11,10330,10330,10330,26
2019-05-28,15:04:15,10330,10330,10330,4
2019-05-28,15:04:15,10330,10330,10330,4
2019-05-28,15:04:15,10330,10330,10330,2
2019-05-28,15:04:29,10330,10330,10330,2
2019-05-28,15:04:29,10330,10330,10330,4
2019-05-28,15:04:29,10330,10330,10330,2
2019-05-28,15:04:37,10330,10330,10330,2
2019-05-28,15:04:37,10330,10330,10330,4
2019-05-28,15:04:37,10330,10330,10330,2
2019-05-28,15:04:37,10330,10330,10330,2
2019-05-28,15:04:37,10330,10330,10330,4
2019-05-28,15:04:37,10330,10330,10330,2
2019-05-28,15:04:37,10330,10330,10330,4
2019-05-28,15:04:42,10330,10330,10330,2
2019-05-28,15:04:43,10330,10330,10330,2
2019-05-28,15:04:43,10330,10330,10330,2
2019-05-28,15:04:43,10330,10330,10330,2
2019-05-28,15:04:51,10330,10330,10330,4
2019-05-28,15:04:58,10330,10330,10330,2
2019-05-28,15:04:59,10330,10330,10330,2
2019-05-28,15:05:00,10330,10330,10330,2
2019-05-28,15:05:00,10330,10330,10330,2
2019-05-28,15:05:04,10330,10330,10330,4
2019-05-28,15:05:04,10330,10330,10330,2
2019-05-28,15:05:04,10330,10330,10330,2
2019-05-28,15:05:04,10330,10330,10330,2
2019-05-28,15:05:04,10330,10330,10330,2
2019-05-28,15:05:04,10330,10330,10330,2
2019-05-28,15:05:04,10330,10330,10330,4
2019-05-28,15:05:04,10330,10330,10330,2
2019-05-28,15:05:05,10331,10331,10331,2
2019-05-28,15:05:06,10329,10329,10329,2
2019-05-28,15:05:10,10330,10330,10330,2
2019-05-28,15:05:11,10330,10330,10330,8
2019-05-28,15:05:18,10330,10330,10330,2
2019-05-28,15:05:25,10330,10330,10330,2
2019-05-28,15:05:29,10329,10329,10329,2
2019-05-28,15:05:29,10329,10329,10329,2
2019-05-28,15:05:29,10329,10329,10329,10
2019-05-28,15:05:29,10329,10329,10329,2
2019-05-28,15:05:29,10329,10329,10329,10
2019-05-28,15:05:29,10329,10329,10329,2
2019-05-28,15:05:29,10329,10329,10329,2
2019-05-28,15:05:29,10329,10329,10329,2
2019-05-28,15:05:29,10329,10329,10329,2
2019-05-28,15:05:39,10329,10329,10329,2
2019-05-28,15:05:42,10328,10328,10328,2
2019-05-28,15:05:50,10328,10328,10328,2
2019-05-28,15:05:50,10328,10328,10328,2
2019-05-28,15:05:54,10328,10328,10328,2
2019-05-28,15:05:54,10328,10328,10328,2
2019-05-28,15:05:54,10328,10328,10328,2
2019-05-28,15:05:54,10328,10328,10328,14
2019-05-28,15:06:03,10329,10329,10329,10
2019-05-28,15:06:04,10328,10328,10328,2
2019-05-28,15:06:11,10328,10328,10328,4
2019-05-28,15:06:15,10329,10329,10329,2
2019-05-28,15:06:18,10328,10328,10328,6
2019-05-28,15:06:18,10328,10328,10328,2
2019-05-28,15:06:18,10328,10328,10328,8
2019-05-28,15:06:18,10328,10328,10328,2
2019-05-28,15:06:18,10328,10328,10328,2
2019-05-28,15:06:18,10328,10328,10328,10
2019-05-28,15:06:18,10328,10328,10328,2
2019-05-28,15:06:18,10328,10328,10328,2
2019-05-28,15:06:18,10328,10328,10328,2
2019-05-28,15:06:18,10328,10328,10328,4
2019-05-28,15:06:19,10328,10328,10328,2
2019-05-28,15:06:19,10328,10328,10328,2
2019-05-28,15:06:19,10328,10328,10328,2
2019-05-28,15:06:19,10328,10328,10328,2
2019-05-28,15:06:21,10328,10328,10328,2
2019-05-28,15:06:21,10328,10328,10328,2
2019-05-28,15:06:24,10328,10328,10328,2
2019-05-28,15:06:26,10328,10328,10328,2
2019-05-28,15:06:28,10328,10328,10328,2
2019-05-28,15:06:29,10328,10328,10328,4
2019-05-28,15:06:29,10328,10328,10328,4
2019-05-28,15:06:29,10328,10328,10328,2
2019-05-28,15:06:29,10328,10328,10328,2
2019-05-28,15:06:29,10328,10328,10328,4
2019-05-28,15:06:29,10328,10328,10328,4
2019-05-28,15:06:35,10328,10328,10328,2
2019-05-28,15:06:44,10328,10328,10328,8
2019-05-28,15:06:46,10329,10329,10329,2
2019-05-28,15:06:46,10329,10329,10329,2
2019-05-28,15:06:47,10329,10329,10329,24
2019-05-28,15:06:47,10329,10329,10329,4
2019-05-28,15:06:57,10330,10330,10330,2
2019-05-28,15:06:58,10329,10329,10329,2
2019-05-28,15:06:58,10329,10329,10329,2
2019-05-28,15:07:15,10329,10329,10329,2
2019-05-28,15:07:16,10329,10329,10329,2
2019-05-28,15:07:39,10329,10329,10329,2
2019-05-28,15:08:00,10329,10329,10329,4
2019-05-28,15:08:00,10329,10329,10329,2
2019-05-28,15:08:00,10329,10329,10329,4
2019-05-28,15:08:00,10329,10329,10329,4
2019-05-28,15:08:00,10329,10329,10329,2
2019-05-28,15:08:00,10329,10329,10329,4
2019-05-28,15:08:00,10329,10329,10329,2
2019-05-28,15:08:00,10329,10329,10329,2
2019-05-28,15:08:00,10329,10329,10329,2
2019-05-28,15:08:00,10329,10329,10329,2
2019-05-28,15:08:00,10329,10329,10329,6
2019-05-28,15:08:00,10329,10329,10329,2
2019-05-28,15:08:00,10329,10329,10329,2
2019-05-28,15:08:00,10329,10329,10329,10
2019-05-28,15:08:00,10328,10328,10328,2
2019-05-28,15:08:00,10328,10328,10328,2
2019-05-28,15:08:00,10328,10328,10328,8
2019-05-28,15:08:00,10328,10328,10328,2
2019-05-28,15:08:00,10328,10328,10328,2
2019-05-28,15:08:00,10329,10329,10329,4
2019-05-28,15:08:00,10329,10329,10329,4
2019-05-28,15:08:00,10329,10329,10329,4
2019-05-28,15:08:01,10329,10329,10329,4
2019-05-28,15:08:02,10328,10328,10328,4
2019-05-28,15:08:02,10328,10328,10328,2
2019-05-28,15:08:02,10328,10328,10328,4
2019-05-28,15:08:02,10328,10328,10328,2
2019-05-28,15:08:02,10328,10328,10328,6
2019-05-28,15:08:12,10329,10329,10329,4
2019-05-28,15:08:36,10330,10330,10330,2
2019-05-28,15:08:43,10329,10329,10329,2
2019-05-28,15:08:43,10329,10329,10329,4
2019-05-28,15:08:43,10329,10329,10329,4
2019-05-28,15:08:43,10329,10329,10329,2
2019-05-28,15:08:43,10328,10328,10328,4
2019-05-28,15:08:43,10328,10328,10328,2
2019-05-28,15:08:51,10328,10328,10328,2
2019-05-28,15:08:51,10328,10328,10328,2
2019-05-28,15:08:51,10328,10328,10328,2
2019-05-28,15:08:51,10328,10328,10328,2
2019-05-28,15:08:51,10328,10328,10328,18
2019-05-28,15:08:58,10329,10329,10329,2
2019-05-28,15:09:03,10328,10328,10328,4
2019-05-28,15:09:04,10328,10328,10328,2
2019-05-28,15:09:04,10328,10328,10328,2
2019-05-28,15:09:04,10328,10328,10328,2
2019-05-28,15:09:06,10328,10328,10328,14
2019-05-28,15:09:07,10328,10328,10328,16
2019-05-28,15:09:09,10328,10328,10328,2
2019-05-28,15:09:21,10327,10327,10327,2
2019-05-28,15:09:21,10327,10327,10327,2
2019-05-28,15:09:21,10327,10327,10327,2
2019-05-28,15:09:21,10327,10327,10327,2
2019-05-28,15:09:21,10327,10327,10327,2
2019-05-28,15:09:21,10327,10327,10327,2
2019-05-28,15:09:21,10327,10327,10327,2
2019-05-28,15:09:21,10327,10327,10327,2
2019-05-28,15:09:21,10327,10327,10327,2
2019-05-28,15:09:21,10327,10327,10327,2
2019-05-28,15:09:21,10327,10327,10327,2
2019-05-28,15:09:21,10327,10327,10327,2
2019-05-28,15:09:21,10327,10327,10327,8
2019-05-28,15:09:21,10327,10327,10327,2
2019-05-28,15:09:21,10327,10327,10327,10
2019-05-28,15:09:21,10327,10327,10327,10
2019-05-28,15:09:21,10327,10327,10327,2
2019-05-28,15:09:21,10327,10327,10327,2
2019-05-28,15:09:21,10327,10327,10327,4
2019-05-28,15:09:21,10327,10327,10327,2
2019-05-28,15:09:21,10327,10327,10327,6
2019-05-28,15:09:21,10327,10327,10327,2
2019-05-28,15:09:21,10327,10327,10327,2
2019-05-28,15:09:21,10326,10326,10326,28
2019-05-28,15:09:21,10326,10326,10326,2
2019-05-28,15:09:21,10326,10326,10326,2
2019-05-28,15:09:21,10326,10326,10326,2
2019-05-28,15:09:21,10326,10326,10326,2
2019-05-28,15:09:21,10326,10326,10326,6
2019-05-28,15:09:21,10326,10326,10326,2
2019-05-28,15:09:21,10326,10326,10326,2
2019-05-28,15:09:21,10326,10326,10326,2
2019-05-28,15:09:26,10326,10326,10326,2
2019-05-28,15:09:28,10326,10326,10326,2
2019-05-28,15:09:28,10326,10326,10326,2
2019-05-28,15:09:28,10326,10326,10326,2
2019-05-28,15:09:28,10326,10326,10326,2
2019-05-28,15:09:28,10326,10326,10326,4
2019-05-28,15:09:28,10326,10326,10326,4
2019-05-28,15:09:28,10326,10326,10326,2
2019-05-28,15:09:28,10326,10326,10326,2
2019-05-28,15:09:30,10326,10326,10326,2
2019-05-28,15:09:30,10326,10326,10326,2
2019-05-28,15:09:30,10326,10326,10326,16
2019-05-28,15:09:30,10326,10326,10326,2
2019-05-28,15:09:30,10326,10326,10326,4
2019-05-28,15:09:32,10326,10326,10326,2
2019-05-28,15:09:40,10325,10325,10325,2
2019-05-28,15:09:40,10325,10325,10325,2
2019-05-28,15:09:41,10325,10325,10325,2
2019-05-28,15:09:41,10325,10325,10325,2
2019-05-28,15:09:41,10325,10325,10325,2
2019-05-28,15:09:41,10325,10325,10325,2
2019-05-28,15:09:41,10325,10325,10325,2
2019-05-28,15:09:41,10326,10326,10326,2
2019-05-28,15:09:42,10325,10325,10325,2
2019-05-28,15:09:42,10325,10325,10325,2
2019-05-28,15:09:44,10325,10325,10325,2
2019-05-28,15:09:46,10325,10325,10325,2
2019-05-28,15:09:46,10325,10325,10325,2
2019-05-28,15:09:46,10325,10325,10325,2
2019-05-28,15:09:46,10325,10325,10325,2
2019-05-28,15:09:46,10325,10325,10325,2
2019-05-28,15:09:46,10325,10325,10325,2
2019-05-28,15:09:46,10325,10325,10325,2
2019-05-28,15:09:46,10325,10325,10325,8
2019-05-28,15:09:46,10325,10325,10325,2
2019-05-28,15:09:46,10325,10325,10325,2
2019-05-28,15:09:46,10325,10325,10325,2
2019-05-28,15:09:46,10325,10325,10325,2
2019-05-28,15:09:46,10325,10325,10325,2
2019-05-28,15:09:46,10325,10325,10325,2
2019-05-28,15:09:46,10325,10325,10325,2
2019-05-28,15:09:46,10325,10325,10325,8
2019-05-28,15:09:46,10325,10325,10325,4
2019-05-28,15:09:46,10325,10325,10325,4
2019-05-28,15:09:46,10325,10325,10325,2
2019-05-28,15:09:46,10325,10325,10325,2
2019-05-28,15:09:46,10325,10325,10325,2
2019-05-28,15:09:46,10325,10325,10325,2
2019-05-28,15:09:46,10325,10325,10325,4
2019-05-28,15:09:46,10325,10325,10325,2
2019-05-28,15:09:46,10325,10325,10325,2
2019-05-28,15:09:46,10325,10325,10325,2
2019-05-28,15:09:46,10325,10325,10325,2
2019-05-28,15:09:47,10324,10324,10324,2
2019-05-28,15:09:47,10324,10324,10324,2
2019-05-28,15:09:48,10325,10325,10325,2
2019-05-28,15:09:49,10324,10324,10324,2
2019-05-28,15:09:49,10324,10324,10324,2
2019-05-28,15:09:49,10324,10324,10324,2
2019-05-28,15:09:49,10324,10324,10324,4
2019-05-28,15:09:49,10324,10324,10324,4
2019-05-28,15:09:50,10324,10324,10324,2
2019-05-28,15:09:50,10324,10324,10324,2
2019-05-28,15:09:50,10324,10324,10324,8
2019-05-28,15:09:50,10324,10324,10324,2
2019-05-28,15:09:51,10324,10324,10324,2
2019-05-28,15:09:52,10325,10325,10325,4
2019-05-28,15:09:56,10325,10325,10325,6
2019-05-28,15:10:01,10325,10325,10325,2
2019-05-28,15:10:01,10324,10324,10324,2
2019-05-28,15:10:03,10324,10324,10324,4
2019-05-28,15:10:03,10324,10324,10324,2
2019-05-28,15:10:03,10324,10324,10324,2
2019-05-28,15:10:04,10325,10325,10325,2
2019-05-28,15:10:05,10324,10324,10324,2
2019-05-28,15:10:05,10325,10325,10325,4
2019-05-28,15:10:06,10324,10324,10324,4
2019-05-28,15:10:06,10324,10324,10324,4
2019-05-28,15:10:06,10324,10324,10324,2
2019-05-28,15:10:06,10324,10324,10324,2
2019-05-28,15:10:06,10324,10324,10324,2
2019-05-28,15:10:06,10324,10324,10324,2
2019-05-28,15:10:06,10324,10324,10324,4
2019-05-28,15:10:06,10325,10325,10325,2
2019-05-28,15:10:06,10325,10325,10325,2
2019-05-28,15:10:13,10325,10325,10325,2
2019-05-28,15:10:13,10325,10325,10325,2
2019-05-28,15:10:13,10325,10325,10325,2
2019-05-28,15:10:13,10325,10325,10325,2
2019-05-28,15:10:15,10325,10325,10325,2
2019-05-28,15:10:15,10325,10325,10325,2
2019-05-28,15:10:18,10325,10325,10325,2
2019-05-28,15:10:18,10325,10325,10325,4
2019-05-28,15:10:18,10325,10325,10325,14
2019-05-28,15:10:22,10325,10325,10325,2
2019-05-28,15:10:22,10325,10325,10325,4
2019-05-28,15:10:25,10326,10326,10326,6
2019-05-28,15:10:26,10325,10325,10325,2
2019-05-28,15:10:34,10325,10325,10325,2
2019-05-28,15:10:37,10325,10325,10325,4
2019-05-28,15:10:37,10325,10325,10325,16
2019-05-28,15:10:40,10325,10325,10325,2
2019-05-28,15:10:40,10325,10325,10325,18
2019-05-28,15:10:43,10325,10325,10325,2
2019-05-28,15:10:43,10325,10325,10325,2
2019-05-28,15:10:43,10325,10325,10325,2
2019-05-28,15:10:43,10325,10325,10325,2
2019-05-28,15:10:43,10325,10325,10325,2
2019-05-28,15:10:43,10325,10325,10325,2
2019-05-28,15:10:46,10324,10324,10324,6
2019-05-28,15:10:54,10324,10324,10324,4
2019-05-28,15:10:54,10324,10324,10324,2
2019-05-28,15:10:54,10324,10324,10324,2
2019-05-28,15:10:54,10324,10324,10324,2
2019-05-28,15:10:54,10324,10324,10324,2
2019-05-28,15:10:55,10324,10324,10324,4
2019-05-28,15:10:55,10324,10324,10324,2
2019-05-28,15:10:55,10324,10324,10324,2
2019-05-28,15:10:55,10324,10324,10324,2
2019-05-28,15:10:55,10324,10324,10324,2
2019-05-28,15:10:57,10323,10323,10323,2
2019-05-28,15:10:57,10323,10323,10323,2
2019-05-28,15:10:57,10323,10323,10323,4
2019-05-28,15:10:57,10323,10323,10323,2
2019-05-28,15:10:57,10323,10323,10323,2
2019-05-28,15:10:57,10323,10323,10323,2
2019-05-28,15:10:57,10323,10323,10323,4
2019-05-28,15:11:02,10323,10323,10323,10
2019-05-28,15:11:02,10323,10323,10323,2
2019-05-28,15:11:02,10323,10323,10323,2
2019-05-28,15:11:02,10323,10323,10323,2
2019-05-28,15:11:02,10323,10323,10323,4
2019-05-28,15:11:02,10323,10323,10323,2
2019-05-28,15:11:02,10323,10323,10323,2
2019-05-28,15:11:02,10323,10323,10323,2
2019-05-28,15:11:03,10323,10323,10323,2
2019-05-28,15:11:03,10323,10323,10323,2
2019-05-28,15:11:03,10323,10323,10323,2
2019-05-28,15:11:04,10323,10323,10323,2
2019-05-28,15:11:04,10323,10323,10323,2
2019-05-28,15:11:05,10323,10323,10323,2
2019-05-28,15:11:05,10323,10323,10323,2
2019-05-28,15:11:05,10323,10323,10323,2
2019-05-28,15:11:07,10323,10323,10323,2
2019-05-28,15:11:07,10323,10323,10323,2
2019-05-28,15:11:07,10323,10323,10323,2
2019-05-28,15:11:08,10323,10323,10323,2
2019-05-28,15:11:14,10324,10324,10324,4
2019-05-28,15:11:14,10324,10324,10324,24
2019-05-28,15:11:16,10324,10324,10324,2
2019-05-28,15:11:21,10324,10324,10324,2
2019-05-28,15:11:25,10324,10324,10324,2
2019-05-28,15:11:25,10324,10324,10324,2
2019-05-28,15:11:25,10324,10324,10324,2
2019-05-28,15:11:25,10324,10324,10324,2
2019-05-28,15:11:25,10324,10324,10324,2
2019-05-28,15:11:34,10324,10324,10324,2
2019-05-28,15:11:36,10324,10324,10324,4
2019-05-28,15:11:39,10324,10324,10324,8
2019-05-28,15:11:39,10324,10324,10324,2
2019-05-28,15:11:40,10324,10324,10324,2
2019-05-28,15:11:40,10324,10324,10324,2
2019-05-28,15:11:40,10324,10324,10324,2
2019-05-28,15:11:40,10324,10324,10324,2
2019-05-28,15:11:40,10324,10324,10324,2
2019-05-28,15:11:43,10324,10324,10324,2
2019-05-28,15:11:46,10325,10325,10325,2
2019-05-28,15:11:47,10324,10324,10324,2
2019-05-28,15:11:47,10325,10325,10325,2
2019-05-28,15:11:47,10325,10325,10325,16
2019-05-28,15:11:47,10325,10325,10325,8
2019-05-28,15:11:47,10325,10325,10325,4
2019-05-28,15:11:47,10325,10325,10325,12
2019-05-28,15:11:47,10325,10325,10325,2
2019-05-28,15:11:51,10325,10325,10325,4
2019-05-28,15:11:54,10325,10325,10325,2
2019-05-28,15:11:54,10325,10325,10325,2
2019-05-28,15:11:56,10325,10325,10325,2
2019-05-28,15:11:56,10325,10325,10325,2
2019-05-28,15:11:59,10325,10325,10325,2
2019-05-28,15:11:59,10325,10325,10325,2
2019-05-28,15:11:59,10325,10325,10325,2
2019-05-28,15:12:08,10325,10325,10325,4
2019-05-28,15:12:10,10325,10325,10325,4
2019-05-28,15:12:13,10325,10325,10325,4
2019-05-28,15:12:13,10325,10325,10325,2
2019-05-28,15:12:14,10324,10324,10324,2
2019-05-28,15:12:22,10325,10325,10325,4
2019-05-28,15:12:33,10325,10325,10325,2
2019-05-28,15:12:33,10325,10325,10325,2
2019-05-28,15:12:33,10325,10325,10325,2
2019-05-28,15:12:35,10325,10325,10325,2
2019-05-28,15:12:35,10325,10325,10325,2
2019-05-28,15:12:35,10325,10325,10325,2
2019-05-28,15:12:44,10325,10325,10325,2
2019-05-28,15:12:52,10325,10325,10325,2
2019-05-28,15:12:56,10325,10325,10325,2
2019-05-28,15:12:56,10325,10325,10325,2
2019-05-28,15:12:57,10325,10325,10325,2
2019-05-28,15:12:57,10325,10325,10325,2
2019-05-28,15:12:57,10325,10325,10325,2
2019-05-28,15:13:00,10325,10325,10325,2
2019-05-28,15:13:00,10325,10325,10325,4
2019-05-28,15:13:05,10325,10325,10325,2
2019-05-28,15:13:11,10325,10325,10325,4
2019-05-28,15:13:12,10325,10325,10325,2
2019-05-28,15:13:19,10325,10325,10325,2
2019-05-28,15:13:20,10324,10324,10324,2
2019-05-28,15:13:20,10324,10324,10324,2
2019-05-28,15:13:25,10325,10325,10325,2
2019-05-28,15:13:28,10324,10324,10324,2
2019-05-28,15:13:28,10324,10324,10324,2
2019-05-28,15:13:28,10324,10324,10324,2
2019-05-28,15:13:28,10324,10324,10324,2
2019-05-28,15:13:28,10324,10324,10324,2
2019-05-28,15:13:28,10324,10324,10324,2
2019-05-28,15:13:28,10324,10324,10324,2
2019-05-28,15:13:28,10324,10324,10324,4
2019-05-28,15:13:28,10324,10324,10324,6
2019-05-28,15:13:28,10324,10324,10324,4
2019-05-28,15:13:28,10324,10324,10324,2
2019-05-28,15:13:38,10324,10324,10324,6
2019-05-28,15:13:39,10324,10324,10324,2
2019-05-28,15:13:41,10323,10323,10323,2
2019-05-28,15:13:43,10324,10324,10324,2
2019-05-28,15:13:53,10324,10324,10324,10
2019-05-28,15:13:54,10323,10323,10323,8
2019-05-28,15:13:54,10324,10324,10324,2
2019-05-28,15:13:54,10323,10323,10323,2
2019-05-28,15:13:54,10323,10323,10323,2
2019-05-28,15:13:55,10323,10323,10323,2
2019-05-28,15:13:55,10323,10323,10323,2
2019-05-28,15:13:55,10323,10323,10323,2
2019-05-28,15:13:55,10323,10323,10323,2
2019-05-28,15:13:55,10323,10323,10323,2
2019-05-28,15:13:55,10323,10323,10323,2
2019-05-28,15:13:57,10324,10324,10324,4
2019-05-28,15:14:01,10323,10323,10323,4
2019-05-28,15:14:02,10323,10323,10323,4
2019-05-28,15:14:02,10323,10323,10323,2
2019-05-28,15:14:02,10323,10323,10323,2
2019-05-28,15:14:02,10323,10323,10323,6
2019-05-28,15:14:02,10323,10323,10323,2
2019-05-28,15:14:02,10323,10323,10323,2
2019-05-28,15:14:04,10323,10323,10323,2
2019-05-28,15:14:04,10323,10323,10323,2
2019-05-28,15:14:04,10323,10323,10323,2
2019-05-28,15:14:04,10323,10323,10323,2
2019-05-28,15:14:04,10323,10323,10323,4
2019-05-28,15:14:04,10323,10323,10323,6
2019-05-28,15:14:05,10323,10323,10323,4
2019-05-28,15:14:05,10323,10323,10323,2
2019-05-28,15:14:05,10323,10323,10323,2
2019-05-28,15:14:08,10323,10323,10323,10
2019-05-28,15:14:09,10323,10323,10323,2
2019-05-28,15:14:10,10322,10322,10322,2
2019-05-28,15:14:10,10322,10322,10322,2
2019-05-28,15:14:10,10322,10322,10322,2
2019-05-28,15:14:10,10322,10322,10322,4
2019-05-28,15:14:11,10322,10322,10322,4
2019-05-28,15:14:11,10322,10322,10322,2
2019-05-28,15:14:11,10322,10322,10322,2
2019-05-28,15:14:13,10323,10323,10323,2
2019-05-28,15:14:14,10322,10322,10322,2
2019-05-28,15:14:17,10322,10322,10322,4
2019-05-28,15:14:18,10322,10322,10322,2
2019-05-28,15:14:18,10322,10322,10322,2
2019-05-28,15:14:18,10322,10322,10322,2
2019-05-28,15:14:18,10322,10322,10322,2
2019-05-28,15:14:18,10322,10322,10322,2
2019-05-28,15:14:18,10322,10322,10322,2
2019-05-28,15:14:18,10322,10322,10322,2
2019-05-28,15:14:18,10322,10322,10322,8
2019-05-28,15:14:18,10322,10322,10322,2
2019-05-28,15:14:18,10322,10322,10322,2
2019-05-28,15:14:18,10322,10322,10322,2
2019-05-28,15:14:18,10322,10322,10322,2
2019-05-28,15:14:18,10322,10322,10322,2
2019-05-28,15:14:18,10322,10322,10322,8
2019-05-28,15:14:18,10322,10322,10322,2
2019-05-28,15:14:18,10322,10322,10322,2
2019-05-28,15:14:18,10322,10322,10322,2
2019-05-28,15:14:18,10322,10322,10322,2
2019-05-28,15:14:18,10322,10322,10322,2
2019-05-28,15:14:18,10322,10322,10322,2
2019-05-28,15:14:18,10322,10322,10322,2
2019-05-28,15:14:18,10322,10322,10322,2
2019-05-28,15:14:19,10322,10322,10322,2
2019-05-28,15:14:21,10321,10321,10321,2
2019-05-28,15:14:21,10321,10321,10321,2
2019-05-28,15:14:22,10321,10321,10321,2
2019-05-28,15:14:22,10322,10322,10322,2
2019-05-28,15:14:22,10321,10321,10321,2
2019-05-28,15:14:22,10321,10321,10321,2
2019-05-28,15:14:24,10321,10321,10321,2
2019-05-28,15:14:26,10321,10321,10321,2
2019-05-28,15:14:26,10321,10321,10321,2
2019-05-28,15:14:26,10321,10321,10321,2
2019-05-28,15:14:26,10321,10321,10321,2
2019-05-28,15:14:26,10321,10321,10321,2
2019-05-28,15:14:26,10321,10321,10321,6
2019-05-28,15:14:26,10321,10321,10321,2
2019-05-28,15:14:26,10321,10321,10321,4
2019-05-28,15:14:26,10321,10321,10321,4
2019-05-28,15:14:26,10321,10321,10321,2
2019-05-28,15:14:26,10321,10321,10321,2
2019-05-28,15:14:26,10321,10321,10321,2
2019-05-28,15:14:26,10321,10321,10321,2
2019-05-28,15:14:26,10321,10321,10321,14
2019-05-28,15:14:26,10321,10321,10321,2
2019-05-28,15:14:26,10321,10321,10321,2
2019-05-28,15:14:26,10321,10321,10321,10
2019-05-28,15:14:26,10321,10321,10321,2
2019-05-28,15:14:26,10321,10321,10321,2
2019-05-28,15:14:27,10321,10321,10321,2
2019-05-28,15:14:31,10320,10320,10320,2
2019-05-28,15:14:31,10320,10320,10320,2
2019-05-28,15:14:33,10320,10320,10320,2
2019-05-28,15:14:34,10320,10320,10320,2
2019-05-28,15:14:35,10320,10320,10320,4
2019-05-28,15:14:36,10320,10320,10320,4
2019-05-28,15:14:36,10320,10320,10320,6
2019-05-28,15:14:36,10320,10320,10320,2
2019-05-28,15:14:36,10320,10320,10320,2
2019-05-28,15:14:38,10320,10320,10320,2
2019-05-28,15:14:38,10320,10320,10320,2
2019-05-28,15:14:39,10321,10321,10321,2
2019-05-28,15:14:40,10320,10320,10320,2
2019-05-28,15:14:41,10320,10320,10320,2
2019-05-28,15:14:42,10321,10321,10321,2
2019-05-28,15:14:44,10320,10320,10320,2
2019-05-28,15:14:44,10320,10320,10320,2
2019-05-28,15:14:44,10320,10320,10320,2
2019-05-28,15:14:44,10320,10320,10320,2
2019-05-28,15:14:46,10320,10320,10320,2
2019-05-28,15:14:46,10320,10320,10320,2
2019-05-28,15:14:46,10320,10320,10320,2
2019-05-28,15:14:47,10320,10320,10320,2
2019-05-28,15:14:47,10320,10320,10320,2
2019-05-28,15:14:47,10320,10320,10320,2
2019-05-28,15:14:47,10320,10320,10320,2
2019-05-28,15:14:47,10320,10320,10320,6
2019-05-28,15:14:47,10320,10320,10320,4
2019-05-28,15:14:47,10320,10320,10320,2
2019-05-28,15:14:47,10320,10320,10320,2
2019-05-28,15:14:47,10320,10320,10320,2
2019-05-28,15:14:47,10320,10320,10320,4
2019-05-28,15:14:47,10320,10320,10320,2
2019-05-28,15:14:47,10320,10320,10320,2
2019-05-28,15:14:47,10320,10320,10320,8
2019-05-28,15:14:47,10320,10320,10320,2
2019-05-28,15:14:48,10319,10319,10319,2
2019-05-28,15:14:48,10319,10319,10319,2
2019-05-28,15:14:48,10319,10319,10319,4
2019-05-28,15:14:48,10319,10319,10319,2
2019-05-28,15:14:50,10320,10320,10320,2
2019-05-28,15:14:50,10320,10320,10320,2
2019-05-28,15:14:51,10320,10320,10320,2
2019-05-28,15:14:51,10319,10319,10319,2
2019-05-28,15:14:51,10319,10319,10319,2
2019-05-28,15:14:52,10320,10320,10320,2
2019-05-28,15:14:53,10320,10320,10320,2
2019-05-28,15:14:56,10320,10320,10320,2
2019-05-28,15:14:56,10320,10320,10320,2
2019-05-28,15:14:58,10320,10320,10320,2
2019-05-28,15:14:59,10320,10320,10320,2
2019-05-28,15:14:59,10319,10319,10319,2
2019-05-28,15:15:00,10320,10320,10320,2
2019-05-28,15:15:00,10320,10320,10320,4
2019-05-28,15:15:00,10320,10320,10320,4
2019-05-28,15:15:00,10320,10320,10320,2
2019-05-28,15:15:01,10321,10321,10321,2
2019-05-28,15:15:01,10321,10321,10321,2
2019-05-28,15:15:01,10321,10321,10321,2
2019-05-28,15:15:01,10321,10321,10321,2
2019-05-28,15:15:01,10321,10321,10321,2
2019-05-28,15:15:02,10320,10320,10320,4
2019-05-28,15:15:02,10320,10320,10320,2
2019-05-28,15:15:02,10320,10320,10320,4
2019-05-28,15:15:02,10320,10320,10320,2
2019-05-28,15:15:03,10320,10320,10320,2
2019-05-28,15:15:03,10320,10320,10320,6
2019-05-28,15:15:03,10321,10321,10321,4
2019-05-28,15:15:03,10321,10321,10321,2
2019-05-28,15:15:03,10321,10321,10321,2
2019-05-28,15:15:07,10320,10320,10320,2
2019-05-28,15:15:07,10320,10320,10320,2
2019-05-28,15:15:12,10321,10321,10321,2
2019-05-28,15:15:13,10320,10320,10320,2
2019-05-28,15:15:16,10320,10320,10320,2
2019-05-28,15:15:17,10321,10321,10321,4
2019-05-28,15:15:23,10321,10321,10321,2
2019-05-28,15:15:27,10320,10320,10320,2
2019-05-28,15:15:27,10320,10320,10320,4
2019-05-28,15:15:27,10320,10320,10320,2
2019-05-28,15:15:27,10320,10320,10320,2
2019-05-28,15:15:27,10320,10320,10320,2
2019-05-28,15:15:27,10320,10320,10320,6
2019-05-28,15:15:27,10320,10320,10320,2
2019-05-28,15:15:27,10320,10320,10320,2
2019-05-28,15:15:27,10320,10320,10320,2
2019-05-28,15:15:27,10320,10320,10320,8
2019-05-28,15:15:27,10320,10320,10320,8
2019-05-28,15:15:27,10320,10320,10320,2
2019-05-28,15:15:27,10320,10320,10320,2
2019-05-28,15:15:27,10320,10320,10320,2
2019-05-28,15:15:27,10320,10320,10320,2
2019-05-28,15:15:29,10320,10320,10320,2
2019-05-28,15:15:38,10320,10320,10320,4
2019-05-28,15:15:38,10320,10320,10320,6
2019-05-28,15:15:42,10320,10320,10320,2
2019-05-28,15:15:42,10321,10321,10321,4
2019-05-28,15:15:42,10321,10321,10321,20
2019-05-28,15:15:42,10321,10321,10321,14
2019-05-28,15:15:42,10321,10321,10321,12
2019-05-28,15:15:42,10321,10321,10321,2
2019-05-28,15:15:43,10321,10321,10321,6
2019-05-28,15:15:43,10321,10321,10321,16
2019-05-28,15:15:43,10321,10321,10321,8
2019-05-28,15:15:43,10320,10320,10320,6
2019-05-28,15:15:43,10320,10320,10320,10
2019-05-28,15:15:43,10320,10320,10320,2
2019-05-28,15:15:43,10320,10320,10320,2
2019-05-28,15:15:49,10322,10322,10322,2
2019-05-28,15:15:54,10321,10321,10321,4
2019-05-28,15:16:00,10321,10321,10321,2
2019-05-28,15:16:00,10321,10321,10321,2
2019-05-28,15:16:01,10322,10322,10322,2
2019-05-28,15:16:02,10321,10321,10321,2
2019-05-28,15:16:03,10321,10321,10321,2
2019-05-28,15:16:06,10321,10321,10321,2
2019-05-28,15:16:06,10322,10322,10322,6
2019-05-28,15:16:07,10322,10322,10322,2
2019-05-28,15:16:09,10321,10321,10321,2
2019-05-28,15:16:09,10321,10321,10321,2
2019-05-28,15:16:09,10321,10321,10321,2
2019-05-28,15:16:09,10321,10321,10321,10
2019-05-28,15:16:09,10321,10321,10321,4
2019-05-28,15:16:09,10322,10322,10322,2
2019-05-28,15:16:10,10322,10322,10322,2
2019-05-28,15:16:11,10321,10321,10321,2
2019-05-28,15:16:11,10321,10321,10321,2
2019-05-28,15:16:11,10321,10321,10321,2
2019-05-28,15:16:11,10321,10321,10321,2
2019-05-28,15:16:11,10321,10321,10321,2
2019-05-28,15:16:12,10321,10321,10321,2
2019-05-28,15:16:14,10321,10321,10321,2
2019-05-28,15:16:15,10321,10321,10321,2
2019-05-28,15:16:19,10321,10321,10321,2
2019-05-28,15:16:20,10320,10320,10320,2
2019-05-28,15:16:23,10321,10321,10321,2
2019-05-28,15:16:25,10320,10320,10320,4
2019-05-28,15:16:25,10320,10320,10320,2
2019-05-28,15:16:25,10320,10320,10320,2
2019-05-28,15:16:25,10320,10320,10320,2
2019-05-28,15:16:25,10320,10320,10320,2
2019-05-28,15:16:25,10320,10320,10320,4
2019-05-28,15:16:25,10320,10320,10320,2
2019-05-28,15:16:25,10320,10320,10320,2
2019-05-28,15:16:25,10320,10320,10320,4
2019-05-28,15:16:25,10320,10320,10320,2
2019-05-28,15:16:25,10320,10320,10320,2
2019-05-28,15:16:31,10320,10320,10320,4
2019-05-28,15:16:31,10320,10320,10320,6
2019-05-28,15:16:31,10320,10320,10320,10
2019-05-28,15:16:31,10320,10320,10320,10
2019-05-28,15:16:31,10320,10320,10320,2
2019-05-28,15:16:31,10320,10320,10320,2
2019-05-28,15:16:31,10320,10320,10320,2
2019-05-28,15:16:31,10320,10320,10320,6
2019-05-28,15:16:31,10320,10320,10320,2
2019-05-28,15:16:31,10320,10320,10320,10
2019-05-28,15:16:31,10320,10320,10320,2
2019-05-28,15:16:35,10320,10320,10320,2
2019-05-28,15:16:40,10319,10319,10319,2
2019-05-28,15:16:41,10319,10319,10319,2
2019-05-28,15:16:42,10320,10320,10320,2
2019-05-28,15:16:46,10320,10320,10320,2
2019-05-28,15:16:52,10319,10319,10319,2
2019-05-28,15:16:52,10319,10319,10319,2
2019-05-28,15:16:52,10319,10319,10319,2
2019-05-28,15:16:52,10319,10319,10319,4
2019-05-28,15:16:57,10320,10320,10320,4
2019-05-28,15:16:58,10320,10320,10320,4
2019-05-28,15:17:02,10319,10319,10319,2
2019-05-28,15:17:02,10319,10319,10319,2
2019-05-28,15:17:02,10319,10319,10319,10
2019-05-28,15:17:02,10319,10319,10319,2
2019-05-28,15:17:06,10319,10319,10319,8
2019-05-28,15:17:06,10319,10319,10319,2
2019-05-28,15:17:06,10319,10319,10319,2
2019-05-28,15:17:06,10319,10319,10319,2
2019-05-28,15:17:06,10319,10319,10319,2
2019-05-28,15:17:06,10319,10319,10319,2
2019-05-28,15:17:06,10319,10319,10319,2
2019-05-28,15:17:08,10319,10319,10319,4
2019-05-28,15:17:09,10319,10319,10319,2
2019-05-28,15:17:09,10319,10319,10319,2
2019-05-28,15:17:09,10319,10319,10319,2
2019-05-28,15:17:09,10319,10319,10319,10
2019-05-28,15:17:09,10319,10319,10319,2
2019-05-28,15:17:09,10319,10319,10319,2
2019-05-28,15:17:09,10319,10319,10319,2
2019-05-28,15:17:09,10319,10319,10319,2
2019-05-28,15:17:09,10319,10319,10319,4
2019-05-28,15:17:10,10318,10318,10318,32
2019-05-28,15:17:10,10318,10318,10318,4
2019-05-28,15:17:10,10318,10318,10318,4
2019-05-28,15:17:10,10318,10318,10318,2
2019-05-28,15:17:10,10318,10318,10318,2
2019-05-28,15:17:10,10318,10318,10318,2
2019-05-28,15:17:10,10319,10319,10319,2
2019-05-28,15:17:10,10318,10318,10318,4
2019-05-28,15:17:10,10318,10318,10318,2
2019-05-28,15:17:10,10318,10318,10318,2
2019-05-28,15:17:10,10318,10318,10318,2
2019-05-28,15:17:10,10318,10318,10318,2
2019-05-28,15:17:10,10318,10318,10318,2
2019-05-28,15:17:10,10318,10318,10318,2
2019-05-28,15:17:10,10318,10318,10318,4
2019-05-28,15:17:10,10318,10318,10318,12
2019-05-28,15:17:10,10318,10318,10318,2
2019-05-28,15:17:10,10318,10318,10318,2
2019-05-28,15:17:10,10318,10318,10318,2
2019-05-28,15:17:10,10318,10318,10318,2
2019-05-28,15:17:11,10318,10318,10318,2
2019-05-28,15:17:11,10318,10318,10318,2
2019-05-28,15:17:11,10318,10318,10318,2
2019-05-28,15:17:11,10318,10318,10318,2
2019-05-28,15:17:11,10318,10318,10318,2
2019-05-28,15:17:11,10318,10318,10318,6
2019-05-28,15:17:11,10318,10318,10318,10
2019-05-28,15:17:11,10318,10318,10318,2
2019-05-28,15:17:11,10318,10318,10318,2
2019-05-28,15:17:11,10318,10318,10318,6
2019-05-28,15:17:11,10318,10318,10318,4
2019-05-28,15:17:17,10318,10318,10318,6
2019-05-28,15:17:18,10318,10318,10318,6
2019-05-28,15:17:21,10318,10318,10318,2
2019-05-28,15:17:22,10319,10319,10319,2
2019-05-28,15:17:22,10318,10318,10318,2
2019-05-28,15:17:24,10318,10318,10318,2
2019-05-28,15:17:28,10318,10318,10318,2
2019-05-28,15:17:28,10318,10318,10318,2
2019-05-28,15:17:29,10318,10318,10318,2
2019-05-28,15:17:29,10318,10318,10318,2
2019-05-28,15:17:29,10318,10318,10318,2
2019-05-28,15:17:33,10319,10319,10319,4
2019-05-28,15:17:34,10318,10318,10318,6
2019-05-28,15:17:39,10318,10318,10318,2
2019-05-28,15:17:39,10318,10318,10318,2
2019-05-28,15:17:39,10318,10318,10318,2
2019-05-28,15:17:39,10317,10317,10317,2
2019-05-28,15:17:39,10317,10317,10317,6
2019-05-28,15:17:39,10317,10317,10317,2
2019-05-28,15:17:39,10317,10317,10317,2
2019-05-28,15:17:39,10317,10317,10317,4
2019-05-28,15:17:39,10317,10317,10317,2
2019-05-28,15:17:41,10318,10318,10318,2
2019-05-28,15:17:42,10318,10318,10318,2
2019-05-28,15:17:42,10317,10317,10317,2
2019-05-28,15:17:44,10318,10318,10318,2
2019-05-28,15:17:45,10318,10318,10318,2
2019-05-28,15:17:47,10318,10318,10318,2
2019-05-28,15:17:49,10318,10318,10318,2
2019-05-28,15:17:54,10318,10318,10318,2
2019-05-28,15:17:54,10318,10318,10318,2
2019-05-28,15:17:55,10318,10318,10318,4
2019-05-28,15:17:55,10317,10317,10317,2
2019-05-28,15:17:55,10317,10317,10317,2
2019-05-28,15:17:55,10317,10317,10317,2
2019-05-28,15:17:55,10317,10317,10317,2
2019-05-28,15:17:55,10317,10317,10317,2
2019-05-28,15:17:55,10317,10317,10317,2
2019-05-28,15:17:55,10317,10317,10317,4
2019-05-28,15:17:55,10317,10317,10317,2
2019-05-28,15:17:55,10317,10317,10317,2
2019-05-28,15:17:55,10317,10317,10317,2
2019-05-28,15:17:55,10317,10317,10317,2
2019-05-28,15:17:55,10317,10317,10317,2
2019-05-28,15:17:55,10317,10317,10317,2
2019-05-28,15:17:55,10317,10317,10317,2
2019-05-28,15:17:55,10317,10317,10317,4
2019-05-28,15:17:55,10317,10317,10317,2
2019-05-28,15:17:55,10317,10317,10317,10
2019-05-28,15:17:55,10317,10317,10317,6
2019-05-28,15:17:55,10317,10317,10317,2
2019-05-28,15:17:55,10317,10317,10317,4
2019-05-28,15:17:55,10317,10317,10317,2
2019-05-28,15:17:55,10317,10317,10317,2
2019-05-28,15:17:55,10317,10317,10317,2
2019-05-28,15:17:56,10317,10317,10317,4
2019-05-28,15:17:58,10317,10317,10317,4
2019-05-28,15:17:58,10317,10317,10317,2
2019-05-28,15:17:58,10316,10316,10316,2
2019-05-28,15:17:58,10316,10316,10316,4
2019-05-28,15:17:58,10316,10316,10316,2
2019-05-28,15:17:58,10316,10316,10316,4
2019-05-28,15:17:58,10316,10316,10316,2
2019-05-28,15:17:58,10316,10316,10316,2
2019-05-28,15:17:58,10316,10316,10316,2
2019-05-28,15:17:58,10316,10316,10316,2
2019-05-28,15:17:58,10317,10317,10317,2
2019-05-28,15:18:01,10316,10316,10316,2
2019-05-28,15:18:01,10317,10317,10317,4
2019-05-28,15:18:02,10316,10316,10316,2
2019-05-28,15:18:04,10316,10316,10316,2
2019-05-28,15:18:04,10316,10316,10316,2
2019-05-28,15:18:04,10316,10316,10316,2
2019-05-28,15:18:05,10316,10316,10316,2
2019-05-28,15:18:06,10317,10317,10317,4
2019-05-28,15:18:07,10316,10316,10316,2
2019-05-28,15:18:07,10316,10316,10316,2
2019-05-28,15:18:08,10316,10316,10316,2
2019-05-28,15:18:08,10316,10316,10316,2
2019-05-28,15:18:08,10316,10316,10316,2
2019-05-28,15:18:09,10316,10316,10316,2
2019-05-28,15:18:09,10317,10317,10317,2
2019-05-28,15:18:10,10316,10316,10316,2
2019-05-28,15:18:10,10316,10316,10316,2
2019-05-28,15:18:10,10316,10316,10316,10
2019-05-28,15:18:10,10316,10316,10316,2
2019-05-28,15:18:10,10316,10316,10316,2
2019-05-28,15:18:10,10316,10316,10316,2
2019-05-28,15:18:10,10316,10316,10316,2
2019-05-28,15:18:10,10316,10316,10316,10
2019-05-28,15:18:10,10316,10316,10316,2
2019-05-28,15:18:10,10316,10316,10316,2
2019-05-28,15:18:10,10316,10316,10316,2
2019-05-28,15:18:10,10316,10316,10316,2
2019-05-28,15:18:11,10316,10316,10316,2
2019-05-28,15:18:11,10316,10316,10316,2
2019-05-28,15:18:11,10316,10316,10316,2
2019-05-28,15:18:13,10315,10315,10315,20
2019-05-28,15:18:13,10315,10315,10315,2
2019-05-28,15:18:13,10315,10315,10315,2
2019-05-28,15:18:13,10315,10315,10315,2
2019-05-28,15:18:13,10315,10315,10315,4
2019-05-28,15:18:13,10315,10315,10315,2
2019-05-28,15:18:13,10315,10315,10315,2
2019-05-28,15:18:13,10315,10315,10315,2
2019-05-28,15:18:13,10315,10315,10315,4
2019-05-28,15:18:13,10315,10315,10315,2
2019-05-28,15:18:13,10315,10315,10315,2
2019-05-28,15:18:13,10315,10315,10315,2
2019-05-28,15:18:13,10315,10315,10315,2
2019-05-28,15:18:13,10315,10315,10315,4
2019-05-28,15:18:13,10315,10315,10315,2
2019-05-28,15:18:13,10315,10315,10315,2
2019-05-28,15:18:13,10315,10315,10315,6
2019-05-28,15:18:13,10315,10315,10315,4
2019-05-28,15:18:13,10315,10315,10315,2
2019-05-28,15:18:13,10315,10315,10315,2
2019-05-28,15:18:13,10315,10315,10315,2
2019-05-28,15:18:13,10315,10315,10315,2
2019-05-28,15:18:13,10315,10315,10315,2
2019-05-28,15:18:13,10315,10315,10315,2
2019-05-28,15:18:13,10316,10316,10316,4
2019-05-28,15:18:14,10315,10315,10315,2
2019-05-28,15:18:15,10315,10315,10315,2
2019-05-28,15:18:16,10314,10314,10314,4
2019-05-28,15:18:16,10314,10314,10314,2
2019-05-28,15:18:16,10314,10314,10314,2
2019-05-28,15:18:17,10314,10314,10314,2
2019-05-28,15:18:17,10314,10314,10314,2
2019-05-28,15:18:17,10314,10314,10314,2
2019-05-28,15:18:17,10314,10314,10314,2
2019-05-28,15:18:17,10314,10314,10314,2
2019-05-28,15:18:17,10314,10314,10314,4
2019-05-28,15:18:17,10314,10314,10314,2
2019-05-28,15:18:17,10314,10314,10314,2
2019-05-28,15:18:17,10313,10313,10313,2
2019-05-28,15:18:18,10315,10315,10315,2
2019-05-28,15:18:18,10313,10313,10313,2
2019-05-28,15:18:18,10313,10313,10313,2
2019-05-28,15:18:20,10313,10313,10313,2
2019-05-28,15:18:22,10313,10313,10313,2
2019-05-28,15:18:22,10313,10313,10313,2
2019-05-28,15:18:23,10314,10314,10314,2
2019-05-28,15:18:23,10314,10314,10314,2
2019-05-28,15:18:23,10314,10314,10314,4
2019-05-28,15:18:24,10313,10313,10313,2
2019-05-28,15:18:24,10313,10313,10313,2
2019-05-28,15:18:24,10313,10313,10313,4
2019-05-28,15:18:24,10313,10313,10313,6
2019-05-28,15:18:24,10313,10313,10313,12
2019-05-28,15:18:24,10313,10313,10313,2
2019-05-28,15:18:24,10313,10313,10313,4
2019-05-28,15:18:24,10313,10313,10313,10
2019-05-28,15:18:24,10313,10313,10313,8
2019-05-28,15:18:24,10313,10313,10313,6
2019-05-28,15:18:24,10313,10313,10313,2
2019-05-28,15:18:24,10313,10313,10313,2
2019-05-28,15:18:24,10313,10313,10313,2
2019-05-28,15:18:24,10313,10313,10313,10
2019-05-28,15:18:24,10313,10313,10313,2
2019-05-28,15:18:24,10313,10313,10313,2
2019-05-28,15:18:24,10313,10313,10313,4
2019-05-28,15:18:24,10313,10313,10313,4
2019-05-28,15:18:24,10313,10313,10313,2
2019-05-28,15:18:24,10313,10313,10313,2
2019-05-28,15:18:26,10313,10313,10313,2
2019-05-28,15:18:26,10313,10313,10313,4
2019-05-28,15:18:27,10313,10313,10313,2
2019-05-28,15:18:27,10313,10313,10313,2
2019-05-28,15:18:28,10313,10313,10313,2
2019-05-28,15:18:28,10313,10313,10313,2
2019-05-28,15:18:29,10313,10313,10313,4
2019-05-28,15:18:30,10313,10313,10313,2
2019-05-28,15:18:30,10313,10313,10313,2
2019-05-28,15:18:32,10313,10313,10313,2
2019-05-28,15:18:33,10314,10314,10314,32
2019-05-28,15:18:33,10314,10314,10314,6
2019-05-28,15:18:34,10313,10313,10313,2
2019-05-28,15:18:36,10315,10315,10315,2
2019-05-28,15:18:37,10315,10315,10315,2
2019-05-28,15:18:38,10314,10314,10314,2
2019-05-28,15:18:38,10314,10314,10314,2
2019-05-28,15:18:38,10314,10314,10314,4
2019-05-28,15:18:38,10314,10314,10314,2
2019-05-28,15:18:39,10314,10314,10314,6
2019-05-28,15:18:39,10314,10314,10314,2
2019-05-28,15:18:39,10314,10314,10314,2
2019-05-28,15:18:39,10314,10314,10314,2
2019-05-28,15:18:43,10315,10315,10315,6
2019-05-28,15:18:45,10315,10315,10315,2
2019-05-28,15:18:45,10315,10315,10315,18
2019-05-28,15:18:46,10315,10315,10315,14
2019-05-28,15:18:47,10315,10315,10315,6
2019-05-28,15:18:48,10315,10315,10315,2
2019-05-28,15:18:51,10316,10316,10316,2
2019-05-28,15:18:52,10315,10315,10315,2
2019-05-28,15:18:57,10316,10316,10316,2
2019-05-28,15:18:58,10315,10315,10315,2
2019-05-28,15:18:58,10315,10315,10315,2
2019-05-28,15:18:59,10315,10315,10315,2
2019-05-28,15:19:01,10315,10315,10315,2
2019-05-28,15:19:01,10315,10315,10315,2
2019-05-28,15:19:03,10315,10315,10315,2
2019-05-28,15:19:03,10315,10315,10315,2
2019-05-28,15:19:03,10315,10315,10315,2
2019-05-28,15:19:03,10315,10315,10315,2
2019-05-28,15:19:03,10315,10315,10315,2
2019-05-28,15:19:04,10316,10316,10316,2
2019-05-28,15:19:04,10315,10315,10315,2
2019-05-28,15:19:06,10315,10315,10315,2
2019-05-28,15:19:06,10315,10315,10315,18
2019-05-28,15:19:06,10315,10315,10315,6
2019-05-28,15:19:07,10315,10315,10315,2
2019-05-28,15:19:07,10315,10315,10315,2
2019-05-28,15:19:08,10315,10315,10315,2
2019-05-28,15:19:09,10314,10314,10314,2
2019-05-28,15:19:16,10315,10315,10315,4
2019-05-28,15:19:17,10314,10314,10314,2
2019-05-28,15:19:19,10315,10315,10315,2
2019-05-28,15:19:21,10315,10315,10315,2
2019-05-28,15:19:24,10315,10315,10315,4
2019-05-28,15:19:24,10315,10315,10315,2
2019-05-28,15:19:25,10315,10315,10315,2
2019-05-28,15:19:29,10315,10315,10315,2
2019-05-28,15:19:29,10315,10315,10315,2
2019-05-28,15:19:29,10315,10315,10315,2
2019-05-28,15:19:29,10315,10315,10315,2
2019-05-28,15:19:29,10315,10315,10315,4
2019-05-28,15:19:29,10315,10315,10315,2
2019-05-28,15:19:29,10315,10315,10315,2
2019-05-28,15:19:29,10315,10315,10315,6
2019-05-28,15:19:29,10315,10315,10315,2
2019-05-28,15:19:31,10315,10315,10315,2
2019-05-28,15:19:31,10316,10316,10316,2
2019-05-28,15:19:32,10315,10315,10315,6
2019-05-28,15:19:37,10315,10315,10315,4
2019-05-28,15:19:38,10316,10316,10316,2
2019-05-28,15:19:38,10316,10316,10316,2
2019-05-28,15:19:39,10316,10316,10316,10
2019-05-28,15:19:39,10316,10316,10316,8
2019-05-28,15:19:39,10316,10316,10316,72
2019-05-28,15:19:40,10316,10316,10316,6
2019-05-28,15:19:43,10317,10317,10317,2
2019-05-28,15:19:47,10316,10316,10316,2
2019-05-28,15:19:49,10317,10317,10317,2
2019-05-28,15:19:50,10317,10317,10317,2
2019-05-28,15:19:51,10317,10317,10317,2
2019-05-28,15:19:52,10317,10317,10317,2
2019-05-28,15:19:55,10317,10317,10317,2
2019-05-28,15:19:58,10317,10317,10317,2
2019-05-28,15:19:59,10317,10317,10317,2
2019-05-28,15:19:59,10317,10317,10317,2
2019-05-28,15:20:01,10317,10317,10317,2
2019-05-28,15:20:02,10317,10317,10317,2
2019-05-28,15:20:03,10317,10317,10317,2
2019-05-28,15:20:07,10317,10317,10317,2
2019-05-28,15:20:09,10317,10317,10317,10
2019-05-28,15:20:10,10317,10317,10317,2
2019-05-28,15:20:12,10318,10318,10318,4
2019-05-28,15:20:13,10317,10317,10317,2
2019-05-28,15:20:22,10317,10317,10317,2
2019-05-28,15:20:22,10317,10317,10317,2
2019-05-28,15:20:22,10317,10317,10317,2
2019-05-28,15:20:22,10317,10317,10317,4
2019-05-28,15:20:25,10317,10317,10317,4
2019-05-28,15:20:31,10317,10317,10317,2
2019-05-28,15:20:31,10317,10317,10317,2
2019-05-28,15:20:31,10318,10318,10318,2
2019-05-28,15:20:34,10318,10318,10318,8
2019-05-28,15:20:34,10318,10318,10318,2
2019-05-28,15:20:35,10318,10318,10318,2
2019-05-28,15:20:35,10318,10318,10318,2
2019-05-28,15:20:35,10318,10318,10318,2
2019-05-28,15:20:35,10318,10318,10318,4
2019-05-28,15:20:35,10318,10318,10318,10
2019-05-28,15:20:35,10318,10318,10318,2
2019-05-28,15:20:38,10318,10318,10318,2
2019-05-28,15:20:38,10318,10318,10318,4
2019-05-28,15:20:38,10317,10317,10317,4
2019-05-28,15:20:38,10317,10317,10317,2
2019-05-28,15:20:39,10318,10318,10318,2
2019-05-28,15:20:39,10319,10319,10319,2
2019-05-28,15:20:44,10319,10319,10319,2
2019-05-28,15:20:44,10319,10319,10319,2
2019-05-28,15:20:50,10319,10319,10319,6
2019-05-28,15:20:50,10319,10319,10319,8
2019-05-28,15:20:53,10319,10319,10319,2
2019-05-28,15:20:59,10320,10320,10320,6
2019-05-28,15:20:59,10320,10320,10320,2
2019-05-28,15:21:00,10320,10320,10320,20
2019-05-28,15:21:08,10321,10321,10321,2
2019-05-28,15:21:08,10321,10321,10321,6
2019-05-28,15:21:08,10321,10321,10321,8
2019-05-28,15:21:08,10322,10322,10322,2
2019-05-28,15:21:08,10322,10322,10322,2
2019-05-28,15:21:09,10322,10322,10322,2
2019-05-28,15:21:11,10322,10322,10322,2
2019-05-28,15:21:12,10322,10322,10322,2
2019-05-28,15:21:12,10321,10321,10321,2
2019-05-28,15:21:12,10321,10321,10321,4
2019-05-28,15:21:12,10321,10321,10321,4
2019-05-28,15:21:13,10321,10321,10321,2
2019-05-28,15:21:14,10321,10321,10321,4
2019-05-28,15:21:14,10322,10322,10322,4
2019-05-28,15:21:16,10321,10321,10321,2
2019-05-28,15:21:16,10321,10321,10321,2
2019-05-28,15:21:16,10321,10321,10321,2
2019-05-28,15:21:17,10322,10322,10322,2
2019-05-28,15:21:18,10320,10320,10320,2
2019-05-28,15:21:20,10321,10321,10321,2
2019-05-28,15:21:22,10321,10321,10321,4
2019-05-28,15:21:22,10321,10321,10321,4
2019-05-28,15:21:23,10321,10321,10321,4
2019-05-28,15:21:23,10321,10321,10321,4
2019-05-28,15:21:23,10321,10321,10321,4
2019-05-28,15:21:26,10321,10321,10321,2
2019-05-28,15:21:26,10320,10320,10320,2
2019-05-28,15:21:29,10321,10321,10321,2
2019-05-28,15:21:31,10320,10320,10320,2
2019-05-28,15:21:31,10320,10320,10320,4
2019-05-28,15:21:31,10320,10320,10320,2
2019-05-28,15:21:32,10320,10320,10320,10
2019-05-28,15:21:36,10321,10321,10321,2
2019-05-28,15:21:37,10320,10320,10320,2
2019-05-28,15:21:41,10321,10321,10321,2
2019-05-28,15:21:45,10321,10321,10321,4
2019-05-28,15:21:48,10320,10320,10320,8
2019-05-28,15:21:48,10320,10320,10320,2
2019-05-28,15:21:49,10320,10320,10320,2
2019-05-28,15:21:54,10320,10320,10320,2
2019-05-28,15:21:54,10320,10320,10320,2
2019-05-28,15:21:55,10321,10321,10321,4
2019-05-28,15:22:00,10320,10320,10320,2
2019-05-28,15:22:02,10321,10321,10321,10
2019-05-28,15:22:04,10320,10320,10320,2
2019-05-28,15:22:04,10320,10320,10320,2
2019-05-28,15:22:04,10320,10320,10320,4
2019-05-28,15:22:04,10320,10320,10320,8
2019-05-28,15:22:04,10320,10320,10320,2
2019-05-28,15:22:04,10320,10320,10320,16
2019-05-28,15:22:04,10320,10320,10320,2
2019-05-28,15:22:04,10320,10320,10320,8
2019-05-28,15:22:04,10321,10321,10321,10
2019-05-28,15:22:05,10320,10320,10320,4
2019-05-28,15:22:05,10320,10320,10320,2
2019-05-28,15:22:18,10320,10320,10320,6
2019-05-28,15:22:20,10320,10320,10320,2
2019-05-28,15:22:25,10320,10320,10320,2
2019-05-28,15:22:29,10320,10320,10320,6
2019-05-28,15:22:33,10320,10320,10320,2
2019-05-28,15:22:33,10320,10320,10320,2
2019-05-28,15:22:38,10320,10320,10320,2
2019-05-28,15:22:38,10320,10320,10320,2
2019-05-28,15:22:40,10320,10320,10320,4
2019-05-28,15:22:41,10320,10320,10320,2
2019-05-28,15:22:42,10320,10320,10320,2
2019-05-28,15:22:42,10320,10320,10320,2
2019-05-28,15:22:42,10320,10320,10320,2
2019-05-28,15:22:46,10319,10319,10319,4
2019-05-28,15:22:46,10319,10319,10319,4
2019-05-28,15:22:51,10319,10319,10319,2
2019-05-28,15:22:51,10319,10319,10319,2
2019-05-28,15:22:52,10319,10319,10319,2
2019-05-28,15:22:52,10319,10319,10319,2
2019-05-28,15:22:54,10319,10319,10319,4
2019-05-28,15:22:55,10319,10319,10319,2
2019-05-28,15:22:55,10320,10320,10320,2
2019-05-28,15:23:04,10320,10320,10320,6
2019-05-28,15:23:07,10320,10320,10320,10
2019-05-28,15:23:07,10320,10320,10320,2
2019-05-28,15:23:08,10320,10320,10320,2
2019-05-28,15:23:10,10320,10320,10320,2
2019-05-28,15:23:22,10320,10320,10320,2
2019-05-28,15:23:26,10320,10320,10320,2
2019-05-28,15:23:39,10320,10320,10320,2
2019-05-28,15:23:49,10321,10321,10321,2
2019-05-28,15:23:49,10321,10321,10321,24
2019-05-28,15:23:57,10321,10321,10321,2
2019-05-28,15:23:58,10321,10321,10321,2
2019-05-28,15:24:01,10321,10321,10321,2
2019-05-28,15:24:02,10322,10322,10322,2
2019-05-28,15:24:02,10321,10321,10321,2
2019-05-28,15:24:06,10321,10321,10321,4
2019-05-28,15:24:06,10321,10321,10321,2
2019-05-28,15:24:07,10321,10321,10321,2
2019-05-28,15:24:14,10322,10322,10322,6
2019-05-28,15:24:16,10321,10321,10321,20
2019-05-28,15:24:18,10322,10322,10322,2
2019-05-28,15:24:21,10322,10322,10322,4
2019-05-28,15:24:22,10322,10322,10322,12
2019-05-28,15:24:22,10322,10322,10322,2
2019-05-28,15:24:22,10322,10322,10322,4
2019-05-28,15:24:22,10322,10322,10322,4
2019-05-28,15:24:22,10322,10322,10322,4
2019-05-28,15:24:22,10322,10322,10322,4
2019-05-28,15:24:22,10322,10322,10322,16
2019-05-28,15:24:27,10322,10322,10322,16
2019-05-28,15:24:27,10322,10322,10322,4
2019-05-28,15:24:27,10322,10322,10322,2
2019-05-28,15:24:34,10322,10322,10322,2
2019-05-28,15:24:35,10323,10323,10323,2
2019-05-28,15:24:38,10322,10322,10322,2
2019-05-28,15:24:43,10323,10323,10323,2
2019-05-28,15:24:49,10323,10323,10323,10
2019-05-28,15:24:50,10323,10323,10323,38
2019-05-28,15:24:53,10323,10323,10323,2
2019-05-28,15:25:04,10324,10324,10324,10
2019-05-28,15:25:05,10323,10323,10323,2
2019-05-28,15:25:05,10323,10323,10323,2
2019-05-28,15:25:11,10323,10323,10323,2
2019-05-28,15:25:12,10324,10324,10324,10
2019-05-28,15:25:24,10323,10323,10323,2
2019-05-28,15:25:27,10324,10324,10324,4
2019-05-28,15:25:38,10324,10324,10324,2
2019-05-28,15:25:40,10323,10323,10323,2
2019-05-28,15:25:41,10323,10323,10323,2
2019-05-28,15:25:49,10323,10323,10323,8
2019-05-28,15:25:54,10323,10323,10323,2
2019-05-28,15:26:00,10324,10324,10324,20
2019-05-28,15:26:01,10324,10324,10324,2
2019-05-28,15:26:01,10323,10323,10323,2
2019-05-28,15:26:03,10323,10323,10323,2
2019-05-28,15:26:10,10323,10323,10323,4
2019-05-28,15:26:10,10323,10323,10323,6
2019-05-28,15:26:10,10323,10323,10323,2
2019-05-28,15:26:10,10323,10323,10323,2
2019-05-28,15:26:10,10323,10323,10323,2
2019-05-28,15:26:10,10323,10323,10323,2
2019-05-28,15:26:10,10323,10323,10323,2
2019-05-28,15:26:10,10323,10323,10323,4
2019-05-28,15:26:11,10324,10324,10324,20
2019-05-28,15:26:17,10323,10323,10323,2
2019-05-28,15:26:17,10323,10323,10323,2
2019-05-28,15:26:19,10323,10323,10323,2
2019-05-28,15:26:19,10323,10323,10323,2
2019-05-28,15:26:19,10323,10323,10323,12
2019-05-28,15:26:19,10323,10323,10323,2
2019-05-28,15:26:19,10323,10323,10323,2
2019-05-28,15:26:19,10323,10323,10323,2
2019-05-28,15:26:22,10322,10322,10322,2
2019-05-28,15:26:23,10322,10322,10322,2
2019-05-28,15:26:26,10322,10322,10322,2
2019-05-28,15:26:30,10322,10322,10322,2
2019-05-28,15:26:30,10322,10322,10322,2
2019-05-28,15:26:30,10322,10322,10322,2
2019-05-28,15:26:30,10322,10322,10322,2
2019-05-28,15:26:30,10322,10322,10322,2
2019-05-28,15:26:30,10321,10321,10321,2
2019-05-28,15:26:30,10321,10321,10321,2
2019-05-28,15:26:31,10321,10321,10321,6
2019-05-28,15:26:31,10321,10321,10321,4
2019-05-28,15:26:33,10321,10321,10321,2
2019-05-28,15:26:34,10321,10321,10321,4
2019-05-28,15:26:34,10321,10321,10321,2
2019-05-28,15:26:35,10321,10321,10321,2
2019-05-28,15:26:36,10321,10321,10321,2
2019-05-28,15:26:36,10321,10321,10321,2
2019-05-28,15:26:36,10321,10321,10321,4
2019-05-28,15:26:36,10321,10321,10321,2
2019-05-28,15:26:36,10321,10321,10321,2
2019-05-28,15:26:36,10321,10321,10321,6
2019-05-28,15:26:41,10321,10321,10321,2
2019-05-28,15:26:44,10321,10321,10321,2
2019-05-28,15:26:45,10321,10321,10321,4
2019-05-28,15:26:47,10321,10321,10321,4
2019-05-28,15:26:52,10321,10321,10321,2
2019-05-28,15:26:53,10320,10320,10320,2
2019-05-28,15:26:58,10320,10320,10320,6
2019-05-28,15:27:01,10321,10321,10321,16
2019-05-28,15:27:01,10321,10321,10321,4
2019-05-28,15:27:02,10321,10321,10321,2
2019-05-28,15:27:02,10321,10321,10321,2
2019-05-28,15:27:02,10321,10321,10321,2
2019-05-28,15:27:04,10321,10321,10321,2
2019-05-28,15:27:06,10321,10321,10321,2
2019-05-28,15:27:10,10321,10321,10321,2
2019-05-28,15:27:12,10321,10321,10321,2
2019-05-28,15:27:23,10321,10321,10321,2
2019-05-28,15:27:26,10321,10321,10321,6
2019-05-28,15:27:26,10321,10321,10321,2
2019-05-28,15:27:29,10320,10320,10320,2
2019-05-28,15:27:40,10320,10320,10320,2
2019-05-28,15:27:50,10321,10321,10321,8
2019-05-28,15:27:52,10321,10321,10321,2
2019-05-28,15:27:55,10321,10321,10321,2
2019-05-28,15:27:56,10321,10321,10321,2
2019-05-28,15:27:58,10321,10321,10321,2
2019-05-28,15:28:06,10321,10321,10321,4
2019-05-28,15:28:06,10321,10321,10321,2
2019-05-28,15:28:10,10322,10322,10322,2
2019-05-28,15:28:11,10322,10322,10322,2
2019-05-28,15:28:18,10322,10322,10322,2
2019-05-28,15:28:46,10322,10322,10322,2
2019-05-28,15:28:47,10322,10322,10322,2
2019-05-28,15:28:49,10321,10321,10321,6
2019-05-28,15:28:52,10322,10322,10322,2
2019-05-28,15:28:58,10322,10322,10322,2
2019-05-28,15:29:00,10322,10322,10322,2
2019-05-28,15:29:00,10322,10322,10322,2
2019-05-28,15:29:00,10322,10322,10322,2
2019-05-28,15:29:06,10322,10322,10322,4
2019-05-28,15:29:07,10323,10323,10323,2
2019-05-28,15:29:07,10322,10322,10322,4
2019-05-28,15:29:07,10322,10322,10322,2
2019-05-28,15:29:07,10322,10322,10322,2
2019-05-28,15:29:07,10322,10322,10322,2
2019-05-28,15:29:10,10323,10323,10323,2
2019-05-28,15:29:10,10323,10323,10323,4
2019-05-28,15:29:28,10323,10323,10323,40
2019-05-28,15:29:31,10323,10323,10323,2
2019-05-28,15:29:32,10323,10323,10323,42
2019-05-28,15:29:32,10324,10324,10324,10
2019-05-28,15:29:33,10324,10324,10324,2
2019-05-28,15:29:33,10324,10324,10324,4
2019-05-28,15:29:33,10324,10324,10324,2
2019-05-28,15:29:39,10325,10325,10325,20
2019-05-28,15:29:39,10324,10324,10324,2
2019-05-28,15:29:39,10325,10325,10325,2
2019-05-28,15:29:40,10324,10324,10324,2
2019-05-28,15:29:41,10325,10325,10325,2
2019-05-28,15:29:41,10325,10325,10325,4
2019-05-28,15:29:44,10324,10324,10324,2
2019-05-28,15:29:45,10324,10324,10324,2
2019-05-28,15:29:49,10324,10324,10324,2
2019-05-28,15:29:49,10324,10324,10324,2
2019-05-28,15:29:49,10324,10324,10324,2
2019-05-28,15:29:49,10324,10324,10324,4
2019-05-28,15:29:56,10324,10324,10324,4
2019-05-28,15:29:59,10324,10324,10324,2
2019-05-28,15:30:00,10324,10324,10324,2
2019-05-28,15:30:01,10323,10323,10323,2
2019-05-28,15:30:01,10323,10323,10323,2
2019-05-28,15:30:01,10323,10323,10323,2
2019-05-28,15:30:01,10323,10323,10323,2
2019-05-28,15:30:01,10324,10324,10324,16
2019-05-28,15:30:01,10323,10323,10323,2
2019-05-28,15:30:01,10323,10323,10323,2
2019-05-28,15:30:01,10323,10323,10323,4
2019-05-28,15:30:02,10323,10323,10323,2
2019-05-28,15:30:02,10323,10323,10323,2
2019-05-28,15:30:02,10323,10323,10323,2
2019-05-28,15:30:02,10323,10323,10323,2
2019-05-28,15:30:02,10323,10323,10323,2
2019-05-28,15:30:03,10323,10323,10323,2
2019-05-28,15:30:03,10323,10323,10323,2
2019-05-28,15:30:03,10323,10323,10323,2
2019-05-28,15:30:04,10324,10324,10324,2
2019-05-28,15:30:04,10323,10323,10323,2
2019-05-28,15:30:07,10323,10323,10323,2
2019-05-28,15:30:16,10323,10323,10323,2
2019-05-28,15:30:24,10323,10323,10323,6
2019-05-28,15:30:34,10322,10322,10322,2
2019-05-28,15:30:35,10322,10322,10322,2
2019-05-28,15:30:35,10322,10322,10322,2
2019-05-28,15:30:35,10322,10322,10322,2
2019-05-28,15:30:35,10322,10322,10322,8
2019-05-28,15:30:40,10323,10323,10323,2
2019-05-28,15:30:41,10322,10322,10322,2
2019-05-28,15:30:41,10323,10323,10323,10
2019-05-28,15:30:44,10322,10322,10322,2
2019-05-28,15:31:08,10323,10323,10323,4
2019-05-28,15:31:11,10323,10323,10323,4
2019-05-28,15:31:11,10323,10323,10323,4
2019-05-28,15:31:11,10323,10323,10323,2
2019-05-28,15:31:13,10323,10323,10323,4
2019-05-28,15:31:14,10323,10323,10323,4
2019-05-28,15:31:14,10323,10323,10323,4
2019-05-28,15:31:20,10323,10323,10323,4
2019-05-28,15:31:26,10324,10324,10324,4
2019-05-28,15:31:31,10324,10324,10324,2
2019-05-28,15:31:32,10324,10324,10324,2
2019-05-28,15:31:35,10324,10324,10324,2
2019-05-28,15:31:37,10323,10323,10323,2
2019-05-28,15:31:41,10323,10323,10323,2
2019-05-28,15:31:41,10323,10323,10323,2
2019-05-28,15:31:45,10323,10323,10323,2
2019-05-28,15:31:48,10323,10323,10323,2
2019-05-28,15:31:48,10323,10323,10323,2
2019-05-28,15:31:53,10323,10323,10323,2
2019-05-28,15:32:00,10324,10324,10324,2
2019-05-28,15:32:01,10323,10323,10323,2
2019-05-28,15:32:01,10323,10323,10323,2
2019-05-28,15:32:02,10323,10323,10323,2
2019-05-28,15:32:13,10323,10323,10323,2
2019-05-28,15:32:16,10323,10323,10323,2
2019-05-28,15:32:18,10323,10323,10323,2
2019-05-28,15:32:19,10323,10323,10323,2
2019-05-28,15:32:21,10323,10323,10323,2
2019-05-28,15:32:22,10322,10322,10322,2
2019-05-28,15:32:31,10323,10323,10323,2
2019-05-28,15:33:00,10323,10323,10323,14
2019-05-28,15:33:00,10323,10323,10323,2
2019-05-28,15:33:00,10323,10323,10323,6
2019-05-28,15:33:00,10323,10323,10323,4
2019-05-28,15:33:08,10324,10324,10324,2
2019-05-28,15:33:10,10323,10323,10323,2
2019-05-28,15:33:11,10323,10323,10323,2
2019-05-28,15:33:12,10323,10323,10323,2
2019-05-28,15:33:13,10323,10323,10323,2
2019-05-28,15:33:16,10323,10323,10323,2
2019-05-28,15:33:22,10323,10323,10323,2
2019-05-28,15:33:22,10323,10323,10323,2
2019-05-28,15:33:22,10323,10323,10323,2
2019-05-28,15:33:22,10323,10323,10323,2
2019-05-28,15:33:26,10323,10323,10323,2
2019-05-28,15:33:26,10323,10323,10323,2
2019-05-28,15:33:27,10323,10323,10323,2
2019-05-28,15:33:27,10323,10323,10323,2
2019-05-28,15:33:30,10323,10323,10323,2
2019-05-28,15:33:31,10323,10323,10323,2
2019-05-28,15:33:47,10323,10323,10323,2
2019-05-28,15:33:57,10324,10324,10324,4
2019-05-28,15:34:01,10324,10324,10324,4
2019-05-28,15:34:14,10324,10324,10324,2
2019-05-28,15:34:20,10324,10324,10324,2
2019-05-28,15:34:22,10324,10324,10324,6
2019-05-28,15:34:24,10323,10323,10323,2
2019-05-28,15:34:29,10323,10323,10323,2
2019-05-28,15:34:29,10323,10323,10323,2
2019-05-28,15:34:29,10323,10323,10323,4
2019-05-28,15:34:29,10323,10323,10323,2
2019-05-28,15:34:29,10323,10323,10323,30
2019-05-28,15:34:29,10323,10323,10323,10
2019-05-28,15:34:29,10323,10323,10323,6
2019-05-28,15:34:29,10323,10323,10323,6
2019-05-28,15:34:29,10323,10323,10323,10
2019-05-28,15:34:29,10323,10323,10323,6
2019-05-28,15:34:29,10323,10323,10323,18
2019-05-28,15:34:29,10323,10323,10323,2
2019-05-28,15:34:29,10323,10323,10323,4
2019-05-28,15:34:29,10323,10323,10323,2
2019-05-28,15:34:29,10323,10323,10323,2
2019-05-28,15:34:29,10323,10323,10323,2
2019-05-28,15:34:36,10322,10322,10322,2
2019-05-28,15:34:36,10322,10322,10322,2
2019-05-28,15:34:36,10322,10322,10322,2
2019-05-28,15:34:36,10322,10322,10322,2
2019-05-28,15:34:36,10322,10322,10322,2
2019-05-28,15:34:36,10322,10322,10322,2
2019-05-28,15:34:36,10322,10322,10322,4
2019-05-28,15:34:39,10323,10323,10323,18
2019-05-28,15:34:39,10323,10323,10323,8
2019-05-28,15:34:39,10323,10323,10323,6
2019-05-28,15:34:39,10323,10323,10323,8
2019-05-28,15:34:39,10323,10323,10323,8
2019-05-28,15:34:47,10323,10323,10323,2
2019-05-28,15:34:59,10323,10323,10323,2
2019-05-28,15:34:59,10323,10323,10323,2
2019-05-28,15:35:00,10323,10323,10323,14
2019-05-28,15:35:07,10323,10323,10323,2
2019-05-28,15:35:09,10322,10322,10322,10
2019-05-28,15:35:14,10323,10323,10323,2
2019-05-28,15:35:14,10323,10323,10323,2
2019-05-28,15:35:21,10324,10324,10324,2
2019-05-28,15:35:21,10324,10324,10324,4
2019-05-28,15:35:21,10324,10324,10324,8
2019-05-28,15:35:21,10324,10324,10324,26
2019-05-28,15:35:29,10324,10324,10324,2
2019-05-28,15:35:30,10323,10323,10323,2
2019-05-28,15:35:58,10323,10323,10323,2
2019-05-28,15:36:42,10323,10323,10323,2
2019-05-28,15:36:42,10323,10323,10323,2
2019-05-28,15:37:08,10324,10324,10324,4
2019-05-28,15:37:13,10324,10324,10324,2
2019-05-28,15:37:13,10324,10324,10324,2
2019-05-28,15:37:15,10324,10324,10324,4
2019-05-28,15:37:15,10324,10324,10324,2
2019-05-28,15:37:15,10324,10324,10324,6
2019-05-28,15:37:22,10324,10324,10324,2
2019-05-28,15:37:34,10325,10325,10325,4
2019-05-28,15:37:35,10324,10324,10324,2
2019-05-28,15:37:44,10324,10324,10324,2
2019-05-28,15:37:57,10324,10324,10324,2
2019-05-28,15:38:00,10324,10324,10324,2
2019-05-28,15:38:00,10324,10324,10324,2
2019-05-28,15:38:00,10324,10324,10324,2
2019-05-28,15:38:00,10324,10324,10324,2
2019-05-28,15:38:00,10324,10324,10324,2
2019-05-28,15:38:00,10324,10324,10324,2
2019-05-28,15:38:09,10324,10324,10324,2
2019-05-28,15:38:10,10324,10324,10324,2
2019-05-28,15:38:12,10324,10324,10324,2
2019-05-28,15:38:15,10324,10324,10324,2
2019-05-28,15:38:15,10324,10324,10324,18
2019-05-28,15:38:19,10324,10324,10324,16
2019-05-28,15:38:23,10324,10324,10324,6
2019-05-28,15:38:25,10324,10324,10324,6
2019-05-28,15:38:31,10324,10324,10324,4
2019-05-28,15:38:45,10324,10324,10324,2
2019-05-28,15:39:02,10325,10325,10325,6
2019-05-28,15:39:02,10325,10325,10325,18
2019-05-28,15:39:02,10325,10325,10325,28
2019-05-28,15:39:02,10325,10325,10325,18
2019-05-28,15:39:11,10325,10325,10325,4
2019-05-28,15:39:11,10325,10325,10325,6
2019-05-28,15:39:11,10325,10325,10325,2
2019-05-28,15:39:12,10325,10325,10325,2
2019-05-28,15:39:20,10325,10325,10325,2
2019-05-28,15:39:21,10325,10325,10325,4
2019-05-28,15:39:28,10325,10325,10325,6
2019-05-28,15:39:37,10325,10325,10325,2
2019-05-28,15:39:38,10325,10325,10325,2
2019-05-28,15:39:38,10325,10325,10325,2
2019-05-28,15:39:54,10325,10325,10325,4
2019-05-28,15:40:05,10325,10325,10325,2
2019-05-28,15:40:13,10326,10326,10326,2
2019-05-28,15:40:21,10325,10325,10325,2
2019-05-28,15:40:21,10325,10325,10325,2
2019-05-28,15:40:21,10325,10325,10325,2
2019-05-28,15:40:21,10325,10325,10325,4
2019-05-28,15:40:21,10325,10325,10325,2
2019-05-28,15:40:31,10325,10325,10325,2
2019-05-28,15:40:32,10325,10325,10325,4
2019-05-28,15:40:33,10326,10326,10326,2
2019-05-28,15:41:11,10326,10326,10326,2
2019-05-28,15:41:27,10326,10326,10326,2
2019-05-28,15:41:34,10325,10325,10325,2
2019-05-28,15:41:48,10325,10325,10325,2
2019-05-28,15:41:48,10325,10325,10325,2
2019-05-28,15:41:48,10325,10325,10325,2
2019-05-28,15:41:50,10325,10325,10325,2
2019-05-28,15:42:04,10325,10325,10325,4
2019-05-28,15:42:04,10325,10325,10325,4
2019-05-28,15:42:04,10325,10325,10325,2
2019-05-28,15:42:04,10325,10325,10325,2
2019-05-28,15:42:04,10325,10325,10325,2
2019-05-28,15:42:04,10325,10325,10325,2
2019-05-28,15:42:04,10325,10325,10325,2
2019-05-28,15:42:04,10325,10325,10325,2
2019-05-28,15:42:04,10325,10325,10325,2
2019-05-28,15:42:04,10324,10324,10324,2
2019-05-28,15:42:05,10324,10324,10324,46
2019-05-28,15:42:05,10324,10324,10324,2
2019-05-28,15:42:05,10324,10324,10324,2
2019-05-28,15:42:05,10324,10324,10324,2
2019-05-28,15:42:22,10323,10323,10323,2
2019-05-28,15:42:22,10323,10323,10323,2
2019-05-28,15:42:22,10323,10323,10323,2
2019-05-28,15:42:31,10323,10323,10323,2
2019-05-28,15:42:38,10323,10323,10323,2
2019-05-28,15:42:38,10323,10323,10323,2
2019-05-28,15:42:42,10323,10323,10323,2
2019-05-28,15:42:45,10323,10323,10323,2
2019-05-28,15:42:51,10323,10323,10323,2
2019-05-28,15:42:54,10323,10323,10323,2
2019-05-28,15:42:55,10323,10323,10323,2
2019-05-28,15:43:01,10323,10323,10323,2
2019-05-28,15:43:07,10323,10323,10323,2
2019-05-28,15:43:13,10323,10323,10323,2
2019-05-28,15:43:14,10323,10323,10323,2
2019-05-28,15:43:21,10323,10323,10323,2
2019-05-28,15:43:23,10323,10323,10323,4
2019-05-28,15:43:23,10323,10323,10323,2
2019-05-28,15:43:23,10323,10323,10323,2
2019-05-28,15:43:24,10323,10323,10323,2
2019-05-28,15:43:24,10323,10323,10323,2
2019-05-28,15:43:33,10323,10323,10323,2
2019-05-28,15:43:41,10323,10323,10323,2
2019-05-28,15:44:00,10323,10323,10323,8
2019-05-28,15:44:01,10322,10322,10322,2
2019-05-28,15:44:01,10322,10322,10322,2
2019-05-28,15:44:01,10322,10322,10322,34
2019-05-28,15:44:01,10322,10322,10322,2
2019-05-28,15:44:01,10322,10322,10322,2
2019-05-28,15:44:01,10322,10322,10322,2
2019-05-28,15:44:01,10322,10322,10322,2
2019-05-28,15:44:01,10322,10322,10322,2
2019-05-28,15:44:01,10322,10322,10322,2
2019-05-28,15:44:01,10322,10322,10322,4
2019-05-28,15:44:01,10322,10322,10322,2
2019-05-28,15:44:01,10322,10322,10322,2
2019-05-28,15:44:01,10322,10322,10322,2
2019-05-28,15:44:01,10322,10322,10322,8
2019-05-28,15:44:01,10322,10322,10322,2
2019-05-28,15:44:01,10322,10322,10322,2
2019-05-28,15:44:01,10322,10322,10322,2
2019-05-28,15:44:01,10321,10321,10321,14
2019-05-28,15:44:01,10321,10321,10321,2
2019-05-28,15:44:01,10321,10321,10321,2
2019-05-28,15:44:01,10321,10321,10321,10
2019-05-28,15:44:01,10321,10321,10321,6
2019-05-28,15:44:01,10321,10321,10321,4
2019-05-28,15:44:01,10321,10321,10321,4
2019-05-28,15:44:01,10321,10321,10321,16
2019-05-28,15:44:01,10321,10321,10321,4
2019-05-28,15:44:01,10321,10321,10321,2
2019-05-28,15:44:01,10321,10321,10321,2
2019-05-28,15:44:01,10321,10321,10321,8
2019-05-28,15:44:01,10321,10321,10321,2
2019-05-28,15:44:01,10320,10320,10320,2
2019-05-28,15:44:03,10320,10320,10320,4
2019-05-28,15:44:08,10320,10320,10320,4
2019-05-28,15:44:08,10320,10320,10320,4
2019-05-28,15:44:08,10320,10320,10320,2
2019-05-28,15:44:08,10320,10320,10320,16
2019-05-28,15:44:08,10320,10320,10320,2
2019-05-28,15:44:08,10320,10320,10320,2
2019-05-28,15:44:08,10320,10320,10320,2
2019-05-28,15:44:08,10321,10321,10321,2
2019-05-28,15:44:09,10321,10321,10321,28
2019-05-28,15:44:09,10320,10320,10320,2
2019-05-28,15:44:12,10320,10320,10320,6
2019-05-28,15:44:12,10320,10320,10320,2
2019-05-28,15:44:12,10320,10320,10320,4
2019-05-28,15:44:12,10320,10320,10320,2
2019-05-28,15:44:12,10320,10320,10320,2
2019-05-28,15:44:12,10320,10320,10320,2
2019-05-28,15:44:12,10320,10320,10320,4
2019-05-28,15:44:12,10320,10320,10320,2
2019-05-28,15:44:12,10320,10320,10320,2
2019-05-28,15:44:12,10320,10320,10320,8
2019-05-28,15:44:12,10320,10320,10320,16
2019-05-28,15:44:12,10320,10320,10320,4
2019-05-28,15:44:12,10320,10320,10320,2
2019-05-28,15:44:12,10320,10320,10320,4
2019-05-28,15:44:13,10319,10319,10319,2
2019-05-28,15:44:13,10321,10321,10321,2
2019-05-28,15:44:19,10320,10320,10320,2
2019-05-28,15:44:19,10320,10320,10320,6
2019-05-28,15:44:19,10320,10320,10320,2
2019-05-28,15:44:19,10320,10320,10320,4
2019-05-28,15:44:22,10320,10320,10320,2
2019-05-28,15:44:25,10320,10320,10320,2
2019-05-28,15:44:41,10320,10320,10320,2
2019-05-28,15:44:43,10320,10320,10320,30
2019-05-28,15:44:44,10320,10320,10320,2
2019-05-28,15:44:45,10320,10320,10320,2
2019-05-28,15:44:47,10320,10320,10320,10
2019-05-28,15:44:47,10320,10320,10320,2
2019-05-28,15:44:50,10320,10320,10320,2
2019-05-28,15:44:50,10320,10320,10320,2
2019-05-28,15:44:54,10321,10321,10321,2
2019-05-28,15:44:54,10320,10320,10320,2
2019-05-28,15:45:07,10320,10320,10320,2
2019-05-28,15:45:09,10320,10320,10320,2
2019-05-28,15:45:09,10320,10320,10320,2
2019-05-28,15:45:20,10320,10320,10320,2
2019-05-28,15:45:23,10320,10320,10320,2
2019-05-28,15:45:37,10320,10320,10320,2
2019-05-28,15:45:40,10320,10320,10320,2
2019-05-28,15:45:40,10320,10320,10320,2
2019-05-28,15:45:55,10320,10320,10320,2
2019-05-28,15:45:55,10320,10320,10320,2
2019-05-28,15:45:56,10321,10321,10321,2
2019-05-28,15:46:05,10320,10320,10320,2
2019-05-28,15:46:09,10320,10320,10320,2
2019-05-28,15:46:14,10320,10320,10320,10
2019-05-28,15:46:14,10320,10320,10320,2
2019-05-28,15:46:14,10320,10320,10320,2
2019-05-28,15:46:14,10320,10320,10320,2
2019-05-28,15:46:14,10320,10320,10320,2
2019-05-28,15:46:19,10320,10320,10320,2
2019-05-28,15:46:24,10320,10320,10320,2
2019-05-28,15:46:24,10320,10320,10320,2
2019-05-28,15:46:38,10320,10320,10320,2
2019-05-28,15:46:39,10320,10320,10320,2
2019-05-28,15:46:39,10321,10321,10321,38
2019-05-28,15:46:39,10321,10321,10321,4
2019-05-28,15:46:39,10321,10321,10321,16
2019-05-28,15:46:39,10321,10321,10321,4
2019-05-28,15:46:47,10321,10321,10321,2
2019-05-28,15:46:47,10321,10321,10321,2
2019-05-28,15:46:47,10321,10321,10321,4
2019-05-28,15:46:52,10321,10321,10321,2
2019-05-28,15:46:53,10321,10321,10321,2
2019-05-28,15:46:53,10321,10321,10321,8
2019-05-28,15:46:53,10321,10321,10321,8
2019-05-28,15:47:15,10322,10322,10322,20
2019-05-28,15:47:16,10322,10322,10322,2
2019-05-28,15:47:16,10322,10322,10322,2
2019-05-28,15:47:19,10322,10322,10322,2
2019-05-28,15:47:23,10322,10322,10322,2
2019-05-28,15:47:25,10322,10322,10322,2
2019-05-28,15:47:28,10323,10323,10323,4
2019-05-28,15:47:28,10323,10323,10323,4
2019-05-28,15:47:28,10323,10323,10323,2
2019-05-28,15:47:28,10324,10324,10324,40
2019-05-28,15:47:28,10324,10324,10324,4
2019-05-28,15:47:28,10324,10324,10324,4
2019-05-28,15:47:28,10324,10324,10324,4
2019-05-28,15:47:28,10324,10324,10324,4
2019-05-28,15:47:28,10324,10324,10324,2
2019-05-28,15:47:33,10323,10323,10323,18
2019-05-28,15:47:33,10323,10323,10323,2
2019-05-28,15:47:33,10323,10323,10323,2
2019-05-28,15:47:50,10323,10323,10323,2
2019-05-28,15:47:53,10323,10323,10323,2
2019-05-28,15:47:53,10323,10323,10323,2
2019-05-28,15:47:53,10323,10323,10323,4
2019-05-28,15:47:54,10324,10324,10324,2
2019-05-28,15:47:59,10323,10323,10323,2
2019-05-28,15:48:01,10324,10324,10324,2
2019-05-28,15:48:13,10323,10323,10323,2
2019-05-28,15:48:19,10323,10323,10323,2
2019-05-28,15:48:30,10323,10323,10323,2
2019-05-28,15:48:31,10323,10323,10323,4
2019-05-28,15:48:31,10323,10323,10323,2
2019-05-28,15:48:31,10323,10323,10323,2
2019-05-28,15:48:38,10323,10323,10323,2
2019-05-28,15:48:44,10323,10323,10323,2
2019-05-28,15:48:48,10322,10322,10322,2
2019-05-28,15:48:48,10322,10322,10322,2
2019-05-28,15:48:49,10322,10322,10322,10
2019-05-28,15:48:49,10322,10322,10322,4
2019-05-28,15:48:49,10322,10322,10322,24
2019-05-28,15:48:49,10322,10322,10322,2
2019-05-28,15:48:49,10322,10322,10322,8
2019-05-28,15:48:49,10322,10322,10322,4
2019-05-28,15:48:49,10322,10322,10322,2
2019-05-28,15:48:49,10321,10321,10321,2
2019-05-28,15:48:49,10321,10321,10321,4
2019-05-28,15:48:54,10321,10321,10321,2
2019-05-28,15:49:06,10322,10322,10322,16
2019-05-28,15:49:15,10323,10323,10323,2
2019-05-28,15:49:27,10323,10323,10323,2
2019-05-28,15:49:34,10323,10323,10323,2
2019-05-28,15:49:43,10323,10323,10323,2
2019-05-28,15:49:44,10323,10323,10323,2
2019-05-28,15:49:50,10323,10323,10323,2
2019-05-28,15:50:34,10323,10323,10323,10
2019-05-28,15:50:35,10323,10323,10323,2
2019-05-28,15:50:38,10323,10323,10323,2
2019-05-28,15:50:46,10323,10323,10323,2
2019-05-28,15:50:58,10323,10323,10323,2
2019-05-28,15:50:59,10324,10324,10324,2
2019-05-28,15:51:07,10324,10324,10324,2
2019-05-28,15:51:09,10324,10324,10324,2
2019-05-28,15:51:10,10323,10323,10323,2
2019-05-28,15:51:10,10323,10323,10323,4
2019-05-28,15:51:10,10323,10323,10323,8
2019-05-28,15:51:24,10324,10324,10324,2
2019-05-28,15:51:31,10324,10324,10324,2
2019-05-28,15:51:34,10323,10323,10323,2
2019-05-28,15:51:38,10324,10324,10324,2
2019-05-28,15:51:51,10323,10323,10323,2
2019-05-28,15:52:15,10323,10323,10323,6
2019-05-28,15:52:17,10323,10323,10323,2
2019-05-28,15:52:24,10323,10323,10323,2
2019-05-28,15:52:25,10322,10322,10322,14
2019-05-28,15:52:25,10322,10322,10322,2
2019-05-28,15:52:31,10321,10321,10321,2
2019-05-28,15:52:31,10321,10321,10321,2
2019-05-28,15:52:31,10321,10321,10321,2
2019-05-28,15:52:31,10321,10321,10321,2
2019-05-28,15:52:31,10321,10321,10321,2
2019-05-28,15:52:31,10321,10321,10321,2
2019-05-28,15:52:31,10321,10321,10321,2
2019-05-28,15:52:31,10321,10321,10321,2
2019-05-28,15:52:32,10321,10321,10321,2
2019-05-28,15:52:51,10321,10321,10321,2
2019-05-28,15:52:55,10321,10321,10321,8
2019-05-28,15:52:56,10321,10321,10321,4
2019-05-28,15:52:58,10321,10321,10321,2
2019-05-28,15:53:05,10321,10321,10321,4
2019-05-28,15:53:05,10321,10321,10321,2
2019-05-28,15:53:05,10321,10321,10321,2
2019-05-28,15:53:05,10321,10321,10321,2
2019-05-28,15:53:06,10322,10322,10322,2
2019-05-28,15:53:06,10322,10322,10322,2
2019-05-28,15:53:06,10322,10322,10322,2
2019-05-28,15:53:06,10322,10322,10322,6
2019-05-28,15:53:09,10322,10322,10322,4
2019-05-28,15:53:15,10322,10322,10322,4
2019-05-28,15:53:15,10322,10322,10322,4
2019-05-28,15:53:18,10322,10322,10322,2
2019-05-28,15:53:24,10322,10322,10322,8
2019-05-28,15:53:43,10322,10322,10322,10
2019-05-28,15:53:54,10322,10322,10322,2
2019-05-28,15:53:54,10322,10322,10322,2
2019-05-28,15:53:54,10322,10322,10322,2
2019-05-28,15:54:03,10322,10322,10322,2
2019-05-28,15:54:08,10322,10322,10322,2
2019-05-28,15:54:30,10323,10323,10323,2
2019-05-28,15:54:30,10323,10323,10323,2
2019-05-28,15:54:30,10323,10323,10323,2
2019-05-28,15:54:30,10323,10323,10323,22
2019-05-28,15:54:48,10322,10322,10322,2
2019-05-28,15:55:54,10322,10322,10322,2
2019-05-28,15:56:11,10322,10322,10322,2
2019-05-28,15:57:10,10323,10323,10323,2
2019-05-28,15:57:11,10323,10323,10323,2
2019-05-28,15:57:24,10322,10322,10322,2
2019-05-28,15:57:32,10323,10323,10323,2
2019-05-28,15:57:33,10324,10324,10324,18
2019-05-28,15:57:39,10324,10324,10324,2
2019-05-28,15:57:54,10323,10323,10323,2
2019-05-28,15:58:04,10324,10324,10324,8
2019-05-28,15:58:19,10324,10324,10324,2
2019-05-28,15:58:25,10324,10324,10324,2
2019-05-28,15:59:23,10324,10324,10324,2
2019-05-28,15:59:23,10323,10323,10323,2
2019-05-28,15:59:35,10324,10324,10324,2
2019-05-28,15:59:36,10324,10324,10324,2
2019-05-28,15:59:36,10324,10324,10324,2
2019-05-28,15:59:48,10324,10324,10324,2
2019-05-28,15:59:57,10323,10323,10323,2
2019-05-28,15:59:57,10323,10323,10323,2
2019-05-28,16:00:02,10324,10324,10324,2
2019-05-28,16:00:03,10323,10323,10323,2
2019-05-28,16:00:03,10323,10323,10323,2
2019-05-28,16:00:03,10323,10323,10323,2
2019-05-28,16:00:03,10323,10323,10323,2
2019-05-28,16:00:03,10323,10323,10323,2
2019-05-28,16:00:03,10323,10323,10323,4
2019-05-28,16:00:03,10323,10323,10323,2
2019-05-28,16:00:03,10323,10323,10323,2
2019-05-28,16:00:03,10323,10323,10323,2
2019-05-28,16:00:03,10323,10323,10323,2
2019-05-28,16:00:03,10323,10323,10323,4
2019-05-28,16:00:05,10322,10322,10322,2
2019-05-28,16:00:11,10322,10322,10322,2
2019-05-28,16:00:11,10322,10322,10322,4
2019-05-28,16:00:11,10322,10322,10322,4
2019-05-28,16:00:11,10322,10322,10322,2
2019-05-28,16:00:11,10322,10322,10322,2
2019-05-28,16:00:11,10322,10322,10322,2
2019-05-28,16:00:11,10322,10322,10322,4
2019-05-28,16:00:11,10322,10322,10322,2
2019-05-28,16:00:11,10322,10322,10322,4
2019-05-28,16:00:11,10322,10322,10322,2
2019-05-28,16:00:11,10322,10322,10322,2
2019-05-28,16:00:11,10322,10322,10322,8
2019-05-28,16:00:11,10321,10321,10321,2
2019-05-28,16:00:11,10321,10321,10321,2
2019-05-28,16:00:18,10321,10321,10321,2
2019-05-28,16:00:21,10321,10321,10321,2
2019-05-28,16:00:23,10321,10321,10321,2
2019-05-28,16:00:23,10321,10321,10321,2
2019-05-28,16:00:23,10321,10321,10321,2
2019-05-28,16:00:23,10321,10321,10321,2
2019-05-28,16:00:23,10321,10321,10321,2
2019-05-28,16:00:23,10321,10321,10321,8
2019-05-28,16:00:23,10321,10321,10321,6
2019-05-28,16:00:23,10321,10321,10321,2
2019-05-28,16:00:23,10321,10321,10321,2
2019-05-28,16:00:23,10321,10321,10321,2
2019-05-28,16:00:23,10321,10321,10321,2
2019-05-28,16:00:30,10320,10320,10320,20
2019-05-28,16:00:30,10320,10320,10320,8
2019-05-28,16:00:30,10320,10320,10320,4
2019-05-28,16:00:31,10320,10320,10320,2
2019-05-28,16:00:31,10320,10320,10320,16
2019-05-28,16:00:31,10320,10320,10320,8
2019-05-28,16:00:31,10320,10320,10320,2
2019-05-28,16:00:31,10320,10320,10320,10
2019-05-28,16:00:31,10320,10320,10320,12
2019-05-28,16:00:31,10320,10320,10320,2
2019-05-28,16:00:31,10320,10320,10320,6
2019-05-28,16:00:31,10320,10320,10320,4
2019-05-28,16:00:31,10320,10320,10320,2
2019-05-28,16:00:31,10320,10320,10320,2
2019-05-28,16:00:31,10320,10320,10320,6
2019-05-28,16:00:31,10320,10320,10320,2
2019-05-28,16:00:31,10320,10320,10320,2
2019-05-28,16:00:31,10320,10320,10320,2
2019-05-28,16:00:31,10320,10320,10320,2
2019-05-28,16:00:31,10320,10320,10320,2
2019-05-28,16:00:31,10320,10320,10320,2
2019-05-28,16:00:31,10320,10320,10320,4
2019-05-28,16:00:31,10320,10320,10320,4
2019-05-28,16:00:31,10320,10320,10320,2
2019-05-28,16:00:31,10320,10320,10320,4
2019-05-28,16:00:31,10320,10320,10320,4
2019-05-28,16:00:31,10320,10320,10320,2
2019-05-28,16:00:31,10320,10320,10320,2
2019-05-28,16:00:31,10320,10320,10320,2
2019-05-28,16:00:31,10320,10320,10320,2
2019-05-28,16:00:31,10320,10320,10320,2
2019-05-28,16:00:31,10320,10320,10320,2
2019-05-28,16:00:31,10320,10320,10320,2
2019-05-28,16:00:31,10320,10320,10320,2
2019-05-28,16:00:31,10320,10320,10320,6
2019-05-28,16:00:31,10320,10320,10320,2
2019-05-28,16:00:31,10320,10320,10320,2
2019-05-28,16:00:32,10319,10319,10319,4
2019-05-28,16:00:32,10319,10319,10319,6
2019-05-28,16:00:32,10319,10319,10319,2
2019-05-28,16:00:32,10319,10319,10319,2
2019-05-28,16:00:32,10319,10319,10319,6
2019-05-28,16:00:33,10319,10319,10319,2
2019-05-28,16:00:35,10319,10319,10319,2
2019-05-28,16:00:37,10319,10319,10319,2
2019-05-28,16:00:39,10319,10319,10319,2
2019-05-28,16:00:43,10319,10319,10319,2
2019-05-28,16:00:43,10319,10319,10319,2
2019-05-28,16:00:45,10320,10320,10320,26
2019-05-28,16:00:56,10321,10321,10321,2
2019-05-28,16:01:02,10321,10321,10321,2
2019-05-28,16:01:02,10321,10321,10321,2
2019-05-28,16:01:02,10321,10321,10321,2
2019-05-28,16:01:02,10321,10321,10321,2
2019-05-28,16:01:02,10321,10321,10321,2
2019-05-28,16:01:02,10321,10321,10321,2
2019-05-28,16:01:02,10321,10321,10321,2
2019-05-28,16:01:02,10321,10321,10321,2
2019-05-28,16:01:02,10321,10321,10321,2
2019-05-28,16:01:16,10321,10321,10321,2
2019-05-28,16:01:16,10321,10321,10321,2
2019-05-28,16:01:16,10321,10321,10321,2
2019-05-28,16:01:22,10321,10321,10321,10
2019-05-28,16:01:26,10321,10321,10321,2
2019-05-28,16:01:47,10321,10321,10321,2
2019-05-28,16:01:47,10320,10320,10320,2
2019-05-28,16:01:49,10320,10320,10320,2
2019-05-28,16:01:54,10321,10321,10321,2
2019-05-28,16:02:01,10321,10321,10321,2
2019-05-28,16:02:02,10321,10321,10321,2
2019-05-28,16:02:02,10320,10320,10320,2
2019-05-28,16:02:02,10321,10321,10321,6
2019-05-28,16:02:03,10321,10321,10321,4
2019-05-28,16:02:03,10321,10321,10321,2
2019-05-28,16:02:06,10321,10321,10321,4
2019-05-28,16:02:07,10320,10320,10320,20
2019-05-28,16:02:15,10320,10320,10320,16
2019-05-28,16:02:15,10320,10320,10320,2
2019-05-28,16:02:15,10320,10320,10320,2
2019-05-28,16:02:17,10320,10320,10320,8
2019-05-28,16:02:20,10320,10320,10320,2
2019-05-28,16:02:23,10320,10320,10320,2
2019-05-28,16:02:24,10320,10320,10320,2
2019-05-28,16:02:24,10320,10320,10320,2
2019-05-28,16:02:25,10320,10320,10320,8
2019-05-28,16:02:33,10320,10320,10320,2
2019-05-28,16:02:36,10320,10320,10320,2
2019-05-28,16:02:37,10320,10320,10320,2
2019-05-28,16:03:02,10320,10320,10320,2
2019-05-28,16:03:06,10320,10320,10320,2
2019-05-28,16:03:06,10320,10320,10320,2
2019-05-28,16:03:06,10320,10320,10320,2
2019-05-28,16:03:08,10320,10320,10320,10
2019-05-28,16:03:08,10320,10320,10320,2
2019-05-28,16:03:08,10320,10320,10320,2
2019-05-28,16:03:11,10320,10320,10320,6
2019-05-28,16:03:14,10319,10319,10319,4
2019-05-28,16:03:14,10319,10319,10319,4
2019-05-28,16:03:14,10319,10319,10319,2
2019-05-28,16:03:14,10319,10319,10319,2
2019-05-28,16:03:14,10319,10319,10319,4
2019-05-28,16:03:14,10319,10319,10319,2
2019-05-28,16:03:15,10319,10319,10319,2
2019-05-28,16:03:15,10319,10319,10319,2
2019-05-28,16:03:15,10319,10319,10319,2
2019-05-28,16:03:15,10319,10319,10319,2
2019-05-28,16:03:20,10319,10319,10319,2
2019-05-28,16:03:20,10319,10319,10319,6
2019-05-28,16:03:23,10319,10319,10319,2
2019-05-28,16:03:23,10319,10319,10319,8
2019-05-28,16:03:24,10318,10318,10318,12
2019-05-28,16:03:24,10318,10318,10318,4
2019-05-28,16:03:24,10318,10318,10318,4
2019-05-28,16:03:24,10318,10318,10318,2
2019-05-28,16:03:25,10318,10318,10318,4
2019-05-28,16:03:25,10318,10318,10318,6
2019-05-28,16:03:27,10318,10318,10318,2
2019-05-28,16:03:28,10318,10318,10318,4
2019-05-28,16:03:28,10318,10318,10318,2
2019-05-28,16:03:30,10318,10318,10318,2
2019-05-28,16:03:31,10318,10318,10318,2
2019-05-28,16:03:32,10318,10318,10318,2
2019-05-28,16:03:39,10318,10318,10318,2
2019-05-28,16:03:39,10318,10318,10318,2
2019-05-28,16:03:39,10318,10318,10318,8
2019-05-28,16:03:43,10319,10319,10319,20
2019-05-28,16:03:43,10319,10319,10319,6
2019-05-28,16:03:43,10319,10319,10319,2
2019-05-28,16:03:44,10319,10319,10319,2
2019-05-28,16:03:45,10319,10319,10319,2
2019-05-28,16:03:45,10319,10319,10319,2
2019-05-28,16:03:51,10319,10319,10319,2
2019-05-28,16:03:56,10319,10319,10319,2
2019-05-28,16:04:03,10319,10319,10319,2
2019-05-28,16:04:03,10319,10319,10319,2
2019-05-28,16:04:03,10319,10319,10319,6
2019-05-28,16:04:03,10319,10319,10319,2
2019-05-28,16:04:03,10319,10319,10319,2
2019-05-28,16:04:03,10319,10319,10319,4
2019-05-28,16:04:03,10319,10319,10319,2
2019-05-28,16:04:03,10319,10319,10319,2
2019-05-28,16:04:03,10319,10319,10319,2
2019-05-28,16:04:03,10319,10319,10319,2
2019-05-28,16:04:03,10319,10319,10319,2
2019-05-28,16:04:03,10319,10319,10319,6
2019-05-28,16:04:04,10320,10320,10320,4
2019-05-28,16:04:04,10320,10320,10320,4
2019-05-28,16:04:04,10320,10320,10320,8
2019-05-28,16:04:04,10320,10320,10320,8
2019-05-28,16:04:04,10320,10320,10320,4
2019-05-28,16:04:04,10320,10320,10320,8
2019-05-28,16:04:04,10320,10320,10320,4
2019-05-28,16:04:11,10320,10320,10320,2
2019-05-28,16:04:13,10320,10320,10320,2
2019-05-28,16:04:13,10319,10319,10319,4
2019-05-28,16:04:14,10320,10320,10320,4
2019-05-28,16:04:19,10319,10319,10319,2
2019-05-28,16:04:20,10319,10319,10319,2
2019-05-28,16:04:20,10319,10319,10319,2
2019-05-28,16:04:22,10319,10319,10319,2
2019-05-28,16:04:22,10319,10319,10319,2
2019-05-28,16:04:23,10320,10320,10320,2
2019-05-28,16:04:26,10319,10319,10319,4
2019-05-28,16:04:26,10319,10319,10319,2
2019-05-28,16:04:26,10319,10319,10319,2
2019-05-28,16:04:28,10320,10320,10320,2
2019-05-28,16:04:38,10320,10320,10320,2
2019-05-28,16:04:42,10320,10320,10320,6
2019-05-28,16:04:49,10320,10320,10320,2
2019-05-28,16:04:49,10320,10320,10320,22
2019-05-28,16:04:49,10320,10320,10320,2
2019-05-28,16:04:49,10320,10320,10320,2
2019-05-28,16:04:49,10319,10319,10319,2
2019-05-28,16:04:52,10320,10320,10320,2
2019-05-28,16:04:52,10320,10320,10320,2
2019-05-28,16:04:55,10320,10320,10320,2
2019-05-28,16:04:55,10320,10320,10320,2
2019-05-28,16:05:07,10320,10320,10320,2
2019-05-28,16:05:19,10320,10320,10320,16
2019-05-28,16:05:20,10320,10320,10320,2
2019-05-28,16:05:36,10320,10320,10320,4
2019-05-28,16:05:36,10320,10320,10320,2
2019-05-28,16:05:37,10320,10320,10320,2
2019-05-28,16:05:45,10320,10320,10320,2
2019-05-28,16:05:50,10320,10320,10320,2
2019-05-28,16:06:03,10320,10320,10320,2
2019-05-28,16:06:03,10320,10320,10320,2
2019-05-28,16:06:03,10320,10320,10320,2
2019-05-28,16:06:03,10320,10320,10320,2
2019-05-28,16:06:03,10319,10319,10319,2
2019-05-28,16:06:04,10319,10319,10319,2
2019-05-28,16:06:08,10319,10319,10319,2
2019-05-28,16:06:14,10320,10320,10320,4
2019-05-28,16:06:14,10320,10320,10320,8
2019-05-28,16:06:23,10320,10320,10320,2
2019-05-28,16:06:31,10319,10319,10319,2
2019-05-28,16:07:10,10319,10319,10319,2
2019-05-28,16:07:10,10319,10319,10319,2
2019-05-28,16:07:10,10319,10319,10319,6
2019-05-28,16:07:10,10319,10319,10319,2
2019-05-28,16:07:10,10319,10319,10319,2
2019-05-28,16:07:10,10319,10319,10319,16
2019-05-28,16:07:10,10319,10319,10319,2
2019-05-28,16:07:10,10319,10319,10319,6
2019-05-28,16:07:11,10318,10318,10318,2
2019-05-28,16:07:11,10318,10318,10318,10
2019-05-28,16:07:11,10318,10318,10318,2
2019-05-28,16:07:11,10318,10318,10318,2
2019-05-28,16:07:11,10318,10318,10318,4
2019-05-28,16:07:33,10318,10318,10318,2
2019-05-28,16:07:33,10318,10318,10318,2
2019-05-28,16:07:33,10318,10318,10318,2
2019-05-28,16:07:33,10318,10318,10318,2
2019-05-28,16:07:33,10318,10318,10318,4
2019-05-28,16:07:33,10318,10318,10318,2
2019-05-28,16:07:33,10318,10318,10318,2
2019-05-28,16:07:33,10318,10318,10318,2
2019-05-28,16:07:33,10318,10318,10318,2
2019-05-28,16:07:33,10318,10318,10318,4
2019-05-28,16:07:33,10318,10318,10318,2
2019-05-28,16:07:33,10318,10318,10318,2
2019-05-28,16:07:33,10318,10318,10318,2
2019-05-28,16:07:33,10318,10318,10318,2
2019-05-28,16:07:33,10318,10318,10318,10
2019-05-28,16:07:33,10318,10318,10318,4
2019-05-28,16:07:33,10318,10318,10318,2
2019-05-28,16:07:33,10317,10317,10317,4
2019-05-28,16:07:33,10317,10317,10317,2
2019-05-28,16:07:38,10317,10317,10317,2
2019-05-28,16:07:38,10317,10317,10317,6
2019-05-28,16:07:38,10317,10317,10317,2
2019-05-28,16:07:38,10317,10317,10317,4
2019-05-28,16:07:38,10317,10317,10317,4
2019-05-28,16:07:38,10317,10317,10317,2
2019-05-28,16:07:40,10317,10317,10317,2
2019-05-28,16:07:40,10317,10317,10317,2
2019-05-28,16:07:40,10317,10317,10317,2
2019-05-28,16:07:40,10317,10317,10317,2
2019-05-28,16:07:40,10317,10317,10317,2
2019-05-28,16:07:41,10317,10317,10317,6
2019-05-28,16:07:41,10317,10317,10317,2
2019-05-28,16:07:41,10317,10317,10317,2
2019-05-28,16:07:41,10317,10317,10317,2
2019-05-28,16:07:43,10317,10317,10317,2
2019-05-28,16:07:43,10317,10317,10317,2
2019-05-28,16:07:53,10317,10317,10317,2
2019-05-28,16:07:53,10317,10317,10317,2
2019-05-28,16:08:00,10317,10317,10317,2
2019-05-28,16:08:00,10316,10316,10316,4
2019-05-28,16:08:00,10316,10316,10316,4
2019-05-28,16:08:00,10317,10317,10317,2
2019-05-28,16:08:01,10317,10317,10317,6
2019-05-28,16:08:01,10317,10317,10317,2
2019-05-28,16:08:01,10317,10317,10317,2
2019-05-28,16:08:02,10317,10317,10317,2
2019-05-28,16:08:02,10317,10317,10317,2
2019-05-28,16:08:06,10317,10317,10317,2
2019-05-28,16:08:10,10316,10316,10316,2
2019-05-28,16:08:18,10317,10317,10317,6
2019-05-28,16:08:21,10317,10317,10317,4
2019-05-28,16:08:22,10317,10317,10317,10
2019-05-28,16:08:28,10317,10317,10317,2
2019-05-28,16:08:28,10317,10317,10317,4
2019-05-28,16:08:28,10317,10317,10317,2
2019-05-28,16:08:28,10317,10317,10317,2
2019-05-28,16:08:29,10318,10318,10318,4
2019-05-28,16:08:29,10318,10318,10318,24
2019-05-28,16:08:29,10318,10318,10318,6
2019-05-28,16:08:29,10318,10318,10318,10
2019-05-28,16:08:36,10318,10318,10318,2
2019-05-28,16:08:42,10318,10318,10318,2
2019-05-28,16:08:42,10318,10318,10318,4
2019-05-28,16:08:46,10319,10319,10319,4
2019-05-28,16:08:46,10320,10320,10320,2
2019-05-28,16:08:46,10318,10318,10318,4
2019-05-28,16:08:46,10318,10318,10318,2
2019-05-28,16:08:53,10319,10319,10319,2
2019-05-28,16:08:56,10319,10319,10319,4
2019-05-28,16:08:57,10318,10318,10318,2
2019-05-28,16:09:09,10318,10318,10318,2
2019-05-28,16:09:09,10318,10318,10318,2
2019-05-28,16:09:09,10318,10318,10318,2
2019-05-28,16:09:09,10318,10318,10318,2
2019-05-28,16:09:09,10318,10318,10318,4
2019-05-28,16:09:09,10318,10318,10318,2
2019-05-28,16:09:09,10318,10318,10318,2
2019-05-28,16:09:14,10318,10318,10318,2
2019-05-28,16:09:19,10318,10318,10318,2
2019-05-28,16:09:44,10319,10319,10319,2
2019-05-28,16:09:52,10318,10318,10318,2
2019-05-28,16:09:56,10318,10318,10318,2
2019-05-28,16:09:56,10318,10318,10318,2
2019-05-28,16:09:56,10318,10318,10318,2
2019-05-28,16:09:56,10318,10318,10318,2
2019-05-28,16:09:59,10319,10319,10319,2
2019-05-28,16:10:01,10319,10319,10319,4
2019-05-28,16:10:02,10318,10318,10318,2
2019-05-28,16:10:02,10318,10318,10318,2
2019-05-28,16:10:23,10318,10318,10318,4
2019-05-28,16:10:23,10318,10318,10318,2
2019-05-28,16:10:23,10318,10318,10318,4
2019-05-28,16:10:23,10318,10318,10318,2
2019-05-28,16:10:23,10318,10318,10318,4
2019-05-28,16:10:23,10318,10318,10318,2
2019-05-28,16:10:23,10318,10318,10318,2
2019-05-28,16:10:35,10318,10318,10318,2
2019-05-28,16:10:35,10318,10318,10318,4
2019-05-28,16:10:35,10318,10318,10318,4
2019-05-28,16:10:40,10318,10318,10318,2
2019-05-28,16:10:40,10318,10318,10318,2
2019-05-28,16:10:40,10318,10318,10318,6
2019-05-28,16:11:02,10318,10318,10318,4
2019-05-28,16:11:02,10318,10318,10318,2
2019-05-28,16:11:02,10318,10318,10318,2
2019-05-28,16:11:10,10318,10318,10318,2
2019-05-28,16:11:26,10318,10318,10318,2
2019-05-28,16:11:29,10318,10318,10318,10
2019-05-28,16:11:32,10318,10318,10318,6
2019-05-28,16:11:33,10318,10318,10318,2
2019-05-28,16:11:36,10318,10318,10318,2
2019-05-28,16:11:36,10318,10318,10318,4
2019-05-28,16:11:36,10318,10318,10318,2
2019-05-28,16:11:36,10318,10318,10318,12
2019-05-28,16:12:00,10318,10318,10318,2
2019-05-28,16:12:00,10318,10318,10318,6
2019-05-28,16:12:00,10318,10318,10318,14
2019-05-28,16:12:04,10318,10318,10318,2
2019-05-28,16:12:07,10317,10317,10317,4
2019-05-28,16:12:07,10317,10317,10317,2
2019-05-28,16:12:07,10317,10317,10317,2
2019-05-28,16:12:07,10317,10317,10317,4
2019-05-28,16:12:07,10317,10317,10317,16
2019-05-28,16:12:07,10317,10317,10317,10
2019-05-28,16:12:07,10317,10317,10317,4
2019-05-28,16:12:07,10317,10317,10317,2
2019-05-28,16:12:07,10317,10317,10317,2
2019-05-28,16:12:07,10317,10317,10317,4
2019-05-28,16:12:07,10317,10317,10317,2
2019-05-28,16:12:07,10317,10317,10317,4
2019-05-28,16:12:07,10317,10317,10317,2
2019-05-28,16:12:13,10317,10317,10317,4
2019-05-28,16:12:22,10317,10317,10317,2
2019-05-28,16:12:28,10317,10317,10317,10
2019-05-28,16:12:32,10316,10316,10316,2
2019-05-28,16:12:32,10316,10316,10316,2
2019-05-28,16:12:32,10316,10316,10316,4
2019-05-28,16:12:32,10316,10316,10316,2
2019-05-28,16:12:32,10316,10316,10316,4
2019-05-28,16:12:32,10316,10316,10316,2
2019-05-28,16:12:32,10316,10316,10316,2
2019-05-28,16:12:32,10316,10316,10316,2
2019-05-28,16:12:33,10316,10316,10316,2
2019-05-28,16:12:47,10317,10317,10317,20
2019-05-28,16:12:52,10317,10317,10317,2
2019-05-28,16:13:03,10316,10316,10316,6
2019-05-28,16:13:03,10316,10316,10316,2
2019-05-28,16:13:03,10316,10316,10316,2
2019-05-28,16:13:03,10316,10316,10316,2
2019-05-28,16:13:10,10316,10316,10316,2
2019-05-28,16:13:14,10316,10316,10316,2
2019-05-28,16:13:14,10316,10316,10316,2
2019-05-28,16:13:14,10316,10316,10316,4
2019-05-28,16:13:14,10316,10316,10316,2
2019-05-28,16:13:14,10316,10316,10316,2
2019-05-28,16:13:14,10316,10316,10316,2
2019-05-28,16:13:14,10316,10316,10316,6
2019-05-28,16:13:14,10316,10316,10316,2
2019-05-28,16:13:14,10316,10316,10316,10
2019-05-28,16:13:14,10316,10316,10316,4
2019-05-28,16:13:14,10316,10316,10316,2
2019-05-28,16:13:14,10316,10316,10316,2
2019-05-28,16:13:14,10316,10316,10316,2
2019-05-28,16:13:14,10316,10316,10316,2
2019-05-28,16:13:14,10316,10316,10316,2
2019-05-28,16:13:14,10316,10316,10316,8
2019-05-28,16:13:14,10316,10316,10316,4
2019-05-28,16:13:14,10316,10316,10316,2
2019-05-28,16:13:14,10316,10316,10316,2
2019-05-28,16:13:14,10316,10316,10316,2
2019-05-28,16:13:14,10316,10316,10316,2
2019-05-28,16:13:22,10316,10316,10316,2
2019-05-28,16:13:24,10317,10317,10317,2
2019-05-28,16:13:36,10316,10316,10316,2
2019-05-28,16:13:36,10316,10316,10316,2
2019-05-28,16:13:37,10316,10316,10316,2
2019-05-28,16:13:42,10316,10316,10316,2
2019-05-28,16:13:45,10316,10316,10316,2
2019-05-28,16:13:45,10316,10316,10316,2
2019-05-28,16:13:46,10316,10316,10316,2
2019-05-28,16:13:50,10316,10316,10316,2
2019-05-28,16:13:50,10316,10316,10316,2
2019-05-28,16:13:50,10316,10316,10316,2
2019-05-28,16:13:50,10316,10316,10316,2
2019-05-28,16:13:50,10315,10315,10315,6
2019-05-28,16:13:50,10315,10315,10315,4
2019-05-28,16:13:50,10315,10315,10315,2
