2021-08-11 15:00:00.079,17149,17150,17152,117,117
2021-08-11 15:00:00.140,17152,17153,17152,4,-4
2021-08-11 15:00:00.140,17152,17153,17153,1,1
2021-08-11 15:00:00.261,17152,17153,17153,3,3
2021-08-11 15:00:00.262,17152,17153,17153,1,1
2021-08-11 15:00:00.323,17152,17153,17152,2,-2
2021-08-11 15:00:00.385,17152,17154,17154,1,1
2021-08-11 15:00:00.400,17152,17154,17152,3,-3
2021-08-11 15:00:00.410,17152,17154,17152,4,-4
2021-08-11 15:00:00.411,17152,17154,17154,2,2
2021-08-11 15:00:00.424,17152,17154,17155,1,1
2021-08-11 15:00:00.440,17152,17154,17153,2,-2
2021-08-11 15:00:00.440,17152,17154,17155,17,17
2021-08-11 15:00:00.454,17152,17154,17155,2,2
2021-08-11 15:00:00.485,17154,17157,17157,1,1
2021-08-11 15:00:00.498,17154,17157,17154,1,-1
2021-08-11 15:00:00.511,17154,17157,17157,1,1
2021-08-11 15:00:00.523,17154,17157,17153,1,-1
2021-08-11 15:00:00.540,17154,17157,17158,1,1
2021-08-11 15:00:00.548,17154,17157,17158,1,1
2021-08-11 15:00:00.610,17156,17159,17159,1,1
2021-08-11 15:00:00.617,17156,17159,17160,1,1
2021-08-11 15:00:00.628,17156,17159,17160,1,1
2021-08-11 15:00:00.636,17156,17159,17161,1,1
2021-08-11 15:00:00.673,17156,17159,17161,1,1
2021-08-11 15:00:00.740,17159,17162,17159,2,-2
2021-08-11 15:00:00.818,17159,17162,17162,1,1
2021-08-11 15:00:00.847,17160,17162,17162,2,2
2021-08-11 15:00:00.996,17160,17163,17160,2,-2
2021-08-11 15:00:01.001,17160,17163,17162,1,1
2021-08-11 15:00:01.021,17160,17163,17162,1,-1
2021-08-11 15:00:01.084,17160,17163,17163,6,6
2021-08-11 15:00:01.087,17160,17163,17164,2,2
2021-08-11 15:00:01.094,17162,17165,17162,2,-2
2021-08-11 15:00:01.146,17162,17165,17164,1,1
2021-08-11 15:00:01.219,17162,17165,17162,1,-1
2021-08-11 15:00:01.219,17162,17165,17161,2,-2
2021-08-11 15:00:01.359,17162,17165,17163,9,9
2021-08-11 15:00:01.359,17162,17165,17163,1,-1
2021-08-11 15:00:01.400,17162,17165,17165,1,1
2021-08-11 15:00:01.478,17163,17165,17165,1,1
2021-08-11 15:00:01.735,17162,17164,17162,1,-1
2021-08-11 15:00:02.021,17161,17164,17164,2,2
2021-08-11 15:00:02.480,17163,17165,17163,1,-1
2021-08-11 15:00:03.004,17162,17163,17162,1,-1
2021-08-11 15:00:03.025,17162,17163,17163,1,1
2021-08-11 15:00:03.025,17162,17163,17164,1,1
2021-08-11 15:00:03.370,17162,17165,17165,1,1
2021-08-11 15:00:03.370,17162,17165,17166,1,1
2021-08-11 15:00:03.802,17162,17163,17163,1,1
2021-08-11 15:00:03.910,17162,17166,17162,1,-1
2021-08-11 15:00:03.910,17162,17166,17161,1,-1
2021-08-11 15:00:04.258,17162,17165,17162,2,2
2021-08-11 15:00:04.258,17162,17165,17161,2,-2
2021-08-11 15:00:04.258,17162,17165,17160,2,-2
2021-08-11 15:00:04.258,17162,17165,17159,4,-4
2021-08-11 15:00:04.258,17162,17165,17158,4,-4
2021-08-11 15:00:04.258,17162,17165,17157,3,-3
2021-08-11 15:00:04.258,17162,17165,17156,2,-2
2021-08-11 15:00:04.258,17162,17165,17155,3,-3
2021-08-11 15:00:04.258,17162,17165,17154,2,-2
2021-08-11 15:00:04.258,17162,17165,17153,1,-1
2021-08-11 15:00:04.258,17162,17165,17152,8,-8
2021-08-11 15:00:04.276,17162,17165,17160,1,1
2021-08-11 15:00:04.382,17160,17161,17160,1,-1
2021-08-11 15:00:04.492,17161,17163,17163,1,1
2021-08-11 15:00:04.506,17161,17163,17165,1,1
2021-08-11 15:00:04.892,17162,17165,17162,1,-1
2021-08-11 15:00:04.892,17162,17165,17161,1,-1
2021-08-11 15:00:05.118,17162,17163,17162,1,1
2021-08-11 15:00:05.130,17162,17163,17162,1,-1
2021-08-11 15:00:05.228,17161,17163,17163,2,2
2021-08-11 15:00:05.292,17161,17163,17161,1,-1
2021-08-11 15:00:05.292,17161,17163,17160,1,-1
2021-08-11 15:00:05.292,17161,17163,17159,2,-2
2021-08-11 15:00:05.292,17161,17163,17158,1,-1
2021-08-11 15:00:05.915,17160,17162,17160,1,1
2021-08-11 15:00:06.652,17158,17161,17158,1,-1
2021-08-11 15:00:06.661,17158,17161,17157,1,-1
2021-08-11 15:00:06.693,17158,17161,17160,1,1
2021-08-11 15:00:06.733,17156,17161,17156,1,-1
2021-08-11 15:00:06.763,17156,17161,17160,1,1
2021-08-11 15:00:06.764,17156,17161,17161,1,1
2021-08-11 15:00:06.952,17160,17161,17160,1,-1
2021-08-11 15:00:07.026,17160,17161,17160,1,-1
2021-08-11 15:00:07.136,17160,17161,17160,1,-1
2021-08-11 15:00:07.179,17160,17161,17156,1,-1
2021-08-11 15:00:07.379,17155,17160,17158,1,1
2021-08-11 15:00:07.482,17156,17157,17156,1,-1
2021-08-11 15:00:07.483,17156,17157,17157,1,1
2021-08-11 15:00:07.585,17156,17157,17155,1,-1
2021-08-11 15:00:07.626,17155,17158,17155,1,-1
2021-08-11 15:00:07.712,17155,17158,17154,1,-1
2021-08-11 15:00:08.074,17155,17158,17158,1,1
2021-08-11 15:00:09.658,17156,17159,17156,1,-1
2021-08-11 15:00:09.658,17156,17159,17155,2,-2
2021-08-11 15:00:10.872,17155,17157,17157,1,1
2021-08-11 15:00:13.124,17157,17158,17157,1,-1
2021-08-11 15:00:13.125,17157,17158,17158,1,1
2021-08-11 15:00:13.575,17157,17159,17159,1,1
2021-08-11 15:00:13.575,17157,17159,17159,1,1
2021-08-11 15:00:13.951,17157,17159,17157,1,-1
2021-08-11 15:00:13.952,17157,17159,17159,1,1
2021-08-11 15:00:15.054,17157,17159,17157,1,-1
2021-08-11 15:00:15.055,17157,17159,17159,1,1
2021-08-11 15:00:16.413,17158,17159,17158,1,-1
2021-08-11 15:00:17.842,17157,17158,17158,2,2
2021-08-11 15:00:17.842,17157,17158,17158,1,1
2021-08-11 15:00:17.972,17157,17158,17158,1,1
2021-08-11 15:00:17.972,17157,17158,17159,1,1
2021-08-11 15:00:18.883,17158,17159,17159,2,2
2021-08-11 15:00:18.884,17158,17159,17158,1,-1
2021-08-11 15:00:18.884,17158,17159,17157,1,-1
2021-08-11 15:00:19.501,17157,17159,17157,1,-1
2021-08-11 15:00:19.949,17157,17158,17158,1,1
2021-08-11 15:00:20.652,17158,17159,17159,2,2
2021-08-11 15:00:21.073,17158,17159,17159,5,5
2021-08-11 15:00:21.365,17159,17160,17159,1,-1
2021-08-11 15:00:21.398,17159,17160,17159,2,-2
2021-08-11 15:00:21.497,17159,17160,17159,1,-1
2021-08-11 15:00:21.504,17159,17160,17160,5,5
2021-08-11 15:00:21.505,17159,17160,17160,1,1
2021-08-11 15:00:21.505,17159,17160,17160,3,3
2021-08-11 15:00:21.505,17159,17160,17160,2,2
2021-08-11 15:00:21.820,17159,17160,17160,1,1
2021-08-11 15:00:21.871,17159,17160,17159,1,-1
2021-08-11 15:00:22.011,17159,17160,17160,15,15
2021-08-11 15:00:22.012,17159,17160,17161,1,1
2021-08-11 15:00:22.012,17159,17160,17161,1,1
2021-08-11 15:00:22.421,17161,17162,17161,1,-1
2021-08-11 15:00:22.437,17161,17162,17161,1,-1
2021-08-11 15:00:22.437,17161,17162,17160,1,-1
2021-08-11 15:00:22.785,17159,17162,17159,1,-1
2021-08-11 15:00:23.081,17159,17162,17159,2,-2
2021-08-11 15:00:23.647,17160,17162,17161,1,1
2021-08-11 15:00:27.946,17161,17162,17161,1,-1
2021-08-11 15:00:29.195,17161,17162,17161,3,-3
2021-08-11 15:00:30.457,17159,17160,17160,1,1
2021-08-11 15:00:30.878,17159,17161,17159,1,-1
2021-08-11 15:00:31.583,17159,17161,17161,2,2
2021-08-11 15:00:32.081,17159,17161,17161,1,1
2021-08-11 15:00:34.168,17160,17161,17161,1,1
2021-08-11 15:00:35.014,17160,17161,17161,3,3
2021-08-11 15:00:35.014,17160,17161,17162,2,2
2021-08-11 15:00:36.881,17160,17162,17162,3,3
2021-08-11 15:00:39.598,17160,17162,17162,1,1
2021-08-11 15:00:42.205,17161,17162,17161,2,-2
2021-08-11 15:00:44.806,17161,17162,17161,2,-2
2021-08-11 15:00:46.629,17160,17161,17161,1,1
2021-08-11 15:00:50.132,17160,17161,17161,2,2
2021-08-11 15:00:51.590,17161,17162,17161,1,-1
2021-08-11 15:00:53.939,17161,17162,17162,14,14
2021-08-11 15:00:54.151,17162,17163,17163,1,1
2021-08-11 15:00:54.151,17162,17163,17163,1,1
2021-08-11 15:00:54.302,17162,17164,17163,1,-1
2021-08-11 15:00:56.086,17163,17164,17164,1,1
2021-08-11 15:00:56.094,17163,17164,17164,1,1
2021-08-11 15:00:56.204,17163,17164,17163,1,-1
2021-08-11 15:00:57.539,17162,17164,17163,1,-1
2021-08-11 15:00:58.744,17162,17164,17162,1,-1
2021-08-11 15:00:59.091,17162,17164,17164,1,1
2021-08-11 15:00:59.641,17162,17164,17162,2,-2
2021-08-11 15:01:00.038,17163,17164,17164,1,1
2021-08-11 15:01:00.319,17162,17164,17164,2,2
2021-08-11 15:01:01.006,17163,17165,17165,1,1
2021-08-11 15:01:01.129,17163,17165,17165,8,8
2021-08-11 15:01:01.540,17165,17166,17166,2,2
2021-08-11 15:01:01.608,17165,17166,17165,1,-1
2021-08-11 15:01:01.673,17165,17166,17166,2,2
2021-08-11 15:01:01.780,17165,17167,17165,1,-1
2021-08-11 15:01:01.829,17165,17167,17164,1,-1
2021-08-11 15:01:02.202,17164,17167,17164,1,-1
2021-08-11 15:01:03.610,17164,17167,17167,1,1
2021-08-11 15:01:03.696,17164,17167,17164,1,-1
2021-08-11 15:01:04.765,17164,17167,17167,1,1
2021-08-11 15:01:05.058,17164,17167,17167,1,1
2021-08-11 15:01:05.137,17165,17167,17167,3,3
2021-08-11 15:01:05.452,17165,17167,17167,1,1
2021-08-11 15:01:05.500,17165,17167,17165,1,-1
2021-08-11 15:01:05.756,17165,17167,17167,1,1
2021-08-11 15:01:05.949,17165,17167,17167,1,1
2021-08-11 15:01:09.194,17165,17166,17166,1,1
2021-08-11 15:01:09.499,17165,17167,17165,3,-3
2021-08-11 15:01:13.347,17165,17167,17165,1,-1
2021-08-11 15:01:13.347,17165,17167,17165,1,-1
2021-08-11 15:01:13.658,17165,17166,17166,1,1
2021-08-11 15:01:13.698,17165,17166,17166,1,1
2021-08-11 15:01:15.068,17166,17167,17167,1,1
2021-08-11 15:01:15.172,17166,17167,17167,1,1
2021-08-11 15:01:17.145,17166,17167,17167,3,3
2021-08-11 15:01:21.890,17166,17167,17166,1,-1
2021-08-11 15:01:21.893,17166,17167,17166,1,-1
2021-08-11 15:01:22.000,17165,17166,17165,1,-1
2021-08-11 15:01:22.000,17165,17166,17165,2,-2
2021-08-11 15:01:22.941,17164,17166,17164,1,-1
2021-08-11 15:01:22.941,17164,17166,17164,2,-2
2021-08-11 15:01:24.381,17163,17166,17163,1,-1
2021-08-11 15:01:25.885,17163,17164,17163,3,-3
2021-08-11 15:01:28.592,17162,17164,17164,1,1
2021-08-11 15:01:28.592,17162,17164,17165,1,1
2021-08-11 15:01:29.033,17163,17166,17163,6,-6
2021-08-11 15:01:29.033,17163,17166,17162,4,-4
2021-08-11 15:01:30.730,17162,17163,17162,1,-1
2021-08-11 15:01:32.471,17161,17163,17161,10,-10
2021-08-11 15:01:33.710,17160,17162,17162,3,3
2021-08-11 15:01:33.857,17161,17163,17163,4,4
2021-08-11 15:01:33.857,17161,17163,17163,1,1
2021-08-11 15:01:35.053,17163,17165,17163,1,-1
2021-08-11 15:01:37.777,17163,17164,17164,1,1
2021-08-11 15:01:39.000,17163,17165,17163,5,-5
2021-08-11 15:01:39.000,17163,17165,17165,1,1
2021-08-11 15:01:39.129,17163,17165,17163,1,-1
2021-08-11 15:01:41.551,17163,17165,17165,1,1
2021-08-11 15:01:46.606,17164,17165,17164,1,-1
2021-08-11 15:01:47.531,17164,17165,17164,1,-1
2021-08-11 15:01:49.080,17163,17164,17163,1,-1
2021-08-11 15:01:49.080,17163,17164,17163,1,-1
2021-08-11 15:01:51.585,17162,17164,17162,6,-6
2021-08-11 15:01:57.948,17161,17162,17162,1,1
2021-08-11 15:02:00.332,17162,17163,17163,1,1
2021-08-11 15:02:00.568,17162,17163,17163,1,1
2021-08-11 15:02:00.897,17162,17163,17162,1,-1
2021-08-11 15:02:01.764,17162,17163,17162,1,-1
2021-08-11 15:02:02.308,17161,17162,17161,3,-3
2021-08-11 15:02:03.220,17161,17162,17161,1,-1
2021-08-11 15:02:04.375,17160,17161,17161,1,1
2021-08-11 15:02:04.931,17160,17161,17161,1,1
2021-08-11 15:02:06.127,17161,17162,17161,1,-1
2021-08-11 15:02:06.383,17160,17162,17162,1,1
2021-08-11 15:02:06.724,17160,17162,17162,1,1
2021-08-11 15:02:07.787,17160,17163,17160,1,-1
2021-08-11 15:02:07.999,17160,17163,17163,1,1
2021-08-11 15:02:08.074,17160,17163,17163,1,1
2021-08-11 15:02:09.306,17161,17163,17161,1,-1
2021-08-11 15:02:09.803,17160,17161,17160,2,-2
2021-08-11 15:02:10.885,17160,17161,17160,1,-1
2021-08-11 15:02:11.403,17160,17161,17160,5,-5
2021-08-11 15:02:11.405,17160,17161,17160,5,-5
2021-08-11 15:02:12.387,17159,17161,17159,1,-1
2021-08-11 15:02:12.387,17159,17161,17159,2,-2
2021-08-11 15:02:13.515,17159,17160,17159,1,-1
2021-08-11 15:02:13.540,17159,17160,17159,11,-11
2021-08-11 15:02:13.541,17159,17160,17158,10,-10
2021-08-11 15:02:13.543,17159,17160,17157,1,-1
2021-08-11 15:02:13.544,17159,17160,17157,1,-1
2021-08-11 15:02:13.544,17159,17160,17157,1,-1
2021-08-11 15:02:13.544,17159,17160,17157,1,-1
2021-08-11 15:02:14.335,17157,17158,17158,1,1
2021-08-11 15:02:14.859,17157,17158,17157,3,-3
2021-08-11 15:02:14.960,17157,17158,17157,1,-1
2021-08-11 15:02:15.042,17157,17158,17157,1,-1
2021-08-11 15:02:15.042,17157,17158,17157,2,-2
2021-08-11 15:02:16.040,17156,17158,17156,1,-1
2021-08-11 15:02:16.447,17157,17159,17157,1,1
2021-08-11 15:02:16.447,17157,17159,17156,1,-1
2021-08-11 15:02:16.682,17157,17159,17159,1,1
2021-08-11 15:02:18.702,17157,17160,17160,1,1
2021-08-11 15:02:19.117,17157,17160,17157,1,-1
2021-08-11 15:02:20.926,17158,17160,17158,1,1
2021-08-11 15:02:21.327,17158,17160,17160,1,1
2021-08-11 15:02:21.327,17158,17160,17160,1,1
2021-08-11 15:02:23.099,17159,17161,17160,1,-1
2021-08-11 15:02:23.314,17159,17161,17159,1,-1
2021-08-11 15:02:23.324,17159,17161,17159,1,-1
2021-08-11 15:02:27.350,17160,17161,17160,1,1
2021-08-11 15:02:27.971,17159,17160,17160,1,1
2021-08-11 15:02:28.255,17159,17161,17161,4,4
2021-08-11 15:02:28.319,17159,17161,17161,1,1
2021-08-11 15:02:28.319,17159,17161,17160,1,-1
2021-08-11 15:02:28.409,17160,17163,17163,1,1
2021-08-11 15:02:28.719,17162,17163,17163,2,2
2021-08-11 15:02:29.574,17162,17164,17162,1,-1
2021-08-11 15:02:29.739,17162,17164,17162,1,-1
2021-08-11 15:02:29.775,17162,17164,17162,1,-1
2021-08-11 15:02:29.775,17162,17164,17161,1,-1
2021-08-11 15:02:30.013,17160,17163,17163,1,1
2021-08-11 15:02:31.320,17161,17164,17161,1,-1
2021-08-11 15:02:32.125,17161,17164,17161,1,-1
2021-08-11 15:02:35.218,17162,17163,17163,4,4
2021-08-11 15:02:35.344,17162,17164,17164,4,4
2021-08-11 15:02:35.344,17162,17164,17164,3,3
2021-08-11 15:02:36.041,17162,17165,17165,2,2
2021-08-11 15:02:39.580,17163,17164,17163,1,-1
2021-08-11 15:02:39.580,17163,17164,17162,1,-1
2021-08-11 15:02:40.184,17162,17164,17162,1,-1
2021-08-11 15:02:40.885,17162,17163,17162,1,-1
2021-08-11 15:02:42.549,17161,17163,17161,1,-1
2021-08-11 15:02:42.594,17161,17163,17161,1,-1
2021-08-11 15:02:42.596,17161,17163,17161,1,-1
2021-08-11 15:02:42.597,17161,17163,17161,1,-1
2021-08-11 15:02:47.608,17160,17161,17161,1,1
2021-08-11 15:02:52.434,17160,17161,17160,4,-4
2021-08-11 15:02:52.437,17160,17161,17159,1,-1
2021-08-11 15:02:52.437,17160,17161,17159,3,-3
2021-08-11 15:02:55.628,17158,17159,17158,1,-1
2021-08-11 15:02:55.628,17158,17159,17158,5,-5
2021-08-11 15:02:59.149,17157,17158,17157,1,-1
2021-08-11 15:02:59.356,17157,17158,17158,2,2
2021-08-11 15:02:59.358,17157,17158,17158,1,1
2021-08-11 15:03:00.127,17158,17159,17159,1,1
2021-08-11 15:03:00.584,17158,17159,17158,2,-2
2021-08-11 15:03:00.799,17157,17158,17158,1,1
2021-08-11 15:03:01.682,17157,17158,17158,3,3
2021-08-11 15:03:01.876,17158,17159,17158,1,-1
2021-08-11 15:03:01.940,17158,17159,17157,1,-1
2021-08-11 15:03:02.437,17157,17159,17157,3,-3
2021-08-11 15:03:03.144,17156,17158,17158,1,1
2021-08-11 15:03:03.693,17156,17158,17156,1,-1
2021-08-11 15:03:05.254,17157,17158,17157,1,1
2021-08-11 15:03:05.254,17157,17158,17156,1,-1
2021-08-11 15:03:05.593,17156,17157,17156,3,-3
2021-08-11 15:03:06.662,17156,17157,17156,1,-1
2021-08-11 15:03:07.241,17155,17156,17156,1,1
2021-08-11 15:03:08.345,17155,17157,17155,2,-2
2021-08-11 15:03:15.010,17156,17157,17156,1,1
2021-08-11 15:03:19.333,17156,17157,17156,1,-1
2021-08-11 15:03:19.617,17155,17157,17157,1,1
2021-08-11 15:03:20.168,17155,17157,17157,1,1
2021-08-11 15:03:20.926,17155,17157,17156,1,-1
2021-08-11 15:03:20.926,17155,17157,17155,1,-1
2021-08-11 15:03:24.474,17155,17157,17156,2,2
2021-08-11 15:03:25.855,17155,17157,17155,1,-1
2021-08-11 15:03:25.856,17155,17157,17155,1,-1
2021-08-11 15:03:25.856,17155,17157,17155,1,-1
2021-08-11 15:03:25.856,17155,17157,17155,1,-1
2021-08-11 15:03:25.856,17155,17157,17155,2,-2
2021-08-11 15:03:26.315,17154,17155,17155,1,1
2021-08-11 15:03:26.541,17154,17155,17155,2,2
2021-08-11 15:03:27.065,17154,17155,17155,1,1
2021-08-11 15:03:27.829,17154,17155,17154,1,-1
2021-08-11 15:03:29.006,17154,17155,17154,3,-3
2021-08-11 15:03:29.916,17154,17155,17154,1,-1
2021-08-11 15:03:29.916,17154,17155,17153,1,-1
2021-08-11 15:03:30.419,17153,17155,17153,1,-1
2021-08-11 15:03:35.494,17153,17154,17153,1,-1
2021-08-11 15:03:36.478,17153,17154,17153,2,-2
2021-08-11 15:03:40.068,17152,17153,17153,1,1
2021-08-11 15:03:41.286,17152,17153,17153,3,3
2021-08-11 15:03:41.904,17152,17153,17152,3,-3
2021-08-11 15:03:42.110,17152,17153,17152,4,-4
2021-08-11 15:03:42.110,17152,17153,17151,1,-1
2021-08-11 15:03:42.417,17152,17153,17152,1,1
2021-08-11 15:03:42.628,17151,17153,17153,1,1
2021-08-11 15:03:43.878,17151,17153,17153,1,1
2021-08-11 15:03:43.926,17151,17153,17151,1,-1
2021-08-11 15:03:44.460,17152,17153,17152,1,1
2021-08-11 15:03:44.809,17151,17153,17153,1,1
2021-08-11 15:03:44.866,17151,17153,17151,5,-5
2021-08-11 15:03:46.219,17152,17153,17152,1,1
2021-08-11 15:03:46.743,17151,17153,17151,1,-1
2021-08-11 15:03:48.599,17152,17153,17152,1,1
2021-08-11 15:03:48.698,17152,17153,17151,5,-5
2021-08-11 15:03:49.111,17151,17152,17152,1,1
2021-08-11 15:03:49.151,17151,17152,17151,1,-1
2021-08-11 15:03:49.151,17151,17152,17150,1,-1
2021-08-11 15:03:49.168,17151,17152,17152,1,1
2021-08-11 15:03:49.168,17151,17152,17153,3,3
2021-08-11 15:03:49.228,17151,17153,17152,1,-1
2021-08-11 15:03:49.253,17151,17153,17152,2,-2
2021-08-11 15:03:49.296,17151,17153,17151,3,-3
2021-08-11 15:03:49.669,17152,17153,17152,1,1
2021-08-11 15:03:50.209,17151,17153,17151,1,-1
2021-08-11 15:03:50.263,17151,17153,17152,1,1
2021-08-11 15:03:50.406,17151,17153,17153,1,1
2021-08-11 15:03:50.407,17151,17153,17153,2,2
2021-08-11 15:03:50.407,17151,17153,17153,10,10
2021-08-11 15:03:50.661,17153,17154,17153,2,-2
2021-08-11 15:03:50.673,17153,17154,17154,1,1
2021-08-11 15:03:53.390,17151,17154,17154,3,3
2021-08-11 15:03:55.239,17152,17155,17155,1,1
2021-08-11 15:03:56.681,17151,17154,17151,5,-5
2021-08-11 15:03:59.535,17151,17153,17151,3,-3
2021-08-11 15:04:00.371,17151,17153,17151,3,-3
2021-08-11 15:04:00.425,17151,17153,17150,1,-1
2021-08-11 15:04:00.744,17151,17153,17153,1,1
2021-08-11 15:04:01.113,17152,17154,17152,1,-1
2021-08-11 15:04:01.220,17151,17154,17154,1,1
2021-08-11 15:04:01.221,17151,17154,17154,1,1
2021-08-11 15:04:01.770,17152,17154,17154,1,1
2021-08-11 15:04:04.586,17152,17154,17152,1,-1
2021-08-11 15:04:05.119,17152,17154,17154,1,1
2021-08-11 15:04:06.243,17152,17154,17152,1,-1
2021-08-11 15:04:08.953,17152,17153,17152,1,-1
2021-08-11 15:04:08.971,17151,17153,17153,1,1
2021-08-11 15:04:08.971,17151,17153,17153,1,1
2021-08-11 15:04:08.972,17151,17153,17154,1,1
2021-08-11 15:04:08.972,17151,17153,17154,1,1
2021-08-11 15:04:08.972,17151,17153,17154,1,1
2021-08-11 15:04:08.972,17151,17153,17154,1,1
2021-08-11 15:04:09.430,17152,17154,17154,1,1
2021-08-11 15:04:09.657,17152,17154,17152,1,-1
2021-08-11 15:04:15.795,17153,17154,17153,1,1
2021-08-11 15:04:18.182,17153,17154,17153,1,-1
2021-08-11 15:04:25.706,17153,17154,17154,1,1
2021-08-11 15:04:25.706,17153,17154,17154,1,1
2021-08-11 15:04:25.706,17153,17154,17154,1,1
2021-08-11 15:04:25.720,17153,17155,17155,1,1
2021-08-11 15:04:25.721,17153,17155,17155,1,1
2021-08-11 15:04:25.721,17153,17155,17155,1,1
2021-08-11 15:04:29.087,17153,17155,17154,2,-2
2021-08-11 15:04:31.724,17153,17155,17153,1,-1
2021-08-11 15:04:31.845,17153,17155,17155,1,1
2021-08-11 15:04:31.845,17153,17155,17155,1,1
2021-08-11 15:04:31.846,17153,17155,17155,1,1
2021-08-11 15:04:31.846,17153,17155,17155,1,1
2021-08-11 15:04:31.847,17153,17155,17156,1,1
2021-08-11 15:04:33.477,17153,17155,17155,1,1
2021-08-11 15:04:36.287,17154,17156,17156,2,2
2021-08-11 15:04:36.677,17154,17156,17156,4,4
2021-08-11 15:04:36.677,17154,17156,17157,8,8
2021-08-11 15:04:37.291,17154,17157,17156,1,-1
2021-08-11 15:04:37.345,17156,17157,17157,1,1
2021-08-11 15:04:38.430,17156,17157,17156,1,-1
2021-08-11 15:04:38.458,17156,17157,17157,1,1
2021-08-11 15:04:38.498,17156,17157,17156,1,-1
2021-08-11 15:04:38.894,17154,17157,17157,5,5
2021-08-11 15:04:39.373,17155,17158,17158,5,5
2021-08-11 15:04:43.013,17157,17158,17157,1,-1
2021-08-11 15:04:44.605,17156,17157,17157,1,1
2021-08-11 15:04:44.731,17156,17157,17157,1,1
2021-08-11 15:04:44.882,17156,17157,17156,1,-1
2021-08-11 15:04:48.052,17156,17157,17156,1,-1
2021-08-11 15:04:48.052,17156,17157,17155,6,-6
2021-08-11 15:04:48.052,17156,17157,17154,3,-3
2021-08-11 15:04:57.023,17155,17157,17155,1,1
2021-08-11 15:05:03.468,17156,17157,17157,3,3
2021-08-11 15:05:04.359,17157,17158,17158,1,1
2021-08-11 15:05:05.184,17157,17158,17157,1,-1
2021-08-11 15:05:05.184,17157,17158,17156,5,-5
2021-08-11 15:05:05.184,17157,17158,17155,4,-4
2021-08-11 15:05:05.689,17155,17158,17156,1,1
2021-08-11 15:05:06.951,17155,17158,17158,4,4
2021-08-11 15:05:07.145,17157,17159,17159,2,2
2021-08-11 15:05:07.298,17157,17159,17159,1,1
2021-08-11 15:05:09.934,17157,17159,17159,5,5
2021-08-11 15:05:11.314,17159,17160,17160,12,12
2021-08-11 15:05:11.315,17159,17160,17161,1,1
2021-08-11 15:05:13.098,17161,17163,17163,3,3
2021-08-11 15:05:15.004,17161,17162,17162,1,1
2021-08-11 15:05:16.361,17161,17162,17161,1,-1
2021-08-11 15:05:16.361,17161,17162,17161,1,-1
2021-08-11 15:05:16.567,17159,17161,17161,1,1
2021-08-11 15:05:18.288,17159,17161,17161,1,1
2021-08-11 15:05:19.626,17159,17162,17162,1,1
2021-08-11 15:05:25.583,17159,17160,17159,1,-1
2021-08-11 15:05:27.167,17158,17159,17158,1,-1
2021-08-11 15:05:29.196,17157,17158,17158,1,1
2021-08-11 15:05:29.220,17157,17158,17158,1,1
2021-08-11 15:05:31.288,17157,17158,17158,2,2
2021-08-11 15:05:33.822,17157,17158,17157,1,-1
2021-08-11 15:05:34.544,17156,17158,17156,1,-1
2021-08-11 15:05:37.158,17156,17157,17156,1,-1
2021-08-11 15:05:37.883,17156,17157,17156,1,-1
2021-08-11 15:05:38.994,17154,17156,17154,1,-1
2021-08-11 15:05:39.097,17154,17156,17156,1,1
2021-08-11 15:05:43.531,17154,17155,17155,1,1
2021-08-11 15:05:43.755,17154,17155,17154,1,-1
2021-08-11 15:05:50.340,17153,17154,17153,2,-2
2021-08-11 15:05:50.508,17152,17154,17152,1,-1
2021-08-11 15:05:51.116,17152,17154,17154,1,1
2021-08-11 15:05:51.220,17153,17154,17154,1,1
2021-08-11 15:05:53.846,17153,17154,17153,2,-2
2021-08-11 15:05:53.848,17153,17154,17153,8,-8
2021-08-11 15:05:56.899,17152,17153,17153,1,1
2021-08-11 15:05:57.656,17152,17154,17154,1,1
2021-08-11 15:05:59.896,17152,17153,17152,7,-7
2021-08-11 15:06:01.312,17151,17153,17153,1,1
2021-08-11 15:06:05.329,17151,17152,17152,1,1
2021-08-11 15:06:09.382,17151,17152,17152,1,1
2021-08-11 15:06:12.155,17152,17153,17152,3,-3
2021-08-11 15:06:14.213,17152,17153,17152,1,-1
2021-08-11 15:06:14.213,17152,17153,17151,1,-1
2021-08-11 15:06:14.643,17151,17153,17153,1,1
2021-08-11 15:06:14.983,17151,17153,17151,1,-1
2021-08-11 15:06:16.792,17151,17153,17151,1,-1
2021-08-11 15:06:19.006,17151,17153,17151,4,-4
2021-08-11 15:06:19.006,17151,17153,17150,1,-1
2021-08-11 15:06:19.201,17150,17152,17150,1,-1
2021-08-11 15:06:19.202,17150,17152,17150,1,-1
2021-08-11 15:06:19.202,17150,17152,17150,12,-12
2021-08-11 15:06:19.203,17150,17152,17150,1,-1
2021-08-11 15:06:19.227,17149,17150,17149,1,-1
2021-08-11 15:06:19.227,17149,17150,17149,1,-1
2021-08-11 15:06:19.439,17149,17150,17149,1,-1
2021-08-11 15:06:19.580,17149,17150,17149,1,-1
2021-08-11 15:06:19.770,17149,17150,17150,1,1
2021-08-11 15:06:23.585,17149,17150,17149,2,-2
2021-08-11 15:06:24.021,17148,17150,17150,1,1
2021-08-11 15:06:28.758,17149,17150,17149,2,-2
2021-08-11 15:06:28.758,17149,17150,17148,3,-3
2021-08-11 15:06:29.495,17148,17149,17148,5,-5
2021-08-11 15:06:29.717,17147,17148,17148,1,1
2021-08-11 15:06:29.828,17147,17148,17147,2,-2
2021-08-11 15:06:29.828,17147,17148,17146,3,-3
2021-08-11 15:06:30.011,17146,17147,17147,1,1
2021-08-11 15:06:30.014,17146,17147,17148,1,1
2021-08-11 15:06:30.410,17146,17148,17148,3,3
2021-08-11 15:06:30.465,17146,17148,17147,1,-1
2021-08-11 15:06:30.512,17147,17149,17147,1,-1
2021-08-11 15:06:30.512,17147,17149,17146,1,-1
2021-08-11 15:06:30.805,17146,17149,17149,2,2
2021-08-11 15:06:31.774,17147,17149,17147,1,-1
2021-08-11 15:06:35.822,17148,17149,17148,1,1
2021-08-11 15:06:35.822,17148,17149,17147,4,-4
2021-08-11 15:06:35.919,17147,17148,17147,3,-3
2021-08-11 15:06:36.259,17146,17148,17148,4,4
2021-08-11 15:06:36.561,17146,17148,17146,5,-5
2021-08-11 15:06:36.563,17146,17148,17146,6,-6
2021-08-11 15:06:37.641,17145,17147,17147,1,1
2021-08-11 15:06:41.261,17146,17147,17146,1,-1
2021-08-11 15:06:42.092,17146,17147,17146,1,-1
2021-08-11 15:06:43.472,17146,17147,17146,1,-1
2021-08-11 15:06:43.795,17146,17147,17146,1,-1
2021-08-11 15:06:45.001,17145,17146,17145,1,-1
2021-08-11 15:06:45.001,17145,17146,17145,5,-5
2021-08-11 15:06:45.001,17145,17146,17145,5,-5
2021-08-11 15:06:45.095,17144,17145,17144,1,-1
2021-08-11 15:06:45.096,17144,17145,17144,2,-2
2021-08-11 15:06:45.153,17144,17145,17144,1,-1
2021-08-11 15:06:45.154,17144,17145,17144,1,-1
2021-08-11 15:06:45.365,17143,17145,17143,4,-4
2021-08-11 15:06:45.538,17142,17144,17144,1,1
2021-08-11 15:06:45.538,17142,17144,17144,1,1
2021-08-11 15:06:45.588,17142,17144,17144,1,1
2021-08-11 15:06:45.594,17142,17144,17144,2,2
2021-08-11 15:06:47.646,17144,17145,17144,1,-1
2021-08-11 15:06:50.525,17144,17145,17144,1,-1
2021-08-11 15:06:51.040,17144,17145,17145,2,2
2021-08-11 15:06:51.329,17145,17146,17145,1,-1
2021-08-11 15:06:51.565,17145,17146,17146,1,1
2021-08-11 15:06:51.717,17145,17146,17146,2,2
2021-08-11 15:06:51.718,17145,17146,17146,4,4
2021-08-11 15:06:51.728,17145,17147,17146,1,-1
2021-08-11 15:06:51.904,17145,17147,17147,1,1
2021-08-11 15:06:52.241,17146,17148,17146,1,-1
2021-08-11 15:06:52.484,17145,17148,17145,1,-1
2021-08-11 15:06:53.203,17146,17148,17146,1,1
2021-08-11 15:06:54.182,17146,17148,17146,1,-1
2021-08-11 15:06:56.718,17147,17149,17147,2,2
2021-08-11 15:06:56.729,17147,17149,17146,2,-2
2021-08-11 15:06:56.849,17146,17148,17148,1,1
2021-08-11 15:06:57.376,17146,17148,17148,2,2
2021-08-11 15:07:03.671,17147,17148,17148,1,1
2021-08-11 15:07:05.392,17147,17149,17149,1,1
2021-08-11 15:07:09.412,17148,17149,17148,1,-1
2021-08-11 15:07:14.648,17147,17148,17147,4,-4
2021-08-11 15:07:15.790,17146,17148,17148,2,2
2021-08-11 15:07:17.410,17147,17149,17148,1,-1
2021-08-11 15:07:19.924,17148,17149,17149,5,5
2021-08-11 15:07:20.305,17149,17150,17149,2,-2
2021-08-11 15:07:21.460,17148,17150,17150,1,1
2021-08-11 15:07:26.054,17149,17150,17150,1,1
2021-08-11 15:07:27.455,17149,17150,17150,1,1
2021-08-11 15:07:27.988,17149,17150,17150,4,4
2021-08-11 15:07:27.989,17149,17150,17150,1,1
2021-08-11 15:07:27.989,17149,17150,17150,2,2
2021-08-11 15:07:28.250,17149,17152,17149,1,-1
2021-08-11 15:07:28.710,17149,17152,17151,1,1
2021-08-11 15:07:29.141,17149,17151,17151,2,2
2021-08-11 15:07:29.366,17149,17152,17152,2,2
2021-08-11 15:07:29.650,17149,17152,17152,3,3
2021-08-11 15:07:31.682,17150,17152,17152,8,8
2021-08-11 15:07:32.065,17151,17153,17153,2,2
2021-08-11 15:07:32.469,17151,17153,17153,3,3
2021-08-11 15:07:32.928,17151,17152,17152,2,2
2021-08-11 15:07:33.917,17151,17153,17153,1,1
2021-08-11 15:07:34.365,17151,17154,17154,2,2
2021-08-11 15:07:34.601,17151,17153,17153,3,3
2021-08-11 15:07:34.937,17151,17154,17154,1,1
2021-08-11 15:07:37.201,17152,17154,17154,12,12
2021-08-11 15:07:39.970,17154,17155,17154,1,-1
2021-08-11 15:07:40.207,17153,17155,17154,1,-1
2021-08-11 15:07:40.928,17154,17155,17154,1,-1
2021-08-11 15:07:41.377,17154,17155,17155,1,1
2021-08-11 15:07:42.386,17155,17156,17155,1,-1
2021-08-11 15:07:42.386,17155,17156,17154,1,-1
2021-08-11 15:07:42.660,17154,17156,17156,5,5
2021-08-11 15:07:42.780,17154,17157,17157,1,1
2021-08-11 15:07:43.284,17154,17157,17157,2,2
2021-08-11 15:07:43.534,17155,17157,17155,1,-1
2021-08-11 15:07:45.500,17154,17156,17156,5,5
2021-08-11 15:07:45.624,17154,17157,17157,5,5
2021-08-11 15:07:46.106,17155,17157,17157,2,2
2021-08-11 15:07:50.983,17155,17156,17155,3,-3
2021-08-11 15:07:50.983,17155,17156,17153,2,-2
2021-08-11 15:07:51.865,17155,17156,17155,1,1
2021-08-11 15:07:52.586,17154,17156,17156,1,1
2021-08-11 15:07:55.275,17154,17156,17156,1,1
2021-08-11 15:07:56.553,17156,17157,17156,1,-1
2021-08-11 15:07:56.553,17156,17157,17157,5,5
2021-08-11 15:07:59.405,17156,17157,17156,5,-5
2021-08-11 15:07:59.975,17155,17157,17155,1,-1
2021-08-11 15:08:01.989,17156,17157,17157,6,6
2021-08-11 15:08:04.699,17156,17158,17157,1,-1
2021-08-11 15:08:04.720,17156,17158,17156,1,-1
2021-08-11 15:08:04.720,17156,17158,17156,1,-1
2021-08-11 15:08:04.721,17156,17158,17156,1,-1
2021-08-11 15:08:05.897,17156,17158,17158,1,1
2021-08-11 15:08:06.348,17156,17158,17158,2,2
2021-08-11 15:08:06.700,17157,17158,17157,1,-1
2021-08-11 15:08:07.087,17157,17158,17158,3,3
2021-08-11 15:08:07.095,17157,17159,17157,1,-1
2021-08-11 15:08:07.095,17157,17159,17157,1,-1
2021-08-11 15:08:07.095,17157,17159,17157,1,-1
2021-08-11 15:08:07.096,17157,17159,17157,1,-1
2021-08-11 15:08:07.096,17157,17159,17157,1,-1
2021-08-11 15:08:07.097,17157,17159,17156,1,-1
2021-08-11 15:08:08.703,17157,17158,17158,1,1
2021-08-11 15:08:08.703,17157,17158,17159,1,1
2021-08-11 15:08:13.499,17157,17159,17159,1,1
2021-08-11 15:08:15.300,17158,17159,17159,1,1
2021-08-11 15:08:24.639,17158,17159,17158,1,-1
2021-08-11 15:08:33.060,17157,17159,17159,1,1
2021-08-11 15:08:33.095,17157,17159,17157,1,-1
2021-08-11 15:08:33.095,17157,17159,17156,1,-1
2021-08-11 15:08:33.095,17157,17159,17156,1,-1
2021-08-11 15:08:33.096,17157,17159,17156,1,-1
2021-08-11 15:08:33.097,17157,17159,17156,1,-1
2021-08-11 15:08:33.097,17157,17159,17156,1,-1
2021-08-11 15:08:33.097,17157,17159,17156,1,-1
2021-08-11 15:08:33.097,17157,17159,17156,1,-1
2021-08-11 15:08:33.097,17157,17159,17156,1,-1
2021-08-11 15:08:35.535,17156,17158,17156,1,-1
2021-08-11 15:08:35.595,17156,17158,17156,1,-1
2021-08-11 15:08:35.595,17156,17158,17155,1,-1
2021-08-11 15:08:35.595,17156,17158,17155,1,-1
2021-08-11 15:08:35.595,17156,17158,17155,1,-1
2021-08-11 15:08:35.596,17156,17158,17155,1,-1
2021-08-11 15:08:35.596,17156,17158,17155,1,-1
2021-08-11 15:08:35.596,17156,17158,17155,1,-1
2021-08-11 15:08:35.596,17156,17158,17155,1,-1
2021-08-11 15:08:35.596,17156,17158,17154,1,-1
2021-08-11 15:08:35.596,17156,17158,17154,1,-1
2021-08-11 15:08:35.596,17156,17158,17154,1,-1
2021-08-11 15:08:35.596,17156,17158,17154,1,-1
2021-08-11 15:08:35.597,17156,17158,17154,1,-1
2021-08-11 15:08:35.597,17156,17158,17154,1,-1
2021-08-11 15:08:35.597,17156,17158,17154,1,-1
2021-08-11 15:08:38.183,17154,17157,17154,2,-2
2021-08-11 15:08:38.683,17154,17156,17154,1,-1
2021-08-11 15:08:45.812,17155,17157,17156,2,2
2021-08-11 15:08:45.846,17156,17158,17156,1,-1
2021-08-11 15:08:47.472,17156,17158,17158,1,1
2021-08-11 15:08:47.573,17156,17158,17158,1,1
2021-08-11 15:08:47.594,17158,17159,17159,4,4
2021-08-11 15:08:47.657,17158,17159,17160,1,1
2021-08-11 15:08:47.804,17158,17160,17160,1,1
2021-08-11 15:08:47.844,17158,17160,17160,5,5
2021-08-11 15:08:58.141,17159,17161,17159,1,-1
2021-08-11 15:09:00.043,17159,17161,17161,1,1
2021-08-11 15:09:01.855,17159,17161,17159,1,-1
2021-08-11 15:09:01.962,17159,17161,17160,1,1
2021-08-11 15:09:02.105,17158,17160,17158,5,-5
2021-08-11 15:09:02.943,17157,17159,17159,1,1
2021-08-11 15:09:07.038,17158,17160,17160,3,3
2021-08-11 15:09:19.137,17159,17160,17160,1,1
2021-08-11 15:09:19.702,17159,17160,17160,1,1
2021-08-11 15:09:20.092,17159,17160,17160,3,3
2021-08-11 15:09:20.093,17160,17161,17160,1,-1
2021-08-11 15:09:20.093,17160,17161,17160,1,-1
2021-08-11 15:09:20.721,17159,17160,17159,2,-2
2021-08-11 15:09:21.327,17158,17159,17159,1,1
2021-08-11 15:09:21.521,17159,17160,17159,2,-2
2021-08-11 15:09:32.302,17158,17160,17159,1,-1
2021-08-11 15:09:36.630,17158,17159,17159,1,1
2021-08-11 15:09:39.562,17158,17159,17158,1,-1
2021-08-11 15:09:39.563,17158,17159,17158,1,-1
2021-08-11 15:09:43.236,17157,17158,17157,6,-6
2021-08-11 15:09:55.296,17156,17157,17157,2,2
2021-08-11 15:09:56.443,17156,17158,17157,1,-1
2021-08-11 15:09:57.661,17157,17158,17157,1,-1
2021-08-11 15:09:59.375,17157,17158,17158,2,2
2021-08-11 15:09:59.397,17157,17158,17159,1,1
2021-08-11 15:09:59.581,17157,17159,17159,1,1
2021-08-11 15:09:59.582,17157,17159,17159,2,2
2021-08-11 15:09:59.829,17158,17160,17158,1,-1
2021-08-11 15:10:00.026,17159,17160,17160,1,1
2021-08-11 15:10:00.375,17159,17160,17159,1,-1
2021-08-11 15:10:03.582,17158,17160,17160,6,6
2021-08-11 15:10:07.158,17160,17161,17161,1,1
2021-08-11 15:10:07.158,17160,17161,17161,1,1
2021-08-11 15:10:07.159,17160,17161,17161,4,4
2021-08-11 15:10:09.567,17161,17162,17162,1,1
2021-08-11 15:10:09.610,17161,17162,17161,1,-1
2021-08-11 15:10:09.713,17161,17162,17161,1,-1
2021-08-11 15:10:10.478,17161,17162,17162,1,1
2021-08-11 15:10:10.479,17161,17162,17162,5,5
2021-08-11 15:10:11.706,17162,17163,17162,1,-1
2021-08-11 15:10:17.219,17162,17163,17163,9,9
2021-08-11 15:10:17.554,17163,17164,17164,1,1
2021-08-11 15:10:17.693,17163,17164,17164,8,8
2021-08-11 15:10:18.640,17163,17164,17164,1,1
2021-08-11 15:10:22.710,17163,17164,17164,2,2
2021-08-11 15:10:23.539,17163,17164,17164,1,1
2021-08-11 15:10:25.717,17163,17164,17163,1,-1
2021-08-11 15:10:27.505,17163,17164,17163,2,-2
2021-08-11 15:10:27.505,17163,17164,17163,2,-2
2021-08-11 15:10:27.582,17163,17164,17164,2,2
2021-08-11 15:10:30.692,17162,17164,17164,2,2
2021-08-11 15:10:32.577,17163,17164,17163,1,-1
2021-08-11 15:10:33.018,17162,17163,17162,3,-3
2021-08-11 15:10:33.599,17162,17163,17163,1,1
2021-08-11 15:10:34.104,17162,17163,17163,1,1
2021-08-11 15:10:35.172,17162,17163,17162,2,-2
2021-08-11 15:10:35.172,17162,17163,17162,3,-3
2021-08-11 15:10:39.577,17161,17162,17162,2,2
2021-08-11 15:10:39.577,17161,17162,17163,1,1
2021-08-11 15:10:42.644,17161,17163,17162,1,-1
2021-08-11 15:10:46.324,17162,17163,17163,1,1
2021-08-11 15:10:54.708,17162,17163,17163,1,1
2021-08-11 15:10:58.368,17162,17163,17163,1,1
2021-08-11 15:10:58.696,17162,17163,17162,1,-1
2021-08-11 15:10:59.024,17162,17163,17162,1,-1
2021-08-11 15:11:02.758,17161,17162,17161,1,-1
2021-08-11 15:11:02.758,17161,17162,17161,6,-6
2021-08-11 15:11:03.519,17160,17161,17160,2,-2
2021-08-11 15:11:10.028,17159,17160,17159,1,-1
2021-08-11 15:11:12.031,17159,17160,17159,2,-2
2021-08-11 15:11:14.312,17159,17161,17161,1,1
2021-08-11 15:11:14.550,17160,17161,17161,1,1
2021-08-11 15:11:30.117,17160,17162,17160,1,-1
2021-08-11 15:11:41.485,17160,17161,17160,2,-2
2021-08-11 15:11:47.654,17159,17160,17159,2,-2
2021-08-11 15:11:58.775,17158,17159,17159,1,1
2021-08-11 15:12:00.493,17159,17160,17159,2,-2
2021-08-11 15:12:00.667,17158,17159,17159,1,1
2021-08-11 15:12:01.339,17158,17159,17158,2,-2
2021-08-11 15:12:12.224,17157,17158,17158,3,3
2021-08-11 15:12:17.516,17158,17159,17159,1,1
2021-08-11 15:12:17.516,17158,17159,17159,1,1
2021-08-11 15:12:20.639,17158,17160,17160,2,2
2021-08-11 15:12:20.791,17158,17160,17159,2,-2
2021-08-11 15:12:22.106,17159,17160,17160,1,1
2021-08-11 15:12:22.106,17159,17160,17160,2,2
2021-08-11 15:12:22.107,17159,17160,17160,1,1
2021-08-11 15:12:25.520,17160,17161,17161,1,1
2021-08-11 15:12:25.521,17160,17161,17161,1,1
2021-08-11 15:12:25.521,17160,17161,17161,1,1
2021-08-11 15:12:25.585,17160,17161,17162,1,1
2021-08-11 15:12:26.792,17160,17162,17162,1,1
2021-08-11 15:12:29.857,17160,17162,17162,1,1
2021-08-11 15:12:32.812,17160,17162,17162,1,1
2021-08-11 15:12:33.045,17161,17162,17162,1,1
2021-08-11 15:12:33.102,17161,17162,17162,1,1
2021-08-11 15:12:35.328,17161,17162,17162,2,2
2021-08-11 15:12:35.527,17162,17163,17163,1,1
2021-08-11 15:12:40.013,17161,17162,17162,1,1
2021-08-11 15:12:53.093,17162,17163,17163,10,10
2021-08-11 15:12:53.557,17163,17164,17164,2,2
2021-08-11 15:12:59.091,17163,17165,17165,20,20
2021-08-11 15:12:59.105,17164,17166,17164,1,-1
2021-08-11 15:12:59.518,17163,17165,17165,1,1
2021-08-11 15:12:59.615,17163,17165,17163,2,-2
2021-08-11 15:13:00.916,17163,17165,17165,1,1
2021-08-11 15:13:01.788,17163,17164,17163,1,-1
2021-08-11 15:13:22.959,17163,17164,17163,9,-9
2021-08-11 15:13:34.596,17161,17162,17162,1,1
2021-08-11 15:13:37.022,17161,17163,17161,1,-1
2021-08-11 15:13:38.351,17161,17163,17161,2,-2
2021-08-11 15:13:44.075,17161,17162,17161,1,-1
2021-08-11 15:13:44.153,17160,17161,17161,1,1
2021-08-11 15:13:44.303,17160,17161,17161,1,1
2021-08-11 15:13:44.346,17160,17161,17161,1,1
2021-08-11 15:13:44.541,17160,17161,17161,1,1
2021-08-11 15:13:48.885,17160,17161,17161,1,1
2021-08-11 15:13:49.114,17160,17161,17161,1,1
2021-08-11 15:13:55.382,17160,17161,17161,1,1
2021-08-11 15:13:58.427,17160,17162,17160,1,-1
2021-08-11 15:14:00.925,17161,17162,17161,1,1
2021-08-11 15:14:02.639,17160,17161,17161,1,1
2021-08-11 15:14:03.415,17160,17161,17160,2,-2
2021-08-11 15:14:03.792,17159,17161,17161,1,1
2021-08-11 15:14:06.562,17159,17161,17161,1,1
2021-08-11 15:14:10.465,17159,17160,17159,1,-1
2021-08-11 15:14:27.262,17157,17159,17157,2,-2
2021-08-11 15:14:35.599,17157,17158,17157,1,-1
2021-08-11 15:14:38.932,17157,17159,17157,1,-1
2021-08-11 15:14:49.126,17157,17159,17157,1,-1
2021-08-11 15:14:54.639,17157,17158,17157,1,-1
2021-08-11 15:14:55.517,17157,17158,17157,2,-2
2021-08-11 15:14:59.111,17156,17158,17158,1,1
2021-08-11 15:15:01.487,17156,17158,17158,1,1
2021-08-11 15:15:01.543,17156,17158,17158,1,1
2021-08-11 15:15:01.939,17156,17159,17159,3,3
2021-08-11 15:15:10.979,17156,17158,17157,1,-1
2021-08-11 15:15:11.557,17156,17158,17156,2,-2
2021-08-11 15:15:11.557,17156,17158,17155,2,-2
2021-08-11 15:15:11.803,17155,17158,17155,1,-1
2021-08-11 15:15:11.886,17155,17158,17158,4,4
2021-08-11 15:15:12.439,17156,17158,17158,1,1
2021-08-11 15:15:18.733,17156,17157,17156,1,-1
2021-08-11 15:15:24.466,17155,17157,17155,6,-6
2021-08-11 15:15:30.530,17156,17157,17156,1,1
2021-08-11 15:15:32.749,17156,17157,17156,1,-1
2021-08-11 15:15:37.533,17155,17156,17155,2,-2
2021-08-11 15:15:39.385,17155,17156,17156,1,1
2021-08-11 15:15:47.353,17155,17156,17155,1,-1
2021-08-11 15:15:55.605,17155,17156,17156,1,1
2021-08-11 15:15:55.606,17155,17156,17156,1,1
2021-08-11 15:15:55.614,17155,17156,17157,1,1
2021-08-11 15:15:55.770,17156,17157,17157,2,2
2021-08-11 15:15:56.178,17156,17158,17158,3,3
2021-08-11 15:16:14.112,17156,17158,17158,1,1
2021-08-11 15:16:16.571,17157,17158,17158,5,5
2021-08-11 15:16:37.715,17158,17159,17158,1,-1
2021-08-11 15:16:39.797,17158,17159,17159,4,4
2021-08-11 15:16:40.034,17158,17159,17158,1,-1
2021-08-11 15:16:40.173,17157,17159,17159,4,4
2021-08-11 15:16:40.856,17157,17159,17157,1,-1
2021-08-11 15:16:41.385,17157,17159,17159,1,1
2021-08-11 15:16:46.616,17158,17160,17160,2,2
2021-08-11 15:16:55.337,17158,17160,17158,2,-2
2021-08-11 15:16:55.346,17156,17159,17159,1,1
2021-08-11 15:16:56.849,17157,17159,17159,2,2
2021-08-11 15:16:57.444,17157,17159,17159,2,2
2021-08-11 15:16:57.705,17157,17159,17159,2,2
2021-08-11 15:16:58.020,17157,17159,17159,2,2
2021-08-11 15:17:05.732,17156,17159,17157,1,-1
2021-08-11 15:17:06.026,17156,17159,17159,1,1
2021-08-11 15:17:06.217,17156,17159,17159,4,4
2021-08-11 15:17:06.857,17156,17159,17159,4,4
2021-08-11 15:17:06.972,17157,17159,17157,1,-1
2021-08-11 15:17:08.301,17156,17159,17159,1,1
2021-08-11 15:17:10.873,17156,17159,17159,1,1
2021-08-11 15:17:12.217,17156,17159,17159,3,3
2021-08-11 15:17:13.184,17157,17159,17157,2,-2
2021-08-11 15:17:13.365,17156,17159,17159,3,3
2021-08-11 15:17:13.366,17156,17159,17157,1,-1
2021-08-11 15:17:14.399,17156,17159,17159,1,1
2021-08-11 15:17:15.397,17156,17159,17159,1,1
2021-08-11 15:17:16.425,17156,17159,17159,1,1
2021-08-11 15:17:16.603,17156,17159,17156,9,-9
2021-08-11 15:17:18.476,17155,17157,17155,1,-1
2021-08-11 15:17:23.227,17155,17157,17157,1,1
2021-08-11 15:17:24.254,17155,17157,17155,2,-2
2021-08-11 15:17:24.254,17155,17157,17155,1,-1
2021-08-11 15:17:24.255,17155,17157,17155,2,-2
2021-08-11 15:17:29.112,17155,17157,17157,1,1
2021-08-11 15:17:40.404,17156,17157,17156,1,-1
2021-08-11 15:17:44.844,17155,17156,17156,1,1
2021-08-11 15:17:45.009,17155,17157,17157,1,1
2021-08-11 15:17:46.724,17155,17157,17156,1,-1
2021-08-11 15:18:09.329,17155,17156,17156,2,2
2021-08-11 15:18:11.362,17155,17156,17156,1,1
2021-08-11 15:18:13.145,17155,17156,17155,2,-2
2021-08-11 15:18:25.649,17154,17156,17154,2,-2
2021-08-11 15:18:25.649,17154,17156,17154,6,-6
2021-08-11 15:18:25.932,17153,17155,17153,2,-2
2021-08-11 15:18:28.573,17153,17155,17153,2,-2
2021-08-11 15:18:33.829,17152,17153,17153,1,1
2021-08-11 15:18:34.752,17152,17153,17153,1,1
2021-08-11 15:18:34.752,17152,17153,17152,14,-14
2021-08-11 15:18:37.001,17151,17152,17151,1,-1
2021-08-11 15:18:38.635,17151,17152,17151,1,-1
2021-08-11 15:18:40.613,17151,17152,17152,1,1
2021-08-11 15:18:41.800,17151,17153,17151,3,-3
2021-08-11 15:18:43.861,17151,17153,17153,1,1
2021-08-11 15:18:44.136,17151,17153,17153,1,1
2021-08-11 15:18:44.537,17151,17154,17154,3,3
2021-08-11 15:18:50.701,17152,17154,17152,1,-1
2021-08-11 15:18:51.057,17152,17154,17154,1,1
2021-08-11 15:18:56.372,17152,17154,17152,5,-5
2021-08-11 15:18:59.863,17153,17155,17155,1,1
2021-08-11 15:19:02.766,17153,17155,17155,1,1
2021-08-11 15:19:02.842,17153,17155,17153,1,-1
2021-08-11 15:19:08.150,17153,17155,17153,3,-3
2021-08-11 15:19:08.152,17153,17155,17153,2,-2
2021-08-11 15:19:11.859,17153,17155,17153,1,-1
2021-08-11 15:19:19.586,17153,17154,17154,1,1
2021-08-11 15:19:20.690,17153,17155,17153,2,-2
2021-08-11 15:19:38.499,17153,17154,17153,1,-1
2021-08-11 15:19:41.102,17153,17154,17154,1,1
2021-08-11 15:19:41.209,17153,17154,17155,3,3
2021-08-11 15:19:41.437,17154,17156,17156,1,1
2021-08-11 15:19:42.203,17154,17156,17154,1,-1
2021-08-11 15:19:42.677,17154,17156,17156,1,1
2021-08-11 15:19:51.285,17154,17155,17155,1,1
2021-08-11 15:19:58.813,17154,17155,17155,1,1
2021-08-11 15:19:59.139,17154,17155,17155,1,1
2021-08-11 15:20:04.574,17155,17156,17155,1,-1
2021-08-11 15:20:05.849,17155,17156,17155,1,-1
2021-08-11 15:20:05.850,17155,17156,17155,1,-1
2021-08-11 15:20:20.305,17154,17155,17154,3,-3
2021-08-11 15:20:21.889,17154,17155,17154,1,-1
2021-08-11 15:20:22.547,17154,17155,17154,1,-1
2021-08-11 15:20:26.507,17153,17155,17155,1,1
2021-08-11 15:20:36.984,17153,17154,17153,6,-6
2021-08-11 15:20:37.507,17152,17153,17153,1,1
2021-08-11 15:20:37.562,17152,17153,17153,2,2
2021-08-11 15:20:37.900,17152,17154,17154,2,2
2021-08-11 15:20:48.531,17152,17153,17152,5,-5
2021-08-11 15:20:48.531,17152,17153,17152,1,-1
2021-08-11 15:20:48.531,17152,17153,17152,1,-1
2021-08-11 15:20:48.531,17152,17153,17152,2,-2
2021-08-11 15:20:53.308,17152,17153,17153,1,1
2021-08-11 15:20:53.742,17152,17153,17152,1,-1
2021-08-11 15:20:53.900,17151,17152,17152,2,2
2021-08-11 15:21:01.400,17152,17153,17152,1,-1
2021-08-11 15:21:03.241,17152,17153,17152,1,-1
2021-08-11 15:21:05.368,17151,17152,17151,1,-1
2021-08-11 15:21:06.416,17151,17152,17151,1,-1
2021-08-11 15:21:06.852,17151,17152,17151,1,-1
2021-08-11 15:21:06.852,17151,17152,17151,4,-4
2021-08-11 15:21:06.986,17150,17151,17150,7,-7
2021-08-11 15:21:06.987,17150,17151,17150,5,-5
2021-08-11 15:21:09.604,17149,17150,17150,1,1
2021-08-11 15:21:11.108,17149,17151,17149,2,-2
2021-08-11 15:21:11.512,17149,17151,17151,2,2
2021-08-11 15:21:11.733,17149,17152,17152,1,1
2021-08-11 15:21:12.000,17150,17152,17150,1,-1
2021-08-11 15:21:12.738,17150,17152,17152,2,2
2021-08-11 15:21:13.141,17150,17152,17152,1,1
2021-08-11 15:21:13.241,17150,17152,17152,1,1
2021-08-11 15:21:13.299,17150,17152,17150,2,-2
2021-08-11 15:21:13.729,17150,17152,17152,1,1
2021-08-11 15:21:13.742,17150,17152,17152,2,2
2021-08-11 15:21:14.258,17150,17152,17152,1,1
2021-08-11 15:21:14.484,17151,17153,17153,1,1
2021-08-11 15:21:14.862,17151,17153,17153,1,1
2021-08-11 15:21:20.246,17152,17153,17152,1,-1
2021-08-11 15:21:20.790,17151,17153,17153,1,1
2021-08-11 15:21:24.174,17151,17153,17153,2,2
2021-08-11 15:21:43.430,17151,17153,17153,2,2
2021-08-11 15:21:52.422,17151,17152,17151,1,-1
2021-08-11 15:21:56.620,17151,17152,17152,2,2
2021-08-11 15:21:56.962,17151,17152,17152,1,1
2021-08-11 15:21:57.017,17151,17152,17151,1,-1
2021-08-11 15:21:57.466,17151,17152,17152,1,1
2021-08-11 15:22:02.769,17151,17152,17151,3,-3
2021-08-11 15:22:09.109,17150,17151,17150,2,-2
2021-08-11 15:22:12.440,17149,17150,17149,1,-1
2021-08-11 15:22:17.116,17148,17150,17148,1,-1
2021-08-11 15:22:17.729,17148,17149,17149,1,1
2021-08-11 15:22:18.097,17148,17149,17149,1,1
2021-08-11 15:22:19.093,17148,17149,17149,1,1
2021-08-11 15:22:21.681,17148,17149,17148,1,-1
2021-08-11 15:22:24.180,17148,17149,17148,2,-2
2021-08-11 15:22:24.180,17148,17149,17148,4,-4
2021-08-11 15:22:28.748,17147,17148,17147,2,-2
2021-08-11 15:22:28.824,17147,17148,17148,3,3
2021-08-11 15:22:28.824,17147,17148,17149,2,2
2021-08-11 15:22:28.852,17147,17149,17147,3,-3
2021-08-11 15:22:29.010,17147,17149,17147,3,-3
2021-08-11 15:22:30.111,17146,17147,17147,1,1
2021-08-11 15:22:30.513,17146,17147,17147,1,1
2021-08-11 15:22:30.513,17146,17147,17148,3,3
2021-08-11 15:22:31.821,17147,17149,17147,3,-3
2021-08-11 15:22:33.695,17148,17149,17148,1,1
2021-08-11 15:22:36.129,17147,17148,17147,1,-1
2021-08-11 15:22:41.060,17147,17148,17147,1,-1
2021-08-11 15:22:41.386,17147,17148,17147,4,-4
2021-08-11 15:22:41.389,17147,17148,17148,7,7
2021-08-11 15:22:44.354,17148,17149,17149,3,3
2021-08-11 15:22:44.354,17148,17149,17149,1,1
2021-08-11 15:22:44.354,17148,17149,17149,1,1
2021-08-11 15:22:44.355,17148,17149,17149,1,1
2021-08-11 15:22:44.415,17148,17149,17150,1,1
2021-08-11 15:22:59.643,17148,17149,17149,1,1
2021-08-11 15:23:01.554,17148,17149,17149,1,1
2021-08-11 15:23:01.779,17148,17149,17149,1,1
2021-08-11 15:23:01.839,17148,17149,17150,1,1
2021-08-11 15:23:02.000,17149,17150,17150,12,12
2021-08-11 15:23:02.383,17149,17151,17151,2,2
2021-08-11 15:23:02.438,17149,17151,17151,1,1
2021-08-11 15:23:21.118,17150,17152,17152,1,1
2021-08-11 15:23:26.691,17151,17152,17152,1,1
2021-08-11 15:23:27.069,17151,17152,17151,1,-1
2021-08-11 15:23:29.014,17150,17152,17150,2,-2
2021-08-11 15:23:34.824,17149,17150,17149,1,-1
2021-08-11 15:23:36.126,17149,17150,17149,1,-1
2021-08-11 15:23:39.275,17149,17150,17150,2,2
2021-08-11 15:23:43.646,17150,17151,17151,1,1
2021-08-11 15:23:46.657,17151,17152,17152,1,1
2021-08-11 15:23:48.168,17151,17152,17152,8,8
2021-08-11 15:23:48.556,17151,17153,17153,3,3
2021-08-11 15:23:48.888,17151,17153,17153,2,2
2021-08-11 15:23:48.999,17151,17154,17151,1,-1
2021-08-11 15:23:49.568,17151,17154,17154,1,1
2021-08-11 15:23:49.956,17151,17154,17151,1,-1
2021-08-11 15:23:50.260,17151,17153,17153,2,2
2021-08-11 15:23:51.590,17151,17153,17151,1,-1
2021-08-11 15:23:53.520,17151,17152,17152,1,1
2021-08-11 15:23:55.076,17151,17153,17151,1,-1
2021-08-11 15:24:00.391,17151,17153,17151,1,-1
2021-08-11 15:24:02.810,17151,17152,17152,1,1
2021-08-11 15:24:03.223,17151,17152,17151,1,-1
2021-08-11 15:24:07.396,17150,17152,17152,1,1
2021-08-11 15:24:12.522,17151,17152,17152,1,1
2021-08-11 15:24:15.422,17152,17153,17152,1,-1
2021-08-11 15:24:17.560,17151,17152,17151,2,-2
2021-08-11 15:24:19.476,17150,17151,17150,3,-3
2021-08-11 15:24:24.348,17149,17150,17150,1,1
2021-08-11 15:24:24.386,17149,17150,17150,1,1
2021-08-11 15:24:32.832,17149,17150,17149,1,-1
2021-08-11 15:24:33.252,17148,17150,17148,8,-8
2021-08-11 15:24:33.253,17148,17150,17148,1,-1
2021-08-11 15:24:33.940,17147,17149,17149,1,1
2021-08-11 15:24:35.397,17148,17149,17149,1,1
2021-08-11 15:24:39.418,17148,17149,17148,1,-1
2021-08-11 15:24:40.357,17147,17148,17148,1,1
2021-08-11 15:24:42.441,17147,17148,17148,3,3
2021-08-11 15:24:42.441,17147,17148,17149,13,13
2021-08-11 15:24:45.517,17149,17150,17150,2,2
2021-08-11 15:24:45.997,17149,17151,17149,1,-1
2021-08-11 15:24:48.407,17149,17151,17149,2,-2
2021-08-11 15:24:48.766,17148,17150,17150,2,2
2021-08-11 15:25:09.767,17147,17148,17147,2,-2
2021-08-11 15:25:10.421,17147,17148,17148,1,1
2021-08-11 15:25:10.950,17147,17148,17148,1,1
2021-08-11 15:25:22.951,17149,17150,17149,1,1
2021-08-11 15:25:23.244,17148,17149,17149,1,1
2021-08-11 15:25:23.421,17148,17149,17149,1,1
2021-08-11 15:25:34.334,17148,17149,17148,2,-2
2021-08-11 15:25:35.465,17147,17148,17148,1,1
2021-08-11 15:25:35.465,17147,17148,17149,4,4
2021-08-11 15:25:35.466,17147,17148,17149,5,5
2021-08-11 15:25:38.637,17148,17150,17148,1,-1
2021-08-11 15:25:38.637,17148,17150,17147,2,-2
2021-08-11 15:25:40.399,17148,17149,17148,1,1
2021-08-11 15:25:53.346,17147,17149,17147,2,-2
2021-08-11 15:25:53.347,17147,17149,17147,6,-6
2021-08-11 15:25:53.347,17147,17149,17147,1,-1
2021-08-11 15:25:53.419,17147,17149,17147,2,-2
2021-08-11 15:25:53.466,17147,17149,17148,1,1
2021-08-11 15:25:58.095,17146,17147,17146,8,-8
2021-08-11 15:25:58.096,17146,17147,17146,3,-3
2021-08-11 15:25:59.222,17145,17147,17145,5,-5
2021-08-11 15:25:59.453,17145,17147,17145,2,-2
2021-08-11 15:26:00.521,17145,17146,17145,3,-3
2021-08-11 15:26:01.343,17145,17146,17145,3,-3
2021-08-11 15:26:02.093,17144,17145,17144,5,-5
2021-08-11 15:26:02.094,17144,17145,17144,9,-9
2021-08-11 15:26:02.228,17143,17145,17143,1,-1
2021-08-11 15:26:02.487,17143,17145,17143,3,-3
2021-08-11 15:26:03.131,17143,17144,17143,5,-5
2021-08-11 15:26:04.265,17143,17144,17143,3,-3
2021-08-11 15:26:04.265,17143,17144,17143,2,-2
2021-08-11 15:26:05.476,17143,17145,17143,1,-1
2021-08-11 15:26:06.200,17143,17144,17143,1,-1
2021-08-11 15:26:09.832,17143,17144,17143,1,-1
2021-08-11 15:26:09.891,17142,17144,17142,2,-2
2021-08-11 15:26:09.891,17142,17144,17142,1,-1
2021-08-11 15:26:10.066,17142,17144,17142,1,-1
2021-08-11 15:26:10.089,17142,17144,17142,1,-1
2021-08-11 15:26:13.217,17142,17144,17144,1,1
2021-08-11 15:26:13.567,17142,17144,17142,1,-1
2021-08-11 15:26:15.069,17142,17143,17142,3,-3
2021-08-11 15:26:16.552,17142,17143,17142,1,-1
2021-08-11 15:26:17.293,17141,17142,17141,1,-1
2021-08-11 15:26:17.353,17141,17142,17141,1,-1
2021-08-11 15:26:17.456,17141,17142,17142,1,1
2021-08-11 15:26:19.400,17141,17142,17142,1,1
2021-08-11 15:26:21.608,17141,17142,17142,1,1
2021-08-11 15:26:22.122,17141,17142,17142,1,1
2021-08-11 15:26:22.513,17141,17143,17143,3,3
2021-08-11 15:26:24.591,17142,17143,17143,3,3
2021-08-11 15:26:25.237,17142,17144,17142,1,-1
2021-08-11 15:26:27.407,17142,17144,17144,1,1
2021-08-11 15:26:28.119,17142,17143,17142,2,-2
2021-08-11 15:26:30.474,17141,17143,17142,1,-1
2021-08-11 15:26:30.518,17141,17143,17141,1,-1
2021-08-11 15:26:30.520,17141,17143,17141,10,-10
2021-08-11 15:26:30.520,17141,17143,17141,2,-2
2021-08-11 15:26:31.763,17140,17142,17140,1,-1
2021-08-11 15:26:31.867,17140,17142,17140,1,-1
2021-08-11 15:26:31.875,17140,17142,17140,1,-1
2021-08-11 15:26:31.917,17140,17142,17140,1,-1
2021-08-11 15:26:31.997,17140,17142,17140,1,-1
2021-08-11 15:26:31.997,17140,17142,17140,5,-5
2021-08-11 15:26:31.998,17140,17142,17140,1,-1
2021-08-11 15:26:31.998,17140,17142,17140,3,-3
2021-08-11 15:26:32.017,17140,17142,17139,2,-2
2021-08-11 15:26:32.127,17139,17141,17141,1,1
2021-08-11 15:26:33.670,17139,17141,17140,1,-1
2021-08-11 15:26:35.825,17140,17142,17140,1,-1
2021-08-11 15:26:36.845,17140,17141,17141,1,1
2021-08-11 15:26:37.061,17140,17142,17141,1,-1
2021-08-11 15:26:37.061,17140,17142,17140,1,-1
2021-08-11 15:26:37.328,17140,17142,17140,1,-1
2021-08-11 15:26:37.330,17140,17142,17142,1,1
2021-08-11 15:26:42.774,17141,17142,17141,1,-1
2021-08-11 15:26:43.925,17141,17142,17141,3,-3
2021-08-11 15:26:45.760,17140,17141,17141,1,1
2021-08-11 15:26:49.819,17140,17141,17140,1,-1
2021-08-11 15:26:50.651,17140,17141,17140,2,-2
2021-08-11 15:26:50.652,17140,17141,17140,4,-4
2021-08-11 15:26:50.652,17140,17141,17140,2,-2
2021-08-11 15:26:51.336,17139,17140,17139,1,-1
2021-08-11 15:26:51.459,17139,17140,17140,1,1
2021-08-11 15:26:51.875,17139,17140,17139,1,-1
2021-08-11 15:26:51.961,17139,17140,17139,3,-3
2021-08-11 15:26:54.626,17139,17140,17140,3,3
2021-08-11 15:26:54.758,17139,17140,17140,1,1
2021-08-11 15:26:55.050,17139,17140,17139,1,-1
2021-08-11 15:26:55.050,17139,17140,17138,1,-1
2021-08-11 15:26:55.163,17138,17140,17138,2,-2
2021-08-11 15:26:55.369,17138,17140,17138,3,-3
2021-08-11 15:26:55.481,17138,17140,17138,1,-1
2021-08-11 15:26:56.963,17138,17140,17138,2,-2
2021-08-11 15:26:58.947,17137,17138,17138,1,1
2021-08-11 15:27:00.253,17137,17139,17139,1,1
2021-08-11 15:27:02.715,17138,17139,17138,2,-2
2021-08-11 15:27:02.721,17137,17139,17137,1,-1
2021-08-11 15:27:02.861,17137,17139,17139,1,1
2021-08-11 15:27:02.904,17137,17139,17137,1,-1
2021-08-11 15:27:02.917,17137,17139,17137,2,-2
2021-08-11 15:27:03.447,17137,17138,17137,1,-1
2021-08-11 15:27:03.447,17137,17138,17136,1,-1
2021-08-11 15:27:04.203,17136,17137,17137,1,1
2021-08-11 15:27:04.850,17137,17138,17137,1,-1
2021-08-11 15:27:04.850,17137,17138,17136,1,-1
2021-08-11 15:27:05.185,17136,17138,17138,1,1
2021-08-11 15:27:05.945,17136,17138,17136,1,-1
2021-08-11 15:27:06.355,17137,17138,17137,1,1
2021-08-11 15:27:07.131,17136,17138,17136,2,-2
2021-08-11 15:27:07.607,17136,17138,17136,2,-2
2021-08-11 15:27:08.108,17137,17138,17137,1,1
2021-08-11 15:27:08.108,17137,17138,17136,1,-1
2021-08-11 15:27:08.804,17136,17138,17136,1,-1
2021-08-11 15:27:10.215,17136,17137,17136,3,-3
2021-08-11 15:27:10.910,17135,17136,17136,2,2
2021-08-11 15:27:11.227,17135,17137,17135,1,-1
2021-08-11 15:27:11.344,17136,17137,17136,2,2
2021-08-11 15:27:11.344,17136,17137,17135,2,-2
2021-08-11 15:27:11.358,17136,17137,17135,1,-1
2021-08-11 15:27:12.347,17135,17136,17135,2,-2
2021-08-11 15:27:12.702,17135,17136,17135,1,-1
2021-08-11 15:27:13.089,17135,17136,17135,2,-2
2021-08-11 15:27:13.729,17135,17136,17136,1,1
2021-08-11 15:27:14.475,17135,17136,17136,1,1
2021-08-11 15:27:19.670,17135,17136,17135,2,-2
2021-08-11 15:27:19.855,17135,17136,17136,1,1
2021-08-11 15:27:20.062,17135,17136,17135,1,-1
2021-08-11 15:27:20.096,17135,17136,17135,1,-1
2021-08-11 15:27:21.650,17135,17136,17135,1,-1
2021-08-11 15:27:21.740,17135,17136,17135,6,-6
2021-08-11 15:27:23.530,17134,17135,17134,1,-1
2021-08-11 15:27:23.792,17134,17135,17135,1,1
2021-08-11 15:27:25.251,17134,17135,17135,2,2
2021-08-11 15:27:26.610,17134,17135,17134,1,-1
2021-08-11 15:27:26.753,17134,17135,17135,1,1
2021-08-11 15:27:26.806,17134,17135,17135,1,1
2021-08-11 15:27:27.653,17134,17135,17135,1,1
2021-08-11 15:27:27.686,17134,17135,17135,2,2
2021-08-11 15:27:28.639,17135,17136,17136,1,1
2021-08-11 15:27:28.776,17135,17136,17135,1,-1
2021-08-11 15:27:28.777,17135,17136,17136,20,20
2021-08-11 15:27:29.015,17136,17137,17135,1,-1
2021-08-11 15:27:30.098,17136,17137,17137,1,1
2021-08-11 15:27:30.433,17136,17138,17136,1,-1
2021-08-11 15:27:30.720,17136,17138,17136,1,-1
2021-08-11 15:27:32.661,17136,17138,17138,1,1
2021-08-11 15:27:33.347,17136,17138,17136,1,-1
2021-08-11 15:27:33.381,17136,17138,17138,1,1
2021-08-11 15:27:35.357,17136,17137,17137,1,1
2021-08-11 15:27:35.545,17136,17137,17137,1,1
2021-08-11 15:27:37.337,17136,17138,17138,1,1
2021-08-11 15:27:39.005,17137,17138,17137,1,-1
2021-08-11 15:27:39.096,17137,17138,17137,1,-1
2021-08-11 15:27:39.097,17137,17138,17137,1,-1
2021-08-11 15:27:42.410,17136,17137,17137,1,1
2021-08-11 15:27:44.550,17136,17137,17137,1,1
2021-08-11 15:27:45.909,17136,17137,17137,1,1
2021-08-11 15:27:45.953,17136,17137,17137,2,2
2021-08-11 15:27:46.050,17136,17137,17137,1,1
2021-08-11 15:27:46.136,17136,17137,17136,4,-4
2021-08-11 15:27:46.136,17136,17137,17135,7,-7
2021-08-11 15:27:46.136,17136,17137,17135,4,-4
2021-08-11 15:27:47.989,17134,17136,17134,2,-2
2021-08-11 15:27:48.548,17134,17136,17134,2,-2
2021-08-11 15:27:48.939,17134,17136,17134,2,-2
2021-08-11 15:27:50.097,17134,17136,17134,1,-1
2021-08-11 15:27:50.974,17134,17136,17134,2,-2
2021-08-11 15:27:51.915,17134,17136,17134,2,-2
2021-08-11 15:27:54.351,17134,17135,17134,1,-1
2021-08-11 15:27:54.351,17134,17135,17133,1,-1
2021-08-11 15:27:54.652,17133,17135,17135,1,1
2021-08-11 15:27:55.171,17133,17135,17133,2,-2
2021-08-11 15:27:55.374,17133,17134,17133,5,-5
2021-08-11 15:27:56.182,17132,17133,17132,2,-2
2021-08-11 15:27:56.330,17132,17133,17133,1,1
2021-08-11 15:27:57.116,17132,17133,17133,4,4
2021-08-11 15:27:57.151,17132,17133,17133,1,1
2021-08-11 15:27:57.542,17134,17135,17135,1,1
2021-08-11 15:27:57.599,17134,17135,17135,4,4
2021-08-11 15:27:57.925,17134,17135,17134,1,-1
2021-08-11 15:27:58.997,17134,17135,17135,8,8
2021-08-11 15:27:59.233,17134,17136,17134,4,-4
2021-08-11 15:27:59.285,17134,17136,17134,1,-1
2021-08-11 15:27:59.288,17134,17136,17134,2,-2
2021-08-11 15:28:01.310,17134,17136,17134,1,-1
2021-08-11 15:28:01.973,17134,17136,17134,1,-1
2021-08-11 15:28:04.753,17134,17136,17136,12,12
2021-08-11 15:28:04.754,17134,17136,17136,5,5
2021-08-11 15:28:04.895,17136,17137,17137,1,1
2021-08-11 15:28:05.593,17135,17136,17136,1,1
2021-08-11 15:28:06.252,17135,17137,17135,1,-1
2021-08-11 15:28:07.593,17135,17136,17136,4,4
2021-08-11 15:28:07.720,17135,17137,17137,1,1
2021-08-11 15:28:11.343,17136,17137,17137,4,4
2021-08-11 15:28:14.828,17136,17137,17137,1,1
2021-08-11 15:28:15.298,17136,17137,17136,2,-2
2021-08-11 15:28:15.691,17136,17137,17136,1,-1
2021-08-11 15:28:17.699,17136,17137,17136,1,-1
2021-08-11 15:28:18.902,17136,17137,17137,8,8
2021-08-11 15:28:18.902,17136,17137,17137,3,3
2021-08-11 15:28:18.902,17136,17137,17137,6,6
2021-08-11 15:28:18.973,17137,17138,17138,1,1
2021-08-11 15:28:19.176,17137,17138,17138,1,1
2021-08-11 15:28:19.217,17137,17138,17136,1,-1
2021-08-11 15:28:21.927,17136,17137,17136,1,-1
2021-08-11 15:28:21.969,17135,17136,17136,1,1
2021-08-11 15:28:22.265,17135,17137,17136,1,-1
2021-08-11 15:28:24.446,17135,17137,17137,1,1
2021-08-11 15:28:24.546,17135,17137,17135,1,-1
2021-08-11 15:28:25.369,17135,17138,17135,1,-1
2021-08-11 15:28:28.014,17135,17136,17135,1,-1
2021-08-11 15:28:28.136,17135,17136,17135,1,-1
2021-08-11 15:28:30.108,17135,17136,17135,1,-1
2021-08-11 15:28:30.108,17135,17136,17134,4,-4
2021-08-11 15:28:31.594,17135,17136,17135,1,1
2021-08-11 15:28:32.464,17135,17136,17135,1,-1
2021-08-11 15:28:32.464,17135,17136,17134,1,-1
2021-08-11 15:28:32.782,17134,17136,17134,2,-2
2021-08-11 15:28:33.274,17134,17136,17134,2,-2
2021-08-11 15:28:33.658,17134,17135,17134,15,-15
2021-08-11 15:28:34.847,17133,17134,17133,3,-3
2021-08-11 15:28:35.540,17133,17135,17133,2,-2
2021-08-11 15:28:36.906,17133,17135,17135,1,1
2021-08-11 15:28:41.165,17134,17135,17135,2,2
2021-08-11 15:28:42.157,17134,17135,17134,2,-2
2021-08-11 15:28:45.457,17134,17135,17135,2,2
2021-08-11 15:28:46.222,17134,17135,17135,1,1
2021-08-11 15:28:47.177,17134,17135,17135,1,1
2021-08-11 15:28:47.372,17134,17135,17135,1,1
2021-08-11 15:28:47.776,17134,17135,17134,8,-8
2021-08-11 15:28:47.776,17134,17135,17133,5,-5
2021-08-11 15:28:47.776,17134,17135,17132,7,-7
2021-08-11 15:28:48.949,17132,17134,17134,1,1
2021-08-11 15:28:49.091,17132,17134,17132,1,-1
2021-08-11 15:28:50.968,17132,17134,17134,1,1
2021-08-11 15:28:52.440,17132,17134,17132,2,-2
2021-08-11 15:28:55.180,17132,17134,17132,2,-2
2021-08-11 15:28:56.406,17132,17134,17132,2,-2
2021-08-11 15:28:57.677,17133,17134,17134,8,8
2021-08-11 15:28:59.305,17134,17135,17134,1,-1
2021-08-11 15:29:00.822,17134,17135,17135,3,3
2021-08-11 15:29:00.823,17134,17135,17135,2,2
2021-08-11 15:29:01.405,17134,17135,17134,1,-1
2021-08-11 15:29:01.405,17134,17135,17135,7,7
2021-08-11 15:29:01.406,17134,17135,17135,1,1
2021-08-11 15:29:01.406,17134,17135,17135,5,5
2021-08-11 15:29:02.337,17135,17136,17134,7,-7
2021-08-11 15:29:03.178,17133,17136,17133,1,-1
2021-08-11 15:29:07.536,17133,17135,17133,1,-1
2021-08-11 15:29:08.885,17133,17135,17135,1,1
2021-08-11 15:29:12.022,17133,17135,17133,2,-2
2021-08-11 15:29:13.686,17133,17135,17133,1,-1
2021-08-11 15:29:16.875,17134,17135,17135,1,1
2021-08-11 15:29:16.875,17134,17135,17135,9,9
2021-08-11 15:29:17.306,17135,17136,17136,2,2
2021-08-11 15:29:18.137,17135,17136,17135,3,-3
2021-08-11 15:29:18.137,17135,17136,17135,7,-7
2021-08-11 15:29:18.184,17135,17136,17136,1,1
2021-08-11 15:29:20.226,17135,17136,17136,1,1
2021-08-11 15:29:20.226,17135,17136,17136,5,5
2021-08-11 15:29:20.227,17135,17136,17136,3,3
2021-08-11 15:29:20.882,17136,17137,17136,1,-1
2021-08-11 15:29:20.882,17136,17137,17135,1,-1
2021-08-11 15:29:21.409,17135,17137,17135,1,-1
2021-08-11 15:29:26.107,17135,17136,17136,6,6
2021-08-11 15:29:27.119,17135,17136,17136,1,1
2021-08-11 15:29:28.303,17135,17136,17136,1,1
2021-08-11 15:29:28.560,17135,17136,17136,3,3
2021-08-11 15:29:28.743,17135,17136,17136,1,1
2021-08-11 15:29:29.036,17135,17136,17136,1,1
2021-08-11 15:29:31.329,17135,17136,17136,1,1
2021-08-11 15:29:32.729,17135,17136,17136,1,1
2021-08-11 15:29:32.807,17135,17136,17136,9,9
2021-08-11 15:29:38.944,17136,17137,17136,1,-1
2021-08-11 15:29:39.464,17136,17137,17136,3,-3
2021-08-11 15:29:39.464,17136,17137,17135,1,-1
2021-08-11 15:29:41.710,17135,17137,17136,1,1
2021-08-11 15:29:46.278,17136,17137,17136,3,-3
2021-08-11 15:29:49.758,17135,17136,17136,3,3
2021-08-11 15:29:53.907,17136,17137,17137,5,5
2021-08-11 15:30:00.074,17136,17137,17136,2,-2
2021-08-11 15:30:00.529,17136,17137,17137,5,5
2021-08-11 15:30:00.712,17136,17137,17137,3,3
2021-08-11 15:30:00.712,17136,17137,17138,1,1
2021-08-11 15:30:01.827,17136,17137,17137,1,1
2021-08-11 15:30:01.982,17136,17137,17136,1,-1
2021-08-11 15:30:02.313,17136,17137,17136,3,-3
2021-08-11 15:30:02.449,17136,17137,17137,1,1
2021-08-11 15:30:03.582,17136,17137,17136,1,-1
2021-08-11 15:30:05.308,17135,17137,17137,1,1
2021-08-11 15:30:09.397,17135,17136,17135,1,-1
2021-08-11 15:30:09.398,17135,17136,17135,4,-4
2021-08-11 15:30:11.850,17134,17136,17134,2,-2
2021-08-11 15:30:13.209,17133,17135,17135,2,2
2021-08-11 15:30:15.107,17133,17135,17133,15,-15
2021-08-11 15:30:15.107,17133,17135,17133,1,-1
2021-08-11 15:30:15.258,17132,17133,17132,2,-2
2021-08-11 15:30:15.258,17132,17133,17132,6,-6
2021-08-11 15:30:15.259,17132,17133,17132,1,-1
2021-08-11 15:30:15.259,17132,17133,17132,1,-1
2021-08-11 15:30:15.259,17132,17133,17132,1,-1
2021-08-11 15:30:15.259,17132,17133,17132,3,-3
2021-08-11 15:30:23.279,17132,17134,17132,1,-1
2021-08-11 15:30:24.237,17133,17134,17133,1,1
2021-08-11 15:30:31.349,17132,17133,17132,2,-2
2021-08-11 15:30:32.131,17132,17133,17133,1,1
2021-08-11 15:30:38.219,17132,17133,17132,1,-1
2021-08-11 15:30:40.035,17132,17133,17132,1,-1
2021-08-11 15:30:40.414,17131,17133,17131,1,-1
2021-08-11 15:30:42.547,17131,17133,17131,1,-1
2021-08-11 15:30:43.153,17131,17133,17131,1,-1
2021-08-11 15:30:44.149,17131,17133,17131,2,-2
2021-08-11 15:30:45.834,17131,17132,17131,1,-1
2021-08-11 15:30:48.172,17131,17132,17132,1,1
2021-08-11 15:30:50.674,17132,17133,17132,2,-2
2021-08-11 15:30:50.674,17132,17133,17131,18,-18
2021-08-11 15:30:52.192,17131,17132,17131,4,-4
2021-08-11 15:30:52.193,17131,17132,17131,1,-1
2021-08-11 15:30:53.041,17130,17132,17132,1,1
2021-08-11 15:30:53.309,17131,17132,17132,2,2
2021-08-11 15:30:53.344,17131,17132,17132,4,4
2021-08-11 15:30:55.579,17131,17133,17133,1,1
2021-08-11 15:30:56.603,17131,17133,17131,2,-2
2021-08-11 15:30:57.202,17131,17133,17133,1,1
2021-08-11 15:30:58.447,17131,17133,17133,1,1
2021-08-11 15:30:58.493,17131,17133,17132,1,-1
2021-08-11 15:30:58.493,17131,17133,17133,7,7
2021-08-11 15:30:58.495,17131,17133,17133,1,1
2021-08-11 15:31:01.316,17132,17134,17132,3,-3
2021-08-11 15:31:01.316,17132,17134,17131,1,-1
2021-08-11 15:31:07.191,17131,17132,17132,1,1
2021-08-11 15:31:09.323,17131,17133,17131,10,-10
2021-08-11 15:31:09.323,17131,17133,17130,19,-19
2021-08-11 15:31:09.323,17131,17133,17129,1,-1
2021-08-11 15:31:12.157,17129,17131,17129,1,-1
2021-08-11 15:31:13.694,17129,17131,17131,1,1
2021-08-11 15:31:14.767,17129,17131,17131,1,1
2021-08-11 15:31:15.329,17130,17132,17130,2,-2
2021-08-11 15:31:20.398,17131,17132,17131,3,3
2021-08-11 15:31:21.022,17131,17132,17131,1,-1
2021-08-11 15:31:22.517,17131,17132,17131,1,-1
2021-08-11 15:31:22.518,17131,17132,17131,1,-1
2021-08-11 15:31:25.238,17130,17132,17130,4,-4
2021-08-11 15:31:25.238,17130,17132,17129,5,-5
2021-08-11 15:31:25.440,17129,17131,17131,10,10
2021-08-11 15:31:25.440,17129,17131,17132,3,3
2021-08-11 15:31:25.736,17130,17132,17130,2,-2
2021-08-11 15:31:25.854,17130,17132,17130,1,-1
2021-08-11 15:31:26.784,17130,17132,17131,1,1
2021-08-11 15:31:28.040,17130,17132,17132,7,7
2021-08-11 15:31:28.128,17132,17133,17133,2,2
2021-08-11 15:31:28.685,17133,17134,17133,1,-1
2021-08-11 15:31:28.886,17131,17133,17133,1,1
2021-08-11 15:31:30.190,17131,17133,17133,2,2
2021-08-11 15:31:30.219,17132,17134,17132,3,-3
2021-08-11 15:31:30.219,17132,17134,17132,4,-4
2021-08-11 15:31:36.814,17132,17133,17133,1,1
2021-08-11 15:31:38.025,17132,17134,17133,1,-1
2021-08-11 15:31:38.579,17132,17134,17133,1,-1
2021-08-11 15:31:39.956,17132,17134,17134,1,1
2021-08-11 15:31:40.676,17133,17134,17134,1,1
2021-08-11 15:31:40.677,17133,17134,17134,3,3
2021-08-11 15:31:40.677,17133,17134,17134,2,2
2021-08-11 15:31:41.024,17133,17135,17133,1,-1
2021-08-11 15:31:41.558,17133,17135,17135,2,2
2021-08-11 15:31:49.269,17133,17135,17135,3,3
2021-08-11 15:31:50.711,17133,17135,17133,9,-9
2021-08-11 15:31:50.712,17133,17135,17133,5,-5
2021-08-11 15:31:54.982,17133,17135,17135,2,2
2021-08-11 15:31:57.999,17133,17135,17135,3,3
2021-08-11 15:31:59.844,17134,17135,17135,1,1
2021-08-11 15:31:59.883,17134,17135,17135,3,3
2021-08-11 15:32:01.084,17134,17136,17136,4,4
2021-08-11 15:32:01.745,17135,17137,17135,1,-1
2021-08-11 15:32:05.025,17135,17137,17136,1,1
2021-08-11 15:32:09.019,17135,17136,17136,1,1
2021-08-11 15:32:10.581,17136,17137,17136,1,-1
2021-08-11 15:32:11.675,17136,17137,17136,2,-2
2021-08-11 15:32:13.803,17136,17137,17136,2,-2
2021-08-11 15:32:16.224,17136,17137,17136,2,-2
2021-08-11 15:32:31.864,17135,17136,17135,1,-1
2021-08-11 15:32:33.161,17135,17136,17136,2,2
2021-08-11 15:32:39.911,17135,17136,17135,2,-2
2021-08-11 15:32:39.912,17135,17136,17135,9,-9
2021-08-11 15:32:50.074,17134,17135,17134,1,-1
2021-08-11 15:32:52.882,17134,17135,17134,1,-1
2021-08-11 15:32:52.923,17134,17135,17134,1,-1
2021-08-11 15:33:01.660,17133,17134,17134,1,1
2021-08-11 15:33:04.858,17133,17134,17133,1,-1
2021-08-11 15:33:09.702,17133,17134,17134,1,1
2021-08-11 15:33:15.198,17133,17134,17134,1,1
2021-08-11 15:33:19.359,17133,17134,17133,1,-1
2021-08-11 15:33:23.590,17133,17134,17133,1,-1
2021-08-11 15:33:23.590,17133,17134,17133,1,-1
2021-08-11 15:33:23.591,17133,17134,17133,5,-5
2021-08-11 15:33:23.665,17132,17133,17132,1,-1
2021-08-11 15:33:25.058,17132,17133,17132,1,-1
2021-08-11 15:33:26.478,17132,17133,17133,1,1
2021-08-11 15:33:32.491,17132,17133,17132,1,-1
2021-08-11 15:33:32.492,17132,17133,17132,1,-1
2021-08-11 15:33:34.018,17131,17132,17132,1,1
2021-08-11 15:33:34.134,17131,17132,17131,1,-1
2021-08-11 15:33:34.712,17130,17132,17130,1,-1
2021-08-11 15:33:38.843,17130,17131,17131,1,1
2021-08-11 15:33:39.654,17130,17131,17130,1,-1
2021-08-11 15:33:40.432,17130,17131,17131,2,2
2021-08-11 15:33:44.301,17130,17132,17130,1,-1
2021-08-11 15:33:45.430,17130,17131,17130,2,-2
2021-08-11 15:33:45.432,17130,17131,17130,15,-15
2021-08-11 15:33:46.704,17129,17130,17130,1,1
2021-08-11 15:33:48.079,17129,17131,17129,1,-1
2021-08-11 15:33:51.886,17129,17131,17130,1,1
2021-08-11 15:33:53.209,17129,17131,17129,1,-1
2021-08-11 15:33:53.998,17129,17130,17129,1,-1
2021-08-11 15:33:55.374,17129,17130,17129,1,-1
2021-08-11 15:33:56.763,17128,17129,17129,1,1
2021-08-11 15:33:56.788,17128,17129,17129,11,11
2021-08-11 15:33:56.796,17128,17129,17130,1,1
2021-08-11 15:33:57.784,17129,17131,17129,4,-4
2021-08-11 15:33:57.784,17129,17131,17128,1,-1
2021-08-11 15:34:01.033,17128,17130,17128,5,-5
2021-08-11 15:34:01.682,17128,17129,17128,1,-1
2021-08-11 15:34:01.682,17128,17129,17128,1,-1
2021-08-11 15:34:02.006,17128,17129,17128,1,-1
2021-08-11 15:34:02.097,17128,17129,17128,1,-1
2021-08-11 15:34:03.523,17128,17129,17128,3,-3
2021-08-11 15:34:03.523,17128,17129,17128,1,-1
2021-08-11 15:34:03.726,17127,17128,17127,1,-1
2021-08-11 15:34:03.863,17127,17128,17127,1,-1
2021-08-11 15:34:03.902,17127,17128,17127,1,-1
2021-08-11 15:34:08.413,17127,17128,17127,1,-1
2021-08-11 15:34:08.872,17127,17128,17127,5,-5
2021-08-11 15:34:10.062,17127,17128,17128,1,1
2021-08-11 15:34:10.095,17127,17128,17127,1,-1
2021-08-11 15:34:12.863,17127,17128,17127,1,-1
2021-08-11 15:34:14.429,17126,17127,17127,1,1
2021-08-11 15:34:14.504,17126,17127,17126,2,-2
2021-08-11 15:34:14.874,17126,17127,17126,2,-2
2021-08-11 15:34:14.879,17126,17127,17127,2,2
2021-08-11 15:34:15.009,17126,17127,17126,2,-2
2021-08-11 15:34:15.132,17126,17127,17126,2,-2
2021-08-11 15:34:15.284,17126,17127,17126,1,-1
2021-08-11 15:34:15.402,17126,17127,17126,4,-4
2021-08-11 15:34:16.335,17126,17127,17126,2,-2
2021-08-11 15:34:18.138,17125,17126,17126,1,1
2021-08-11 15:34:18.221,17125,17126,17125,1,-1
2021-08-11 15:34:18.221,17125,17126,17125,1,-1
2021-08-11 15:34:18.470,17125,17126,17125,1,-1
2021-08-11 15:34:18.745,17125,17126,17125,1,-1
2021-08-11 15:34:18.745,17125,17126,17125,14,-14
2021-08-11 15:34:19.240,17124,17125,17124,3,-3
2021-08-11 15:34:19.240,17124,17125,17123,2,-2
2021-08-11 15:34:19.435,17123,17124,17124,1,1
2021-08-11 15:34:19.456,17123,17124,17123,1,-1
2021-08-11 15:34:19.456,17123,17124,17122,7,-7
2021-08-11 15:34:20.017,17122,17124,17123,1,1
2021-08-11 15:34:20.277,17122,17124,17124,3,3
2021-08-11 15:34:20.277,17122,17124,17125,1,1
2021-08-11 15:34:20.702,17123,17125,17125,4,4
2021-08-11 15:34:21.634,17123,17125,17125,2,2
2021-08-11 15:34:22.260,17123,17125,17125,1,1
2021-08-11 15:34:22.879,17123,17125,17123,1,-1
2021-08-11 15:34:25.075,17123,17124,17123,4,-4
2021-08-11 15:34:29.639,17124,17125,17124,1,1
2021-08-11 15:34:29.758,17124,17125,17124,1,-1
2021-08-11 15:34:30.294,17124,17125,17124,1,-1
2021-08-11 15:34:30.345,17124,17125,17124,1,-1
2021-08-11 15:34:30.345,17124,17125,17124,1,-1
2021-08-11 15:34:31.663,17124,17125,17124,1,-1
2021-08-11 15:34:31.878,17124,17125,17124,1,-1
2021-08-11 15:34:33.769,17124,17125,17124,1,-1
2021-08-11 15:34:35.070,17123,17125,17123,1,-1
2021-08-11 15:34:35.689,17123,17125,17125,3,3
2021-08-11 15:34:36.391,17123,17125,17125,1,1
2021-08-11 15:34:39.993,17124,17125,17124,1,-1
2021-08-11 15:34:39.993,17124,17125,17123,2,-2
2021-08-11 15:34:40.096,17123,17125,17123,1,-1
2021-08-11 15:34:40.363,17123,17124,17123,4,-4
2021-08-11 15:34:40.821,17123,17124,17124,1,1
2021-08-11 15:34:42.440,17123,17124,17123,1,-1
2021-08-11 15:34:44.478,17124,17125,17124,1,1
2021-08-11 15:34:44.670,17124,17125,17124,1,-1
2021-08-11 15:34:45.654,17124,17125,17125,1,1
2021-08-11 15:34:45.654,17124,17125,17125,5,5
2021-08-11 15:34:45.654,17124,17125,17125,1,1
2021-08-11 15:34:46.120,17124,17126,17126,1,1
2021-08-11 15:34:46.244,17125,17126,17126,1,1
2021-08-11 15:34:46.244,17125,17126,17126,1,1
2021-08-11 15:34:46.244,17125,17126,17126,5,5
2021-08-11 15:34:46.245,17125,17126,17126,4,4
2021-08-11 15:34:46.273,17125,17126,17126,1,1
2021-08-11 15:34:46.422,17125,17127,17125,3,-3
2021-08-11 15:34:47.090,17125,17127,17127,5,5
2021-08-11 15:34:48.820,17125,17127,17126,1,-1
2021-08-11 15:34:52.357,17126,17127,17126,2,-2
2021-08-11 15:34:53.215,17126,17127,17127,4,4
2021-08-11 15:34:53.907,17127,17128,17127,2,-2
2021-08-11 15:34:54.425,17126,17128,17126,2,-2
2021-08-11 15:34:57.435,17126,17128,17128,1,1
2021-08-11 15:34:58.144,17126,17128,17126,1,-1
2021-08-11 15:34:58.296,17126,17128,17128,5,5
2021-08-11 15:35:00.492,17127,17128,17128,1,1
2021-08-11 15:35:00.492,17127,17128,17129,1,1
2021-08-11 15:35:00.884,17127,17129,17127,2,-2
2021-08-11 15:35:01.882,17127,17128,17127,1,-1
2021-08-11 15:35:01.882,17127,17128,17127,2,-2
2021-08-11 15:35:03.415,17126,17128,17128,1,1
2021-08-11 15:35:07.961,17126,17127,17127,1,1
2021-08-11 15:35:11.304,17127,17128,17128,1,1
2021-08-11 15:35:16.025,17127,17128,17128,1,1
2021-08-11 15:35:16.026,17127,17128,17128,4,4
2021-08-11 15:35:16.253,17128,17129,17128,3,-3
2021-08-11 15:35:19.761,17128,17129,17128,10,-10
2021-08-11 15:35:21.342,17128,17129,17128,1,-1
2021-08-11 15:35:21.406,17127,17129,17127,3,-3
2021-08-11 15:35:33.964,17127,17128,17128,1,1
2021-08-11 15:35:37.455,17127,17128,17127,1,-1
2021-08-11 15:35:40.143,17127,17128,17128,1,1
2021-08-11 15:35:40.288,17127,17128,17127,1,-1
2021-08-11 15:35:41.108,17127,17128,17128,2,2
2021-08-11 15:35:48.043,17127,17128,17128,2,2
2021-08-11 15:35:51.478,17128,17129,17129,3,3
2021-08-11 15:35:51.691,17128,17129,17128,1,-1
2021-08-11 15:35:53.069,17128,17129,17128,1,-1
2021-08-11 15:35:53.200,17128,17129,17128,1,-1
2021-08-11 15:35:57.721,17128,17129,17129,2,2
2021-08-11 15:36:01.353,17128,17129,17129,1,1
2021-08-11 15:36:01.989,17128,17129,17128,1,-1
2021-08-11 15:36:02.315,17128,17129,17128,7,-7
2021-08-11 15:36:02.332,17128,17129,17127,2,-2
2021-08-11 15:36:02.332,17128,17129,17127,2,-2
2021-08-11 15:36:02.332,17128,17129,17127,4,-4
2021-08-11 15:36:02.332,17128,17129,17127,4,-4
2021-08-11 15:36:02.332,17128,17129,17127,1,-1
2021-08-11 15:36:02.332,17128,17129,17127,1,-1
2021-08-11 15:36:02.449,17126,17128,17126,1,-1
2021-08-11 15:36:02.450,17126,17128,17126,10,-10
2021-08-11 15:36:05.535,17125,17126,17125,1,-1
2021-08-11 15:36:06.192,17125,17126,17126,1,1
2021-08-11 15:36:13.217,17125,17126,17125,1,-1
2021-08-11 15:36:15.043,17125,17126,17125,1,-1
2021-08-11 15:36:15.064,17125,17126,17125,6,-6
2021-08-11 15:36:15.564,17124,17125,17124,3,-3
2021-08-11 15:36:18.602,17123,17125,17125,1,1
2021-08-11 15:36:20.882,17123,17124,17123,2,-2
2021-08-11 15:36:21.151,17123,17124,17123,2,-2
2021-08-11 15:36:21.151,17123,17124,17123,4,-4
2021-08-11 15:36:21.151,17123,17124,17123,11,-11
2021-08-11 15:36:22.601,17122,17123,17122,1,-1
2021-08-11 15:36:23.541,17122,17123,17122,2,-2
2021-08-11 15:36:23.613,17122,17123,17122,1,-1
2021-08-11 15:36:23.767,17122,17123,17123,1,1
2021-08-11 15:36:23.803,17122,17123,17122,2,-2
2021-08-11 15:36:24.055,17122,17123,17122,1,-1
2021-08-11 15:36:24.141,17121,17123,17121,1,-1
2021-08-11 15:36:24.344,17121,17122,17121,1,-1
2021-08-11 15:36:24.421,17121,17122,17121,1,-1
2021-08-11 15:36:25.228,17121,17122,17121,1,-1
2021-08-11 15:36:25.413,17121,17122,17122,9,9
2021-08-11 15:36:25.469,17122,17124,17122,1,-1
2021-08-11 15:36:29.781,17122,17123,17123,2,2
2021-08-11 15:36:30.850,17123,17124,17124,2,2
2021-08-11 15:36:31.008,17123,17124,17123,1,-1
2021-08-11 15:36:31.846,17122,17124,17122,1,-1
2021-08-11 15:36:32.678,17122,17123,17123,1,1
2021-08-11 15:36:35.451,17122,17124,17123,1,-1
2021-08-11 15:36:36.046,17122,17124,17124,9,9
2021-08-11 15:36:36.642,17124,17125,17125,6,6
2021-08-11 15:36:36.960,17124,17126,17124,1,-1
2021-08-11 15:36:37.056,17124,17126,17124,1,-1
2021-08-11 15:36:38.038,17124,17126,17124,2,-2
2021-08-11 15:36:39.108,17124,17125,17124,1,-1
2021-08-11 15:36:41.845,17124,17125,17125,1,1
2021-08-11 15:36:42.834,17123,17125,17123,2,-2
2021-08-11 15:36:45.177,17124,17125,17124,1,1
2021-08-11 15:36:45.177,17124,17125,17123,1,-1
2021-08-11 15:36:47.191,17123,17125,17123,1,-1
2021-08-11 15:36:54.966,17124,17125,17124,1,1
2021-08-11 15:36:56.188,17124,17125,17125,5,5
2021-08-11 15:36:57.514,17125,17126,17126,5,5
2021-08-11 15:37:01.380,17125,17127,17127,3,3
2021-08-11 15:37:03.743,17125,17126,17126,1,1
2021-08-11 15:37:11.754,17125,17126,17125,3,-3
2021-08-11 15:37:25.938,17124,17125,17124,1,-1
2021-08-11 15:37:29.708,17124,17125,17124,1,-1
2021-08-11 15:37:36.493,17123,17124,17124,1,1
2021-08-11 15:37:36.934,17123,17124,17124,1,1
2021-08-11 15:37:39.174,17124,17125,17124,2,-2
2021-08-11 15:37:39.460,17124,17125,17125,5,5
2021-08-11 15:37:39.508,17124,17125,17125,1,1
2021-08-11 15:37:40.504,17124,17125,17124,2,-2
2021-08-11 15:37:40.787,17124,17125,17125,1,1
2021-08-11 15:37:40.877,17124,17126,17126,1,1
2021-08-11 15:37:47.144,17125,17126,17125,1,-1
2021-08-11 15:37:47.779,17124,17126,17126,1,1
2021-08-11 15:37:48.940,17123,17126,17126,1,1
2021-08-11 15:37:50.743,17124,17126,17125,1,-1
2021-08-11 15:37:55.925,17125,17126,17126,2,2
2021-08-11 15:37:55.925,17125,17126,17126,4,4
2021-08-11 15:38:01.986,17125,17127,17127,2,2
2021-08-11 15:38:04.714,17125,17126,17126,1,1
2021-08-11 15:38:06.105,17125,17127,17127,2,2
2021-08-11 15:38:12.011,17126,17127,17126,1,-1
2021-08-11 15:38:27.179,17126,17127,17126,1,-1
2021-08-11 15:38:28.104,17126,17127,17126,2,-2
2021-08-11 15:38:30.182,17126,17127,17127,4,4
2021-08-11 15:38:30.183,17126,17127,17127,5,5
2021-08-11 15:38:30.695,17126,17128,17126,1,-1
2021-08-11 15:38:38.867,17126,17128,17126,5,-5
2021-08-11 15:38:40.027,17126,17127,17127,2,2
2021-08-11 15:38:42.402,17127,17128,17127,1,-1
2021-08-11 15:38:46.941,17127,17128,17128,1,1
2021-08-11 15:38:48.097,17127,17128,17128,1,1
2021-08-11 15:38:54.390,17127,17128,17128,1,1
2021-08-11 15:38:55.135,17127,17128,17128,1,1
2021-08-11 15:38:57.192,17127,17128,17128,2,2
2021-08-11 15:39:01.376,17127,17128,17127,5,-5
2021-08-11 15:39:02.872,17125,17126,17126,1,1
2021-08-11 15:39:03.137,17125,17126,17125,1,-1
2021-08-11 15:39:03.137,17125,17126,17125,1,-1
2021-08-11 15:39:03.363,17124,17125,17125,1,1
2021-08-11 15:39:24.393,17125,17126,17125,2,-2
2021-08-11 15:39:34.738,17125,17126,17125,1,-1
2021-08-11 15:39:34.897,17125,17126,17125,7,-7
2021-08-11 15:39:35.039,17124,17125,17125,1,1
2021-08-11 15:39:36.580,17124,17125,17124,2,-2
2021-08-11 15:39:37.090,17123,17125,17125,1,1
2021-08-11 15:39:40.794,17124,17125,17124,1,-1
2021-08-11 15:39:40.795,17124,17125,17124,1,-1
2021-08-11 15:39:40.795,17124,17125,17123,1,-1
2021-08-11 15:39:40.795,17124,17125,17123,1,-1
2021-08-11 15:39:40.795,17124,17125,17123,1,-1
2021-08-11 15:39:40.795,17124,17125,17123,4,-4
2021-08-11 15:39:40.951,17122,17123,17122,1,-1
2021-08-11 15:39:41.059,17122,17123,17123,1,1
2021-08-11 15:39:41.193,17122,17123,17122,7,-7
2021-08-11 15:39:42.010,17121,17122,17121,2,-2
2021-08-11 15:39:44.240,17121,17122,17122,1,1
2021-08-11 15:39:45.757,17121,17122,17121,2,-2
2021-08-11 15:39:46.093,17121,17122,17121,4,-4
2021-08-11 15:39:46.275,17120,17121,17120,2,-2
2021-08-11 15:39:46.406,17120,17121,17121,1,1
2021-08-11 15:39:46.576,17120,17121,17120,1,-1
2021-08-11 15:39:46.999,17120,17121,17120,2,-2
2021-08-11 15:39:47.371,17120,17121,17120,2,-2
2021-08-11 15:39:48.180,17120,17121,17120,1,-1
2021-08-11 15:39:48.180,17120,17121,17120,2,-2
2021-08-11 15:39:48.180,17120,17121,17120,3,-3
2021-08-11 15:39:48.181,17120,17121,17120,5,-5
2021-08-11 15:39:48.181,17120,17121,17120,2,-2
2021-08-11 15:39:48.181,17120,17121,17120,4,-4
2021-08-11 15:39:48.449,17119,17120,17119,1,-1
2021-08-11 15:39:48.514,17119,17120,17119,1,-1
2021-08-11 15:39:49.324,17119,17120,17119,2,-2
2021-08-11 15:39:50.579,17119,17120,17119,2,-2
2021-08-11 15:39:53.100,17119,17120,17119,5,-5
2021-08-11 15:39:53.795,17118,17120,17119,1,-1
2021-08-11 15:39:53.858,17119,17120,17119,1,-1
2021-08-11 15:39:53.858,17119,17120,17118,1,-1
2021-08-11 15:39:54.070,17118,17120,17118,1,-1
2021-08-11 15:39:54.244,17118,17119,17118,3,-3
2021-08-11 15:39:54.284,17118,17119,17118,2,-2
2021-08-11 15:39:55.105,17118,17119,17119,2,2
2021-08-11 15:39:55.325,17119,17120,17119,1,-1
2021-08-11 15:39:55.953,17119,17120,17119,2,-2
2021-08-11 15:39:57.034,17119,17120,17120,5,5
2021-08-11 15:39:57.034,17119,17120,17120,1,1
2021-08-11 15:39:57.155,17120,17121,17120,1,-1
2021-08-11 15:39:57.660,17120,17121,17120,3,-3
2021-08-11 15:39:57.950,17119,17120,17119,1,-1
2021-08-11 15:39:58.243,17119,17120,17119,2,-2
2021-08-11 15:39:58.993,17119,17120,17120,5,5
2021-08-11 15:39:59.060,17119,17120,17119,1,-1
2021-08-11 15:39:59.087,17119,17120,17119,2,-2
2021-08-11 15:39:59.731,17120,17121,17120,1,1
2021-08-11 15:40:00.281,17120,17121,17120,1,-1
2021-08-11 15:40:00.281,17120,17121,17119,9,-9
2021-08-11 15:40:01.062,17118,17119,17119,1,1
2021-08-11 15:40:02.573,17118,17119,17119,1,1
2021-08-11 15:40:03.705,17118,17119,17119,1,1
2021-08-11 15:40:04.514,17118,17119,17118,1,-1
2021-08-11 15:40:04.704,17118,17119,17118,5,-5
2021-08-11 15:40:04.704,17118,17119,17118,4,-4
2021-08-11 15:40:04.705,17118,17119,17118,3,-3
2021-08-11 15:40:05.325,17117,17119,17119,1,1
2021-08-11 15:40:06.775,17118,17119,17118,1,-1
2021-08-11 15:40:06.775,17118,17119,17117,1,-1
2021-08-11 15:40:06.909,17117,17119,17117,1,-1
2021-08-11 15:40:06.934,17117,17119,17117,1,-1
2021-08-11 15:40:07.008,17117,17119,17117,1,-1
2021-08-11 15:40:07.026,17117,17119,17117,1,-1
2021-08-11 15:40:08.443,17117,17119,17118,1,1
2021-08-11 15:40:09.409,17117,17118,17117,1,-1
2021-08-11 15:40:10.064,17117,17118,17118,1,1
2021-08-11 15:40:10.299,17117,17118,17118,3,3
2021-08-11 15:40:10.601,17118,17119,17118,1,-1
2021-08-11 15:40:14.449,17117,17119,17117,1,-1
2021-08-11 15:40:16.625,17117,17118,17118,1,1
2021-08-11 15:40:18.148,17117,17118,17117,1,-1
2021-08-11 15:40:18.237,17117,17118,17117,1,-1
2021-08-11 15:40:19.357,17117,17118,17118,4,4
2021-08-11 15:40:19.363,17117,17118,17119,2,2
2021-08-11 15:40:19.444,17117,17118,17119,36,36
2021-08-11 15:40:19.446,17117,17118,17120,8,8
2021-08-11 15:40:19.595,17120,17121,17121,13,13
2021-08-11 15:40:20.397,17121,17122,17122,2,2
2021-08-11 15:40:21.827,17122,17123,17122,1,-1
2021-08-11 15:40:22.157,17122,17123,17122,1,-1
2021-08-11 15:40:24.543,17122,17123,17122,2,-2
2021-08-11 15:40:24.543,17122,17123,17121,3,-3
2021-08-11 15:40:24.648,17121,17122,17123,2,2
2021-08-11 15:40:27.325,17121,17123,17123,1,1
2021-08-11 15:40:27.515,17122,17123,17122,1,-1
2021-08-11 15:40:27.515,17122,17123,17121,2,-2
2021-08-11 15:40:27.739,17120,17122,17122,3,3
2021-08-11 15:40:30.773,17120,17122,17120,2,-2
2021-08-11 15:40:32.962,17120,17122,17122,1,1
2021-08-11 15:40:33.950,17120,17122,17122,10,10
2021-08-11 15:40:34.135,17120,17122,17122,1,1
2021-08-11 15:40:35.302,17120,17123,17123,1,1
2021-08-11 15:40:40.869,17121,17122,17121,2,-2
2021-08-11 15:40:40.905,17121,17122,17121,2,-2
2021-08-11 15:40:42.001,17120,17121,17121,5,5
2021-08-11 15:40:42.056,17120,17121,17120,5,-5
2021-08-11 15:40:42.057,17120,17121,17120,1,-1
2021-08-11 15:40:42.143,17119,17120,17120,4,4
2021-08-11 15:40:42.143,17119,17120,17121,1,1
2021-08-11 15:40:42.214,17119,17120,17119,1,-1
2021-08-11 15:40:44.637,17119,17121,17119,5,-5
2021-08-11 15:40:44.847,17119,17121,17119,7,-7
2021-08-11 15:40:45.846,17118,17119,17118,8,-8
2021-08-11 15:40:45.846,17118,17119,17118,1,-1
2021-08-11 15:40:45.847,17118,17119,17118,1,-1
2021-08-11 15:40:46.135,17117,17119,17117,3,-3
2021-08-11 15:40:47.257,17118,17119,17118,3,3
2021-08-11 15:40:47.258,17118,17119,17118,7,-7
2021-08-11 15:40:47.289,17118,17119,17117,2,-2
2021-08-11 15:40:47.670,17118,17119,17118,1,1
2021-08-11 15:40:47.670,17118,17119,17117,9,-9
2021-08-11 15:40:48.051,17117,17119,17119,1,1
2021-08-11 15:40:48.142,17117,17119,17117,10,-10
2021-08-11 15:40:49.238,17117,17119,17117,1,-1
2021-08-11 15:40:50.063,17117,17119,17117,9,-9
2021-08-11 15:40:50.064,17117,17119,17117,1,-1
2021-08-11 15:40:50.247,17117,17118,17117,1,-1
2021-08-11 15:40:50.247,17117,17118,17116,2,-2
2021-08-11 15:40:50.447,17116,17118,17116,1,-1
2021-08-11 15:40:50.765,17116,17117,17117,10,10
2021-08-11 15:40:52.605,17118,17119,17118,1,1
2021-08-11 15:40:53.360,17118,17119,17118,1,-1
2021-08-11 15:40:53.360,17118,17119,17117,2,-2
2021-08-11 15:40:54.166,17117,17119,17117,6,-6
2021-08-11 15:40:55.421,17117,17118,17118,1,1
2021-08-11 15:40:55.477,17117,17119,17117,1,-1
2021-08-11 15:40:55.594,17118,17119,17119,1,1
2021-08-11 15:40:55.595,17118,17119,17119,2,2
2021-08-11 15:40:58.616,17118,17119,17118,1,-1
2021-08-11 15:40:58.617,17118,17119,17118,1,-1
2021-08-11 15:41:02.464,17117,17118,17117,1,-1
2021-08-11 15:41:02.593,17117,17118,17118,1,1
2021-08-11 15:41:03.169,17118,17119,17118,1,-1
2021-08-11 15:41:05.686,17118,17119,17119,1,1
2021-08-11 15:41:06.533,17118,17119,17118,1,-1
2021-08-11 15:41:07.297,17118,17119,17119,1,1
2021-08-11 15:41:08.362,17118,17120,17119,1,-1
2021-08-11 15:41:08.363,17118,17120,17119,1,-1
2021-08-11 15:41:08.366,17118,17120,17120,4,4
2021-08-11 15:41:08.366,17118,17120,17120,6,6
2021-08-11 15:41:08.680,17119,17121,17121,1,1
2021-08-11 15:41:10.213,17119,17121,17121,1,1
2021-08-11 15:41:10.297,17119,17121,17121,1,1
2021-08-11 15:41:12.435,17119,17121,17120,1,-1
2021-08-11 15:41:16.032,17119,17121,17121,2,2
2021-08-11 15:41:18.452,17119,17121,17119,2,-2
2021-08-11 15:41:20.051,17119,17120,17119,1,-1
2021-08-11 15:41:24.290,17119,17121,17121,1,1
2021-08-11 15:41:26.247,17120,17121,17120,1,-1
2021-08-11 15:41:32.424,17119,17120,17120,1,1
2021-08-11 15:41:32.671,17119,17120,17119,3,-3
2021-08-11 15:41:36.331,17118,17120,17120,1,1
2021-08-11 15:41:48.463,17118,17119,17119,1,1
2021-08-11 15:41:54.881,17119,17120,17119,2,-2
2021-08-11 15:41:55.393,17118,17119,17119,1,1
2021-08-11 15:42:00.085,17118,17119,17119,5,5
2021-08-11 15:42:00.085,17118,17119,17119,4,4
2021-08-11 15:42:00.491,17118,17120,17120,1,1
2021-08-11 15:42:03.250,17119,17120,17120,1,1
2021-08-11 15:42:05.304,17119,17120,17120,4,4
2021-08-11 15:42:07.937,17119,17120,17120,1,1
2021-08-11 15:42:08.094,17119,17120,17120,1,1
2021-08-11 15:42:09.244,17119,17120,17120,1,1
2021-08-11 15:42:11.198,17119,17120,17120,1,1
2021-08-11 15:42:11.641,17119,17120,17120,2,2
2021-08-11 15:42:12.591,17119,17120,17120,1,1
2021-08-11 15:42:13.934,17119,17120,17120,1,1
2021-08-11 15:42:14.488,17119,17120,17120,1,1
2021-08-11 15:42:28.864,17119,17120,17120,1,1
2021-08-11 15:42:29.151,17119,17120,17119,3,-3
2021-08-11 15:42:35.650,17119,17120,17120,1,1
2021-08-11 15:42:37.289,17119,17120,17120,1,1
2021-08-11 15:42:37.470,17119,17120,17120,1,1
2021-08-11 15:42:37.746,17119,17120,17119,2,-2
2021-08-11 15:42:39.040,17119,17120,17120,1,1
2021-08-11 15:42:43.392,17119,17120,17120,1,1
2021-08-11 15:42:43.675,17119,17121,17121,1,1
2021-08-11 15:42:43.675,17119,17121,17121,1,1
2021-08-11 15:42:44.751,17120,17121,17120,1,-1
2021-08-11 15:42:46.824,17120,17121,17121,2,2
2021-08-11 15:42:46.824,17120,17121,17121,17,17
2021-08-11 15:42:46.824,17120,17121,17121,1,1
2021-08-11 15:42:46.830,17120,17121,17122,1,1
2021-08-11 15:42:47.025,17121,17122,17121,3,-3
2021-08-11 15:42:47.949,17121,17122,17122,1,1
2021-08-11 15:42:50.008,17121,17122,17122,1,1
2021-08-11 15:42:51.187,17121,17122,17122,1,1
2021-08-11 15:42:52.918,17121,17122,17122,8,8
2021-08-11 15:42:53.426,17121,17123,17123,1,1
2021-08-11 15:42:55.030,17121,17122,17122,1,1
2021-08-11 15:42:57.566,17121,17123,17123,2,2
2021-08-11 15:43:03.731,17122,17123,17122,1,-1
2021-08-11 15:43:04.554,17122,17123,17123,1,1
2021-08-11 15:43:04.837,17122,17123,17122,1,-1
2021-08-11 15:43:05.544,17122,17123,17123,1,1
2021-08-11 15:43:06.104,17122,17123,17123,2,2
2021-08-11 15:43:07.874,17122,17123,17123,2,2
2021-08-11 15:43:07.964,17122,17123,17123,1,1
2021-08-11 15:43:10.292,17122,17123,17123,1,1
2021-08-11 15:43:11.032,17122,17123,17123,1,1
2021-08-11 15:43:11.183,17122,17124,17123,1,-1
2021-08-11 15:43:14.719,17123,17124,17124,1,1
2021-08-11 15:43:14.894,17123,17124,17124,1,1
2021-08-11 15:43:17.742,17123,17124,17123,1,-1
2021-08-11 15:43:18.736,17122,17124,17124,1,1
2021-08-11 15:43:19.583,17122,17124,17124,1,1
2021-08-11 15:43:23.084,17122,17123,17123,1,1
2021-08-11 15:43:24.279,17122,17123,17123,1,1
2021-08-11 15:43:30.242,17123,17124,17123,1,-1
2021-08-11 15:43:30.719,17123,17124,17123,1,-1
2021-08-11 15:43:37.004,17123,17124,17123,2,-2
2021-08-11 15:43:43.069,17123,17124,17124,5,5
2021-08-11 15:43:43.207,17123,17124,17124,2,2
2021-08-11 15:43:48.438,17123,17124,17124,1,1
2021-08-11 15:43:48.703,17123,17124,17123,3,-3
2021-08-11 15:43:55.256,17123,17124,17124,1,1
2021-08-11 15:43:58.209,17123,17124,17124,3,3
2021-08-11 15:43:59.001,17123,17124,17124,1,1
2021-08-11 15:44:00.873,17123,17124,17123,2,-2
2021-08-11 15:44:00.873,17123,17124,17123,2,-2
2021-08-11 15:44:00.873,17123,17124,17123,1,-1
2021-08-11 15:44:01.565,17122,17124,17124,1,1
2021-08-11 15:44:02.398,17122,17124,17124,1,1
2021-08-11 15:44:14.736,17123,17124,17123,1,-1
2021-08-11 15:44:15.074,17123,17124,17123,2,-2
2021-08-11 15:44:15.074,17123,17124,17122,1,-1
2021-08-11 15:44:18.513,17122,17124,17124,1,1
2021-08-11 15:44:23.765,17122,17124,17124,1,1
2021-08-11 15:44:27.143,17122,17124,17124,1,1
2021-08-11 15:44:31.424,17122,17123,17123,1,1
2021-08-11 15:44:31.425,17122,17123,17123,4,4
2021-08-11 15:44:31.887,17122,17124,17122,5,-5
2021-08-11 15:44:35.329,17122,17123,17123,2,2
2021-08-11 15:44:35.548,17123,17124,17123,1,-1
2021-08-11 15:44:39.436,17123,17124,17123,1,-1
2021-08-11 15:44:42.222,17123,17124,17124,3,3
2021-08-11 15:44:45.688,17123,17124,17124,2,2
2021-08-11 15:44:48.621,17123,17124,17124,2,2
2021-08-11 15:44:49.373,17123,17124,17124,2,2
2021-08-11 15:44:51.537,17124,17125,17125,1,1
2021-08-11 15:44:51.702,17124,17125,17125,5,5
2021-08-11 15:44:51.703,17124,17125,17125,3,3
2021-08-11 15:45:03.626,17124,17125,17125,1,1
2021-08-11 15:45:07.034,17124,17125,17124,1,-1
2021-08-11 15:45:07.152,17124,17125,17124,1,-1
2021-08-11 15:45:08.644,17124,17125,17124,1,-1
2021-08-11 15:45:08.660,17124,17125,17125,1,1
2021-08-11 15:45:09.628,17124,17125,17124,1,-1
2021-08-11 15:45:13.213,17124,17125,17125,2,2
2021-08-11 15:45:13.213,17124,17125,17125,5,5
2021-08-11 15:45:13.213,17124,17125,17125,2,2
2021-08-11 15:45:13.213,17124,17125,17125,1,1
2021-08-11 15:45:13.213,17124,17125,17125,2,2
2021-08-11 15:45:16.443,17124,17126,17126,1,1
2021-08-11 15:45:22.967,17125,17126,17125,1,-1
2021-08-11 15:45:24.636,17124,17125,17125,1,1
2021-08-11 15:45:24.822,17124,17125,17125,1,1
2021-08-11 15:45:25.250,17125,17126,17125,1,-1
2021-08-11 15:45:27.691,17125,17126,17126,1,1
2021-08-11 15:45:30.108,17125,17126,17126,1,1
2021-08-11 15:45:32.184,17125,17126,17126,1,1
2021-08-11 15:45:32.788,17125,17126,17126,1,1
2021-08-11 15:45:34.005,17125,17126,17126,2,2
2021-08-11 15:45:41.032,17126,17127,17127,5,5
2021-08-11 15:45:41.378,17126,17127,17127,2,2
2021-08-11 15:45:43.401,17126,17127,17127,2,2
2021-08-11 15:45:44.570,17126,17127,17127,1,1
2021-08-11 15:45:50.382,17126,17127,17127,5,5
2021-08-11 15:45:51.680,17126,17127,17127,3,3
2021-08-11 15:45:51.923,17126,17127,17127,1,1
2021-08-11 15:45:53.352,17126,17127,17126,1,-1
2021-08-11 15:45:54.158,17126,17127,17127,1,1
2021-08-11 15:45:58.770,17126,17127,17127,1,1
2021-08-11 15:45:59.114,17126,17127,17126,1,-1
2021-08-11 15:45:59.114,17126,17127,17126,5,-5
2021-08-11 15:45:59.216,17126,17127,17125,8,-8
2021-08-11 15:45:59.297,17124,17125,17124,1,-1
2021-08-11 15:45:59.365,17124,17125,17125,1,1
2021-08-11 15:46:10.968,17125,17126,17126,3,3
2021-08-11 15:46:14.272,17124,17126,17124,4,-4
2021-08-11 15:46:14.346,17124,17126,17126,1,1
2021-08-11 15:46:16.383,17125,17126,17126,1,1
2021-08-11 15:46:24.596,17125,17126,17126,8,8
2021-08-11 15:46:24.596,17125,17126,17126,1,1
2021-08-11 15:46:24.596,17125,17126,17126,1,1
2021-08-11 15:46:24.596,17125,17126,17126,2,2
2021-08-11 15:46:24.721,17126,17127,17127,1,1
2021-08-11 15:46:24.721,17126,17127,17128,1,1
2021-08-11 15:46:24.721,17126,17127,17128,1,1
2021-08-11 15:46:24.721,17126,17127,17128,1,1
2021-08-11 15:46:25.451,17126,17128,17126,1,-1
2021-08-11 15:46:37.015,17127,17128,17128,1,1
2021-08-11 15:46:37.015,17127,17128,17128,3,3
2021-08-11 15:46:37.016,17127,17128,17128,2,2
2021-08-11 15:46:37.218,17128,17129,17128,1,-1
2021-08-11 15:46:37.243,17128,17129,17129,1,1
2021-08-11 15:46:37.247,17128,17129,17129,1,1
2021-08-11 15:46:37.248,17128,17129,17129,1,1
2021-08-11 15:46:37.248,17128,17129,17129,1,1
2021-08-11 15:46:37.452,17128,17129,17129,1,1
2021-08-11 15:46:37.765,17128,17129,17129,1,1
2021-08-11 15:46:38.621,17128,17129,17128,1,-1
2021-08-11 15:46:38.720,17128,17129,17129,1,1
2021-08-11 15:46:38.722,17128,17129,17129,1,1
2021-08-11 15:46:41.412,17128,17129,17129,1,1
2021-08-11 15:46:43.873,17128,17129,17128,1,-1
2021-08-11 15:46:45.608,17128,17129,17129,2,2
2021-08-11 15:46:51.128,17128,17129,17129,1,1
2021-08-11 15:46:52.132,17128,17129,17128,1,-1
2021-08-11 15:46:52.133,17128,17129,17128,5,-5
2021-08-11 15:46:58.518,17128,17129,17129,1,1
2021-08-11 15:47:00.660,17128,17129,17128,2,-2
2021-08-11 15:47:00.660,17128,17129,17128,2,-2
2021-08-11 15:47:03.482,17127,17128,17128,1,1
2021-08-11 15:47:09.797,17128,17129,17128,1,-1
2021-08-11 15:47:10.374,17127,17129,17129,1,1
2021-08-11 15:47:11.491,17128,17129,17128,1,-1
2021-08-11 15:47:33.849,17128,17129,17128,1,-1
2021-08-11 15:47:34.949,17128,17129,17128,1,-1
2021-08-11 15:47:35.535,17128,17129,17128,1,-1
2021-08-11 15:47:38.346,17128,17129,17128,1,-1
2021-08-11 15:47:41.056,17128,17129,17128,1,-1
2021-08-11 15:47:54.000,17127,17128,17128,7,7
2021-08-11 15:47:54.000,17127,17128,17129,8,8
2021-08-11 15:48:00.019,17128,17129,17128,1,-1
2021-08-11 15:48:00.020,17128,17129,17129,1,1
2021-08-11 15:48:04.061,17128,17130,17130,1,1
2021-08-11 15:48:04.105,17128,17130,17130,1,1
2021-08-11 15:48:04.545,17128,17130,17130,2,2
2021-08-11 15:48:08.589,17128,17129,17129,1,1
2021-08-11 15:48:09.917,17128,17129,17128,3,-3
2021-08-11 15:48:09.917,17128,17129,17128,1,-1
2021-08-11 15:48:10.349,17127,17128,17127,3,-3
2021-08-11 15:48:10.534,17126,17128,17128,3,3
2021-08-11 15:48:10.543,17126,17128,17128,1,1
2021-08-11 15:48:12.995,17126,17128,17128,2,2
2021-08-11 15:48:15.607,17127,17128,17127,1,-1
2021-08-11 15:48:20.950,17127,17128,17127,1,-1
2021-08-11 15:48:21.045,17126,17128,17128,1,1
2021-08-11 15:48:27.311,17127,17128,17127,5,-5
2021-08-11 15:48:27.628,17126,17128,17128,1,1
2021-08-11 15:48:29.478,17126,17128,17128,1,1
2021-08-11 15:48:40.015,17126,17127,17126,7,-7
2021-08-11 15:48:40.866,17125,17127,17125,2,-2
2021-08-11 15:48:45.024,17125,17127,17125,1,-1
2021-08-11 15:48:54.236,17126,17127,17126,2,2
2021-08-11 15:49:10.758,17125,17126,17125,4,-4
2021-08-11 15:49:10.758,17125,17126,17125,13,-13
2021-08-11 15:49:14.311,17124,17125,17124,1,-1
2021-08-11 15:49:17.316,17124,17125,17124,1,-1
2021-08-11 15:49:18.631,17124,17125,17124,1,-1
2021-08-11 15:49:23.002,17124,17125,17124,2,-2
2021-08-11 15:49:24.023,17124,17126,17125,1,1
2021-08-11 15:49:24.631,17124,17126,17124,3,-3
2021-08-11 15:49:24.631,17124,17126,17123,1,-1
2021-08-11 15:49:24.888,17123,17125,17123,5,-5
2021-08-11 15:49:25.029,17123,17125,17123,1,-1
2021-08-11 15:49:28.548,17124,17125,17124,1,1
2021-08-11 15:49:32.929,17123,17124,17124,1,1
2021-08-11 15:49:39.263,17123,17124,17123,2,-2
2021-08-11 15:49:44.313,17123,17124,17124,1,1
2021-08-11 15:49:51.678,17123,17124,17123,3,-3
2021-08-11 15:49:57.791,17122,17123,17122,1,-1
2021-08-11 15:49:58.012,17122,17123,17122,1,-1
2021-08-11 15:50:01.929,17122,17123,17122,1,-1
2021-08-11 15:50:02.601,17122,17123,17122,1,-1
2021-08-11 15:50:03.772,17122,17123,17122,1,-1
2021-08-11 15:50:03.789,17122,17123,17123,6,6
2021-08-11 15:50:05.414,17123,17124,17123,1,-1
2021-08-11 15:50:15.231,17122,17123,17122,1,-1
2021-08-11 15:50:23.215,17122,17123,17122,1,-1
2021-08-11 15:50:30.468,17122,17123,17122,7,-7
2021-08-11 15:50:31.339,17122,17123,17122,1,-1
2021-08-11 15:50:32.468,17121,17122,17121,1,-1
2021-08-11 15:50:40.124,17121,17122,17122,3,3
2021-08-11 15:50:40.124,17121,17122,17122,1,1
2021-08-11 15:50:40.749,17121,17123,17123,1,1
2021-08-11 15:50:42.332,17121,17122,17121,1,-1
2021-08-11 15:50:52.901,17121,17122,17121,2,-2
2021-08-11 15:50:53.179,17121,17122,17121,1,-1
2021-08-11 15:50:54.831,17121,17122,17121,2,-2
2021-08-11 15:50:55.564,17121,17122,17122,2,2
2021-08-11 15:50:55.564,17121,17122,17122,3,3
2021-08-11 15:50:57.517,17122,17123,17122,1,-1
2021-08-11 15:51:00.139,17122,17123,17122,1,-1
2021-08-11 15:51:00.246,17122,17123,17122,1,-1
2021-08-11 15:51:01.019,17122,17123,17122,1,-1
2021-08-11 15:51:05.169,17122,17123,17123,1,1
2021-08-11 15:51:05.169,17122,17123,17123,3,3
2021-08-11 15:51:05.284,17123,17124,17124,5,5
2021-08-11 15:51:08.712,17124,17125,17125,2,2
2021-08-11 15:51:08.719,17125,17126,17126,3,3
2021-08-11 15:51:11.609,17125,17127,17125,1,-1
2021-08-11 15:51:13.865,17126,17127,17126,1,1
2021-08-11 15:51:18.343,17126,17127,17127,2,2
2021-08-11 15:51:18.525,17126,17128,17126,1,-1
2021-08-11 15:51:18.612,17126,17128,17128,1,1
2021-08-11 15:51:22.666,17126,17128,17126,1,-1
2021-08-11 15:51:24.468,17126,17128,17128,3,3
2021-08-11 15:51:25.242,17126,17128,17127,1,-1
2021-08-11 15:51:27.655,17126,17128,17127,1,-1
2021-08-11 15:51:36.917,17126,17128,17128,2,2
2021-08-11 15:51:44.629,17126,17128,17128,1,1
2021-08-11 15:51:48.359,17127,17128,17127,1,-1
2021-08-11 15:51:52.335,17127,17128,17128,5,5
2021-08-11 15:51:52.335,17127,17128,17128,1,1
2021-08-11 15:51:54.734,17127,17128,17128,1,1
2021-08-11 15:51:54.734,17127,17128,17128,1,1
2021-08-11 15:51:56.782,17127,17128,17128,3,3
2021-08-11 15:51:56.783,17127,17128,17128,2,2
2021-08-11 15:51:56.783,17127,17128,17128,3,3
2021-08-11 15:51:56.783,17127,17128,17128,1,1
2021-08-11 15:51:56.783,17127,17128,17128,1,1
2021-08-11 15:51:57.394,17127,17128,17128,4,4
2021-08-11 15:51:58.728,17128,17129,17128,1,-1
2021-08-11 15:52:02.292,17128,17129,17129,1,1
2021-08-11 15:52:02.292,17128,17129,17129,1,1
2021-08-11 15:52:13.925,17129,17130,17129,1,-1
2021-08-11 15:52:17.170,17129,17130,17129,1,-1
2021-08-11 15:52:17.275,17129,17130,17130,3,3
2021-08-11 15:52:18.440,17129,17130,17130,2,2
2021-08-11 15:52:25.959,17129,17130,17130,1,1
2021-08-11 15:52:26.761,17129,17130,17130,2,2
2021-08-11 15:52:27.180,17129,17130,17130,2,2
2021-08-11 15:52:27.312,17129,17130,17130,1,1
2021-08-11 15:52:30.190,17129,17130,17130,2,2
2021-08-11 15:52:30.190,17129,17130,17131,1,1
2021-08-11 15:52:30.249,17129,17130,17130,1,1
2021-08-11 15:52:30.249,17129,17130,17131,1,1
2021-08-11 15:52:31.610,17130,17131,17130,1,-1
2021-08-11 15:52:42.960,17130,17131,17131,1,1
2021-08-11 15:52:42.960,17130,17131,17131,1,1
2021-08-11 15:52:42.999,17130,17131,17131,1,1
2021-08-11 15:52:43.003,17130,17131,17131,1,1
2021-08-11 15:52:44.154,17130,17131,17131,1,1
2021-08-11 15:52:49.311,17130,17131,17130,2,-2
2021-08-11 15:52:49.312,17130,17131,17130,2,-2
2021-08-11 15:52:49.312,17130,17131,17130,1,-1
2021-08-11 15:52:49.312,17130,17131,17130,3,-3
2021-08-11 15:52:49.313,17130,17131,17130,1,-1
2021-08-11 15:52:49.785,17129,17130,17129,1,-1
2021-08-11 15:52:50.454,17129,17130,17130,2,2
2021-08-11 15:52:50.751,17129,17130,17130,1,1
2021-08-11 15:52:51.190,17130,17131,17131,1,1
2021-08-11 15:52:53.940,17130,17131,17131,3,3
2021-08-11 15:52:54.602,17130,17131,17131,3,3
2021-08-11 15:52:58.618,17130,17131,17131,2,2
2021-08-11 15:53:04.287,17130,17131,17131,2,2
2021-08-11 15:53:08.445,17130,17131,17131,1,1
2021-08-11 15:53:13.455,17130,17131,17131,2,2
2021-08-11 15:53:16.666,17130,17131,17130,1,-1
2021-08-11 15:53:16.666,17130,17131,17130,3,-3
2021-08-11 15:53:16.666,17130,17131,17130,1,-1
2021-08-11 15:53:16.666,17130,17131,17130,1,-1
2021-08-11 15:53:16.890,17129,17130,17130,3,3
2021-08-11 15:53:22.848,17129,17130,17130,2,2
2021-08-11 15:53:23.507,17129,17130,17130,1,1
2021-08-11 15:53:35.196,17129,17130,17129,1,-1
2021-08-11 15:53:36.199,17129,17130,17129,1,-1
2021-08-11 15:53:38.931,17129,17130,17129,1,-1
2021-08-11 15:53:40.775,17129,17130,17129,1,-1
2021-08-11 15:53:41.459,17128,17130,17130,2,2
2021-08-11 15:53:49.229,17129,17130,17130,2,2
2021-08-11 15:53:49.229,17129,17130,17130,3,3
2021-08-11 15:53:49.229,17129,17130,17130,1,1
2021-08-11 15:53:53.069,17130,17131,17131,1,1
2021-08-11 15:53:53.069,17130,17131,17131,1,1
2021-08-11 15:53:53.069,17130,17131,17131,1,1
2021-08-11 15:53:53.069,17130,17131,17131,5,5
2021-08-11 15:53:53.069,17130,17131,17131,1,1
2021-08-11 15:53:53.069,17130,17131,17131,1,1
2021-08-11 15:53:53.069,17130,17131,17131,1,1
2021-08-11 15:53:55.537,17131,17132,17132,3,3
2021-08-11 15:53:55.601,17131,17132,17132,4,4
2021-08-11 15:53:59.252,17132,17133,17133,1,1
2021-08-11 15:53:59.287,17132,17133,17133,1,1
2021-08-11 15:54:00.339,17132,17133,17133,1,1
2021-08-11 15:54:04.914,17133,17134,17133,1,-1
2021-08-11 15:54:07.201,17133,17134,17133,1,-1
2021-08-11 15:54:14.080,17133,17134,17134,1,1
2021-08-11 15:54:18.397,17133,17134,17133,1,-1
2021-08-11 15:54:20.115,17133,17134,17133,1,-1
2021-08-11 15:54:20.191,17133,17134,17134,1,1
2021-08-11 15:54:26.173,17133,17134,17134,1,1
2021-08-11 15:54:27.456,17133,17134,17133,3,-3
2021-08-11 15:54:27.457,17133,17134,17133,2,-2
2021-08-11 15:54:27.519,17132,17133,17132,1,-1
2021-08-11 15:54:27.659,17131,17133,17133,2,2
2021-08-11 15:54:33.089,17131,17132,17131,1,-1
2021-08-11 15:54:36.733,17130,17131,17131,1,1
2021-08-11 15:54:40.871,17130,17131,17131,1,1
2021-08-11 15:54:49.920,17130,17133,17133,1,1
2021-08-11 15:54:49.942,17130,17133,17131,3,-3
2021-08-11 15:54:49.942,17130,17133,17130,1,-1
2021-08-11 15:54:59.963,17131,17133,17133,1,1
2021-08-11 15:55:02.738,17131,17133,17131,1,-1
2021-08-11 15:55:06.100,17131,17133,17131,1,-1
2021-08-11 15:55:11.679,17130,17132,17132,1,1
2021-08-11 15:55:20.856,17130,17131,17130,1,-1
2021-08-11 15:55:23.580,17130,17131,17130,1,-1
2021-08-11 15:55:23.580,17130,17131,17130,1,-1
2021-08-11 15:55:23.580,17130,17131,17130,2,-2
2021-08-11 15:55:23.581,17130,17131,17130,4,-4
2021-08-11 15:55:25.752,17129,17130,17129,1,-1
2021-08-11 15:55:26.503,17129,17130,17129,2,-2
2021-08-11 15:56:02.860,17128,17129,17129,2,2
2021-08-11 15:56:03.442,17128,17129,17129,1,1
2021-08-11 15:56:04.898,17128,17130,17128,1,-1
2021-08-11 15:56:10.142,17128,17129,17128,1,-1
2021-08-11 15:56:11.393,17128,17129,17129,1,1
2021-08-11 15:56:29.915,17128,17129,17129,1,1
2021-08-11 15:56:29.920,17128,17129,17128,1,-1
2021-08-11 15:56:29.920,17128,17129,17128,6,-6
2021-08-11 15:56:33.969,17127,17128,17127,1,-1
