2020-12-04 15:00:00.016,14150,14151,14149,60
2020-12-04 15:00:00.036,14146,14149,14149,1
2020-12-04 15:00:00.153,14146,14149,14148,1
2020-12-04 15:00:00.161,14146,14149,14147,4
2020-12-04 15:00:00.162,14146,14149,14148,1
2020-12-04 15:00:00.258,14146,14148,14148,12
2020-12-04 15:00:00.258,14146,14148,14149,7
2020-12-04 15:00:00.258,14146,14148,14149,11
2020-12-04 15:00:00.258,14146,14148,14149,4
2020-12-04 15:00:00.259,14146,14148,14149,7
2020-12-04 15:00:00.269,14146,14148,14150,1
2020-12-04 15:00:00.362,14149,14150,14149,1
2020-12-04 15:00:00.377,14149,14150,14149,2
2020-12-04 15:00:00.409,14149,14150,14150,1
2020-12-04 15:00:00.442,14149,14150,14150,1
2020-12-04 15:00:00.457,14149,14150,14150,3
2020-12-04 15:00:00.467,14149,14150,14149,1
2020-12-04 15:00:00.483,14149,14150,14149,1
2020-12-04 15:00:00.516,14149,14150,14150,1
2020-12-04 15:00:00.551,14149,14150,14149,6
2020-12-04 15:00:00.587,14149,14150,14149,1
2020-12-04 15:00:00.607,14149,14150,14150,1
2020-12-04 15:00:00.618,14149,14150,14149,1
2020-12-04 15:00:00.683,14149,14150,14149,1
2020-12-04 15:00:00.696,14149,14150,14150,1
2020-12-04 15:00:00.741,14149,14150,14149,2
2020-12-04 15:00:00.746,14149,14150,14149,1
2020-12-04 15:00:00.833,14149,14150,14150,1
2020-12-04 15:00:00.901,14149,14150,14150,1
2020-12-04 15:00:00.905,14149,14150,14151,1
2020-12-04 15:00:00.934,14150,14151,14151,1
2020-12-04 15:00:01.001,14150,14151,14150,5
2020-12-04 15:00:01.061,14149,14151,14151,1
2020-12-04 15:00:01.075,14149,14151,14149,2
2020-12-04 15:00:01.122,14149,14151,14151,1
2020-12-04 15:00:01.144,14149,14151,14150,2
2020-12-04 15:00:01.176,14149,14151,14151,1
2020-12-04 15:00:01.178,14150,14151,14150,3
2020-12-04 15:00:01.178,14150,14151,14149,27
2020-12-04 15:00:01.180,14150,14151,14149,3
2020-12-04 15:00:01.281,14150,14151,14149,1
2020-12-04 15:00:01.304,14147,14150,14150,1
2020-12-04 15:00:01.331,14147,14150,14147,2
2020-12-04 15:00:01.375,14147,14150,14150,1
2020-12-04 15:00:01.376,14147,14150,14147,2
2020-12-04 15:00:01.376,14147,14150,14146,2
2020-12-04 15:00:01.453,14146,14149,14149,1
2020-12-04 15:00:01.454,14146,14149,14147,1
2020-12-04 15:00:01.454,14146,14149,14146,1
2020-12-04 15:00:01.545,14146,14149,14147,1
2020-12-04 15:00:01.573,14147,14149,14149,1
2020-12-04 15:00:01.577,14147,14149,14147,1
2020-12-04 15:00:01.577,14147,14149,14146,2
2020-12-04 15:00:01.731,14148,14150,14149,1
2020-12-04 15:00:01.772,14148,14150,14150,1
2020-12-04 15:00:01.799,14148,14150,14148,1
2020-12-04 15:00:01.880,14148,14150,14148,1
2020-12-04 15:00:02.164,14148,14150,14148,1
2020-12-04 15:00:02.165,14148,14150,14148,2
2020-12-04 15:00:02.395,14148,14150,14148,1
2020-12-04 15:00:02.678,14149,14150,14149,1
2020-12-04 15:00:02.955,14148,14150,14148,1
2020-12-04 15:00:03.229,14148,14150,14148,2
2020-12-04 15:00:03.495,14146,14149,14149,1
2020-12-04 15:00:03.868,14148,14150,14148,1
2020-12-04 15:00:04.125,14148,14149,14149,1
2020-12-04 15:00:04.129,14148,14149,14150,2
2020-12-04 15:00:04.195,14148,14150,14150,1
2020-12-04 15:00:04.231,14148,14150,14150,2
2020-12-04 15:00:04.291,14148,14150,14150,1
2020-12-04 15:00:04.360,14148,14150,14150,4
2020-12-04 15:00:04.365,14148,14150,14149,1
2020-12-04 15:00:04.840,14149,14151,14149,1
2020-12-04 15:00:04.897,14149,14151,14150,1
2020-12-04 15:00:05.508,14148,14150,14150,2
2020-12-04 15:00:05.510,14148,14150,14150,1
2020-12-04 15:00:05.747,14149,14151,14151,2
2020-12-04 15:00:05.797,14149,14151,14152,1
2020-12-04 15:00:06.594,14150,14151,14150,1
2020-12-04 15:00:06.979,14150,14151,14151,1
2020-12-04 15:00:07.160,14150,14151,14151,1
2020-12-04 15:00:07.160,14150,14151,14152,1
2020-12-04 15:00:07.167,14150,14151,14152,2
2020-12-04 15:00:07.303,14150,14151,14150,1
2020-12-04 15:00:07.428,14149,14151,14149,2
2020-12-04 15:00:07.539,14149,14151,14148,1
2020-12-04 15:00:07.875,14148,14150,14148,1
2020-12-04 15:00:08.047,14148,14150,14150,1
2020-12-04 15:00:08.308,14148,14151,14150,1
2020-12-04 15:00:08.402,14148,14151,14150,1
2020-12-04 15:00:09.234,14150,14151,14150,1
2020-12-04 15:00:09.303,14149,14150,14149,1
2020-12-04 15:00:09.307,14149,14150,14149,2
2020-12-04 15:00:09.370,14149,14150,14149,1
2020-12-04 15:00:09.642,14149,14150,14150,4
2020-12-04 15:00:10.048,14149,14151,14149,2
2020-12-04 15:00:10.053,14149,14151,14149,1
2020-12-04 15:00:10.609,14148,14150,14150,6
2020-12-04 15:00:10.609,14148,14150,14150,1
2020-12-04 15:00:10.609,14148,14150,14150,1
2020-12-04 15:00:10.638,14148,14150,14151,1
2020-12-04 15:00:10.663,14148,14150,14151,3
2020-12-04 15:00:10.785,14149,14151,14150,1
2020-12-04 15:00:11.296,14148,14150,14149,1
2020-12-04 15:00:11.296,14148,14150,14148,1
2020-12-04 15:00:11.428,14148,14150,14148,3
2020-12-04 15:00:12.950,14148,14150,14150,1
2020-12-04 15:00:13.172,14148,14150,14148,1
2020-12-04 15:00:13.361,14148,14150,14150,1
2020-12-04 15:00:13.459,14148,14150,14150,2
2020-12-04 15:00:13.830,14149,14150,14149,1
2020-12-04 15:00:13.879,14149,14150,14149,2
2020-12-04 15:00:13.879,14149,14150,14150,1
2020-12-04 15:00:14.560,14148,14150,14148,1
2020-12-04 15:00:15.777,14148,14150,14150,1
2020-12-04 15:00:15.803,14148,14150,14150,1
2020-12-04 15:00:16.049,14148,14150,14149,1
2020-12-04 15:00:18.623,14149,14150,14150,1
2020-12-04 15:00:19.419,14149,14150,14150,1
2020-12-04 15:00:19.796,14149,14150,14150,1
2020-12-04 15:00:19.796,14149,14150,14150,4
2020-12-04 15:00:19.797,14149,14150,14150,5
2020-12-04 15:00:19.799,14149,14150,14151,10
2020-12-04 15:00:19.978,14151,14152,14151,1
2020-12-04 15:00:20.810,14150,14152,14152,1
2020-12-04 15:00:21.011,14150,14152,14150,1
2020-12-04 15:00:21.185,14150,14152,14150,8
2020-12-04 15:00:21.185,14150,14152,14150,1
2020-12-04 15:00:21.185,14150,14152,14150,1
2020-12-04 15:00:21.716,14150,14152,14150,4
2020-12-04 15:00:22.161,14150,14152,14152,1
2020-12-04 15:00:22.247,14150,14152,14150,1
2020-12-04 15:00:22.369,14150,14152,14152,1
2020-12-04 15:00:23.058,14150,14152,14151,1
2020-12-04 15:00:23.860,14150,14152,14150,1
2020-12-04 15:00:23.865,14150,14152,14150,6
2020-12-04 15:00:23.866,14150,14152,14150,2
2020-12-04 15:00:23.936,14149,14151,14150,1
2020-12-04 15:00:24.011,14149,14151,14151,1
2020-12-04 15:00:24.037,14149,14151,14151,2
2020-12-04 15:00:24.767,14150,14151,14150,1
2020-12-04 15:00:25.038,14149,14151,14151,1
2020-12-04 15:00:26.780,14150,14151,14151,1
2020-12-04 15:00:27.820,14150,14151,14150,1
2020-12-04 15:00:27.839,14150,14151,14150,1
2020-12-04 15:00:28.246,14149,14150,14150,1
2020-12-04 15:00:28.283,14149,14150,14151,1
2020-12-04 15:00:28.299,14149,14150,14151,5
2020-12-04 15:00:30.178,14150,14151,14150,1
2020-12-04 15:00:30.191,14150,14151,14150,2
2020-12-04 15:00:30.303,14149,14150,14149,4
2020-12-04 15:00:30.326,14149,14150,14150,1
2020-12-04 15:00:30.892,14149,14150,14150,2
2020-12-04 15:00:31.803,14149,14150,14149,1
2020-12-04 15:00:31.928,14149,14150,14149,1
2020-12-04 15:00:32.048,14149,14150,14149,1
2020-12-04 15:00:32.053,14149,14150,14149,1
2020-12-04 15:00:32.178,14149,14150,14149,1
2020-12-04 15:00:32.303,14149,14150,14149,1
2020-12-04 15:00:33.604,14148,14149,14149,1
2020-12-04 15:00:34.092,14148,14149,14149,1
2020-12-04 15:00:34.833,14148,14149,14149,2
2020-12-04 15:00:34.951,14148,14149,14149,2
2020-12-04 15:00:34.951,14148,14149,14150,2
2020-12-04 15:00:36.436,14148,14150,14148,1
2020-12-04 15:00:36.459,14148,14150,14150,2
2020-12-04 15:00:37.930,14148,14149,14148,1
2020-12-04 15:00:38.630,14148,14149,14148,1
2020-12-04 15:00:38.716,14148,14149,14148,18
2020-12-04 15:00:38.742,14148,14149,14147,6
2020-12-04 15:00:39.128,14145,14147,14147,1
2020-12-04 15:00:40.872,14145,14146,14145,3
2020-12-04 15:00:41.020,14144,14146,14145,1
2020-12-04 15:00:41.309,14144,14146,14146,2
2020-12-04 15:00:41.458,14145,14147,14145,1
2020-12-04 15:00:44.242,14145,14146,14145,1
2020-12-04 15:00:44.620,14145,14146,14146,1
2020-12-04 15:00:44.968,14146,14147,14146,1
2020-12-04 15:00:45.381,14146,14147,14146,2
2020-12-04 15:00:45.390,14146,14147,14146,1
2020-12-04 15:00:45.980,14145,14147,14145,1
2020-12-04 15:00:48.137,14145,14147,14147,1
2020-12-04 15:00:48.152,14145,14147,14146,1
2020-12-04 15:00:49.258,14145,14147,14145,1
2020-12-04 15:00:49.555,14146,14147,14146,2
2020-12-04 15:00:49.858,14145,14147,14145,1
2020-12-04 15:00:51.480,14145,14146,14145,3
2020-12-04 15:00:52.777,14145,14146,14146,1
2020-12-04 15:00:53.040,14145,14147,14145,1
2020-12-04 15:00:54.022,14145,14147,14147,1
2020-12-04 15:00:55.221,14145,14146,14145,5
2020-12-04 15:00:56.137,14144,14145,14145,1
2020-12-04 15:00:57.068,14144,14145,14145,1
2020-12-04 15:00:57.178,14144,14145,14145,1
2020-12-04 15:00:57.428,14145,14146,14146,2
2020-12-04 15:00:57.943,14145,14147,14145,1
2020-12-04 15:00:58.505,14145,14147,14145,3
2020-12-04 15:00:59.538,14145,14147,14145,1
2020-12-04 15:00:59.927,14145,14146,14146,1
2020-12-04 15:01:00.028,14145,14147,14145,3
2020-12-04 15:01:00.053,14145,14147,14147,1
2020-12-04 15:01:00.061,14145,14147,14145,2
2020-12-04 15:01:00.061,14145,14147,14144,8
2020-12-04 15:01:00.067,14145,14147,14146,1
2020-12-04 15:01:00.079,14145,14147,14144,4
2020-12-04 15:01:00.102,14145,14147,14146,1
2020-12-04 15:01:00.140,14145,14147,14144,2
2020-12-04 15:01:00.145,14145,14147,14144,1
2020-12-04 15:01:00.145,14145,14147,14144,1
2020-12-04 15:01:00.190,14144,14145,14144,3
2020-12-04 15:01:00.205,14144,14145,14143,3
2020-12-04 15:01:00.206,14144,14145,14143,2
2020-12-04 15:01:00.232,14144,14145,14143,3
2020-12-04 15:01:00.239,14144,14145,14143,2
2020-12-04 15:01:00.239,14144,14145,14142,1
2020-12-04 15:01:00.244,14144,14145,14142,3
2020-12-04 15:01:00.269,14144,14145,14142,1
2020-12-04 15:01:00.269,14144,14145,14141,3
2020-12-04 15:01:00.430,14142,14143,14143,5
2020-12-04 15:01:00.521,14142,14143,14145,1
2020-12-04 15:01:00.567,14144,14145,14145,1
2020-12-04 15:01:00.889,14144,14145,14145,1
2020-12-04 15:01:01.016,14144,14146,14146,1
2020-12-04 15:01:01.054,14144,14146,14144,1
2020-12-04 15:01:01.339,14144,14146,14146,1
2020-12-04 15:01:01.356,14144,14146,14147,1
2020-12-04 15:01:01.396,14144,14146,14147,1
2020-12-04 15:01:01.495,14145,14147,14147,1
2020-12-04 15:01:01.649,14145,14147,14145,6
2020-12-04 15:01:01.708,14145,14146,14145,1
2020-12-04 15:01:02.988,14144,14145,14144,3
2020-12-04 15:01:04.034,14144,14145,14144,1
2020-12-04 15:01:04.135,14143,14145,14143,1
2020-12-04 15:01:05.141,14143,14145,14143,1
2020-12-04 15:01:06.415,14143,14145,14145,6
2020-12-04 15:01:07.019,14144,14145,14145,1
2020-12-04 15:01:09.474,14144,14145,14145,1
2020-12-04 15:01:09.474,14144,14145,14145,1
2020-12-04 15:01:09.475,14144,14145,14145,1
2020-12-04 15:01:09.553,14145,14146,14146,3
2020-12-04 15:01:12.551,14145,14147,14145,1
2020-12-04 15:01:16.247,14146,14147,14146,1
2020-12-04 15:01:16.305,14146,14147,14146,1
2020-12-04 15:01:17.794,14146,14147,14146,1
2020-12-04 15:01:17.804,14146,14147,14146,1
2020-12-04 15:01:24.162,14146,14147,14147,1
2020-12-04 15:01:25.814,14146,14147,14146,1
2020-12-04 15:01:28.798,14146,14147,14146,1
2020-12-04 15:01:31.273,14146,14147,14147,2
2020-12-04 15:01:31.981,14146,14147,14147,6
2020-12-04 15:01:32.759,14147,14148,14147,4
2020-12-04 15:01:33.531,14146,14147,14147,1
2020-12-04 15:01:34.755,14146,14147,14147,1
2020-12-04 15:01:34.806,14146,14147,14146,11
2020-12-04 15:01:34.806,14146,14147,14146,1
2020-12-04 15:01:37.209,14145,14147,14145,2
2020-12-04 15:01:37.847,14145,14147,14146,1
2020-12-04 15:01:40.532,14146,14147,14147,1
2020-12-04 15:01:41.109,14146,14147,14146,4
2020-12-04 15:01:43.525,14145,14146,14145,1
2020-12-04 15:01:47.727,14145,14146,14146,1
2020-12-04 15:01:48.868,14145,14146,14145,1
2020-12-04 15:01:49.429,14145,14146,14146,5
2020-12-04 15:01:49.429,14145,14146,14147,5
2020-12-04 15:01:53.159,14146,14147,14147,1
2020-12-04 15:01:53.581,14146,14147,14147,1
2020-12-04 15:01:54.622,14146,14147,14146,1
2020-12-04 15:01:55.010,14146,14147,14147,2
2020-12-04 15:01:55.785,14146,14147,14146,1
2020-12-04 15:02:00.748,14146,14147,14147,2
2020-12-04 15:02:00.846,14146,14147,14147,1
2020-12-04 15:02:00.903,14146,14147,14147,1
2020-12-04 15:02:05.290,14146,14147,14147,1
2020-12-04 15:02:05.838,14146,14147,14146,3
2020-12-04 15:02:07.005,14146,14147,14147,1
2020-12-04 15:02:07.498,14146,14147,14147,1
2020-12-04 15:02:07.521,14146,14147,14147,1
2020-12-04 15:02:08.862,14146,14147,14147,1
2020-12-04 15:02:11.753,14146,14147,14146,1
2020-12-04 15:02:12.356,14146,14147,14147,1
2020-12-04 15:02:14.248,14146,14147,14147,1
2020-12-04 15:02:14.250,14146,14147,14147,1
2020-12-04 15:02:14.250,14146,14147,14147,4
2020-12-04 15:02:14.432,14147,14148,14147,2
2020-12-04 15:02:16.567,14147,14148,14148,1
2020-12-04 15:02:17.429,14147,14148,14147,1
2020-12-04 15:02:18.649,14147,14148,14148,1
2020-12-04 15:02:19.779,14147,14148,14148,2
2020-12-04 15:02:20.898,14147,14148,14147,1
2020-12-04 15:02:22.642,14147,14148,14148,1
2020-12-04 15:02:24.379,14147,14148,14148,1
2020-12-04 15:02:24.930,14147,14148,14148,2
2020-12-04 15:02:26.779,14147,14148,14147,1
2020-12-04 15:02:27.941,14147,14148,14147,1
2020-12-04 15:02:30.221,14147,14148,14147,1
2020-12-04 15:02:30.221,14147,14148,14147,1
2020-12-04 15:02:30.221,14147,14148,14147,1
2020-12-04 15:02:30.221,14147,14148,14147,1
2020-12-04 15:02:30.221,14147,14148,14147,2
2020-12-04 15:02:34.536,14147,14148,14147,2
2020-12-04 15:02:34.536,14147,14148,14146,1
2020-12-04 15:02:37.280,14146,14147,14147,1
2020-12-04 15:02:39.624,14147,14148,14147,1
2020-12-04 15:02:40.226,14147,14148,14148,11
2020-12-04 15:02:43.328,14147,14148,14147,1
2020-12-04 15:02:45.278,14147,14148,14147,1
2020-12-04 15:02:46.799,14147,14148,14147,1
2020-12-04 15:02:48.955,14147,14148,14147,1
2020-12-04 15:02:54.539,14147,14148,14148,1
2020-12-04 15:02:54.851,14147,14148,14148,6
2020-12-04 15:02:54.858,14147,14148,14149,1
2020-12-04 15:02:54.943,14148,14149,14149,1
2020-12-04 15:02:54.943,14148,14149,14149,2
2020-12-04 15:02:54.943,14148,14149,14149,5
2020-12-04 15:02:55.138,14148,14150,14148,2
2020-12-04 15:02:55.254,14148,14150,14148,1
2020-12-04 15:02:58.145,14148,14150,14148,2
2020-12-04 15:03:00.055,14148,14150,14150,1
2020-12-04 15:03:00.056,14148,14150,14150,1
2020-12-04 15:03:00.314,14149,14150,14149,1
2020-12-04 15:03:02.776,14149,14150,14149,1
2020-12-04 15:03:05.338,14149,14150,14149,1
2020-12-04 15:03:07.669,14149,14150,14150,1
2020-12-04 15:03:07.669,14149,14150,14150,1
2020-12-04 15:03:07.669,14149,14150,14150,1
2020-12-04 15:03:07.669,14149,14150,14150,1
2020-12-04 15:03:07.670,14149,14150,14150,14
2020-12-04 15:03:08.773,14150,14151,14151,8
2020-12-04 15:03:08.803,14151,14152,14152,16
2020-12-04 15:03:08.928,14152,14153,14153,8
2020-12-04 15:03:09.251,14152,14153,14153,4
2020-12-04 15:03:09.251,14152,14153,14154,6
2020-12-04 15:03:09.283,14152,14153,14154,1
2020-12-04 15:03:09.395,14153,14154,14154,1
2020-12-04 15:03:09.435,14152,14154,14154,1
2020-12-04 15:03:09.449,14152,14154,14152,1
2020-12-04 15:03:09.460,14152,14154,14152,1
2020-12-04 15:03:09.551,14152,14154,14153,1
2020-12-04 15:03:09.586,14152,14153,14153,1
2020-12-04 15:03:09.589,14152,14153,14152,1
2020-12-04 15:03:09.639,14152,14153,14152,1
2020-12-04 15:03:09.830,14151,14153,14151,1
2020-12-04 15:03:09.891,14151,14153,14151,1
2020-12-04 15:03:10.421,14151,14153,14153,1
2020-12-04 15:03:12.823,14151,14153,14151,2
2020-12-04 15:03:12.824,14151,14153,14151,4
2020-12-04 15:03:13.065,14151,14153,14153,1
2020-12-04 15:03:15.699,14151,14152,14152,1
2020-12-04 15:03:17.247,14151,14152,14152,1
2020-12-04 15:03:17.247,14151,14152,14153,1
2020-12-04 15:03:17.726,14151,14153,14153,6
2020-12-04 15:03:18.831,14152,14153,14153,1
2020-12-04 15:03:18.831,14152,14153,14154,1
2020-12-04 15:03:21.621,14152,14154,14154,4
2020-12-04 15:03:21.926,14152,14154,14154,1
2020-12-04 15:03:22.460,14153,14154,14154,3
2020-12-04 15:03:22.460,14153,14154,14155,1
2020-12-04 15:03:22.463,14153,14154,14153,1
2020-12-04 15:03:23.014,14153,14154,14153,1
2020-12-04 15:03:23.017,14153,14154,14154,1
2020-12-04 15:03:23.313,14153,14154,14154,1
2020-12-04 15:03:23.507,14153,14154,14153,1
2020-12-04 15:03:24.351,14153,14154,14154,1
2020-12-04 15:03:25.503,14153,14154,14154,1
2020-12-04 15:03:26.261,14153,14154,14153,1
2020-12-04 15:03:26.360,14153,14154,14154,1
2020-12-04 15:03:28.037,14153,14154,14154,5
2020-12-04 15:03:28.039,14153,14154,14154,3
2020-12-04 15:03:28.053,14154,14155,14155,1
2020-12-04 15:03:29.130,14154,14155,14155,3
2020-12-04 15:03:31.137,14154,14155,14155,10
2020-12-04 15:03:31.464,14154,14156,14154,1
2020-12-04 15:03:31.807,14154,14155,14155,1
2020-12-04 15:03:31.815,14154,14155,14156,1
2020-12-04 15:03:31.984,14154,14156,14154,1
2020-12-04 15:03:32.004,14154,14156,14156,4
2020-12-04 15:03:32.005,14154,14156,14156,2
2020-12-04 15:03:32.011,14154,14156,14156,2
2020-12-04 15:03:32.024,14154,14156,14156,2
2020-12-04 15:03:32.212,14154,14156,14154,1
2020-12-04 15:03:32.276,14154,14156,14154,1
2020-12-04 15:03:32.445,14154,14156,14156,2
2020-12-04 15:03:32.582,14154,14156,14154,4
2020-12-04 15:03:34.246,14155,14156,14156,1
2020-12-04 15:03:34.250,14155,14156,14156,3
2020-12-04 15:03:36.315,14155,14156,14156,1
2020-12-04 15:03:37.224,14155,14156,14156,1
2020-12-04 15:03:37.258,14155,14156,14156,1
2020-12-04 15:03:39.757,14155,14156,14156,7
2020-12-04 15:03:39.759,14155,14156,14156,1
2020-12-04 15:03:40.281,14155,14157,14157,2
2020-12-04 15:03:40.618,14155,14157,14155,1
2020-12-04 15:03:41.759,14155,14157,14157,3
2020-12-04 15:03:42.613,14156,14157,14157,4
2020-12-04 15:03:43.202,14156,14157,14157,1
2020-12-04 15:03:44.609,14156,14157,14156,1
2020-12-04 15:03:47.225,14156,14157,14157,6
2020-12-04 15:03:48.407,14157,14158,14157,1
2020-12-04 15:03:48.412,14157,14158,14157,2
2020-12-04 15:03:48.601,14157,14158,14158,3
2020-12-04 15:03:48.698,14157,14158,14158,5
2020-12-04 15:03:48.699,14157,14158,14158,7
2020-12-04 15:03:48.699,14157,14158,14158,2
2020-12-04 15:03:48.700,14157,14158,14158,1
2020-12-04 15:03:48.700,14157,14158,14158,9
2020-12-04 15:03:48.700,14157,14158,14158,5
2020-12-04 15:03:48.700,14157,14158,14158,2
2020-12-04 15:03:48.701,14157,14158,14158,3
2020-12-04 15:03:49.560,14157,14158,14158,1
2020-12-04 15:03:50.398,14157,14159,14158,1
2020-12-04 15:03:50.398,14157,14159,14157,1
2020-12-04 15:03:50.887,14157,14159,14159,3
2020-12-04 15:03:51.384,14157,14159,14159,1
2020-12-04 15:03:52.392,14158,14159,14159,1
2020-12-04 15:03:53.480,14158,14159,14158,2
2020-12-04 15:03:54.045,14158,14159,14159,1
2020-12-04 15:03:54.604,14158,14159,14159,3
2020-12-04 15:03:54.617,14158,14159,14159,4
2020-12-04 15:03:55.216,14159,14160,14160,1
2020-12-04 15:03:55.329,14159,14160,14160,1
2020-12-04 15:03:55.370,14159,14160,14160,1
2020-12-04 15:03:55.385,14159,14160,14160,1
2020-12-04 15:03:55.460,14159,14160,14159,1
2020-12-04 15:03:55.585,14159,14160,14160,2
2020-12-04 15:03:55.606,14159,14160,14160,1
2020-12-04 15:03:55.776,14159,14160,14159,1
2020-12-04 15:03:55.776,14159,14160,14159,1
2020-12-04 15:03:55.776,14159,14160,14159,1
2020-12-04 15:03:55.776,14159,14160,14159,1
2020-12-04 15:03:55.776,14159,14160,14159,1
2020-12-04 15:03:55.777,14159,14160,14159,1
2020-12-04 15:03:55.777,14159,14160,14159,1
2020-12-04 15:03:55.929,14158,14159,14159,1
2020-12-04 15:03:56.072,14158,14159,14158,1
2020-12-04 15:03:56.457,14158,14159,14158,1
2020-12-04 15:03:56.745,14157,14159,14157,1
2020-12-04 15:03:56.931,14157,14158,14157,1
2020-12-04 15:03:57.072,14157,14158,14157,1
2020-12-04 15:03:57.432,14157,14158,14158,1
2020-12-04 15:03:57.516,14157,14158,14158,1
2020-12-04 15:03:57.613,14157,14158,14158,1
2020-12-04 15:03:57.643,14157,14158,14157,2
2020-12-04 15:03:58.236,14156,14157,14157,2
2020-12-04 15:03:58.236,14156,14157,14158,1
2020-12-04 15:03:58.523,14156,14157,14157,1
2020-12-04 15:03:58.523,14156,14157,14157,1
2020-12-04 15:03:58.848,14156,14158,14158,1
2020-12-04 15:03:59.485,14156,14158,14158,1
2020-12-04 15:03:59.636,14156,14159,14159,2
2020-12-04 15:04:00.312,14157,14159,14158,1
2020-12-04 15:04:00.312,14157,14159,14159,4
2020-12-04 15:04:00.565,14157,14159,14157,4
2020-12-04 15:04:00.722,14157,14159,14159,1
2020-12-04 15:04:01.035,14157,14159,14157,2
2020-12-04 15:04:01.275,14157,14158,14158,2
2020-12-04 15:04:01.377,14157,14159,14157,2
2020-12-04 15:04:01.532,14157,14158,14157,2
2020-12-04 15:04:02.107,14157,14158,14157,1
2020-12-04 15:04:02.134,14157,14158,14158,1
2020-12-04 15:04:02.280,14157,14158,14158,1
2020-12-04 15:04:03.056,14157,14158,14157,2
2020-12-04 15:04:04.219,14156,14158,14156,2
2020-12-04 15:04:04.233,14156,14158,14156,1
2020-12-04 15:04:05.073,14156,14157,14158,1
2020-12-04 15:04:05.501,14156,14158,14158,1
2020-12-04 15:04:07.278,14157,14158,14158,2
2020-12-04 15:04:07.284,14157,14158,14157,1
2020-12-04 15:04:07.755,14157,14158,14158,1
2020-12-04 15:04:08.769,14158,14159,14158,1
2020-12-04 15:04:08.769,14158,14159,14157,2
2020-12-04 15:04:09.150,14157,14158,14158,1
2020-12-04 15:04:09.224,14157,14158,14158,1
2020-12-04 15:04:09.687,14157,14158,14158,2
2020-12-04 15:04:10.134,14157,14159,14157,1
2020-12-04 15:04:10.289,14157,14159,14159,1
2020-12-04 15:04:10.605,14157,14158,14158,2
2020-12-04 15:04:11.834,14157,14159,14159,1
2020-12-04 15:04:13.919,14157,14158,14158,1
2020-12-04 15:04:14.457,14157,14158,14157,4
2020-12-04 15:04:14.808,14157,14158,14158,1
2020-12-04 15:04:15.907,14157,14159,14159,5
2020-12-04 15:04:17.844,14157,14159,14159,1
2020-12-04 15:04:18.267,14157,14159,14157,5
2020-12-04 15:04:19.361,14157,14158,14157,1
2020-12-04 15:04:19.837,14157,14158,14158,2
2020-12-04 15:04:21.466,14157,14158,14158,1
2020-12-04 15:04:23.993,14157,14158,14157,1
2020-12-04 15:04:24.124,14157,14158,14157,2
2020-12-04 15:04:24.124,14157,14158,14157,3
2020-12-04 15:04:25.282,14156,14157,14157,1
2020-12-04 15:04:25.805,14156,14157,14157,1
2020-12-04 15:04:26.024,14156,14157,14157,1
2020-12-04 15:04:27.950,14156,14157,14157,1
2020-12-04 15:04:28.054,14156,14157,14157,1
2020-12-04 15:04:28.325,14156,14157,14157,1
2020-12-04 15:04:29.407,14156,14157,14157,3
2020-12-04 15:04:29.407,14156,14157,14158,1
2020-12-04 15:04:33.315,14157,14158,14158,1
2020-12-04 15:04:33.700,14157,14158,14158,3
2020-12-04 15:04:34.985,14157,14158,14157,1
2020-12-04 15:04:37.314,14156,14157,14156,1
2020-12-04 15:04:37.457,14156,14157,14157,3
2020-12-04 15:04:37.457,14156,14157,14158,2
2020-12-04 15:04:40.944,14156,14158,14156,1
2020-12-04 15:04:41.158,14156,14158,14158,2
2020-12-04 15:04:45.642,14156,14157,14156,5
2020-12-04 15:04:49.203,14156,14157,14157,2
2020-12-04 15:04:55.213,14157,14158,14158,1
2020-12-04 15:04:56.843,14157,14158,14157,2
2020-12-04 15:04:58.242,14156,14157,14157,4
2020-12-04 15:04:59.434,14156,14158,14156,1
2020-12-04 15:05:00.013,14156,14157,14157,1
2020-12-04 15:05:01.072,14156,14157,14157,1
2020-12-04 15:05:01.380,14156,14157,14157,1
2020-12-04 15:05:01.424,14156,14157,14156,2
2020-12-04 15:05:01.427,14156,14157,14156,1
2020-12-04 15:05:01.427,14156,14157,14156,5
2020-12-04 15:05:01.712,14155,14157,14155,1
2020-12-04 15:05:02.461,14155,14156,14155,5
2020-12-04 15:05:02.785,14155,14156,14155,1
2020-12-04 15:05:03.128,14155,14156,14155,1
2020-12-04 15:05:04.495,14155,14156,14155,1
2020-12-04 15:05:04.503,14155,14156,14155,2
2020-12-04 15:05:04.761,14155,14156,14156,4
2020-12-04 15:05:04.761,14155,14156,14157,1
2020-12-04 15:05:06.075,14155,14156,14155,2
2020-12-04 15:05:06.334,14155,14156,14155,10
2020-12-04 15:05:09.466,14155,14156,14155,1
2020-12-04 15:05:10.350,14155,14156,14156,2
2020-12-04 15:05:10.350,14155,14156,14157,2
2020-12-04 15:05:11.087,14156,14157,14156,1
2020-12-04 15:05:11.265,14155,14157,14155,1
2020-12-04 15:05:19.278,14155,14156,14156,1
2020-12-04 15:05:21.834,14155,14156,14156,1
2020-12-04 15:05:23.121,14155,14156,14156,1
2020-12-04 15:05:27.580,14155,14156,14156,2
2020-12-04 15:05:27.580,14155,14156,14157,3
2020-12-04 15:05:27.979,14156,14157,14156,1
2020-12-04 15:05:29.255,14155,14156,14156,1
2020-12-04 15:05:30.346,14155,14157,14155,1
2020-12-04 15:05:31.946,14156,14157,14156,1
2020-12-04 15:05:33.077,14155,14156,14156,1
2020-12-04 15:05:34.679,14155,14157,14155,1
2020-12-04 15:05:35.961,14156,14157,14156,1
2020-12-04 15:05:36.922,14155,14156,14156,1
2020-12-04 15:05:39.487,14156,14157,14156,4
2020-12-04 15:05:40.444,14156,14157,14156,1
2020-12-04 15:05:42.108,14155,14157,14157,1
2020-12-04 15:05:44.952,14155,14157,14155,5
2020-12-04 15:05:45.238,14155,14156,14155,2
2020-12-04 15:05:45.459,14155,14156,14155,5
2020-12-04 15:05:45.962,14155,14156,14155,5
2020-12-04 15:05:45.962,14155,14156,14155,23
2020-12-04 15:05:48.074,14154,14155,14154,1
2020-12-04 15:05:48.937,14153,14154,14154,4
2020-12-04 15:05:48.937,14153,14154,14155,1
2020-12-04 15:05:50.025,14153,14155,14155,1
2020-12-04 15:05:50.800,14154,14155,14155,1
2020-12-04 15:05:51.513,14154,14156,14154,1
2020-12-04 15:05:52.592,14154,14156,14154,1
2020-12-04 15:05:57.631,14154,14155,14155,1
2020-12-04 15:05:58.087,14154,14155,14154,1
2020-12-04 15:06:02.432,14154,14155,14154,1
2020-12-04 15:06:03.096,14154,14155,14155,1
2020-12-04 15:06:03.401,14155,14156,14156,1
2020-12-04 15:06:06.307,14155,14156,14156,1
2020-12-04 15:06:07.776,14155,14156,14155,4
2020-12-04 15:06:07.777,14155,14156,14155,1
2020-12-04 15:06:08.670,14154,14156,14154,1
2020-12-04 15:06:09.489,14154,14156,14154,2
2020-12-04 15:06:10.814,14155,14156,14155,1
2020-12-04 15:06:10.815,14155,14156,14155,4
2020-12-04 15:06:19.867,14154,14155,14155,2
2020-12-04 15:06:24.229,14154,14155,14154,1
2020-12-04 15:06:28.588,14154,14155,14154,1
2020-12-04 15:06:37.546,14154,14155,14155,1
2020-12-04 15:06:39.846,14154,14155,14155,1
2020-12-04 15:06:40.298,14154,14155,14155,1
2020-12-04 15:06:43.309,14154,14155,14155,1
2020-12-04 15:06:53.824,14154,14155,14155,1
2020-12-04 15:06:54.446,14154,14155,14155,2
2020-12-04 15:06:56.151,14154,14155,14155,2
2020-12-04 15:06:56.253,14154,14155,14154,1
2020-12-04 15:06:58.063,14154,14155,14155,1
2020-12-04 15:06:59.626,14154,14155,14155,1
2020-12-04 15:07:01.788,14154,14155,14155,1
2020-12-04 15:07:02.458,14154,14155,14154,2
2020-12-04 15:07:07.795,14154,14155,14155,1
2020-12-04 15:07:10.660,14154,14155,14154,18
2020-12-04 15:07:19.545,14153,14154,14154,2
2020-12-04 15:07:21.266,14153,14154,14154,1
2020-12-04 15:07:21.911,14153,14154,14153,1
2020-12-04 15:07:21.950,14153,14154,14153,7
2020-12-04 15:07:28.488,14152,14153,14152,4
2020-12-04 15:07:28.488,14152,14153,14152,1
2020-12-04 15:07:28.488,14152,14153,14152,2
2020-12-04 15:07:28.488,14152,14153,14152,3
2020-12-04 15:07:28.751,14151,14153,14151,3
2020-12-04 15:07:28.901,14151,14153,14151,2
2020-12-04 15:07:29.285,14151,14152,14151,1
2020-12-04 15:07:32.372,14151,14152,14151,1
2020-12-04 15:07:35.527,14151,14152,14151,1
2020-12-04 15:07:35.743,14151,14152,14152,1
2020-12-04 15:07:35.754,14151,14152,14151,2
2020-12-04 15:07:35.918,14151,14152,14151,1
2020-12-04 15:07:36.372,14151,14152,14151,3
2020-12-04 15:07:36.930,14150,14151,14151,2
2020-12-04 15:07:40.342,14150,14151,14151,1
2020-12-04 15:07:41.137,14150,14151,14151,1
2020-12-04 15:07:43.929,14150,14151,14150,1
2020-12-04 15:07:44.348,14150,14151,14150,1
2020-12-04 15:07:45.540,14150,14151,14150,1
2020-12-04 15:07:50.342,14150,14151,14151,1
2020-12-04 15:07:50.342,14150,14151,14151,1
2020-12-04 15:07:51.096,14151,14152,14151,2
2020-12-04 15:07:52.499,14151,14152,14152,1
2020-12-04 15:08:02.380,14151,14152,14151,2
2020-12-04 15:08:02.559,14151,14152,14151,1
2020-12-04 15:08:03.197,14151,14152,14151,3
2020-12-04 15:08:03.841,14150,14151,14151,1
2020-12-04 15:08:03.841,14150,14151,14152,1
2020-12-04 15:08:05.910,14150,14152,14150,1
2020-12-04 15:08:09.277,14151,14152,14151,1
2020-12-04 15:08:17.733,14151,14152,14151,1
2020-12-04 15:08:21.201,14151,14152,14151,1
2020-12-04 15:08:21.201,14151,14152,14150,2
2020-12-04 15:08:21.204,14151,14152,14151,2
2020-12-04 15:08:27.479,14151,14152,14152,4
2020-12-04 15:08:31.396,14151,14152,14152,1
2020-12-04 15:08:33.954,14151,14153,14151,5
2020-12-04 15:08:34.563,14151,14153,14151,2
2020-12-04 15:08:42.683,14151,14152,14151,3
2020-12-04 15:08:42.683,14151,14152,14150,2
2020-12-04 15:08:48.323,14151,14152,14152,1
2020-12-04 15:08:52.217,14151,14152,14151,1
2020-12-04 15:08:59.681,14150,14151,14151,2
2020-12-04 15:09:04.218,14151,14152,14152,11
2020-12-04 15:09:04.431,14152,14153,14152,1
2020-12-04 15:09:04.431,14152,14153,14151,1
2020-12-04 15:09:07.869,14151,14153,14151,1
2020-12-04 15:09:12.686,14152,14153,14153,1
2020-12-04 15:09:13.097,14152,14153,14152,2
2020-12-04 15:09:13.098,14152,14153,14152,1
2020-12-04 15:09:15.512,14152,14153,14152,1
2020-12-04 15:09:16.720,14151,14152,14152,1
2020-12-04 15:09:18.549,14151,14152,14152,1
2020-12-04 15:09:18.551,14151,14152,14152,2
2020-12-04 15:09:22.522,14151,14153,14151,4
2020-12-04 15:09:26.730,14151,14152,14151,1
2020-12-04 15:09:26.948,14151,14152,14152,2
2020-12-04 15:09:28.918,14151,14152,14152,2
2020-12-04 15:09:39.974,14151,14152,14152,1
2020-12-04 15:09:44.947,14151,14152,14152,3
2020-12-04 15:09:54.081,14151,14152,14152,3
2020-12-04 15:09:54.082,14151,14152,14152,4
2020-12-04 15:09:54.325,14152,14153,14153,1
2020-12-04 15:09:54.453,14152,14153,14152,5
2020-12-04 15:10:01.058,14152,14153,14152,5
2020-12-04 15:10:01.377,14151,14153,14153,1
2020-12-04 15:10:01.377,14151,14153,14153,1
2020-12-04 15:10:01.378,14151,14153,14153,1
2020-12-04 15:10:01.386,14151,14153,14153,1
2020-12-04 15:10:01.387,14151,14153,14153,1
2020-12-04 15:10:01.395,14151,14153,14154,1
2020-12-04 15:10:01.400,14151,14153,14154,1
2020-12-04 15:10:01.402,14151,14153,14154,1
2020-12-04 15:10:01.414,14151,14153,14154,1
2020-12-04 15:10:01.448,14152,14154,14154,1
2020-12-04 15:10:01.688,14152,14154,14154,1
2020-12-04 15:10:02.823,14152,14154,14154,1
2020-12-04 15:10:03.777,14153,14155,14155,1
2020-12-04 15:10:04.083,14153,14155,14155,2
2020-12-04 15:10:04.629,14153,14155,14155,2
2020-12-04 15:10:13.022,14154,14155,14155,1
2020-12-04 15:10:15.140,14154,14156,14156,1
2020-12-04 15:10:17.737,14154,14155,14155,1
2020-12-04 15:10:20.285,14155,14156,14156,5
2020-12-04 15:10:21.434,14155,14156,14156,3
2020-12-04 15:10:23.707,14155,14156,14156,1
2020-12-04 15:10:23.707,14155,14156,14157,2
2020-12-04 15:10:25.473,14155,14156,14156,1
2020-12-04 15:10:33.260,14155,14156,14156,1
2020-12-04 15:10:37.580,14155,14156,14155,1
2020-12-04 15:10:41.001,14155,14156,14155,1
2020-12-04 15:10:41.039,14155,14156,14155,4
2020-12-04 15:10:41.039,14155,14156,14155,2
2020-12-04 15:10:51.729,14154,14155,14154,3
2020-12-04 15:10:54.336,14153,14154,14154,1
2020-12-04 15:10:55.133,14153,14154,14154,1
2020-12-04 15:11:01.616,14153,14155,14153,1
2020-12-04 15:11:02.461,14153,14154,14153,1
2020-12-04 15:11:20.034,14153,14154,14153,3
2020-12-04 15:11:20.464,14153,14154,14154,1
2020-12-04 15:11:20.565,14153,14154,14153,2
2020-12-04 15:11:23.599,14153,14154,14153,5
2020-12-04 15:11:24.457,14153,14154,14153,1
2020-12-04 15:11:24.868,14153,14154,14153,1
2020-12-04 15:11:35.326,14152,14153,14152,1
2020-12-04 15:11:44.585,14152,14153,14152,1
2020-12-04 15:11:44.585,14152,14153,14152,4
2020-12-04 15:11:44.738,14151,14153,14153,1
2020-12-04 15:11:47.848,14151,14152,14152,2
2020-12-04 15:11:47.849,14151,14152,14152,1
2020-12-04 15:12:04.136,14151,14152,14152,1
2020-12-04 15:12:04.313,14151,14152,14152,5
2020-12-04 15:12:04.362,14151,14152,14153,1
2020-12-04 15:12:04.362,14151,14152,14154,1
2020-12-04 15:12:04.369,14151,14152,14154,3
2020-12-04 15:12:04.459,14153,14154,14154,1
2020-12-04 15:12:04.459,14153,14154,14155,2
2020-12-04 15:12:04.493,14153,14154,14154,2
2020-12-04 15:12:04.494,14153,14154,14155,1
2020-12-04 15:12:14.248,14154,14155,14154,1
2020-12-04 15:12:23.393,14154,14155,14154,2
2020-12-04 15:12:29.207,14154,14155,14154,1
2020-12-04 15:12:49.361,14154,14155,14154,1
2020-12-04 15:12:52.080,14154,14155,14154,1
2020-12-04 15:12:56.051,14154,14155,14154,2
2020-12-04 15:12:56.571,14154,14155,14154,1
2020-12-04 15:12:56.879,14154,14155,14155,2
2020-12-04 15:12:59.165,14154,14155,14155,2
2020-12-04 15:12:59.394,14154,14155,14154,1
2020-12-04 15:13:01.248,14154,14155,14154,1
2020-12-04 15:13:01.610,14154,14155,14155,2
2020-12-04 15:13:02.503,14154,14155,14154,4
2020-12-04 15:13:03.044,14154,14155,14154,1
2020-12-04 15:13:03.045,14154,14155,14154,1
2020-12-04 15:13:09.042,14153,14154,14154,1
2020-12-04 15:13:15.035,14154,14155,14155,1
2020-12-04 15:13:16.626,14154,14155,14155,1
2020-12-04 15:13:17.280,14154,14155,14155,10
2020-12-04 15:13:17.280,14154,14155,14155,11
2020-12-04 15:13:18.838,14155,14156,14155,1
2020-12-04 15:13:20.729,14155,14156,14155,1
2020-12-04 15:13:23.979,14155,14156,14156,1
2020-12-04 15:13:25.426,14155,14156,14155,1
2020-12-04 15:13:40.472,14155,14156,14156,1
2020-12-04 15:13:40.525,14155,14156,14156,1
2020-12-04 15:13:41.649,14155,14156,14156,1
2020-12-04 15:13:42.374,14155,14156,14156,2
2020-12-04 15:13:42.375,14155,14156,14156,5
2020-12-04 15:13:47.223,14155,14157,14155,1
2020-12-04 15:13:47.888,14156,14157,14156,1
2020-12-04 15:13:52.760,14156,14157,14156,1
2020-12-04 15:13:52.894,14155,14156,14156,3
2020-12-04 15:13:56.610,14156,14157,14157,1
2020-12-04 15:13:56.617,14156,14157,14157,1
2020-12-04 15:13:57.711,14156,14157,14157,3
2020-12-04 15:13:59.684,14156,14157,14157,2
2020-12-04 15:14:02.486,14156,14157,14156,1
2020-12-04 15:14:02.810,14156,14157,14156,1
2020-12-04 15:14:02.850,14156,14157,14157,1
2020-12-04 15:14:04.240,14156,14157,14157,1
2020-12-04 15:14:04.541,14156,14157,14157,1
2020-12-04 15:14:07.393,14157,14158,14157,1
2020-12-04 15:14:07.400,14157,14158,14157,1
2020-12-04 15:14:08.128,14157,14158,14158,1
2020-12-04 15:14:09.490,14157,14158,14157,2
2020-12-04 15:14:11.474,14157,14158,14158,1
2020-12-04 15:14:13.225,14157,14158,14157,1
2020-12-04 15:14:13.292,14157,14158,14158,1
2020-12-04 15:14:14.451,14157,14158,14158,4
2020-12-04 15:14:14.451,14157,14158,14158,2
2020-12-04 15:14:14.451,14157,14158,14158,1
2020-12-04 15:14:14.451,14157,14158,14158,9
2020-12-04 15:14:14.475,14157,14158,14158,1
2020-12-04 15:14:14.886,14158,14159,14158,5
2020-12-04 15:14:14.979,14157,14159,14157,1
2020-12-04 15:14:15.881,14157,14158,14158,1
2020-12-04 15:14:17.544,14157,14158,14158,1
2020-12-04 15:14:17.732,14157,14158,14158,1
2020-12-04 15:14:18.332,14157,14158,14158,3
2020-12-04 15:14:18.737,14157,14158,14158,1
2020-12-04 15:14:20.116,14157,14158,14158,1
2020-12-04 15:14:22.052,14157,14159,14159,15
2020-12-04 15:14:23.752,14158,14159,14158,5
2020-12-04 15:14:23.850,14157,14158,14157,3
2020-12-04 15:14:24.887,14157,14158,14158,2
2020-12-04 15:14:24.887,14157,14158,14158,1
2020-12-04 15:14:27.264,14157,14158,14158,4
2020-12-04 15:14:28.641,14157,14159,14159,1
2020-12-04 15:14:30.775,14158,14159,14159,2
2020-12-04 15:14:32.797,14158,14159,14159,1
2020-12-04 15:14:32.799,14158,14159,14159,3
2020-12-04 15:14:42.173,14159,14160,14159,3
2020-12-04 15:14:48.441,14159,14160,14159,1
2020-12-04 15:14:48.814,14159,14160,14160,14
2020-12-04 15:14:48.817,14159,14160,14160,8
2020-12-04 15:14:48.951,14160,14161,14161,2
2020-12-04 15:14:48.951,14160,14161,14161,2
2020-12-04 15:14:48.986,14160,14161,14161,2
2020-12-04 15:14:49.025,14160,14161,14161,2
2020-12-04 15:14:49.036,14160,14161,14161,2
2020-12-04 15:14:49.039,14160,14161,14161,1
2020-12-04 15:14:49.039,14160,14161,14161,1
2020-12-04 15:14:49.046,14160,14161,14162,1
2020-12-04 15:14:49.055,14160,14162,14162,1
2020-12-04 15:14:49.066,14160,14162,14162,2
2020-12-04 15:14:49.081,14160,14162,14162,2
2020-12-04 15:14:49.083,14160,14162,14162,1
2020-12-04 15:14:49.090,14160,14162,14162,1
2020-12-04 15:14:49.091,14160,14162,14162,1
2020-12-04 15:14:49.092,14160,14162,14162,1
2020-12-04 15:14:49.132,14160,14162,14162,2
2020-12-04 15:14:49.198,14161,14162,14161,1
2020-12-04 15:14:49.304,14160,14162,14162,1
2020-12-04 15:14:49.361,14160,14162,14162,1
2020-12-04 15:14:49.371,14160,14162,14162,1
2020-12-04 15:14:49.371,14160,14162,14162,1
2020-12-04 15:14:49.375,14160,14162,14162,6
2020-12-04 15:14:49.384,14160,14162,14162,1
2020-12-04 15:14:49.392,14160,14162,14162,6
2020-12-04 15:14:49.432,14161,14163,14163,1
2020-12-04 15:14:49.436,14161,14163,14163,1
2020-12-04 15:14:49.458,14161,14163,14163,1
2020-12-04 15:14:49.478,14161,14163,14163,1
2020-12-04 15:14:49.493,14161,14163,14162,1
2020-12-04 15:14:49.495,14161,14163,14162,1
2020-12-04 15:14:49.546,14161,14163,14163,1
2020-12-04 15:14:49.681,14162,14163,14163,3
2020-12-04 15:14:49.751,14162,14163,14163,2
2020-12-04 15:14:49.806,14162,14163,14163,1
2020-12-04 15:14:49.806,14162,14163,14164,3
2020-12-04 15:14:49.852,14162,14163,14162,3
2020-12-04 15:14:49.876,14162,14163,14163,1
2020-12-04 15:14:49.938,14162,14163,14163,2
2020-12-04 15:14:50.047,14162,14163,14163,1
2020-12-04 15:14:50.147,14161,14163,14163,1
2020-12-04 15:14:50.245,14161,14163,14163,7
2020-12-04 15:14:50.322,14162,14163,14162,1
2020-12-04 15:14:50.402,14162,14163,14163,1
2020-12-04 15:14:50.458,14161,14163,14163,1
2020-12-04 15:14:51.148,14161,14163,14161,1
2020-12-04 15:14:52.446,14161,14162,14162,6
2020-12-04 15:14:52.446,14161,14162,14163,8
2020-12-04 15:14:52.790,14161,14163,14163,1
2020-12-04 15:14:53.913,14161,14162,14162,1
2020-12-04 15:14:54.230,14161,14162,14162,1
2020-12-04 15:14:54.230,14161,14162,14163,4
2020-12-04 15:14:54.231,14161,14162,14163,6
2020-12-04 15:14:54.231,14161,14162,14163,3
2020-12-04 15:14:55.189,14162,14164,14162,1
2020-12-04 15:14:55.430,14162,14163,14163,4
2020-12-04 15:14:56.349,14162,14163,14162,1
2020-12-04 15:14:57.526,14162,14163,14163,1
2020-12-04 15:14:58.063,14162,14163,14163,1
2020-12-04 15:14:58.750,14162,14163,14163,1
2020-12-04 15:14:59.578,14162,14163,14163,1
2020-12-04 15:15:00.000,14162,14163,14163,1
2020-12-04 15:15:00.068,14163,14164,14164,1
2020-12-04 15:15:00.405,14163,14164,14163,2
2020-12-04 15:15:00.431,14162,14164,14162,5
2020-12-04 15:15:00.456,14162,14164,14162,1
2020-12-04 15:15:00.472,14162,14164,14161,1
2020-12-04 15:15:00.508,14162,14164,14161,1
2020-12-04 15:15:00.510,14162,14164,14161,1
2020-12-04 15:15:00.511,14162,14164,14161,1
2020-12-04 15:15:00.630,14161,14163,14163,1
2020-12-04 15:15:00.660,14161,14163,14163,2
2020-12-04 15:15:00.670,14161,14163,14163,1
2020-12-04 15:15:00.670,14161,14163,14164,2
2020-12-04 15:15:00.673,14161,14163,14164,1
2020-12-04 15:15:00.850,14162,14164,14164,1
2020-12-04 15:15:01.089,14162,14163,14162,1
2020-12-04 15:15:01.189,14162,14163,14162,1
2020-12-04 15:15:01.267,14162,14163,14161,1
2020-12-04 15:15:02.296,14162,14163,14162,1
2020-12-04 15:15:03.900,14161,14162,14162,1
2020-12-04 15:15:05.174,14162,14163,14162,4
2020-12-04 15:15:08.262,14161,14162,14162,4
2020-12-04 15:15:08.606,14161,14162,14162,1
2020-12-04 15:15:09.388,14161,14162,14162,1
2020-12-04 15:15:09.747,14161,14162,14161,1
2020-12-04 15:15:09.862,14161,14162,14162,5
2020-12-04 15:15:09.862,14161,14162,14163,1
2020-12-04 15:15:10.104,14162,14163,14162,2
2020-12-04 15:15:11.383,14162,14163,14162,1
2020-12-04 15:15:12.429,14162,14163,14163,1
2020-12-04 15:15:12.431,14162,14163,14163,2
2020-12-04 15:15:13.575,14162,14163,14163,1
2020-12-04 15:15:13.670,14162,14163,14163,1
2020-12-04 15:15:16.588,14162,14163,14163,1
2020-12-04 15:15:17.506,14162,14163,14163,1
2020-12-04 15:15:17.580,14162,14164,14162,2
2020-12-04 15:15:17.884,14163,14164,14163,5
2020-12-04 15:15:18.565,14163,14164,14163,1
2020-12-04 15:15:18.711,14163,14164,14163,1
2020-12-04 15:15:19.341,14162,14163,14163,1
2020-12-04 15:15:24.186,14163,14164,14163,3
2020-12-04 15:15:25.799,14163,14164,14163,1
2020-12-04 15:15:26.381,14162,14163,14162,1
2020-12-04 15:15:29.155,14162,14163,14163,3
2020-12-04 15:15:29.636,14162,14163,14163,1
2020-12-04 15:15:32.560,14162,14163,14163,2
2020-12-04 15:15:33.433,14162,14163,14162,2
2020-12-04 15:15:34.283,14162,14163,14163,1
2020-12-04 15:15:35.067,14162,14163,14162,1
2020-12-04 15:15:36.050,14162,14163,14163,1
2020-12-04 15:15:37.297,14162,14163,14162,1
2020-12-04 15:15:38.128,14162,14163,14163,4
2020-12-04 15:15:38.409,14162,14163,14163,1
2020-12-04 15:15:39.753,14162,14163,14163,1
2020-12-04 15:15:39.960,14162,14163,14163,3
2020-12-04 15:15:40.003,14162,14163,14162,1
2020-12-04 15:15:42.340,14162,14163,14163,3
2020-12-04 15:15:43.036,14162,14163,14162,14
2020-12-04 15:15:45.043,14161,14162,14162,1
2020-12-04 15:15:45.210,14161,14162,14162,1
2020-12-04 15:15:46.988,14161,14162,14161,9
2020-12-04 15:15:46.988,14161,14162,14160,1
2020-12-04 15:15:47.461,14160,14161,14160,1
2020-12-04 15:15:48.036,14160,14161,14161,1
2020-12-04 15:15:48.036,14160,14161,14162,7
2020-12-04 15:15:48.036,14160,14161,14163,8
2020-12-04 15:15:49.895,14162,14163,14162,4
2020-12-04 15:15:49.895,14162,14163,14161,13
2020-12-04 15:15:49.895,14162,14163,14160,41
2020-12-04 15:15:50.220,14160,14162,14160,1
2020-12-04 15:15:51.423,14159,14161,14161,1
2020-12-04 15:15:57.258,14159,14160,14159,1
2020-12-04 15:15:58.540,14158,14159,14159,1
2020-12-04 15:16:01.702,14159,14160,14160,1
2020-12-04 15:16:03.304,14159,14160,14159,2
2020-12-04 15:16:03.304,14159,14160,14158,15
2020-12-04 15:16:03.306,14159,14160,14158,1
2020-12-04 15:16:03.306,14159,14160,14158,4
2020-12-04 15:16:03.427,14159,14160,14158,1
2020-12-04 15:16:10.292,14157,14159,14157,8
2020-12-04 15:16:13.715,14156,14157,14157,1
2020-12-04 15:16:14.482,14156,14157,14156,5
2020-12-04 15:16:14.589,14156,14157,14156,10
2020-12-04 15:16:14.645,14156,14157,14155,2
2020-12-04 15:16:14.703,14155,14157,14157,1
2020-12-04 15:16:16.003,14155,14157,14157,1
2020-12-04 15:16:16.798,14155,14157,14157,1
2020-12-04 15:16:21.796,14155,14157,14155,1
2020-12-04 15:16:23.303,14155,14157,14155,5
2020-12-04 15:16:25.120,14154,14156,14155,1
2020-12-04 15:16:25.121,14154,14156,14155,4
2020-12-04 15:16:28.853,14155,14156,14155,1
2020-12-04 15:16:30.209,14155,14156,14155,1
2020-12-04 15:16:32.325,14155,14156,14155,1
2020-12-04 15:16:32.903,14155,14156,14156,4
2020-12-04 15:16:33.757,14155,14156,14155,1
2020-12-04 15:16:34.263,14155,14156,14155,2
2020-12-04 15:16:34.263,14155,14156,14154,3
2020-12-04 15:16:35.756,14155,14156,14155,1
2020-12-04 15:16:35.756,14155,14156,14154,4
2020-12-04 15:16:36.735,14154,14156,14156,1
2020-12-04 15:16:36.798,14154,14156,14154,5
2020-12-04 15:16:39.878,14154,14155,14155,1
2020-12-04 15:16:39.879,14154,14155,14155,3
2020-12-04 15:16:41.946,14155,14156,14155,4
2020-12-04 15:16:41.946,14155,14156,14154,12
2020-12-04 15:16:41.948,14155,14156,14154,2
2020-12-04 15:16:41.948,14155,14156,14154,3
2020-12-04 15:16:44.875,14153,14154,14154,1
2020-12-04 15:16:46.313,14153,14154,14154,1
2020-12-04 15:16:47.407,14153,14154,14153,1
2020-12-04 15:16:47.445,14153,14154,14153,11
2020-12-04 15:16:47.692,14152,14153,14153,1
2020-12-04 15:16:47.694,14152,14153,14153,8
2020-12-04 15:16:49.629,14153,14154,14153,1
2020-12-04 15:16:54.061,14153,14154,14154,20
2020-12-04 15:16:54.064,14153,14154,14154,9
2020-12-04 15:16:58.331,14154,14155,14155,4
2020-12-04 15:17:02.503,14154,14155,14155,5
2020-12-04 15:17:02.754,14154,14156,14154,1
2020-12-04 15:17:06.999,14154,14156,14154,2
2020-12-04 15:17:07.692,14154,14156,14154,2
2020-12-04 15:17:08.874,14154,14156,14154,2
2020-12-04 15:17:09.215,14154,14156,14154,2
2020-12-04 15:17:10.277,14154,14156,14156,6
2020-12-04 15:17:14.197,14155,14156,14155,4
2020-12-04 15:17:18.712,14154,14155,14155,17
2020-12-04 15:17:21.464,14155,14156,14156,5
2020-12-04 15:17:21.518,14155,14156,14156,1
2020-12-04 15:17:22.785,14156,14157,14156,1
2020-12-04 15:17:32.601,14155,14156,14156,1
2020-12-04 15:17:34.053,14156,14157,14157,2
2020-12-04 15:17:37.886,14156,14157,14156,1
2020-12-04 15:17:48.119,14156,14157,14156,1
2020-12-04 15:17:52.944,14156,14157,14156,1
2020-12-04 15:17:56.777,14155,14156,14155,5
2020-12-04 15:17:58.311,14155,14156,14156,1
2020-12-04 15:18:07.333,14155,14156,14155,1
2020-12-04 15:18:07.693,14155,14156,14155,1
2020-12-04 15:18:15.328,14155,14156,14155,1
2020-12-04 15:18:18.262,14155,14156,14155,1
2020-12-04 15:18:23.677,14155,14156,14155,2
2020-12-04 15:18:27.408,14155,14156,14155,24
2020-12-04 15:18:27.933,14154,14155,14155,1
2020-12-04 15:18:30.048,14154,14155,14154,1
2020-12-04 15:18:30.842,14154,14155,14154,3
2020-12-04 15:18:30.843,14154,14155,14154,1
2020-12-04 15:18:31.813,14153,14155,14155,1
2020-12-04 15:18:33.419,14153,14154,14153,1
2020-12-04 15:18:33.483,14153,14154,14153,10
2020-12-04 15:18:34.548,14153,14154,14153,1
2020-12-04 15:18:35.760,14153,14154,14154,2
2020-12-04 15:18:35.925,14153,14154,14153,1
2020-12-04 15:18:37.191,14153,14154,14153,1
2020-12-04 15:18:37.327,14152,14154,14152,1
2020-12-04 15:18:39.487,14152,14153,14152,3
2020-12-04 15:18:41.332,14152,14153,14153,1
2020-12-04 15:18:45.760,14152,14153,14153,1
2020-12-04 15:18:54.380,14153,14154,14153,2
2020-12-04 15:18:56.456,14153,14154,14153,1
2020-12-04 15:18:56.495,14153,14154,14154,3
2020-12-04 15:18:56.495,14153,14154,14154,3
2020-12-04 15:18:59.200,14153,14155,14153,2
2020-12-04 15:19:02.596,14154,14155,14154,1
2020-12-04 15:19:08.711,14153,14155,14155,9
2020-12-04 15:19:15.926,14154,14155,14155,1
2020-12-04 15:19:35.257,14154,14155,14155,5
2020-12-04 15:19:45.032,14154,14155,14154,14
2020-12-04 15:19:46.328,14153,14154,14154,3
2020-12-04 15:19:49.575,14153,14154,14154,4
2020-12-04 15:19:56.624,14154,14155,14154,8
2020-12-04 15:20:02.388,14153,14154,14153,1
2020-12-04 15:20:03.223,14153,14154,14153,1
2020-12-04 15:20:05.892,14153,14154,14154,1
2020-12-04 15:20:13.357,14153,14154,14154,1
2020-12-04 15:20:14.616,14154,14155,14154,1
2020-12-04 15:20:27.310,14154,14155,14154,1
2020-12-04 15:20:28.029,14154,14155,14154,1
2020-12-04 15:20:28.593,14153,14154,14154,1
2020-12-04 15:20:37.908,14154,14155,14154,1
2020-12-04 15:20:43.278,14154,14155,14155,1
2020-12-04 15:20:43.717,14154,14155,14155,2
2020-12-04 15:20:49.815,14154,14155,14154,3
2020-12-04 15:20:53.562,14154,14155,14154,2
2020-12-04 15:20:53.804,14154,14155,14154,2
2020-12-04 15:20:54.531,14154,14155,14154,1
2020-12-04 15:21:01.134,14154,14155,14154,6
2020-12-04 15:21:02.403,14153,14154,14153,2
2020-12-04 15:21:02.723,14153,14154,14153,2
2020-12-04 15:21:02.746,14153,14154,14153,2
2020-12-04 15:21:02.761,14153,14154,14153,4
2020-12-04 15:21:03.138,14153,14154,14153,2
2020-12-04 15:21:27.494,14153,14154,14154,2
2020-12-04 15:21:27.849,14153,14154,14153,6
2020-12-04 15:21:32.265,14153,14154,14153,2
2020-12-04 15:21:33.593,14153,14154,14153,3
2020-12-04 15:21:34.597,14153,14154,14153,3
2020-12-04 15:21:34.639,14153,14154,14153,1
2020-12-04 15:21:39.326,14153,14154,14153,2
2020-12-04 15:21:39.327,14153,14154,14153,3
2020-12-04 15:21:41.875,14152,14153,14152,2
2020-12-04 15:21:43.156,14152,14153,14153,1
2020-12-04 15:21:47.046,14152,14153,14153,3
2020-12-04 15:21:49.718,14152,14153,14153,1
2020-12-04 15:21:51.824,14152,14153,14153,1
2020-12-04 15:21:55.021,14152,14153,14153,1
2020-12-04 15:22:04.575,14152,14153,14153,1
2020-12-04 15:22:04.610,14152,14153,14153,1
2020-12-04 15:22:15.231,14152,14153,14153,1
2020-12-04 15:22:25.980,14152,14153,14153,1
2020-12-04 15:22:44.802,14152,14153,14153,6
2020-12-04 15:23:02.342,14153,14154,14153,1
2020-12-04 15:23:09.909,14152,14153,14152,1
2020-12-04 15:23:17.474,14152,14153,14153,1
2020-12-04 15:23:29.324,14152,14154,14152,1
2020-12-04 15:23:29.634,14152,14154,14152,1
2020-12-04 15:23:31.055,14152,14154,14152,2
2020-12-04 15:23:58.846,14152,14153,14153,1
2020-12-04 15:24:00.816,14152,14153,14153,3
2020-12-04 15:24:02.315,14152,14153,14152,2
2020-12-04 15:24:03.222,14152,14153,14153,1
2020-12-04 15:24:10.938,14152,14153,14153,2
2020-12-04 15:24:10.938,14152,14153,14154,5
2020-12-04 15:24:15.632,14153,14154,14153,2
2020-12-04 15:24:18.431,14153,14154,14153,1
2020-12-04 15:24:18.845,14153,14154,14154,1
2020-12-04 15:24:25.390,14153,14154,14154,1
2020-12-04 15:24:25.733,14153,14154,14153,1
2020-12-04 15:24:29.245,14153,14154,14154,2
2020-12-04 15:24:29.245,14153,14154,14154,4
2020-12-04 15:24:29.246,14153,14154,14154,1
2020-12-04 15:24:31.368,14154,14155,14154,3
2020-12-04 15:24:34.074,14153,14154,14153,4
2020-12-04 15:24:34.074,14153,14154,14153,17
2020-12-04 15:24:35.138,14152,14153,14153,1
2020-12-04 15:24:42.637,14152,14153,14153,1
2020-12-04 15:24:48.550,14152,14153,14153,1
2020-12-04 15:24:51.974,14152,14153,14153,1
2020-12-04 15:24:52.633,14152,14153,14153,1
2020-12-04 15:24:58.402,14152,14153,14152,2
2020-12-04 15:24:59.547,14152,14153,14152,5
2020-12-04 15:25:00.198,14152,14153,14152,4
2020-12-04 15:25:00.199,14152,14153,14152,9
2020-12-04 15:25:00.199,14152,14153,14152,28
2020-12-04 15:25:01.586,14151,14152,14151,1
2020-12-04 15:25:01.714,14151,14152,14151,2
2020-12-04 15:25:01.715,14151,14152,14151,10
2020-12-04 15:25:01.716,14151,14152,14151,2
2020-12-04 15:25:01.716,14151,14152,14151,1
2020-12-04 15:25:01.716,14151,14152,14151,1
2020-12-04 15:25:01.716,14151,14152,14151,3
2020-12-04 15:25:01.810,14150,14151,14150,1
2020-12-04 15:25:01.830,14150,14151,14150,1
2020-12-04 15:25:01.911,14150,14151,14150,1
2020-12-04 15:25:01.911,14150,14151,14150,1
2020-12-04 15:25:01.911,14150,14151,14150,1
2020-12-04 15:25:01.911,14150,14151,14150,1
2020-12-04 15:25:01.921,14150,14151,14150,1
2020-12-04 15:25:01.922,14150,14151,14150,1
2020-12-04 15:25:01.922,14150,14151,14150,4
2020-12-04 15:25:01.928,14150,14151,14150,1
2020-12-04 15:25:01.928,14150,14151,14150,10
2020-12-04 15:25:01.929,14150,14151,14149,1
2020-12-04 15:25:01.940,14150,14151,14149,1
2020-12-04 15:25:01.944,14150,14151,14149,1
2020-12-04 15:25:01.966,14150,14151,14149,1
2020-12-04 15:25:02.109,14149,14150,14149,1
2020-12-04 15:25:02.230,14149,14150,14149,1
2020-12-04 15:25:02.934,14149,14150,14149,1
2020-12-04 15:25:03.014,14149,14150,14149,1
2020-12-04 15:25:03.317,14149,14150,14150,1
2020-12-04 15:25:03.420,14149,14150,14150,1
2020-12-04 15:25:03.451,14149,14150,14150,1
2020-12-04 15:25:03.491,14149,14150,14150,1
2020-12-04 15:25:03.730,14149,14150,14150,1
2020-12-04 15:25:04.119,14149,14150,14150,1
2020-12-04 15:25:04.119,14149,14150,14151,3
2020-12-04 15:25:04.585,14150,14151,14150,1
2020-12-04 15:25:06.698,14150,14151,14151,1
2020-12-04 15:25:06.699,14150,14151,14151,1
2020-12-04 15:25:07.049,14150,14152,14150,1
2020-12-04 15:25:07.562,14150,14152,14150,8
2020-12-04 15:25:07.667,14150,14152,14150,3
2020-12-04 15:25:08.321,14150,14152,14150,3
2020-12-04 15:25:12.195,14149,14150,14150,1
2020-12-04 15:25:18.059,14149,14150,14149,1
2020-12-04 15:25:18.600,14149,14150,14149,1
2020-12-04 15:25:19.648,14149,14150,14150,1
2020-12-04 15:25:21.302,14149,14150,14149,6
2020-12-04 15:25:23.902,14149,14150,14149,6
2020-12-04 15:25:27.014,14148,14149,14148,10
2020-12-04 15:25:27.015,14148,14149,14148,4
2020-12-04 15:25:27.015,14148,14149,14148,1
2020-12-04 15:25:27.977,14147,14148,14147,2
2020-12-04 15:25:28.070,14147,14148,14147,1
2020-12-04 15:25:28.153,14147,14148,14147,1
2020-12-04 15:25:28.193,14147,14148,14147,1
2020-12-04 15:25:28.303,14147,14148,14147,1
2020-12-04 15:25:33.790,14146,14147,14146,1
2020-12-04 15:25:33.823,14146,14147,14146,1
2020-12-04 15:25:33.898,14146,14147,14147,1
2020-12-04 15:25:33.930,14146,14147,14146,1
2020-12-04 15:25:33.971,14146,14147,14146,1
2020-12-04 15:25:34.490,14146,14147,14146,1
2020-12-04 15:25:35.298,14146,14147,14146,1
2020-12-04 15:25:36.032,14146,14147,14147,1
2020-12-04 15:25:36.221,14146,14147,14147,1
2020-12-04 15:25:36.414,14146,14147,14146,1
2020-12-04 15:25:37.073,14146,14147,14147,2
2020-12-04 15:25:38.547,14146,14147,14147,1
2020-12-04 15:25:39.726,14147,14148,14147,4
2020-12-04 15:25:42.873,14146,14147,14147,1
2020-12-04 15:25:44.165,14146,14147,14147,5
2020-12-04 15:25:52.506,14146,14147,14146,5
2020-12-04 15:25:54.952,14146,14147,14146,1
2020-12-04 15:25:55.106,14146,14147,14146,1
2020-12-04 15:25:56.124,14146,14147,14146,1
2020-12-04 15:25:57.442,14146,14147,14146,1
2020-12-04 15:25:59.352,14146,14147,14146,1
2020-12-04 15:25:59.777,14146,14147,14146,3
2020-12-04 15:26:02.958,14146,14147,14146,1
2020-12-04 15:26:04.787,14146,14147,14146,1
2020-12-04 15:26:06.858,14146,14147,14146,1
2020-12-04 15:26:08.284,14146,14147,14147,2
2020-12-04 15:26:11.675,14146,14147,14147,3
2020-12-04 15:26:12.268,14147,14149,14147,1
2020-12-04 15:26:12.577,14147,14149,14147,1
2020-12-04 15:26:25.930,14148,14149,14148,1
2020-12-04 15:26:28.948,14148,14149,14148,1
2020-12-04 15:26:31.907,14148,14149,14149,1
2020-12-04 15:26:31.908,14148,14149,14149,4
2020-12-04 15:26:43.173,14149,14150,14150,1
2020-12-04 15:26:46.027,14149,14150,14150,8
2020-12-04 15:26:48.726,14150,14151,14150,1
2020-12-04 15:26:52.152,14150,14151,14150,1
2020-12-04 15:27:02.325,14150,14151,14150,1
2020-12-04 15:27:10.260,14150,14151,14151,3
2020-12-04 15:27:10.261,14150,14151,14151,3
2020-12-04 15:27:11.469,14151,14152,14152,1
2020-12-04 15:27:21.161,14151,14152,14152,3
2020-12-04 15:27:21.533,14151,14152,14152,1
2020-12-04 15:27:24.404,14152,14153,14152,1
2020-12-04 15:27:25.922,14151,14152,14152,1
2020-12-04 15:27:53.730,14151,14152,14152,1
2020-12-04 15:27:57.142,14151,14152,14152,1
2020-12-04 15:28:03.075,14151,14152,14152,1
2020-12-04 15:28:05.741,14151,14152,14151,1
2020-12-04 15:28:06.590,14151,14152,14151,1
2020-12-04 15:28:06.763,14151,14152,14151,1
2020-12-04 15:28:06.850,14151,14152,14151,1
2020-12-04 15:28:12.071,14151,14152,14151,3
2020-12-04 15:28:12.498,14150,14151,14151,1
2020-12-04 15:28:20.076,14150,14151,14151,1
2020-12-04 15:28:23.126,14151,14152,14151,1
2020-12-04 15:28:38.933,14150,14151,14151,1
2020-12-04 15:28:50.264,14150,14151,14151,1
2020-12-04 15:29:02.034,14150,14151,14150,1
2020-12-04 15:29:02.034,14150,14151,14150,1
2020-12-04 15:29:02.034,14150,14151,14150,1
2020-12-04 15:29:02.035,14150,14151,14150,1
2020-12-04 15:29:02.035,14150,14151,14150,4
2020-12-04 15:29:02.035,14150,14151,14150,3
2020-12-04 15:29:02.035,14150,14151,14150,1
2020-12-04 15:29:02.171,14149,14150,14149,3
2020-12-04 15:29:12.222,14148,14149,14149,2
2020-12-04 15:29:12.521,14148,14150,14150,1
2020-12-04 15:29:30.037,14148,14150,14148,2
2020-12-04 15:29:30.714,14149,14150,14149,1
2020-12-04 15:29:36.239,14149,14150,14149,1
2020-12-04 15:29:38.955,14149,14150,14149,4
2020-12-04 15:29:40.540,14148,14149,14149,1
2020-12-04 15:29:42.228,14149,14150,14149,4
2020-12-04 15:29:49.771,14149,14150,14149,1
2020-12-04 15:29:51.787,14149,14150,14149,2
2020-12-04 15:29:54.362,14149,14150,14149,1
2020-12-04 15:29:55.060,14149,14150,14149,1
2020-12-04 15:30:02.678,14149,14150,14149,1
2020-12-04 15:30:03.516,14148,14149,14149,1
2020-12-04 15:30:03.522,14148,14149,14150,1
2020-12-04 15:30:03.523,14148,14149,14150,1
2020-12-04 15:30:03.523,14148,14149,14150,1
2020-12-04 15:30:03.532,14148,14149,14150,1
2020-12-04 15:30:04.431,14149,14150,14149,1
2020-12-04 15:30:10.022,14148,14149,14148,9
2020-12-04 15:30:10.022,14148,14149,14148,3
2020-12-04 15:30:10.023,14148,14149,14148,4
2020-12-04 15:30:10.023,14148,14149,14148,2
2020-12-04 15:30:10.025,14148,14149,14148,2
2020-12-04 15:30:10.086,14147,14148,14148,1
2020-12-04 15:30:10.342,14147,14148,14148,1
2020-12-04 15:30:12.158,14148,14149,14148,1
2020-12-04 15:30:13.497,14148,14149,14148,1
2020-12-04 15:30:14.010,14148,14149,14148,1
2020-12-04 15:30:17.789,14148,14149,14148,1
2020-12-04 15:30:17.931,14148,14149,14148,2
2020-12-04 15:30:20.947,14147,14148,14147,10
2020-12-04 15:30:22.942,14147,14148,14147,1
2020-12-04 15:30:22.956,14147,14148,14147,2
2020-12-04 15:30:24.367,14146,14148,14146,3
2020-12-04 15:30:25.229,14146,14148,14146,5
2020-12-04 15:30:28.238,14146,14147,14146,1
2020-12-04 15:30:31.445,14146,14147,14146,1
2020-12-04 15:30:31.445,14146,14147,14145,2
2020-12-04 15:30:31.817,14145,14147,14145,1
2020-12-04 15:30:31.934,14145,14147,14145,1
2020-12-04 15:30:32.057,14145,14147,14145,1
2020-12-04 15:30:35.112,14146,14147,14146,2
2020-12-04 15:30:36.870,14146,14147,14146,1
2020-12-04 15:30:38.172,14146,14147,14147,1
2020-12-04 15:30:48.677,14146,14147,14147,2
2020-12-04 15:30:53.655,14146,14147,14146,1
2020-12-04 15:30:54.075,14146,14147,14146,1
2020-12-04 15:30:55.470,14146,14147,14146,5
2020-12-04 15:30:55.470,14146,14147,14145,5
2020-12-04 15:30:55.616,14146,14147,14147,9
2020-12-04 15:31:03.925,14146,14147,14147,1
2020-12-04 15:31:06.774,14147,14148,14148,1
2020-12-04 15:31:06.775,14147,14148,14148,4
2020-12-04 15:31:06.775,14147,14148,14148,7
2020-12-04 15:31:12.115,14148,14149,14149,1
2020-12-04 15:31:12.115,14148,14149,14149,3
2020-12-04 15:31:14.366,14148,14149,14149,4
2020-12-04 15:31:21.104,14148,14150,14150,2
2020-12-04 15:31:32.582,14148,14150,14150,1
2020-12-04 15:31:40.202,14149,14150,14150,1
2020-12-04 15:31:47.486,14149,14150,14150,2
2020-12-04 15:31:47.880,14149,14150,14150,1
2020-12-04 15:31:48.850,14149,14150,14150,2
2020-12-04 15:32:02.486,14149,14150,14150,1
2020-12-04 15:32:02.534,14149,14150,14149,2
2020-12-04 15:32:19.033,14150,14151,14150,1
2020-12-04 15:32:30.112,14149,14150,14150,1
2020-12-04 15:32:38.626,14149,14150,14150,1
2020-12-04 15:32:44.404,14149,14151,14151,1
2020-12-04 15:32:45.682,14149,14151,14149,1
2020-12-04 15:32:51.608,14149,14151,14149,9
2020-12-04 15:32:51.609,14149,14151,14149,1
2020-12-04 15:33:04.240,14149,14150,14150,3
2020-12-04 15:33:04.351,14150,14151,14150,2
2020-12-04 15:33:05.859,14150,14151,14150,1
2020-12-04 15:33:09.501,14149,14150,14150,1
2020-12-04 15:33:24.249,14150,14151,14150,1
2020-12-04 15:33:39.390,14150,14151,14151,1
2020-12-04 15:33:48.659,14150,14151,14150,1
2020-12-04 15:34:02.403,14150,14151,14150,3
2020-12-04 15:34:13.800,14150,14151,14150,1
2020-12-04 15:34:18.017,14150,14151,14151,8
2020-12-04 15:34:23.442,14151,14152,14152,1
2020-12-04 15:34:23.555,14151,14152,14151,1
2020-12-04 15:34:23.872,14151,14152,14152,1
2020-12-04 15:34:24.144,14151,14152,14152,1
2020-12-04 15:34:25.751,14151,14152,14152,1
2020-12-04 15:34:26.642,14151,14152,14152,1
2020-12-04 15:34:27.440,14151,14152,14152,1
2020-12-04 15:34:27.603,14151,14152,14152,1
2020-12-04 15:34:34.281,14151,14152,14152,1
2020-12-04 15:34:36.428,14151,14152,14152,6
2020-12-04 15:34:43.389,14152,14153,14153,1
2020-12-04 15:34:45.723,14152,14153,14152,1
2020-12-04 15:34:54.854,14152,14153,14152,1
2020-12-04 15:34:54.998,14152,14153,14153,1
2020-12-04 15:35:02.446,14152,14153,14152,2
2020-12-04 15:35:08.868,14152,14153,14152,1
2020-12-04 15:35:09.553,14152,14153,14152,1
2020-12-04 15:35:15.027,14152,14153,14152,4
2020-12-04 15:35:40.813,14151,14152,14151,1
2020-12-04 15:35:46.175,14150,14151,14150,10
2020-12-04 15:35:50.469,14150,14151,14150,1
2020-12-04 15:36:02.329,14150,14151,14150,1
2020-12-04 15:36:05.081,14150,14151,14151,2
2020-12-04 15:36:05.993,14151,14152,14151,1
2020-12-04 15:36:11.682,14151,14152,14152,1
2020-12-04 15:36:11.683,14151,14152,14152,1
2020-12-04 15:36:16.131,14151,14153,14153,1
2020-12-04 15:36:29.846,14152,14153,14153,2
2020-12-04 15:36:35.023,14152,14153,14152,1
2020-12-04 15:36:35.056,14151,14152,14151,1
2020-12-04 15:36:35.056,14151,14152,14151,1
2020-12-04 15:36:35.056,14151,14152,14151,1
2020-12-04 15:36:35.057,14151,14152,14151,1
2020-12-04 15:36:35.057,14151,14152,14151,1
2020-12-04 15:36:35.057,14151,14152,14150,1
2020-12-04 15:36:35.057,14151,14152,14150,1
2020-12-04 15:36:39.331,14150,14152,14152,1
2020-12-04 15:36:45.709,14151,14152,14152,1
2020-12-04 15:36:57.729,14151,14152,14151,1
2020-12-04 15:36:58.388,14150,14152,14150,2
2020-12-04 15:37:04.550,14150,14152,14150,1
2020-12-04 15:37:15.171,14150,14152,14152,1
2020-12-04 15:37:44.497,14151,14152,14152,1
2020-12-04 15:37:48.322,14151,14152,14151,2
2020-12-04 15:37:48.431,14150,14151,14150,1
2020-12-04 15:38:01.812,14150,14151,14150,1
2020-12-04 15:38:01.931,14150,14151,14150,1
2020-12-04 15:38:02.542,14150,14151,14150,3
2020-12-04 15:38:02.558,14149,14151,14149,1
2020-12-04 15:38:02.562,14149,14151,14150,1
2020-12-04 15:38:06.223,14148,14150,14149,1
2020-12-04 15:38:22.176,14148,14149,14148,3
2020-12-04 15:38:22.217,14148,14149,14148,1
2020-12-04 15:38:23.521,14148,14149,14148,1
2020-12-04 15:38:31.701,14148,14149,14148,1
2020-12-04 15:38:32.967,14148,14149,14149,2
2020-12-04 15:38:50.900,14149,14150,14149,1
2020-12-04 15:39:02.270,14149,14150,14150,1
2020-12-04 15:39:03.160,14149,14150,14149,4
2020-12-04 15:39:06.842,14149,14150,14149,1
2020-12-04 15:39:20.252,14148,14149,14148,2
2020-12-04 15:39:23.814,14148,14149,14148,3
2020-12-04 15:39:33.530,14148,14149,14148,1
2020-12-04 15:39:37.468,14148,14149,14148,3
2020-12-04 15:39:48.036,14147,14148,14148,1
2020-12-04 15:40:04.363,14147,14148,14148,4
2020-12-04 15:40:04.672,14147,14148,14148,1
2020-12-04 15:40:09.629,14147,14148,14148,1
2020-12-04 15:40:12.466,14147,14148,14148,1
2020-12-04 15:40:19.260,14148,14149,14149,1
2020-12-04 15:40:24.453,14148,14149,14149,1
2020-12-04 15:41:02.548,14148,14149,14148,1
2020-12-04 15:41:02.845,14148,14149,14148,1
2020-12-04 15:41:14.117,14148,14149,14149,1
2020-12-04 15:41:32.060,14148,14149,14149,1
2020-12-04 15:41:51.881,14148,14149,14148,1
2020-12-04 15:42:10.421,14148,14149,14148,1
2020-12-04 15:42:17.132,14148,14149,14148,4
2020-12-04 15:42:21.813,14148,14149,14148,1
2020-12-04 15:42:23.723,14148,14149,14148,2
2020-12-04 15:42:23.723,14148,14149,14148,1
2020-12-04 15:42:23.723,14148,14149,14148,5
2020-12-04 15:42:23.723,14148,14149,14148,2
2020-12-04 15:42:25.795,14147,14148,14148,2
2020-12-04 15:42:30.165,14147,14149,14147,3
2020-12-04 15:42:51.987,14148,14149,14148,1
2020-12-04 15:42:59.294,14148,14149,14148,1
2020-12-04 15:43:03.504,14148,14149,14148,1
2020-12-04 15:43:17.366,14148,14149,14148,1
2020-12-04 15:43:35.355,14148,14149,14148,1
2020-12-04 15:43:35.858,14148,14149,14148,1
2020-12-04 15:43:41.889,14148,14149,14148,1
2020-12-04 15:43:43.836,14148,14149,14148,1
2020-12-04 15:44:02.414,14148,14149,14148,2
2020-12-04 15:44:19.311,14148,14149,14148,1
2020-12-04 15:44:20.990,14148,14149,14149,7
2020-12-04 15:44:20.990,14148,14149,14149,1
2020-12-04 15:44:20.991,14148,14149,14149,11
2020-12-04 15:44:53.946,14149,14150,14150,1
2020-12-04 15:45:09.549,14149,14150,14149,1
2020-12-04 15:45:10.741,14149,14150,14149,1
2020-12-04 15:45:19.445,14149,14150,14149,1
2020-12-04 15:45:26.035,14149,14150,14149,1
2020-12-04 15:45:36.856,14148,14149,14149,1
2020-12-04 15:45:38.048,14148,14149,14148,1
2020-12-04 15:45:39.669,14148,14149,14148,1
2020-12-04 15:45:40.335,14147,14149,14147,1
2020-12-04 15:45:40.337,14147,14149,14147,2
2020-12-04 15:45:43.576,14146,14148,14148,3
2020-12-04 15:45:43.577,14146,14148,14148,1
2020-12-04 15:45:43.577,14146,14148,14148,1
2020-12-04 15:45:59.975,14148,14149,14148,1
2020-12-04 15:46:02.226,14148,14149,14148,4
2020-12-04 15:46:02.227,14148,14149,14148,1
2020-12-04 15:46:04.693,14147,14148,14148,1
2020-12-04 15:46:04.806,14147,14149,14149,1
2020-12-04 15:46:10.015,14146,14148,14146,3
2020-12-04 15:46:17.745,14146,14148,14147,1
2020-12-04 15:46:17.806,14147,14149,14149,1
2020-12-04 15:46:18.017,14147,14149,14147,2
2020-12-04 15:46:29.000,14147,14148,14147,5
2020-12-04 15:46:51.767,14147,14148,14147,1
2020-12-04 15:46:51.804,14147,14148,14148,1
2020-12-04 15:46:51.805,14147,14148,14149,1
2020-12-04 15:46:51.806,14147,14148,14149,1
2020-12-04 15:46:51.806,14147,14148,14149,1
2020-12-04 15:46:51.806,14147,14148,14149,1
2020-12-04 15:46:51.806,14147,14148,14149,1
2020-12-04 15:46:51.807,14147,14148,14149,1
2020-12-04 15:46:54.281,14148,14149,14149,2
2020-12-04 15:47:17.433,14148,14149,14148,3
2020-12-04 15:47:26.565,14147,14148,14148,1
2020-12-04 15:47:39.376,14147,14148,14148,3
2020-12-04 15:47:48.659,14148,14149,14148,1
2020-12-04 15:47:50.933,14148,14149,14149,1
2020-12-04 15:47:52.226,14148,14149,14148,1
2020-12-04 15:48:12.320,14148,14149,14149,1
2020-12-04 15:48:30.925,14148,14150,14150,5
2020-12-04 15:48:30.925,14148,14150,14150,4
2020-12-04 15:48:31.364,14150,14151,14150,1
2020-12-04 15:49:02.220,14150,14151,14150,2
2020-12-04 15:49:06.933,14150,14151,14151,2
2020-12-04 15:49:18.152,14150,14151,14151,1
2020-12-04 15:49:22.774,14150,14151,14151,1
2020-12-04 15:49:50.255,14150,14151,14151,6
2020-12-04 15:49:53.253,14150,14151,14151,1
2020-12-04 15:49:57.599,14150,14151,14151,1
2020-12-04 15:50:00.935,14151,14152,14151,2
2020-12-04 15:50:02.470,14151,14152,14151,3
2020-12-04 15:50:06.578,14151,14152,14151,2
2020-12-04 15:50:11.751,14150,14151,14151,1
2020-12-04 15:50:11.751,14150,14151,14151,1
2020-12-04 15:50:11.751,14150,14151,14151,1
2020-12-04 15:50:11.751,14150,14151,14151,1
2020-12-04 15:50:11.751,14150,14151,14151,1
2020-12-04 15:50:20.640,14150,14151,14150,5
2020-12-04 15:50:40.232,14150,14151,14151,3
2020-12-04 15:50:40.658,14150,14151,14150,1
2020-12-04 15:50:43.451,14150,14151,14150,1
2020-12-04 15:51:07.838,14149,14151,14149,5
2020-12-04 15:51:15.624,14149,14150,14150,1
2020-12-04 15:51:15.625,14149,14150,14150,3
2020-12-04 15:51:36.285,14150,14151,14150,7
2020-12-04 15:51:42.814,14150,14151,14150,1
2020-12-04 15:51:51.308,14150,14151,14151,1
2020-12-04 15:52:00.372,14150,14151,14151,2
2020-12-04 15:52:03.565,14150,14151,14151,5
2020-12-04 15:52:12.333,14151,14152,14151,1
2020-12-04 15:52:30.897,14151,14152,14151,2
2020-12-04 15:52:36.343,14151,14152,14151,1
2020-12-04 15:52:46.804,14151,14152,14151,1
2020-12-04 15:52:47.180,14151,14152,14152,11
2020-12-04 15:52:58.891,14152,14153,14153,2
2020-12-04 15:52:58.891,14152,14153,14153,3
2020-12-04 15:52:58.925,14152,14153,14153,1
2020-12-04 15:52:58.929,14152,14154,14153,1
2020-12-04 15:53:03.834,14153,14154,14154,4
2020-12-04 15:53:03.835,14153,14154,14154,8
2020-12-04 15:53:03.836,14153,14154,14154,8
2020-12-04 15:53:04.917,14154,14155,14155,2
2020-12-04 15:53:04.981,14154,14155,14155,1
2020-12-04 15:53:06.389,14154,14155,14155,1
2020-12-04 15:53:09.334,14154,14155,14155,1
2020-12-04 15:53:09.560,14154,14155,14155,3
2020-12-04 15:53:09.678,14154,14155,14155,6
2020-12-04 15:53:16.610,14154,14155,14155,1
2020-12-04 15:53:18.019,14154,14155,14154,2
2020-12-04 15:53:20.281,14153,14155,14155,9
2020-12-04 15:53:24.059,14153,14154,14154,1
2020-12-04 15:53:30.393,14153,14154,14154,1
2020-12-04 15:53:31.899,14153,14154,14154,1
2020-12-04 15:53:39.656,14153,14154,14154,1
2020-12-04 15:53:44.653,14154,14155,14154,1
2020-12-04 15:53:51.766,14153,14154,14153,2
2020-12-04 15:53:54.990,14153,14154,14154,2
2020-12-04 15:53:55.805,14153,14154,14153,1
2020-12-04 15:54:04.178,14153,14154,14153,4
2020-12-04 15:54:04.664,14152,14154,14154,3
2020-12-04 15:54:09.961,14152,14153,14153,1
2020-12-04 15:54:36.698,14152,14153,14153,4
2020-12-04 15:54:42.601,14152,14153,14153,1
2020-12-04 15:55:01.159,14152,14153,14152,1
2020-12-04 15:55:01.159,14152,14153,14152,2
2020-12-04 15:55:01.160,14152,14153,14152,4
2020-12-04 15:55:05.073,14151,14152,14152,1
2020-12-04 15:55:13.496,14152,14153,14152,1
2020-12-04 15:55:34.594,14152,14153,14153,1
2020-12-04 15:55:44.900,14152,14154,14152,8
2020-12-04 15:55:44.901,14152,14154,14152,1
2020-12-04 15:55:44.901,14152,14154,14152,1
2020-12-04 15:56:06.417,14151,14152,14152,2
2020-12-04 15:56:08.685,14151,14152,14152,4
2020-12-04 15:56:14.465,14151,14152,14152,1
2020-12-04 15:56:31.326,14151,14152,14152,1
2020-12-04 15:56:41.025,14151,14152,14152,1
2020-12-04 15:56:51.918,14151,14152,14152,1
2020-12-04 15:56:55.081,14151,14152,14152,5
2020-12-04 15:56:55.081,14151,14152,14152,1
2020-12-04 15:56:55.081,14151,14152,14152,3
2020-12-04 15:56:55.081,14151,14152,14152,1
2020-12-04 15:57:16.579,14151,14152,14152,2
2020-12-04 15:57:47.955,14151,14152,14151,1
2020-12-04 15:57:48.053,14151,14152,14151,6
2020-12-04 15:58:07.772,14150,14151,14150,1
2020-12-04 15:58:08.064,14150,14151,14150,1
2020-12-04 15:58:35.758,14150,14151,14151,3
2020-12-04 15:58:46.078,14151,14152,14151,1
2020-12-04 15:58:48.956,14151,14152,14152,4
2020-12-04 15:58:49.055,14151,14152,14152,4
2020-12-04 15:59:06.651,14152,14153,14152,3
2020-12-04 15:59:06.783,14151,14153,14151,1
2020-12-04 15:59:15.636,14152,14153,14152,1
2020-12-04 15:59:17.206,14152,14153,14152,3
2020-12-04 15:59:19.429,14151,14152,14152,1
2020-12-04 15:59:20.963,14151,14152,14151,2
2020-12-04 15:59:20.964,14151,14152,14151,1
2020-12-04 15:59:20.964,14151,14152,14151,1
2020-12-04 15:59:26.979,14150,14151,14151,3
2020-12-04 15:59:26.979,14150,14151,14151,1
2020-12-04 15:59:43.645,14150,14151,14151,1
2020-12-04 15:59:45.212,14150,14151,14151,1
2020-12-04 16:00:00.545,14150,14151,14150,6
2020-12-04 16:00:00.545,14150,14151,14150,12
2020-12-04 16:00:00.965,14149,14150,14150,1
2020-12-04 16:00:01.015,14149,14150,14150,1
2020-12-04 16:00:01.015,14149,14150,14150,1
2020-12-04 16:00:01.337,14150,14151,14151,1
2020-12-04 16:00:01.360,14150,14151,14150,2
2020-12-04 16:00:02.137,14149,14151,14149,14
2020-12-04 16:00:02.401,14148,14149,14148,1
2020-12-04 16:00:02.411,14148,14149,14148,1
2020-12-04 16:00:02.443,14148,14150,14148,1
2020-12-04 16:00:02.444,14148,14150,14148,1
2020-12-04 16:00:02.445,14148,14150,14148,1
2020-12-04 16:00:02.445,14148,14150,14148,1
2020-12-04 16:00:02.449,14148,14150,14148,1
2020-12-04 16:00:02.481,14148,14150,14148,1
2020-12-04 16:00:02.483,14148,14150,14148,1
2020-12-04 16:00:02.498,14148,14150,14148,2
2020-12-04 16:00:02.512,14148,14150,14148,1
2020-12-04 16:00:02.528,14148,14150,14148,1
2020-12-04 16:00:11.978,14148,14150,14148,12
2020-12-04 16:00:11.978,14148,14150,14147,8
2020-12-04 16:00:12.098,14148,14150,14148,1
2020-12-04 16:00:15.898,14150,14151,14151,2
2020-12-04 16:00:15.899,14150,14151,14151,1
2020-12-04 16:00:15.899,14150,14151,14151,1
2020-12-04 16:00:15.899,14150,14151,14151,1
2020-12-04 16:00:27.699,14151,14152,14152,1
2020-12-04 16:00:30.337,14152,14153,14152,1
2020-12-04 16:00:30.376,14152,14153,14152,1
2020-12-04 16:00:38.201,14152,14153,14152,2
2020-12-04 16:00:46.006,14152,14153,14153,1
2020-12-04 16:00:57.934,14152,14153,14153,1
2020-12-04 16:00:58.485,14152,14154,14154,1
2020-12-04 16:00:58.485,14152,14154,14154,1
2020-12-04 16:01:00.922,14153,14154,14154,3
2020-12-04 16:01:08.127,14153,14155,14153,1
2020-12-04 16:01:08.894,14153,14155,14154,1
2020-12-04 16:01:13.285,14154,14155,14154,1
2020-12-04 16:01:15.153,14153,14155,14153,1
2020-12-04 16:01:16.024,14153,14155,14153,2
2020-12-04 16:01:21.766,14154,14155,14155,1
2020-12-04 16:01:21.767,14154,14155,14155,3
2020-12-04 16:01:21.767,14154,14155,14155,19
2020-12-04 16:01:22.987,14154,14156,14156,1
2020-12-04 16:01:26.609,14155,14156,14156,2
2020-12-04 16:01:29.050,14155,14156,14156,1
2020-12-04 16:01:29.050,14155,14156,14156,1
2020-12-04 16:01:29.050,14155,14156,14156,3
2020-12-04 16:01:29.051,14155,14156,14156,2
2020-12-04 16:01:30.838,14156,14157,14156,1
2020-12-04 16:01:34.555,14156,14157,14156,1
2020-12-04 16:01:40.638,14156,14157,14157,1
2020-12-04 16:01:42.246,14156,14157,14157,1
2020-12-04 16:01:42.534,14156,14157,14157,1
2020-12-04 16:01:43.344,14156,14157,14156,1
2020-12-04 16:01:44.640,14156,14157,14157,1
2020-12-04 16:01:45.710,14156,14157,14157,1
2020-12-04 16:01:45.777,14156,14157,14156,1
2020-12-04 16:01:46.195,14156,14157,14157,1
2020-12-04 16:01:48.807,14156,14157,14157,3
2020-12-04 16:01:48.936,14156,14157,14157,1
2020-12-04 16:01:49.694,14156,14157,14157,2
2020-12-04 16:01:54.842,14156,14157,14156,1
2020-12-04 16:01:58.891,14156,14157,14156,3
2020-12-04 16:02:02.818,14156,14157,14157,1
2020-12-04 16:02:03.478,14156,14157,14156,1
2020-12-04 16:02:07.641,14156,14157,14157,1
2020-12-04 16:02:08.979,14156,14157,14157,1
2020-12-04 16:02:10.941,14156,14157,14157,1
2020-12-04 16:02:16.886,14156,14157,14157,1
2020-12-04 16:02:18.090,14156,14157,14156,1
2020-12-04 16:02:23.548,14156,14157,14156,1
2020-12-04 16:02:23.549,14156,14157,14156,7
2020-12-04 16:02:26.602,14156,14157,14156,1
2020-12-04 16:02:28.060,14156,14157,14156,1
2020-12-04 16:02:29.200,14155,14156,14156,1
2020-12-04 16:02:44.094,14156,14157,14157,1
2020-12-04 16:02:46.424,14156,14157,14157,1
2020-12-04 16:02:47.462,14156,14157,14156,1
2020-12-04 16:02:53.840,14156,14157,14157,1
2020-12-04 16:02:56.207,14156,14157,14156,4
2020-12-04 16:02:58.802,14156,14157,14156,7
2020-12-04 16:03:00.750,14155,14156,14156,1
2020-12-04 16:03:01.638,14155,14156,14156,1
2020-12-04 16:03:02.674,14155,14156,14156,1
2020-12-04 16:03:08.927,14156,14157,14156,1
2020-12-04 16:03:13.129,14156,14157,14156,1
2020-12-04 16:03:15.556,14156,14157,14156,1
2020-12-04 16:03:21.918,14156,14157,14156,1
2020-12-04 16:03:24.943,14156,14157,14156,1
2020-12-04 16:03:30.417,14156,14157,14156,2
2020-12-04 16:03:37.345,14156,14157,14156,1
2020-12-04 16:03:41.207,14156,14157,14156,4
2020-12-04 16:03:42.463,14155,14156,14156,1
2020-12-04 16:03:50.759,14155,14156,14155,4
2020-12-04 16:03:52.146,14153,14155,14155,1
2020-12-04 16:03:56.786,14154,14156,14154,1
2020-12-04 16:04:01.224,14155,14156,14155,1
2020-12-04 16:04:22.524,14154,14155,14155,1
2020-12-04 16:04:39.262,14154,14155,14155,4
2020-12-04 16:04:39.263,14154,14155,14155,1
2020-12-04 16:04:39.263,14154,14155,14155,3
2020-12-04 16:04:40.183,14155,14156,14156,3
2020-12-04 16:04:42.784,14155,14157,14155,1
2020-12-04 16:04:43.008,14155,14157,14157,4
2020-12-04 16:04:44.791,14155,14157,14156,1
2020-12-04 16:04:50.925,14154,14156,14156,1
2020-12-04 16:04:57.379,14155,14156,14155,1
2020-12-04 16:05:06.770,14155,14156,14156,1
2020-12-04 16:05:13.147,14156,14157,14157,6
2020-12-04 16:05:15.912,14156,14158,14156,1
2020-12-04 16:05:19.396,14156,14158,14158,5
2020-12-04 16:05:21.696,14157,14158,14158,1
2020-12-04 16:05:23.636,14157,14158,14158,11
2020-12-04 16:05:24.502,14158,14159,14158,1
2020-12-04 16:05:29.489,14158,14159,14159,1
2020-12-04 16:05:29.490,14158,14159,14159,2
2020-12-04 16:05:29.490,14158,14159,14159,13
2020-12-04 16:05:29.526,14158,14159,14159,1
2020-12-04 16:05:30.184,14159,14160,14159,1
2020-12-04 16:05:31.281,14158,14160,14160,2
2020-12-04 16:05:34.510,14158,14160,14160,2
2020-12-04 16:05:37.573,14159,14160,14160,3
2020-12-04 16:05:38.268,14159,14160,14159,1
2020-12-04 16:05:38.485,14158,14160,14160,1
2020-12-04 16:05:38.490,14158,14160,14160,1
2020-12-04 16:05:41.787,14158,14160,14160,1
2020-12-04 16:05:46.463,14159,14160,14159,1
2020-12-04 16:05:47.823,14159,14160,14159,3
2020-12-04 16:05:58.643,14158,14159,14159,2
2020-12-04 16:06:11.141,14158,14159,14159,1
2020-12-04 16:06:11.284,14158,14159,14159,1
2020-12-04 16:06:11.383,14158,14159,14159,1
2020-12-04 16:06:11.449,14158,14159,14160,3
2020-12-04 16:06:11.606,14158,14160,14160,2
2020-12-04 16:06:13.672,14158,14159,14159,1
2020-12-04 16:06:14.530,14159,14160,14159,1
2020-12-04 16:06:16.402,14159,14160,14159,1
2020-12-04 16:06:16.533,14158,14159,14159,1
2020-12-04 16:06:24.453,14159,14160,14159,1
2020-12-04 16:06:31.657,14159,14160,14159,1
2020-12-04 16:06:34.686,14159,14160,14159,1
2020-12-04 16:06:40.132,14159,14160,14159,1
2020-12-04 16:06:41.656,14159,14160,14160,4
2020-12-04 16:06:41.657,14159,14160,14160,4
2020-12-04 16:06:41.657,14159,14160,14160,2
2020-12-04 16:06:41.657,14159,14160,14160,2
2020-12-04 16:06:41.756,14160,14161,14161,1
2020-12-04 16:06:42.067,14160,14161,14161,1
2020-12-04 16:06:42.107,14160,14161,14161,3
2020-12-04 16:06:42.198,14160,14162,14162,1
2020-12-04 16:06:45.910,14160,14161,14161,4
2020-12-04 16:06:48.342,14160,14161,14161,4
2020-12-04 16:06:50.964,14161,14162,14161,4
2020-12-04 16:06:51.702,14161,14162,14162,1
2020-12-04 16:06:52.383,14161,14162,14161,2
2020-12-04 16:06:53.390,14161,14162,14162,1
2020-12-04 16:06:54.149,14161,14162,14161,1
2020-12-04 16:06:54.512,14160,14161,14161,1
2020-12-04 16:06:59.115,14160,14161,14161,3
2020-12-04 16:06:59.721,14160,14162,14160,4
2020-12-04 16:07:01.251,14160,14162,14162,1
2020-12-04 16:07:02.761,14161,14162,14161,4
2020-12-04 16:07:11.564,14161,14162,14162,4
2020-12-04 16:07:11.882,14161,14162,14161,3
2020-12-04 16:07:12.286,14160,14161,14161,1
2020-12-04 16:07:15.555,14161,14162,14161,22
2020-12-04 16:07:16.318,14160,14161,14161,6
2020-12-04 16:07:16.318,14160,14161,14162,4
2020-12-04 16:07:21.411,14160,14161,14160,6
2020-12-04 16:07:21.697,14160,14161,14161,1
2020-12-04 16:07:24.553,14160,14161,14160,3
2020-12-04 16:07:29.134,14159,14160,14160,1
2020-12-04 16:07:36.953,14159,14160,14160,2
2020-12-04 16:07:37.928,14159,14160,14159,1
2020-12-04 16:07:37.968,14159,14160,14159,2
2020-12-04 16:07:37.969,14159,14160,14159,6
2020-12-04 16:07:38.010,14159,14160,14158,1
2020-12-04 16:07:38.048,14159,14160,14158,1
2020-12-04 16:07:42.515,14158,14159,14158,1
2020-12-04 16:07:42.600,14157,14158,14158,3
2020-12-04 16:07:42.612,14157,14158,14158,2
2020-12-04 16:07:46.948,14158,14159,14159,1
2020-12-04 16:07:49.274,14159,14160,14159,1
2020-12-04 16:07:51.553,14159,14160,14160,7
2020-12-04 16:08:05.770,14158,14160,14160,7
2020-12-04 16:08:23.325,14159,14160,14160,2
2020-12-04 16:08:26.446,14159,14160,14160,3
2020-12-04 16:08:26.447,14159,14160,14160,3
2020-12-04 16:08:31.402,14160,14161,14160,3
2020-12-04 16:08:36.388,14160,14161,14161,5
2020-12-04 16:08:36.968,14160,14161,14161,5
2020-12-04 16:09:05.959,14161,14162,14162,1
2020-12-04 16:09:05.960,14161,14162,14162,2
2020-12-04 16:09:05.960,14161,14162,14162,2
2020-12-04 16:09:05.960,14161,14162,14162,4
2020-12-04 16:09:05.960,14161,14162,14162,2
2020-12-04 16:09:05.960,14161,14162,14162,5
2020-12-04 16:09:14.740,14161,14162,14162,4
2020-12-04 16:09:14.744,14161,14162,14162,1
2020-12-04 16:09:27.571,14161,14162,14162,1
2020-12-04 16:09:38.411,14161,14162,14162,1
2020-12-04 16:09:40.676,14161,14162,14161,1
2020-12-04 16:09:40.944,14161,14162,14161,4
2020-12-04 16:09:40.944,14161,14162,14161,9
2020-12-04 16:09:42.409,14160,14162,14162,1
2020-12-04 16:09:43.199,14160,14162,14160,1
2020-12-04 16:09:43.979,14160,14162,14162,2
2020-12-04 16:09:51.335,14160,14161,14161,1
2020-12-04 16:10:03.390,14160,14161,14161,1
2020-12-04 16:10:03.591,14161,14162,14161,3
2020-12-04 16:10:11.532,14160,14161,14161,1
2020-12-04 16:10:12.541,14160,14161,14161,1
2020-12-04 16:10:17.218,14160,14161,14161,1
2020-12-04 16:10:22.870,14160,14161,14161,1
2020-12-04 16:10:23.545,14160,14161,14160,2
2020-12-04 16:10:24.054,14160,14161,14160,4
2020-12-04 16:10:24.054,14160,14161,14160,5
2020-12-04 16:10:28.760,14160,14161,14160,1
2020-12-04 16:10:51.288,14159,14160,14160,3
2020-12-04 16:10:51.289,14159,14160,14160,1
2020-12-04 16:10:51.289,14159,14160,14160,3
2020-12-04 16:11:09.947,14159,14160,14160,1
2020-12-04 16:11:20.535,14160,14161,14160,1
2020-12-04 16:11:20.674,14160,14161,14160,2
2020-12-04 16:11:21.362,14159,14160,14160,1
2020-12-04 16:11:43.481,14159,14160,14159,1
2020-12-04 16:11:44.580,14159,14160,14159,1
2020-12-04 16:11:52.471,14159,14160,14160,1
2020-12-04 16:11:55.450,14159,14160,14160,2
2020-12-04 16:11:55.450,14159,14160,14160,1
2020-12-04 16:11:55.450,14159,14160,14160,2
2020-12-04 16:11:55.737,14160,14161,14161,1
2020-12-04 16:11:56.967,14160,14161,14161,1
2020-12-04 16:11:58.768,14160,14161,14161,3
2020-12-04 16:12:01.574,14160,14161,14161,1
2020-12-04 16:12:02.008,14160,14161,14161,1
2020-12-04 16:12:02.082,14160,14161,14161,1
2020-12-04 16:12:02.225,14160,14161,14161,2
2020-12-04 16:12:02.226,14160,14161,14161,2
2020-12-04 16:12:02.226,14160,14161,14161,4
2020-12-04 16:12:07.923,14161,14162,14161,1
2020-12-04 16:12:10.797,14161,14162,14162,18
2020-12-04 16:12:12.357,14162,14163,14163,2
2020-12-04 16:12:12.620,14162,14163,14163,1
2020-12-04 16:12:14.410,14162,14163,14163,1
2020-12-04 16:12:14.457,14162,14163,14163,5
2020-12-04 16:12:15.097,14162,14163,14163,5
2020-12-04 16:12:15.178,14162,14163,14163,6
2020-12-04 16:12:15.179,14162,14163,14163,4
2020-12-04 16:12:19.976,14163,14164,14163,1
2020-12-04 16:12:25.234,14163,14164,14164,1
2020-12-04 16:12:25.329,14163,14164,14164,1
2020-12-04 16:12:25.331,14163,14164,14164,2
2020-12-04 16:12:25.333,14163,14164,14164,1
2020-12-04 16:12:25.431,14163,14164,14164,1
2020-12-04 16:12:25.466,14163,14164,14164,1
2020-12-04 16:12:25.468,14163,14164,14164,1
2020-12-04 16:12:25.468,14163,14164,14164,7
2020-12-04 16:12:25.468,14163,14164,14164,1
2020-12-04 16:12:25.473,14163,14164,14165,1
2020-12-04 16:12:25.475,14163,14164,14165,1
2020-12-04 16:12:25.502,14163,14164,14165,3
2020-12-04 16:12:25.506,14163,14164,14165,1
2020-12-04 16:12:25.519,14163,14164,14165,1
2020-12-04 16:12:25.584,14164,14165,14165,2
2020-12-04 16:12:25.589,14164,14165,14165,1
2020-12-04 16:12:25.591,14164,14165,14165,1
2020-12-04 16:12:25.601,14164,14165,14165,1
2020-12-04 16:12:25.610,14164,14165,14165,1
2020-12-04 16:12:25.625,14164,14165,14165,1
2020-12-04 16:12:25.630,14164,14165,14165,1
2020-12-04 16:12:25.631,14164,14165,14165,1
2020-12-04 16:12:25.661,14164,14165,14165,1
2020-12-04 16:12:25.662,14164,14165,14165,1
2020-12-04 16:12:25.663,14164,14165,14165,1
2020-12-04 16:12:25.668,14164,14165,14165,1
2020-12-04 16:12:25.682,14164,14165,14165,1
2020-12-04 16:12:25.712,14164,14165,14164,1
2020-12-04 16:12:25.740,14164,14165,14165,1
2020-12-04 16:12:25.761,14164,14165,14165,2
2020-12-04 16:12:25.778,14164,14165,14165,5
2020-12-04 16:12:25.816,14164,14166,14166,1
2020-12-04 16:12:25.823,14164,14166,14166,1
2020-12-04 16:12:25.890,14164,14166,14166,4
2020-12-04 16:12:25.891,14164,14166,14166,3
2020-12-04 16:12:25.897,14164,14166,14166,1
2020-12-04 16:12:25.924,14164,14166,14166,1
2020-12-04 16:12:25.962,14165,14166,14166,1
2020-12-04 16:12:25.973,14165,14166,14166,1
2020-12-04 16:12:25.975,14165,14166,14166,2
2020-12-04 16:12:26.529,14165,14166,14164,1
2020-12-04 16:12:28.043,14165,14166,14166,1
2020-12-04 16:12:35.887,14165,14166,14166,3
2020-12-04 16:12:36.514,14165,14166,14166,5
2020-12-04 16:12:37.207,14165,14166,14166,1
2020-12-04 16:12:37.624,14165,14166,14166,1
2020-12-04 16:12:37.798,14165,14166,14166,3
2020-12-04 16:12:37.799,14165,14166,14166,1
2020-12-04 16:12:37.799,14165,14166,14166,1
2020-12-04 16:12:38.399,14166,14167,14166,1
2020-12-04 16:12:38.865,14166,14167,14166,1
2020-12-04 16:12:39.634,14165,14167,14167,9
2020-12-04 16:12:39.644,14165,14167,14166,1
2020-12-04 16:12:39.695,14166,14167,14166,1
2020-12-04 16:12:40.168,14166,14167,14167,1
2020-12-04 16:12:40.292,14166,14167,14167,4
2020-12-04 16:12:42.889,14167,14168,14168,5
2020-12-04 16:12:42.971,14167,14168,14168,2
2020-12-04 16:12:43.130,14167,14168,14168,1
2020-12-04 16:12:43.511,14167,14168,14167,7
2020-12-04 16:12:43.511,14167,14168,14166,10
2020-12-04 16:12:43.588,14166,14167,14167,1
2020-12-04 16:12:43.615,14166,14167,14167,4
2020-12-04 16:12:43.615,14166,14167,14167,1
2020-12-04 16:12:43.656,14166,14167,14168,1
2020-12-04 16:12:44.008,14166,14168,14166,3
2020-12-04 16:12:44.192,14166,14167,14167,1
2020-12-04 16:12:44.217,14166,14167,14167,3
2020-12-04 16:12:46.716,14166,14168,14167,1
2020-12-04 16:12:50.026,14166,14168,14167,1
2020-12-04 16:12:50.524,14166,14167,14167,1
2020-12-04 16:12:51.718,14166,14167,14167,2
2020-12-04 16:12:51.847,14166,14167,14167,1
2020-12-04 16:12:56.718,14166,14167,14166,1
2020-12-04 16:12:56.843,14166,14167,14167,4
2020-12-04 16:12:56.843,14166,14167,14168,5
2020-12-04 16:12:56.894,14166,14167,14167,1
2020-12-04 16:12:57.428,14167,14168,14167,1
2020-12-04 16:12:57.804,14166,14167,14167,1
2020-12-04 16:12:58.425,14166,14167,14167,1
2020-12-04 16:13:00.515,14166,14167,14167,1
2020-12-04 16:13:01.742,14166,14167,14167,1
2020-12-04 16:13:03.221,14166,14167,14166,1
2020-12-04 16:13:03.221,14166,14167,14166,4
2020-12-04 16:13:03.221,14166,14167,14166,3
2020-12-04 16:13:03.797,14165,14167,14167,1
2020-12-04 16:13:09.862,14166,14167,14167,1
2020-12-04 16:13:09.916,14166,14167,14167,1
2020-12-04 16:13:16.941,14166,14167,14167,2
2020-12-04 16:13:17.341,14166,14167,14167,1
2020-12-04 16:13:19.842,14166,14167,14166,7
2020-12-04 16:13:21.111,14166,14167,14166,7
2020-12-04 16:13:21.111,14166,14167,14165,3
2020-12-04 16:13:21.141,14166,14167,14166,1
2020-12-04 16:13:26.508,14166,14167,14166,1
2020-12-04 16:13:29.652,14165,14167,14166,1
2020-12-04 16:13:31.839,14165,14166,14166,1
2020-12-04 16:13:33.843,14166,14167,14166,1
2020-12-04 16:13:35.567,14166,14167,14166,1
2020-12-04 16:13:35.697,14166,14167,14166,1
2020-12-04 16:13:38.427,14166,14167,14166,1
2020-12-04 16:13:39.465,14166,14167,14167,1
2020-12-04 16:13:39.563,14166,14167,14167,1
2020-12-04 16:13:39.563,14166,14167,14167,4
2020-12-04 16:13:39.564,14166,14167,14167,3
2020-12-04 16:13:39.577,14166,14167,14167,1
2020-12-04 16:13:39.782,14167,14168,14168,1
2020-12-04 16:13:45.001,14167,14168,14167,1
2020-12-04 16:13:45.828,14167,14168,14168,1
2020-12-04 16:13:46.069,14167,14168,14168,1
2020-12-04 16:13:49.813,14167,14168,14168,1
2020-12-04 16:13:50.480,14167,14168,14168,3
2020-12-04 16:13:50.565,14167,14168,14168,2
2020-12-04 16:13:50.744,14167,14168,14168,1
2020-12-04 16:13:51.009,14167,14168,14168,1
2020-12-04 16:13:52.573,14167,14168,14167,1
2020-12-04 16:13:54.123,14167,14168,14168,1
2020-12-04 16:13:55.452,14167,14168,14168,3
2020-12-04 16:13:57.854,14167,14168,14167,2
2020-12-04 16:14:01.811,14167,14168,14167,4
2020-12-04 16:14:01.811,14167,14168,14167,1
2020-12-04 16:14:02.083,14166,14167,14167,2
2020-12-04 16:14:02.381,14166,14168,14166,1
2020-12-04 16:14:10.990,14166,14167,14166,1
2020-12-04 16:14:13.661,14166,14167,14167,1
2020-12-04 16:14:16.851,14166,14167,14167,1
2020-12-04 16:14:20.348,14166,14167,14167,1
2020-12-04 16:14:22.711,14166,14167,14167,1
2020-12-04 16:14:23.346,14166,14167,14167,1
2020-12-04 16:14:23.536,14167,14168,14168,2
2020-12-04 16:14:23.626,14167,14168,14168,1
2020-12-04 16:14:24.604,14167,14168,14167,1
2020-12-04 16:14:25.260,14167,14168,14167,1
2020-12-04 16:14:25.688,14167,14168,14168,1
2020-12-04 16:14:26.272,14167,14168,14168,2
2020-12-04 16:14:28.136,14167,14168,14167,1
2020-12-04 16:14:28.479,14167,14168,14168,1
2020-12-04 16:14:30.589,14167,14168,14168,1
2020-12-04 16:14:31.318,14167,14168,14168,5
2020-12-04 16:14:39.126,14167,14168,14167,11
2020-12-04 16:14:40.966,14166,14167,14167,1
2020-12-04 16:14:42.395,14166,14167,14166,10
2020-12-04 16:14:42.726,14165,14166,14166,1
2020-12-04 16:14:45.926,14166,14167,14167,1
2020-12-04 16:14:52.678,14166,14167,14166,1
2020-12-04 16:14:55.698,14166,14167,14166,1
2020-12-04 16:14:55.803,14166,14167,14166,1
2020-12-04 16:14:56.548,14165,14167,14166,1
2020-12-04 16:15:01.780,14165,14166,14166,1
2020-12-04 16:15:02.298,14165,14166,14165,2
2020-12-04 16:15:02.328,14165,14166,14166,2
2020-12-04 16:15:02.328,14165,14166,14167,8
2020-12-04 16:15:02.362,14165,14166,14167,1
2020-12-04 16:15:02.362,14165,14166,14167,1
2020-12-04 16:15:02.362,14165,14166,14167,1
2020-12-04 16:15:02.383,14165,14166,14167,1
2020-12-04 16:15:02.385,14165,14166,14167,1
2020-12-04 16:15:02.408,14165,14166,14168,1
2020-12-04 16:15:02.415,14165,14166,14168,1
2020-12-04 16:15:03.142,14166,14168,14168,2
2020-12-04 16:15:03.774,14167,14168,14167,6
2020-12-04 16:15:03.774,14167,14168,14166,1
2020-12-04 16:15:09.648,14167,14168,14167,1
2020-12-04 16:15:15.427,14167,14168,14168,1
2020-12-04 16:15:15.495,14167,14168,14168,1
2020-12-04 16:15:18.691,14167,14168,14168,1
2020-12-04 16:15:23.445,14167,14168,14168,1
2020-12-04 16:15:23.529,14167,14168,14168,1
2020-12-04 16:15:23.665,14167,14168,14168,1
2020-12-04 16:15:26.323,14167,14168,14168,1
2020-12-04 16:15:27.665,14167,14168,14167,1
2020-12-04 16:15:27.700,14167,14168,14168,5
2020-12-04 16:15:27.700,14167,14168,14169,5
2020-12-04 16:15:27.863,14168,14169,14169,1
2020-12-04 16:15:27.883,14168,14169,14169,1
2020-12-04 16:15:28.126,14168,14169,14168,1
2020-12-04 16:15:28.665,14168,14169,14169,2
2020-12-04 16:15:31.516,14168,14169,14169,1
2020-12-04 16:15:32.021,14168,14169,14169,2
2020-12-04 16:15:33.002,14168,14169,14169,2
2020-12-04 16:15:34.255,14168,14169,14168,1
2020-12-04 16:15:38.020,14168,14169,14169,1
2020-12-04 16:15:46.692,14168,14169,14168,1
2020-12-04 16:15:47.828,14168,14169,14168,1
2020-12-04 16:15:48.098,14168,14169,14169,1
2020-12-04 16:15:49.022,14168,14169,14169,1
2020-12-04 16:15:50.004,14168,14169,14169,7
2020-12-04 16:15:55.300,14169,14170,14170,4
2020-12-04 16:15:55.301,14169,14170,14170,1
2020-12-04 16:15:55.301,14169,14170,14170,6
2020-12-04 16:15:55.301,14169,14170,14170,10
2020-12-04 16:15:55.301,14169,14170,14170,3
2020-12-04 16:15:55.301,14169,14170,14170,12
2020-12-04 16:15:55.301,14169,14170,14170,2
2020-12-04 16:15:55.301,14169,14170,14170,11
2020-12-04 16:15:55.301,14169,14170,14170,1
2020-12-04 16:15:55.363,14170,14171,14171,1
2020-12-04 16:15:55.500,14170,14171,14171,1
2020-12-04 16:15:55.525,14170,14171,14170,3
2020-12-04 16:15:55.525,14170,14171,14169,1
2020-12-04 16:15:55.716,14169,14171,14169,1
2020-12-04 16:15:55.720,14169,14171,14169,1
2020-12-04 16:15:55.721,14169,14171,14169,1
2020-12-04 16:15:55.918,14169,14171,14170,1
2020-12-04 16:15:56.077,14169,14171,14171,1
2020-12-04 16:15:56.274,14170,14171,14171,1
2020-12-04 16:15:56.811,14169,14171,14171,1
2020-12-04 16:15:56.815,14169,14171,14169,3
2020-12-04 16:15:59.839,14169,14170,14170,1
2020-12-04 16:16:04.924,14169,14170,14170,4
2020-12-04 16:16:04.924,14169,14170,14170,1
2020-12-04 16:16:05.652,14169,14170,14169,3
2020-12-04 16:16:06.971,14168,14169,14169,3
2020-12-04 16:16:06.971,14168,14169,14169,1
2020-12-04 16:16:07.625,14168,14170,14170,5
2020-12-04 16:16:09.277,14168,14170,14168,1
2020-12-04 16:16:12.828,14168,14170,14168,3
2020-12-04 16:16:13.000,14168,14170,14169,1
2020-12-04 16:16:16.778,14168,14170,14168,2
2020-12-04 16:16:22.328,14168,14170,14168,2
2020-12-04 16:16:25.226,14168,14170,14169,1
2020-12-04 16:16:35.588,14168,14169,14168,1
2020-12-04 16:16:40.159,14168,14169,14168,1
2020-12-04 16:17:02.359,14168,14169,14169,1
2020-12-04 16:17:02.503,14168,14169,14168,2
2020-12-04 16:17:06.802,14168,14169,14168,1
2020-12-04 16:17:12.318,14168,14169,14168,11
2020-12-04 16:17:12.319,14168,14169,14168,1
2020-12-04 16:17:12.537,14167,14168,14167,1
2020-12-04 16:17:12.583,14167,14168,14168,5
2020-12-04 16:17:12.583,14167,14168,14169,5
2020-12-04 16:17:20.141,14167,14168,14168,1
2020-12-04 16:17:24.047,14167,14168,14168,1
2020-12-04 16:17:30.809,14167,14168,14168,1
2020-12-04 16:17:30.995,14167,14168,14168,1
2020-12-04 16:17:32.944,14168,14169,14169,1
2020-12-04 16:17:35.495,14168,14169,14168,1
2020-12-04 16:17:37.924,14168,14169,14168,1
2020-12-04 16:17:41.156,14168,14169,14168,1
2020-12-04 16:17:42.782,14168,14169,14168,1
2020-12-04 16:17:52.767,14168,14169,14168,1
2020-12-04 16:17:57.752,14168,14169,14168,1
2020-12-04 16:17:57.753,14168,14169,14168,1
2020-12-04 16:18:02.437,14167,14168,14167,1
2020-12-04 16:18:03.955,14167,14168,14167,2
2020-12-04 16:18:09.131,14167,14168,14168,1
2020-12-04 16:18:09.442,14167,14168,14168,1
2020-12-04 16:18:10.968,14167,14169,14167,1
2020-12-04 16:18:25.048,14167,14168,14168,3
2020-12-04 16:18:25.048,14167,14168,14169,2
2020-12-04 16:18:26.451,14168,14169,14169,1
2020-12-04 16:18:35.003,14167,14168,14168,1
2020-12-04 16:18:38.923,14168,14169,14169,1
2020-12-04 16:18:38.925,14168,14169,14169,1
2020-12-04 16:18:43.072,14168,14169,14169,1
2020-12-04 16:18:45.167,14168,14169,14169,4
2020-12-04 16:18:45.167,14168,14169,14170,1
2020-12-04 16:18:48.416,14169,14170,14169,1
2020-12-04 16:18:56.414,14169,14170,14169,6
2020-12-04 16:18:57.140,14168,14169,14169,5
2020-12-04 16:18:58.307,14168,14170,14169,1
2020-12-04 16:19:01.936,14168,14170,14170,3
2020-12-04 16:19:09.854,14168,14170,14170,5
2020-12-04 16:19:09.861,14168,14170,14170,1
2020-12-04 16:19:09.867,14168,14170,14170,2
2020-12-04 16:19:10.250,14169,14170,14169,3
2020-12-04 16:19:10.408,14169,14170,14170,1
2020-12-04 16:19:10.782,14169,14170,14169,1
2020-12-04 16:19:10.929,14168,14170,14170,1
2020-12-04 16:19:14.125,14168,14170,14170,1
2020-12-04 16:19:17.032,14168,14170,14170,4
2020-12-04 16:19:17.297,14168,14170,14170,1
2020-12-04 16:19:19.428,14168,14170,14168,5
2020-12-04 16:19:23.444,14168,14169,14169,1
2020-12-04 16:19:27.627,14168,14169,14169,4
2020-12-04 16:19:27.627,14168,14169,14170,1
2020-12-04 16:19:27.629,14168,14169,14170,1
2020-12-04 16:19:33.057,14169,14170,14169,2
2020-12-04 16:19:34.171,14168,14170,14168,1
2020-12-04 16:19:34.441,14168,14169,14169,1
2020-12-04 16:19:36.354,14168,14169,14169,1
2020-12-04 16:19:42.739,14169,14170,14170,1
2020-12-04 16:19:44.822,14169,14170,14169,1
2020-12-04 16:19:44.822,14169,14170,14169,1
2020-12-04 16:19:44.822,14169,14170,14169,4
2020-12-04 16:19:50.642,14169,14170,14169,1
2020-12-04 16:19:51.697,14169,14170,14170,10
2020-12-04 16:19:53.609,14169,14170,14170,1
2020-12-04 16:19:53.695,14169,14170,14170,1
2020-12-04 16:19:53.921,14169,14170,14170,1
2020-12-04 16:19:54.541,14169,14170,14169,3
2020-12-04 16:19:54.939,14169,14170,14169,2
2020-12-04 16:20:00.355,14168,14170,14170,1
2020-12-04 16:20:00.457,14168,14170,14170,8
2020-12-04 16:20:00.458,14168,14170,14170,1
2020-12-04 16:20:01.382,14169,14170,14170,1
2020-12-04 16:20:01.491,14169,14170,14170,1
2020-12-04 16:20:01.611,14169,14171,14171,1
2020-12-04 16:20:01.615,14169,14171,14171,1
2020-12-04 16:20:01.625,14169,14171,14171,1
2020-12-04 16:20:01.632,14169,14171,14171,2
2020-12-04 16:20:01.643,14169,14171,14171,1
2020-12-04 16:20:01.646,14169,14171,14171,1
2020-12-04 16:20:01.693,14169,14171,14171,1
2020-12-04 16:20:01.795,14169,14171,14171,1
2020-12-04 16:20:01.966,14169,14171,14171,1
2020-12-04 16:20:02.084,14170,14171,14171,1
2020-12-04 16:20:02.097,14170,14171,14171,1
2020-12-04 16:20:02.097,14170,14171,14171,3
2020-12-04 16:20:02.098,14170,14171,14171,3
2020-12-04 16:20:02.103,14170,14171,14172,1
2020-12-04 16:20:02.108,14170,14171,14172,2
2020-12-04 16:20:02.151,14170,14171,14172,2
2020-12-04 16:20:02.202,14171,14172,14172,2
2020-12-04 16:20:02.237,14171,14172,14173,1
2020-12-04 16:20:02.258,14171,14172,14173,1
2020-12-04 16:20:02.289,14171,14172,14173,3
2020-12-04 16:20:02.382,14171,14173,14171,1
2020-12-04 16:20:02.422,14171,14173,14173,1
2020-12-04 16:20:02.424,14171,14173,14173,4
2020-12-04 16:20:02.502,14172,14173,14172,4
2020-12-04 16:20:02.502,14172,14173,14171,1
2020-12-04 16:20:02.578,14171,14173,14171,2
2020-12-04 16:20:02.756,14171,14173,14172,1
2020-12-04 16:20:03.034,14171,14173,14171,1
2020-12-04 16:20:03.199,14171,14173,14171,1
2020-12-04 16:20:05.633,14171,14172,14172,4
2020-12-04 16:20:09.646,14171,14172,14172,1
2020-12-04 16:20:09.753,14171,14173,14172,1
2020-12-04 16:20:09.862,14171,14172,14172,1
2020-12-04 16:20:09.905,14171,14172,14172,7
2020-12-04 16:20:10.052,14171,14173,14172,1
2020-12-04 16:20:10.260,14171,14173,14173,3
2020-12-04 16:20:10.260,14171,14173,14174,1
2020-12-04 16:20:10.334,14171,14173,14173,2
2020-12-04 16:20:10.362,14171,14173,14173,2
2020-12-04 16:20:10.362,14171,14173,14174,8
2020-12-04 16:20:10.469,14173,14174,14174,1
2020-12-04 16:20:10.644,14173,14174,14173,1
2020-12-04 16:20:10.796,14172,14173,14171,5
2020-12-04 16:20:11.034,14171,14172,14172,1
2020-12-04 16:20:12.525,14171,14172,14172,1
2020-12-04 16:20:12.525,14171,14172,14173,4
2020-12-04 16:20:13.123,14171,14173,14173,1
2020-12-04 16:20:17.374,14172,14173,14172,1
2020-12-04 16:20:20.646,14171,14173,14173,1
2020-12-04 16:20:20.866,14171,14173,14171,1
2020-12-04 16:20:21.747,14171,14173,14173,2
2020-12-04 16:20:23.092,14171,14173,14173,1
2020-12-04 16:20:23.830,14171,14172,14172,4
2020-12-04 16:20:23.830,14171,14172,14173,1
2020-12-04 16:20:28.529,14171,14172,14172,1
2020-12-04 16:20:28.809,14172,14173,14172,3
2020-12-04 16:20:31.190,14171,14173,14171,2
2020-12-04 16:20:31.327,14171,14172,14172,4
2020-12-04 16:20:31.327,14171,14172,14173,6
2020-12-04 16:20:32.520,14172,14173,14172,2
2020-12-04 16:20:32.803,14171,14172,14171,1
2020-12-04 16:20:36.851,14171,14173,14173,2
2020-12-04 16:20:39.530,14171,14172,14172,2
2020-12-04 16:20:39.530,14171,14172,14173,3
2020-12-04 16:20:41.716,14172,14173,14172,6
2020-12-04 16:20:42.015,14171,14172,14173,1
2020-12-04 16:20:43.975,14172,14173,14172,1
2020-12-04 16:20:46.318,14171,14173,14172,1
2020-12-04 16:20:48.474,14171,14172,14172,1
2020-12-04 16:20:48.474,14171,14172,14173,12
2020-12-04 16:20:48.475,14171,14172,14173,2
2020-12-04 16:20:48.677,14172,14174,14174,1
2020-12-04 16:20:48.809,14172,14173,14173,1
2020-12-04 16:20:52.697,14172,14174,14174,2
2020-12-04 16:20:53.619,14172,14174,14174,1
2020-12-04 16:20:54.353,14172,14174,14173,1
2020-12-04 16:20:54.458,14173,14174,14174,1
2020-12-04 16:20:56.379,14173,14174,14174,1
2020-12-04 16:20:56.689,14173,14174,14174,1
2020-12-04 16:20:56.999,14173,14174,14174,1
2020-12-04 16:20:57.196,14173,14174,14174,1
2020-12-04 16:20:57.307,14173,14174,14174,1
2020-12-04 16:20:57.613,14173,14174,14174,2
2020-12-04 16:20:57.758,14173,14174,14174,4
2020-12-04 16:20:57.759,14173,14174,14174,11
2020-12-04 16:20:57.870,14174,14175,14175,2
2020-12-04 16:20:57.952,14174,14175,14175,1
2020-12-04 16:20:58.018,14174,14175,14175,1
2020-12-04 16:20:58.085,14174,14175,14174,4
2020-12-04 16:20:58.334,14174,14175,14174,2
2020-12-04 16:21:00.707,14174,14175,14175,1
2020-12-04 16:21:01.361,14174,14175,14175,2
2020-12-04 16:21:01.650,14174,14175,14175,2
2020-12-04 16:21:01.800,14174,14175,14175,1
2020-12-04 16:21:01.856,14174,14175,14175,2
2020-12-04 16:21:02.011,14174,14175,14174,1
2020-12-04 16:21:02.013,14174,14175,14175,3
2020-12-04 16:21:02.026,14174,14175,14174,1
2020-12-04 16:21:02.063,14174,14175,14174,1
2020-12-04 16:21:02.301,14174,14175,14174,2
2020-12-04 16:21:02.312,14174,14175,14174,1
2020-12-04 16:21:03.271,14174,14175,14174,1
2020-12-04 16:21:04.885,14173,14175,14175,1
2020-12-04 16:21:05.474,14173,14175,14175,2
2020-12-04 16:21:05.602,14173,14175,14175,3
2020-12-04 16:21:08.493,14173,14175,14174,1
2020-12-04 16:21:09.353,14173,14175,14175,3
2020-12-04 16:21:09.424,14173,14175,14174,1
2020-12-04 16:21:10.580,14173,14175,14173,1
2020-12-04 16:21:10.708,14173,14175,14175,2
2020-12-04 16:21:10.840,14173,14175,14173,1
2020-12-04 16:21:11.101,14173,14175,14175,3
2020-12-04 16:21:12.528,14174,14175,14174,1
2020-12-04 16:21:17.526,14174,14175,14175,1
2020-12-04 16:21:18.351,14174,14175,14175,2
2020-12-04 16:21:18.573,14174,14175,14175,3
2020-12-04 16:21:20.947,14174,14175,14175,1
2020-12-04 16:21:21.474,14174,14175,14175,2
2020-12-04 16:21:21.555,14174,14176,14176,2
2020-12-04 16:21:21.756,14175,14176,14175,1
2020-12-04 16:21:22.623,14175,14176,14176,1
2020-12-04 16:21:23.947,14175,14176,14175,1
2020-12-04 16:21:24.112,14175,14176,14175,1
2020-12-04 16:21:24.492,14174,14176,14176,1
2020-12-04 16:21:26.079,14175,14176,14175,1
2020-12-04 16:21:26.581,14175,14176,14176,1
2020-12-04 16:21:28.301,14175,14176,14176,2
2020-12-04 16:21:29.247,14175,14176,14176,1
2020-12-04 16:21:29.671,14175,14176,14175,1
2020-12-04 16:21:31.137,14175,14176,14176,2
2020-12-04 16:21:32.743,14175,14176,14176,1
2020-12-04 16:21:33.664,14175,14176,14176,1
2020-12-04 16:21:34.627,14175,14176,14176,3
2020-12-04 16:21:35.991,14175,14176,14176,2
2020-12-04 16:21:38.140,14175,14176,14175,1
2020-12-04 16:21:40.063,14175,14176,14176,6
2020-12-04 16:21:43.006,14175,14176,14176,2
2020-12-04 16:21:43.179,14175,14176,14176,4
2020-12-04 16:21:47.253,14175,14176,14175,1
2020-12-04 16:21:49.753,14175,14176,14175,1
2020-12-04 16:21:50.572,14175,14176,14176,1
2020-12-04 16:21:55.763,14175,14176,14176,2
2020-12-04 16:21:55.791,14175,14176,14176,2
2020-12-04 16:22:01.155,14175,14176,14176,1
2020-12-04 16:22:01.511,14175,14176,14175,4
2020-12-04 16:22:01.512,14175,14176,14175,7
2020-12-04 16:22:01.513,14175,14176,14175,1
2020-12-04 16:22:01.666,14174,14175,14175,1
2020-12-04 16:22:02.214,14174,14175,14174,5
2020-12-04 16:22:02.329,14173,14175,14175,9
2020-12-04 16:22:02.329,14173,14175,14176,1
2020-12-04 16:22:02.980,14173,14175,14175,2
2020-12-04 16:22:07.153,14174,14175,14175,1
2020-12-04 16:22:08.556,14174,14175,14174,2
2020-12-04 16:22:11.043,14173,14175,14175,1
2020-12-04 16:22:11.338,14173,14175,14175,5
2020-12-04 16:22:13.573,14173,14175,14173,2
2020-12-04 16:22:14.345,14174,14175,14174,1
2020-12-04 16:22:17.617,14173,14175,14174,1
2020-12-04 16:22:17.774,14173,14174,14174,1
2020-12-04 16:22:20.086,14173,14175,14175,3
2020-12-04 16:22:22.409,14173,14175,14175,1
2020-12-04 16:22:22.455,14173,14175,14174,1
2020-12-04 16:22:23.751,14174,14175,14174,1
2020-12-04 16:22:24.270,14173,14175,14173,4
2020-12-04 16:22:24.331,14173,14174,14174,2
2020-12-04 16:22:24.499,14173,14175,14175,1
2020-12-04 16:22:25.146,14173,14175,14173,1
2020-12-04 16:22:27.152,14173,14174,14173,6
2020-12-04 16:22:27.178,14173,14174,14173,1
2020-12-04 16:22:31.541,14173,14174,14173,3
2020-12-04 16:22:31.620,14173,14174,14173,3
2020-12-04 16:22:33.174,14172,14174,14173,2
2020-12-04 16:22:34.995,14173,14174,14173,3
2020-12-04 16:22:35.595,14173,14174,14174,5
2020-12-04 16:22:41.055,14173,14174,14174,1
2020-12-04 16:22:43.691,14173,14174,14174,1
2020-12-04 16:22:45.246,14173,14174,14173,1
2020-12-04 16:22:46.126,14173,14174,14174,2
2020-12-04 16:22:49.829,14173,14174,14173,1
2020-12-04 16:22:50.362,14173,14174,14174,1
2020-12-04 16:22:55.139,14173,14174,14174,1
2020-12-04 16:22:56.171,14173,14174,14174,1
2020-12-04 16:22:57.509,14173,14174,14174,1
2020-12-04 16:22:58.080,14173,14174,14174,1
2020-12-04 16:22:58.535,14173,14174,14174,2
