2021-04-29 15:00:00.014,17580,17582,17581,58,-58
2021-04-29 15:00:00.085,17580,17581,17581,2,2
2021-04-29 15:00:00.117,17580,17581,17580,1,-1
2021-04-29 15:00:00.190,17580,17581,17580,1,-1
2021-04-29 15:00:00.224,17577,17580,17579,1,-1
2021-04-29 15:00:00.318,17577,17580,17581,3,3
2021-04-29 15:00:00.336,17577,17580,17580,1,1
2021-04-29 15:00:00.366,17579,17581,17581,2,2
2021-04-29 15:00:00.475,17579,17582,17580,1,-1
2021-04-29 15:00:00.517,17579,17582,17579,1,-1
2021-04-29 15:00:00.526,17579,17582,17580,1,1
2021-04-29 15:00:00.655,17577,17580,17580,1,1
2021-04-29 15:00:00.666,17577,17580,17577,1,-1
2021-04-29 15:00:00.775,17578,17581,17578,1,1
2021-04-29 15:00:01.089,17577,17580,17577,2,-2
2021-04-29 15:00:01.200,17577,17580,17577,1,-1
2021-04-29 15:00:01.386,17577,17579,17577,1,-1
2021-04-29 15:00:02.019,17577,17579,17579,1,1
2021-04-29 15:00:02.377,17577,17579,17577,5,-5
2021-04-29 15:00:02.816,17577,17579,17578,1,1
2021-04-29 15:00:03.073,17578,17579,17578,1,-1
2021-04-29 15:00:03.319,17578,17579,17578,3,-3
2021-04-29 15:00:03.765,17576,17579,17576,2,-2
2021-04-29 15:00:04.110,17575,17578,17578,1,1
2021-04-29 15:00:04.969,17575,17578,17578,1,1
2021-04-29 15:00:05.889,17576,17577,17577,1,1
2021-04-29 15:00:06.726,17576,17577,17577,3,3
2021-04-29 15:00:06.884,17577,17578,17578,2,2
2021-04-29 15:00:07.943,17577,17579,17577,1,-1
2021-04-29 15:00:08.291,17578,17579,17579,3,3
2021-04-29 15:00:08.438,17579,17580,17579,1,-1
2021-04-29 15:00:08.939,17578,17580,17578,1,-1
2021-04-29 15:00:10.124,17578,17580,17578,1,-1
2021-04-29 15:00:12.696,17579,17580,17579,1,1
2021-04-29 15:00:13.065,17579,17580,17579,2,-2
2021-04-29 15:00:14.079,17579,17580,17580,1,1
2021-04-29 15:00:14.103,17579,17580,17580,1,1
2021-04-29 15:00:14.195,17579,17580,17579,1,-1
2021-04-29 15:00:14.338,17579,17580,17579,1,-1
2021-04-29 15:00:14.422,17579,17580,17579,1,-1
2021-04-29 15:00:15.151,17578,17580,17580,1,1
2021-04-29 15:00:15.152,17578,17580,17580,1,1
2021-04-29 15:00:16.918,17578,17580,17580,2,2
2021-04-29 15:00:17.918,17578,17580,17580,1,1
2021-04-29 15:00:18.217,17578,17581,17579,1,-1
2021-04-29 15:00:18.566,17580,17581,17580,3,3
2021-04-29 15:00:19.689,17579,17581,17579,2,-2
2021-04-29 15:00:19.945,17579,17581,17581,1,1
2021-04-29 15:00:20.068,17579,17580,17579,1,-1
2021-04-29 15:00:21.005,17579,17580,17580,1,1
2021-04-29 15:00:21.070,17579,17580,17580,1,1
2021-04-29 15:00:22.021,17579,17581,17581,1,1
2021-04-29 15:00:24.624,17580,17581,17580,1,-1
2021-04-29 15:00:25.398,17580,17581,17580,2,-2
2021-04-29 15:00:25.644,17580,17581,17580,1,-1
2021-04-29 15:00:26.065,17579,17580,17580,1,1
2021-04-29 15:00:26.136,17579,17580,17580,2,2
2021-04-29 15:00:27.885,17579,17580,17580,1,1
2021-04-29 15:00:28.655,17579,17580,17580,4,4
2021-04-29 15:00:28.955,17579,17580,17579,1,-1
2021-04-29 15:00:30.083,17579,17580,17580,1,1
2021-04-29 15:00:30.425,17579,17581,17581,1,1
2021-04-29 15:00:30.592,17579,17581,17579,2,-2
2021-04-29 15:00:30.917,17579,17581,17581,1,1
2021-04-29 15:00:31.001,17579,17581,17580,1,-1
2021-04-29 15:00:31.007,17579,17581,17580,1,-1
2021-04-29 15:00:31.761,17579,17580,17580,1,1
2021-04-29 15:00:33.542,17579,17580,17580,1,1
2021-04-29 15:00:34.622,17579,17580,17580,1,1
2021-04-29 15:00:35.810,17579,17580,17580,1,1
2021-04-29 15:00:36.586,17580,17581,17580,1,-1
2021-04-29 15:00:36.957,17580,17581,17580,1,-1
2021-04-29 15:00:42.906,17580,17581,17580,1,-1
2021-04-29 15:00:42.910,17580,17581,17580,1,-1
2021-04-29 15:00:43.020,17579,17581,17579,3,-3
2021-04-29 15:00:44.294,17579,17580,17580,1,1
2021-04-29 15:00:45.632,17579,17581,17581,1,1
2021-04-29 15:00:46.005,17580,17581,17580,2,-2
2021-04-29 15:00:46.926,17579,17581,17579,1,-1
2021-04-29 15:00:48.418,17579,17581,17581,2,2
2021-04-29 15:00:49.381,17580,17581,17581,1,1
2021-04-29 15:00:50.481,17580,17581,17581,5,5
2021-04-29 15:00:50.500,17580,17581,17582,1,1
2021-04-29 15:00:51.223,17581,17582,17581,1,-1
2021-04-29 15:00:51.298,17581,17582,17582,1,1
2021-04-29 15:00:54.496,17581,17582,17581,1,-1
2021-04-29 15:00:54.799,17580,17582,17580,1,-1
2021-04-29 15:00:55.588,17580,17581,17582,1,1
2021-04-29 15:00:56.090,17580,17582,17580,1,-1
2021-04-29 15:00:56.098,17580,17581,17580,3,-3
2021-04-29 15:00:56.115,17580,17581,17579,1,-1
2021-04-29 15:00:59.911,17579,17582,17579,2,-2
2021-04-29 15:01:00.033,17579,17582,17579,1,-1
2021-04-29 15:01:00.097,17579,17582,17579,1,-1
2021-04-29 15:01:00.103,17579,17581,17579,1,-1
2021-04-29 15:01:00.204,17579,17581,17579,1,-1
2021-04-29 15:01:00.538,17579,17581,17579,1,-1
2021-04-29 15:01:00.629,17579,17581,17579,1,-1
2021-04-29 15:01:00.669,17579,17581,17579,1,-1
2021-04-29 15:01:00.753,17579,17581,17579,1,-1
2021-04-29 15:01:00.792,17579,17581,17581,1,1
2021-04-29 15:01:00.833,17579,17581,17579,1,-1
2021-04-29 15:01:00.911,17579,17581,17581,2,2
2021-04-29 15:01:01.072,17579,17582,17579,1,-1
2021-04-29 15:01:01.335,17579,17581,17579,1,-1
2021-04-29 15:01:06.081,17580,17581,17581,1,1
2021-04-29 15:01:07.157,17581,17582,17581,2,-2
2021-04-29 15:01:07.224,17581,17582,17581,1,-1
2021-04-29 15:01:07.537,17581,17582,17582,25,25
2021-04-29 15:01:08.483,17581,17583,17581,2,-2
2021-04-29 15:01:08.598,17581,17583,17581,2,-2
2021-04-29 15:01:08.763,17581,17583,17582,1,1
2021-04-29 15:01:12.337,17582,17583,17582,1,-1
2021-04-29 15:01:15.417,17581,17583,17583,1,1
2021-04-29 15:01:16.577,17582,17583,17583,1,1
2021-04-29 15:01:17.574,17582,17583,17583,15,15
2021-04-29 15:01:20.723,17582,17584,17582,12,-12
2021-04-29 15:01:20.795,17582,17584,17583,1,1
2021-04-29 15:01:21.638,17581,17583,17583,1,1
2021-04-29 15:01:21.639,17581,17583,17583,1,1
2021-04-29 15:01:22.535,17581,17584,17583,1,-1
2021-04-29 15:01:23.451,17582,17584,17584,1,1
2021-04-29 15:01:27.491,17582,17583,17583,1,1
2021-04-29 15:01:28.480,17583,17584,17583,1,-1
2021-04-29 15:01:29.417,17583,17584,17583,1,-1
2021-04-29 15:01:32.673,17583,17584,17584,1,1
2021-04-29 15:01:32.745,17583,17584,17584,3,3
2021-04-29 15:01:33.160,17583,17584,17584,2,2
2021-04-29 15:01:33.250,17583,17584,17583,1,-1
2021-04-29 15:01:33.430,17583,17584,17584,1,1
2021-04-29 15:01:33.812,17583,17584,17584,3,3
2021-04-29 15:01:34.270,17583,17584,17583,1,-1
2021-04-29 15:01:35.113,17583,17584,17584,3,3
2021-04-29 15:01:36.556,17583,17584,17584,3,3
2021-04-29 15:01:37.180,17583,17584,17584,1,1
2021-04-29 15:01:37.226,17583,17584,17583,1,-1
2021-04-29 15:01:37.760,17583,17584,17583,3,-3
2021-04-29 15:01:38.789,17583,17584,17584,5,5
2021-04-29 15:01:39.924,17583,17584,17584,5,5
2021-04-29 15:01:40.491,17583,17585,17584,1,-1
2021-04-29 15:01:41.981,17583,17584,17583,1,-1
2021-04-29 15:01:46.529,17583,17584,17584,2,2
2021-04-29 15:01:52.889,17583,17584,17583,6,-6
2021-04-29 15:01:53.834,17582,17583,17583,3,3
2021-04-29 15:01:54.558,17582,17583,17582,1,-1
2021-04-29 15:01:55.142,17582,17583,17583,1,1
2021-04-29 15:01:55.470,17582,17584,17584,2,2
2021-04-29 15:01:57.203,17583,17584,17583,1,-1
2021-04-29 15:01:58.178,17582,17584,17582,1,-1
2021-04-29 15:01:58.209,17582,17584,17584,2,2
2021-04-29 15:01:58.561,17583,17584,17584,2,2
2021-04-29 15:02:00.014,17583,17584,17583,1,-1
2021-04-29 15:02:00.296,17583,17584,17583,1,-1
2021-04-29 15:02:00.521,17583,17584,17584,3,3
2021-04-29 15:02:02.449,17583,17584,17583,1,-1
2021-04-29 15:02:02.958,17583,17584,17584,6,6
2021-04-29 15:02:02.969,17583,17584,17584,1,1
2021-04-29 15:02:02.983,17583,17584,17584,1,1
2021-04-29 15:02:02.995,17583,17584,17583,1,-1
2021-04-29 15:02:03.968,17583,17584,17584,3,3
2021-04-29 15:02:09.355,17583,17584,17584,4,4
2021-04-29 15:02:09.802,17584,17585,17585,14,14
2021-04-29 15:02:09.803,17584,17585,17585,1,1
2021-04-29 15:02:09.853,17584,17585,17585,10,10
2021-04-29 15:02:09.862,17584,17585,17586,1,1
2021-04-29 15:02:10.047,17585,17586,17586,2,2
2021-04-29 15:02:12.941,17585,17586,17585,1,-1
2021-04-29 15:02:16.017,17585,17586,17586,2,2
2021-04-29 15:02:16.098,17585,17586,17586,5,5
2021-04-29 15:02:16.099,17585,17586,17587,1,1
2021-04-29 15:02:16.238,17585,17587,17587,2,2
2021-04-29 15:02:16.322,17585,17587,17586,1,-1
2021-04-29 15:02:16.593,17585,17587,17587,3,3
2021-04-29 15:02:17.085,17585,17587,17587,2,2
2021-04-29 15:02:17.461,17585,17586,17586,1,1
2021-04-29 15:02:18.980,17586,17587,17587,1,1
2021-04-29 15:02:19.289,17586,17588,17588,1,1
2021-04-29 15:02:20.282,17586,17588,17586,2,-2
2021-04-29 15:02:23.891,17586,17588,17586,1,-1
2021-04-29 15:02:24.502,17586,17588,17588,1,1
2021-04-29 15:02:25.280,17586,17588,17588,1,1
2021-04-29 15:02:26.849,17586,17587,17586,2,-2
2021-04-29 15:02:29.002,17586,17587,17586,6,-6
2021-04-29 15:02:29.719,17585,17586,17585,9,-9
2021-04-29 15:02:30.472,17585,17586,17586,1,1
2021-04-29 15:02:30.692,17585,17586,17585,1,-1
2021-04-29 15:02:31.470,17585,17586,17586,1,1
2021-04-29 15:02:31.922,17585,17586,17586,1,1
2021-04-29 15:02:35.614,17586,17587,17586,1,-1
2021-04-29 15:02:41.319,17586,17587,17586,3,-3
2021-04-29 15:02:41.445,17585,17586,17585,3,-3
2021-04-29 15:02:41.473,17585,17586,17585,13,-13
2021-04-29 15:02:42.485,17584,17586,17586,1,1
2021-04-29 15:02:46.863,17585,17587,17585,1,-1
2021-04-29 15:02:58.343,17586,17587,17587,2,2
2021-04-29 15:02:59.941,17586,17587,17586,1,-1
2021-04-29 15:03:00.802,17586,17587,17587,2,2
2021-04-29 15:03:02.039,17586,17587,17586,42,-42
2021-04-29 15:03:02.044,17586,17587,17585,1,-1
2021-04-29 15:03:04.435,17584,17585,17585,1,1
2021-04-29 15:03:04.839,17584,17585,17585,2,2
2021-04-29 15:03:06.312,17584,17585,17585,1,1
2021-04-29 15:03:06.723,17584,17585,17585,1,1
2021-04-29 15:03:09.870,17584,17585,17585,2,2
2021-04-29 15:03:11.070,17584,17585,17585,1,1
2021-04-29 15:03:12.552,17584,17585,17585,5,5
2021-04-29 15:03:17.266,17584,17585,17584,1,-1
2021-04-29 15:03:19.403,17584,17585,17585,1,1
2021-04-29 15:03:23.706,17584,17585,17585,1,1
2021-04-29 15:03:24.025,17584,17585,17585,1,1
2021-04-29 15:03:27.501,17584,17585,17584,1,-1
2021-04-29 15:03:28.121,17584,17585,17584,1,-1
2021-04-29 15:03:28.608,17584,17585,17584,16,-16
2021-04-29 15:03:37.373,17583,17584,17583,7,-7
2021-04-29 15:03:41.268,17583,17584,17583,2,-2
2021-04-29 15:03:42.556,17583,17584,17583,1,-1
2021-04-29 15:03:45.996,17583,17584,17583,1,-1
2021-04-29 15:03:47.015,17582,17583,17583,1,1
2021-04-29 15:03:49.968,17582,17583,17583,1,1
2021-04-29 15:03:50.166,17582,17583,17582,5,-5
2021-04-29 15:03:50.355,17582,17583,17582,2,-2
2021-04-29 15:03:53.778,17582,17583,17582,1,-1
2021-04-29 15:04:00.553,17582,17583,17583,1,1
2021-04-29 15:04:02.422,17582,17583,17582,1,-1
2021-04-29 15:04:17.989,17582,17583,17582,1,-1
2021-04-29 15:04:23.731,17582,17583,17583,1,1
2021-04-29 15:04:26.080,17582,17583,17583,4,4
2021-04-29 15:04:26.937,17582,17583,17583,1,1
2021-04-29 15:04:27.012,17582,17584,17583,2,-2
2021-04-29 15:04:28.450,17583,17584,17583,1,-1
2021-04-29 15:04:31.923,17583,17584,17583,2,-2
2021-04-29 15:04:42.497,17582,17583,17583,2,2
2021-04-29 15:04:54.421,17583,17584,17584,3,3
2021-04-29 15:05:10.647,17584,17585,17585,1,1
2021-04-29 15:05:13.310,17584,17585,17585,1,1
2021-04-29 15:05:13.351,17584,17585,17585,1,1
2021-04-29 15:05:14.602,17584,17585,17585,20,20
2021-04-29 15:05:14.608,17584,17585,17586,3,3
2021-04-29 15:05:14.609,17584,17585,17586,1,1
2021-04-29 15:05:14.612,17584,17585,17586,1,1
2021-04-29 15:05:15.034,17585,17586,17585,1,-1
2021-04-29 15:05:15.703,17585,17586,17586,4,4
2021-04-29 15:05:20.107,17585,17586,17586,1,1
2021-04-29 15:05:21.390,17586,17587,17586,1,-1
2021-04-29 15:05:21.629,17586,17587,17587,10,10
2021-04-29 15:05:23.969,17586,17587,17587,1,1
2021-04-29 15:05:24.532,17586,17588,17586,1,-1
2021-04-29 15:05:25.241,17586,17588,17586,3,-3
2021-04-29 15:05:26.355,17586,17588,17588,1,1
2021-04-29 15:05:27.408,17586,17588,17586,3,-3
2021-04-29 15:05:31.050,17587,17588,17587,1,1
2021-04-29 15:05:31.051,17587,17588,17587,1,-1
2021-04-29 15:05:31.999,17586,17587,17587,2,2
2021-04-29 15:05:36.403,17587,17588,17587,1,-1
2021-04-29 15:05:38.684,17586,17587,17587,1,1
2021-04-29 15:05:43.691,17586,17587,17587,1,1
2021-04-29 15:05:47.131,17586,17587,17587,3,3
2021-04-29 15:05:49.063,17587,17588,17588,5,5
2021-04-29 15:05:49.376,17587,17588,17587,1,-1
2021-04-29 15:05:53.203,17587,17588,17588,1,1
2021-04-29 15:05:53.327,17587,17588,17587,1,-1
2021-04-29 15:05:54.365,17587,17588,17587,1,-1
2021-04-29 15:05:55.465,17587,17588,17588,11,11
2021-04-29 15:05:55.466,17587,17588,17588,4,4
2021-04-29 15:05:56.109,17588,17589,17588,1,-1
2021-04-29 15:05:58.014,17588,17589,17588,2,-2
2021-04-29 15:05:58.235,17587,17589,17589,1,1
2021-04-29 15:05:58.770,17587,17588,17588,1,1
2021-04-29 15:06:00.041,17587,17588,17587,1,-1
2021-04-29 15:06:00.061,17587,17588,17587,1,-1
2021-04-29 15:06:00.066,17587,17588,17587,1,-1
2021-04-29 15:06:00.075,17587,17588,17587,1,-1
2021-04-29 15:06:00.081,17587,17588,17587,1,-1
2021-04-29 15:06:00.087,17587,17588,17587,1,-1
2021-04-29 15:06:00.088,17587,17588,17587,1,-1
2021-04-29 15:06:00.094,17587,17588,17587,1,-1
2021-04-29 15:06:00.097,17587,17588,17587,1,-1
2021-04-29 15:06:00.126,17587,17588,17587,1,-1
2021-04-29 15:06:00.585,17587,17588,17587,1,-1
2021-04-29 15:06:02.192,17587,17588,17588,1,1
2021-04-29 15:06:02.466,17587,17588,17587,1,-1
2021-04-29 15:06:02.471,17587,17588,17587,1,-1
2021-04-29 15:06:04.528,17587,17588,17588,1,1
2021-04-29 15:06:06.442,17587,17588,17588,1,1
2021-04-29 15:06:06.650,17587,17588,17588,1,1
2021-04-29 15:06:15.565,17588,17589,17588,6,-6
2021-04-29 15:06:18.155,17587,17588,17587,1,-1
2021-04-29 15:06:20.835,17587,17588,17587,1,-1
2021-04-29 15:06:24.192,17586,17588,17588,2,2
2021-04-29 15:06:27.105,17587,17588,17587,1,-1
2021-04-29 15:06:27.773,17586,17588,17588,1,1
2021-04-29 15:06:39.253,17586,17587,17587,2,2
2021-04-29 15:06:42.452,17587,17588,17587,1,-1
2021-04-29 15:06:46.420,17587,17588,17588,1,1
2021-04-29 15:06:49.609,17587,17588,17587,1,-1
2021-04-29 15:06:53.171,17587,17588,17588,1,1
2021-04-29 15:07:01.119,17587,17588,17588,1,1
2021-04-29 15:07:01.395,17587,17588,17588,1,1
2021-04-29 15:07:03.305,17587,17588,17587,1,-1
2021-04-29 15:07:04.404,17587,17588,17588,13,13
2021-04-29 15:07:21.337,17588,17589,17589,1,1
2021-04-29 15:07:26.662,17588,17589,17588,1,-1
2021-04-29 15:07:27.615,17588,17589,17589,1,1
2021-04-29 15:07:27.755,17588,17589,17589,5,5
2021-04-29 15:07:32.794,17588,17589,17588,1,-1
2021-04-29 15:07:33.293,17588,17589,17589,4,4
2021-04-29 15:07:34.068,17588,17589,17589,1,1
2021-04-29 15:07:34.069,17588,17589,17589,2,2
2021-04-29 15:07:35.508,17589,17590,17589,1,-1
2021-04-29 15:07:37.415,17588,17589,17589,1,1
2021-04-29 15:07:39.766,17588,17590,17590,1,1
2021-04-29 15:07:39.861,17588,17590,17590,1,1
2021-04-29 15:07:40.135,17588,17590,17589,1,-1
2021-04-29 15:07:45.396,17589,17590,17590,1,1
2021-04-29 15:07:46.037,17589,17590,17590,3,3
2021-04-29 15:07:46.038,17589,17590,17590,1,1
2021-04-29 15:07:48.493,17590,17591,17591,1,1
2021-04-29 15:07:48.505,17590,17591,17591,1,1
2021-04-29 15:07:49.163,17590,17591,17591,1,1
2021-04-29 15:07:50.227,17590,17591,17590,1,-1
2021-04-29 15:07:50.976,17589,17590,17590,1,1
2021-04-29 15:07:56.876,17589,17590,17590,1,1
2021-04-29 15:07:58.599,17589,17590,17590,2,2
2021-04-29 15:07:58.878,17590,17591,17590,2,-2
2021-04-29 15:07:59.288,17590,17591,17590,1,-1
2021-04-29 15:08:02.095,17590,17591,17590,1,-1
2021-04-29 15:08:09.184,17590,17591,17590,4,-4
2021-04-29 15:08:09.935,17590,17591,17590,1,-1
2021-04-29 15:08:11.571,17590,17591,17591,1,1
2021-04-29 15:08:11.833,17590,17591,17590,4,-4
2021-04-29 15:08:13.313,17590,17591,17590,1,-1
2021-04-29 15:08:14.610,17590,17591,17591,1,1
2021-04-29 15:08:14.797,17590,17591,17591,4,4
2021-04-29 15:08:15.095,17590,17591,17590,1,-1
2021-04-29 15:08:19.279,17590,17591,17590,2,-2
2021-04-29 15:08:28.683,17590,17591,17591,1,1
2021-04-29 15:08:29.244,17590,17591,17591,1,1
2021-04-29 15:08:33.029,17590,17591,17590,1,-1
2021-04-29 15:08:33.524,17590,17591,17591,1,1
2021-04-29 15:08:34.018,17590,17591,17591,1,1
2021-04-29 15:08:38.244,17590,17591,17591,1,1
2021-04-29 15:08:44.452,17590,17591,17591,1,1
2021-04-29 15:08:48.342,17590,17591,17591,2,2
2021-04-29 15:08:49.837,17590,17591,17590,2,-2
2021-04-29 15:08:50.288,17590,17591,17591,1,1
2021-04-29 15:08:50.331,17590,17591,17591,1,1
2021-04-29 15:08:55.069,17590,17591,17591,1,1
2021-04-29 15:08:55.122,17590,17591,17591,1,1
2021-04-29 15:09:00.389,17590,17591,17590,1,-1
2021-04-29 15:09:01.109,17589,17590,17590,1,1
2021-04-29 15:09:03.525,17589,17590,17589,1,-1
2021-04-29 15:09:04.172,17589,17590,17590,1,1
2021-04-29 15:09:14.850,17589,17590,17590,3,3
2021-04-29 15:09:15.316,17589,17590,17590,5,5
2021-04-29 15:09:17.526,17589,17590,17590,1,1
2021-04-29 15:09:17.883,17589,17590,17590,2,2
2021-04-29 15:09:17.884,17589,17590,17590,1,1
2021-04-29 15:09:19.218,17590,17591,17590,1,-1
2021-04-29 15:09:19.219,17590,17591,17590,7,-7
2021-04-29 15:09:22.485,17589,17590,17589,1,-1
2021-04-29 15:09:24.548,17589,17590,17589,34,-34
2021-04-29 15:09:24.549,17589,17590,17588,1,-1
2021-04-29 15:09:24.945,17588,17589,17589,1,1
2021-04-29 15:09:25.955,17588,17589,17588,11,-11
2021-04-29 15:09:27.373,17587,17588,17587,1,-1
2021-04-29 15:09:27.444,17587,17588,17587,1,-1
2021-04-29 15:09:32.792,17587,17588,17587,1,-1
2021-04-29 15:09:35.330,17587,17588,17588,1,1
2021-04-29 15:09:36.745,17587,17588,17587,1,-1
2021-04-29 15:09:38.068,17587,17588,17588,1,1
2021-04-29 15:09:38.936,17587,17588,17587,2,-2
2021-04-29 15:09:42.323,17587,17588,17587,5,-5
2021-04-29 15:09:55.681,17587,17588,17588,2,2
2021-04-29 15:09:56.879,17587,17588,17588,1,1
2021-04-29 15:09:58.155,17587,17588,17587,1,-1
2021-04-29 15:09:59.701,17587,17588,17587,4,-4
2021-04-29 15:10:00.530,17587,17588,17587,1,-1
2021-04-29 15:10:07.390,17587,17588,17587,2,-2
2021-04-29 15:10:08.476,17587,17588,17587,1,-1
2021-04-29 15:10:09.073,17587,17588,17587,1,-1
2021-04-29 15:10:09.842,17587,17588,17587,1,-1
2021-04-29 15:10:10.085,17587,17588,17587,1,-1
2021-04-29 15:10:15.191,17587,17588,17587,1,-1
2021-04-29 15:10:16.447,17587,17588,17587,2,-2
2021-04-29 15:10:16.818,17587,17588,17587,1,-1
2021-04-29 15:10:23.780,17587,17588,17587,1,-1
2021-04-29 15:10:23.848,17587,17588,17587,22,-22
2021-04-29 15:10:25.208,17586,17588,17586,3,-3
2021-04-29 15:10:25.352,17586,17588,17586,2,-2
2021-04-29 15:10:31.129,17587,17588,17587,2,2
2021-04-29 15:10:31.705,17586,17588,17586,2,-2
2021-04-29 15:10:34.234,17586,17587,17587,1,1
2021-04-29 15:10:34.736,17586,17587,17587,2,2
2021-04-29 15:10:50.514,17587,17588,17587,3,-3
2021-04-29 15:10:53.303,17587,17588,17588,17,17
2021-04-29 15:10:53.963,17588,17589,17589,2,2
2021-04-29 15:10:55.110,17588,17589,17589,1,1
2021-04-29 15:10:55.111,17588,17589,17589,1,1
2021-04-29 15:10:56.866,17589,17590,17589,1,-1
2021-04-29 15:10:58.756,17588,17589,17589,3,3
2021-04-29 15:10:59.873,17589,17590,17589,1,-1
2021-04-29 15:11:01.612,17589,17590,17589,1,-1
2021-04-29 15:11:07.903,17589,17590,17590,1,1
2021-04-29 15:11:09.450,17589,17590,17589,1,-1
2021-04-29 15:11:14.288,17589,17590,17589,8,-8
2021-04-29 15:11:18.022,17588,17589,17589,1,1
2021-04-29 15:11:26.157,17588,17589,17589,3,3
2021-04-29 15:11:37.075,17589,17590,17589,1,-1
2021-04-29 15:11:37.365,17589,17590,17590,1,1
2021-04-29 15:11:42.925,17589,17590,17589,2,-2
2021-04-29 15:11:43.955,17589,17590,17589,1,-1
2021-04-29 15:11:49.332,17589,17590,17589,1,-1
2021-04-29 15:11:55.712,17588,17589,17588,1,-1
2021-04-29 15:11:57.331,17588,17589,17589,2,2
2021-04-29 15:12:06.346,17589,17590,17589,2,-2
2021-04-29 15:12:06.605,17589,17590,17590,1,1
2021-04-29 15:12:06.615,17589,17590,17590,1,1
2021-04-29 15:12:16.800,17589,17590,17589,1,-1
2021-04-29 15:12:17.713,17589,17590,17589,1,-1
2021-04-29 15:12:18.867,17589,17590,17589,1,-1
2021-04-29 15:12:21.128,17588,17589,17589,1,1
2021-04-29 15:12:31.567,17588,17589,17588,1,-1
2021-04-29 15:12:32.441,17587,17588,17587,1,-1
2021-04-29 15:12:37.276,17587,17588,17588,1,1
2021-04-29 15:12:50.430,17587,17588,17588,1,1
2021-04-29 15:12:51.553,17588,17589,17588,2,-2
2021-04-29 15:12:56.204,17588,17589,17589,2,2
2021-04-29 15:12:58.010,17588,17589,17588,1,-1
2021-04-29 15:13:01.317,17588,17589,17588,1,-1
2021-04-29 15:13:04.754,17588,17589,17588,1,-1
2021-04-29 15:13:04.756,17588,17589,17588,1,-1
2021-04-29 15:13:04.947,17587,17588,17588,1,1
2021-04-29 15:13:21.313,17588,17589,17589,1,1
2021-04-29 15:13:23.300,17588,17589,17588,1,-1
2021-04-29 15:13:25.455,17588,17589,17588,1,-1
2021-04-29 15:13:30.193,17588,17589,17588,2,-2
2021-04-29 15:13:33.344,17588,17589,17588,1,-1
2021-04-29 15:13:52.199,17587,17588,17587,1,-1
2021-04-29 15:13:52.442,17587,17588,17588,3,3
2021-04-29 15:14:01.315,17587,17588,17587,15,-15
2021-04-29 15:14:01.316,17587,17588,17587,4,-4
2021-04-29 15:14:01.540,17586,17587,17587,3,3
2021-04-29 15:14:05.828,17586,17587,17587,2,2
2021-04-29 15:14:06.062,17586,17588,17588,3,3
2021-04-29 15:14:06.116,17587,17588,17587,1,-1
2021-04-29 15:14:11.211,17586,17588,17588,5,5
2021-04-29 15:14:15.571,17587,17588,17587,2,-2
2021-04-29 15:14:23.488,17586,17587,17587,1,1
2021-04-29 15:14:24.148,17587,17588,17587,1,-1
2021-04-29 15:14:46.326,17586,17587,17586,1,-1
2021-04-29 15:14:51.257,17586,17587,17586,21,-21
2021-04-29 15:14:52.819,17585,17586,17586,2,2
2021-04-29 15:14:56.938,17585,17586,17585,2,-2
2021-04-29 15:15:00.408,17585,17586,17586,1,1
2021-04-29 15:15:00.692,17586,17587,17586,1,-1
2021-04-29 15:15:04.692,17586,17587,17586,2,-2
2021-04-29 15:15:04.818,17586,17587,17586,1,-1
2021-04-29 15:15:09.120,17585,17586,17586,1,1
2021-04-29 15:15:11.156,17585,17586,17586,1,1
2021-04-29 15:15:19.081,17585,17586,17585,10,-10
2021-04-29 15:15:19.319,17585,17586,17585,10,-10
2021-04-29 15:15:25.013,17584,17586,17585,1,-1
2021-04-29 15:15:29.726,17585,17586,17585,1,-1
2021-04-29 15:15:30.841,17585,17586,17585,1,-1
2021-04-29 15:15:38.024,17584,17585,17585,1,1
2021-04-29 15:15:41.855,17584,17585,17585,1,1
2021-04-29 15:15:41.856,17584,17585,17585,1,1
2021-04-29 15:15:54.586,17585,17586,17585,5,-5
2021-04-29 15:16:04.212,17585,17586,17585,1,-1
2021-04-29 15:16:04.228,17585,17586,17586,1,1
2021-04-29 15:16:09.163,17585,17586,17586,1,1
2021-04-29 15:16:09.224,17585,17586,17586,1,1
2021-04-29 15:16:10.459,17585,17586,17585,1,-1
2021-04-29 15:16:10.474,17585,17586,17586,1,1
2021-04-29 15:16:14.562,17585,17586,17586,1,1
2021-04-29 15:16:15.392,17585,17586,17585,1,-1
2021-04-29 15:16:16.617,17585,17586,17585,1,-1
2021-04-29 15:16:17.168,17585,17586,17586,3,3
2021-04-29 15:16:17.224,17585,17586,17586,1,1
2021-04-29 15:16:17.226,17585,17586,17586,1,1
2021-04-29 15:16:17.228,17585,17586,17586,3,3
2021-04-29 15:16:22.063,17587,17588,17588,1,1
2021-04-29 15:16:22.514,17587,17588,17588,1,1
2021-04-29 15:16:24.269,17587,17588,17588,5,5
2021-04-29 15:16:25.576,17587,17588,17588,1,1
2021-04-29 15:16:31.139,17587,17588,17587,1,-1
2021-04-29 15:16:31.336,17586,17588,17588,1,1
2021-04-29 15:16:33.977,17586,17588,17588,3,3
2021-04-29 15:16:34.099,17586,17588,17588,1,1
2021-04-29 15:16:34.100,17586,17588,17588,1,1
2021-04-29 15:16:34.101,17586,17588,17588,1,1
2021-04-29 15:16:35.227,17586,17588,17586,2,-2
2021-04-29 15:16:39.434,17585,17587,17587,1,1
2021-04-29 15:16:41.178,17586,17587,17586,1,-1
2021-04-29 15:16:41.224,17585,17587,17587,1,1
2021-04-29 15:16:41.225,17585,17587,17588,1,1
2021-04-29 15:16:45.961,17586,17588,17588,1,1
2021-04-29 15:16:51.505,17587,17588,17588,1,1
2021-04-29 15:16:52.235,17588,17589,17588,1,-1
2021-04-29 15:17:35.898,17586,17587,17586,1,-1
2021-04-29 15:17:43.420,17586,17587,17587,1,1
2021-04-29 15:18:17.356,17586,17587,17587,1,1
2021-04-29 15:18:17.763,17586,17587,17586,1,-1
2021-04-29 15:18:17.782,17586,17587,17586,1,-1
2021-04-29 15:18:17.988,17585,17587,17587,2,2
2021-04-29 15:18:50.404,17586,17587,17587,1,1
2021-04-29 15:19:01.003,17586,17587,17587,1,1
2021-04-29 15:19:01.098,17586,17587,17586,2,-2
2021-04-29 15:19:09.068,17585,17587,17587,1,1
2021-04-29 15:19:40.553,17586,17587,17586,1,-1
2021-04-29 15:19:45.766,17586,17587,17586,1,-1
2021-04-29 15:19:45.767,17586,17587,17586,3,-3
2021-04-29 15:20:08.317,17585,17586,17586,1,1
2021-04-29 15:20:08.641,17586,17587,17587,3,3
2021-04-29 15:20:08.683,17586,17587,17587,2,2
2021-04-29 15:20:17.603,17586,17587,17587,1,1
2021-04-29 15:20:20.213,17586,17587,17586,2,-2
2021-04-29 15:20:21.807,17586,17587,17587,1,1
2021-04-29 15:20:42.196,17586,17587,17587,2,2
2021-04-29 15:21:00.521,17586,17587,17587,1,1
2021-04-29 15:21:05.007,17586,17587,17587,1,1
2021-04-29 15:21:30.411,17586,17587,17586,4,-4
2021-04-29 15:21:33.786,17585,17586,17586,2,2
2021-04-29 15:21:43.771,17586,17587,17587,1,1
2021-04-29 15:21:48.196,17586,17587,17587,4,4
2021-04-29 15:22:17.638,17587,17588,17587,4,-4
2021-04-29 15:22:23.241,17586,17587,17587,1,1
2021-04-29 15:22:27.206,17586,17587,17586,1,-1
2021-04-29 15:22:37.189,17586,17587,17586,2,-2
2021-04-29 15:22:37.496,17586,17587,17586,1,-1
2021-04-29 15:22:54.694,17586,17587,17586,1,-1
2021-04-29 15:23:24.566,17586,17587,17586,1,-1
2021-04-29 15:23:26.042,17586,17587,17587,5,5
2021-04-29 15:23:26.058,17586,17587,17587,1,1
2021-04-29 15:23:26.227,17586,17587,17587,1,1
2021-04-29 15:23:38.885,17586,17587,17587,1,1
2021-04-29 15:24:12.307,17586,17587,17587,1,1
2021-04-29 15:24:12.585,17586,17587,17587,1,1
2021-04-29 15:24:12.586,17586,17587,17587,1,1
2021-04-29 15:24:13.129,17586,17587,17586,2,-2
2021-04-29 15:24:52.199,17586,17587,17586,1,-1
2021-04-29 15:24:54.726,17586,17587,17587,8,8
2021-04-29 15:24:55.315,17587,17588,17587,2,-2
2021-04-29 15:25:00.702,17587,17588,17588,1,1
2021-04-29 15:25:01.182,17587,17588,17588,2,2
2021-04-29 15:25:01.596,17587,17588,17587,2,-2
2021-04-29 15:25:02.241,17587,17588,17587,1,-1
2021-04-29 15:25:36.531,17587,17588,17587,2,-2
2021-04-29 15:25:39.443,17587,17588,17587,1,-1
2021-04-29 15:25:45.189,17586,17587,17586,1,-1
2021-04-29 15:25:46.548,17585,17586,17586,1,1
2021-04-29 15:26:14.720,17586,17587,17586,1,-1
2021-04-29 15:26:20.076,17586,17587,17586,1,-1
2021-04-29 15:26:59.945,17586,17587,17586,2,-2
2021-04-29 15:27:13.279,17586,17587,17587,1,1
2021-04-29 15:27:31.294,17586,17587,17587,1,1
2021-04-29 15:27:36.456,17586,17587,17587,2,2
2021-04-29 15:28:36.069,17586,17587,17587,1,1
2021-04-29 15:28:38.065,17586,17587,17587,1,1
2021-04-29 15:28:52.961,17586,17587,17587,1,1
2021-04-29 15:29:12.602,17586,17587,17586,2,-2
2021-04-29 15:29:12.603,17586,17587,17586,8,-8
2021-04-29 15:29:19.170,17585,17586,17586,1,1
2021-04-29 15:29:32.340,17585,17586,17586,1,1
2021-04-29 15:29:44.995,17585,17586,17585,1,-1
2021-04-29 15:29:49.744,17585,17586,17586,1,1
2021-04-29 15:30:00.541,17586,17587,17586,1,-1
2021-04-29 15:30:12.560,17586,17587,17586,1,-1
2021-04-29 15:30:12.836,17586,17587,17586,1,-1
2021-04-29 15:30:13.970,17585,17587,17585,1,-1
2021-04-29 15:30:16.253,17585,17587,17586,1,1
2021-04-29 15:30:17.801,17585,17587,17586,1,-1
2021-04-29 15:30:26.909,17585,17586,17586,1,1
2021-04-29 15:30:48.096,17585,17587,17586,5,-5
2021-04-29 15:30:54.162,17586,17587,17586,1,-1
2021-04-29 15:31:02.598,17586,17587,17586,3,-3
2021-04-29 15:31:07.402,17585,17586,17586,1,1
2021-04-29 15:31:23.154,17585,17586,17585,1,-1
2021-04-29 15:31:36.167,17585,17586,17585,1,-1
2021-04-29 15:31:48.231,17585,17586,17586,1,1
2021-04-29 15:31:49.342,17585,17586,17585,5,-5
2021-04-29 15:32:04.501,17585,17586,17585,1,-1
2021-04-29 15:32:16.113,17585,17586,17586,1,1
2021-04-29 15:32:16.867,17585,17586,17586,1,1
2021-04-29 15:32:16.868,17585,17586,17586,2,2
2021-04-29 15:32:18.062,17586,17587,17586,1,-1
2021-04-29 15:32:22.516,17586,17587,17587,1,1
2021-04-29 15:32:36.239,17586,17587,17587,1,1
2021-04-29 15:32:39.814,17586,17587,17587,1,1
2021-04-29 15:32:46.294,17586,17587,17586,1,-1
2021-04-29 15:32:52.844,17586,17587,17587,22,22
2021-04-29 15:32:55.723,17587,17588,17588,8,8
2021-04-29 15:33:01.150,17588,17589,17589,1,1
2021-04-29 15:33:01.308,17589,17590,17589,1,-1
2021-04-29 15:33:04.450,17588,17590,17590,1,1
2021-04-29 15:33:10.025,17589,17590,17590,1,1
2021-04-29 15:33:10.852,17589,17590,17590,1,1
2021-04-29 15:33:14.903,17589,17590,17590,1,1
2021-04-29 15:33:21.904,17589,17590,17589,1,-1
2021-04-29 15:33:23.145,17588,17589,17589,2,2
2021-04-29 15:33:26.497,17589,17590,17589,1,-1
2021-04-29 15:33:27.518,17588,17589,17589,1,1
2021-04-29 15:33:36.238,17588,17589,17589,1,1
2021-04-29 15:34:13.031,17589,17590,17590,1,1
2021-04-29 15:34:16.960,17589,17590,17589,1,-1
2021-04-29 15:34:19.436,17589,17590,17590,1,1
2021-04-29 15:34:28.211,17589,17590,17589,3,-3
2021-04-29 15:34:56.603,17588,17589,17589,1,1
2021-04-29 15:34:56.621,17588,17589,17589,1,1
2021-04-29 15:34:58.824,17589,17590,17589,1,-1
2021-04-29 15:35:11.416,17589,17590,17590,10,10
2021-04-29 15:35:11.417,17589,17590,17590,16,16
2021-04-29 15:35:12.709,17590,17591,17590,1,-1
2021-04-29 15:35:12.710,17590,17591,17591,1,1
2021-04-29 15:35:14.487,17590,17591,17590,1,-1
2021-04-29 15:35:18.848,17590,17591,17591,9,9
2021-04-29 15:35:18.988,17591,17592,17592,5,5
2021-04-29 15:35:19.113,17591,17592,17592,2,2
2021-04-29 15:35:25.669,17591,17592,17592,1,1
2021-04-29 15:35:31.105,17591,17592,17592,1,1
2021-04-29 15:35:32.238,17591,17592,17592,2,2
2021-04-29 15:35:32.239,17591,17592,17592,1,1
2021-04-29 15:35:34.051,17591,17592,17591,1,-1
2021-04-29 15:35:38.356,17591,17592,17592,1,1
2021-04-29 15:35:38.357,17591,17592,17592,1,1
2021-04-29 15:35:45.190,17591,17592,17592,1,1
2021-04-29 15:35:48.188,17591,17592,17592,1,1
2021-04-29 15:35:48.189,17591,17592,17592,2,2
2021-04-29 15:35:48.561,17592,17593,17593,1,1
2021-04-29 15:35:48.562,17592,17593,17593,1,1
2021-04-29 15:35:48.790,17592,17593,17593,1,1
2021-04-29 15:35:48.860,17592,17593,17593,2,2
2021-04-29 15:35:48.901,17592,17593,17592,1,-1
2021-04-29 15:35:49.400,17592,17594,17594,2,2
2021-04-29 15:35:49.531,17593,17594,17594,2,2
2021-04-29 15:35:49.532,17593,17594,17594,1,1
2021-04-29 15:35:49.897,17593,17594,17594,1,1
2021-04-29 15:35:50.230,17593,17595,17594,2,-2
2021-04-29 15:35:53.769,17593,17594,17594,1,1
2021-04-29 15:35:58.182,17593,17595,17595,5,5
2021-04-29 15:35:58.250,17593,17595,17595,1,1
2021-04-29 15:35:58.269,17593,17595,17593,1,-1
2021-04-29 15:35:58.426,17593,17595,17595,3,3
2021-04-29 15:35:58.451,17593,17595,17595,2,2
2021-04-29 15:35:58.520,17593,17595,17595,3,3
2021-04-29 15:36:00.368,17593,17594,17594,1,1
2021-04-29 15:36:00.369,17593,17594,17594,1,1
2021-04-29 15:36:05.059,17594,17595,17594,1,-1
2021-04-29 15:36:05.099,17594,17595,17595,1,1
2021-04-29 15:36:05.100,17594,17595,17595,1,1
2021-04-29 15:36:05.101,17594,17595,17595,1,1
2021-04-29 15:36:05.102,17594,17595,17595,1,1
2021-04-29 15:36:05.633,17594,17595,17595,1,1
2021-04-29 15:36:07.942,17594,17595,17595,1,1
2021-04-29 15:36:10.855,17595,17596,17596,1,1
2021-04-29 15:36:10.975,17595,17596,17596,1,1
2021-04-29 15:36:10.994,17595,17596,17596,14,14
2021-04-29 15:36:11.011,17595,17596,17597,1,1
2021-04-29 15:36:11.032,17595,17596,17598,1,1
2021-04-29 15:36:11.068,17595,17596,17597,1,1
2021-04-29 15:36:11.130,17596,17598,17598,1,1
2021-04-29 15:36:11.186,17596,17598,17596,5,-5
2021-04-29 15:36:11.237,17596,17598,17598,1,1
2021-04-29 15:36:11.568,17596,17597,17597,1,1
2021-04-29 15:36:11.671,17596,17597,17597,1,1
2021-04-29 15:36:11.694,17596,17597,17597,1,1
2021-04-29 15:36:12.162,17596,17597,17596,1,-1
2021-04-29 15:36:15.006,17596,17597,17597,3,3
2021-04-29 15:36:15.519,17596,17598,17596,2,-2
2021-04-29 15:36:15.535,17596,17598,17597,1,1
2021-04-29 15:36:18.228,17597,17598,17597,1,-1
2021-04-29 15:36:19.252,17596,17598,17598,1,1
2021-04-29 15:36:19.515,17596,17598,17597,1,-1
2021-04-29 15:36:23.360,17596,17597,17597,1,1
2021-04-29 15:36:24.244,17596,17598,17598,1,1
2021-04-29 15:36:27.679,17597,17598,17597,2,-2
2021-04-29 15:36:28.302,17596,17598,17598,1,1
2021-04-29 15:36:28.349,17597,17598,17598,1,1
2021-04-29 15:36:28.351,17597,17598,17598,1,1
2021-04-29 15:36:30.164,17597,17598,17598,1,1
2021-04-29 15:36:30.254,17597,17598,17597,1,-1
2021-04-29 15:36:32.177,17597,17598,17598,1,1
2021-04-29 15:36:32.683,17597,17598,17597,1,-1
2021-04-29 15:36:34.499,17596,17598,17598,2,2
2021-04-29 15:36:37.316,17597,17598,17598,1,1
2021-04-29 15:36:37.484,17597,17598,17597,1,-1
2021-04-29 15:36:47.052,17596,17597,17596,1,-1
2021-04-29 15:36:47.196,17596,17597,17597,1,1
2021-04-29 15:36:47.380,17596,17597,17597,1,1
2021-04-29 15:36:51.549,17596,17597,17597,1,1
2021-04-29 15:36:51.767,17596,17597,17596,1,-1
2021-04-29 15:36:53.057,17596,17597,17596,1,-1
2021-04-29 15:36:53.897,17596,17597,17596,3,-3
2021-04-29 15:36:54.324,17595,17597,17597,1,1
2021-04-29 15:36:55.442,17595,17596,17596,2,2
2021-04-29 15:37:02.918,17595,17596,17596,1,1
2021-04-29 15:37:04.224,17595,17596,17596,1,1
2021-04-29 15:37:04.225,17595,17596,17596,2,2
2021-04-29 15:37:05.879,17595,17596,17596,1,1
2021-04-29 15:37:07.919,17595,17596,17595,1,-1
2021-04-29 15:37:09.426,17595,17596,17596,2,2
2021-04-29 15:37:19.609,17595,17596,17595,1,-1
2021-04-29 15:37:19.966,17595,17596,17595,5,-5
2021-04-29 15:37:20.474,17595,17596,17596,3,3
2021-04-29 15:37:20.847,17595,17596,17595,1,-1
2021-04-29 15:37:20.943,17595,17596,17596,1,1
2021-04-29 15:37:21.957,17595,17596,17596,2,2
2021-04-29 15:37:25.888,17595,17596,17596,1,1
2021-04-29 15:37:27.095,17596,17597,17596,1,-1
2021-04-29 15:37:30.337,17595,17596,17596,4,4
2021-04-29 15:37:35.525,17595,17596,17596,2,2
2021-04-29 15:37:37.794,17595,17596,17596,2,2
2021-04-29 15:37:39.927,17595,17596,17596,2,2
2021-04-29 15:37:45.040,17595,17596,17596,1,1
2021-04-29 15:37:47.446,17595,17596,17595,1,-1
2021-04-29 15:37:48.149,17595,17596,17595,2,-2
2021-04-29 15:37:48.150,17595,17596,17595,7,-7
2021-04-29 15:37:49.068,17593,17595,17595,1,1
2021-04-29 15:37:51.002,17593,17595,17595,2,2
2021-04-29 15:37:53.553,17593,17594,17594,1,1
2021-04-29 15:37:57.549,17593,17594,17594,1,1
2021-04-29 15:37:58.066,17593,17595,17595,1,1
2021-04-29 15:38:00.687,17593,17594,17594,1,1
2021-04-29 15:38:02.071,17594,17595,17594,1,-1
2021-04-29 15:38:02.640,17593,17595,17595,2,2
2021-04-29 15:38:05.188,17593,17594,17594,1,1
2021-04-29 15:38:07.150,17593,17594,17594,1,1
2021-04-29 15:38:08.628,17593,17594,17594,1,1
2021-04-29 15:38:10.097,17593,17594,17594,3,3
2021-04-29 15:38:10.098,17593,17594,17594,2,2
2021-04-29 15:38:11.303,17593,17594,17594,4,4
2021-04-29 15:38:11.304,17593,17594,17594,2,2
2021-04-29 15:38:11.305,17593,17594,17594,4,4
2021-04-29 15:38:15.070,17593,17594,17593,4,-4
2021-04-29 15:38:18.098,17593,17594,17593,11,-11
2021-04-29 15:38:22.618,17592,17593,17593,1,1
2021-04-29 15:38:22.619,17592,17593,17594,1,1
2021-04-29 15:38:31.390,17593,17594,17594,1,1
2021-04-29 15:38:32.599,17593,17594,17594,3,3
2021-04-29 15:38:34.200,17594,17595,17594,1,-1
2021-04-29 15:39:01.446,17594,17595,17594,1,-1
2021-04-29 15:39:10.180,17594,17595,17594,1,-1
2021-04-29 15:39:11.728,17594,17595,17594,1,-1
2021-04-29 15:39:14.383,17594,17595,17594,1,-1
2021-04-29 15:39:15.260,17594,17595,17594,1,-1
2021-04-29 15:39:19.340,17594,17595,17595,2,2
2021-04-29 15:39:21.396,17594,17595,17594,1,-1
2021-04-29 15:39:25.604,17594,17595,17594,1,-1
2021-04-29 15:39:26.301,17594,17595,17595,1,1
2021-04-29 15:39:30.423,17594,17595,17594,1,-1
2021-04-29 15:39:35.560,17594,17595,17595,3,3
2021-04-29 15:39:35.970,17594,17595,17595,2,2
2021-04-29 15:39:39.020,17595,17596,17595,1,-1
2021-04-29 15:39:45.330,17595,17596,17595,2,-2
2021-04-29 15:40:02.959,17594,17595,17595,1,1
2021-04-29 15:40:03.337,17594,17595,17595,2,2
2021-04-29 15:40:03.398,17595,17596,17596,1,1
2021-04-29 15:40:04.042,17594,17596,17595,2,-2
2021-04-29 15:40:07.521,17595,17596,17596,2,2
2021-04-29 15:40:08.986,17595,17596,17596,1,1
2021-04-29 15:40:12.661,17595,17596,17595,4,-4
2021-04-29 15:40:12.896,17595,17596,17595,1,-1
2021-04-29 15:40:12.897,17595,17596,17595,1,-1
2021-04-29 15:40:12.955,17595,17596,17595,1,-1
2021-04-29 15:40:13.258,17594,17595,17594,18,-18
2021-04-29 15:40:25.386,17593,17594,17593,2,-2
2021-04-29 15:40:35.820,17593,17594,17593,4,-4
2021-04-29 15:40:38.909,17593,17594,17593,1,-1
2021-04-29 15:40:47.080,17593,17594,17594,1,1
2021-04-29 15:40:58.037,17593,17594,17593,1,-1
2021-04-29 15:41:01.913,17593,17594,17593,2,-2
2021-04-29 15:41:24.212,17593,17594,17594,1,1
2021-04-29 15:41:24.817,17593,17594,17593,1,-1
2021-04-29 15:41:26.219,17593,17594,17593,1,-1
2021-04-29 15:41:38.179,17593,17594,17593,1,-1
2021-04-29 15:41:40.473,17593,17594,17593,3,-3
2021-04-29 15:41:51.204,17592,17593,17593,1,1
2021-04-29 15:41:53.773,17592,17593,17593,2,2
2021-04-29 15:41:53.882,17593,17594,17593,2,-2
2021-04-29 15:41:54.651,17593,17594,17593,1,-1
2021-04-29 15:41:58.107,17593,17594,17594,1,1
2021-04-29 15:42:04.165,17593,17594,17593,1,-1
2021-04-29 15:42:04.229,17593,17594,17593,2,-2
2021-04-29 15:42:04.493,17592,17593,17593,1,1
2021-04-29 15:42:04.870,17592,17593,17593,1,1
2021-04-29 15:42:20.035,17592,17593,17593,2,2
2021-04-29 15:42:23.351,17592,17593,17593,1,1
2021-04-29 15:42:44.648,17593,17594,17593,1,-1
2021-04-29 15:42:50.084,17593,17594,17594,1,1
2021-04-29 15:43:05.538,17594,17595,17594,1,-1
2021-04-29 15:43:07.389,17594,17595,17594,10,-10
2021-04-29 15:43:11.598,17594,17595,17594,2,-2
2021-04-29 15:43:20.929,17594,17595,17594,1,-1
2021-04-29 15:43:25.894,17594,17595,17594,10,-10
2021-04-29 15:43:29.434,17594,17595,17594,2,-2
2021-04-29 15:43:35.307,17594,17595,17594,8,-8
2021-04-29 15:43:38.210,17594,17595,17594,1,-1
2021-04-29 15:43:38.211,17594,17595,17594,2,-2
2021-04-29 15:43:38.522,17593,17595,17593,1,-1
2021-04-29 15:43:50.207,17593,17594,17593,1,-1
2021-04-29 15:44:01.598,17593,17594,17593,1,-1
2021-04-29 15:44:20.277,17593,17594,17593,1,-1
2021-04-29 15:44:21.182,17592,17594,17592,1,-1
2021-04-29 15:44:33.360,17592,17593,17593,1,1
2021-04-29 15:44:40.239,17593,17594,17593,1,-1
2021-04-29 15:44:44.057,17592,17593,17593,1,1
2021-04-29 15:44:45.367,17592,17593,17593,1,1
2021-04-29 15:44:47.514,17592,17593,17593,1,1
2021-04-29 15:44:52.484,17592,17593,17593,1,1
2021-04-29 15:45:12.991,17593,17594,17594,2,2
2021-04-29 15:45:14.219,17593,17594,17594,1,1
2021-04-29 15:45:14.220,17593,17594,17594,1,1
2021-04-29 15:45:14.225,17594,17595,17595,1,1
2021-04-29 15:45:14.850,17594,17595,17595,3,3
2021-04-29 15:45:14.917,17594,17595,17595,3,3
2021-04-29 15:45:22.625,17594,17595,17594,5,-5
2021-04-29 15:45:35.709,17594,17595,17595,5,5
2021-04-29 15:45:35.724,17594,17595,17595,1,1
2021-04-29 15:45:51.990,17594,17595,17595,1,1
2021-04-29 15:45:52.099,17594,17595,17595,1,1
2021-04-29 15:45:52.224,17594,17595,17595,1,1
2021-04-29 15:45:53.418,17594,17595,17594,1,-1
2021-04-29 15:45:55.493,17594,17595,17595,1,1
2021-04-29 15:45:59.363,17594,17595,17595,1,1
2021-04-29 15:46:01.986,17594,17595,17595,5,5
2021-04-29 15:46:03.817,17594,17595,17595,1,1
2021-04-29 15:46:07.608,17594,17595,17595,1,1
2021-04-29 15:46:14.378,17594,17595,17595,1,1
2021-04-29 15:46:18.719,17595,17596,17595,1,-1
2021-04-29 15:46:20.577,17594,17595,17595,1,1
2021-04-29 15:46:23.335,17594,17595,17595,1,1
2021-04-29 15:46:25.911,17595,17596,17595,1,-1
2021-04-29 15:46:27.174,17594,17595,17595,1,1
2021-04-29 15:46:54.253,17594,17595,17594,1,-1
2021-04-29 15:46:59.497,17594,17595,17594,2,-2
2021-04-29 15:47:00.513,17594,17595,17594,1,-1
2021-04-29 15:47:00.810,17594,17595,17595,1,1
2021-04-29 15:47:04.890,17594,17595,17595,1,1
2021-04-29 15:47:06.375,17594,17595,17594,3,-3
2021-04-29 15:47:06.376,17594,17595,17594,2,-2
2021-04-29 15:47:24.063,17593,17594,17593,1,-1
2021-04-29 15:47:24.947,17593,17594,17594,1,1
2021-04-29 15:47:24.948,17593,17594,17594,5,5
2021-04-29 15:47:48.351,17594,17595,17595,4,4
2021-04-29 15:47:49.251,17594,17595,17594,2,-2
2021-04-29 15:47:56.824,17594,17595,17594,1,-1
2021-04-29 15:48:04.598,17594,17595,17594,3,-3
2021-04-29 15:48:28.296,17593,17594,17594,1,1
2021-04-29 15:48:35.939,17593,17594,17594,1,1
2021-04-29 15:48:54.744,17593,17594,17593,1,-1
2021-04-29 15:49:07.400,17593,17594,17593,1,-1
2021-04-29 15:49:14.899,17593,17594,17594,1,1
2021-04-29 15:49:23.157,17593,17594,17594,1,1
2021-04-29 15:49:24.075,17593,17594,17594,1,1
2021-04-29 15:49:31.603,17593,17594,17593,1,-1
2021-04-29 15:49:45.558,17593,17594,17594,2,2
2021-04-29 15:49:46.209,17593,17594,17593,1,-1
2021-04-29 15:50:14.268,17593,17594,17594,1,1
2021-04-29 15:50:34.378,17593,17594,17594,1,1
2021-04-29 15:50:37.786,17593,17594,17593,1,-1
2021-04-29 15:50:40.398,17593,17594,17593,10,-10
2021-04-29 15:50:40.418,17593,17594,17594,2,2
2021-04-29 15:51:24.150,17593,17594,17593,3,-3
2021-04-29 15:51:24.806,17592,17593,17592,1,-1
2021-04-29 15:51:37.559,17592,17593,17592,1,-1
2021-04-29 15:51:43.758,17592,17593,17592,1,-1
2021-04-29 15:51:47.721,17592,17593,17592,1,-1
2021-04-29 15:51:52.390,17592,17593,17592,1,-1
2021-04-29 15:51:53.637,17592,17593,17592,3,-3
2021-04-29 15:51:56.793,17592,17593,17592,1,-1
2021-04-29 15:52:01.154,17592,17593,17592,1,-1
2021-04-29 15:52:12.475,17592,17593,17592,1,-1
2021-04-29 15:52:17.209,17592,17593,17593,1,1
2021-04-29 15:52:17.210,17592,17593,17593,2,2
2021-04-29 15:53:10.672,17593,17594,17593,1,-1
2021-04-29 15:53:24.922,17592,17594,17594,1,1
2021-04-29 15:53:49.678,17593,17594,17593,1,-1
2021-04-29 15:53:51.118,17593,17594,17593,3,-3
2021-04-29 15:53:51.119,17593,17594,17593,7,-7
2021-04-29 15:53:53.752,17593,17594,17594,1,1
2021-04-29 15:53:56.040,17593,17594,17593,1,-1
2021-04-29 15:54:08.261,17593,17594,17593,3,-3
2021-04-29 15:54:19.356,17593,17594,17594,1,1
2021-04-29 15:54:35.563,17593,17594,17593,1,-1
2021-04-29 15:54:47.318,17592,17593,17593,1,1
2021-04-29 15:54:47.497,17592,17593,17593,2,2
2021-04-29 15:54:49.229,17592,17593,17593,1,1
2021-04-29 15:54:54.024,17593,17594,17594,2,2
2021-04-29 15:54:54.033,17593,17594,17594,3,3
2021-04-29 15:54:54.110,17593,17594,17594,2,2
2021-04-29 15:54:54.116,17593,17594,17594,2,2
2021-04-29 15:54:54.117,17593,17594,17594,5,5
2021-04-29 15:55:00.225,17594,17595,17594,2,-2
2021-04-29 15:55:00.443,17594,17595,17595,1,1
2021-04-29 15:55:07.824,17594,17595,17595,1,1
2021-04-29 15:55:10.685,17594,17596,17596,1,1
2021-04-29 15:55:12.358,17594,17596,17596,1,1
2021-04-29 15:55:26.937,17595,17596,17595,1,-1
2021-04-29 15:55:42.863,17595,17596,17595,2,-2
2021-04-29 15:56:01.087,17595,17596,17595,1,-1
2021-04-29 15:56:01.620,17595,17596,17596,1,1
2021-04-29 15:56:01.663,17595,17596,17596,2,2
2021-04-29 15:56:01.858,17595,17596,17596,1,1
2021-04-29 15:56:01.904,17595,17596,17596,2,2
2021-04-29 15:56:01.953,17595,17596,17596,5,5
2021-04-29 15:56:01.959,17595,17596,17597,1,1
2021-04-29 15:56:02.038,17595,17597,17597,2,2
2021-04-29 15:56:10.805,17595,17597,17597,1,1
2021-04-29 15:56:11.496,17595,17597,17597,2,2
2021-04-29 15:56:12.426,17595,17597,17597,2,2
2021-04-29 15:56:12.903,17596,17597,17597,1,1
2021-04-29 15:56:13.079,17596,17597,17597,2,2
2021-04-29 15:56:14.818,17596,17597,17597,1,1
2021-04-29 15:56:15.163,17596,17597,17597,1,1
2021-04-29 15:56:15.363,17596,17598,17598,1,1
2021-04-29 15:56:15.626,17596,17598,17598,1,1
2021-04-29 15:56:15.841,17596,17598,17598,3,3
2021-04-29 15:56:16.776,17596,17598,17598,1,1
2021-04-29 15:56:17.015,17596,17598,17598,1,1
2021-04-29 15:56:18.184,17596,17598,17598,1,1
2021-04-29 15:56:23.537,17597,17598,17598,1,1
2021-04-29 15:56:23.728,17597,17598,17598,1,1
2021-04-29 15:56:24.996,17597,17598,17598,1,1
2021-04-29 15:56:25.040,17597,17598,17597,1,-1
2021-04-29 15:56:39.412,17597,17598,17598,3,3
2021-04-29 15:56:39.473,17597,17598,17598,12,12
2021-04-29 15:56:40.059,17597,17599,17597,1,-1
2021-04-29 15:56:40.199,17597,17599,17599,3,3
2021-04-29 15:56:40.318,17597,17599,17599,2,2
2021-04-29 15:56:40.330,17597,17599,17599,1,1
2021-04-29 15:56:42.814,17598,17599,17598,5,-5
2021-04-29 15:56:43.294,17598,17599,17599,2,2
2021-04-29 15:56:46.155,17598,17599,17599,2,2
2021-04-29 15:56:46.941,17598,17599,17599,1,1
2021-04-29 15:56:51.406,17598,17599,17598,3,-3
2021-04-29 15:57:00.195,17597,17598,17598,1,1
2021-04-29 15:57:05.240,17598,17599,17598,1,-1
2021-04-29 15:57:05.350,17598,17599,17599,1,1
2021-04-29 15:57:07.500,17598,17599,17599,3,3
2021-04-29 15:57:08.086,17598,17599,17599,3,3
2021-04-29 15:57:10.785,17598,17599,17599,4,4
2021-04-29 15:57:12.495,17598,17599,17599,1,1
2021-04-29 15:57:16.460,17598,17599,17599,4,4
2021-04-29 15:57:18.000,17599,17600,17599,1,-1
2021-04-29 15:57:18.895,17598,17600,17598,1,-1
2021-04-29 15:57:21.878,17598,17599,17599,1,1
2021-04-29 15:57:24.463,17598,17599,17599,1,1
2021-04-29 15:57:29.491,17598,17599,17599,1,1
2021-04-29 15:57:30.505,17598,17599,17599,1,1
2021-04-29 15:57:32.424,17598,17599,17599,1,1
2021-04-29 15:57:33.139,17598,17599,17599,1,1
2021-04-29 15:57:33.925,17598,17599,17599,1,1
2021-04-29 15:57:34.212,17598,17599,17598,1,-1
2021-04-29 15:57:40.639,17598,17599,17599,1,1
2021-04-29 15:57:41.191,17598,17599,17599,1,1
2021-04-29 15:57:49.052,17598,17599,17599,1,1
2021-04-29 15:57:57.032,17598,17599,17599,1,1
2021-04-29 15:57:58.790,17598,17599,17599,1,1
2021-04-29 15:58:03.294,17598,17599,17598,1,-1
2021-04-29 15:58:08.152,17598,17599,17598,1,-1
2021-04-29 15:58:08.800,17598,17599,17598,3,-3
2021-04-29 15:58:09.634,17597,17598,17598,2,2
2021-04-29 15:58:15.427,17597,17598,17598,1,1
2021-04-29 15:58:15.779,17598,17599,17598,1,-1
2021-04-29 15:58:16.839,17598,17599,17599,1,1
2021-04-29 15:58:16.840,17598,17599,17599,1,1
2021-04-29 15:58:18.587,17598,17599,17599,2,2
2021-04-29 15:58:18.595,17598,17599,17599,2,2
2021-04-29 15:58:18.603,17598,17599,17599,2,2
2021-04-29 15:58:18.620,17598,17599,17599,2,2
2021-04-29 15:58:21.079,17599,17600,17599,1,-1
2021-04-29 15:58:21.308,17599,17600,17599,1,-1
2021-04-29 15:58:24.016,17599,17600,17599,1,-1
2021-04-29 15:58:28.274,17599,17600,17600,1,1
2021-04-29 15:58:28.358,17599,17600,17600,1,1
2021-04-29 15:58:28.596,17599,17600,17600,1,1
2021-04-29 15:58:31.851,17599,17600,17600,20,20
2021-04-29 15:58:31.852,17599,17600,17600,5,5
2021-04-29 15:58:31.853,17599,17600,17600,1,1
2021-04-29 15:58:31.902,17599,17600,17600,25,25
2021-04-29 15:58:31.903,17599,17600,17600,2,2
2021-04-29 15:58:31.978,17600,17601,17601,2,2
2021-04-29 15:58:31.997,17600,17601,17601,1,1
2021-04-29 15:58:32.153,17601,17602,17602,1,1
2021-04-29 15:58:32.324,17601,17602,17601,2,-2
2021-04-29 15:58:32.366,17601,17602,17602,1,1
2021-04-29 15:58:32.581,17601,17602,17601,1,-1
2021-04-29 15:58:33.957,17601,17602,17601,1,-1
2021-04-29 15:58:34.842,17601,17602,17601,4,-4
2021-04-29 15:58:34.843,17601,17602,17601,2,-2
2021-04-29 15:58:37.291,17601,17602,17601,1,-1
2021-04-29 15:58:38.015,17600,17602,17600,1,-1
2021-04-29 15:58:39.850,17601,17602,17602,1,1
2021-04-29 15:58:40.494,17601,17602,17601,1,-1
2021-04-29 15:58:41.768,17601,17602,17602,1,1
2021-04-29 15:58:43.536,17601,17602,17602,1,1
2021-04-29 15:58:44.421,17601,17602,17601,2,-2
2021-04-29 15:58:47.817,17601,17602,17602,1,1
2021-04-29 15:58:48.428,17601,17602,17602,2,2
2021-04-29 15:58:48.441,17601,17602,17602,2,2
2021-04-29 15:58:48.448,17601,17602,17602,2,2
2021-04-29 15:58:48.461,17601,17602,17602,2,2
2021-04-29 15:58:50.543,17602,17603,17603,1,1
2021-04-29 15:58:50.600,17602,17603,17603,9,9
2021-04-29 15:58:50.726,17603,17604,17604,9,9
2021-04-29 15:58:50.787,17603,17604,17605,1,1
2021-04-29 15:58:50.830,17603,17604,17605,1,1
2021-04-29 15:58:50.850,17604,17605,17605,8,8
2021-04-29 15:58:50.858,17604,17605,17605,1,1
2021-04-29 15:58:50.862,17604,17605,17605,2,2
2021-04-29 15:58:50.863,17604,17605,17605,2,2
2021-04-29 15:58:50.864,17604,17605,17605,2,2
2021-04-29 15:58:50.865,17604,17605,17605,1,1
2021-04-29 15:58:50.877,17604,17605,17603,1,-1
2021-04-29 15:58:51.764,17603,17604,17603,1,-1
2021-04-29 15:58:52.109,17602,17604,17602,2,-2
2021-04-29 15:58:52.692,17602,17604,17604,1,1
2021-04-29 15:58:54.895,17602,17603,17602,1,-1
2021-04-29 15:58:56.502,17602,17603,17603,1,1
2021-04-29 15:58:56.701,17602,17603,17603,1,1
2021-04-29 15:59:00.656,17603,17604,17604,1,1
2021-04-29 15:59:01.030,17604,17605,17604,2,-2
2021-04-29 15:59:02.015,17604,17605,17604,1,-1
2021-04-29 15:59:03.815,17603,17605,17604,1,-1
2021-04-29 15:59:04.012,17603,17605,17604,1,-1
2021-04-29 15:59:06.855,17603,17604,17604,1,1
2021-04-29 15:59:09.237,17603,17604,17604,1,1
2021-04-29 15:59:09.761,17603,17604,17604,1,1
2021-04-29 15:59:09.947,17603,17604,17604,1,1
2021-04-29 15:59:12.436,17603,17604,17604,2,2
2021-04-29 15:59:16.577,17603,17604,17604,1,1
2021-04-29 15:59:19.249,17603,17604,17604,3,3
2021-04-29 15:59:19.254,17603,17604,17604,1,1
2021-04-29 15:59:19.410,17603,17604,17604,1,1
2021-04-29 15:59:20.550,17603,17604,17604,3,3
2021-04-29 15:59:22.258,17603,17604,17603,1,-1
2021-04-29 15:59:22.259,17603,17604,17603,1,-1
2021-04-29 15:59:23.633,17602,17603,17602,1,-1
2021-04-29 15:59:23.634,17602,17603,17602,1,-1
2021-04-29 15:59:23.635,17602,17603,17602,1,-1
2021-04-29 15:59:23.696,17602,17603,17603,3,3
2021-04-29 15:59:24.416,17601,17603,17603,1,1
2021-04-29 15:59:31.634,17602,17603,17603,1,1
2021-04-29 15:59:31.911,17602,17603,17603,1,1
2021-04-29 15:59:33.904,17602,17603,17602,1,-1
2021-04-29 15:59:34.472,17602,17603,17603,1,1
2021-04-29 15:59:38.619,17602,17603,17603,1,1
2021-04-29 15:59:40.236,17602,17603,17603,1,1
2021-04-29 15:59:41.155,17602,17603,17603,1,1
2021-04-29 15:59:42.988,17602,17603,17602,1,-1
2021-04-29 15:59:51.562,17602,17603,17603,1,1
2021-04-29 15:59:51.769,17602,17603,17603,1,1
2021-04-29 15:59:57.245,17602,17603,17603,1,1
2021-04-29 15:59:58.122,17602,17603,17603,1,1
2021-04-29 16:00:01.074,17602,17603,17603,1,1
2021-04-29 16:00:01.308,17602,17603,17603,2,2
2021-04-29 16:00:01.344,17602,17603,17603,1,1
2021-04-29 16:00:01.350,17602,17603,17603,1,1
2021-04-29 16:00:01.442,17602,17603,17603,1,1
2021-04-29 16:00:01.444,17602,17603,17604,1,1
2021-04-29 16:00:01.495,17603,17604,17604,2,2
2021-04-29 16:00:01.564,17603,17604,17604,1,1
2021-04-29 16:00:01.589,17603,17604,17604,1,1
2021-04-29 16:00:01.593,17603,17604,17604,1,1
2021-04-29 16:00:01.608,17603,17604,17604,1,1
2021-04-29 16:00:01.620,17603,17604,17604,1,1
2021-04-29 16:00:01.622,17603,17604,17604,1,1
2021-04-29 16:00:01.627,17603,17604,17604,1,1
2021-04-29 16:00:01.631,17603,17604,17604,1,1
2021-04-29 16:00:01.632,17603,17604,17604,1,1
2021-04-29 16:00:01.633,17603,17604,17604,1,1
2021-04-29 16:00:01.640,17603,17604,17605,1,1
2021-04-29 16:00:01.643,17603,17604,17605,1,1
2021-04-29 16:00:01.650,17603,17604,17605,1,1
2021-04-29 16:00:01.651,17603,17604,17605,1,1
2021-04-29 16:00:01.702,17603,17604,17605,1,1
2021-04-29 16:00:01.880,17603,17605,17605,1,1
2021-04-29 16:00:01.885,17603,17605,17605,1,1
2021-04-29 16:00:01.890,17603,17605,17603,1,-1
2021-04-29 16:00:01.898,17603,17605,17604,1,1
2021-04-29 16:00:01.974,17604,17605,17604,1,-1
2021-04-29 16:00:01.980,17604,17605,17603,1,-1
2021-04-29 16:00:02.033,17604,17605,17605,1,1
2021-04-29 16:00:02.057,17604,17605,17604,2,-2
2021-04-29 16:00:02.166,17604,17605,17605,2,2
2021-04-29 16:00:02.305,17604,17606,17606,1,1
2021-04-29 16:00:02.346,17604,17606,17606,1,1
2021-04-29 16:00:02.390,17604,17606,17606,1,1
2021-04-29 16:00:02.450,17604,17606,17606,3,3
2021-04-29 16:00:02.487,17604,17606,17606,1,1
2021-04-29 16:00:02.584,17604,17606,17606,1,1
2021-04-29 16:00:03.054,17604,17606,17606,3,3
2021-04-29 16:00:03.126,17604,17606,17606,1,1
2021-04-29 16:00:03.385,17604,17606,17605,1,-1
2021-04-29 16:00:03.416,17604,17606,17606,1,1
2021-04-29 16:00:03.424,17604,17606,17606,1,1
2021-04-29 16:00:03.443,17604,17606,17606,1,1
2021-04-29 16:00:03.449,17604,17606,17606,1,1
2021-04-29 16:00:03.452,17604,17606,17606,1,1
2021-04-29 16:00:03.457,17604,17606,17606,1,1
2021-04-29 16:00:03.463,17604,17606,17606,1,1
2021-04-29 16:00:03.494,17604,17606,17604,1,-1
2021-04-29 16:00:03.748,17604,17605,17605,1,1
2021-04-29 16:00:03.794,17604,17605,17605,1,1
2021-04-29 16:00:03.825,17604,17605,17606,1,1
2021-04-29 16:00:03.857,17604,17606,17606,1,1
2021-04-29 16:00:03.891,17604,17606,17604,1,-1
2021-04-29 16:00:04.008,17603,17605,17605,4,4
2021-04-29 16:00:04.022,17603,17605,17606,4,4
2021-04-29 16:00:04.231,17604,17606,17606,4,4
2021-04-29 16:00:05.695,17604,17606,17606,1,1
2021-04-29 16:00:06.001,17604,17606,17606,7,7
2021-04-29 16:00:06.006,17604,17606,17606,3,3
2021-04-29 16:00:06.053,17604,17606,17607,7,7
2021-04-29 16:00:06.071,17604,17606,17607,2,2
2021-04-29 16:00:07.093,17605,17607,17605,1,-1
2021-04-29 16:00:07.106,17604,17606,17604,1,-1
2021-04-29 16:00:13.646,17604,17605,17604,1,-1
2021-04-29 16:00:13.962,17603,17604,17604,1,1
2021-04-29 16:00:13.977,17603,17604,17603,1,-1
2021-04-29 16:00:33.321,17604,17605,17605,5,5
2021-04-29 16:00:35.240,17604,17606,17606,3,3
2021-04-29 16:00:35.350,17605,17607,17607,1,1
2021-04-29 16:00:40.712,17605,17607,17605,2,-2
2021-04-29 16:00:42.025,17605,17607,17607,2,2
2021-04-29 16:00:42.146,17605,17607,17605,1,-1
2021-04-29 16:00:43.557,17605,17607,17605,1,-1
2021-04-29 16:00:44.789,17605,17607,17607,1,1
2021-04-29 16:00:48.438,17606,17607,17606,1,-1
2021-04-29 16:00:55.798,17606,17607,17607,2,2
2021-04-29 16:00:56.103,17607,17608,17608,2,2
2021-04-29 16:00:56.104,17607,17608,17608,1,1
2021-04-29 16:00:56.603,17608,17609,17609,1,1
2021-04-29 16:00:56.929,17608,17609,17609,1,1
2021-04-29 16:00:56.935,17608,17609,17609,1,1
2021-04-29 16:00:57.012,17608,17609,17609,1,1
2021-04-29 16:00:57.234,17608,17610,17610,1,1
2021-04-29 16:00:57.364,17608,17610,17608,1,-1
2021-04-29 16:00:57.391,17608,17610,17608,2,-2
2021-04-29 16:01:01.622,17608,17610,17608,1,-1
2021-04-29 16:01:01.841,17608,17610,17610,1,1
2021-04-29 16:01:02.049,17608,17610,17608,4,-4
2021-04-29 16:01:03.310,17607,17609,17609,2,2
2021-04-29 16:01:05.242,17607,17609,17609,1,1
2021-04-29 16:01:11.324,17608,17609,17609,3,3
2021-04-29 16:01:11.715,17609,17610,17609,1,-1
2021-04-29 16:01:13.854,17609,17610,17610,1,1
2021-04-29 16:01:15.973,17609,17610,17609,4,-4
2021-04-29 16:01:16.828,17608,17610,17610,2,2
2021-04-29 16:01:19.347,17609,17610,17610,4,4
2021-04-29 16:01:20.465,17609,17610,17609,1,-1
2021-04-29 16:01:21.024,17609,17610,17609,1,-1
2021-04-29 16:01:21.177,17609,17610,17610,2,2
2021-04-29 16:01:22.248,17609,17610,17610,1,1
2021-04-29 16:01:24.004,17609,17610,17609,1,-1
2021-04-29 16:01:24.270,17608,17610,17610,1,1
2021-04-29 16:01:24.656,17608,17610,17610,1,1
2021-04-29 16:01:24.821,17608,17610,17610,1,1
2021-04-29 16:01:26.182,17608,17610,17610,1,1
2021-04-29 16:01:26.407,17608,17610,17610,1,1
2021-04-29 16:01:28.035,17609,17610,17609,1,-1
2021-04-29 16:01:29.452,17608,17610,17610,5,5
2021-04-29 16:01:31.546,17609,17610,17610,1,1
2021-04-29 16:01:32.160,17609,17610,17609,1,-1
2021-04-29 16:01:35.425,17609,17610,17610,5,5
2021-04-29 16:01:35.664,17609,17610,17609,1,-1
2021-04-29 16:01:36.820,17609,17610,17610,1,1
2021-04-29 16:01:36.953,17609,17610,17610,1,1
2021-04-29 16:01:39.472,17609,17610,17610,1,1
2021-04-29 16:01:39.474,17609,17610,17610,1,1
2021-04-29 16:01:39.530,17609,17610,17609,1,-1
2021-04-29 16:01:44.766,17609,17610,17610,5,5
2021-04-29 16:01:48.067,17609,17610,17610,1,1
2021-04-29 16:01:49.346,17609,17610,17610,1,1
2021-04-29 16:01:52.776,17609,17610,17610,1,1
2021-04-29 16:01:56.779,17609,17610,17610,6,6
2021-04-29 16:01:57.529,17610,17611,17610,1,-1
2021-04-29 16:01:59.929,17610,17611,17610,1,-1
2021-04-29 16:02:04.918,17610,17611,17610,1,-1
2021-04-29 16:02:09.016,17610,17611,17610,1,-1
2021-04-29 16:02:09.099,17610,17611,17611,1,1
2021-04-29 16:02:10.026,17610,17611,17610,1,-1
2021-04-29 16:02:10.248,17609,17610,17610,1,1
2021-04-29 16:02:10.321,17609,17610,17610,1,1
2021-04-29 16:02:11.076,17609,17610,17609,1,-1
2021-04-29 16:02:11.640,17609,17610,17610,1,1
2021-04-29 16:02:12.132,17609,17610,17610,3,3
2021-04-29 16:02:16.095,17609,17610,17610,1,1
2021-04-29 16:02:16.098,17609,17610,17610,2,2
2021-04-29 16:02:18.138,17609,17610,17609,2,-2
2021-04-29 16:02:19.279,17609,17610,17610,1,1
2021-04-29 16:02:20.707,17609,17610,17609,1,-1
2021-04-29 16:02:25.094,17609,17610,17610,1,1
2021-04-29 16:02:26.380,17609,17610,17610,2,2
2021-04-29 16:02:28.742,17609,17610,17610,3,3
2021-04-29 16:02:29.722,17609,17610,17609,1,-1
2021-04-29 16:02:30.089,17609,17610,17610,2,2
2021-04-29 16:02:30.356,17609,17611,17611,1,1
2021-04-29 16:02:38.868,17609,17610,17610,2,2
2021-04-29 16:02:41.026,17609,17610,17609,17,-17
2021-04-29 16:02:41.070,17609,17610,17608,2,-2
2021-04-29 16:02:41.964,17607,17609,17609,1,1
2021-04-29 16:02:43.707,17607,17609,17607,1,-1
2021-04-29 16:02:46.848,17607,17609,17607,3,-3
2021-04-29 16:02:50.747,17607,17608,17607,1,-1
2021-04-29 16:02:51.711,17607,17608,17608,1,1
2021-04-29 16:02:54.260,17608,17609,17609,1,1
2021-04-29 16:02:55.272,17608,17609,17608,2,-2
2021-04-29 16:02:57.151,17607,17608,17608,1,1
2021-04-29 16:03:00.824,17608,17609,17608,2,-2
2021-04-29 16:03:08.581,17608,17609,17609,1,1
2021-04-29 16:03:09.024,17608,17609,17609,1,1
2021-04-29 16:03:09.310,17608,17609,17609,2,2
2021-04-29 16:03:14.236,17608,17609,17609,1,1
2021-04-29 16:03:15.107,17608,17609,17608,2,-2
2021-04-29 16:03:16.545,17607,17608,17608,3,3
2021-04-29 16:03:18.847,17608,17609,17609,5,5
2021-04-29 16:03:20.945,17608,17609,17609,1,1
2021-04-29 16:03:21.712,17608,17609,17609,1,1
2021-04-29 16:03:21.713,17608,17609,17609,9,9
2021-04-29 16:03:21.779,17609,17610,17610,2,2
2021-04-29 16:03:21.990,17609,17610,17610,1,1
2021-04-29 16:03:22.038,17609,17610,17610,5,5
2021-04-29 16:03:22.039,17609,17610,17610,1,1
2021-04-29 16:03:22.451,17610,17611,17611,1,1
2021-04-29 16:03:22.818,17610,17611,17611,1,1
2021-04-29 16:03:26.332,17610,17611,17610,1,-1
2021-04-29 16:03:27.757,17610,17611,17611,2,2
2021-04-29 16:03:31.634,17610,17611,17610,2,-2
2021-04-29 16:03:34.305,17610,17611,17611,4,4
2021-04-29 16:03:35.752,17610,17611,17610,5,-5
2021-04-29 16:03:36.952,17609,17610,17609,1,-1
2021-04-29 16:03:39.390,17609,17610,17609,1,-1
2021-04-29 16:03:40.045,17609,17610,17610,5,5
2021-04-29 16:03:40.104,17609,17610,17610,5,5
2021-04-29 16:03:40.167,17609,17610,17610,1,1
2021-04-29 16:03:40.520,17609,17610,17610,4,4
2021-04-29 16:03:41.161,17609,17610,17611,1,1
2021-04-29 16:03:41.734,17610,17611,17610,1,-1
2021-04-29 16:03:44.282,17610,17611,17611,14,14
2021-04-29 16:03:44.283,17610,17611,17611,1,1
2021-04-29 16:03:44.357,17611,17612,17611,1,-1
2021-04-29 16:03:44.387,17611,17612,17612,1,1
2021-04-29 16:03:44.388,17611,17612,17612,1,1
2021-04-29 16:03:44.507,17611,17612,17612,1,1
2021-04-29 16:03:45.117,17610,17612,17612,2,2
2021-04-29 16:03:45.845,17611,17613,17613,1,1
2021-04-29 16:03:46.044,17612,17613,17613,1,1
2021-04-29 16:03:46.154,17612,17613,17613,1,1
2021-04-29 16:03:46.185,17612,17613,17612,1,-1
2021-04-29 16:03:46.601,17611,17613,17613,1,1
2021-04-29 16:03:47.006,17611,17613,17613,1,1
2021-04-29 16:03:49.169,17612,17613,17612,1,-1
2021-04-29 16:03:50.522,17611,17612,17612,1,1
2021-04-29 16:03:50.629,17611,17613,17613,1,1
2021-04-29 16:03:54.444,17612,17613,17613,1,1
2021-04-29 16:03:54.707,17612,17613,17612,1,-1
2021-04-29 16:03:54.789,17611,17612,17612,1,1
2021-04-29 16:03:55.164,17611,17612,17612,1,1
2021-04-29 16:03:55.701,17612,17613,17612,1,-1
2021-04-29 16:03:56.725,17611,17612,17612,2,2
2021-04-29 16:03:57.152,17611,17612,17612,1,1
2021-04-29 16:03:58.566,17612,17613,17612,1,-1
2021-04-29 16:04:00.336,17612,17613,17612,1,-1
2021-04-29 16:04:00.525,17612,17613,17612,1,-1
2021-04-29 16:04:01.927,17612,17613,17613,1,1
2021-04-29 16:04:01.973,17612,17613,17613,12,12
2021-04-29 16:04:02.149,17613,17614,17614,1,1
2021-04-29 16:04:02.368,17613,17614,17614,12,12
2021-04-29 16:04:02.369,17613,17614,17614,1,1
2021-04-29 16:04:02.539,17613,17614,17613,1,-1
2021-04-29 16:04:02.750,17613,17614,17614,2,2
2021-04-29 16:04:03.368,17614,17615,17615,6,6
2021-04-29 16:04:03.575,17614,17615,17615,1,1
2021-04-29 16:04:04.375,17614,17615,17615,2,2
2021-04-29 16:04:04.491,17614,17615,17615,1,1
2021-04-29 16:04:04.577,17614,17615,17615,1,1
2021-04-29 16:04:04.634,17614,17615,17615,1,1
2021-04-29 16:04:04.735,17614,17615,17615,1,1
2021-04-29 16:04:05.888,17614,17615,17615,1,1
2021-04-29 16:04:06.375,17614,17615,17614,1,-1
2021-04-29 16:04:06.875,17614,17615,17615,1,1
2021-04-29 16:04:08.830,17614,17615,17615,5,5
2021-04-29 16:04:10.542,17614,17615,17615,1,1
2021-04-29 16:04:11.072,17614,17615,17615,1,1
2021-04-29 16:04:12.182,17614,17615,17614,1,-1
2021-04-29 16:04:15.570,17614,17615,17615,2,2
2021-04-29 16:04:17.116,17614,17615,17615,1,1
2021-04-29 16:04:17.581,17614,17615,17614,2,-2
2021-04-29 16:04:17.701,17613,17614,17614,3,3
2021-04-29 16:04:17.873,17613,17615,17615,1,1
2021-04-29 16:04:19.033,17613,17614,17614,1,1
2021-04-29 16:04:19.629,17613,17614,17614,1,1
2021-04-29 16:04:21.582,17613,17614,17614,1,1
2021-04-29 16:04:21.651,17613,17614,17613,1,-1
2021-04-29 16:04:22.813,17613,17614,17613,1,-1
2021-04-29 16:04:22.940,17612,17613,17613,1,1
2021-04-29 16:04:25.262,17612,17613,17613,1,1
2021-04-29 16:04:26.066,17612,17613,17613,1,1
2021-04-29 16:04:26.553,17612,17614,17612,1,-1
2021-04-29 16:04:30.852,17612,17613,17612,2,-2
2021-04-29 16:04:31.219,17612,17613,17612,1,-1
2021-04-29 16:04:32.910,17612,17613,17612,2,-2
2021-04-29 16:04:33.377,17612,17613,17613,4,4
2021-04-29 16:04:35.563,17612,17614,17612,2,-2
2021-04-29 16:04:35.758,17612,17613,17612,1,-1
2021-04-29 16:04:51.971,17612,17613,17613,1,1
2021-04-29 16:04:52.628,17612,17613,17612,1,-1
2021-04-29 16:04:52.747,17612,17613,17612,1,-1
2021-04-29 16:04:57.943,17612,17613,17612,1,-1
2021-04-29 16:04:59.766,17612,17613,17612,5,-5
2021-04-29 16:05:00.172,17612,17613,17613,1,1
2021-04-29 16:05:16.109,17612,17613,17613,3,3
2021-04-29 16:05:16.224,17612,17613,17613,1,1
2021-04-29 16:05:16.226,17612,17613,17613,1,1
2021-04-29 16:05:16.227,17612,17613,17614,1,1
2021-04-29 16:05:16.228,17612,17613,17614,1,1
2021-04-29 16:05:16.480,17613,17614,17614,1,1
2021-04-29 16:05:16.494,17613,17614,17614,1,1
2021-04-29 16:05:16.633,17613,17614,17614,2,2
2021-04-29 16:05:17.190,17613,17615,17615,1,1
2021-04-29 16:05:17.434,17613,17615,17613,2,-2
2021-04-29 16:05:18.473,17613,17614,17614,2,2
2021-04-29 16:05:18.840,17613,17615,17615,1,1
2021-04-29 16:05:19.286,17614,17615,17615,2,2
2021-04-29 16:05:20.675,17614,17615,17615,1,1
2021-04-29 16:05:20.676,17614,17615,17615,1,1
2021-04-29 16:05:28.135,17614,17615,17615,1,1
2021-04-29 16:05:29.542,17614,17615,17614,1,-1
2021-04-29 16:05:34.921,17613,17614,17613,2,-2
2021-04-29 16:05:40.346,17613,17614,17614,2,2
2021-04-29 16:05:41.755,17613,17614,17613,2,-2
2021-04-29 16:05:48.978,17613,17614,17614,2,2
2021-04-29 16:05:51.966,17614,17615,17614,2,-2
2021-04-29 16:05:55.227,17614,17615,17614,1,-1
2021-04-29 16:06:04.761,17613,17615,17613,1,-1
2021-04-29 16:06:04.979,17613,17615,17615,1,1
2021-04-29 16:06:05.074,17613,17615,17615,3,3
2021-04-29 16:06:05.131,17613,17615,17614,1,-1
2021-04-29 16:06:05.133,17613,17615,17615,1,1
2021-04-29 16:06:05.188,17613,17615,17615,1,1
2021-04-29 16:06:05.219,17613,17615,17615,5,5
2021-04-29 16:06:05.247,17614,17615,17615,6,6
2021-04-29 16:06:05.261,17614,17615,17616,1,1
2021-04-29 16:06:05.266,17614,17615,17616,6,6
2021-04-29 16:06:05.308,17614,17615,17616,2,2
2021-04-29 16:06:05.309,17614,17615,17616,1,1
2021-04-29 16:06:05.343,17614,17615,17616,2,2
2021-04-29 16:06:05.351,17615,17616,17616,9,9
2021-04-29 16:06:05.352,17615,17616,17617,1,1
2021-04-29 16:06:05.449,17615,17616,17618,1,1
2021-04-29 16:06:05.475,17617,17618,17618,18,18
2021-04-29 16:06:05.481,17617,17618,17618,2,2
2021-04-29 16:06:05.499,17617,17618,17618,1,1
2021-04-29 16:06:05.546,17617,17618,17618,1,1
2021-04-29 16:06:05.711,17617,17618,17617,3,-3
2021-04-29 16:06:05.716,17617,17618,17617,3,-3
2021-04-29 16:06:05.765,17616,17617,17617,1,1
2021-04-29 16:06:05.842,17616,17617,17618,1,1
2021-04-29 16:06:05.870,17616,17618,17618,4,4
2021-04-29 16:06:05.884,17616,17618,17618,4,4
2021-04-29 16:06:06.272,17616,17618,17618,4,4
2021-04-29 16:06:06.343,17616,17618,17618,1,1
2021-04-29 16:06:07.881,17616,17618,17616,1,-1
2021-04-29 16:06:10.198,17616,17618,17616,2,-2
2021-04-29 16:06:15.367,17617,17618,17617,1,1
2021-04-29 16:06:15.473,17616,17617,17617,2,2
2021-04-29 16:06:15.702,17616,17618,17618,2,2
2021-04-29 16:06:15.703,17616,17618,17618,2,2
2021-04-29 16:06:15.732,17616,17618,17618,2,2
2021-04-29 16:06:17.189,17616,17618,17618,2,2
2021-04-29 16:06:19.404,17617,17618,17617,1,-1
2021-04-29 16:06:19.558,17616,17618,17618,1,1
2021-04-29 16:06:23.740,17617,17618,17618,1,1
2021-04-29 16:06:24.075,17617,17618,17618,2,2
2021-04-29 16:06:24.499,17618,17619,17618,1,-1
2021-04-29 16:06:24.500,17618,17619,17618,1,-1
2021-04-29 16:06:24.598,17617,17618,17618,2,2
2021-04-29 16:06:27.986,17617,17618,17618,1,1
2021-04-29 16:06:32.659,17617,17618,17617,1,-1
2021-04-29 16:06:32.660,17617,17618,17617,12,-12
2021-04-29 16:06:33.336,17616,17617,17617,1,1
2021-04-29 16:06:33.511,17616,17617,17616,1,-1
2021-04-29 16:06:33.512,17616,17617,17616,1,-1
2021-04-29 16:06:33.711,17615,17617,17617,1,1
2021-04-29 16:06:37.760,17615,17616,17615,1,-1
2021-04-29 16:06:39.026,17615,17616,17616,2,2
2021-04-29 16:06:43.657,17615,17616,17615,1,-1
2021-04-29 16:06:46.381,17615,17616,17615,2,-2
2021-04-29 16:06:46.787,17615,17616,17615,1,-1
2021-04-29 16:06:48.223,17615,17616,17616,2,2
2021-04-29 16:06:48.723,17615,17617,17615,1,-1
2021-04-29 16:06:49.272,17615,17617,17615,1,-1
2021-04-29 16:07:08.159,17616,17617,17616,1,1
2021-04-29 16:07:09.367,17616,17617,17616,1,-1
2021-04-29 16:07:09.474,17616,17617,17617,1,1
2021-04-29 16:07:09.475,17616,17617,17617,1,1
2021-04-29 16:07:10.464,17616,17617,17616,1,-1
2021-04-29 16:07:11.019,17615,17617,17615,1,-1
2021-04-29 16:07:12.353,17615,17617,17617,3,3
2021-04-29 16:07:13.939,17615,17616,17615,3,-3
2021-04-29 16:07:15.337,17615,17616,17615,3,-3
2021-04-29 16:07:16.700,17615,17616,17615,3,-3
2021-04-29 16:07:16.723,17615,17616,17616,3,3
2021-04-29 16:07:16.954,17615,17617,17615,3,-3
2021-04-29 16:07:18.572,17615,17616,17615,3,-3
2021-04-29 16:07:18.600,17615,17616,17616,1,1
2021-04-29 16:07:19.097,17615,17616,17616,1,1
2021-04-29 16:07:19.708,17616,17617,17616,2,-2
2021-04-29 16:07:20.880,17615,17616,17615,3,-3
2021-04-29 16:07:22.642,17615,17616,17615,3,-3
2021-04-29 16:07:24.835,17615,17616,17615,3,-3
2021-04-29 16:07:25.828,17615,17616,17615,3,-3
2021-04-29 16:07:26.068,17615,17616,17616,1,1
2021-04-29 16:07:28.402,17615,17616,17615,3,-3
2021-04-29 16:07:28.456,17615,17616,17615,6,-6
2021-04-29 16:07:29.182,17614,17615,17614,1,-1
2021-04-29 16:07:29.246,17614,17615,17614,4,-4
2021-04-29 16:07:34.225,17613,17614,17613,3,-3
2021-04-29 16:07:35.170,17613,17614,17613,1,-1
2021-04-29 16:07:35.477,17613,17614,17613,3,-3
2021-04-29 16:07:36.623,17612,17613,17612,2,-2
2021-04-29 16:07:36.820,17612,17613,17613,1,1
2021-04-29 16:07:37.018,17612,17613,17612,1,-1
2021-04-29 16:07:37.099,17612,17613,17613,1,1
2021-04-29 16:07:37.100,17612,17613,17613,1,1
2021-04-29 16:07:38.633,17613,17614,17613,1,-1
2021-04-29 16:07:42.489,17612,17613,17613,2,2
2021-04-29 16:07:42.810,17612,17613,17613,1,1
2021-04-29 16:07:43.729,17613,17614,17613,1,-1
2021-04-29 16:07:47.168,17613,17614,17613,1,-1
2021-04-29 16:07:50.053,17613,17614,17613,3,-3
2021-04-29 16:07:50.099,17612,17614,17614,1,1
2021-04-29 16:07:50.469,17613,17615,17613,3,-3
2021-04-29 16:07:50.522,17613,17614,17613,1,-1
2021-04-29 16:07:51.091,17613,17615,17613,3,-3
2021-04-29 16:07:52.427,17613,17614,17613,3,-3
2021-04-29 16:07:56.524,17612,17613,17613,1,1
2021-04-29 16:07:57.302,17612,17613,17612,3,-3
2021-04-29 16:07:57.877,17612,17613,17612,1,-1
2021-04-29 16:07:58.412,17612,17613,17612,3,-3
2021-04-29 16:07:59.318,17611,17613,17611,1,-1
2021-04-29 16:07:59.610,17611,17612,17612,1,1
2021-04-29 16:08:02.595,17611,17612,17612,1,1
2021-04-29 16:08:03.709,17611,17612,17612,1,1
2021-04-29 16:08:07.221,17611,17612,17611,3,-3
2021-04-29 16:08:08.153,17611,17612,17611,1,-1
2021-04-29 16:08:11.340,17611,17612,17611,3,-3
2021-04-29 16:08:11.823,17611,17612,17611,2,-2
2021-04-29 16:08:13.006,17610,17612,17610,1,-1
2021-04-29 16:08:14.183,17610,17612,17610,2,-2
2021-04-29 16:08:17.274,17610,17612,17610,2,-2
2021-04-29 16:08:18.548,17611,17613,17611,2,2
2021-04-29 16:08:22.308,17611,17613,17611,4,-4
2021-04-29 16:08:24.282,17611,17612,17611,2,-2
2021-04-29 16:08:24.940,17611,17612,17611,1,-1
2021-04-29 16:08:27.709,17611,17612,17611,1,-1
2021-04-29 16:08:31.096,17611,17612,17611,1,-1
2021-04-29 16:08:36.793,17611,17612,17611,2,-2
2021-04-29 16:08:43.487,17611,17612,17611,1,-1
2021-04-29 16:08:47.469,17611,17612,17612,6,6
2021-04-29 16:08:48.083,17612,17613,17612,1,-1
2021-04-29 16:08:48.136,17612,17613,17612,2,-2
2021-04-29 16:08:48.621,17612,17613,17613,1,1
2021-04-29 16:08:48.817,17612,17613,17612,1,-1
2021-04-29 16:08:51.037,17612,17613,17612,1,-1
2021-04-29 16:08:51.871,17612,17613,17613,1,1
2021-04-29 16:08:59.579,17612,17613,17612,1,-1
2021-04-29 16:09:07.228,17611,17612,17611,1,-1
2021-04-29 16:09:09.366,17611,17612,17612,3,3
2021-04-29 16:09:11.300,17611,17612,17611,2,-2
2021-04-29 16:09:16.737,17611,17612,17611,1,-1
2021-04-29 16:09:19.622,17611,17612,17611,1,-1
2021-04-29 16:09:20.491,17610,17612,17612,1,1
2021-04-29 16:09:27.332,17610,17611,17611,1,1
2021-04-29 16:09:30.281,17610,17611,17611,2,2
2021-04-29 16:09:33.275,17610,17611,17611,1,1
2021-04-29 16:09:33.938,17610,17611,17611,1,1
2021-04-29 16:09:37.391,17611,17612,17611,7,-7
2021-04-29 16:09:39.730,17611,17612,17611,1,-1
2021-04-29 16:09:43.870,17611,17612,17611,4,-4
2021-04-29 16:09:47.467,17611,17612,17612,1,1
2021-04-29 16:09:50.061,17611,17612,17611,1,-1
2021-04-29 16:09:51.582,17611,17612,17611,1,-1
2021-04-29 16:09:54.826,17611,17612,17612,1,1
2021-04-29 16:09:59.397,17611,17612,17612,1,1
2021-04-29 16:09:59.979,17611,17612,17612,2,2
2021-04-29 16:10:00.210,17611,17612,17612,1,1
2021-04-29 16:10:03.898,17611,17612,17611,1,-1
2021-04-29 16:10:04.089,17611,17612,17612,1,1
2021-04-29 16:10:04.292,17611,17612,17612,1,1
2021-04-29 16:10:04.800,17611,17612,17612,1,1
2021-04-29 16:10:04.806,17611,17612,17612,1,1
2021-04-29 16:10:04.833,17611,17612,17613,1,1
2021-04-29 16:10:06.162,17612,17613,17612,2,-2
2021-04-29 16:10:15.223,17612,17613,17613,1,1
2021-04-29 16:10:18.775,17612,17613,17613,1,1
2021-04-29 16:10:28.564,17612,17613,17613,1,1
2021-04-29 16:10:29.619,17612,17613,17613,1,1
2021-04-29 16:10:38.467,17612,17613,17613,5,5
2021-04-29 16:10:42.583,17613,17614,17613,1,-1
2021-04-29 16:10:44.009,17613,17614,17614,1,1
2021-04-29 16:10:44.010,17613,17614,17614,1,1
2021-04-29 16:10:44.613,17614,17615,17614,1,-1
2021-04-29 16:10:44.806,17614,17615,17614,1,-1
2021-04-29 16:11:00.473,17613,17614,17614,2,2
2021-04-29 16:11:05.673,17613,17614,17613,4,-4
2021-04-29 16:11:06.852,17612,17614,17614,2,2
2021-04-29 16:11:10.888,17613,17614,17613,1,-1
2021-04-29 16:11:15.421,17613,17614,17613,2,-2
2021-04-29 16:11:17.463,17613,17614,17613,6,-6
2021-04-29 16:11:22.222,17613,17614,17613,1,-1
2021-04-29 16:11:23.814,17613,17614,17614,1,1
2021-04-29 16:11:24.990,17614,17615,17614,1,-1
2021-04-29 16:11:31.410,17614,17615,17614,1,-1
2021-04-29 16:11:33.842,17614,17615,17614,2,-2
2021-04-29 16:11:35.321,17614,17615,17615,1,1
2021-04-29 16:11:40.002,17614,17615,17615,1,1
2021-04-29 16:11:51.380,17614,17615,17614,2,-2
2021-04-29 16:11:55.283,17614,17615,17614,3,-3
2021-04-29 16:12:03.157,17614,17615,17614,4,-4
2021-04-29 16:12:03.437,17614,17615,17615,1,1
2021-04-29 16:12:03.491,17614,17615,17615,1,1
2021-04-29 16:12:03.505,17614,17615,17615,3,3
2021-04-29 16:12:03.651,17614,17615,17615,1,1
2021-04-29 16:12:03.723,17614,17615,17615,20,20
2021-04-29 16:12:03.771,17614,17615,17616,3,3
2021-04-29 16:12:03.777,17614,17615,17616,3,3
2021-04-29 16:12:03.785,17614,17615,17616,1,1
2021-04-29 16:12:03.786,17614,17615,17616,1,1
2021-04-29 16:12:03.814,17614,17615,17616,3,3
2021-04-29 16:12:25.846,17615,17616,17616,1,1
2021-04-29 16:12:27.466,17615,17616,17615,1,-1
2021-04-29 16:12:33.835,17615,17616,17615,2,-2
2021-04-29 16:12:37.825,17615,17616,17615,1,-1
2021-04-29 16:12:49.750,17615,17616,17615,1,-1
2021-04-29 16:12:58.160,17615,17616,17615,1,-1
2021-04-29 16:13:02.609,17615,17616,17615,1,-1
2021-04-29 16:13:02.611,17615,17616,17615,8,-8
2021-04-29 16:13:03.717,17614,17615,17614,1,-1
2021-04-29 16:13:05.881,17614,17615,17614,1,-1
2021-04-29 16:13:07.053,17613,17615,17615,10,10
2021-04-29 16:13:23.063,17614,17615,17614,2,-2
2021-04-29 16:13:23.064,17614,17615,17614,2,-2
2021-04-29 16:13:36.199,17614,17615,17614,1,-1
2021-04-29 16:13:36.482,17614,17615,17614,1,-1
2021-04-29 16:13:39.935,17613,17615,17613,1,-1
2021-04-29 16:13:46.111,17613,17615,17613,1,-1
2021-04-29 16:13:51.140,17613,17614,17614,1,1
2021-04-29 16:13:54.576,17614,17615,17614,1,-1
2021-04-29 16:14:02.001,17613,17615,17613,1,-1
2021-04-29 16:14:09.637,17613,17614,17613,5,-5
2021-04-29 16:14:09.970,17613,17614,17613,1,-1
2021-04-29 16:14:11.134,17613,17614,17613,2,-2
2021-04-29 16:14:15.170,17612,17613,17613,1,1
2021-04-29 16:14:17.638,17613,17615,17613,1,-1
2021-04-29 16:14:19.394,17613,17614,17613,1,-1
2021-04-29 16:14:20.544,17613,17614,17613,1,-1
2021-04-29 16:14:23.195,17613,17614,17613,2,-2
2021-04-29 16:14:27.185,17613,17614,17614,1,1
2021-04-29 16:14:27.414,17613,17614,17613,1,-1
2021-04-29 16:14:38.251,17612,17614,17612,1,-1
2021-04-29 16:14:47.541,17612,17613,17612,1,-1
2021-04-29 16:14:47.763,17612,17613,17612,1,-1
2021-04-29 16:14:48.525,17612,17613,17613,1,1
2021-04-29 16:14:57.268,17612,17613,17612,1,-1
2021-04-29 16:14:57.934,17612,17613,17613,1,1
2021-04-29 16:14:59.698,17612,17613,17612,2,-2
2021-04-29 16:15:03.380,17612,17613,17613,2,2
2021-04-29 16:15:03.795,17612,17613,17613,4,4
2021-04-29 16:15:06.089,17612,17613,17612,1,-1
2021-04-29 16:15:06.774,17612,17613,17612,1,-1
2021-04-29 16:15:07.316,17612,17613,17612,1,-1
2021-04-29 16:15:12.271,17612,17613,17612,1,-1
2021-04-29 16:15:12.673,17612,17613,17612,1,-1
2021-04-29 16:15:14.054,17612,17613,17613,1,1
2021-04-29 16:15:14.210,17612,17613,17613,1,1
2021-04-29 16:15:16.290,17613,17614,17613,1,-1
2021-04-29 16:15:19.776,17613,17614,17613,2,-2
2021-04-29 16:15:26.367,17612,17613,17612,1,-1
2021-04-29 16:15:35.873,17612,17613,17612,1,-1
2021-04-29 16:15:37.712,17612,17613,17612,3,-3
2021-04-29 16:15:40.431,17612,17613,17612,3,-3
2021-04-29 16:15:40.942,17612,17613,17612,3,-3
2021-04-29 16:15:45.390,17612,17613,17612,1,-1
2021-04-29 16:15:48.534,17612,17613,17612,3,-3
2021-04-29 16:15:50.158,17612,17613,17612,3,-3
2021-04-29 16:15:50.697,17612,17613,17612,1,-1
2021-04-29 16:15:51.340,17612,17613,17612,3,-3
2021-04-29 16:15:52.342,17612,17613,17612,3,-3
2021-04-29 16:15:53.272,17612,17613,17612,3,-3
2021-04-29 16:15:54.236,17612,17613,17612,3,-3
2021-04-29 16:15:54.907,17612,17613,17612,1,-1
2021-04-29 16:15:55.949,17612,17613,17612,3,-3
2021-04-29 16:15:59.977,17611,17612,17612,1,1
2021-04-29 16:16:04.412,17611,17612,17611,1,-1
2021-04-29 16:16:06.385,17611,17612,17611,3,-3
2021-04-29 16:16:11.500,17611,17612,17611,1,-1
2021-04-29 16:16:12.155,17611,17612,17611,1,-1
2021-04-29 16:16:12.883,17611,17612,17611,1,-1
2021-04-29 16:16:13.919,17611,17612,17611,1,-1
2021-04-29 16:16:14.077,17611,17612,17611,3,-3
2021-04-29 16:16:22.435,17610,17611,17611,1,1
2021-04-29 16:16:23.425,17610,17611,17610,1,-1
2021-04-29 16:16:23.789,17610,17611,17610,25,-25
2021-04-29 16:16:23.790,17610,17611,17610,1,-1
2021-04-29 16:16:23.791,17610,17611,17610,1,-1
2021-04-29 16:16:26.160,17610,17611,17610,1,-1
2021-04-29 16:16:27.976,17610,17611,17610,6,-6
2021-04-29 16:16:28.694,17609,17610,17609,1,-1
2021-04-29 16:16:28.797,17609,17610,17609,2,-2
2021-04-29 16:16:28.889,17609,17610,17609,1,-1
2021-04-29 16:16:32.931,17609,17610,17609,1,-1
2021-04-29 16:16:36.325,17609,17610,17609,1,-1
2021-04-29 16:16:36.520,17609,17610,17609,1,-1
2021-04-29 16:16:37.246,17609,17610,17609,16,-16
2021-04-29 16:16:42.441,17609,17610,17609,1,-1
2021-04-29 16:16:45.375,17609,17610,17609,2,-2
2021-04-29 16:16:45.376,17609,17610,17609,1,-1
2021-04-29 16:16:49.814,17608,17609,17608,1,-1
2021-04-29 16:16:50.074,17608,17609,17609,1,1
2021-04-29 16:16:50.629,17608,17609,17609,1,1
2021-04-29 16:16:51.431,17608,17609,17608,2,-2
2021-04-29 16:16:51.950,17608,17609,17608,1,-1
2021-04-29 16:16:52.483,17608,17609,17608,1,-1
2021-04-29 16:16:53.063,17607,17608,17608,1,1
2021-04-29 16:16:54.184,17607,17608,17608,1,1
2021-04-29 16:16:58.350,17607,17608,17608,1,1
2021-04-29 16:16:59.124,17607,17608,17607,1,-1
2021-04-29 16:16:59.299,17607,17608,17607,1,-1
2021-04-29 16:16:59.351,17607,17608,17607,1,-1
2021-04-29 16:17:00.106,17607,17608,17608,1,1
2021-04-29 16:17:00.374,17607,17608,17608,2,2
2021-04-29 16:17:00.375,17607,17608,17608,1,1
2021-04-29 16:17:00.496,17608,17609,17608,1,-1
2021-04-29 16:17:01.468,17608,17609,17608,1,-1
2021-04-29 16:17:02.627,17608,17609,17608,1,-1
2021-04-29 16:17:06.129,17608,17609,17608,1,-1
2021-04-29 16:17:08.225,17607,17608,17608,1,1
2021-04-29 16:17:10.031,17608,17609,17608,3,-3
2021-04-29 16:17:10.119,17607,17609,17607,1,-1
2021-04-29 16:17:10.976,17607,17609,17607,1,-1
2021-04-29 16:17:19.686,17608,17609,17608,1,1
2021-04-29 16:17:20.484,17608,17609,17608,1,-1
2021-04-29 16:17:21.659,17608,17609,17608,1,-1
2021-04-29 16:17:22.447,17608,17609,17609,1,1
2021-04-29 16:17:25.462,17608,17609,17609,1,1
2021-04-29 16:17:28.538,17608,17609,17608,1,-1
2021-04-29 16:17:29.332,17608,17609,17609,3,3
2021-04-29 16:17:29.990,17609,17610,17609,1,-1
2021-04-29 16:17:31.595,17609,17610,17610,1,1
2021-04-29 16:17:32.402,17609,17611,17610,2,-2
2021-04-29 16:17:39.495,17610,17611,17610,1,-1
2021-04-29 16:17:43.181,17610,17611,17610,2,-2
2021-04-29 16:17:48.361,17610,17611,17610,1,-1
2021-04-29 16:17:49.007,17610,17611,17610,1,-1
2021-04-29 16:17:58.515,17610,17611,17610,1,-1
2021-04-29 16:18:01.289,17610,17611,17610,1,-1
2021-04-29 16:18:01.290,17610,17611,17610,1,-1
2021-04-29 16:18:01.671,17609,17610,17610,1,1
2021-04-29 16:18:01.683,17609,17610,17610,3,3
2021-04-29 16:18:01.748,17609,17610,17610,1,1
2021-04-29 16:18:01.960,17609,17610,17610,1,1
2021-04-29 16:18:03.741,17609,17611,17609,1,-1
2021-04-29 16:18:08.023,17609,17610,17609,1,-1
2021-04-29 16:18:10.810,17609,17610,17610,1,1
2021-04-29 16:18:12.223,17610,17611,17611,4,4
2021-04-29 16:18:15.168,17610,17611,17611,1,1
2021-04-29 16:18:17.532,17610,17611,17610,1,-1
2021-04-29 16:18:18.619,17610,17611,17610,1,-1
2021-04-29 16:18:25.993,17610,17611,17610,1,-1
2021-04-29 16:18:28.750,17609,17611,17609,1,-1
2021-04-29 16:18:35.570,17609,17610,17610,1,1
2021-04-29 16:18:38.261,17609,17610,17609,1,-1
2021-04-29 16:18:47.789,17609,17610,17609,1,-1
2021-04-29 16:18:57.297,17609,17610,17609,1,-1
2021-04-29 16:18:59.693,17609,17610,17609,1,-1
2021-04-29 16:19:01.526,17608,17609,17608,1,-1
2021-04-29 16:19:01.825,17608,17609,17609,1,1
2021-04-29 16:19:06.804,17608,17609,17608,1,-1
2021-04-29 16:19:09.019,17608,17609,17609,3,3
2021-04-29 16:19:12.761,17608,17609,17609,1,1
2021-04-29 16:19:19.927,17608,17610,17608,1,-1
2021-04-29 16:19:27.341,17608,17610,17609,1,1
2021-04-29 16:19:39.539,17608,17609,17608,1,-1
2021-04-29 16:19:45.741,17608,17609,17608,3,-3
2021-04-29 16:19:52.171,17608,17609,17608,1,-1
2021-04-29 16:19:58.668,17608,17609,17608,1,-1
2021-04-29 16:20:04.064,17608,17609,17608,1,-1
2021-04-29 16:20:04.581,17608,17609,17609,2,2
2021-04-29 16:20:04.591,17608,17609,17609,2,2
2021-04-29 16:20:17.290,17608,17609,17609,2,2
2021-04-29 16:20:18.340,17608,17609,17609,13,13
2021-04-29 16:20:26.737,17609,17610,17610,6,6
2021-04-29 16:20:40.207,17610,17611,17610,1,-1
2021-04-29 16:20:42.470,17610,17611,17610,1,-1
2021-04-29 16:20:42.605,17610,17611,17610,1,-1
2021-04-29 16:21:01.973,17610,17611,17611,22,22
2021-04-29 16:21:02.366,17611,17612,17612,1,1
2021-04-29 16:21:02.367,17611,17612,17612,1,1
2021-04-29 16:21:02.487,17611,17612,17612,1,1
2021-04-29 16:21:03.259,17611,17612,17612,2,2
2021-04-29 16:21:03.417,17611,17612,17612,28,28
2021-04-29 16:21:03.418,17611,17612,17612,1,1
2021-04-29 16:21:03.419,17611,17612,17612,1,1
2021-04-29 16:21:15.467,17612,17613,17612,1,-1
2021-04-29 16:21:22.893,17612,17613,17612,1,-1
2021-04-29 16:21:36.657,17612,17613,17613,1,1
2021-04-29 16:21:40.181,17612,17613,17613,1,1
2021-04-29 16:21:43.603,17612,17613,17613,1,1
2021-04-29 16:21:49.002,17612,17613,17613,1,1
2021-04-29 16:21:53.105,17612,17613,17613,1,1
2021-04-29 16:22:00.755,17612,17613,17612,6,-6
2021-04-29 16:22:01.483,17611,17612,17612,3,3
2021-04-29 16:22:01.599,17611,17612,17611,1,-1
2021-04-29 16:22:01.601,17611,17612,17610,1,-1
2021-04-29 16:22:01.870,17610,17612,17612,1,1
2021-04-29 16:22:02.203,17610,17612,17612,1,1
2021-04-29 16:22:07.102,17610,17612,17612,1,1
2021-04-29 16:22:13.225,17610,17612,17612,1,1
2021-04-29 16:22:14.171,17610,17612,17610,10,-10
2021-04-29 16:22:31.409,17611,17613,17611,1,1
2021-04-29 16:22:42.429,17610,17611,17611,1,1
2021-04-29 16:22:42.475,17610,17611,17610,1,-1
2021-04-29 16:22:49.390,17610,17611,17611,1,1
2021-04-29 16:23:04.521,17610,17611,17611,1,1
2021-04-29 16:23:04.601,17610,17611,17610,1,-1
2021-04-29 16:23:05.829,17610,17611,17610,2,-2
2021-04-29 16:23:13.120,17610,17611,17610,3,-3
2021-04-29 16:23:20.744,17610,17611,17610,1,-1
2021-04-29 16:23:28.127,17610,17611,17611,1,1
2021-04-29 16:23:42.679,17610,17611,17611,1,1
2021-04-29 16:24:07.515,17611,17612,17611,2,-2
2021-04-29 16:24:10.903,17610,17611,17611,3,3
2021-04-29 16:24:18.849,17611,17612,17611,1,-1
2021-04-29 16:24:31.787,17610,17612,17612,1,1
2021-04-29 16:24:54.326,17610,17611,17611,1,1
2021-04-29 16:25:34.238,17610,17611,17611,1,1
2021-04-29 16:25:35.455,17610,17611,17611,1,1
2021-04-29 16:25:47.311,17610,17611,17611,1,1
2021-04-29 16:25:54.757,17610,17611,17611,1,1
2021-04-29 16:25:59.920,17610,17611,17611,2,2
2021-04-29 16:26:10.015,17610,17611,17611,1,1
2021-04-29 16:26:12.689,17610,17611,17611,1,1
2021-04-29 16:26:17.028,17610,17611,17611,1,1
2021-04-29 16:26:32.777,17610,17611,17610,1,-1
2021-04-29 16:27:11.576,17610,17611,17610,1,-1
2021-04-29 16:27:11.577,17610,17611,17610,3,-3
2021-04-29 16:27:14.017,17609,17611,17611,1,1
2021-04-29 16:27:19.532,17609,17610,17609,2,-2
2021-04-29 16:27:27.272,17609,17610,17609,1,-1
2021-04-29 16:27:33.506,17609,17611,17609,2,-2
2021-04-29 16:27:34.862,17609,17610,17609,1,-1
2021-04-29 16:27:34.863,17609,17610,17609,2,-2
2021-04-29 16:27:35.164,17609,17610,17609,1,-1
2021-04-29 16:27:53.433,17609,17610,17609,2,-2
2021-04-29 16:28:07.140,17609,17610,17609,1,-1
2021-04-29 16:28:20.761,17609,17610,17610,1,1
2021-04-29 16:28:22.222,17609,17610,17610,1,1
2021-04-29 16:28:23.261,17609,17610,17610,1,1
2021-04-29 16:28:25.139,17609,17610,17610,1,1
2021-04-29 16:28:41.852,17609,17611,17609,1,-1
2021-04-29 16:28:47.767,17609,17610,17610,2,2
2021-04-29 16:29:00.088,17610,17611,17610,1,-1
2021-04-29 16:29:00.101,17610,17611,17611,1,1
2021-04-29 16:29:00.104,17610,17611,17611,1,1
2021-04-29 16:29:01.908,17610,17611,17610,1,-1
2021-04-29 16:29:01.974,17610,17611,17611,1,1
2021-04-29 16:29:01.975,17610,17611,17611,1,1
2021-04-29 16:29:05.596,17610,17611,17610,1,-1
2021-04-29 16:29:15.134,17609,17610,17609,1,-1
2021-04-29 16:29:21.020,17609,17610,17610,1,1
2021-04-29 16:29:21.100,17609,17611,17611,1,1
2021-04-29 16:29:44.288,17609,17610,17609,1,-1
2021-04-29 16:29:44.350,17609,17610,17610,1,1
2021-04-29 16:29:44.351,17609,17610,17611,1,1
2021-04-29 16:29:54.602,17610,17611,17610,1,-1
2021-04-29 16:29:54.725,17610,17611,17611,1,1
2021-04-29 16:29:54.726,17610,17611,17611,1,1
2021-04-29 16:29:54.728,17610,17611,17612,1,1
2021-04-29 16:29:55.374,17610,17612,17610,1,-1
2021-04-29 16:30:14.110,17610,17612,17610,1,-1
2021-04-29 16:30:14.562,17610,17612,17611,1,1
2021-04-29 16:30:16.048,17610,17612,17612,1,1
2021-04-29 16:30:16.134,17610,17612,17612,1,1
2021-04-29 16:30:20.101,17611,17612,17611,1,-1
2021-04-29 16:30:35.160,17610,17612,17610,2,-2
2021-04-29 16:30:43.319,17610,17611,17610,1,-1
2021-04-29 16:30:49.998,17609,17611,17611,2,2
2021-04-29 16:30:52.835,17610,17612,17610,1,-1
2021-04-29 16:30:55.141,17610,17612,17610,2,-2
2021-04-29 16:32:08.195,17609,17610,17610,3,3
2021-04-29 16:32:08.228,17609,17610,17610,1,1
2021-04-29 16:32:09.529,17609,17610,17610,1,1
2021-04-29 16:32:09.599,17609,17610,17610,1,1
2021-04-29 16:33:11.798,17609,17610,17609,1,-1
2021-04-29 16:33:11.852,17609,17610,17609,1,-1
2021-04-29 16:33:13.493,17609,17610,17610,1,1
2021-04-29 16:33:14.894,17609,17610,17609,1,-1
2021-04-29 16:33:16.843,17609,17610,17609,1,-1
2021-04-29 16:33:16.844,17609,17610,17609,2,-2
2021-04-29 16:33:17.260,17608,17609,17609,1,1
2021-04-29 16:33:23.553,17608,17609,17608,1,-1
2021-04-29 16:33:27.041,17608,17609,17608,1,-1
2021-04-29 16:33:36.196,17608,17609,17608,1,-1
2021-04-29 16:33:37.363,17608,17609,17608,2,-2
2021-04-29 16:33:37.476,17608,17609,17609,1,1
2021-04-29 16:33:46.513,17608,17609,17608,2,-2
2021-04-29 16:33:48.417,17608,17609,17608,4,-4
2021-04-29 16:33:51.264,17608,17609,17608,2,-2
2021-04-29 16:33:53.845,17608,17609,17608,4,-4
2021-04-29 16:33:54.276,17608,17609,17608,1,-1
2021-04-29 16:33:59.504,17607,17608,17608,2,2
2021-04-29 16:33:59.662,17607,17608,17608,2,2
2021-04-29 16:33:59.878,17608,17609,17608,4,-4
2021-04-29 16:34:04.365,17608,17609,17609,1,1
2021-04-29 16:34:05.359,17608,17609,17608,4,-4
2021-04-29 16:34:19.850,17608,17609,17608,1,-1
2021-04-29 16:34:22.369,17608,17609,17609,1,1
2021-04-29 16:34:25.205,17608,17609,17608,1,-1
2021-04-29 16:34:41.723,17608,17609,17609,4,4
2021-04-29 16:34:43.588,17608,17610,17608,3,-3
2021-04-29 16:35:18.070,17608,17610,17608,1,-1
2021-04-29 16:35:30.040,17608,17609,17608,1,-1
2021-04-29 16:36:09.807,17608,17609,17609,3,3
2021-04-29 16:36:10.074,17609,17610,17609,3,-3
2021-04-29 16:36:19.659,17609,17610,17609,1,-1
2021-04-29 16:36:31.511,17608,17609,17609,1,1
2021-04-29 16:36:36.309,17609,17610,17609,2,-2
2021-04-29 16:36:50.847,17609,17610,17609,1,-1
2021-04-29 16:37:01.901,17609,17610,17610,1,1
2021-04-29 16:37:02.014,17609,17610,17609,11,-11
2021-04-29 16:37:02.752,17608,17609,17608,2,-2
2021-04-29 16:37:03.157,17608,17609,17609,1,1
2021-04-29 16:37:27.584,17608,17609,17609,1,1
2021-04-29 16:37:28.387,17608,17609,17609,1,1
2021-04-29 16:37:29.064,17608,17609,17609,1,1
2021-04-29 16:38:22.387,17608,17609,17609,5,5
2021-04-29 16:38:31.267,17608,17609,17609,1,1
2021-04-29 16:38:51.163,17608,17609,17609,2,2
2021-04-29 16:38:51.164,17608,17609,17609,3,3
2021-04-29 16:39:10.416,17609,17610,17609,5,-5
2021-04-29 16:39:15.203,17609,17610,17609,1,-1
2021-04-29 16:39:17.308,17609,17610,17609,1,-1
2021-04-29 16:39:25.682,17609,17610,17609,3,-3
2021-04-29 16:39:36.118,17609,17610,17609,3,-3
2021-04-29 16:39:39.263,17609,17610,17609,1,-1
2021-04-29 16:39:41.436,17609,17610,17609,1,-1
2021-04-29 16:39:42.294,17609,17610,17610,1,1
2021-04-29 16:39:44.006,17609,17610,17609,1,-1
2021-04-29 16:39:50.111,17609,17610,17609,3,-3
2021-04-29 16:40:43.021,17609,17610,17609,1,-1
2021-04-29 16:40:53.848,17609,17610,17610,3,3
2021-04-29 16:40:53.849,17609,17610,17610,2,2
2021-04-29 16:40:55.291,17610,17611,17611,2,2
2021-04-29 16:40:55.348,17610,17611,17611,4,4
2021-04-29 16:41:04.373,17611,17612,17611,1,-1
2021-04-29 16:41:11.189,17611,17612,17611,1,-1
2021-04-29 16:41:24.369,17611,17612,17611,2,-2
2021-04-29 16:41:26.402,17611,17612,17611,1,-1
2021-04-29 16:41:28.362,17611,17612,17612,1,1
2021-04-29 16:41:28.363,17611,17612,17612,1,1
2021-04-29 16:41:38.271,17611,17612,17611,1,-1
2021-04-29 16:41:41.051,17611,17612,17612,1,1
2021-04-29 16:41:42.084,17612,17613,17612,1,-1
2021-04-29 16:41:44.964,17611,17612,17611,2,-2
2021-04-29 16:42:07.119,17611,17612,17612,5,5
2021-04-29 16:42:16.158,17612,17613,17612,1,-1
2021-04-29 16:42:23.167,17612,17613,17612,1,-1
2021-04-29 16:42:32.057,17612,17613,17612,1,-1
2021-04-29 16:42:39.044,17612,17613,17612,1,-1
2021-04-29 16:42:47.838,17612,17613,17612,1,-1
2021-04-29 16:42:52.658,17612,17613,17612,1,-1
2021-04-29 16:42:57.967,17612,17613,17612,1,-1
2021-04-29 16:43:06.023,17612,17613,17612,2,-2
2021-04-29 16:43:07.098,17612,17613,17613,9,9
2021-04-29 16:43:07.320,17612,17614,17614,1,1
2021-04-29 16:43:07.334,17612,17614,17614,1,1
2021-04-29 16:43:14.596,17612,17614,17612,2,-2
2021-04-29 16:43:22.224,17613,17614,17614,1,1
2021-04-29 16:43:23.282,17613,17614,17614,4,4
2021-04-29 16:43:23.734,17613,17614,17614,1,1
2021-04-29 16:43:23.772,17613,17614,17614,1,1
2021-04-29 16:43:25.097,17613,17614,17614,1,1
2021-04-29 16:43:27.837,17613,17614,17614,1,1
2021-04-29 16:43:30.695,17613,17614,17614,1,1
2021-04-29 16:43:33.953,17614,17615,17615,2,2
2021-04-29 16:43:34.092,17614,17615,17614,1,-1
2021-04-29 16:43:35.864,17613,17614,17614,1,1
2021-04-29 16:43:37.541,17613,17614,17613,2,-2
2021-04-29 16:43:43.247,17613,17614,17614,1,1
2021-04-29 16:43:46.971,17613,17614,17614,1,1
2021-04-29 16:43:49.222,17613,17614,17614,1,1
2021-04-29 16:43:49.542,17613,17614,17614,1,1
2021-04-29 16:43:52.763,17614,17615,17614,2,-2
2021-04-29 16:43:56.623,17613,17614,17614,1,1
2021-04-29 16:43:58.255,17613,17614,17614,1,1
2021-04-29 16:44:08.665,17613,17614,17613,1,-1
2021-04-29 16:44:20.699,17613,17614,17614,2,2
2021-04-29 16:44:26.275,17613,17614,17614,3,3
2021-04-29 16:44:26.917,17613,17614,17613,1,-1
2021-04-29 16:44:29.208,17613,17614,17613,2,-2
2021-04-29 16:44:31.830,17613,17614,17613,1,-1
2021-04-29 16:44:34.056,17613,17614,17614,1,1
2021-04-29 16:44:36.714,17613,17614,17613,1,-1
2021-04-29 16:44:39.209,17613,17614,17614,1,1
2021-04-29 16:44:49.020,17613,17614,17614,1,1
2021-04-29 16:45:14.400,17613,17614,17614,1,1
2021-04-29 16:45:32.405,17613,17614,17614,1,1
2021-04-29 16:45:32.406,17613,17614,17614,1,1
2021-04-29 16:45:32.701,17613,17614,17614,1,1
2021-04-29 16:45:35.237,17614,17615,17615,1,1
2021-04-29 16:45:46.234,17614,17615,17615,1,1
2021-04-29 16:45:48.245,17614,17615,17615,3,3
2021-04-29 16:45:50.449,17614,17615,17614,1,-1
2021-04-29 16:45:51.385,17614,17615,17615,9,9
2021-04-29 16:46:00.144,17615,17616,17615,5,-5
2021-04-29 16:46:01.142,17614,17615,17615,1,1
2021-04-29 16:46:01.225,17614,17615,17615,1,1
2021-04-29 16:46:01.226,17614,17615,17616,1,1
2021-04-29 16:46:14.548,17615,17616,17616,1,1
2021-04-29 16:46:16.777,17615,17616,17616,2,2
2021-04-29 16:46:16.848,17615,17616,17616,5,5
2021-04-29 16:46:20.440,17615,17616,17616,1,1
2021-04-29 16:46:21.130,17615,17616,17616,1,1
2021-04-29 16:46:28.944,17615,17616,17616,2,2
2021-04-29 16:46:28.945,17615,17616,17617,2,2
2021-04-29 16:46:28.946,17615,17616,17617,8,8
2021-04-29 16:46:36.819,17616,17617,17616,1,-1
2021-04-29 16:46:38.247,17616,17617,17617,2,2
2021-04-29 16:46:38.753,17616,17618,17616,1,-1
2021-04-29 16:46:42.698,17616,17617,17617,2,2
2021-04-29 16:46:43.760,17616,17617,17617,1,1
2021-04-29 16:46:45.553,17616,17617,17617,1,1
2021-04-29 16:46:46.834,17616,17617,17617,1,1
2021-04-29 16:46:46.848,17616,17617,17617,2,2
2021-04-29 16:46:47.430,17616,17617,17617,1,1
2021-04-29 16:46:53.685,17616,17617,17617,1,1
2021-04-29 16:46:54.763,17616,17617,17617,1,1
2021-04-29 16:46:54.932,17616,17617,17616,5,-5
2021-04-29 16:46:55.951,17616,17617,17616,1,-1
2021-04-29 16:46:55.952,17616,17617,17616,5,-5
2021-04-29 16:47:07.405,17616,17617,17616,2,-2
2021-04-29 16:47:12.356,17615,17617,17615,5,-5
2021-04-29 16:47:17.680,17615,17616,17615,2,-2
2021-04-29 16:47:18.993,17615,17616,17616,1,1
2021-04-29 16:47:19.835,17615,17616,17615,3,-3
2021-04-29 16:47:28.653,17613,17615,17615,1,1
2021-04-29 16:47:40.742,17614,17615,17614,2,-2
2021-04-29 16:47:41.485,17614,17615,17614,2,-2
2021-04-29 16:47:46.500,17614,17615,17614,1,-1
2021-04-29 16:47:53.921,17614,17615,17614,1,-1
2021-04-29 16:47:56.273,17614,17615,17614,2,-2
2021-04-29 16:48:03.534,17614,17615,17615,1,1
2021-04-29 16:48:03.602,17614,17615,17615,1,1
2021-04-29 16:48:03.611,17614,17615,17615,1,1
2021-04-29 16:48:05.587,17614,17615,17614,2,-2
2021-04-29 16:48:22.108,17614,17615,17615,1,1
2021-04-29 16:48:27.673,17614,17615,17614,2,-2
2021-04-29 16:48:27.724,17614,17615,17615,1,1
2021-04-29 16:48:27.725,17614,17615,17615,1,1
2021-04-29 16:49:04.727,17614,17615,17615,2,2
2021-04-29 16:49:08.383,17614,17615,17615,1,1
2021-04-29 16:49:38.096,17614,17615,17614,1,-1
2021-04-29 16:49:42.152,17614,17615,17614,1,-1
2021-04-29 16:49:42.154,17614,17615,17614,11,-11
2021-04-29 16:49:58.800,17613,17614,17614,1,1
2021-04-29 16:50:02.732,17613,17614,17613,1,-1
2021-04-29 16:50:47.137,17612,17613,17613,1,1
2021-04-29 16:50:49.232,17612,17613,17612,2,-2
2021-04-29 16:50:58.526,17612,17613,17612,1,-1
2021-04-29 16:50:59.559,17612,17613,17612,1,-1
2021-04-29 16:51:03.917,17611,17612,17612,1,1
2021-04-29 16:51:15.475,17611,17612,17611,1,-1
2021-04-29 16:51:19.671,17611,17612,17611,2,-2
2021-04-29 16:51:23.348,17611,17612,17611,3,-3
2021-04-29 16:51:33.397,17611,17612,17611,2,-2
2021-04-29 16:51:41.775,17611,17612,17611,1,-1
2021-04-29 16:51:43.859,17611,17612,17611,2,-2
2021-04-29 16:51:50.837,17610,17612,17610,2,-2
2021-04-29 16:51:56.111,17611,17612,17611,1,1
2021-04-29 16:52:27.771,17610,17611,17610,1,-1
2021-04-29 16:52:28.565,17610,17611,17610,2,-2
2021-04-29 16:52:32.866,17610,17611,17611,1,1
2021-04-29 16:52:37.013,17610,17611,17610,1,-1
2021-04-29 16:52:51.315,17610,17611,17611,1,1
2021-04-29 16:52:55.417,17611,17612,17611,2,-2
2021-04-29 16:52:57.369,17611,17612,17611,1,-1
2021-04-29 16:53:01.250,17611,17612,17611,1,-1
2021-04-29 16:53:19.404,17611,17612,17611,1,-1
2021-04-29 16:53:29.891,17611,17612,17611,1,-1
2021-04-29 16:53:33.746,17611,17612,17612,1,1
2021-04-29 16:53:33.747,17611,17612,17612,1,1
2021-04-29 16:53:35.725,17611,17612,17611,1,-1
2021-04-29 16:54:00.179,17611,17612,17611,4,-4
2021-04-29 16:54:04.453,17611,17612,17611,1,-1
2021-04-29 16:54:15.848,17611,17612,17612,1,1
2021-04-29 16:54:49.283,17612,17613,17612,1,-1
2021-04-29 16:55:18.124,17612,17613,17612,1,-1
2021-04-29 16:55:18.137,17612,17613,17612,1,-1
2021-04-29 16:55:18.723,17612,17613,17613,1,1
2021-04-29 16:55:19.297,17612,17613,17613,2,2
2021-04-29 16:55:19.298,17612,17613,17613,1,1
2021-04-29 16:55:19.343,17612,17613,17614,1,1
2021-04-29 16:55:19.348,17612,17614,17614,1,1
2021-04-29 16:55:21.882,17613,17615,17615,1,1
2021-04-29 16:55:27.777,17614,17615,17615,1,1
2021-04-29 16:55:27.786,17614,17615,17615,1,1
2021-04-29 16:55:33.422,17614,17615,17615,2,2
2021-04-29 16:55:40.579,17614,17615,17615,5,5
2021-04-29 16:55:40.598,17614,17615,17615,1,1
2021-04-29 16:55:42.081,17614,17615,17614,1,-1
2021-04-29 16:55:47.553,17614,17615,17614,1,-1
2021-04-29 16:55:53.951,17612,17614,17614,1,1
2021-04-29 16:55:57.697,17612,17614,17612,1,-1
2021-04-29 16:56:10.116,17612,17613,17612,1,-1
2021-04-29 16:56:10.607,17612,17613,17612,1,-1
2021-04-29 16:56:16.535,17612,17613,17612,1,-1
2021-04-29 16:56:37.878,17611,17612,17611,2,-2
2021-04-29 16:56:42.305,17611,17612,17612,1,1
2021-04-29 16:56:42.348,17611,17612,17612,1,1
2021-04-29 16:56:55.118,17611,17612,17611,3,-3
2021-04-29 16:57:04.837,17611,17612,17611,1,-1
2021-04-29 16:57:05.122,17611,17612,17612,1,1
2021-04-29 16:57:36.036,17612,17613,17612,1,-1
2021-04-29 16:57:49.625,17611,17612,17612,1,1
2021-04-29 16:58:28.871,17611,17612,17612,1,1
2021-04-29 16:59:25.190,17612,17613,17612,1,-1
2021-04-29 16:59:49.825,17612,17613,17612,2,-2
2021-04-29 16:59:52.437,17612,17613,17612,1,-1
2021-04-29 17:00:01.372,17611,17613,17613,1,1
2021-04-29 17:00:32.962,17611,17613,17611,1,-1
2021-04-29 17:00:33.113,17611,17613,17611,20,-20
2021-04-29 17:00:33.227,17611,17612,17611,4,-4
2021-04-29 17:01:09.853,17611,17613,17611,3,-3
2021-04-29 17:01:10.598,17611,17612,17612,1,1
2021-04-29 17:01:10.726,17611,17613,17613,1,1
2021-04-29 17:01:10.727,17611,17613,17613,1,1
2021-04-29 17:01:47.041,17612,17613,17613,1,1
2021-04-29 17:02:22.502,17612,17613,17612,3,-3
2021-04-29 17:02:25.348,17612,17613,17613,3,3
2021-04-29 17:02:28.229,17612,17614,17614,4,4
2021-04-29 17:03:05.878,17612,17613,17613,1,1
2021-04-29 17:03:09.853,17612,17613,17613,1,1
2021-04-29 17:03:54.074,17612,17613,17612,12,-12
2021-04-29 17:03:57.288,17611,17612,17611,4,-4
2021-04-29 17:04:03.242,17611,17612,17611,1,-1
2021-04-29 17:04:04.258,17611,17612,17611,1,-1
2021-04-29 17:04:09.148,17610,17612,17610,1,-1
2021-04-29 17:04:13.992,17611,17612,17611,1,1
2021-04-29 17:04:31.724,17610,17611,17610,1,-1
2021-04-29 17:04:40.377,17610,17611,17611,1,1
2021-04-29 17:04:46.905,17610,17611,17610,1,-1
2021-04-29 17:04:58.801,17610,17611,17610,1,-1
2021-04-29 17:05:29.245,17610,17611,17610,1,-1
2021-04-29 17:05:30.411,17610,17611,17610,1,-1
2021-04-29 17:05:30.987,17610,17611,17610,1,-1
2021-04-29 17:05:31.600,17610,17611,17610,1,-1
2021-04-29 17:05:33.543,17610,17611,17610,1,-1
2021-04-29 17:05:34.505,17610,17611,17610,1,-1
2021-04-29 17:05:35.699,17610,17611,17610,1,-1
2021-04-29 17:05:38.147,17609,17610,17610,4,4
2021-04-29 17:05:38.148,17609,17610,17610,1,1
2021-04-29 17:05:45.646,17609,17610,17609,1,-1
2021-04-29 17:05:45.798,17609,17610,17609,1,-1
2021-04-29 17:05:49.560,17609,17610,17609,2,-2
2021-04-29 17:05:53.016,17609,17610,17609,1,-1
2021-04-29 17:05:53.054,17609,17610,17609,1,-1
2021-04-29 17:05:53.103,17608,17610,17608,1,-1
2021-04-29 17:05:53.127,17608,17610,17608,1,-1
2021-04-29 17:05:53.156,17608,17610,17608,1,-1
2021-04-29 17:05:53.891,17609,17610,17609,1,1
2021-04-29 17:05:53.937,17609,17610,17608,1,-1
2021-04-29 17:06:02.406,17608,17609,17608,1,-1
2021-04-29 17:06:12.057,17608,17609,17608,1,-1
2021-04-29 17:06:14.233,17608,17609,17609,1,1
2021-04-29 17:06:32.486,17608,17609,17608,1,-1
2021-04-29 17:06:32.542,17608,17609,17608,1,-1
2021-04-29 17:06:43.648,17608,17609,17608,1,-1
2021-04-29 17:06:50.072,17608,17609,17608,1,-1
2021-04-29 17:06:50.073,17608,17609,17608,1,-1
2021-04-29 17:06:55.498,17608,17609,17609,2,2
2021-04-29 17:06:58.078,17608,17609,17609,1,1
2021-04-29 17:07:00.761,17608,17609,17608,1,-1
2021-04-29 17:07:06.951,17608,17609,17608,1,-1
2021-04-29 17:07:10.412,17608,17609,17608,1,-1
2021-04-29 17:07:20.597,17608,17609,17609,1,1
2021-04-29 17:07:23.166,17608,17609,17608,1,-1
2021-04-29 17:07:33.174,17608,17609,17609,2,2
2021-04-29 17:07:41.083,17609,17610,17609,1,-1
2021-04-29 17:07:43.547,17609,17610,17610,2,2
2021-04-29 17:08:03.249,17609,17611,17609,2,-2
2021-04-29 17:08:15.723,17610,17611,17611,2,2
2021-04-29 17:08:51.302,17610,17611,17610,1,-1
2021-04-29 17:09:31.607,17610,17611,17610,1,-1
2021-04-29 17:09:37.692,17610,17611,17610,7,-7
2021-04-29 17:09:45.407,17609,17610,17609,1,-1
2021-04-29 17:10:16.864,17609,17610,17610,1,1
2021-04-29 17:10:17.183,17609,17610,17609,1,-1
2021-04-29 17:10:23.057,17609,17610,17609,1,-1
2021-04-29 17:10:35.660,17608,17609,17609,1,1
2021-04-29 17:10:38.658,17609,17610,17609,1,-1
2021-04-29 17:10:41.857,17608,17609,17609,1,1
2021-04-29 17:11:07.030,17608,17609,17608,1,-1
2021-04-29 17:11:28.724,17607,17608,17608,1,1
2021-04-29 17:11:49.723,17607,17608,17608,2,2
2021-04-29 17:12:21.068,17608,17609,17608,1,-1
2021-04-29 17:12:28.880,17608,17609,17609,1,1
2021-04-29 17:12:35.597,17608,17609,17608,1,-1
2021-04-29 17:12:41.715,17608,17609,17608,2,-2
2021-04-29 17:12:50.355,17607,17608,17608,1,1
2021-04-29 17:13:30.455,17609,17610,17609,1,1
2021-04-29 17:13:43.664,17608,17610,17608,3,-3
2021-04-29 17:14:11.863,17608,17609,17608,3,-3
2021-04-29 17:14:18.237,17607,17609,17607,1,-1
2021-04-29 17:14:18.336,17607,17609,17607,1,-1
2021-04-29 17:14:18.456,17607,17609,17607,1,-1
2021-04-29 17:14:26.223,17607,17608,17608,2,2
2021-04-29 17:14:37.871,17607,17608,17608,4,4
2021-04-29 17:14:37.927,17607,17608,17608,6,6
2021-04-29 17:14:42.805,17607,17608,17607,1,-1
2021-04-29 17:14:53.212,17607,17608,17607,2,-2
2021-04-29 17:14:55.182,17607,17608,17607,2,-2
2021-04-29 17:14:55.412,17607,17608,17607,1,-1
2021-04-29 17:14:57.706,17607,17608,17607,2,-2
2021-04-29 17:15:02.001,17607,17608,17607,1,-1
2021-04-29 17:15:04.743,17607,17608,17607,3,-3
2021-04-29 17:15:05.078,17607,17608,17607,1,-1
2021-04-29 17:15:14.414,17607,17608,17608,1,1
2021-04-29 17:15:25.956,17607,17608,17608,2,2
2021-04-29 17:15:28.206,17607,17608,17608,1,1
2021-04-29 17:15:28.223,17607,17608,17608,8,8
2021-04-29 17:15:51.699,17608,17609,17608,1,-1
2021-04-29 17:16:10.157,17607,17608,17607,1,-1
2021-04-29 17:16:31.398,17607,17608,17608,4,4
2021-04-29 17:16:32.442,17608,17609,17608,1,-1
2021-04-29 17:16:32.475,17608,17609,17609,1,1
2021-04-29 17:16:38.833,17608,17609,17609,1,1
2021-04-29 17:17:20.395,17609,17610,17609,2,-2
2021-04-29 17:17:20.679,17609,17610,17609,3,-3
2021-04-29 17:17:21.848,17609,17610,17610,3,3
2021-04-29 17:17:29.447,17610,17611,17611,1,1
2021-04-29 17:17:32.397,17610,17611,17611,2,2
2021-04-29 17:17:55.710,17610,17611,17610,1,-1
2021-04-29 17:18:32.142,17609,17611,17610,1,-1
2021-04-29 17:19:05.777,17610,17611,17610,1,-1
2021-04-29 17:19:08.301,17610,17611,17610,1,-1
2021-04-29 17:19:27.532,17610,17611,17610,1,-1
2021-04-29 17:19:59.509,17610,17611,17610,1,-1
2021-04-29 17:20:09.446,17610,17611,17611,1,1
