2019-07-22 15:00:00,10790,10790,10790,138
2019-07-22 15:00:00,10791,10791,10791,2
2019-07-22 15:00:00,10790,10790,10790,2
2019-07-22 15:00:00,10790,10790,10790,4
2019-07-22 15:00:00,10790,10790,10790,4
2019-07-22 15:00:00,10791,10791,10791,2
2019-07-22 15:00:00,10791,10791,10791,36
2019-07-22 15:00:01,10791,10791,10791,2
2019-07-22 15:00:01,10791,10791,10791,8
2019-07-22 15:00:01,10791,10791,10791,4
2019-07-22 15:00:02,10791,10791,10791,2
2019-07-22 15:00:02,10791,10791,10791,6
2019-07-22 15:00:02,10791,10791,10791,4
2019-07-22 15:00:02,10791,10791,10791,4
2019-07-22 15:00:02,10791,10791,10791,8
2019-07-22 15:00:03,10790,10790,10790,2
2019-07-22 15:00:03,10790,10790,10790,2
2019-07-22 15:00:03,10790,10790,10790,4
2019-07-22 15:00:04,10790,10790,10790,2
2019-07-22 15:00:04,10790,10790,10790,2
2019-07-22 15:00:04,10791,10791,10791,2
2019-07-22 15:00:04,10790,10790,10790,6
2019-07-22 15:00:04,10790,10790,10790,2
2019-07-22 15:00:04,10790,10790,10790,2
2019-07-22 15:00:05,10791,10791,10791,6
2019-07-22 15:00:05,10792,10792,10792,22
2019-07-22 15:00:06,10791,10791,10791,4
2019-07-22 15:00:07,10791,10791,10791,4
2019-07-22 15:00:07,10791,10791,10791,4
2019-07-22 15:00:09,10790,10790,10790,4
2019-07-22 15:00:10,10790,10790,10790,4
2019-07-22 15:00:10,10790,10790,10790,2
2019-07-22 15:00:10,10790,10790,10790,4
2019-07-22 15:00:12,10791,10791,10791,2
2019-07-22 15:00:13,10790,10790,10790,2
2019-07-22 15:00:15,10791,10791,10791,2
2019-07-22 15:00:16,10791,10791,10791,4
2019-07-22 15:00:16,10791,10791,10791,6
2019-07-22 15:00:16,10791,10791,10791,24
2019-07-22 15:00:16,10791,10791,10791,6
2019-07-22 15:00:16,10791,10791,10791,4
2019-07-22 15:00:16,10791,10791,10791,10
2019-07-22 15:00:16,10791,10791,10791,4
2019-07-22 15:00:16,10792,10792,10792,6
2019-07-22 15:00:16,10792,10792,10792,8
2019-07-22 15:00:18,10791,10791,10791,4
2019-07-22 15:00:18,10791,10791,10791,6
2019-07-22 15:00:18,10791,10791,10791,2
2019-07-22 15:00:19,10792,10792,10792,4
2019-07-22 15:00:20,10791,10791,10791,2
2019-07-22 15:00:20,10791,10791,10791,4
2019-07-22 15:00:20,10791,10791,10791,4
2019-07-22 15:00:21,10792,10792,10792,4
2019-07-22 15:00:21,10792,10792,10792,8
2019-07-22 15:00:23,10793,10793,10793,6
2019-07-22 15:00:23,10793,10793,10793,2
2019-07-22 15:00:23,10792,10792,10792,2
2019-07-22 15:00:23,10792,10792,10792,2
2019-07-22 15:00:24,10793,10793,10793,2
2019-07-22 15:00:25,10793,10793,10793,10
2019-07-22 15:00:25,10793,10793,10793,6
2019-07-22 15:00:25,10794,10794,10794,14
2019-07-22 15:00:26,10793,10793,10793,2
2019-07-22 15:00:28,10792,10792,10792,2
2019-07-22 15:00:32,10792,10792,10792,2
2019-07-22 15:00:32,10792,10792,10792,6
2019-07-22 15:00:32,10792,10792,10792,2
2019-07-22 15:00:32,10792,10792,10792,2
2019-07-22 15:00:32,10792,10792,10792,2
2019-07-22 15:00:38,10792,10792,10792,2
2019-07-22 15:00:39,10791,10791,10791,2
2019-07-22 15:00:40,10792,10792,10792,2
2019-07-22 15:00:41,10792,10792,10792,2
2019-07-22 15:00:41,10792,10792,10792,6
2019-07-22 15:00:42,10791,10791,10791,2
2019-07-22 15:00:43,10792,10792,10792,2
2019-07-22 15:00:45,10792,10792,10792,2
2019-07-22 15:00:46,10792,10792,10792,2
2019-07-22 15:00:46,10792,10792,10792,2
2019-07-22 15:00:46,10792,10792,10792,2
2019-07-22 15:00:48,10792,10792,10792,4
2019-07-22 15:00:48,10791,10791,10791,2
2019-07-22 15:00:52,10791,10791,10791,2
2019-07-22 15:00:54,10791,10791,10791,2
2019-07-22 15:00:54,10791,10791,10791,4
2019-07-22 15:00:54,10791,10791,10791,2
2019-07-22 15:00:54,10791,10791,10791,2
2019-07-22 15:00:54,10791,10791,10791,2
2019-07-22 15:00:54,10791,10791,10791,2
2019-07-22 15:00:54,10791,10791,10791,2
2019-07-22 15:00:54,10791,10791,10791,2
2019-07-22 15:00:54,10791,10791,10791,2
2019-07-22 15:00:55,10791,10791,10791,2
2019-07-22 15:00:55,10791,10791,10791,12
2019-07-22 15:00:55,10791,10791,10791,2
2019-07-22 15:00:55,10791,10791,10791,2
2019-07-22 15:00:55,10791,10791,10791,2
2019-07-22 15:01:00,10791,10791,10791,2
2019-07-22 15:01:00,10791,10791,10791,2
2019-07-22 15:01:00,10791,10791,10791,2
2019-07-22 15:01:01,10792,10792,10792,2
2019-07-22 15:01:02,10791,10791,10791,2
2019-07-22 15:01:02,10791,10791,10791,2
2019-07-22 15:01:02,10791,10791,10791,2
2019-07-22 15:01:02,10790,10790,10790,4
2019-07-22 15:01:03,10790,10790,10790,2
2019-07-22 15:01:03,10790,10790,10790,2
2019-07-22 15:01:03,10790,10790,10790,2
2019-07-22 15:01:03,10790,10790,10790,2
2019-07-22 15:01:03,10791,10791,10791,2
2019-07-22 15:01:07,10791,10791,10791,10
2019-07-22 15:01:11,10790,10790,10790,2
2019-07-22 15:01:13,10791,10791,10791,2
2019-07-22 15:01:13,10791,10791,10791,2
2019-07-22 15:01:18,10790,10790,10790,2
2019-07-22 15:01:19,10790,10790,10790,4
2019-07-22 15:01:19,10790,10790,10790,2
2019-07-22 15:01:20,10790,10790,10790,2
2019-07-22 15:01:20,10790,10790,10790,2
2019-07-22 15:01:20,10790,10790,10790,2
2019-07-22 15:01:20,10790,10790,10790,2
2019-07-22 15:01:20,10790,10790,10790,2
2019-07-22 15:01:20,10790,10790,10790,4
2019-07-22 15:01:20,10790,10790,10790,2
2019-07-22 15:01:20,10790,10790,10790,2
2019-07-22 15:01:20,10790,10790,10790,2
2019-07-22 15:01:20,10790,10790,10790,4
2019-07-22 15:01:20,10790,10790,10790,2
2019-07-22 15:01:20,10790,10790,10790,2
2019-07-22 15:01:20,10790,10790,10790,2
2019-07-22 15:01:20,10790,10790,10790,2
2019-07-22 15:01:20,10790,10790,10790,4
2019-07-22 15:01:20,10790,10790,10790,2
2019-07-22 15:01:20,10790,10790,10790,2
2019-07-22 15:01:20,10790,10790,10790,2
2019-07-22 15:01:20,10790,10790,10790,2
2019-07-22 15:01:20,10790,10790,10790,2
2019-07-22 15:01:20,10790,10790,10790,2
2019-07-22 15:01:20,10790,10790,10790,4
2019-07-22 15:01:20,10790,10790,10790,2
2019-07-22 15:01:20,10790,10790,10790,2
2019-07-22 15:01:20,10790,10790,10790,2
2019-07-22 15:01:20,10790,10790,10790,2
2019-07-22 15:01:20,10790,10790,10790,4
2019-07-22 15:01:20,10790,10790,10790,10
2019-07-22 15:01:20,10790,10790,10790,2
2019-07-22 15:01:20,10790,10790,10790,2
2019-07-22 15:01:20,10790,10790,10790,2
2019-07-22 15:01:20,10790,10790,10790,2
2019-07-22 15:01:20,10790,10790,10790,2
2019-07-22 15:01:24,10789,10789,10789,10
2019-07-22 15:01:26,10790,10790,10790,6
2019-07-22 15:01:29,10789,10789,10789,4
2019-07-22 15:01:31,10790,10790,10790,4
2019-07-22 15:01:37,10790,10790,10790,8
2019-07-22 15:01:38,10790,10790,10790,2
2019-07-22 15:01:41,10790,10790,10790,2
2019-07-22 15:01:46,10790,10790,10790,2
2019-07-22 15:01:46,10790,10790,10790,2
2019-07-22 15:01:46,10790,10790,10790,2
2019-07-22 15:01:46,10790,10790,10790,2
2019-07-22 15:01:46,10790,10790,10790,2
2019-07-22 15:01:46,10790,10790,10790,2
2019-07-22 15:01:46,10790,10790,10790,2
2019-07-22 15:01:46,10790,10790,10790,2
2019-07-22 15:01:46,10790,10790,10790,4
2019-07-22 15:01:46,10790,10790,10790,2
2019-07-22 15:01:46,10789,10789,10789,2
2019-07-22 15:01:47,10790,10790,10790,6
2019-07-22 15:01:47,10790,10790,10790,4
2019-07-22 15:01:50,10790,10790,10790,2
2019-07-22 15:01:55,10790,10790,10790,2
2019-07-22 15:01:59,10790,10790,10790,2
2019-07-22 15:01:59,10790,10790,10790,2
2019-07-22 15:01:59,10790,10790,10790,4
2019-07-22 15:02:00,10790,10790,10790,4
2019-07-22 15:02:00,10790,10790,10790,2
2019-07-22 15:02:00,10790,10790,10790,2
2019-07-22 15:02:00,10790,10790,10790,2
2019-07-22 15:02:00,10789,10789,10789,2
2019-07-22 15:02:00,10789,10789,10789,2
2019-07-22 15:02:00,10789,10789,10789,4
2019-07-22 15:02:00,10789,10789,10789,2
2019-07-22 15:02:00,10790,10790,10790,2
2019-07-22 15:02:00,10790,10790,10790,2
2019-07-22 15:02:00,10790,10790,10790,2
2019-07-22 15:02:00,10789,10789,10789,2
2019-07-22 15:02:00,10790,10790,10790,2
2019-07-22 15:02:03,10790,10790,10790,6
2019-07-22 15:02:03,10790,10790,10790,2
2019-07-22 15:02:04,10790,10790,10790,4
2019-07-22 15:02:04,10790,10790,10790,2
2019-07-22 15:02:04,10790,10790,10790,4
2019-07-22 15:02:04,10790,10790,10790,2
2019-07-22 15:02:04,10790,10790,10790,2
2019-07-22 15:02:04,10790,10790,10790,2
2019-07-22 15:02:04,10790,10790,10790,2
2019-07-22 15:02:04,10790,10790,10790,2
2019-07-22 15:02:05,10791,10791,10791,2
2019-07-22 15:02:13,10791,10791,10791,12
2019-07-22 15:02:16,10790,10790,10790,2
2019-07-22 15:02:16,10790,10790,10790,2
2019-07-22 15:02:16,10790,10790,10790,2
2019-07-22 15:02:16,10790,10790,10790,2
2019-07-22 15:02:16,10790,10790,10790,2
2019-07-22 15:02:18,10791,10791,10791,2
2019-07-22 15:02:21,10790,10790,10790,2
2019-07-22 15:02:25,10791,10791,10791,4
2019-07-22 15:02:37,10790,10790,10790,2
2019-07-22 15:02:40,10790,10790,10790,2
2019-07-22 15:02:40,10790,10790,10790,8
2019-07-22 15:02:42,10790,10790,10790,2
2019-07-22 15:02:42,10790,10790,10790,2
2019-07-22 15:02:43,10790,10790,10790,2
2019-07-22 15:02:45,10791,10791,10791,2
2019-07-22 15:02:51,10790,10790,10790,2
2019-07-22 15:02:56,10791,10791,10791,6
2019-07-22 15:02:58,10791,10791,10791,2
2019-07-22 15:03:02,10790,10790,10790,12
2019-07-22 15:03:02,10790,10790,10790,2
2019-07-22 15:03:02,10790,10790,10790,2
2019-07-22 15:03:02,10790,10790,10790,2
2019-07-22 15:03:02,10790,10790,10790,2
2019-07-22 15:03:02,10790,10790,10790,2
2019-07-22 15:03:02,10790,10790,10790,2
2019-07-22 15:03:02,10790,10790,10790,2
2019-07-22 15:03:05,10790,10790,10790,6
2019-07-22 15:03:10,10789,10789,10789,4
2019-07-22 15:03:10,10789,10789,10789,2
2019-07-22 15:03:10,10789,10789,10789,2
2019-07-22 15:03:10,10789,10789,10789,2
2019-07-22 15:03:11,10789,10789,10789,2
2019-07-22 15:03:20,10789,10789,10789,2
2019-07-22 15:03:20,10789,10789,10789,8
2019-07-22 15:03:26,10789,10789,10789,2
2019-07-22 15:03:30,10790,10790,10790,2
2019-07-22 15:03:33,10790,10790,10790,6
2019-07-22 15:03:39,10790,10790,10790,2
2019-07-22 15:03:40,10790,10790,10790,2
2019-07-22 15:03:46,10789,10789,10789,2
2019-07-22 15:03:51,10789,10789,10789,2
2019-07-22 15:03:51,10789,10789,10789,2
2019-07-22 15:03:51,10789,10789,10789,2
2019-07-22 15:03:51,10789,10789,10789,2
2019-07-22 15:03:51,10789,10789,10789,2
2019-07-22 15:03:51,10789,10789,10789,2
2019-07-22 15:03:51,10789,10789,10789,2
2019-07-22 15:03:51,10789,10789,10789,2
2019-07-22 15:03:51,10789,10789,10789,8
2019-07-22 15:03:51,10789,10789,10789,2
2019-07-22 15:03:51,10789,10789,10789,2
2019-07-22 15:03:51,10789,10789,10789,2
2019-07-22 15:03:51,10789,10789,10789,2
2019-07-22 15:03:51,10789,10789,10789,10
2019-07-22 15:03:52,10788,10788,10788,4
2019-07-22 15:03:52,10788,10788,10788,16
2019-07-22 15:03:52,10788,10788,10788,2
2019-07-22 15:03:52,10788,10788,10788,2
2019-07-22 15:03:52,10788,10788,10788,4
2019-07-22 15:03:52,10788,10788,10788,2
2019-07-22 15:03:52,10788,10788,10788,2
2019-07-22 15:03:52,10788,10788,10788,6
2019-07-22 15:03:52,10788,10788,10788,2
2019-07-22 15:03:52,10788,10788,10788,2
2019-07-22 15:03:52,10788,10788,10788,10
2019-07-22 15:03:52,10788,10788,10788,2
2019-07-22 15:03:52,10788,10788,10788,2
2019-07-22 15:03:52,10788,10788,10788,2
2019-07-22 15:03:52,10788,10788,10788,2
2019-07-22 15:03:52,10788,10788,10788,2
2019-07-22 15:03:52,10788,10788,10788,2
2019-07-22 15:03:52,10788,10788,10788,4
2019-07-22 15:03:52,10788,10788,10788,2
2019-07-22 15:03:52,10787,10787,10787,2
2019-07-22 15:03:52,10787,10787,10787,12
2019-07-22 15:03:53,10787,10787,10787,4
2019-07-22 15:03:53,10787,10787,10787,4
2019-07-22 15:03:55,10788,10788,10788,28
2019-07-22 15:03:55,10789,10789,10789,22
2019-07-22 15:03:57,10788,10788,10788,4
2019-07-22 15:03:57,10788,10788,10788,4
2019-07-22 15:03:59,10788,10788,10788,2
2019-07-22 15:03:59,10788,10788,10788,4
2019-07-22 15:03:59,10788,10788,10788,2
2019-07-22 15:03:59,10787,10787,10787,2
2019-07-22 15:04:01,10787,10787,10787,2
2019-07-22 15:04:04,10788,10788,10788,2
2019-07-22 15:04:04,10788,10788,10788,2
2019-07-22 15:04:05,10788,10788,10788,4
2019-07-22 15:04:06,10788,10788,10788,2
2019-07-22 15:04:09,10788,10788,10788,10
2019-07-22 15:04:09,10787,10787,10787,2
2019-07-22 15:04:09,10787,10787,10787,2
2019-07-22 15:04:09,10787,10787,10787,2
2019-07-22 15:04:09,10787,10787,10787,2
2019-07-22 15:04:09,10787,10787,10787,2
2019-07-22 15:04:09,10787,10787,10787,10
2019-07-22 15:04:09,10787,10787,10787,8
2019-07-22 15:04:09,10787,10787,10787,2
2019-07-22 15:04:09,10787,10787,10787,6
2019-07-22 15:04:09,10787,10787,10787,2
2019-07-22 15:04:09,10787,10787,10787,2
2019-07-22 15:04:09,10787,10787,10787,2
2019-07-22 15:04:09,10787,10787,10787,2
2019-07-22 15:04:09,10787,10787,10787,10
2019-07-22 15:04:09,10787,10787,10787,4
2019-07-22 15:04:09,10788,10788,10788,2
2019-07-22 15:04:11,10788,10788,10788,2
2019-07-22 15:04:12,10788,10788,10788,2
2019-07-22 15:04:17,10788,10788,10788,2
2019-07-22 15:04:17,10788,10788,10788,4
2019-07-22 15:04:17,10788,10788,10788,2
2019-07-22 15:04:19,10788,10788,10788,18
2019-07-22 15:04:20,10787,10787,10787,2
2019-07-22 15:04:20,10787,10787,10787,2
2019-07-22 15:04:20,10787,10787,10787,6
2019-07-22 15:04:20,10787,10787,10787,4
2019-07-22 15:04:20,10787,10787,10787,2
2019-07-22 15:04:20,10787,10787,10787,2
2019-07-22 15:04:20,10787,10787,10787,2
2019-07-22 15:04:20,10787,10787,10787,2
2019-07-22 15:04:23,10787,10787,10787,2
2019-07-22 15:04:25,10787,10787,10787,2
2019-07-22 15:04:26,10787,10787,10787,2
2019-07-22 15:04:28,10788,10788,10788,44
2019-07-22 15:04:28,10787,10787,10787,6
2019-07-22 15:04:28,10787,10787,10787,2
2019-07-22 15:04:28,10787,10787,10787,10
2019-07-22 15:04:28,10787,10787,10787,2
2019-07-22 15:04:28,10787,10787,10787,2
2019-07-22 15:04:28,10787,10787,10787,2
2019-07-22 15:04:28,10787,10787,10787,4
2019-07-22 15:04:28,10787,10787,10787,4
2019-07-22 15:04:28,10787,10787,10787,4
2019-07-22 15:04:28,10787,10787,10787,2
2019-07-22 15:04:28,10787,10787,10787,2
2019-07-22 15:04:29,10787,10787,10787,2
2019-07-22 15:04:31,10787,10787,10787,2
2019-07-22 15:04:32,10787,10787,10787,2
2019-07-22 15:04:34,10788,10788,10788,4
2019-07-22 15:04:38,10787,10787,10787,2
2019-07-22 15:04:38,10788,10788,10788,6
2019-07-22 15:04:38,10788,10788,10788,6
2019-07-22 15:04:38,10788,10788,10788,4
2019-07-22 15:04:38,10788,10788,10788,6
2019-07-22 15:04:39,10787,10787,10787,2
2019-07-22 15:04:39,10787,10787,10787,2
2019-07-22 15:04:41,10788,10788,10788,2
2019-07-22 15:04:45,10788,10788,10788,2
2019-07-22 15:04:47,10788,10788,10788,12
2019-07-22 15:04:53,10789,10789,10789,12
2019-07-22 15:05:02,10789,10789,10789,10
2019-07-22 15:05:05,10790,10790,10790,4
2019-07-22 15:05:05,10790,10790,10790,18
2019-07-22 15:05:06,10789,10789,10789,2
2019-07-22 15:05:08,10789,10789,10789,2
2019-07-22 15:05:09,10789,10789,10789,2
2019-07-22 15:05:09,10790,10790,10790,2
2019-07-22 15:05:15,10790,10790,10790,2
2019-07-22 15:05:18,10790,10790,10790,2
2019-07-22 15:05:26,10789,10789,10789,2
2019-07-22 15:05:26,10789,10789,10789,2
2019-07-22 15:05:33,10789,10789,10789,2
2019-07-22 15:05:35,10789,10789,10789,2
2019-07-22 15:05:35,10789,10789,10789,2
2019-07-22 15:05:35,10789,10789,10789,4
2019-07-22 15:05:35,10789,10789,10789,2
2019-07-22 15:05:46,10790,10790,10790,24
2019-07-22 15:05:47,10790,10790,10790,2
2019-07-22 15:05:47,10790,10790,10790,2
2019-07-22 15:05:47,10790,10790,10790,2
2019-07-22 15:05:51,10790,10790,10790,2
2019-07-22 15:05:51,10790,10790,10790,6
2019-07-22 15:05:51,10790,10790,10790,2
2019-07-22 15:05:51,10790,10790,10790,4
2019-07-22 15:05:51,10790,10790,10790,4
2019-07-22 15:05:51,10790,10790,10790,2
2019-07-22 15:05:59,10790,10790,10790,4
2019-07-22 15:06:18,10789,10789,10789,4
2019-07-22 15:06:31,10789,10789,10789,2
2019-07-22 15:06:31,10789,10789,10789,2
2019-07-22 15:06:31,10789,10789,10789,2
2019-07-22 15:06:31,10789,10789,10789,2
2019-07-22 15:06:31,10789,10789,10789,2
2019-07-22 15:06:31,10789,10789,10789,2
2019-07-22 15:06:31,10789,10789,10789,2
2019-07-22 15:06:31,10789,10789,10789,2
2019-07-22 15:06:31,10789,10789,10789,2
2019-07-22 15:06:31,10789,10789,10789,2
2019-07-22 15:06:40,10788,10788,10788,10
2019-07-22 15:06:40,10788,10788,10788,2
2019-07-22 15:06:40,10788,10788,10788,2
2019-07-22 15:06:40,10788,10788,10788,2
2019-07-22 15:06:40,10788,10788,10788,2
2019-07-22 15:06:40,10788,10788,10788,2
2019-07-22 15:06:40,10788,10788,10788,2
2019-07-22 15:06:40,10788,10788,10788,4
2019-07-22 15:06:40,10788,10788,10788,4
2019-07-22 15:06:40,10788,10788,10788,2
2019-07-22 15:06:40,10788,10788,10788,2
2019-07-22 15:06:41,10788,10788,10788,2
2019-07-22 15:06:44,10788,10788,10788,2
2019-07-22 15:06:48,10788,10788,10788,2
2019-07-22 15:06:51,10788,10788,10788,2
2019-07-22 15:06:52,10788,10788,10788,10
2019-07-22 15:06:53,10788,10788,10788,8
2019-07-22 15:06:53,10788,10788,10788,2
2019-07-22 15:06:56,10789,10789,10789,50
2019-07-22 15:06:57,10789,10789,10789,12
2019-07-22 15:06:58,10789,10789,10789,6
2019-07-22 15:07:02,10789,10789,10789,6
2019-07-22 15:07:02,10789,10789,10789,8
2019-07-22 15:07:02,10789,10789,10789,4
2019-07-22 15:07:02,10789,10789,10789,2
2019-07-22 15:07:02,10789,10789,10789,2
2019-07-22 15:07:06,10789,10789,10789,2
2019-07-22 15:07:06,10789,10789,10789,2
2019-07-22 15:07:06,10789,10789,10789,2
2019-07-22 15:07:06,10789,10789,10789,2
2019-07-22 15:07:06,10789,10789,10789,2
2019-07-22 15:07:06,10789,10789,10789,8
2019-07-22 15:07:06,10789,10789,10789,4
2019-07-22 15:07:06,10789,10789,10789,2
2019-07-22 15:07:06,10789,10789,10789,8
2019-07-22 15:07:06,10789,10789,10789,8
2019-07-22 15:07:09,10789,10789,10789,2
2019-07-22 15:07:17,10789,10789,10789,2
2019-07-22 15:07:37,10790,10790,10790,22
2019-07-22 15:08:01,10791,10791,10791,38
2019-07-22 15:08:12,10792,10792,10792,2
2019-07-22 15:08:12,10792,10792,10792,40
2019-07-22 15:08:18,10793,10793,10793,2
2019-07-22 15:08:19,10793,10793,10793,2
2019-07-22 15:08:19,10793,10793,10793,2
2019-07-22 15:08:21,10793,10793,10793,2
2019-07-22 15:08:24,10793,10793,10793,2
2019-07-22 15:08:24,10793,10793,10793,2
2019-07-22 15:08:25,10793,10793,10793,2
2019-07-22 15:08:25,10793,10793,10793,2
2019-07-22 15:08:28,10793,10793,10793,2
2019-07-22 15:08:33,10793,10793,10793,12
2019-07-22 15:08:34,10793,10793,10793,2
2019-07-22 15:08:35,10793,10793,10793,2
2019-07-22 15:08:36,10793,10793,10793,2
2019-07-22 15:08:36,10793,10793,10793,12
2019-07-22 15:08:37,10794,10794,10794,4
2019-07-22 15:08:37,10794,10794,10794,2
2019-07-22 15:08:38,10794,10794,10794,6
2019-07-22 15:08:40,10794,10794,10794,4
2019-07-22 15:08:52,10793,10793,10793,2
2019-07-22 15:08:52,10793,10793,10793,2
2019-07-22 15:08:52,10793,10793,10793,4
2019-07-22 15:08:52,10793,10793,10793,6
2019-07-22 15:08:52,10793,10793,10793,6
2019-07-22 15:08:52,10793,10793,10793,4
2019-07-22 15:09:07,10792,10792,10792,4
2019-07-22 15:09:07,10792,10792,10792,2
2019-07-22 15:09:07,10792,10792,10792,2
2019-07-22 15:09:07,10792,10792,10792,4
2019-07-22 15:09:08,10792,10792,10792,2
2019-07-22 15:09:14,10792,10792,10792,10
2019-07-22 15:09:16,10792,10792,10792,4
2019-07-22 15:09:18,10792,10792,10792,20
2019-07-22 15:09:18,10792,10792,10792,2
2019-07-22 15:09:19,10792,10792,10792,12
2019-07-22 15:09:19,10792,10792,10792,4
2019-07-22 15:09:21,10792,10792,10792,4
2019-07-22 15:09:24,10792,10792,10792,2
2019-07-22 15:09:24,10792,10792,10792,2
2019-07-22 15:09:26,10793,10793,10793,2
2019-07-22 15:09:30,10793,10793,10793,10
2019-07-22 15:09:39,10793,10793,10793,10
2019-07-22 15:09:40,10793,10793,10793,10
2019-07-22 15:09:43,10793,10793,10793,10
2019-07-22 15:09:43,10792,10792,10792,2
2019-07-22 15:09:43,10792,10792,10792,2
2019-07-22 15:09:44,10793,10793,10793,10
2019-07-22 15:09:44,10792,10792,10792,2
2019-07-22 15:09:45,10793,10793,10793,10
2019-07-22 15:09:47,10793,10793,10793,2
2019-07-22 15:09:49,10792,10792,10792,2
2019-07-22 15:09:54,10792,10792,10792,2
2019-07-22 15:09:54,10792,10792,10792,2
2019-07-22 15:10:02,10792,10792,10792,2
2019-07-22 15:10:06,10792,10792,10792,2
2019-07-22 15:10:10,10792,10792,10792,2
2019-07-22 15:10:10,10793,10793,10793,20
2019-07-22 15:10:18,10792,10792,10792,2
2019-07-22 15:10:26,10792,10792,10792,2
2019-07-22 15:10:26,10792,10792,10792,2
2019-07-22 15:10:26,10792,10792,10792,2
2019-07-22 15:10:29,10791,10791,10791,2
2019-07-22 15:10:29,10791,10791,10791,2
2019-07-22 15:10:29,10791,10791,10791,2
2019-07-22 15:11:07,10791,10791,10791,2
2019-07-22 15:11:14,10791,10791,10791,2
2019-07-22 15:11:17,10791,10791,10791,4
2019-07-22 15:11:18,10791,10791,10791,2
2019-07-22 15:11:18,10791,10791,10791,2
2019-07-22 15:11:35,10790,10790,10790,2
2019-07-22 15:11:36,10791,10791,10791,2
2019-07-22 15:11:43,10791,10791,10791,2
2019-07-22 15:11:43,10791,10791,10791,2
2019-07-22 15:11:43,10791,10791,10791,4
2019-07-22 15:12:26,10791,10791,10791,2
2019-07-22 15:12:41,10791,10791,10791,6
2019-07-22 15:12:55,10791,10791,10791,2
2019-07-22 15:12:59,10791,10791,10791,2
2019-07-22 15:13:02,10790,10790,10790,2
2019-07-22 15:13:08,10791,10791,10791,2
2019-07-22 15:13:20,10791,10791,10791,6
2019-07-22 15:13:20,10791,10791,10791,14
2019-07-22 15:13:20,10791,10791,10791,4
2019-07-22 15:13:21,10791,10791,10791,2
2019-07-22 15:13:27,10791,10791,10791,2
2019-07-22 15:13:36,10791,10791,10791,4
2019-07-22 15:14:24,10792,10792,10792,20
2019-07-22 15:14:25,10792,10792,10792,2
2019-07-22 15:14:25,10792,10792,10792,4
2019-07-22 15:14:25,10792,10792,10792,4
2019-07-22 15:14:25,10792,10792,10792,6
2019-07-22 15:14:25,10792,10792,10792,6
2019-07-22 15:14:25,10792,10792,10792,2
2019-07-22 15:14:25,10792,10792,10792,4
2019-07-22 15:14:25,10792,10792,10792,6
2019-07-22 15:14:25,10792,10792,10792,4
2019-07-22 15:14:25,10792,10792,10792,4
2019-07-22 15:14:35,10792,10792,10792,2
2019-07-22 15:14:43,10792,10792,10792,2
2019-07-22 15:14:53,10793,10793,10793,6
2019-07-22 15:14:58,10793,10793,10793,2
2019-07-22 15:14:59,10792,10792,10792,2
2019-07-22 15:15:32,10792,10792,10792,2
2019-07-22 15:15:32,10792,10792,10792,4
2019-07-22 15:15:32,10792,10792,10792,4
2019-07-22 15:15:32,10792,10792,10792,2
2019-07-22 15:15:32,10792,10792,10792,4
2019-07-22 15:15:32,10792,10792,10792,2
2019-07-22 15:15:32,10792,10792,10792,2
2019-07-22 15:15:32,10791,10791,10791,2
2019-07-22 15:15:32,10791,10791,10791,2
2019-07-22 15:15:32,10791,10791,10791,2
2019-07-22 15:15:32,10791,10791,10791,2
2019-07-22 15:15:35,10792,10792,10792,2
2019-07-22 15:15:48,10792,10792,10792,2
2019-07-22 15:16:19,10792,10792,10792,2
2019-07-22 15:16:26,10792,10792,10792,2
2019-07-22 15:16:43,10792,10792,10792,2
2019-07-22 15:16:44,10792,10792,10792,2
2019-07-22 15:16:44,10792,10792,10792,2
2019-07-22 15:16:44,10792,10792,10792,6
2019-07-22 15:17:00,10792,10792,10792,2
2019-07-22 15:17:00,10791,10791,10791,2
2019-07-22 15:17:00,10791,10791,10791,2
2019-07-22 15:17:00,10791,10791,10791,2
2019-07-22 15:17:16,10791,10791,10791,2
2019-07-22 15:17:42,10791,10791,10791,2
2019-07-22 15:18:04,10792,10792,10792,2
2019-07-22 15:18:23,10792,10792,10792,2
2019-07-22 15:18:24,10792,10792,10792,2
2019-07-22 15:18:24,10792,10792,10792,2
2019-07-22 15:18:24,10792,10792,10792,2
2019-07-22 15:18:34,10792,10792,10792,6
2019-07-22 15:18:34,10792,10792,10792,8
2019-07-22 15:18:34,10793,10793,10793,2
2019-07-22 15:18:54,10793,10793,10793,8
2019-07-22 15:18:57,10792,10792,10792,2
2019-07-22 15:18:57,10792,10792,10792,4
2019-07-22 15:19:12,10792,10792,10792,2
2019-07-22 15:19:12,10792,10792,10792,2
2019-07-22 15:19:12,10792,10792,10792,2
2019-07-22 15:19:12,10792,10792,10792,2
2019-07-22 15:19:12,10792,10792,10792,2
2019-07-22 15:19:36,10792,10792,10792,4
2019-07-22 15:20:17,10792,10792,10792,2
2019-07-22 15:20:17,10793,10793,10793,2
2019-07-22 15:20:27,10792,10792,10792,6
2019-07-22 15:20:27,10792,10792,10792,2
2019-07-22 15:20:27,10792,10792,10792,2
2019-07-22 15:20:27,10792,10792,10792,4
2019-07-22 15:20:27,10792,10792,10792,2
2019-07-22 15:20:38,10792,10792,10792,2
2019-07-22 15:20:43,10792,10792,10792,4
2019-07-22 15:20:43,10791,10791,10791,4
2019-07-22 15:20:43,10791,10791,10791,2
2019-07-22 15:20:43,10791,10791,10791,2
2019-07-22 15:20:48,10791,10791,10791,2
2019-07-22 15:20:48,10791,10791,10791,8
2019-07-22 15:20:48,10791,10791,10791,2
2019-07-22 15:20:48,10791,10791,10791,2
2019-07-22 15:20:48,10791,10791,10791,6
2019-07-22 15:20:57,10791,10791,10791,4
2019-07-22 15:21:14,10792,10792,10792,6
2019-07-22 15:21:25,10792,10792,10792,2
2019-07-22 15:21:45,10792,10792,10792,2
2019-07-22 15:21:45,10792,10792,10792,2
2019-07-22 15:22:02,10792,10792,10792,2
2019-07-22 15:22:02,10793,10793,10793,2
2019-07-22 15:22:32,10793,10793,10793,2
2019-07-22 15:23:00,10793,10793,10793,2
2019-07-22 15:23:13,10793,10793,10793,2
2019-07-22 15:23:18,10793,10793,10793,2
2019-07-22 15:23:27,10793,10793,10793,20
2019-07-22 15:23:41,10793,10793,10793,4
2019-07-22 15:23:41,10793,10793,10793,2
2019-07-22 15:23:49,10793,10793,10793,2
2019-07-22 15:24:01,10793,10793,10793,2
2019-07-22 15:24:15,10792,10792,10792,2
2019-07-22 15:24:29,10792,10792,10792,2
2019-07-22 15:24:33,10792,10792,10792,2
2019-07-22 15:24:34,10792,10792,10792,2
2019-07-22 15:24:37,10792,10792,10792,2
2019-07-22 15:25:02,10792,10792,10792,2
2019-07-22 15:25:03,10793,10793,10793,4
2019-07-22 15:25:36,10793,10793,10793,2
2019-07-22 15:25:48,10792,10792,10792,2
2019-07-22 15:25:48,10792,10792,10792,2
2019-07-22 15:25:49,10792,10792,10792,30
2019-07-22 15:25:49,10792,10792,10792,2
2019-07-22 15:26:02,10791,10791,10791,2
2019-07-22 15:26:02,10791,10791,10791,2
2019-07-22 15:26:02,10791,10791,10791,2
2019-07-22 15:26:02,10791,10791,10791,2
2019-07-22 15:26:02,10791,10791,10791,4
2019-07-22 15:26:02,10791,10791,10791,2
2019-07-22 15:26:02,10791,10791,10791,2
2019-07-22 15:26:02,10791,10791,10791,4
2019-07-22 15:26:05,10791,10791,10791,2
2019-07-22 15:26:06,10791,10791,10791,2
2019-07-22 15:26:10,10791,10791,10791,2
2019-07-22 15:26:16,10791,10791,10791,2
2019-07-22 15:26:19,10791,10791,10791,2
2019-07-22 15:26:21,10791,10791,10791,2
2019-07-22 15:26:38,10790,10790,10790,2
2019-07-22 15:26:38,10790,10790,10790,2
2019-07-22 15:26:38,10790,10790,10790,2
2019-07-22 15:26:38,10790,10790,10790,50
2019-07-22 15:26:38,10790,10790,10790,2
2019-07-22 15:26:38,10790,10790,10790,4
2019-07-22 15:26:38,10790,10790,10790,2
2019-07-22 15:26:38,10790,10790,10790,10
2019-07-22 15:26:38,10790,10790,10790,2
2019-07-22 15:26:38,10790,10790,10790,2
2019-07-22 15:26:38,10790,10790,10790,2
2019-07-22 15:26:38,10790,10790,10790,2
2019-07-22 15:26:38,10790,10790,10790,2
2019-07-22 15:26:44,10791,10791,10791,2
2019-07-22 15:26:44,10791,10791,10791,2
2019-07-22 15:26:45,10791,10791,10791,2
2019-07-22 15:26:45,10791,10791,10791,2
2019-07-22 15:26:46,10791,10791,10791,2
2019-07-22 15:26:47,10791,10791,10791,2
2019-07-22 15:26:47,10791,10791,10791,2
2019-07-22 15:26:48,10791,10791,10791,2
2019-07-22 15:26:49,10791,10791,10791,2
2019-07-22 15:26:49,10791,10791,10791,2
2019-07-22 15:26:49,10791,10791,10791,2
2019-07-22 15:26:50,10791,10791,10791,2
2019-07-22 15:26:53,10791,10791,10791,2
2019-07-22 15:26:53,10790,10790,10790,2
2019-07-22 15:26:54,10791,10791,10791,2
2019-07-22 15:27:04,10791,10791,10791,10
2019-07-22 15:27:19,10790,10790,10790,2
2019-07-22 15:27:25,10791,10791,10791,4
2019-07-22 15:27:27,10791,10791,10791,2
2019-07-22 15:27:39,10791,10791,10791,6
2019-07-22 15:27:54,10791,10791,10791,2
2019-07-22 15:27:57,10791,10791,10791,2
2019-07-22 15:27:58,10791,10791,10791,2
2019-07-22 15:27:59,10791,10791,10791,2
2019-07-22 15:28:00,10791,10791,10791,2
2019-07-22 15:28:00,10791,10791,10791,2
2019-07-22 15:28:00,10791,10791,10791,4
2019-07-22 15:28:00,10791,10791,10791,4
2019-07-22 15:28:00,10791,10791,10791,2
2019-07-22 15:28:01,10790,10790,10790,10
2019-07-22 15:28:01,10790,10790,10790,4
2019-07-22 15:28:01,10790,10790,10790,2
2019-07-22 15:28:01,10790,10790,10790,2
2019-07-22 15:28:01,10790,10790,10790,2
2019-07-22 15:28:02,10791,10791,10791,12
2019-07-22 15:28:03,10792,10792,10792,2
2019-07-22 15:28:26,10792,10792,10792,2
2019-07-22 15:28:33,10792,10792,10792,2
2019-07-22 15:28:38,10792,10792,10792,2
2019-07-22 15:29:01,10791,10791,10791,2
2019-07-22 15:29:06,10792,10792,10792,8
2019-07-22 15:29:30,10792,10792,10792,2
2019-07-22 15:29:36,10792,10792,10792,2
2019-07-22 15:29:40,10792,10792,10792,2
2019-07-22 15:30:02,10792,10792,10792,2
2019-07-22 15:30:02,10792,10792,10792,2
2019-07-22 15:30:03,10792,10792,10792,2
2019-07-22 15:30:04,10793,10793,10793,4
2019-07-22 15:30:25,10792,10792,10792,2
2019-07-22 15:30:25,10792,10792,10792,2
2019-07-22 15:30:25,10792,10792,10792,2
2019-07-22 15:30:25,10792,10792,10792,2
2019-07-22 15:30:25,10792,10792,10792,2
2019-07-22 15:30:25,10792,10792,10792,2
2019-07-22 15:30:25,10792,10792,10792,2
2019-07-22 15:30:32,10791,10791,10791,2
2019-07-22 15:30:56,10791,10791,10791,4
2019-07-22 15:30:56,10791,10791,10791,2
2019-07-22 15:30:56,10791,10791,10791,2
2019-07-22 15:30:56,10791,10791,10791,2
2019-07-22 15:30:56,10791,10791,10791,2
2019-07-22 15:30:56,10791,10791,10791,2
2019-07-22 15:30:56,10791,10791,10791,2
2019-07-22 15:30:56,10790,10790,10790,2
2019-07-22 15:30:56,10790,10790,10790,2
2019-07-22 15:30:56,10790,10790,10790,2
2019-07-22 15:30:56,10790,10790,10790,2
2019-07-22 15:30:56,10790,10790,10790,2
2019-07-22 15:30:56,10790,10790,10790,2
2019-07-22 15:30:56,10790,10790,10790,6
2019-07-22 15:30:56,10790,10790,10790,4
2019-07-22 15:30:56,10790,10790,10790,2
2019-07-22 15:30:58,10791,10791,10791,2
2019-07-22 15:31:00,10790,10790,10790,2
2019-07-22 15:31:00,10790,10790,10790,4
2019-07-22 15:31:00,10790,10790,10790,2
2019-07-22 15:31:00,10790,10790,10790,2
2019-07-22 15:31:00,10790,10790,10790,2
2019-07-22 15:31:00,10790,10790,10790,8
2019-07-22 15:31:01,10790,10790,10790,2
2019-07-22 15:31:01,10790,10790,10790,2
2019-07-22 15:31:03,10790,10790,10790,2
2019-07-22 15:31:03,10790,10790,10790,4
2019-07-22 15:31:03,10790,10790,10790,2
2019-07-22 15:31:03,10790,10790,10790,2
2019-07-22 15:31:03,10790,10790,10790,4
2019-07-22 15:31:03,10790,10790,10790,2
2019-07-22 15:31:03,10790,10790,10790,4
2019-07-22 15:31:09,10790,10790,10790,2
2019-07-22 15:31:09,10790,10790,10790,2
2019-07-22 15:31:09,10790,10790,10790,2
2019-07-22 15:31:12,10790,10790,10790,2
2019-07-22 15:31:22,10790,10790,10790,12
2019-07-22 15:31:29,10791,10791,10791,2
2019-07-22 15:31:42,10791,10791,10791,2
2019-07-22 15:31:44,10790,10790,10790,2
2019-07-22 15:31:44,10790,10790,10790,2
2019-07-22 15:32:02,10789,10789,10789,2
2019-07-22 15:32:02,10789,10789,10789,4
2019-07-22 15:32:09,10789,10789,10789,2
2019-07-22 15:32:09,10789,10789,10789,2
2019-07-22 15:32:09,10789,10789,10789,2
2019-07-22 15:32:20,10789,10789,10789,2
2019-07-22 15:32:20,10789,10789,10789,2
2019-07-22 15:32:20,10789,10789,10789,2
2019-07-22 15:32:20,10789,10789,10789,2
2019-07-22 15:32:20,10789,10789,10789,2
2019-07-22 15:32:20,10789,10789,10789,2
2019-07-22 15:32:20,10789,10789,10789,2
2019-07-22 15:32:20,10789,10789,10789,10
2019-07-22 15:32:23,10789,10789,10789,6
2019-07-22 15:32:33,10789,10789,10789,2
2019-07-22 15:32:33,10790,10790,10790,2
2019-07-22 15:32:48,10789,10789,10789,16
2019-07-22 15:32:48,10789,10789,10789,16
2019-07-22 15:33:03,10789,10789,10789,2
2019-07-22 15:33:14,10790,10790,10790,2
2019-07-22 15:33:25,10789,10789,10789,2
2019-07-22 15:33:37,10789,10789,10789,2
2019-07-22 15:34:03,10789,10789,10789,2
2019-07-22 15:34:22,10789,10789,10789,2
2019-07-22 15:34:22,10789,10789,10789,2
2019-07-22 15:34:22,10789,10789,10789,2
2019-07-22 15:34:26,10789,10789,10789,2
2019-07-22 15:34:50,10788,10788,10788,8
2019-07-22 15:34:56,10788,10788,10788,2
2019-07-22 15:34:56,10788,10788,10788,2
2019-07-22 15:34:56,10788,10788,10788,4
2019-07-22 15:34:56,10788,10788,10788,2
2019-07-22 15:34:56,10788,10788,10788,2
2019-07-22 15:35:02,10788,10788,10788,2
2019-07-22 15:35:14,10788,10788,10788,2
2019-07-22 15:35:14,10788,10788,10788,2
2019-07-22 15:35:14,10788,10788,10788,4
2019-07-22 15:35:21,10788,10788,10788,2
2019-07-22 15:36:17,10789,10789,10789,4
2019-07-22 15:36:28,10789,10789,10789,16
2019-07-22 15:36:28,10789,10789,10789,30
2019-07-22 15:36:28,10789,10789,10789,16
2019-07-22 15:36:28,10789,10789,10789,4
2019-07-22 15:36:28,10789,10789,10789,6
2019-07-22 15:36:28,10789,10789,10789,4
2019-07-22 15:36:39,10789,10789,10789,4
2019-07-22 15:36:39,10789,10789,10789,4
2019-07-22 15:36:39,10789,10789,10789,12
2019-07-22 15:36:39,10789,10789,10789,16
2019-07-22 15:36:39,10789,10789,10789,2
2019-07-22 15:36:39,10789,10789,10789,4
2019-07-22 15:36:39,10789,10789,10789,8
2019-07-22 15:36:39,10789,10789,10789,2
2019-07-22 15:36:39,10789,10789,10789,2
2019-07-22 15:36:39,10789,10789,10789,6
2019-07-22 15:36:42,10789,10789,10789,2
2019-07-22 15:36:54,10789,10789,10789,2
2019-07-22 15:36:59,10789,10789,10789,2
2019-07-22 15:37:05,10788,10788,10788,4
2019-07-22 15:37:05,10790,10790,10790,2
2019-07-22 15:37:10,10790,10790,10790,2
2019-07-22 15:37:12,10789,10789,10789,2
2019-07-22 15:37:12,10789,10789,10789,2
2019-07-22 15:37:28,10789,10789,10789,2
2019-07-22 15:37:51,10789,10789,10789,2
2019-07-22 15:38:03,10788,10788,10788,2
2019-07-22 15:38:03,10788,10788,10788,2
2019-07-22 15:38:03,10788,10788,10788,2
2019-07-22 15:38:03,10788,10788,10788,2
2019-07-22 15:38:03,10788,10788,10788,2
2019-07-22 15:38:03,10788,10788,10788,2
2019-07-22 15:38:03,10788,10788,10788,4
2019-07-22 15:38:10,10788,10788,10788,2
2019-07-22 15:38:24,10789,10789,10789,4
2019-07-22 15:38:43,10789,10789,10789,4
2019-07-22 15:38:49,10789,10789,10789,2
2019-07-22 15:38:49,10789,10789,10789,2
2019-07-22 15:38:49,10789,10789,10789,2
2019-07-22 15:38:49,10789,10789,10789,10
2019-07-22 15:39:03,10788,10788,10788,4
2019-07-22 15:39:11,10788,10788,10788,2
2019-07-22 15:39:24,10789,10789,10789,2
2019-07-22 15:39:29,10789,10789,10789,2
2019-07-22 15:39:59,10789,10789,10789,2
2019-07-22 15:40:04,10789,10789,10789,8
2019-07-22 15:40:04,10789,10789,10789,4
2019-07-22 15:40:17,10789,10789,10789,2
2019-07-22 15:40:17,10790,10790,10790,4
2019-07-22 15:40:40,10790,10790,10790,4
2019-07-22 15:40:40,10790,10790,10790,2
2019-07-22 15:40:41,10790,10790,10790,8
2019-07-22 15:40:41,10790,10790,10790,4
2019-07-22 15:40:41,10790,10790,10790,2
2019-07-22 15:40:41,10790,10790,10790,8
2019-07-22 15:40:41,10790,10790,10790,2
2019-07-22 15:40:41,10790,10790,10790,16
2019-07-22 15:41:55,10791,10791,10791,2
2019-07-22 15:41:55,10791,10791,10791,2
2019-07-22 15:42:09,10791,10791,10791,8
2019-07-22 15:42:10,10791,10791,10791,2
2019-07-22 15:42:13,10791,10791,10791,2
2019-07-22 15:42:18,10791,10791,10791,10
2019-07-22 15:42:22,10791,10791,10791,2
2019-07-22 15:42:40,10791,10791,10791,2
2019-07-22 15:42:45,10791,10791,10791,2
2019-07-22 15:42:48,10791,10791,10791,6
2019-07-22 15:42:58,10790,10790,10790,2
2019-07-22 15:43:08,10790,10790,10790,8
2019-07-22 15:43:08,10790,10790,10790,2
2019-07-22 15:43:08,10790,10790,10790,2
2019-07-22 15:43:08,10790,10790,10790,20
2019-07-22 15:43:08,10790,10790,10790,2
2019-07-22 15:43:08,10790,10790,10790,6
2019-07-22 15:43:08,10790,10790,10790,2
2019-07-22 15:43:08,10790,10790,10790,2
2019-07-22 15:43:08,10790,10790,10790,2
2019-07-22 15:43:16,10789,10789,10789,2
2019-07-22 15:43:16,10789,10789,10789,2
2019-07-22 15:43:16,10789,10789,10789,2
2019-07-22 15:43:16,10789,10789,10789,2
2019-07-22 15:43:16,10789,10789,10789,2
2019-07-22 15:43:16,10789,10789,10789,2
2019-07-22 15:43:16,10789,10789,10789,2
2019-07-22 15:43:22,10789,10789,10789,2
2019-07-22 15:43:27,10789,10789,10789,2
2019-07-22 15:43:28,10788,10788,10788,2
2019-07-22 15:43:39,10789,10789,10789,2
2019-07-22 15:43:47,10789,10789,10789,2
2019-07-22 15:43:49,10789,10789,10789,2
2019-07-22 15:43:49,10789,10789,10789,2
2019-07-22 15:44:36,10789,10789,10789,2
2019-07-22 15:44:42,10789,10789,10789,2
2019-07-22 15:45:03,10789,10789,10789,2
2019-07-22 15:45:03,10789,10789,10789,2
2019-07-22 15:45:03,10789,10789,10789,2
2019-07-22 15:45:04,10788,10788,10788,2
2019-07-22 15:45:07,10789,10789,10789,4
2019-07-22 15:45:17,10789,10789,10789,2
2019-07-22 15:45:18,10789,10789,10789,2
2019-07-22 15:45:35,10788,10788,10788,2
2019-07-22 15:45:52,10789,10789,10789,6
2019-07-22 15:45:52,10789,10789,10789,4
2019-07-22 15:45:58,10789,10789,10789,2
2019-07-22 15:45:59,10789,10789,10789,2
2019-07-22 15:46:26,10789,10789,10789,2
2019-07-22 15:46:27,10789,10789,10789,2
2019-07-22 15:46:27,10789,10789,10789,4
2019-07-22 15:46:27,10789,10789,10789,2
2019-07-22 15:46:29,10789,10789,10789,2
2019-07-22 15:46:35,10789,10789,10789,2
2019-07-22 15:46:46,10789,10789,10789,2
2019-07-22 15:46:46,10789,10789,10789,2
2019-07-22 15:46:48,10789,10789,10789,2
2019-07-22 15:46:55,10789,10789,10789,2
2019-07-22 15:47:18,10790,10790,10790,10
2019-07-22 15:47:19,10789,10789,10789,6
2019-07-22 15:47:41,10790,10790,10790,6
2019-07-22 15:47:50,10790,10790,10790,2
2019-07-22 15:47:52,10790,10790,10790,2
2019-07-22 15:47:52,10790,10790,10790,2
2019-07-22 15:48:03,10790,10790,10790,2
2019-07-22 15:48:04,10790,10790,10790,2
2019-07-22 15:48:18,10791,10791,10791,4
2019-07-22 15:49:29,10790,10790,10790,2
2019-07-22 15:49:33,10791,10791,10791,2
2019-07-22 15:49:51,10790,10790,10790,2
2019-07-22 15:49:51,10790,10790,10790,2
2019-07-22 15:49:51,10790,10790,10790,2
2019-07-22 15:49:51,10790,10790,10790,2
2019-07-22 15:49:51,10790,10790,10790,2
2019-07-22 15:50:18,10790,10790,10790,2
2019-07-22 15:50:19,10789,10789,10789,2
2019-07-22 15:50:30,10790,10790,10790,2
2019-07-22 15:50:35,10790,10790,10790,2
2019-07-22 15:50:36,10789,10789,10789,2
2019-07-22 15:51:03,10789,10789,10789,2
2019-07-22 15:51:07,10790,10790,10790,2
2019-07-22 15:51:39,10790,10790,10790,2
2019-07-22 15:51:57,10789,10789,10789,2
2019-07-22 15:52:04,10789,10789,10789,2
2019-07-22 15:52:04,10789,10789,10789,2
2019-07-22 15:52:04,10789,10789,10789,2
2019-07-22 15:52:04,10789,10789,10789,2
2019-07-22 15:52:34,10790,10790,10790,2
2019-07-22 15:52:40,10790,10790,10790,2
2019-07-22 15:52:45,10790,10790,10790,6
2019-07-22 15:52:53,10791,10791,10791,2
2019-07-22 15:53:31,10791,10791,10791,2
2019-07-22 15:53:45,10790,10790,10790,10
2019-07-22 15:54:51,10790,10790,10790,2
2019-07-22 15:55:08,10790,10790,10790,2
2019-07-22 15:55:10,10790,10790,10790,2
2019-07-22 15:55:10,10790,10790,10790,4
2019-07-22 15:55:10,10790,10790,10790,2
2019-07-22 15:55:10,10790,10790,10790,2
2019-07-22 15:55:20,10790,10790,10790,4
2019-07-22 15:55:31,10790,10790,10790,4
2019-07-22 15:55:38,10790,10790,10790,4
2019-07-22 15:56:22,10790,10790,10790,2
2019-07-22 15:56:23,10790,10790,10790,2
2019-07-22 15:56:37,10790,10790,10790,2
2019-07-22 15:56:37,10790,10790,10790,2
2019-07-22 15:56:37,10790,10790,10790,2
2019-07-22 15:56:37,10790,10790,10790,2
2019-07-22 15:56:54,10790,10790,10790,2
2019-07-22 15:57:32,10790,10790,10790,4
2019-07-22 15:57:32,10790,10790,10790,2
2019-07-22 15:58:11,10790,10790,10790,2
2019-07-22 15:58:17,10790,10790,10790,2
2019-07-22 15:59:18,10790,10790,10790,2
2019-07-22 15:59:18,10790,10790,10790,2
2019-07-22 15:59:18,10790,10790,10790,2
2019-07-22 15:59:18,10790,10790,10790,2
2019-07-22 15:59:23,10790,10790,10790,2
2019-07-22 15:59:29,10790,10790,10790,2
2019-07-22 15:59:31,10790,10790,10790,2
2019-07-22 15:59:45,10790,10790,10790,2
2019-07-22 15:59:48,10790,10790,10790,4
2019-07-22 15:59:48,10790,10790,10790,2
2019-07-22 15:59:48,10790,10790,10790,4
2019-07-22 16:00:05,10791,10791,10791,2
2019-07-22 16:00:06,10791,10791,10791,2
2019-07-22 16:00:06,10791,10791,10791,2
2019-07-22 16:00:21,10791,10791,10791,4
2019-07-22 16:00:21,10791,10791,10791,10
2019-07-22 16:00:21,10791,10791,10791,20
2019-07-22 16:00:22,10792,10792,10792,2
2019-07-22 16:00:51,10792,10792,10792,2
2019-07-22 16:01:54,10791,10791,10791,2
2019-07-22 16:01:59,10791,10791,10791,2
2019-07-22 16:03:11,10792,10792,10792,4
2019-07-22 16:03:11,10792,10792,10792,2
2019-07-22 16:03:13,10791,10791,10791,2
2019-07-22 16:03:16,10792,10792,10792,2
2019-07-22 16:03:19,10792,10792,10792,2
2019-07-22 16:03:19,10792,10792,10792,2
2019-07-22 16:03:19,10792,10792,10792,2
2019-07-22 16:03:19,10792,10792,10792,2
2019-07-22 16:03:20,10792,10792,10792,16
2019-07-22 16:03:20,10792,10792,10792,4
2019-07-22 16:03:20,10792,10792,10792,4
2019-07-22 16:03:20,10792,10792,10792,6
2019-07-22 16:03:20,10792,10792,10792,20
2019-07-22 16:04:10,10793,10793,10793,4
2019-07-22 16:04:41,10793,10793,10793,4
2019-07-22 16:05:11,10793,10793,10793,2
2019-07-22 16:05:22,10792,10792,10792,2
2019-07-22 16:05:37,10793,10793,10793,4
2019-07-22 16:05:41,10793,10793,10793,2
2019-07-22 16:05:47,10793,10793,10793,2
2019-07-22 16:05:47,10793,10793,10793,2
2019-07-22 16:05:47,10793,10793,10793,2
2019-07-22 16:05:47,10793,10793,10793,2
2019-07-22 16:05:50,10792,10792,10792,2
2019-07-22 16:05:51,10793,10793,10793,4
2019-07-22 16:05:52,10793,10793,10793,2
2019-07-22 16:05:53,10793,10793,10793,4
2019-07-22 16:05:53,10793,10793,10793,4
2019-07-22 16:05:53,10793,10793,10793,8
2019-07-22 16:05:55,10793,10793,10793,4
2019-07-22 16:05:57,10794,10794,10794,2
2019-07-22 16:05:57,10794,10794,10794,2
2019-07-22 16:05:57,10794,10794,10794,2
2019-07-22 16:06:03,10793,10793,10793,2
2019-07-22 16:06:28,10794,10794,10794,2
2019-07-22 16:06:30,10794,10794,10794,2
2019-07-22 16:06:37,10794,10794,10794,2
2019-07-22 16:06:55,10794,10794,10794,2
2019-07-22 16:06:57,10794,10794,10794,4
2019-07-22 16:07:04,10793,10793,10793,2
2019-07-22 16:07:13,10793,10793,10793,2
2019-07-22 16:07:13,10793,10793,10793,2
2019-07-22 16:07:13,10793,10793,10793,2
2019-07-22 16:07:13,10793,10793,10793,4
2019-07-22 16:07:13,10793,10793,10793,4
2019-07-22 16:07:24,10793,10793,10793,2
2019-07-22 16:07:46,10792,10792,10792,2
2019-07-22 16:08:04,10793,10793,10793,2
2019-07-22 16:08:05,10793,10793,10793,2
2019-07-22 16:08:11,10793,10793,10793,14
2019-07-22 16:08:48,10793,10793,10793,2
2019-07-22 16:09:06,10794,10794,10794,2
2019-07-22 16:09:06,10794,10794,10794,2
2019-07-22 16:09:06,10794,10794,10794,2
2019-07-22 16:09:06,10794,10794,10794,2
2019-07-22 16:09:06,10794,10794,10794,4
2019-07-22 16:09:06,10794,10794,10794,2
2019-07-22 16:09:06,10794,10794,10794,8
2019-07-22 16:09:06,10794,10794,10794,2
2019-07-22 16:09:07,10794,10794,10794,4
2019-07-22 16:09:08,10794,10794,10794,4
2019-07-22 16:09:09,10794,10794,10794,10
2019-07-22 16:09:09,10794,10794,10794,4
2019-07-22 16:09:09,10794,10794,10794,4
2019-07-22 16:09:09,10794,10794,10794,2
2019-07-22 16:09:09,10794,10794,10794,2
2019-07-22 16:09:09,10794,10794,10794,4
2019-07-22 16:09:09,10794,10794,10794,4
2019-07-22 16:09:09,10794,10794,10794,4
2019-07-22 16:09:09,10794,10794,10794,4
2019-07-22 16:09:09,10794,10794,10794,8
2019-07-22 16:09:09,10794,10794,10794,4
2019-07-22 16:09:09,10794,10794,10794,4
2019-07-22 16:09:09,10795,10795,10795,4
2019-07-22 16:09:09,10795,10795,10795,10
2019-07-22 16:09:09,10795,10795,10795,2
2019-07-22 16:09:09,10795,10795,10795,2
2019-07-22 16:09:09,10795,10795,10795,2
2019-07-22 16:09:10,10795,10795,10795,2
2019-07-22 16:09:10,10795,10795,10795,2
2019-07-22 16:09:10,10795,10795,10795,2
2019-07-22 16:09:10,10795,10795,10795,2
2019-07-22 16:09:10,10795,10795,10795,2
2019-07-22 16:09:10,10795,10795,10795,2
2019-07-22 16:09:10,10795,10795,10795,2
2019-07-22 16:09:16,10795,10795,10795,2
2019-07-22 16:09:26,10794,10794,10794,2
2019-07-22 16:09:32,10794,10794,10794,2
2019-07-22 16:09:34,10794,10794,10794,2
2019-07-22 16:09:34,10794,10794,10794,6
2019-07-22 16:09:34,10794,10794,10794,8
2019-07-22 16:09:34,10794,10794,10794,10
2019-07-22 16:09:43,10794,10794,10794,2
2019-07-22 16:09:50,10794,10794,10794,2
2019-07-22 16:09:54,10793,10793,10793,2
2019-07-22 16:09:59,10794,10794,10794,4
2019-07-22 16:09:59,10794,10794,10794,2
2019-07-22 16:10:24,10794,10794,10794,2
2019-07-22 16:10:53,10794,10794,10794,6
2019-07-22 16:11:26,10794,10794,10794,2
2019-07-22 16:11:28,10794,10794,10794,2
2019-07-22 16:12:21,10794,10794,10794,6
2019-07-22 16:12:25,10795,10795,10795,2
2019-07-22 16:12:26,10794,10794,10794,2
2019-07-22 16:12:43,10794,10794,10794,2
2019-07-22 16:13:05,10794,10794,10794,2
2019-07-22 16:13:11,10794,10794,10794,2
2019-07-22 16:13:14,10794,10794,10794,6
2019-07-22 16:13:37,10794,10794,10794,2
2019-07-22 16:13:37,10794,10794,10794,2
2019-07-22 16:13:44,10794,10794,10794,2
2019-07-22 16:13:57,10794,10794,10794,2
2019-07-22 16:14:21,10795,10795,10795,10
2019-07-22 16:14:38,10795,10795,10795,2
2019-07-22 16:14:58,10795,10795,10795,2
2019-07-22 16:14:58,10795,10795,10795,4
2019-07-22 16:15:00,10795,10795,10795,2
2019-07-22 16:15:00,10795,10795,10795,4
2019-07-22 16:15:07,10794,10794,10794,2
2019-07-22 16:15:07,10794,10794,10794,2
2019-07-22 16:15:07,10794,10794,10794,2
2019-07-22 16:15:07,10794,10794,10794,2
2019-07-22 16:15:07,10794,10794,10794,2
2019-07-22 16:15:07,10794,10794,10794,2
2019-07-22 16:15:07,10794,10794,10794,2
2019-07-22 16:15:07,10794,10794,10794,2
2019-07-22 16:15:07,10794,10794,10794,2
2019-07-22 16:15:07,10794,10794,10794,2
2019-07-22 16:15:07,10794,10794,10794,2
2019-07-22 16:15:10,10795,10795,10795,2
2019-07-22 16:15:31,10794,10794,10794,2
2019-07-22 16:16:10,10794,10794,10794,2
2019-07-22 16:16:10,10794,10794,10794,2
2019-07-22 16:16:55,10794,10794,10794,2
2019-07-22 16:16:55,10794,10794,10794,4
2019-07-22 16:17:57,10795,10795,10795,2
2019-07-22 16:18:18,10794,10794,10794,2
2019-07-22 16:18:20,10795,10795,10795,8
2019-07-22 16:18:25,10795,10795,10795,10
2019-07-22 16:18:26,10795,10795,10795,10
2019-07-22 16:18:26,10795,10795,10795,12
2019-07-22 16:18:26,10795,10795,10795,4
2019-07-22 16:18:28,10795,10795,10795,2
2019-07-22 16:18:39,10795,10795,10795,6
2019-07-22 16:18:52,10795,10795,10795,2
2019-07-22 16:19:00,10795,10795,10795,2
2019-07-22 16:19:24,10796,10796,10796,2
2019-07-22 16:19:24,10796,10796,10796,2
2019-07-22 16:19:35,10796,10796,10796,2
2019-07-22 16:19:36,10796,10796,10796,2
2019-07-22 16:19:42,10796,10796,10796,2
2019-07-22 16:19:42,10796,10796,10796,24
2019-07-22 16:19:42,10796,10796,10796,8
2019-07-22 16:19:42,10796,10796,10796,2
2019-07-22 16:19:42,10796,10796,10796,8
2019-07-22 16:19:42,10796,10796,10796,20
2019-07-22 16:19:42,10796,10796,10796,2
2019-07-22 16:19:42,10796,10796,10796,8
2019-07-22 16:19:42,10796,10796,10796,8
2019-07-22 16:19:42,10796,10796,10796,2
2019-07-22 16:19:42,10797,10797,10797,10
2019-07-22 16:19:42,10797,10797,10797,2
2019-07-22 16:19:42,10797,10797,10797,4
2019-07-22 16:19:42,10797,10797,10797,4
2019-07-22 16:19:47,10797,10797,10797,2
2019-07-22 16:19:54,10797,10797,10797,6
2019-07-22 16:19:57,10797,10797,10797,2
2019-07-22 16:19:57,10797,10797,10797,30
2019-07-22 16:20:03,10798,10798,10798,2
2019-07-22 16:20:03,10798,10798,10798,2
2019-07-22 16:20:03,10798,10798,10798,2
2019-07-22 16:20:03,10798,10798,10798,4
2019-07-22 16:20:04,10798,10798,10798,2
2019-07-22 16:20:04,10797,10797,10797,2
2019-07-22 16:20:04,10797,10797,10797,2
2019-07-22 16:20:04,10798,10798,10798,2
2019-07-22 16:20:04,10798,10798,10798,2
2019-07-22 16:20:04,10798,10798,10798,6
2019-07-22 16:20:04,10798,10798,10798,2
2019-07-22 16:20:04,10798,10798,10798,2
2019-07-22 16:20:04,10798,10798,10798,2
2019-07-22 16:20:04,10798,10798,10798,4
2019-07-22 16:20:04,10798,10798,10798,2
2019-07-22 16:20:04,10798,10798,10798,6
2019-07-22 16:20:04,10798,10798,10798,2
2019-07-22 16:20:04,10798,10798,10798,2
2019-07-22 16:20:04,10798,10798,10798,4
2019-07-22 16:20:04,10798,10798,10798,2
2019-07-22 16:20:04,10798,10798,10798,4
2019-07-22 16:20:04,10798,10798,10798,4
2019-07-22 16:20:04,10798,10798,10798,4
2019-07-22 16:20:05,10798,10798,10798,2
2019-07-22 16:20:05,10799,10799,10799,2
2019-07-22 16:20:05,10798,10798,10798,2
2019-07-22 16:20:05,10799,10799,10799,10
2019-07-22 16:20:05,10799,10799,10799,2
2019-07-22 16:20:05,10799,10799,10799,2
2019-07-22 16:20:05,10799,10799,10799,2
2019-07-22 16:20:05,10797,10797,10797,2
2019-07-22 16:20:05,10797,10797,10797,2
2019-07-22 16:20:05,10799,10799,10799,2
2019-07-22 16:20:05,10799,10799,10799,2
2019-07-22 16:20:05,10799,10799,10799,2
2019-07-22 16:20:05,10799,10799,10799,2
2019-07-22 16:20:05,10799,10799,10799,2
2019-07-22 16:20:05,10799,10799,10799,4
2019-07-22 16:20:05,10799,10799,10799,2
2019-07-22 16:20:05,10799,10799,10799,2
2019-07-22 16:20:05,10799,10799,10799,2
2019-07-22 16:20:05,10799,10799,10799,2
2019-07-22 16:20:05,10799,10799,10799,2
2019-07-22 16:20:05,10799,10799,10799,2
2019-07-22 16:20:06,10799,10799,10799,6
2019-07-22 16:20:06,10799,10799,10799,4
2019-07-22 16:20:06,10799,10799,10799,4
2019-07-22 16:20:06,10799,10799,10799,4
2019-07-22 16:20:06,10799,10799,10799,2
2019-07-22 16:20:06,10799,10799,10799,2
2019-07-22 16:20:06,10799,10799,10799,2
2019-07-22 16:20:06,10799,10799,10799,2
2019-07-22 16:20:06,10799,10799,10799,2
2019-07-22 16:20:08,10799,10799,10799,2
2019-07-22 16:20:21,10799,10799,10799,4
2019-07-22 16:20:21,10798,10798,10798,2
2019-07-22 16:20:27,10798,10798,10798,2
2019-07-22 16:20:47,10798,10798,10798,2
2019-07-22 16:20:54,10798,10798,10798,2
2019-07-22 16:20:54,10798,10798,10798,2
2019-07-22 16:20:56,10798,10798,10798,2
2019-07-22 16:20:57,10798,10798,10798,2
2019-07-22 16:20:58,10798,10798,10798,2
2019-07-22 16:21:03,10798,10798,10798,2
2019-07-22 16:21:15,10799,10799,10799,6
2019-07-22 16:21:15,10799,10799,10799,26
2019-07-22 16:21:15,10799,10799,10799,22
2019-07-22 16:21:15,10799,10799,10799,2
2019-07-22 16:21:19,10798,10798,10798,2
2019-07-22 16:21:20,10799,10799,10799,2
2019-07-22 16:21:20,10799,10799,10799,2
2019-07-22 16:21:20,10799,10799,10799,2
2019-07-22 16:21:20,10798,10798,10798,2
2019-07-22 16:21:23,10799,10799,10799,2
2019-07-22 16:21:26,10799,10799,10799,2
2019-07-22 16:21:31,10799,10799,10799,2
2019-07-22 16:21:36,10799,10799,10799,12
2019-07-22 16:21:38,10799,10799,10799,4
2019-07-22 16:21:38,10799,10799,10799,4
2019-07-22 16:21:41,10799,10799,10799,2
2019-07-22 16:21:42,10799,10799,10799,2
2019-07-22 16:21:43,10800,10800,10800,60
2019-07-22 16:21:44,10799,10799,10799,2
2019-07-22 16:21:44,10800,10800,10800,2
2019-07-22 16:21:44,10800,10800,10800,6
2019-07-22 16:21:44,10800,10800,10800,2
2019-07-22 16:21:44,10800,10800,10800,4
2019-07-22 16:21:44,10800,10800,10800,2
2019-07-22 16:21:45,10800,10800,10800,4
2019-07-22 16:21:48,10799,10799,10799,10
2019-07-22 16:21:48,10799,10799,10799,2
2019-07-22 16:21:48,10799,10799,10799,2
2019-07-22 16:21:50,10800,10800,10800,2
2019-07-22 16:21:51,10800,10800,10800,18
2019-07-22 16:21:51,10800,10800,10800,2
2019-07-22 16:21:51,10799,10799,10799,2
2019-07-22 16:21:53,10800,10800,10800,2
2019-07-22 16:21:54,10800,10800,10800,10
2019-07-22 16:21:55,10800,10800,10800,4
2019-07-22 16:21:56,10800,10800,10800,2
2019-07-22 16:22:03,10800,10800,10800,2
2019-07-22 16:22:04,10800,10800,10800,2
2019-07-22 16:22:04,10800,10800,10800,4
2019-07-22 16:22:04,10800,10800,10800,2
2019-07-22 16:22:05,10800,10800,10800,2
2019-07-22 16:22:07,10800,10800,10800,20
2019-07-22 16:22:07,10800,10800,10800,4
2019-07-22 16:22:09,10801,10801,10801,2
2019-07-22 16:22:09,10801,10801,10801,4
2019-07-22 16:22:09,10801,10801,10801,4
2019-07-22 16:22:09,10801,10801,10801,2
2019-07-22 16:22:09,10801,10801,10801,2
2019-07-22 16:22:09,10801,10801,10801,2
2019-07-22 16:22:10,10801,10801,10801,2
2019-07-22 16:22:10,10801,10801,10801,4
2019-07-22 16:22:10,10801,10801,10801,4
2019-07-22 16:22:10,10801,10801,10801,2
2019-07-22 16:22:12,10800,10800,10800,2
2019-07-22 16:22:17,10801,10801,10801,2
2019-07-22 16:22:18,10800,10800,10800,2
2019-07-22 16:22:19,10801,10801,10801,10
2019-07-22 16:22:19,10800,10800,10800,2
2019-07-22 16:22:19,10801,10801,10801,2
2019-07-22 16:22:23,10801,10801,10801,4
2019-07-22 16:22:23,10801,10801,10801,4
2019-07-22 16:22:23,10801,10801,10801,2
2019-07-22 16:22:23,10801,10801,10801,4
2019-07-22 16:22:23,10801,10801,10801,2
2019-07-22 16:22:23,10801,10801,10801,2
2019-07-22 16:22:23,10801,10801,10801,2
2019-07-22 16:22:23,10801,10801,10801,2
2019-07-22 16:22:23,10801,10801,10801,2
2019-07-22 16:22:25,10801,10801,10801,10
2019-07-22 16:22:25,10801,10801,10801,2
2019-07-22 16:22:25,10801,10801,10801,2
2019-07-22 16:22:25,10801,10801,10801,10
2019-07-22 16:22:26,10801,10801,10801,2
2019-07-22 16:22:28,10801,10801,10801,2
2019-07-22 16:22:31,10801,10801,10801,2
2019-07-22 16:22:31,10801,10801,10801,2
2019-07-22 16:22:31,10801,10801,10801,2
2019-07-22 16:22:32,10801,10801,10801,2
2019-07-22 16:22:32,10801,10801,10801,2
2019-07-22 16:22:32,10801,10801,10801,14
2019-07-22 16:22:32,10801,10801,10801,4
2019-07-22 16:22:33,10801,10801,10801,2
2019-07-22 16:22:33,10801,10801,10801,2
2019-07-22 16:22:34,10801,10801,10801,2
2019-07-22 16:22:36,10801,10801,10801,2
2019-07-22 16:22:42,10801,10801,10801,2
2019-07-22 16:22:43,10802,10802,10802,46
2019-07-22 16:22:43,10803,10803,10803,8
2019-07-22 16:22:43,10803,10803,10803,6
2019-07-22 16:22:43,10803,10803,10803,6
2019-07-22 16:22:43,10803,10803,10803,2
2019-07-22 16:22:43,10803,10803,10803,2
2019-07-22 16:22:43,10803,10803,10803,8
2019-07-22 16:22:43,10803,10803,10803,2
2019-07-22 16:22:43,10803,10803,10803,2
2019-07-22 16:22:43,10803,10803,10803,2
2019-07-22 16:22:43,10802,10802,10802,2
2019-07-22 16:22:43,10802,10802,10802,2
2019-07-22 16:22:43,10803,10803,10803,24
2019-07-22 16:22:43,10803,10803,10803,4
2019-07-22 16:22:43,10803,10803,10803,2
2019-07-22 16:22:44,10803,10803,10803,2
2019-07-22 16:22:44,10803,10803,10803,2
2019-07-22 16:22:45,10803,10803,10803,2
2019-07-22 16:22:45,10803,10803,10803,2
2019-07-22 16:22:46,10802,10802,10802,2
2019-07-22 16:22:46,10803,10803,10803,4
2019-07-22 16:22:47,10802,10802,10802,2
2019-07-22 16:22:47,10802,10802,10802,2
2019-07-22 16:22:51,10802,10802,10802,2
2019-07-22 16:22:54,10802,10802,10802,2
2019-07-22 16:22:56,10802,10802,10802,2
2019-07-22 16:22:56,10802,10802,10802,2
2019-07-22 16:22:57,10802,10802,10802,2
2019-07-22 16:22:57,10802,10802,10802,2
2019-07-22 16:22:58,10802,10802,10802,2
2019-07-22 16:23:03,10802,10802,10802,2
2019-07-22 16:23:06,10801,10801,10801,2
2019-07-22 16:23:07,10802,10802,10802,2
2019-07-22 16:23:07,10801,10801,10801,2
2019-07-22 16:23:08,10802,10802,10802,2
2019-07-22 16:23:13,10802,10802,10802,2
2019-07-22 16:23:15,10801,10801,10801,2
2019-07-22 16:23:19,10802,10802,10802,2
2019-07-22 16:23:26,10802,10802,10802,2
2019-07-22 16:23:28,10802,10802,10802,2
2019-07-22 16:23:29,10802,10802,10802,2
2019-07-22 16:23:33,10802,10802,10802,2
2019-07-22 16:23:35,10802,10802,10802,2
2019-07-22 16:23:35,10801,10801,10801,2
2019-07-22 16:23:48,10802,10802,10802,2
2019-07-22 16:23:51,10801,10801,10801,2
2019-07-22 16:24:00,10802,10802,10802,2
2019-07-22 16:24:04,10801,10801,10801,2
2019-07-22 16:24:07,10802,10802,10802,20
2019-07-22 16:24:07,10802,10802,10802,8
2019-07-22 16:24:07,10802,10802,10802,2
2019-07-22 16:24:07,10802,10802,10802,12
2019-07-22 16:24:09,10803,10803,10803,2
2019-07-22 16:24:12,10802,10802,10802,2
2019-07-22 16:24:16,10803,10803,10803,12
2019-07-22 16:24:16,10802,10802,10802,2
2019-07-22 16:24:16,10803,10803,10803,2
2019-07-22 16:24:17,10803,10803,10803,2
2019-07-22 16:24:17,10803,10803,10803,2
2019-07-22 16:24:18,10803,10803,10803,2
2019-07-22 16:24:18,10803,10803,10803,2
2019-07-22 16:24:19,10803,10803,10803,2
2019-07-22 16:24:19,10803,10803,10803,2
2019-07-22 16:24:20,10804,10804,10804,2
2019-07-22 16:24:20,10804,10804,10804,2
2019-07-22 16:24:20,10804,10804,10804,2
2019-07-22 16:24:21,10804,10804,10804,2
2019-07-22 16:24:21,10804,10804,10804,2
2019-07-22 16:24:25,10804,10804,10804,2
2019-07-22 16:24:26,10804,10804,10804,2
2019-07-22 16:24:29,10804,10804,10804,2
2019-07-22 16:24:31,10804,10804,10804,4
2019-07-22 16:24:32,10804,10804,10804,2
2019-07-22 16:24:34,10804,10804,10804,20
2019-07-22 16:24:35,10804,10804,10804,2
2019-07-22 16:24:39,10804,10804,10804,2
2019-07-22 16:24:39,10804,10804,10804,2
2019-07-22 16:24:44,10804,10804,10804,2
2019-07-22 16:24:44,10803,10803,10803,2
2019-07-22 16:24:45,10804,10804,10804,2
2019-07-22 16:24:48,10804,10804,10804,2
2019-07-22 16:24:49,10804,10804,10804,2
2019-07-22 16:24:51,10804,10804,10804,2
2019-07-22 16:24:52,10804,10804,10804,4
2019-07-22 16:24:52,10804,10804,10804,2
2019-07-22 16:24:53,10803,10803,10803,2
2019-07-22 16:25:04,10803,10803,10803,2
2019-07-22 16:25:05,10803,10803,10803,2
2019-07-22 16:25:06,10803,10803,10803,2
2019-07-22 16:25:07,10804,10804,10804,2
2019-07-22 16:25:22,10804,10804,10804,8
2019-07-22 16:25:23,10804,10804,10804,46
2019-07-22 16:25:24,10804,10804,10804,2
2019-07-22 16:25:26,10804,10804,10804,6
2019-07-22 16:25:27,10804,10804,10804,2
2019-07-22 16:25:29,10804,10804,10804,2
2019-07-22 16:25:30,10804,10804,10804,4
2019-07-22 16:25:31,10804,10804,10804,2
2019-07-22 16:25:33,10804,10804,10804,2
2019-07-22 16:25:35,10804,10804,10804,2
2019-07-22 16:25:35,10803,10803,10803,2
2019-07-22 16:25:37,10804,10804,10804,2
2019-07-22 16:25:37,10804,10804,10804,2
2019-07-22 16:25:41,10804,10804,10804,8
2019-07-22 16:25:44,10803,10803,10803,12
2019-07-22 16:25:44,10803,10803,10803,8
2019-07-22 16:25:44,10803,10803,10803,2
2019-07-22 16:25:44,10803,10803,10803,2
2019-07-22 16:25:44,10803,10803,10803,2
2019-07-22 16:25:44,10803,10803,10803,2
2019-07-22 16:25:44,10803,10803,10803,2
2019-07-22 16:25:44,10803,10803,10803,2
2019-07-22 16:25:44,10803,10803,10803,6
2019-07-22 16:25:44,10803,10803,10803,2
2019-07-22 16:25:44,10803,10803,10803,2
2019-07-22 16:25:44,10803,10803,10803,2
2019-07-22 16:25:44,10803,10803,10803,2
2019-07-22 16:25:44,10803,10803,10803,4
2019-07-22 16:25:44,10803,10803,10803,2
2019-07-22 16:25:44,10803,10803,10803,26
2019-07-22 16:25:44,10803,10803,10803,34
2019-07-22 16:25:44,10803,10803,10803,2
2019-07-22 16:25:44,10803,10803,10803,2
2019-07-22 16:25:44,10803,10803,10803,6
2019-07-22 16:25:44,10803,10803,10803,4
2019-07-22 16:25:44,10803,10803,10803,4
2019-07-22 16:25:44,10803,10803,10803,2
2019-07-22 16:25:44,10803,10803,10803,4
2019-07-22 16:25:45,10803,10803,10803,2
2019-07-22 16:25:45,10802,10802,10802,2
2019-07-22 16:25:50,10802,10802,10802,2
2019-07-22 16:25:52,10802,10802,10802,2
2019-07-22 16:25:54,10802,10802,10802,2
2019-07-22 16:25:54,10802,10802,10802,4
2019-07-22 16:25:54,10802,10802,10802,2
2019-07-22 16:25:54,10802,10802,10802,2
2019-07-22 16:25:54,10802,10802,10802,2
2019-07-22 16:25:54,10802,10802,10802,2
2019-07-22 16:25:55,10802,10802,10802,2
2019-07-22 16:25:56,10802,10802,10802,4
2019-07-22 16:25:59,10802,10802,10802,4
2019-07-22 16:26:09,10802,10802,10802,14
2019-07-22 16:26:19,10802,10802,10802,2
2019-07-22 16:26:21,10802,10802,10802,2
2019-07-22 16:26:23,10802,10802,10802,2
2019-07-22 16:26:24,10802,10802,10802,2
2019-07-22 16:26:25,10802,10802,10802,2
2019-07-22 16:26:29,10802,10802,10802,2
2019-07-22 16:26:29,10802,10802,10802,2
2019-07-22 16:26:37,10802,10802,10802,2
2019-07-22 16:26:39,10802,10802,10802,2
2019-07-22 16:26:44,10801,10801,10801,2
2019-07-22 16:26:44,10801,10801,10801,2
2019-07-22 16:26:45,10801,10801,10801,2
2019-07-22 16:26:50,10801,10801,10801,2
2019-07-22 16:26:51,10801,10801,10801,2
2019-07-22 16:27:02,10801,10801,10801,2
2019-07-22 16:27:02,10801,10801,10801,2
2019-07-22 16:27:02,10801,10801,10801,2
2019-07-22 16:27:02,10801,10801,10801,4
2019-07-22 16:27:10,10802,10802,10802,2
2019-07-22 16:27:11,10801,10801,10801,2
2019-07-22 16:27:21,10801,10801,10801,4
2019-07-22 16:27:21,10801,10801,10801,2
2019-07-22 16:27:21,10801,10801,10801,2
2019-07-22 16:27:21,10801,10801,10801,2
2019-07-22 16:27:25,10801,10801,10801,2
2019-07-22 16:27:29,10801,10801,10801,4
2019-07-22 16:27:30,10801,10801,10801,2
2019-07-22 16:27:33,10801,10801,10801,2
2019-07-22 16:27:41,10801,10801,10801,2
2019-07-22 16:27:42,10801,10801,10801,2
2019-07-22 16:27:42,10801,10801,10801,4
2019-07-22 16:27:42,10801,10801,10801,2
2019-07-22 16:27:42,10801,10801,10801,2
2019-07-22 16:27:42,10801,10801,10801,2
2019-07-22 16:27:42,10801,10801,10801,2
2019-07-22 16:27:42,10801,10801,10801,2
2019-07-22 16:28:17,10801,10801,10801,2
2019-07-22 16:28:41,10801,10801,10801,2
2019-07-22 16:28:56,10801,10801,10801,2
2019-07-22 16:28:58,10801,10801,10801,2
2019-07-22 16:28:58,10801,10801,10801,4
2019-07-22 16:28:58,10801,10801,10801,4
2019-07-22 16:28:58,10801,10801,10801,10
2019-07-22 16:28:58,10801,10801,10801,2
2019-07-22 16:28:58,10801,10801,10801,2
2019-07-22 16:28:58,10801,10801,10801,2
2019-07-22 16:28:58,10801,10801,10801,2
2019-07-22 16:28:58,10801,10801,10801,4
2019-07-22 16:28:58,10801,10801,10801,2
2019-07-22 16:28:59,10801,10801,10801,4
2019-07-22 16:29:02,10802,10802,10802,2
2019-07-22 16:29:03,10802,10802,10802,2
2019-07-22 16:29:03,10801,10801,10801,2
2019-07-22 16:29:03,10802,10802,10802,2
2019-07-22 16:29:04,10802,10802,10802,2
2019-07-22 16:29:09,10801,10801,10801,2
2019-07-22 16:29:16,10802,10802,10802,2
2019-07-22 16:29:29,10801,10801,10801,2
2019-07-22 16:29:38,10802,10802,10802,2
2019-07-22 16:29:43,10801,10801,10801,4
2019-07-22 16:30:00,10801,10801,10801,6
2019-07-22 16:30:01,10801,10801,10801,2
2019-07-22 16:30:01,10802,10802,10802,4
2019-07-22 16:30:14,10801,10801,10801,2
2019-07-22 16:30:14,10801,10801,10801,2
2019-07-22 16:30:14,10801,10801,10801,8
2019-07-22 16:30:14,10801,10801,10801,2
2019-07-22 16:30:14,10801,10801,10801,10
2019-07-22 16:30:14,10801,10801,10801,2
2019-07-22 16:30:14,10801,10801,10801,2
2019-07-22 16:30:14,10801,10801,10801,2
2019-07-22 16:30:14,10801,10801,10801,12
2019-07-22 16:30:14,10801,10801,10801,2
2019-07-22 16:30:14,10801,10801,10801,2
2019-07-22 16:30:14,10801,10801,10801,2
2019-07-22 16:30:14,10801,10801,10801,2
2019-07-22 16:30:14,10801,10801,10801,2
2019-07-22 16:30:14,10800,10800,10800,8
2019-07-22 16:30:14,10800,10800,10800,2
2019-07-22 16:30:14,10800,10800,10800,4
2019-07-22 16:30:14,10800,10800,10800,2
2019-07-22 16:30:14,10800,10800,10800,2
2019-07-22 16:30:14,10800,10800,10800,8
2019-07-22 16:30:14,10800,10800,10800,2
2019-07-22 16:30:14,10800,10800,10800,4
2019-07-22 16:30:14,10800,10800,10800,4
2019-07-22 16:30:14,10800,10800,10800,6
2019-07-22 16:30:14,10800,10800,10800,4
2019-07-22 16:30:14,10800,10800,10800,4
2019-07-22 16:30:14,10800,10800,10800,6
2019-07-22 16:30:14,10800,10800,10800,10
2019-07-22 16:30:14,10800,10800,10800,2
2019-07-22 16:30:14,10800,10800,10800,2
2019-07-22 16:30:14,10800,10800,10800,2
2019-07-22 16:30:14,10800,10800,10800,2
2019-07-22 16:30:14,10800,10800,10800,2
2019-07-22 16:30:14,10800,10800,10800,2
2019-07-22 16:30:14,10800,10800,10800,2
2019-07-22 16:30:14,10800,10800,10800,2
2019-07-22 16:30:14,10800,10800,10800,4
2019-07-22 16:30:14,10800,10800,10800,2
2019-07-22 16:30:14,10800,10800,10800,4
2019-07-22 16:30:14,10800,10800,10800,2
2019-07-22 16:30:14,10800,10800,10800,2
2019-07-22 16:30:14,10800,10800,10800,2
2019-07-22 16:30:14,10800,10800,10800,10
2019-07-22 16:30:14,10800,10800,10800,10
2019-07-22 16:30:14,10800,10800,10800,10
2019-07-22 16:30:14,10800,10800,10800,2
2019-07-22 16:30:14,10800,10800,10800,10
2019-07-22 16:30:14,10800,10800,10800,10
2019-07-22 16:30:14,10800,10800,10800,2
2019-07-22 16:30:14,10800,10800,10800,10
2019-07-22 16:30:14,10800,10800,10800,2
2019-07-22 16:30:14,10800,10800,10800,2
2019-07-22 16:30:14,10800,10800,10800,10
2019-07-22 16:30:14,10800,10800,10800,10
2019-07-22 16:30:14,10799,10799,10799,8
2019-07-22 16:30:14,10799,10799,10799,2
2019-07-22 16:30:14,10799,10799,10799,2
2019-07-22 16:30:15,10800,10800,10800,4
2019-07-22 16:30:15,10799,10799,10799,6
2019-07-22 16:30:17,10799,10799,10799,2
2019-07-22 16:30:17,10799,10799,10799,2
2019-07-22 16:30:17,10799,10799,10799,2
2019-07-22 16:30:17,10799,10799,10799,2
2019-07-22 16:30:25,10799,10799,10799,2
2019-07-22 16:30:27,10799,10799,10799,2
2019-07-22 16:30:28,10799,10799,10799,2
2019-07-22 16:30:39,10799,10799,10799,2
2019-07-22 16:30:43,10799,10799,10799,4
2019-07-22 16:30:43,10800,10800,10800,2
2019-07-22 16:30:43,10799,10799,10799,2
2019-07-22 16:30:43,10799,10799,10799,2
2019-07-22 16:30:44,10799,10799,10799,2
2019-07-22 16:30:45,10799,10799,10799,2
2019-07-22 16:30:51,10799,10799,10799,2
2019-07-22 16:30:56,10799,10799,10799,2
2019-07-22 16:31:18,10799,10799,10799,2
2019-07-22 16:31:32,10800,10800,10800,2
2019-07-22 16:31:36,10799,10799,10799,2
2019-07-22 16:31:36,10799,10799,10799,2
2019-07-22 16:31:40,10800,10800,10800,4
2019-07-22 16:31:57,10800,10800,10800,6
2019-07-22 16:31:57,10800,10800,10800,2
2019-07-22 16:31:59,10800,10800,10800,2
2019-07-22 16:32:01,10800,10800,10800,2
2019-07-22 16:32:01,10800,10800,10800,20
2019-07-22 16:32:01,10800,10800,10800,20
2019-07-22 16:32:02,10800,10800,10800,6
2019-07-22 16:32:02,10801,10801,10801,4
2019-07-22 16:32:06,10800,10800,10800,4
2019-07-22 16:32:06,10800,10800,10800,6
2019-07-22 16:32:06,10800,10800,10800,6
2019-07-22 16:32:06,10800,10800,10800,2
2019-07-22 16:32:06,10800,10800,10800,2
2019-07-22 16:32:24,10801,10801,10801,2
2019-07-22 16:32:38,10801,10801,10801,2
2019-07-22 16:33:18,10801,10801,10801,2
2019-07-22 16:33:19,10800,10800,10800,4
2019-07-22 16:33:24,10800,10800,10800,2
2019-07-22 16:33:37,10800,10800,10800,2
2019-07-22 16:33:39,10801,10801,10801,6
2019-07-22 16:33:39,10801,10801,10801,2
2019-07-22 16:33:52,10801,10801,10801,2
2019-07-22 16:33:54,10800,10800,10800,2
2019-07-22 16:34:05,10800,10800,10800,2
2019-07-22 16:34:06,10801,10801,10801,2
2019-07-22 16:34:08,10800,10800,10800,4
2019-07-22 16:34:12,10800,10800,10800,2
2019-07-22 16:34:58,10801,10801,10801,2
2019-07-22 16:35:03,10801,10801,10801,6
2019-07-22 16:35:07,10801,10801,10801,2
2019-07-22 16:35:11,10801,10801,10801,2
2019-07-22 16:35:16,10801,10801,10801,6
2019-07-22 16:35:20,10801,10801,10801,2
2019-07-22 16:35:20,10801,10801,10801,2
2019-07-22 16:35:25,10801,10801,10801,2
2019-07-22 16:35:26,10801,10801,10801,10
2019-07-22 16:35:26,10801,10801,10801,12
2019-07-22 16:35:26,10801,10801,10801,4
2019-07-22 16:35:26,10801,10801,10801,2
2019-07-22 16:35:26,10801,10801,10801,20
2019-07-22 16:35:26,10801,10801,10801,2
2019-07-22 16:35:29,10801,10801,10801,2
2019-07-22 16:35:29,10801,10801,10801,12
2019-07-22 16:35:29,10801,10801,10801,4
2019-07-22 16:35:29,10801,10801,10801,8
2019-07-22 16:35:29,10801,10801,10801,6
2019-07-22 16:35:29,10801,10801,10801,6
2019-07-22 16:35:29,10801,10801,10801,2
2019-07-22 16:35:29,10801,10801,10801,2
2019-07-22 16:35:29,10801,10801,10801,8
2019-07-22 16:35:29,10801,10801,10801,8
2019-07-22 16:35:29,10800,10800,10800,8
2019-07-22 16:35:29,10800,10800,10800,4
2019-07-22 16:35:29,10800,10800,10800,2
2019-07-22 16:35:29,10800,10800,10800,6
2019-07-22 16:35:29,10800,10800,10800,2
2019-07-22 16:35:29,10800,10800,10800,8
2019-07-22 16:35:29,10800,10800,10800,2
2019-07-22 16:35:29,10800,10800,10800,2
2019-07-22 16:35:29,10800,10800,10800,2
2019-07-22 16:35:29,10800,10800,10800,4
2019-07-22 16:35:29,10800,10800,10800,2
2019-07-22 16:35:29,10800,10800,10800,2
2019-07-22 16:35:29,10800,10800,10800,2
2019-07-22 16:35:29,10800,10800,10800,2
2019-07-22 16:35:29,10800,10800,10800,2
2019-07-22 16:35:29,10800,10800,10800,2
2019-07-22 16:35:29,10800,10800,10800,4
2019-07-22 16:35:29,10800,10800,10800,6
2019-07-22 16:35:29,10800,10800,10800,2
2019-07-22 16:35:29,10800,10800,10800,2
2019-07-22 16:35:29,10800,10800,10800,2
2019-07-22 16:35:29,10800,10800,10800,2
2019-07-22 16:35:29,10800,10800,10800,6
2019-07-22 16:35:29,10800,10800,10800,2
2019-07-22 16:35:29,10800,10800,10800,2
2019-07-22 16:35:29,10800,10800,10800,2
2019-07-22 16:35:29,10800,10800,10800,2
2019-07-22 16:35:29,10800,10800,10800,2
2019-07-22 16:35:29,10800,10800,10800,4
2019-07-22 16:35:29,10800,10800,10800,10
2019-07-22 16:35:29,10800,10800,10800,2
2019-07-22 16:35:29,10800,10800,10800,2
2019-07-22 16:35:29,10800,10800,10800,2
2019-07-22 16:35:29,10800,10800,10800,10
2019-07-22 16:35:29,10800,10800,10800,10
2019-07-22 16:35:29,10800,10800,10800,6
2019-07-22 16:35:35,10800,10800,10800,2
2019-07-22 16:35:36,10800,10800,10800,2
2019-07-22 16:35:43,10800,10800,10800,2
2019-07-22 16:35:43,10799,10799,10799,4
2019-07-22 16:35:45,10800,10800,10800,2
2019-07-22 16:35:47,10800,10800,10800,2
2019-07-22 16:35:51,10800,10800,10800,2
2019-07-22 16:35:58,10800,10800,10800,2
2019-07-22 16:36:02,10800,10800,10800,2
2019-07-22 16:36:03,10800,10800,10800,8
2019-07-22 16:36:04,10800,10800,10800,2
2019-07-22 16:36:08,10800,10800,10800,2
2019-07-22 16:36:30,10800,10800,10800,2
2019-07-22 16:36:48,10800,10800,10800,2
2019-07-22 16:37:10,10799,10799,10799,2
2019-07-22 16:37:27,10799,10799,10799,2
2019-07-22 16:37:27,10799,10799,10799,2
2019-07-22 16:37:31,10800,10800,10800,2
2019-07-22 16:37:37,10799,10799,10799,2
2019-07-22 16:37:39,10799,10799,10799,2
2019-07-22 16:37:40,10800,10800,10800,2
2019-07-22 16:37:42,10799,10799,10799,2
2019-07-22 16:37:48,10799,10799,10799,2
2019-07-22 16:37:48,10799,10799,10799,6
2019-07-22 16:37:53,10799,10799,10799,4
2019-07-22 16:37:53,10799,10799,10799,2
2019-07-22 16:37:53,10799,10799,10799,2
2019-07-22 16:38:04,10799,10799,10799,2
2019-07-22 16:38:28,10799,10799,10799,2
2019-07-22 16:38:29,10799,10799,10799,2
2019-07-22 16:38:59,10799,10799,10799,2
2019-07-22 16:39:22,10799,10799,10799,2
2019-07-22 16:39:22,10799,10799,10799,2
2019-07-22 16:39:22,10799,10799,10799,2
2019-07-22 16:39:29,10799,10799,10799,2
2019-07-22 16:39:32,10800,10800,10800,2
2019-07-22 16:39:41,10799,10799,10799,2
2019-07-22 16:39:55,10800,10800,10800,4
2019-07-22 16:40:00,10799,10799,10799,4
2019-07-22 16:40:00,10799,10799,10799,2
2019-07-22 16:40:00,10800,10800,10800,2
2019-07-22 16:40:01,10800,10800,10800,16
2019-07-22 16:40:01,10800,10800,10800,12
2019-07-22 16:40:01,10800,10800,10800,14
2019-07-22 16:40:01,10800,10800,10800,6
2019-07-22 16:40:01,10800,10800,10800,2
2019-07-22 16:40:01,10800,10800,10800,8
2019-07-22 16:40:01,10800,10800,10800,6
2019-07-22 16:40:01,10800,10800,10800,4
2019-07-22 16:40:01,10801,10801,10801,2
2019-07-22 16:40:02,10800,10800,10800,2
2019-07-22 16:40:08,10801,10801,10801,12
2019-07-22 16:40:09,10800,10800,10800,2
2019-07-22 16:40:10,10800,10800,10800,2
2019-07-22 16:40:14,10800,10800,10800,6
2019-07-22 16:40:14,10800,10800,10800,2
2019-07-22 16:40:15,10800,10800,10800,2
2019-07-22 16:40:16,10800,10800,10800,2
2019-07-22 16:40:32,10800,10800,10800,2
2019-07-22 16:40:33,10800,10800,10800,2
2019-07-22 16:40:33,10800,10800,10800,2
2019-07-22 16:40:52,10800,10800,10800,2
2019-07-22 16:40:54,10800,10800,10800,2
2019-07-22 16:41:07,10800,10800,10800,2
2019-07-22 16:41:32,10800,10800,10800,2
2019-07-22 16:41:54,10800,10800,10800,2
2019-07-22 16:42:32,10800,10800,10800,2
2019-07-22 16:42:47,10800,10800,10800,4
2019-07-22 16:42:57,10799,10799,10799,2
2019-07-22 16:44:06,10799,10799,10799,2
2019-07-22 16:44:06,10799,10799,10799,6
2019-07-22 16:44:06,10799,10799,10799,2
2019-07-22 16:44:07,10799,10799,10799,2
2019-07-22 16:44:16,10799,10799,10799,4
2019-07-22 16:44:16,10800,10800,10800,2
2019-07-22 16:44:18,10800,10800,10800,2
2019-07-22 16:44:20,10800,10800,10800,2
2019-07-22 16:44:20,10800,10800,10800,2
2019-07-22 16:44:21,10800,10800,10800,4
2019-07-22 16:44:32,10800,10800,10800,2
2019-07-22 16:44:40,10800,10800,10800,2
2019-07-22 16:44:42,10800,10800,10800,6
2019-07-22 16:44:43,10800,10800,10800,4
2019-07-22 16:44:44,10800,10800,10800,2
2019-07-22 16:44:44,10800,10800,10800,2
2019-07-22 16:44:47,10800,10800,10800,8
2019-07-22 16:44:49,10800,10800,10800,2
2019-07-22 16:44:51,10800,10800,10800,4
2019-07-22 16:44:52,10800,10800,10800,2
2019-07-22 16:44:54,10800,10800,10800,6
2019-07-22 16:44:55,10800,10800,10800,2
2019-07-22 16:44:56,10800,10800,10800,2
2019-07-22 16:44:57,10800,10800,10800,2
2019-07-22 16:44:58,10800,10800,10800,2
2019-07-22 16:44:59,10800,10800,10800,2
2019-07-22 16:45:00,10800,10800,10800,2
2019-07-22 16:45:01,10800,10800,10800,2
2019-07-22 16:45:16,10799,10799,10799,2
2019-07-22 16:45:47,10799,10799,10799,2
2019-07-22 16:45:47,10799,10799,10799,2
2019-07-22 16:45:47,10799,10799,10799,2
2019-07-22 16:45:47,10799,10799,10799,2
2019-07-22 16:45:47,10799,10799,10799,20
2019-07-22 16:45:47,10799,10799,10799,2
2019-07-22 16:45:47,10799,10799,10799,4
2019-07-22 16:45:47,10799,10799,10799,2
2019-07-22 16:45:47,10799,10799,10799,2
2019-07-22 16:45:47,10799,10799,10799,2
2019-07-22 16:45:47,10799,10799,10799,2
2019-07-22 16:45:47,10799,10799,10799,2
2019-07-22 16:45:47,10799,10799,10799,2
2019-07-22 16:45:55,10799,10799,10799,2
2019-07-22 16:45:55,10799,10799,10799,2
2019-07-22 16:45:55,10799,10799,10799,12
2019-07-22 16:45:57,10799,10799,10799,2
2019-07-22 16:46:11,10799,10799,10799,2
2019-07-22 16:46:18,10799,10799,10799,2
2019-07-22 16:46:18,10799,10799,10799,2
2019-07-22 16:46:37,10798,10798,10798,2
2019-07-22 16:46:37,10798,10798,10798,4
2019-07-22 16:46:43,10798,10798,10798,2
2019-07-22 16:47:17,10798,10798,10798,4
2019-07-22 16:47:17,10798,10798,10798,2
2019-07-22 16:47:51,10799,10799,10799,2
2019-07-22 16:48:00,10799,10799,10799,2
2019-07-22 16:48:01,10798,10798,10798,2
2019-07-22 16:48:01,10798,10798,10798,2
2019-07-22 16:48:02,10799,10799,10799,2
2019-07-22 16:48:04,10799,10799,10799,2
2019-07-22 16:48:40,10799,10799,10799,8
2019-07-22 16:48:54,10800,10800,10800,30
2019-07-22 16:48:56,10799,10799,10799,2
2019-07-22 16:49:56,10799,10799,10799,2
2019-07-22 16:50:28,10800,10800,10800,2
2019-07-22 16:50:28,10800,10800,10800,4
2019-07-22 16:50:29,10800,10800,10800,2
2019-07-22 16:51:24,10800,10800,10800,2
2019-07-22 16:51:41,10799,10799,10799,2
2019-07-22 16:52:13,10799,10799,10799,4
2019-07-22 16:52:13,10799,10799,10799,2
2019-07-22 16:52:13,10799,10799,10799,2
2019-07-22 16:52:19,10799,10799,10799,2
2019-07-22 16:52:56,10799,10799,10799,2
2019-07-22 16:53:00,10799,10799,10799,2
2019-07-22 16:53:00,10799,10799,10799,2
2019-07-22 16:53:00,10799,10799,10799,4
2019-07-22 16:53:00,10799,10799,10799,2
2019-07-22 16:53:00,10799,10799,10799,2
2019-07-22 16:53:07,10799,10799,10799,2
2019-07-22 16:53:07,10799,10799,10799,4
2019-07-22 16:53:08,10799,10799,10799,4
2019-07-22 16:53:17,10800,10800,10800,2
2019-07-22 16:53:20,10799,10799,10799,2
2019-07-22 16:53:28,10799,10799,10799,2
2019-07-22 16:53:33,10799,10799,10799,2
2019-07-22 16:53:33,10799,10799,10799,2
2019-07-22 16:53:38,10799,10799,10799,2
2019-07-22 16:53:43,10799,10799,10799,2
2019-07-22 16:53:48,10799,10799,10799,8
2019-07-22 16:54:01,10798,10798,10798,2
2019-07-22 16:54:01,10798,10798,10798,2
2019-07-22 16:54:03,10798,10798,10798,2
2019-07-22 16:54:04,10798,10798,10798,2
2019-07-22 16:54:30,10798,10798,10798,2
2019-07-22 16:54:30,10798,10798,10798,2
2019-07-22 16:54:30,10798,10798,10798,4
2019-07-22 16:54:30,10798,10798,10798,2
2019-07-22 16:54:30,10798,10798,10798,10
2019-07-22 16:54:30,10798,10798,10798,2
2019-07-22 16:54:30,10798,10798,10798,2
2019-07-22 16:54:30,10798,10798,10798,2
2019-07-22 16:54:30,10798,10798,10798,2
2019-07-22 16:54:30,10798,10798,10798,10
2019-07-22 16:54:30,10798,10798,10798,2
2019-07-22 16:54:30,10798,10798,10798,2
2019-07-22 16:54:30,10798,10798,10798,4
2019-07-22 16:54:30,10798,10798,10798,2
2019-07-22 16:54:30,10798,10798,10798,2
2019-07-22 16:54:30,10798,10798,10798,2
2019-07-22 16:54:37,10798,10798,10798,2
2019-07-22 16:54:45,10797,10797,10797,2
2019-07-22 16:54:45,10797,10797,10797,2
2019-07-22 16:54:45,10797,10797,10797,2
2019-07-22 16:54:45,10797,10797,10797,8
2019-07-22 16:54:45,10797,10797,10797,2
2019-07-22 16:54:45,10797,10797,10797,2
2019-07-22 16:54:45,10797,10797,10797,2
2019-07-22 16:54:52,10797,10797,10797,2
2019-07-22 16:54:52,10797,10797,10797,2
2019-07-22 16:54:52,10797,10797,10797,2
2019-07-22 16:54:55,10797,10797,10797,2
2019-07-22 16:55:05,10797,10797,10797,2
2019-07-22 16:55:11,10797,10797,10797,2
2019-07-22 16:55:11,10797,10797,10797,2
2019-07-22 16:55:11,10797,10797,10797,4
2019-07-22 16:55:12,10797,10797,10797,4
2019-07-22 16:55:12,10797,10797,10797,2
2019-07-22 16:55:12,10797,10797,10797,8
2019-07-22 16:55:12,10797,10797,10797,2
2019-07-22 16:55:12,10797,10797,10797,2
2019-07-22 16:55:12,10797,10797,10797,2
2019-07-22 16:55:12,10797,10797,10797,2
2019-07-22 16:55:27,10796,10796,10796,2
2019-07-22 16:55:27,10796,10796,10796,2
2019-07-22 16:55:27,10797,10797,10797,2
2019-07-22 16:55:27,10796,10796,10796,2
2019-07-22 16:55:32,10797,10797,10797,2
2019-07-22 16:55:41,10796,10796,10796,2
2019-07-22 16:55:42,10797,10797,10797,2
2019-07-22 16:55:43,10796,10796,10796,4
2019-07-22 16:55:43,10796,10796,10796,2
2019-07-22 16:55:43,10796,10796,10796,2
2019-07-22 16:55:43,10796,10796,10796,2
2019-07-22 16:55:43,10796,10796,10796,2
2019-07-22 16:55:43,10796,10796,10796,4
2019-07-22 16:55:43,10796,10796,10796,2
2019-07-22 16:55:43,10796,10796,10796,2
2019-07-22 16:55:43,10796,10796,10796,2
2019-07-22 16:55:50,10796,10796,10796,2
2019-07-22 16:55:53,10796,10796,10796,2
2019-07-22 16:56:02,10796,10796,10796,2
2019-07-22 16:56:14,10796,10796,10796,2
2019-07-22 16:56:14,10796,10796,10796,2
2019-07-22 16:56:24,10796,10796,10796,2
2019-07-22 16:56:27,10796,10796,10796,2
2019-07-22 16:56:27,10796,10796,10796,2
2019-07-22 16:56:36,10796,10796,10796,2
2019-07-22 16:56:38,10796,10796,10796,2
2019-07-22 16:56:42,10796,10796,10796,2
2019-07-22 16:56:46,10796,10796,10796,2
2019-07-22 16:56:51,10797,10797,10797,6
2019-07-22 16:56:51,10797,10797,10797,12
2019-07-22 16:56:51,10797,10797,10797,8
2019-07-22 16:56:51,10797,10797,10797,4
2019-07-22 16:56:51,10797,10797,10797,28
2019-07-22 16:56:52,10798,10798,10798,10
2019-07-22 16:56:52,10798,10798,10798,4
2019-07-22 16:56:52,10798,10798,10798,4
2019-07-22 16:56:52,10798,10798,10798,2
2019-07-22 16:56:52,10798,10798,10798,2
2019-07-22 16:56:52,10797,10797,10797,2
2019-07-22 16:56:52,10798,10798,10798,6
2019-07-22 16:57:10,10797,10797,10797,2
2019-07-22 16:57:17,10797,10797,10797,2
2019-07-22 16:57:26,10797,10797,10797,2
2019-07-22 16:58:00,10797,10797,10797,2
2019-07-22 16:58:08,10798,10798,10798,2
2019-07-22 16:59:03,10798,10798,10798,2
2019-07-22 16:59:11,10798,10798,10798,4
2019-07-22 16:59:11,10798,10798,10798,2
2019-07-22 16:59:11,10798,10798,10798,2
2019-07-22 16:59:11,10798,10798,10798,4
2019-07-22 16:59:46,10798,10798,10798,2
2019-07-22 17:00:03,10798,10798,10798,2
2019-07-22 17:00:18,10798,10798,10798,2
2019-07-22 17:00:24,10799,10799,10799,2
2019-07-22 17:00:34,10798,10798,10798,6
2019-07-22 17:00:34,10798,10798,10798,2
2019-07-22 17:01:11,10798,10798,10798,2
2019-07-22 17:01:11,10798,10798,10798,2
2019-07-22 17:01:28,10799,10799,10799,2
2019-07-22 17:01:40,10799,10799,10799,2
2019-07-22 17:02:04,10799,10799,10799,4
2019-07-22 17:02:13,10799,10799,10799,4
2019-07-22 17:02:21,10799,10799,10799,2
2019-07-22 17:02:27,10799,10799,10799,2
2019-07-22 17:02:40,10798,10798,10798,2
2019-07-22 17:02:46,10798,10798,10798,4
2019-07-22 17:02:57,10798,10798,10798,2
2019-07-22 17:03:13,10798,10798,10798,2
2019-07-22 17:03:14,10798,10798,10798,2
2019-07-22 17:03:41,10798,10798,10798,2
2019-07-22 17:03:44,10799,10799,10799,4
2019-07-22 17:03:44,10799,10799,10799,2
2019-07-22 17:03:44,10799,10799,10799,2
2019-07-22 17:03:50,10799,10799,10799,2
2019-07-22 17:04:09,10798,10798,10798,4
2019-07-22 17:04:10,10799,10799,10799,4
2019-07-22 17:04:27,10798,10798,10798,2
2019-07-22 17:04:44,10798,10798,10798,2
2019-07-22 17:04:44,10798,10798,10798,2
2019-07-22 17:04:44,10798,10798,10798,4
2019-07-22 17:04:44,10798,10798,10798,2
2019-07-22 17:04:44,10798,10798,10798,2
2019-07-22 17:04:47,10798,10798,10798,2
2019-07-22 17:04:54,10798,10798,10798,2
2019-07-22 17:05:14,10798,10798,10798,2
2019-07-22 17:05:19,10798,10798,10798,4
2019-07-22 17:05:20,10798,10798,10798,2
2019-07-22 17:05:24,10798,10798,10798,2
2019-07-22 17:05:27,10798,10798,10798,2
2019-07-22 17:05:34,10798,10798,10798,2
2019-07-22 17:05:37,10798,10798,10798,2
2019-07-22 17:05:37,10798,10798,10798,2
2019-07-22 17:05:37,10798,10798,10798,2
2019-07-22 17:05:37,10798,10798,10798,2
2019-07-22 17:06:23,10797,10797,10797,2
2019-07-22 17:06:29,10797,10797,10797,2
2019-07-22 17:06:37,10797,10797,10797,2
2019-07-22 17:06:44,10797,10797,10797,2
2019-07-22 17:06:50,10797,10797,10797,2
2019-07-22 17:06:59,10797,10797,10797,2
2019-07-22 17:06:59,10797,10797,10797,4
2019-07-22 17:06:59,10797,10797,10797,2
2019-07-22 17:06:59,10797,10797,10797,2
2019-07-22 17:06:59,10797,10797,10797,2
2019-07-22 17:06:59,10797,10797,10797,2
2019-07-22 17:06:59,10797,10797,10797,4
2019-07-22 17:06:59,10797,10797,10797,6
2019-07-22 17:07:17,10796,10796,10796,2
2019-07-22 17:07:26,10796,10796,10796,8
2019-07-22 17:07:26,10796,10796,10796,2
2019-07-22 17:07:26,10796,10796,10796,2
2019-07-22 17:07:29,10796,10796,10796,2
2019-07-22 17:07:35,10796,10796,10796,2
2019-07-22 17:07:35,10796,10796,10796,2
2019-07-22 17:07:35,10796,10796,10796,2
2019-07-22 17:07:35,10796,10796,10796,2
2019-07-22 17:07:35,10796,10796,10796,2
2019-07-22 17:07:35,10796,10796,10796,2
2019-07-22 17:07:35,10796,10796,10796,2
2019-07-22 17:07:35,10796,10796,10796,2
2019-07-22 17:07:37,10796,10796,10796,2
2019-07-22 17:07:37,10796,10796,10796,2
2019-07-22 17:07:42,10796,10796,10796,2
2019-07-22 17:07:45,10796,10796,10796,2
2019-07-22 17:07:47,10796,10796,10796,2
2019-07-22 17:07:58,10796,10796,10796,2
2019-07-22 17:08:08,10796,10796,10796,2
2019-07-22 17:08:23,10796,10796,10796,4
2019-07-22 17:08:29,10796,10796,10796,2
2019-07-22 17:08:39,10796,10796,10796,2
2019-07-22 17:08:58,10796,10796,10796,2
2019-07-22 17:09:19,10796,10796,10796,4
2019-07-22 17:09:19,10796,10796,10796,2
2019-07-22 17:09:19,10796,10796,10796,2
2019-07-22 17:09:19,10796,10796,10796,2
2019-07-22 17:09:21,10797,10797,10797,2
2019-07-22 17:09:28,10796,10796,10796,2
2019-07-22 17:09:30,10796,10796,10796,2
2019-07-22 17:09:34,10796,10796,10796,4
2019-07-22 17:09:34,10796,10796,10796,2
2019-07-22 17:09:34,10796,10796,10796,2
2019-07-22 17:09:34,10796,10796,10796,2
2019-07-22 17:09:34,10796,10796,10796,2
2019-07-22 17:09:34,10796,10796,10796,2
2019-07-22 17:09:59,10795,10795,10795,6
2019-07-22 17:09:59,10795,10795,10795,2
2019-07-22 17:09:59,10795,10795,10795,2
2019-07-22 17:09:59,10795,10795,10795,2
2019-07-22 17:09:59,10795,10795,10795,2
2019-07-22 17:09:59,10795,10795,10795,2
2019-07-22 17:09:59,10795,10795,10795,2
2019-07-22 17:09:59,10795,10795,10795,2
2019-07-22 17:09:59,10795,10795,10795,2
2019-07-22 17:09:59,10795,10795,10795,2
2019-07-22 17:09:59,10795,10795,10795,2
2019-07-22 17:09:59,10795,10795,10795,2
2019-07-22 17:09:59,10795,10795,10795,4
2019-07-22 17:09:59,10795,10795,10795,2
2019-07-22 17:09:59,10795,10795,10795,2
2019-07-22 17:09:59,10795,10795,10795,2
2019-07-22 17:09:59,10795,10795,10795,2
2019-07-22 17:09:59,10795,10795,10795,2
2019-07-22 17:09:59,10795,10795,10795,4
2019-07-22 17:09:59,10795,10795,10795,2
2019-07-22 17:09:59,10795,10795,10795,2
2019-07-22 17:09:59,10795,10795,10795,2
2019-07-22 17:09:59,10795,10795,10795,4
2019-07-22 17:09:59,10795,10795,10795,2
2019-07-22 17:09:59,10795,10795,10795,2
2019-07-22 17:09:59,10795,10795,10795,4
2019-07-22 17:10:00,10794,10794,10794,2
2019-07-22 17:10:01,10794,10794,10794,2
2019-07-22 17:10:01,10794,10794,10794,2
2019-07-22 17:10:01,10794,10794,10794,2
2019-07-22 17:10:01,10794,10794,10794,2
2019-07-22 17:10:01,10794,10794,10794,2
2019-07-22 17:10:01,10794,10794,10794,2
2019-07-22 17:10:01,10794,10794,10794,2
2019-07-22 17:10:01,10794,10794,10794,2
2019-07-22 17:10:01,10794,10794,10794,2
2019-07-22 17:10:01,10794,10794,10794,2
2019-07-22 17:10:01,10794,10794,10794,2
2019-07-22 17:10:01,10794,10794,10794,4
2019-07-22 17:10:01,10794,10794,10794,2
2019-07-22 17:10:01,10794,10794,10794,2
2019-07-22 17:10:02,10793,10793,10793,2
2019-07-22 17:10:02,10793,10793,10793,2
2019-07-22 17:10:02,10793,10793,10793,2
2019-07-22 17:10:02,10793,10793,10793,2
2019-07-22 17:10:02,10793,10793,10793,2
2019-07-22 17:10:02,10793,10793,10793,2
2019-07-22 17:10:03,10793,10793,10793,2
2019-07-22 17:10:11,10793,10793,10793,2
2019-07-22 17:10:16,10793,10793,10793,6
2019-07-22 17:10:16,10794,10794,10794,2
2019-07-22 17:10:25,10794,10794,10794,2
2019-07-22 17:10:25,10794,10794,10794,6
2019-07-22 17:10:27,10794,10794,10794,2
2019-07-22 17:10:27,10794,10794,10794,2
2019-07-22 17:10:31,10794,10794,10794,2
2019-07-22 17:10:35,10794,10794,10794,2
2019-07-22 17:10:37,10794,10794,10794,4
2019-07-22 17:10:37,10794,10794,10794,2
2019-07-22 17:10:37,10794,10794,10794,4
2019-07-22 17:10:40,10794,10794,10794,2
2019-07-22 17:10:40,10794,10794,10794,2
2019-07-22 17:10:40,10794,10794,10794,2
2019-07-22 17:10:40,10794,10794,10794,2
2019-07-22 17:10:40,10794,10794,10794,2
2019-07-22 17:10:40,10794,10794,10794,2
2019-07-22 17:10:40,10794,10794,10794,4
2019-07-22 17:10:40,10794,10794,10794,10
2019-07-22 17:10:40,10794,10794,10794,2
2019-07-22 17:10:40,10794,10794,10794,2
2019-07-22 17:10:40,10794,10794,10794,2
2019-07-22 17:10:40,10794,10794,10794,2
2019-07-22 17:10:40,10794,10794,10794,2
2019-07-22 17:10:40,10794,10794,10794,4
2019-07-22 17:10:40,10794,10794,10794,2
2019-07-22 17:10:40,10794,10794,10794,4
2019-07-22 17:10:40,10794,10794,10794,2
2019-07-22 17:10:40,10794,10794,10794,6
2019-07-22 17:10:46,10794,10794,10794,2
2019-07-22 17:10:59,10794,10794,10794,2
2019-07-22 17:11:05,10794,10794,10794,2
2019-07-22 17:11:27,10794,10794,10794,2
2019-07-22 17:11:37,10794,10794,10794,2
2019-07-22 17:11:42,10794,10794,10794,2
2019-07-22 17:11:58,10794,10794,10794,2
2019-07-22 17:12:03,10795,10795,10795,4
2019-07-22 17:12:15,10794,10794,10794,2
2019-07-22 17:12:20,10795,10795,10795,4
2019-07-22 17:12:45,10795,10795,10795,2
2019-07-22 17:12:51,10795,10795,10795,2
2019-07-22 17:13:01,10795,10795,10795,10
2019-07-22 17:13:03,10795,10795,10795,6
2019-07-22 17:13:03,10796,10796,10796,2
2019-07-22 17:13:06,10795,10795,10795,2
2019-07-22 17:13:06,10795,10795,10795,2
2019-07-22 17:13:07,10795,10795,10795,2
2019-07-22 17:13:07,10795,10795,10795,2
2019-07-22 17:14:13,10795,10795,10795,2
2019-07-22 17:14:13,10795,10795,10795,2
2019-07-22 17:14:13,10795,10795,10795,2
2019-07-22 17:14:13,10795,10795,10795,2
2019-07-22 17:14:13,10795,10795,10795,2
2019-07-22 17:14:13,10795,10795,10795,2
2019-07-22 17:14:13,10795,10795,10795,2
2019-07-22 17:14:37,10795,10795,10795,2
2019-07-22 17:14:37,10795,10795,10795,2
2019-07-22 17:14:38,10795,10795,10795,2
2019-07-22 17:14:52,10795,10795,10795,4
2019-07-22 17:14:54,10796,10796,10796,2
2019-07-22 17:15:01,10795,10795,10795,2
2019-07-22 17:15:01,10794,10794,10794,2
2019-07-22 17:15:01,10794,10794,10794,2
2019-07-22 17:15:01,10794,10794,10794,2
2019-07-22 17:15:01,10794,10794,10794,2
2019-07-22 17:15:01,10794,10794,10794,2
2019-07-22 17:15:01,10794,10794,10794,2
2019-07-22 17:15:01,10794,10794,10794,2
2019-07-22 17:15:01,10794,10794,10794,2
2019-07-22 17:15:01,10794,10794,10794,2
2019-07-22 17:15:01,10794,10794,10794,6
2019-07-22 17:15:01,10794,10794,10794,4
2019-07-22 17:15:01,10794,10794,10794,10
2019-07-22 17:15:01,10794,10794,10794,2
2019-07-22 17:15:01,10794,10794,10794,2
2019-07-22 17:15:01,10794,10794,10794,10
2019-07-22 17:15:01,10794,10794,10794,2
2019-07-22 17:15:01,10794,10794,10794,2
2019-07-22 17:15:23,10794,10794,10794,2
2019-07-22 17:15:28,10794,10794,10794,2
2019-07-22 17:15:29,10794,10794,10794,2
2019-07-22 17:15:29,10794,10794,10794,2
2019-07-22 17:15:36,10794,10794,10794,2
2019-07-22 17:15:36,10794,10794,10794,2
2019-07-22 17:15:36,10794,10794,10794,2
2019-07-22 17:15:36,10794,10794,10794,2
2019-07-22 17:15:55,10794,10794,10794,4
2019-07-22 17:16:06,10794,10794,10794,2
2019-07-22 17:16:14,10794,10794,10794,2
2019-07-22 17:16:20,10793,10793,10793,2
2019-07-22 17:16:20,10793,10793,10793,2
2019-07-22 17:16:21,10794,10794,10794,2
2019-07-22 17:16:28,10793,10793,10793,2
2019-07-22 17:16:46,10794,10794,10794,2
2019-07-22 17:16:56,10794,10794,10794,2
2019-07-22 17:17:00,10794,10794,10794,2
2019-07-22 17:17:20,10794,10794,10794,2
2019-07-22 17:17:28,10794,10794,10794,2
2019-07-22 17:17:37,10794,10794,10794,2
2019-07-22 17:18:35,10795,10795,10795,12
2019-07-22 17:18:35,10795,10795,10795,18
2019-07-22 17:18:35,10795,10795,10795,2
2019-07-22 17:18:35,10795,10795,10795,2
2019-07-22 17:18:39,10795,10795,10795,2
2019-07-22 17:18:44,10795,10795,10795,2
2019-07-22 17:18:44,10795,10795,10795,2
2019-07-22 17:18:58,10795,10795,10795,2
2019-07-22 17:18:58,10795,10795,10795,2
2019-07-22 17:18:58,10795,10795,10795,2
2019-07-22 17:19:05,10796,10796,10796,2
2019-07-22 17:19:52,10796,10796,10796,2
2019-07-22 17:20:23,10795,10795,10795,2
2019-07-22 17:20:23,10795,10795,10795,2
2019-07-22 17:20:24,10795,10795,10795,2
2019-07-22 17:20:24,10795,10795,10795,2
2019-07-22 17:20:41,10795,10795,10795,4
2019-07-22 17:20:46,10794,10794,10794,2
2019-07-22 17:20:47,10794,10794,10794,2
2019-07-22 17:20:47,10794,10794,10794,2
2019-07-22 17:20:48,10795,10795,10795,4
2019-07-22 17:21:00,10794,10794,10794,2
2019-07-22 17:21:26,10794,10794,10794,6
2019-07-22 17:21:26,10794,10794,10794,2
2019-07-22 17:21:26,10794,10794,10794,4
2019-07-22 17:21:26,10794,10794,10794,2
2019-07-22 17:21:26,10794,10794,10794,2
2019-07-22 17:21:26,10794,10794,10794,4
2019-07-22 17:21:33,10794,10794,10794,2
2019-07-22 17:21:48,10794,10794,10794,2
2019-07-22 17:21:52,10793,10793,10793,2
2019-07-22 17:21:57,10793,10793,10793,2
2019-07-22 17:21:57,10793,10793,10793,2
2019-07-22 17:22:05,10793,10793,10793,2
2019-07-22 17:22:17,10793,10793,10793,2
2019-07-22 17:22:22,10794,10794,10794,2
2019-07-22 17:22:22,10794,10794,10794,8
2019-07-22 17:22:41,10794,10794,10794,2
2019-07-22 17:22:42,10794,10794,10794,2
2019-07-22 17:23:03,10794,10794,10794,2
2019-07-22 17:23:09,10795,10795,10795,2
2019-07-22 17:23:09,10794,10794,10794,2
2019-07-22 17:23:36,10795,10795,10795,2
2019-07-22 17:23:36,10795,10795,10795,16
2019-07-22 17:23:38,10795,10795,10795,2
2019-07-22 17:23:44,10795,10795,10795,2
2019-07-22 17:23:48,10795,10795,10795,2
2019-07-22 17:24:06,10795,10795,10795,4
2019-07-22 17:24:07,10795,10795,10795,4
2019-07-22 17:24:07,10795,10795,10795,2
2019-07-22 17:24:07,10795,10795,10795,2
2019-07-22 17:24:12,10795,10795,10795,16
2019-07-22 17:24:21,10795,10795,10795,2
2019-07-22 17:24:32,10795,10795,10795,2
2019-07-22 17:24:41,10795,10795,10795,2
2019-07-22 17:24:45,10795,10795,10795,4
2019-07-22 17:24:45,10795,10795,10795,2
2019-07-22 17:25:15,10795,10795,10795,2
2019-07-22 17:25:15,10795,10795,10795,2
2019-07-22 17:25:29,10794,10794,10794,2
2019-07-22 17:25:40,10795,10795,10795,4
2019-07-22 17:25:47,10794,10794,10794,2
2019-07-22 17:26:18,10794,10794,10794,2
2019-07-22 17:26:32,10795,10795,10795,10
2019-07-22 17:27:00,10795,10795,10795,2
2019-07-22 17:27:47,10795,10795,10795,2
2019-07-22 17:28:04,10794,10794,10794,2
2019-07-22 17:28:50,10795,10795,10795,2
2019-07-22 17:28:52,10795,10795,10795,4
2019-07-22 17:29:04,10795,10795,10795,2
2019-07-22 17:29:32,10795,10795,10795,4
2019-07-22 17:29:33,10795,10795,10795,2
2019-07-22 17:29:44,10795,10795,10795,2
2019-07-22 17:29:49,10795,10795,10795,2
2019-07-22 17:29:50,10795,10795,10795,2
2019-07-22 17:30:19,10795,10795,10795,2
2019-07-22 17:30:19,10795,10795,10795,10
2019-07-22 17:30:34,10795,10795,10795,2
2019-07-22 17:30:40,10795,10795,10795,2
2019-07-22 17:31:00,10795,10795,10795,2
2019-07-22 17:31:14,10795,10795,10795,2
2019-07-22 17:31:27,10795,10795,10795,2
2019-07-22 17:31:29,10794,10794,10794,2
2019-07-22 17:31:54,10794,10794,10794,2
2019-07-22 17:31:55,10795,10795,10795,2
2019-07-22 17:32:11,10794,10794,10794,2
2019-07-22 17:32:13,10795,10795,10795,8
2019-07-22 17:32:26,10795,10795,10795,2
2019-07-22 17:33:05,10796,10796,10796,2
2019-07-22 17:33:29,10796,10796,10796,8
2019-07-22 17:34:03,10796,10796,10796,10
2019-07-22 17:34:07,10796,10796,10796,2
2019-07-22 17:34:22,10796,10796,10796,2
2019-07-22 17:34:30,10796,10796,10796,2
2019-07-22 17:34:32,10796,10796,10796,2
2019-07-22 17:34:45,10796,10796,10796,2
2019-07-22 17:35:07,10795,10795,10795,2
2019-07-22 17:35:27,10795,10795,10795,2
2019-07-22 17:35:39,10796,10796,10796,2
2019-07-22 17:36:14,10796,10796,10796,4
2019-07-22 17:36:14,10796,10796,10796,6
2019-07-22 17:36:14,10796,10796,10796,6
2019-07-22 17:36:14,10796,10796,10796,2
2019-07-22 17:36:14,10796,10796,10796,2
2019-07-22 17:36:15,10796,10796,10796,2
2019-07-22 17:36:15,10796,10796,10796,2
2019-07-22 17:36:23,10796,10796,10796,2
2019-07-22 17:36:28,10796,10796,10796,2
2019-07-22 17:36:32,10797,10797,10797,2
2019-07-22 17:36:59,10797,10797,10797,2
2019-07-22 17:37:11,10797,10797,10797,10
2019-07-22 17:37:17,10797,10797,10797,2
2019-07-22 17:37:20,10797,10797,10797,4
2019-07-22 17:37:20,10797,10797,10797,2
2019-07-22 17:37:34,10797,10797,10797,4
2019-07-22 17:37:34,10797,10797,10797,4
2019-07-22 17:37:41,10797,10797,10797,2
2019-07-22 17:37:42,10797,10797,10797,2
2019-07-22 17:37:43,10797,10797,10797,2
2019-07-22 17:38:14,10797,10797,10797,2
2019-07-22 17:38:15,10797,10797,10797,2
2019-07-22 17:38:15,10797,10797,10797,2
2019-07-22 17:38:30,10797,10797,10797,2
2019-07-22 17:38:36,10797,10797,10797,2
2019-07-22 17:38:38,10797,10797,10797,2
2019-07-22 17:38:44,10797,10797,10797,2
2019-07-22 17:38:47,10796,10796,10796,2
2019-07-22 17:39:04,10796,10796,10796,2
2019-07-22 17:39:04,10796,10796,10796,2
2019-07-22 17:39:04,10796,10796,10796,2
2019-07-22 17:39:28,10796,10796,10796,2
2019-07-22 17:39:28,10796,10796,10796,2
2019-07-22 17:39:28,10796,10796,10796,2
2019-07-22 17:39:38,10796,10796,10796,10
2019-07-22 17:39:39,10796,10796,10796,2
2019-07-22 17:40:02,10796,10796,10796,2
2019-07-22 17:40:17,10795,10795,10795,2
2019-07-22 17:40:36,10795,10795,10795,2
2019-07-22 17:41:23,10795,10795,10795,2
2019-07-22 17:41:34,10795,10795,10795,2
2019-07-22 17:42:13,10795,10795,10795,2
2019-07-22 17:42:13,10795,10795,10795,2
2019-07-22 17:42:16,10795,10795,10795,2
2019-07-22 17:42:16,10795,10795,10795,2
2019-07-22 17:42:40,10795,10795,10795,2
2019-07-22 17:42:41,10795,10795,10795,4
2019-07-22 17:42:41,10795,10795,10795,2
2019-07-22 17:42:41,10795,10795,10795,2
2019-07-22 17:42:41,10795,10795,10795,4
2019-07-22 17:42:41,10795,10795,10795,4
2019-07-22 17:42:41,10795,10795,10795,2
2019-07-22 17:42:41,10795,10795,10795,2
2019-07-22 17:42:42,10794,10794,10794,2
2019-07-22 17:42:42,10794,10794,10794,2
2019-07-22 17:42:42,10794,10794,10794,2
2019-07-22 17:42:42,10794,10794,10794,2
2019-07-22 17:42:42,10795,10795,10795,2
2019-07-22 17:42:52,10795,10795,10795,2
2019-07-22 17:43:16,10795,10795,10795,2
2019-07-22 17:43:47,10796,10796,10796,2
2019-07-22 17:44:00,10795,10795,10795,2
2019-07-22 17:44:22,10795,10795,10795,2
2019-07-22 17:44:22,10795,10795,10795,2
2019-07-22 17:44:26,10796,10796,10796,2
2019-07-22 17:44:51,10796,10796,10796,6
2019-07-22 17:44:51,10795,10795,10795,4
2019-07-22 17:44:53,10795,10795,10795,2
2019-07-22 17:44:53,10795,10795,10795,2
2019-07-22 17:44:53,10795,10795,10795,2
2019-07-22 17:44:53,10795,10795,10795,4
2019-07-22 17:44:53,10795,10795,10795,2
2019-07-22 17:44:53,10795,10795,10795,4
2019-07-22 17:44:53,10795,10795,10795,2
2019-07-22 17:44:55,10795,10795,10795,8
2019-07-22 17:44:56,10795,10795,10795,2
2019-07-22 17:44:59,10794,10794,10794,2
2019-07-22 17:45:21,10795,10795,10795,2
2019-07-22 17:45:46,10794,10794,10794,2
2019-07-22 17:46:06,10794,10794,10794,2
2019-07-22 17:46:08,10795,10795,10795,2
2019-07-22 17:46:27,10795,10795,10795,2
2019-07-22 17:46:32,10794,10794,10794,2
2019-07-22 17:46:34,10794,10794,10794,2
2019-07-22 17:46:44,10794,10794,10794,2
2019-07-22 17:46:57,10794,10794,10794,2
2019-07-22 17:46:57,10794,10794,10794,2
2019-07-22 17:46:57,10794,10794,10794,2
2019-07-22 17:46:57,10795,10795,10795,2
2019-07-22 17:47:05,10794,10794,10794,6
2019-07-22 17:47:06,10795,10795,10795,2
2019-07-22 17:47:08,10795,10795,10795,2
2019-07-22 17:47:08,10795,10795,10795,2
2019-07-22 17:47:08,10795,10795,10795,2
2019-07-22 17:47:44,10795,10795,10795,4
2019-07-22 17:48:09,10795,10795,10795,6
2019-07-22 17:48:09,10795,10795,10795,2
2019-07-22 17:48:09,10795,10795,10795,2
2019-07-22 17:48:12,10795,10795,10795,2
2019-07-22 17:48:33,10796,10796,10796,8
2019-07-22 17:49:39,10796,10796,10796,4
2019-07-22 17:49:39,10796,10796,10796,2
2019-07-22 17:49:39,10796,10796,10796,2
2019-07-22 17:49:40,10796,10796,10796,2
2019-07-22 17:50:06,10796,10796,10796,2
2019-07-22 17:50:06,10795,10795,10795,2
2019-07-22 17:50:07,10795,10795,10795,2
2019-07-22 17:50:21,10795,10795,10795,2
2019-07-22 17:50:52,10795,10795,10795,2
2019-07-22 17:51:19,10795,10795,10795,2
2019-07-22 17:52:12,10796,10796,10796,2
2019-07-22 17:52:28,10795,10795,10795,2
2019-07-22 17:52:43,10796,10796,10796,2
2019-07-22 17:52:43,10795,10795,10795,2
2019-07-22 17:52:46,10795,10795,10795,4
2019-07-22 17:52:50,10795,10795,10795,6
2019-07-22 17:52:50,10795,10795,10795,2
2019-07-22 17:52:50,10795,10795,10795,2
2019-07-22 17:53:16,10796,10796,10796,2
2019-07-22 17:53:18,10795,10795,10795,2
2019-07-22 17:54:02,10795,10795,10795,2
2019-07-22 17:54:03,10795,10795,10795,2
2019-07-22 17:54:30,10795,10795,10795,2
2019-07-22 17:54:30,10795,10795,10795,2
2019-07-22 17:54:30,10795,10795,10795,2
2019-07-22 17:54:30,10795,10795,10795,8
2019-07-22 17:54:31,10795,10795,10795,4
2019-07-22 17:54:31,10795,10795,10795,4
2019-07-22 17:54:37,10795,10795,10795,2
2019-07-22 17:54:42,10795,10795,10795,2
2019-07-22 17:54:44,10795,10795,10795,4
2019-07-22 17:55:01,10795,10795,10795,2
2019-07-22 17:55:10,10795,10795,10795,2
2019-07-22 17:55:33,10795,10795,10795,2
2019-07-22 17:56:19,10796,10796,10796,2
2019-07-22 17:56:26,10796,10796,10796,4
2019-07-22 17:56:38,10795,10795,10795,2
2019-07-22 17:56:56,10795,10795,10795,2
2019-07-22 17:57:00,10796,10796,10796,2
2019-07-22 17:57:00,10796,10796,10796,2
2019-07-22 17:57:35,10796,10796,10796,2
2019-07-22 17:58:16,10796,10796,10796,4
2019-07-22 17:58:23,10796,10796,10796,4
2019-07-22 17:58:23,10796,10796,10796,2
2019-07-22 17:58:45,10795,10795,10795,2
2019-07-22 17:58:45,10795,10795,10795,2
2019-07-22 17:58:46,10796,10796,10796,2
2019-07-22 17:59:00,10796,10796,10796,2
2019-07-22 17:59:30,10795,10795,10795,2
2019-07-22 17:59:30,10796,10796,10796,2
2019-07-22 17:59:37,10796,10796,10796,2
2019-07-22 17:59:37,10796,10796,10796,2
2019-07-22 17:59:51,10796,10796,10796,2
2019-07-22 17:59:55,10795,10795,10795,2
2019-07-22 18:00:34,10795,10795,10795,4
2019-07-22 18:00:34,10795,10795,10795,2
2019-07-22 18:00:34,10795,10795,10795,4
2019-07-22 18:00:34,10795,10795,10795,2
2019-07-22 18:00:34,10795,10795,10795,2
2019-07-22 18:00:34,10795,10795,10795,2
2019-07-22 18:00:35,10795,10795,10795,2
2019-07-22 18:01:04,10794,10794,10794,2
2019-07-22 18:01:04,10795,10795,10795,2
2019-07-22 18:01:12,10795,10795,10795,2
2019-07-22 18:01:37,10795,10795,10795,2
2019-07-22 18:02:56,10794,10794,10794,2
2019-07-22 18:03:55,10794,10794,10794,2
2019-07-22 18:04:04,10794,10794,10794,2
2019-07-22 18:04:09,10794,10794,10794,2
2019-07-22 18:04:49,10794,10794,10794,2
2019-07-22 18:04:49,10794,10794,10794,2
2019-07-22 18:04:49,10794,10794,10794,2
2019-07-22 18:04:49,10794,10794,10794,2
2019-07-22 18:05:05,10794,10794,10794,2
2019-07-22 18:05:05,10794,10794,10794,2
2019-07-22 18:05:05,10794,10794,10794,2
2019-07-22 18:05:05,10794,10794,10794,4
2019-07-22 18:05:36,10795,10795,10795,2
2019-07-22 18:05:36,10795,10795,10795,12
2019-07-22 18:05:36,10795,10795,10795,2
2019-07-22 18:05:36,10795,10795,10795,4
2019-07-22 18:05:36,10795,10795,10795,2
2019-07-22 18:05:36,10795,10795,10795,2
2019-07-22 18:05:36,10795,10795,10795,2
2019-07-22 18:05:36,10795,10795,10795,2
2019-07-22 18:07:02,10794,10794,10794,4
2019-07-22 18:07:17,10794,10794,10794,2
2019-07-22 18:07:24,10794,10794,10794,2
2019-07-22 18:07:42,10795,10795,10795,2
2019-07-22 18:09:01,10794,10794,10794,2
2019-07-22 18:09:19,10794,10794,10794,2
2019-07-22 18:09:47,10794,10794,10794,2
2019-07-22 18:10:06,10795,10795,10795,2
2019-07-22 18:10:51,10795,10795,10795,2
2019-07-22 18:10:51,10795,10795,10795,10
2019-07-22 18:10:52,10796,10796,10796,2
2019-07-22 18:11:11,10795,10795,10795,2
2019-07-22 18:11:27,10795,10795,10795,2
2019-07-22 18:11:32,10795,10795,10795,2
2019-07-22 18:11:53,10795,10795,10795,2
2019-07-22 18:11:58,10795,10795,10795,2
2019-07-22 18:12:20,10795,10795,10795,4
2019-07-22 18:12:20,10795,10795,10795,2
2019-07-22 18:12:42,10795,10795,10795,2
2019-07-22 18:12:52,10795,10795,10795,2
2019-07-22 18:12:52,10795,10795,10795,2
2019-07-22 18:12:56,10794,10794,10794,4
2019-07-22 18:12:57,10795,10795,10795,2
2019-07-22 18:13:15,10794,10794,10794,2
2019-07-22 18:13:15,10794,10794,10794,2
2019-07-22 18:13:39,10794,10794,10794,2
2019-07-22 18:13:46,10795,10795,10795,6
2019-07-22 18:13:56,10795,10795,10795,2
2019-07-22 18:14:09,10795,10795,10795,4
2019-07-22 18:14:09,10795,10795,10795,2
2019-07-22 18:14:24,10795,10795,10795,2
2019-07-22 18:15:36,10796,10796,10796,2
2019-07-22 18:15:44,10796,10796,10796,6
2019-07-22 18:15:44,10796,10796,10796,2
2019-07-22 18:15:45,10796,10796,10796,2
2019-07-22 18:16:30,10796,10796,10796,4
2019-07-22 18:16:44,10796,10796,10796,2
2019-07-22 18:17:10,10796,10796,10796,2
2019-07-22 18:17:14,10796,10796,10796,6
2019-07-22 18:17:23,10796,10796,10796,2
2019-07-22 18:17:36,10796,10796,10796,10
2019-07-22 18:18:08,10796,10796,10796,2
2019-07-22 18:18:28,10796,10796,10796,2
2019-07-22 18:18:41,10796,10796,10796,4
2019-07-22 18:18:57,10796,10796,10796,2
2019-07-22 18:19:22,10795,10795,10795,2
2019-07-22 18:20:11,10795,10795,10795,2
2019-07-22 18:20:13,10796,10796,10796,2
2019-07-22 18:20:19,10795,10795,10795,2
2019-07-22 18:20:56,10796,10796,10796,6
2019-07-22 18:20:56,10796,10796,10796,2
2019-07-22 18:20:59,10796,10796,10796,4
2019-07-22 18:21:09,10796,10796,10796,2
2019-07-22 18:21:21,10795,10795,10795,2
