2019-09-18 15:00:00.040,10897,10898,10898,51
2019-09-18 15:00:00.088,10897,10898,10898,6
2019-09-18 15:00:00.221,10897,10898,10898,6
2019-09-18 15:00:00.255,10897,10898,10898,1
2019-09-18 15:00:00.260,10897,10898,10898,1
2019-09-18 15:00:00.260,10897,10898,10899,1
2019-09-18 15:00:00.424,10898,10899,10898,2
2019-09-18 15:00:00.424,10898,10899,10897,3
2019-09-18 15:00:00.502,10898,10899,10897,3
2019-09-18 15:00:00.502,10898,10899,10896,2
2019-09-18 15:00:00.529,10896,10899,10896,3
2019-09-18 15:00:00.529,10896,10899,10896,2
2019-09-18 15:00:00.720,10896,10899,10899,1
2019-09-18 15:00:00.741,10896,10899,10899,1
2019-09-18 15:00:00.756,10896,10899,10896,2
2019-09-18 15:00:00.756,10896,10899,10895,4
2019-09-18 15:00:00.758,10896,10899,10899,1
2019-09-18 15:00:00.766,10895,10899,10898,2
2019-09-18 15:00:00.767,10895,10899,10896,2
2019-09-18 15:00:00.767,10895,10899,10895,2
2019-09-18 15:00:00.767,10895,10899,10894,2
2019-09-18 15:00:00.780,10895,10899,10898,1
2019-09-18 15:00:00.809,10895,10899,10896,1
2019-09-18 15:00:00.809,10895,10899,10894,3
2019-09-18 15:00:00.809,10895,10899,10893,2
2019-09-18 15:00:00.888,10896,10898,10898,1
2019-09-18 15:00:00.888,10896,10898,10899,5
2019-09-18 15:00:00.903,10896,10898,10899,1
2019-09-18 15:00:00.912,10896,10898,10899,1
2019-09-18 15:00:01.009,10898,10899,10898,1
2019-09-18 15:00:01.079,10898,10899,10893,3
2019-09-18 15:00:01.079,10898,10899,10892,1
2019-09-18 15:00:01.105,10898,10899,10895,1
2019-09-18 15:00:01.115,10898,10899,10892,1
2019-09-18 15:00:01.132,10898,10899,10892,3
2019-09-18 15:00:01.134,10898,10899,10892,2
2019-09-18 15:00:01.166,10892,10895,10893,2
2019-09-18 15:00:01.222,10892,10895,10895,2
2019-09-18 15:00:01.241,10892,10895,10895,2
2019-09-18 15:00:01.244,10892,10895,10893,2
2019-09-18 15:00:01.277,10893,10895,10893,1
2019-09-18 15:00:01.283,10893,10895,10893,1
2019-09-18 15:00:01.301,10893,10895,10892,1
2019-09-18 15:00:01.343,10893,10895,10895,10
2019-09-18 15:00:01.518,10895,10897,10897,1
2019-09-18 15:00:01.549,10895,10897,10897,1
2019-09-18 15:00:01.613,10895,10897,10897,1
2019-09-18 15:00:01.613,10895,10897,10898,1
2019-09-18 15:00:01.718,10895,10898,10894,1
2019-09-18 15:00:01.745,10895,10898,10897,1
2019-09-18 15:00:01.758,10895,10898,10898,1
2019-09-18 15:00:01.776,10894,10898,10898,1
2019-09-18 15:00:01.946,10894,10898,10897,1
2019-09-18 15:00:02.152,10895,10898,10898,1
2019-09-18 15:00:02.354,10895,10898,10899,1
2019-09-18 15:00:02.553,10896,10899,10899,1
2019-09-18 15:00:02.638,10896,10898,10898,2
2019-09-18 15:00:02.645,10896,10898,10899,1
2019-09-18 15:00:02.702,10896,10898,10898,1
2019-09-18 15:00:02.707,10896,10898,10898,1
2019-09-18 15:00:02.708,10896,10898,10899,1
2019-09-18 15:00:02.713,10896,10898,10898,2
2019-09-18 15:00:02.783,10896,10898,10898,1
2019-09-18 15:00:03.011,10896,10898,10898,1
2019-09-18 15:00:03.031,10896,10898,10898,1
2019-09-18 15:00:03.292,10897,10899,10899,1
2019-09-18 15:00:03.300,10897,10899,10900,1
2019-09-18 15:00:03.605,10896,10900,10900,1
2019-09-18 15:00:04.461,10897,10900,10900,1
2019-09-18 15:00:04.503,10897,10900,10900,1
2019-09-18 15:00:04.559,10897,10900,10897,1
2019-09-18 15:00:04.759,10897,10900,10897,1
2019-09-18 15:00:04.961,10897,10899,10897,1
2019-09-18 15:00:05.160,10896,10898,10896,1
2019-09-18 15:00:05.361,10896,10898,10896,6
2019-09-18 15:00:05.361,10896,10898,10895,4
2019-09-18 15:00:06.224,10895,10897,10897,1
2019-09-18 15:00:07.037,10895,10897,10895,1
2019-09-18 15:00:07.135,10896,10897,10896,1
2019-09-18 15:00:07.221,10896,10897,10897,2
2019-09-18 15:00:07.428,10896,10897,10896,2
2019-09-18 15:00:07.640,10896,10897,10896,2
2019-09-18 15:00:07.827,10896,10897,10897,1
2019-09-18 15:00:08.016,10896,10897,10897,1
2019-09-18 15:00:08.591,10896,10897,10896,2
2019-09-18 15:00:08.634,10896,10897,10896,1
2019-09-18 15:00:11.692,10896,10897,10896,2
2019-09-18 15:00:13.783,10896,10897,10897,3
2019-09-18 15:00:20.446,10896,10897,10896,1
2019-09-18 15:00:26.091,10896,10897,10897,2
2019-09-18 15:00:30.787,10896,10897,10896,1
2019-09-18 15:00:31.090,10896,10897,10896,10
2019-09-18 15:00:35.228,10895,10896,10896,1
2019-09-18 15:00:38.004,10895,10896,10895,1
2019-09-18 15:00:39.349,10895,10896,10896,1
2019-09-18 15:00:39.557,10895,10896,10895,1
2019-09-18 15:00:41.521,10895,10896,10895,4
2019-09-18 15:00:45.823,10894,10895,10894,1
2019-09-18 15:00:45.902,10894,10895,10895,1
2019-09-18 15:00:45.964,10894,10895,10894,1
2019-09-18 15:00:46.297,10894,10895,10894,1
2019-09-18 15:00:49.901,10894,10895,10895,1
2019-09-18 15:00:50.214,10894,10895,10894,5
2019-09-18 15:00:53.254,10894,10895,10894,1
2019-09-18 15:00:53.661,10894,10895,10894,3
2019-09-18 15:00:55.567,10894,10895,10894,1
2019-09-18 15:00:56.212,10893,10895,10893,2
2019-09-18 15:00:56.392,10893,10894,10893,1
2019-09-18 15:00:57.631,10893,10894,10894,2
2019-09-18 15:00:59.637,10893,10894,10893,1
2019-09-18 15:01:00.110,10893,10894,10894,2
2019-09-18 15:01:00.154,10893,10894,10894,2
2019-09-18 15:01:00.155,10893,10894,10894,1
2019-09-18 15:01:00.171,10893,10894,10894,1
2019-09-18 15:01:00.221,10893,10894,10894,1
2019-09-18 15:01:00.225,10893,10894,10894,1
2019-09-18 15:01:00.974,10893,10894,10894,1
2019-09-18 15:01:02.022,10893,10894,10894,4
2019-09-18 15:01:02.027,10893,10894,10894,3
2019-09-18 15:01:02.027,10893,10894,10895,20
2019-09-18 15:01:02.037,10893,10894,10896,16
2019-09-18 15:01:02.037,10893,10894,10897,15
2019-09-18 15:01:02.147,10896,10897,10896,1
2019-09-18 15:01:02.149,10896,10897,10896,1
2019-09-18 15:01:02.160,10896,10897,10896,1
2019-09-18 15:01:02.171,10896,10897,10896,1
2019-09-18 15:01:02.259,10896,10897,10896,1
2019-09-18 15:01:02.261,10896,10897,10897,1
2019-09-18 15:01:02.384,10897,10898,10897,1
2019-09-18 15:01:02.458,10897,10898,10897,1
2019-09-18 15:01:02.591,10896,10898,10897,1
2019-09-18 15:01:03.755,10895,10897,10895,2
2019-09-18 15:01:04.010,10895,10897,10895,1
2019-09-18 15:01:07.755,10894,10896,10894,2
2019-09-18 15:01:11.234,10894,10895,10894,5
2019-09-18 15:01:21.230,10894,10895,10894,2
2019-09-18 15:01:22.319,10894,10895,10894,3
2019-09-18 15:01:23.555,10894,10895,10894,1
2019-09-18 15:01:25.219,10894,10895,10895,1
2019-09-18 15:01:28.510,10894,10895,10894,1
2019-09-18 15:01:29.911,10894,10895,10894,1
2019-09-18 15:01:31.083,10894,10895,10894,16
2019-09-18 15:01:31.083,10894,10895,10893,1
2019-09-18 15:01:35.260,10894,10895,10894,1
2019-09-18 15:01:38.740,10894,10895,10894,1
2019-09-18 15:01:40.491,10894,10895,10894,1
2019-09-18 15:01:42.144,10894,10895,10894,2
2019-09-18 15:01:43.712,10894,10895,10894,1
2019-09-18 15:01:43.946,10894,10895,10894,1
2019-09-18 15:01:44.007,10894,10895,10894,1
2019-09-18 15:01:45.692,10894,10895,10894,1
2019-09-18 15:01:46.489,10894,10895,10894,1
2019-09-18 15:01:46.766,10894,10895,10894,1
2019-09-18 15:01:48.432,10894,10895,10894,1
2019-09-18 15:01:51.134,10894,10895,10894,1
2019-09-18 15:01:53.479,10894,10895,10894,1
2019-09-18 15:02:03.072,10894,10895,10895,1
2019-09-18 15:02:03.763,10894,10895,10894,1
2019-09-18 15:02:04.448,10894,10895,10894,3
2019-09-18 15:02:06.494,10894,10895,10895,1
2019-09-18 15:02:10.771,10894,10895,10894,1
2019-09-18 15:02:11.060,10894,10895,10894,1
2019-09-18 15:02:19.305,10894,10895,10894,1
2019-09-18 15:02:19.960,10894,10895,10895,1
2019-09-18 15:02:26.734,10894,10895,10894,1
2019-09-18 15:02:31.267,10894,10895,10895,3
2019-09-18 15:02:38.144,10894,10895,10894,1
2019-09-18 15:02:42.462,10894,10895,10895,20
2019-09-18 15:02:42.900,10895,10896,10895,1
2019-09-18 15:02:43.038,10895,10896,10896,3
2019-09-18 15:02:46.370,10895,10896,10896,1
2019-09-18 15:02:50.596,10895,10896,10896,1
2019-09-18 15:02:51.323,10895,10896,10896,2
2019-09-18 15:02:54.393,10896,10897,10896,4
2019-09-18 15:02:54.393,10896,10897,10895,1
2019-09-18 15:02:55.912,10895,10897,10897,1
2019-09-18 15:03:00.081,10896,10897,10897,1
2019-09-18 15:03:02.429,10896,10897,10897,1
2019-09-18 15:03:02.721,10896,10897,10897,1
2019-09-18 15:03:02.729,10896,10897,10897,1
2019-09-18 15:03:02.770,10896,10897,10897,1
2019-09-18 15:03:02.785,10896,10897,10897,11
2019-09-18 15:03:02.785,10896,10897,10897,1
2019-09-18 15:03:02.785,10896,10897,10897,1
2019-09-18 15:03:05.543,10896,10897,10897,1
2019-09-18 15:03:07.075,10896,10897,10896,1
2019-09-18 15:03:08.265,10896,10897,10896,1
2019-09-18 15:03:11.292,10896,10897,10897,5
2019-09-18 15:03:11.922,10896,10897,10897,1
2019-09-18 15:03:12.998,10896,10897,10896,2
2019-09-18 15:03:13.934,10896,10897,10897,1
2019-09-18 15:03:14.914,10897,10898,10898,1
2019-09-18 15:03:16.113,10897,10898,10897,1
2019-09-18 15:03:20.483,10896,10897,10897,1
2019-09-18 15:03:20.703,10896,10898,10896,1
2019-09-18 15:03:21.528,10896,10898,10898,1
2019-09-18 15:03:28.850,10896,10897,10897,1
2019-09-18 15:03:30.188,10896,10897,10897,1
2019-09-18 15:03:32.323,10896,10897,10897,1
2019-09-18 15:03:33.046,10896,10897,10897,1
2019-09-18 15:03:33.588,10896,10897,10896,1
2019-09-18 15:03:35.522,10896,10897,10897,1
2019-09-18 15:03:36.051,10896,10897,10897,1
2019-09-18 15:03:36.069,10896,10897,10897,4
2019-09-18 15:03:36.069,10896,10897,10896,1
2019-09-18 15:03:39.916,10897,10898,10898,1
2019-09-18 15:03:40.358,10897,10898,10897,2
2019-09-18 15:03:42.422,10897,10898,10897,1
2019-09-18 15:03:43.728,10897,10898,10898,4
2019-09-18 15:03:46.029,10897,10898,10897,1
2019-09-18 15:03:50.045,10896,10897,10897,1
2019-09-18 15:03:50.856,10896,10897,10897,1
2019-09-18 15:03:54.491,10896,10897,10897,3
2019-09-18 15:03:57.224,10896,10897,10897,3
2019-09-18 15:03:57.831,10896,10897,10897,1
2019-09-18 15:04:02.074,10896,10897,10897,4
2019-09-18 15:04:02.706,10896,10897,10897,1
2019-09-18 15:04:02.791,10896,10897,10897,5
2019-09-18 15:04:04.415,10896,10897,10897,2
2019-09-18 15:04:05.726,10897,10898,10897,1
2019-09-18 15:04:05.883,10897,10898,10897,1
2019-09-18 15:04:07.851,10897,10898,10897,1
2019-09-18 15:04:16.410,10897,10898,10897,1
2019-09-18 15:04:18.283,10897,10898,10897,1
2019-09-18 15:04:30.745,10897,10898,10898,5
2019-09-18 15:04:31.721,10897,10898,10897,1
2019-09-18 15:04:32.476,10897,10898,10898,18
2019-09-18 15:04:37.383,10898,10899,10899,1
2019-09-18 15:04:37.685,10898,10899,10898,1
2019-09-18 15:04:49.074,10898,10899,10898,1
2019-09-18 15:04:51.034,10898,10899,10898,10
2019-09-18 15:04:54.767,10898,10899,10898,1
2019-09-18 15:04:55.093,10898,10899,10898,1
2019-09-18 15:04:56.264,10898,10899,10898,1
2019-09-18 15:04:58.896,10898,10899,10899,4
2019-09-18 15:05:04.391,10898,10899,10899,1
2019-09-18 15:05:04.552,10898,10899,10898,1
2019-09-18 15:05:04.872,10898,10899,10899,1
2019-09-18 15:05:04.889,10898,10899,10899,1
2019-09-18 15:05:07.100,10898,10899,10899,1
2019-09-18 15:05:08.802,10898,10899,10899,1
2019-09-18 15:05:09.717,10898,10899,10899,1
2019-09-18 15:05:09.756,10898,10899,10899,1
2019-09-18 15:05:11.260,10898,10899,10898,1
2019-09-18 15:05:15.349,10898,10899,10898,1
2019-09-18 15:05:17.158,10898,10899,10899,5
2019-09-18 15:05:17.441,10898,10899,10899,2
2019-09-18 15:05:17.478,10898,10899,10899,2
2019-09-18 15:05:19.401,10898,10899,10898,1
2019-09-18 15:05:19.843,10898,10899,10899,1
2019-09-18 15:05:19.910,10898,10900,10898,1
2019-09-18 15:05:20.906,10898,10900,10900,2
2019-09-18 15:05:22.458,10898,10899,10899,2
2019-09-18 15:05:23.050,10898,10899,10899,2
2019-09-18 15:05:26.715,10898,10899,10899,1
2019-09-18 15:05:32.207,10898,10899,10899,3
2019-09-18 15:05:32.207,10898,10899,10899,1
2019-09-18 15:05:32.207,10898,10899,10899,2
2019-09-18 15:05:33.623,10899,10900,10899,1
2019-09-18 15:05:38.362,10899,10900,10899,1
2019-09-18 15:05:45.540,10899,10900,10899,1
2019-09-18 15:05:45.688,10899,10900,10900,1
2019-09-18 15:05:51.396,10899,10900,10899,1
2019-09-18 15:05:51.626,10899,10900,10900,1
2019-09-18 15:05:51.799,10899,10900,10900,1
2019-09-18 15:05:51.905,10899,10900,10900,1
2019-09-18 15:05:52.046,10899,10900,10900,1
2019-09-18 15:05:52.181,10899,10900,10900,1
2019-09-18 15:05:52.627,10899,10900,10900,48
2019-09-18 15:05:53.631,10900,10901,10900,1
2019-09-18 15:05:54.636,10900,10901,10900,1
2019-09-18 15:05:55.160,10900,10901,10900,1
2019-09-18 15:05:56.654,10900,10901,10901,1
2019-09-18 15:05:56.795,10900,10901,10901,1
2019-09-18 15:05:57.123,10900,10901,10901,1
2019-09-18 15:05:57.780,10900,10901,10901,1
2019-09-18 15:05:57.951,10900,10901,10901,1
2019-09-18 15:05:58.813,10900,10901,10901,3
2019-09-18 15:05:59.367,10901,10902,10901,1
2019-09-18 15:05:59.441,10901,10902,10902,35
2019-09-18 15:05:59.509,10901,10902,10902,2
2019-09-18 15:05:59.510,10901,10902,10902,5
2019-09-18 15:05:59.510,10901,10902,10902,3
2019-09-18 15:05:59.635,10901,10902,10902,1
2019-09-18 15:05:59.635,10901,10902,10902,3
2019-09-18 15:05:59.635,10901,10902,10902,1
2019-09-18 15:05:59.731,10901,10902,10903,1
2019-09-18 15:05:59.907,10902,10903,10903,1
2019-09-18 15:06:00.599,10902,10903,10903,1
2019-09-18 15:06:00.832,10902,10903,10903,1
2019-09-18 15:06:00.978,10902,10903,10903,1
2019-09-18 15:06:01.086,10902,10903,10903,1
2019-09-18 15:06:01.429,10902,10903,10903,1
2019-09-18 15:06:01.542,10902,10903,10903,6
2019-09-18 15:06:01.542,10902,10903,10904,9
2019-09-18 15:06:01.635,10903,10904,10904,1
2019-09-18 15:06:01.640,10903,10904,10904,4
2019-09-18 15:06:01.725,10903,10904,10903,1
2019-09-18 15:06:01.725,10903,10904,10902,1
2019-09-18 15:06:02.895,10903,10904,10903,1
2019-09-18 15:06:03.675,10902,10904,10902,1
2019-09-18 15:06:04.126,10902,10903,10903,1
2019-09-18 15:06:05.068,10902,10903,10903,1
2019-09-18 15:06:05.260,10902,10903,10903,1
2019-09-18 15:06:06.014,10902,10903,10903,1
2019-09-18 15:06:07.477,10902,10903,10903,1
2019-09-18 15:06:07.642,10902,10903,10903,5
2019-09-18 15:06:07.893,10902,10903,10902,1
2019-09-18 15:06:08.402,10902,10903,10903,1
2019-09-18 15:06:08.534,10902,10903,10903,1
2019-09-18 15:06:08.985,10902,10903,10903,1
2019-09-18 15:06:09.108,10902,10904,10904,3
2019-09-18 15:06:09.759,10903,10904,10903,1
2019-09-18 15:06:09.906,10902,10903,10903,1
2019-09-18 15:06:10.410,10902,10903,10902,10
2019-09-18 15:06:10.760,10902,10903,10902,12
2019-09-18 15:06:12.622,10901,10902,10902,1
2019-09-18 15:06:14.167,10901,10903,10903,1
2019-09-18 15:06:16.729,10901,10902,10902,1
2019-09-18 15:06:17.256,10901,10902,10902,1
2019-09-18 15:06:18.277,10901,10902,10902,2
2019-09-18 15:06:21.203,10901,10902,10902,1
2019-09-18 15:06:21.438,10901,10902,10902,1
2019-09-18 15:06:21.796,10901,10902,10902,1
2019-09-18 15:06:21.870,10901,10902,10902,3
2019-09-18 15:06:25.029,10901,10902,10902,1
2019-09-18 15:06:28.411,10901,10902,10901,10
2019-09-18 15:06:28.726,10901,10902,10902,3
2019-09-18 15:06:29.842,10901,10902,10902,5
2019-09-18 15:06:29.996,10901,10902,10901,1
2019-09-18 15:06:33.985,10901,10902,10901,1
2019-09-18 15:06:34.065,10901,10902,10902,1
2019-09-18 15:06:38.024,10901,10902,10901,1
2019-09-18 15:06:41.841,10901,10902,10902,1
2019-09-18 15:06:42.422,10901,10902,10901,1
2019-09-18 15:06:44.902,10901,10902,10901,1
2019-09-18 15:06:45.489,10901,10902,10901,1
2019-09-18 15:06:52.337,10901,10902,10902,1
2019-09-18 15:06:54.162,10901,10902,10902,1
2019-09-18 15:06:54.286,10901,10902,10902,1
2019-09-18 15:06:54.446,10901,10902,10902,1
2019-09-18 15:06:55.261,10901,10902,10902,1
2019-09-18 15:06:57.642,10901,10902,10902,1
2019-09-18 15:06:58.114,10901,10902,10902,1
2019-09-18 15:07:03.847,10901,10902,10902,1
2019-09-18 15:07:05.168,10901,10902,10902,3
2019-09-18 15:07:05.934,10901,10902,10902,1
2019-09-18 15:07:06.039,10901,10902,10902,4
2019-09-18 15:07:06.155,10901,10902,10902,14
2019-09-18 15:07:10.254,10901,10902,10902,1
2019-09-18 15:07:10.350,10901,10902,10902,1
2019-09-18 15:07:12.341,10901,10902,10902,1
2019-09-18 15:07:13.420,10901,10902,10902,1
2019-09-18 15:07:15.279,10901,10902,10901,1
2019-09-18 15:07:25.224,10901,10902,10902,5
2019-09-18 15:07:25.266,10901,10902,10901,4
2019-09-18 15:07:27.436,10901,10902,10901,1
2019-09-18 15:07:28.132,10901,10902,10902,1
2019-09-18 15:07:28.890,10901,10902,10902,1
2019-09-18 15:07:31.428,10901,10902,10902,1
2019-09-18 15:07:31.883,10901,10902,10901,2
2019-09-18 15:07:32.789,10901,10902,10901,1
2019-09-18 15:07:35.683,10901,10902,10902,1
2019-09-18 15:07:36.772,10901,10902,10901,1
2019-09-18 15:07:38.261,10901,10902,10901,1
2019-09-18 15:07:40.385,10901,10902,10901,27
2019-09-18 15:07:42.429,10900,10901,10901,2
2019-09-18 15:07:44.443,10900,10901,10901,2
2019-09-18 15:07:50.025,10900,10901,10901,5
2019-09-18 15:07:52.355,10900,10901,10900,21
2019-09-18 15:07:52.647,10899,10900,10900,1
2019-09-18 15:08:01.262,10899,10900,10900,2
2019-09-18 15:08:01.513,10899,10901,10899,1
2019-09-18 15:08:09.136,10899,10900,10900,1
2019-09-18 15:08:13.247,10900,10901,10900,2
2019-09-18 15:08:13.265,10899,10901,10899,3
2019-09-18 15:08:13.290,10899,10901,10899,1
2019-09-18 15:08:14.036,10899,10901,10901,5
2019-09-18 15:08:15.024,10899,10900,10900,1
2019-09-18 15:08:21.611,10899,10900,10900,1
2019-09-18 15:08:29.999,10899,10900,10900,1
2019-09-18 15:08:30.614,10899,10900,10900,1
2019-09-18 15:08:31.904,10900,10901,10900,1
2019-09-18 15:08:32.560,10899,10900,10900,1
2019-09-18 15:08:33.909,10899,10900,10900,1
2019-09-18 15:08:33.909,10899,10900,10901,4
2019-09-18 15:09:01.316,10900,10901,10901,1
2019-09-18 15:09:03.326,10900,10901,10901,1
2019-09-18 15:09:03.412,10900,10901,10901,1
2019-09-18 15:09:09.776,10900,10901,10901,1
2019-09-18 15:09:10.172,10900,10901,10901,1
2019-09-18 15:09:20.056,10900,10901,10901,15
2019-09-18 15:09:22.420,10900,10901,10901,18
2019-09-18 15:09:22.420,10900,10901,10901,2
2019-09-18 15:09:29.771,10901,10902,10902,1
2019-09-18 15:09:30.494,10901,10902,10902,1
2019-09-18 15:09:32.210,10901,10902,10901,1
2019-09-18 15:09:37.257,10901,10902,10902,5
2019-09-18 15:09:37.632,10901,10902,10902,23
2019-09-18 15:09:40.106,10901,10902,10901,1
2019-09-18 15:09:43.999,10901,10902,10901,1
2019-09-18 15:09:44.034,10901,10902,10902,1
2019-09-18 15:09:52.595,10901,10902,10902,2
2019-09-18 15:09:59.018,10901,10902,10902,1
2019-09-18 15:10:04.569,10901,10902,10902,4
2019-09-18 15:10:05.203,10901,10902,10902,4
2019-09-18 15:10:17.680,10901,10902,10901,1
2019-09-18 15:10:23.904,10901,10902,10902,14
2019-09-18 15:10:24.009,10901,10902,10902,1
2019-09-18 15:10:24.480,10902,10903,10903,1
2019-09-18 15:10:25.852,10902,10903,10903,1
2019-09-18 15:10:40.355,10902,10903,10903,5
2019-09-18 15:10:42.645,10902,10903,10903,19
2019-09-18 15:10:42.645,10902,10903,10904,5
2019-09-18 15:10:42.761,10903,10904,10903,5
2019-09-18 15:10:44.282,10902,10904,10902,2
2019-09-18 15:10:44.476,10902,10904,10903,1
2019-09-18 15:10:48.487,10902,10903,10903,1
2019-09-18 15:10:52.056,10902,10903,10903,2
2019-09-18 15:10:53.438,10902,10903,10903,1
2019-09-18 15:10:58.549,10902,10903,10903,1
2019-09-18 15:10:59.514,10902,10903,10902,10
2019-09-18 15:11:09.609,10901,10902,10902,1
2019-09-18 15:11:11.108,10901,10902,10902,1
2019-09-18 15:11:13.569,10902,10903,10902,1
2019-09-18 15:11:14.688,10902,10903,10903,1
2019-09-18 15:11:18.768,10902,10903,10902,1
2019-09-18 15:11:23.887,10902,10903,10902,1
2019-09-18 15:11:26.881,10902,10903,10902,3
2019-09-18 15:11:27.323,10902,10903,10902,1
2019-09-18 15:11:30.104,10902,10903,10902,1
2019-09-18 15:11:38.432,10902,10903,10903,5
2019-09-18 15:11:43.108,10902,10903,10903,9
2019-09-18 15:11:45.091,10902,10903,10903,1
2019-09-18 15:11:45.692,10902,10903,10903,7
2019-09-18 15:11:50.425,10902,10903,10903,2
2019-09-18 15:11:52.168,10902,10903,10902,1
2019-09-18 15:12:06.982,10902,10903,10902,1
2019-09-18 15:12:07.677,10902,10903,10902,1
2019-09-18 15:12:14.054,10902,10903,10903,1
2019-09-18 15:12:18.433,10902,10903,10903,9
2019-09-18 15:12:18.433,10902,10903,10903,3
2019-09-18 15:12:18.433,10902,10903,10903,1
2019-09-18 15:12:18.433,10902,10903,10903,1
2019-09-18 15:12:18.433,10902,10903,10903,5
2019-09-18 15:12:18.433,10902,10903,10903,4
2019-09-18 15:12:18.433,10902,10903,10903,2
2019-09-18 15:12:18.433,10902,10903,10903,2
2019-09-18 15:12:18.496,10902,10903,10903,1
2019-09-18 15:12:18.509,10902,10903,10903,3
2019-09-18 15:12:18.510,10902,10903,10903,3
2019-09-18 15:12:20.975,10903,10904,10903,1
2019-09-18 15:12:23.806,10903,10904,10903,1
2019-09-18 15:12:25.462,10903,10904,10904,20
2019-09-18 15:12:25.535,10903,10905,10905,2
2019-09-18 15:12:26.684,10903,10904,10904,3
2019-09-18 15:12:26.781,10903,10904,10904,1
2019-09-18 15:12:27.156,10903,10904,10904,2
2019-09-18 15:12:27.275,10903,10905,10903,1
2019-09-18 15:12:27.629,10903,10904,10904,2
2019-09-18 15:12:29.260,10903,10905,10905,1
2019-09-18 15:12:36.185,10903,10904,10904,2
2019-09-18 15:12:41.532,10903,10904,10904,1
2019-09-18 15:12:43.083,10903,10904,10904,1
2019-09-18 15:12:44.106,10903,10904,10904,1
2019-09-18 15:12:44.160,10903,10904,10904,2
2019-09-18 15:12:49.401,10903,10904,10904,1
2019-09-18 15:12:49.692,10903,10904,10904,1
2019-09-18 15:12:50.807,10903,10904,10904,1
2019-09-18 15:12:52.028,10903,10904,10904,1
2019-09-18 15:12:52.712,10903,10904,10904,2
2019-09-18 15:12:52.712,10903,10904,10905,3
2019-09-18 15:12:53.115,10903,10905,10905,3
2019-09-18 15:12:54.732,10904,10905,10904,1
2019-09-18 15:12:54.756,10904,10905,10904,1
2019-09-18 15:12:57.035,10904,10905,10904,1
2019-09-18 15:12:58.571,10904,10905,10905,1
2019-09-18 15:13:01.003,10904,10905,10905,5
2019-09-18 15:13:04.386,10904,10905,10905,1
2019-09-18 15:13:04.847,10904,10905,10905,1
2019-09-18 15:13:06.031,10904,10905,10905,3
2019-09-18 15:13:08.056,10904,10905,10905,1
2019-09-18 15:13:08.712,10904,10905,10905,1
2019-09-18 15:13:14.438,10904,10905,10904,1
2019-09-18 15:13:14.648,10904,10905,10905,1
2019-09-18 15:13:16.343,10904,10905,10904,1
2019-09-18 15:13:16.725,10904,10905,10905,1
2019-09-18 15:13:19.168,10904,10905,10905,2
2019-09-18 15:13:19.354,10904,10905,10905,1
2019-09-18 15:13:21.688,10904,10905,10904,1
2019-09-18 15:13:24.179,10904,10905,10904,1
2019-09-18 15:13:24.822,10904,10905,10905,1
2019-09-18 15:13:25.314,10904,10905,10905,1
2019-09-18 15:13:26.514,10904,10905,10904,2
2019-09-18 15:13:27.817,10904,10905,10904,1
2019-09-18 15:13:27.919,10904,10905,10905,1
2019-09-18 15:13:28.479,10904,10905,10904,1
2019-09-18 15:13:29.631,10904,10905,10904,1
2019-09-18 15:13:32.769,10904,10905,10904,1
2019-09-18 15:13:36.447,10904,10905,10905,1
2019-09-18 15:13:38.383,10904,10905,10904,3
2019-09-18 15:13:42.820,10904,10905,10904,2
2019-09-18 15:13:43.113,10904,10905,10905,1
2019-09-18 15:13:43.472,10904,10905,10905,1
2019-09-18 15:13:44.329,10904,10905,10904,1
2019-09-18 15:13:49.297,10904,10905,10904,1
2019-09-18 15:13:51.406,10904,10905,10904,1
2019-09-18 15:13:51.927,10904,10905,10904,10
2019-09-18 15:13:52.477,10903,10904,10904,1
2019-09-18 15:13:54.528,10904,10905,10904,1
2019-09-18 15:13:59.544,10903,10904,10904,1
2019-09-18 15:14:00.328,10903,10904,10904,1
2019-09-18 15:14:03.203,10903,10904,10903,1
2019-09-18 15:14:11.549,10903,10904,10903,2
2019-09-18 15:14:12.926,10903,10904,10903,1
2019-09-18 15:14:20.114,10903,10904,10903,1
2019-09-18 15:14:25.501,10903,10904,10904,10
2019-09-18 15:14:25.736,10904,10905,10904,2
2019-09-18 15:14:28.021,10904,10905,10904,1
2019-09-18 15:14:29.104,10904,10905,10904,1
2019-09-18 15:14:30.349,10904,10905,10905,5
2019-09-18 15:14:33.034,10904,10905,10905,1
2019-09-18 15:14:33.476,10904,10905,10904,1
2019-09-18 15:14:34.854,10904,10905,10904,1
2019-09-18 15:14:36.288,10904,10905,10904,2
2019-09-18 15:14:36.522,10904,10905,10904,1
2019-09-18 15:14:37.577,10903,10904,10904,1
2019-09-18 15:14:43.592,10903,10904,10904,1
2019-09-18 15:14:46.993,10903,10904,10903,1
2019-09-18 15:14:49.262,10903,10904,10904,1
2019-09-18 15:15:02.899,10903,10904,10904,1
2019-09-18 15:15:03.495,10903,10904,10903,2
2019-09-18 15:15:04.088,10903,10904,10903,5
2019-09-18 15:15:04.537,10903,10904,10903,5
2019-09-18 15:15:06.634,10903,10904,10903,3
2019-09-18 15:15:07.886,10903,10904,10903,1
2019-09-18 15:15:09.784,10903,10904,10903,1
2019-09-18 15:15:24.327,10903,10904,10904,5
2019-09-18 15:15:25.070,10903,10904,10904,3
2019-09-18 15:15:25.070,10903,10904,10905,26
2019-09-18 15:15:25.310,10904,10905,10905,1
2019-09-18 15:15:25.553,10904,10905,10904,1
2019-09-18 15:15:43.409,10904,10905,10904,3
2019-09-18 15:15:49.567,10903,10904,10904,3
2019-09-18 15:15:51.115,10904,10905,10904,1
2019-09-18 15:15:51.239,10904,10905,10905,1
2019-09-18 15:15:57.674,10904,10905,10904,1
2019-09-18 15:16:00.829,10904,10905,10905,1
2019-09-18 15:16:06.534,10904,10905,10905,1
2019-09-18 15:16:08.706,10904,10905,10904,1
2019-09-18 15:16:20.239,10904,10905,10905,1
2019-09-18 15:16:21.939,10904,10905,10904,1
2019-09-18 15:16:21.972,10904,10905,10905,5
2019-09-18 15:16:22.042,10904,10905,10905,1
2019-09-18 15:16:26.770,10904,10905,10905,2
2019-09-18 15:16:28.391,10904,10906,10906,1
2019-09-18 15:16:29.013,10904,10906,10906,1
2019-09-18 15:16:30.806,10905,10906,10906,1
2019-09-18 15:16:33.635,10905,10906,10905,2
2019-09-18 15:16:33.969,10904,10905,10905,2
2019-09-18 15:16:34.719,10905,10906,10905,1
2019-09-18 15:16:46.843,10904,10906,10906,1
2019-09-18 15:16:48.031,10904,10905,10905,1
2019-09-18 15:16:51.527,10905,10906,10905,1
2019-09-18 15:16:55.993,10904,10906,10904,1
2019-09-18 15:17:05.167,10905,10906,10906,1
2019-09-18 15:17:05.647,10905,10906,10905,1
2019-09-18 15:17:06.452,10905,10906,10906,5
2019-09-18 15:17:07.946,10905,10906,10905,1
2019-09-18 15:17:13.574,10905,10906,10906,1
2019-09-18 15:17:15.194,10905,10906,10905,1
2019-09-18 15:17:16.911,10905,10906,10905,5
2019-09-18 15:17:19.169,10905,10906,10906,1
2019-09-18 15:17:23.346,10905,10906,10905,5
2019-09-18 15:17:25.477,10905,10906,10905,1
2019-09-18 15:17:44.008,10905,10906,10905,1
2019-09-18 15:17:46.729,10905,10906,10905,1
2019-09-18 15:18:06.100,10905,10906,10906,1
2019-09-18 15:18:06.222,10905,10906,10905,1
2019-09-18 15:18:08.936,10905,10906,10906,1
2019-09-18 15:18:10.853,10905,10906,10906,1
2019-09-18 15:18:16.250,10905,10906,10905,1
2019-09-18 15:18:19.328,10905,10906,10905,1
2019-09-18 15:18:31.030,10905,10906,10905,10
2019-09-18 15:18:32.104,10905,10906,10906,1
2019-09-18 15:18:37.048,10905,10906,10905,2
2019-09-18 15:18:37.445,10905,10906,10905,21
2019-09-18 15:18:39.312,10904,10905,10905,1
2019-09-18 15:18:43.937,10904,10905,10905,8
2019-09-18 15:18:44.662,10904,10905,10904,1
2019-09-18 15:18:57.280,10904,10905,10905,1
2019-09-18 15:19:12.968,10904,10905,10905,2
2019-09-18 15:19:13.061,10904,10905,10905,1
2019-09-18 15:19:20.365,10904,10905,10905,1
2019-09-18 15:19:34.217,10904,10905,10905,1
2019-09-18 15:19:44.670,10904,10905,10905,1
2019-09-18 15:19:44.980,10904,10905,10905,1
2019-09-18 15:19:46.077,10904,10905,10905,1
2019-09-18 15:19:47.442,10904,10905,10905,1
2019-09-18 15:19:48.722,10904,10905,10905,1
2019-09-18 15:20:00.362,10905,10906,10905,1
2019-09-18 15:20:00.399,10905,10906,10905,1
2019-09-18 15:20:14.833,10905,10906,10905,2
2019-09-18 15:20:15.172,10905,10906,10906,1
2019-09-18 15:20:15.312,10905,10906,10906,1
2019-09-18 15:20:15.600,10905,10906,10906,1
2019-09-18 15:20:18.510,10905,10906,10905,5
2019-09-18 15:20:21.789,10905,10906,10905,4
2019-09-18 15:20:21.884,10904,10905,10905,1
2019-09-18 15:20:25.397,10905,10906,10905,1
2019-09-18 15:20:41.665,10904,10905,10905,2
2019-09-18 15:20:42.907,10904,10905,10905,1
2019-09-18 15:20:47.690,10904,10905,10905,1
2019-09-18 15:20:47.846,10904,10905,10905,1
2019-09-18 15:20:51.836,10904,10905,10905,1
2019-09-18 15:20:51.976,10904,10905,10905,1
2019-09-18 15:20:52.732,10904,10905,10905,1
2019-09-18 15:20:52.882,10904,10905,10905,1
2019-09-18 15:20:57.275,10904,10905,10905,1
2019-09-18 15:21:05.344,10904,10905,10905,1
2019-09-18 15:21:08.216,10904,10905,10905,1
2019-09-18 15:21:18.373,10904,10905,10905,2
2019-09-18 15:21:20.596,10904,10905,10905,1
2019-09-18 15:21:24.306,10905,10906,10905,1
2019-09-18 15:21:39.073,10905,10906,10906,1
2019-09-18 15:21:40.314,10905,10906,10905,1
2019-09-18 15:22:07.760,10905,10906,10905,16
2019-09-18 15:22:07.760,10905,10906,10904,56
2019-09-18 15:22:07.907,10904,10905,10904,8
2019-09-18 15:22:07.907,10904,10905,10903,45
2019-09-18 15:22:08.010,10902,10903,10902,1
2019-09-18 15:22:08.010,10902,10903,10902,2
2019-09-18 15:22:08.010,10902,10903,10902,5
2019-09-18 15:22:08.011,10902,10903,10903,19
2019-09-18 15:22:08.317,10903,10904,10903,1
2019-09-18 15:22:08.430,10903,10904,10903,1
2019-09-18 15:22:08.456,10903,10904,10904,3
2019-09-18 15:22:08.927,10903,10904,10904,1
2019-09-18 15:22:09.070,10903,10904,10904,12
2019-09-18 15:22:09.787,10904,10905,10905,3
2019-09-18 15:22:09.905,10904,10905,10904,1
2019-09-18 15:22:15.270,10904,10905,10904,1
2019-09-18 15:22:23.894,10904,10905,10905,8
2019-09-18 15:22:24.014,10904,10905,10905,1
2019-09-18 15:22:24.014,10904,10905,10905,2
2019-09-18 15:22:25.668,10904,10905,10905,1
2019-09-18 15:22:26.486,10904,10905,10904,1
2019-09-18 15:22:39.987,10904,10905,10904,2
2019-09-18 15:22:44.048,10904,10905,10904,1
2019-09-18 15:22:45.027,10904,10905,10904,1
2019-09-18 15:22:48.264,10903,10904,10903,1
2019-09-18 15:23:04.307,10903,10904,10904,2
2019-09-18 15:23:22.331,10903,10904,10904,1
2019-09-18 15:23:28.062,10903,10904,10903,9
2019-09-18 15:23:28.062,10903,10904,10902,6
2019-09-18 15:23:54.788,10903,10904,10903,1
2019-09-18 15:23:56.660,10903,10904,10903,1
2019-09-18 15:24:08.216,10903,10904,10903,1
2019-09-18 15:24:08.683,10902,10903,10902,2
2019-09-18 15:24:22.481,10902,10903,10903,3
2019-09-18 15:24:22.496,10902,10903,10903,3
2019-09-18 15:24:22.509,10902,10903,10903,1
2019-09-18 15:24:25.257,10903,10904,10903,3
2019-09-18 15:24:28.211,10903,10904,10903,2
2019-09-18 15:24:31.289,10902,10903,10903,1
2019-09-18 15:24:34.879,10903,10904,10903,1
2019-09-18 15:24:35.767,10902,10903,10902,1
2019-09-18 15:24:51.299,10902,10903,10903,1
2019-09-18 15:24:52.629,10902,10903,10903,2
2019-09-18 15:24:52.683,10903,10904,10904,1
2019-09-18 15:24:53.329,10903,10904,10903,1
2019-09-18 15:24:54.086,10903,10904,10903,1
2019-09-18 15:25:02.850,10903,10904,10903,1
2019-09-18 15:25:03.301,10903,10904,10904,1
2019-09-18 15:25:04.326,10903,10904,10903,1
2019-09-18 15:25:09.590,10903,10904,10903,1
2019-09-18 15:25:12.803,10903,10904,10903,26
2019-09-18 15:25:12.803,10903,10904,10902,74
2019-09-18 15:25:12.885,10902,10903,10902,2
2019-09-18 15:25:19.179,10902,10903,10903,17
2019-09-18 15:25:21.064,10903,10904,10903,6
2019-09-18 15:25:24.181,10902,10903,10903,2
2019-09-18 15:25:29.442,10902,10903,10903,2
2019-09-18 15:25:33.673,10902,10903,10903,2
2019-09-18 15:25:42.173,10902,10903,10903,1
2019-09-18 15:25:54.304,10902,10903,10903,3
2019-09-18 15:26:03.920,10902,10903,10903,2
2019-09-18 15:26:03.969,10902,10903,10903,2
2019-09-18 15:26:07.342,10903,10904,10903,1
2019-09-18 15:26:29.003,10902,10903,10903,1
2019-09-18 15:26:47.490,10902,10903,10902,3
2019-09-18 15:26:47.762,10902,10903,10902,8
2019-09-18 15:26:47.884,10902,10903,10902,1
2019-09-18 15:26:48.043,10902,10903,10902,3
2019-09-18 15:27:01.607,10901,10902,10902,1
2019-09-18 15:27:01.941,10902,10903,10902,1
2019-09-18 15:27:01.941,10902,10903,10901,1
2019-09-18 15:27:10.283,10902,10903,10903,1
2019-09-18 15:27:10.392,10902,10903,10903,5
2019-09-18 15:27:16.528,10902,10903,10902,1
2019-09-18 15:27:20.633,10902,10903,10902,1
2019-09-18 15:27:20.633,10902,10903,10901,38
2019-09-18 15:27:20.637,10900,10901,10901,1
2019-09-18 15:27:22.777,10900,10901,10901,2
2019-09-18 15:27:23.085,10900,10901,10900,1
2019-09-18 15:27:28.435,10900,10901,10900,1
2019-09-18 15:27:29.886,10900,10901,10901,14
2019-09-18 15:27:31.832,10901,10902,10901,1
2019-09-18 15:27:36.531,10901,10902,10901,8
2019-09-18 15:27:37.328,10900,10901,10901,1
2019-09-18 15:27:55.059,10900,10901,10901,1
2019-09-18 15:28:08.204,10900,10901,10901,10
2019-09-18 15:28:09.449,10900,10901,10901,1
2019-09-18 15:28:09.509,10900,10901,10901,1
2019-09-18 15:28:13.565,10900,10901,10901,3
2019-09-18 15:28:15.890,10901,10902,10901,1
2019-09-18 15:28:20.570,10901,10902,10901,1
2019-09-18 15:28:21.473,10901,10902,10901,1
2019-09-18 15:28:21.507,10901,10902,10901,4
2019-09-18 15:28:23.575,10900,10901,10901,1
2019-09-18 15:28:24.148,10900,10901,10901,1
2019-09-18 15:28:33.306,10900,10901,10900,10
2019-09-18 15:28:46.059,10900,10901,10900,1
2019-09-18 15:28:50.871,10900,10901,10900,1
2019-09-18 15:28:50.988,10900,10901,10901,1
2019-09-18 15:28:51.104,10900,10901,10901,1
2019-09-18 15:29:07.836,10900,10901,10901,1
2019-09-18 15:29:09.649,10900,10901,10900,1
2019-09-18 15:29:13.953,10900,10901,10901,9
2019-09-18 15:29:15.010,10901,10902,10901,2
2019-09-18 15:29:15.010,10901,10902,10900,16
2019-09-18 15:29:23.315,10900,10902,10900,1
2019-09-18 15:29:37.005,10900,10901,10901,1
2019-09-18 15:29:38.746,10901,10902,10901,3
2019-09-18 15:29:40.656,10901,10902,10902,1
2019-09-18 15:29:42.665,10901,10902,10901,1
2019-09-18 15:29:44.494,10901,10902,10902,1
2019-09-18 15:30:04.033,10901,10902,10902,1
2019-09-18 15:30:04.588,10901,10902,10902,10
2019-09-18 15:30:04.627,10901,10902,10901,2
2019-09-18 15:30:17.945,10901,10902,10902,1
2019-09-18 15:30:19.617,10901,10902,10901,1
2019-09-18 15:30:23.152,10901,10902,10901,1
2019-09-18 15:30:24.915,10901,10902,10902,1
2019-09-18 15:30:34.506,10901,10902,10902,1
2019-09-18 15:31:05.279,10901,10902,10902,10
2019-09-18 15:31:32.089,10901,10902,10902,1
2019-09-18 15:31:34.894,10901,10902,10902,2
2019-09-18 15:31:41.088,10901,10902,10901,21
2019-09-18 15:31:41.134,10901,10902,10901,5
2019-09-18 15:31:42.968,10900,10901,10900,21
2019-09-18 15:31:43.625,10900,10901,10900,8
2019-09-18 15:31:44.886,10900,10901,10900,13
2019-09-18 15:31:46.598,10900,10901,10900,7
2019-09-18 15:31:46.634,10900,10901,10900,1
2019-09-18 15:31:51.603,10899,10900,10900,2
2019-09-18 15:31:54.219,10899,10900,10899,3
2019-09-18 15:31:57.262,10899,10900,10899,1
2019-09-18 15:32:00.639,10899,10900,10899,1
2019-09-18 15:32:04.268,10899,10900,10899,1
2019-09-18 15:32:08.809,10899,10900,10899,1
2019-09-18 15:32:12.361,10899,10900,10899,1
2019-09-18 15:32:12.494,10899,10900,10899,1
2019-09-18 15:32:12.606,10899,10900,10899,1
2019-09-18 15:32:15.126,10899,10900,10899,1
2019-09-18 15:32:15.273,10899,10900,10899,1
2019-09-18 15:32:16.213,10899,10900,10899,1
2019-09-18 15:32:16.410,10899,10900,10899,1
2019-09-18 15:32:17.356,10899,10900,10899,1
2019-09-18 15:32:18.073,10899,10900,10899,1
2019-09-18 15:32:20.185,10899,10900,10899,1
2019-09-18 15:32:21.883,10899,10900,10899,1
2019-09-18 15:32:24.068,10899,10900,10900,10
2019-09-18 15:32:24.310,10899,10900,10901,1
2019-09-18 15:32:27.485,10899,10901,10900,1
2019-09-18 15:32:32.385,10899,10900,10899,1
2019-09-18 15:32:33.652,10899,10900,10899,1
2019-09-18 15:32:35.306,10899,10900,10899,1
2019-09-18 15:32:36.348,10899,10900,10900,1
2019-09-18 15:32:36.821,10899,10900,10899,1
2019-09-18 15:32:37.334,10899,10900,10899,1
2019-09-18 15:32:45.330,10899,10900,10899,1
2019-09-18 15:32:49.970,10899,10900,10899,1
2019-09-18 15:32:53.715,10899,10900,10899,2
2019-09-18 15:32:53.721,10899,10900,10899,1
2019-09-18 15:32:54.296,10899,10900,10899,2
2019-09-18 15:32:55.930,10899,10900,10899,1
2019-09-18 15:32:57.002,10899,10900,10899,1
2019-09-18 15:33:02.719,10899,10900,10900,1
2019-09-18 15:33:04.584,10899,10900,10899,3
2019-09-18 15:33:10.806,10899,10900,10900,2
2019-09-18 15:33:16.005,10899,10900,10900,1
2019-09-18 15:33:16.445,10899,10900,10899,1
2019-09-18 15:33:18.990,10899,10900,10900,9
2019-09-18 15:33:27.806,10900,10901,10900,1
2019-09-18 15:33:36.553,10900,10901,10900,1
2019-09-18 15:33:37.998,10900,10901,10901,1
2019-09-18 15:33:39.768,10900,10901,10901,10
2019-09-18 15:33:55.182,10900,10901,10901,15
2019-09-18 15:34:00.082,10900,10901,10900,3
2019-09-18 15:34:10.585,10900,10901,10901,1
2019-09-18 15:34:41.177,10900,10901,10901,1
2019-09-18 15:34:45.400,10900,10901,10900,5
2019-09-18 15:34:45.939,10900,10901,10900,5
2019-09-18 15:34:46.647,10900,10901,10900,5
2019-09-18 15:34:47.358,10900,10901,10900,1
2019-09-18 15:34:48.344,10900,10901,10900,1
2019-09-18 15:34:49.327,10900,10901,10901,2
2019-09-18 15:35:08.020,10900,10901,10900,1
2019-09-18 15:35:32.654,10900,10901,10901,7
2019-09-18 15:36:00.514,10900,10901,10901,2
2019-09-18 15:36:08.856,10900,10901,10901,2
2019-09-18 15:36:37.884,10900,10901,10901,2
2019-09-18 15:36:40.725,10900,10901,10901,2
2019-09-18 15:36:43.541,10900,10901,10901,1
2019-09-18 15:36:51.406,10900,10901,10901,1
2019-09-18 15:37:04.858,10900,10901,10901,1
2019-09-18 15:37:31.288,10901,10902,10901,1
2019-09-18 15:37:48.640,10901,10902,10901,1
2019-09-18 15:38:18.716,10901,10902,10901,2
2019-09-18 15:38:19.944,10901,10902,10901,1
2019-09-18 15:38:35.667,10901,10902,10902,1
2019-09-18 15:38:38.299,10901,10902,10901,1
2019-09-18 15:38:42.182,10901,10902,10901,5
2019-09-18 15:38:53.324,10900,10901,10901,2
2019-09-18 15:38:53.324,10900,10901,10901,1
2019-09-18 15:38:53.325,10900,10901,10901,1
2019-09-18 15:38:53.326,10900,10901,10901,1
2019-09-18 15:38:53.328,10900,10901,10901,1
2019-09-18 15:39:09.242,10900,10901,10901,2
2019-09-18 15:39:09.463,10901,10902,10901,2
2019-09-18 15:39:09.475,10901,10902,10901,3
2019-09-18 15:39:09.497,10901,10902,10900,4
2019-09-18 15:39:09.514,10900,10902,10900,2
2019-09-18 15:39:09.514,10900,10902,10900,5
2019-09-18 15:39:09.516,10900,10902,10900,5
2019-09-18 15:39:09.532,10900,10902,10900,2
2019-09-18 15:39:11.319,10900,10901,10901,1
2019-09-18 15:39:48.372,10900,10901,10901,1
2019-09-18 15:39:52.949,10900,10901,10901,4
2019-09-18 15:40:02.012,10901,10902,10902,5
2019-09-18 15:40:02.606,10901,10902,10901,1
2019-09-18 15:40:02.808,10901,10902,10901,1
2019-09-18 15:40:03.150,10901,10902,10901,1
2019-09-18 15:40:04.650,10900,10902,10900,1
2019-09-18 15:40:08.322,10900,10902,10900,1
2019-09-18 15:40:09.294,10900,10902,10900,1
2019-09-18 15:40:10.800,10900,10901,10900,1
2019-09-18 15:40:30.750,10900,10901,10900,3
2019-09-18 15:40:31.550,10900,10901,10901,1
2019-09-18 15:40:33.733,10900,10901,10900,4
2019-09-18 15:40:49.377,10900,10901,10900,1
2019-09-18 15:40:51.910,10900,10901,10901,1
2019-09-18 15:40:54.535,10900,10901,10901,5
2019-09-18 15:40:58.394,10900,10902,10900,15
2019-09-18 15:41:32.443,10900,10901,10900,1
2019-09-18 15:41:43.364,10900,10901,10900,1
2019-09-18 15:41:44.641,10900,10901,10900,1
2019-09-18 15:41:45.493,10900,10901,10900,2
2019-09-18 15:41:52.627,10900,10901,10900,1
2019-09-18 15:41:58.654,10900,10901,10900,1
2019-09-18 15:42:00.888,10900,10901,10900,1
2019-09-18 15:42:01.114,10900,10901,10901,2
2019-09-18 15:42:01.134,10900,10901,10901,1
2019-09-18 15:42:07.045,10900,10901,10901,1
2019-09-18 15:42:07.221,10900,10901,10901,1
2019-09-18 15:42:09.912,10900,10902,10900,1
2019-09-18 15:42:34.609,10900,10901,10901,3
2019-09-18 15:42:45.187,10901,10902,10902,10
2019-09-18 15:42:48.220,10901,10902,10902,2
2019-09-18 15:42:53.164,10901,10902,10902,1
2019-09-18 15:42:55.925,10901,10902,10902,2
2019-09-18 15:43:02.543,10901,10902,10902,1
2019-09-18 15:43:02.702,10901,10902,10901,10
2019-09-18 15:43:23.871,10901,10902,10901,5
2019-09-18 15:43:27.829,10901,10902,10902,1
2019-09-18 15:43:28.292,10901,10902,10901,1
2019-09-18 15:43:52.520,10901,10902,10902,9
2019-09-18 15:43:53.785,10901,10902,10902,1
2019-09-18 15:44:18.399,10901,10902,10902,1
2019-09-18 15:44:22.473,10901,10902,10902,1
2019-09-18 15:44:23.880,10901,10902,10902,1
2019-09-18 15:44:24.720,10901,10902,10902,1
2019-09-18 15:44:40.802,10901,10902,10902,1
2019-09-18 15:44:45.349,10901,10902,10902,4
2019-09-18 15:45:06.416,10902,10903,10903,1
2019-09-18 15:45:06.532,10902,10903,10902,1
2019-09-18 15:45:06.585,10902,10903,10903,1
2019-09-18 15:45:06.675,10902,10903,10903,2
2019-09-18 15:45:06.686,10902,10903,10903,3
2019-09-18 15:45:14.645,10902,10903,10903,1
2019-09-18 15:45:15.111,10902,10903,10903,1
2019-09-18 15:45:15.634,10902,10903,10903,6
2019-09-18 15:45:15.695,10902,10903,10903,1
2019-09-18 15:45:15.759,10902,10903,10903,3
2019-09-18 15:45:22.924,10903,10904,10904,1
2019-09-18 15:45:28.702,10903,10904,10904,1
2019-09-18 15:45:32.998,10903,10904,10904,1
2019-09-18 15:45:34.533,10903,10904,10904,20
2019-09-18 15:45:34.635,10904,10905,10904,4
2019-09-18 15:45:34.640,10904,10905,10904,2
2019-09-18 15:45:34.760,10904,10905,10904,2
2019-09-18 15:45:34.884,10904,10905,10904,1
2019-09-18 15:45:36.379,10904,10905,10904,1
2019-09-18 15:45:36.388,10904,10905,10904,1
2019-09-18 15:45:36.388,10904,10905,10904,2
2019-09-18 15:45:36.388,10904,10905,10904,2
2019-09-18 15:45:40.193,10903,10904,10904,1
2019-09-18 15:45:41.088,10903,10904,10904,1
2019-09-18 15:45:43.439,10903,10904,10904,1
2019-09-18 15:45:43.597,10903,10904,10904,1
2019-09-18 15:45:45.702,10903,10904,10904,1
2019-09-18 15:45:45.988,10903,10904,10904,1
2019-09-18 15:45:46.687,10903,10904,10904,1
2019-09-18 15:45:47.536,10903,10904,10904,1
2019-09-18 15:45:50.041,10903,10904,10904,1
2019-09-18 15:45:56.691,10903,10904,10904,6
2019-09-18 15:46:03.253,10903,10904,10904,16
2019-09-18 15:46:03.264,10904,10905,10904,1
2019-09-18 15:46:03.265,10904,10905,10904,2
2019-09-18 15:46:03.283,10904,10905,10904,1
2019-09-18 15:46:06.670,10903,10904,10904,1
2019-09-18 15:46:07.972,10903,10904,10904,1
2019-09-18 15:46:08.143,10903,10904,10904,1
2019-09-18 15:46:09.693,10903,10905,10905,5
2019-09-18 15:46:10.744,10904,10905,10904,1
2019-09-18 15:46:12.578,10904,10905,10905,1
2019-09-18 15:46:12.738,10904,10905,10905,1
2019-09-18 15:46:12.855,10904,10905,10905,1
2019-09-18 15:46:13.152,10904,10905,10904,2
2019-09-18 15:46:15.293,10903,10904,10904,1
2019-09-18 15:46:16.950,10903,10904,10904,1
2019-09-18 15:46:17.097,10903,10904,10904,1
2019-09-18 15:46:17.935,10903,10904,10904,1
2019-09-18 15:46:22.084,10904,10905,10905,1
2019-09-18 15:46:25.181,10904,10905,10905,1
2019-09-18 15:46:31.174,10904,10905,10904,1
2019-09-18 15:46:34.040,10904,10905,10904,1
2019-09-18 15:46:36.266,10904,10905,10904,2
2019-09-18 15:46:37.249,10903,10904,10904,1
2019-09-18 15:46:38.503,10903,10904,10904,1
2019-09-18 15:46:43.717,10903,10904,10904,1
2019-09-18 15:46:46.539,10903,10904,10904,4
2019-09-18 15:46:47.279,10903,10904,10904,1
2019-09-18 15:46:58.974,10903,10904,10904,1
2019-09-18 15:46:59.164,10903,10904,10904,1
2019-09-18 15:47:01.103,10903,10904,10904,1
2019-09-18 15:47:01.283,10903,10904,10904,1
2019-09-18 15:47:12.865,10903,10904,10904,1
2019-09-18 15:47:14.863,10903,10904,10904,15
2019-09-18 15:47:22.544,10903,10905,10905,1
2019-09-18 15:47:24.471,10903,10904,10904,1
2019-09-18 15:47:26.274,10903,10905,10905,1
2019-09-18 15:47:27.601,10903,10905,10905,1
2019-09-18 15:47:30.534,10904,10905,10905,1
2019-09-18 15:47:33.596,10903,10905,10905,1
2019-09-18 15:47:41.319,10904,10905,10905,1
2019-09-18 15:47:44.773,10904,10905,10905,2
2019-09-18 15:47:55.064,10904,10905,10905,1
2019-09-18 15:48:00.265,10904,10905,10905,1
2019-09-18 15:48:02.396,10904,10905,10905,1
2019-09-18 15:48:08.267,10904,10905,10904,2
2019-09-18 15:48:18.830,10904,10905,10905,1
2019-09-18 15:48:18.998,10904,10905,10904,2
2019-09-18 15:48:19.728,10904,10905,10904,1
2019-09-18 15:48:20.888,10904,10905,10904,1
2019-09-18 15:48:26.432,10904,10905,10904,1
2019-09-18 15:48:31.359,10904,10905,10904,1
2019-09-18 15:48:36.505,10903,10904,10903,1
2019-09-18 15:48:45.280,10903,10904,10904,1
2019-09-18 15:48:53.661,10903,10904,10904,1
2019-09-18 15:49:20.950,10903,10904,10903,3
2019-09-18 15:49:24.041,10903,10904,10904,1
2019-09-18 15:49:33.559,10903,10904,10904,1
2019-09-18 15:49:39.762,10903,10904,10904,1
2019-09-18 15:49:41.894,10903,10904,10903,11
2019-09-18 15:49:44.012,10903,10904,10903,2
2019-09-18 15:49:44.326,10902,10904,10904,1
2019-09-18 15:50:01.392,10903,10904,10903,1
2019-09-18 15:50:26.703,10903,10904,10903,1
2019-09-18 15:50:27.398,10903,10904,10903,1
2019-09-18 15:50:30.711,10903,10904,10903,1
2019-09-18 15:50:34.939,10903,10904,10903,1
2019-09-18 15:50:52.624,10903,10904,10904,1
2019-09-18 15:51:00.830,10903,10904,10903,1
2019-09-18 15:51:00.884,10903,10904,10903,2
2019-09-18 15:51:01.011,10902,10903,10903,1
2019-09-18 15:51:05.461,10902,10903,10902,1
2019-09-18 15:51:05.580,10902,10903,10902,1
2019-09-18 15:51:06.536,10902,10903,10902,1
2019-09-18 15:51:06.667,10902,10903,10902,1
2019-09-18 15:51:22.316,10902,10903,10902,1
2019-09-18 15:51:27.300,10902,10903,10902,1
2019-09-18 15:51:57.932,10902,10903,10902,1
2019-09-18 15:52:07.174,10902,10903,10902,5
2019-09-18 15:52:10.832,10902,10903,10902,5
2019-09-18 15:52:18.575,10902,10903,10902,1
2019-09-18 15:52:18.624,10902,10903,10902,1
2019-09-18 15:52:18.994,10902,10903,10902,1
2019-09-18 15:52:19.002,10902,10903,10902,1
2019-09-18 15:52:19.821,10902,10903,10902,6
2019-09-18 15:52:28.516,10902,10903,10902,1
2019-09-18 15:52:31.109,10902,10903,10903,1
2019-09-18 15:52:47.429,10902,10903,10903,1
2019-09-18 15:53:01.034,10902,10903,10902,1
2019-09-18 15:53:04.860,10902,10903,10902,2
2019-09-18 15:53:04.861,10902,10903,10902,2
2019-09-18 15:53:04.885,10902,10903,10902,8
2019-09-18 15:53:06.888,10901,10902,10902,1
2019-09-18 15:53:09.959,10902,10903,10902,1
2019-09-18 15:53:09.959,10902,10903,10901,1
2019-09-18 15:53:10.128,10901,10903,10901,1
2019-09-18 15:53:21.516,10901,10902,10901,1
2019-09-18 15:53:21.885,10901,10902,10901,2
2019-09-18 15:53:48.040,10901,10902,10901,1
2019-09-18 15:54:05.872,10901,10902,10902,1
2019-09-18 15:54:06.130,10901,10902,10901,17
2019-09-18 15:54:06.183,10901,10902,10901,1
2019-09-18 15:54:06.196,10901,10902,10901,1
2019-09-18 15:54:06.251,10901,10902,10900,2
2019-09-18 15:54:06.306,10900,10902,10900,1
2019-09-18 15:54:07.377,10900,10902,10900,1
2019-09-18 15:54:11.157,10900,10901,10901,1
2019-09-18 15:54:23.055,10900,10901,10901,1
2019-09-18 15:54:26.478,10901,10902,10901,1
2019-09-18 15:54:32.218,10901,10902,10901,5
2019-09-18 15:54:37.836,10901,10902,10901,9
2019-09-18 15:54:39.560,10900,10901,10901,1
2019-09-18 15:54:48.632,10900,10901,10900,1
2019-09-18 15:54:49.429,10900,10901,10901,1
2019-09-18 15:55:03.941,10900,10901,10901,4
2019-09-18 15:55:03.941,10900,10901,10901,1
2019-09-18 15:55:03.941,10900,10901,10901,1
2019-09-18 15:55:03.941,10900,10901,10901,1
2019-09-18 15:55:08.230,10901,10902,10901,1
2019-09-18 15:55:08.386,10901,10902,10901,1
2019-09-18 15:55:08.500,10901,10902,10901,1
2019-09-18 15:55:09.283,10901,10902,10901,1
2019-09-18 15:55:09.448,10901,10902,10901,1
2019-09-18 15:55:09.557,10901,10902,10901,1
2019-09-18 15:55:11.113,10901,10902,10901,1
2019-09-18 15:55:11.278,10901,10902,10901,1
2019-09-18 15:55:11.406,10901,10902,10901,1
2019-09-18 15:55:11.534,10901,10902,10901,1
2019-09-18 15:55:14.845,10901,10902,10901,1
2019-09-18 15:55:23.658,10901,10902,10901,1
2019-09-18 15:55:43.804,10900,10901,10900,20
2019-09-18 15:55:46.634,10900,10901,10900,1
2019-09-18 15:55:55.509,10900,10901,10900,1
2019-09-18 15:55:56.407,10900,10901,10900,2
2019-09-18 15:55:56.480,10900,10901,10901,4
2019-09-18 15:56:05.052,10900,10901,10900,1
2019-09-18 15:56:08.009,10900,10901,10900,5
2019-09-18 15:56:16.289,10900,10901,10900,29
2019-09-18 15:56:18.051,10899,10900,10900,1
2019-09-18 15:56:20.446,10899,10900,10900,1
2019-09-18 15:56:20.538,10899,10900,10900,1
2019-09-18 15:56:35.492,10899,10900,10900,1
2019-09-18 15:56:42.840,10900,10901,10900,4
2019-09-18 15:56:45.566,10899,10900,10900,1
2019-09-18 15:56:45.727,10899,10900,10900,5
2019-09-18 15:57:02.923,10899,10900,10900,1
2019-09-18 15:57:25.277,10900,10901,10900,4
2019-09-18 15:57:28.657,10899,10900,10900,1
2019-09-18 15:57:37.763,10899,10900,10900,2
2019-09-18 15:57:37.764,10899,10900,10900,4
2019-09-18 15:57:38.590,10900,10901,10900,1
2019-09-18 15:57:40.879,10899,10900,10900,1
2019-09-18 15:57:40.879,10899,10900,10900,1
2019-09-18 15:57:43.873,10899,10900,10900,2
2019-09-18 15:57:43.874,10899,10900,10900,1
2019-09-18 15:57:48.243,10900,10901,10900,3
2019-09-18 15:57:48.283,10900,10901,10899,1
2019-09-18 15:57:48.532,10899,10901,10899,3
2019-09-18 15:57:59.104,10900,10901,10900,1
2019-09-18 15:58:01.489,10899,10901,10899,1
2019-09-18 15:58:09.817,10899,10901,10899,1
2019-09-18 15:58:55.345,10899,10900,10899,2
2019-09-18 15:58:56.107,10899,10900,10899,2
2019-09-18 15:59:00.542,10899,10900,10899,1
2019-09-18 15:59:02.621,10899,10900,10899,1
2019-09-18 15:59:05.688,10899,10900,10900,3
2019-09-18 15:59:05.838,10899,10900,10899,1
2019-09-18 15:59:37.131,10899,10900,10900,1
2019-09-18 16:00:00.027,10899,10900,10900,1
2019-09-18 16:00:20.666,10900,10901,10900,1
2019-09-18 16:00:31.395,10900,10901,10900,1
2019-09-18 16:00:48.667,10900,10901,10901,1
2019-09-18 16:00:51.668,10900,10901,10900,1
2019-09-18 16:00:53.070,10900,10901,10901,1
2019-09-18 16:00:53.088,10900,10901,10901,3
2019-09-18 16:00:53.154,10900,10901,10901,3
2019-09-18 16:00:53.185,10900,10901,10901,3
2019-09-18 16:01:00.280,10900,10901,10901,5
2019-09-18 16:01:00.305,10900,10901,10900,1
2019-09-18 16:01:01.776,10900,10901,10901,4
2019-09-18 16:01:02.254,10900,10901,10900,2
2019-09-18 16:01:02.256,10900,10901,10900,1
2019-09-18 16:01:02.273,10900,10901,10900,1
2019-09-18 16:01:08.957,10900,10901,10901,5
2019-09-18 16:01:11.902,10900,10901,10901,10
2019-09-18 16:01:16.706,10900,10901,10901,2
2019-09-18 16:01:27.835,10900,10902,10902,1
2019-09-18 16:01:45.774,10901,10902,10902,1
2019-09-18 16:01:47.578,10901,10902,10901,4
2019-09-18 16:02:26.960,10901,10902,10901,2
2019-09-18 16:02:29.318,10901,10902,10902,1
2019-09-18 16:02:34.551,10901,10902,10902,3
2019-09-18 16:02:34.635,10901,10902,10902,20
2019-09-18 16:02:34.759,10901,10902,10902,1
2019-09-18 16:02:56.186,10902,10903,10903,3
2019-09-18 16:02:58.484,10902,10903,10903,9
2019-09-18 16:03:19.171,10903,10904,10904,1
2019-09-18 16:03:19.335,10903,10904,10904,1
2019-09-18 16:03:19.597,10903,10904,10903,1
2019-09-18 16:03:36.633,10903,10904,10904,2
2019-09-18 16:03:37.869,10903,10904,10903,1
2019-09-18 16:03:38.027,10903,10904,10903,1
2019-09-18 16:03:45.065,10903,10904,10903,1
2019-09-18 16:03:45.961,10903,10904,10903,1
2019-09-18 16:03:54.322,10903,10904,10903,1
2019-09-18 16:03:58.541,10903,10904,10903,1
2019-09-18 16:04:03.635,10903,10904,10904,37
2019-09-18 16:04:03.760,10904,10905,10904,1
2019-09-18 16:04:03.789,10904,10905,10904,2
2019-09-18 16:04:03.884,10904,10905,10904,1
2019-09-18 16:04:08.435,10903,10904,10904,1
2019-09-18 16:04:09.087,10903,10904,10904,4
2019-09-18 16:04:15.273,10903,10904,10904,1
2019-09-18 16:04:15.290,10903,10904,10904,20
2019-09-18 16:04:16.277,10903,10904,10904,1
2019-09-18 16:04:18.716,10903,10904,10904,1
2019-09-18 16:04:27.874,10903,10904,10904,5
2019-09-18 16:04:27.996,10903,10904,10904,1
2019-09-18 16:04:28.580,10903,10904,10904,1
2019-09-18 16:04:39.306,10903,10904,10904,1
2019-09-18 16:04:48.081,10903,10904,10904,1
2019-09-18 16:04:57.046,10903,10904,10904,2
2019-09-18 16:05:34.545,10903,10904,10903,7
2019-09-18 16:05:44.021,10902,10903,10903,1
2019-09-18 16:06:09.280,10902,10903,10903,1
2019-09-18 16:06:24.360,10902,10903,10903,1
2019-09-18 16:06:32.179,10902,10903,10903,1
2019-09-18 16:06:45.802,10902,10903,10903,4
2019-09-18 16:07:08.978,10903,10904,10904,1
2019-09-18 16:07:13.707,10903,10904,10903,1
2019-09-18 16:07:29.932,10903,10904,10904,1
2019-09-18 16:07:56.617,10903,10904,10904,1
2019-09-18 16:07:58.114,10903,10904,10904,1
2019-09-18 16:08:13.120,10903,10904,10903,1
2019-09-18 16:08:18.354,10903,10904,10904,2
2019-09-18 16:08:33.843,10903,10904,10904,1
2019-09-18 16:08:54.479,10903,10904,10904,3
2019-09-18 16:09:04.019,10903,10904,10904,1
2019-09-18 16:09:12.362,10903,10904,10904,1
2019-09-18 16:09:12.573,10903,10904,10904,1
2019-09-18 16:10:04.148,10903,10904,10904,1
2019-09-18 16:10:38.577,10903,10904,10904,1
2019-09-18 16:11:02.425,10903,10904,10904,1
2019-09-18 16:11:15.492,10903,10904,10904,1
2019-09-18 16:11:52.893,10903,10904,10904,2
2019-09-18 16:12:17.805,10903,10904,10903,5
2019-09-18 16:12:58.493,10903,10904,10903,1
2019-09-18 16:13:00.309,10903,10904,10903,4
2019-09-18 16:13:04.224,10903,10904,10903,1
2019-09-18 16:13:04.624,10903,10904,10903,2
2019-09-18 16:13:08.374,10903,10904,10903,1
2019-09-18 16:13:12.784,10903,10904,10903,1
2019-09-18 16:13:13.283,10903,10904,10903,5
2019-09-18 16:13:16.566,10903,10904,10903,2
2019-09-18 16:13:17.560,10903,10904,10903,4
2019-09-18 16:13:18.051,10903,10904,10903,1
2019-09-18 16:13:45.561,10903,10904,10903,1
2019-09-18 16:13:52.274,10903,10904,10903,1
2019-09-18 16:14:27.650,10903,10904,10904,1
2019-09-18 16:14:57.652,10903,10904,10904,1
2019-09-18 16:15:20.156,10903,10904,10903,1
2019-09-18 16:15:34.205,10903,10904,10903,1
2019-09-18 16:15:57.695,10903,10904,10903,1
2019-09-18 16:16:50.805,10903,10904,10903,1
2019-09-18 16:17:03.310,10903,10904,10903,1
2019-09-18 16:17:12.174,10903,10904,10903,1
2019-09-18 16:19:09.303,10903,10904,10903,5
2019-09-18 16:19:09.550,10903,10904,10904,5
2019-09-18 16:19:14.910,10903,10904,10904,1
2019-09-18 16:19:26.725,10903,10904,10903,5
2019-09-18 16:19:28.613,10903,10904,10904,1
2019-09-18 16:19:51.443,10903,10904,10903,2
2019-09-18 16:19:51.443,10903,10904,10902,3
2019-09-18 16:19:51.764,10902,10904,10902,2
2019-09-18 16:19:55.000,10902,10904,10902,1
2019-09-18 16:19:55.403,10902,10904,10902,2
2019-09-18 16:20:01.756,10902,10903,10902,1
2019-09-18 16:20:02.182,10902,10903,10902,2
2019-09-18 16:20:16.126,10902,10903,10902,1
2019-09-18 16:20:45.063,10902,10903,10903,1
2019-09-18 16:20:51.751,10903,10904,10903,1
2019-09-18 16:21:07.238,10902,10903,10902,1
2019-09-18 16:21:17.526,10902,10903,10902,1
2019-09-18 16:21:20.242,10902,10903,10902,1
2019-09-18 16:21:24.590,10902,10903,10902,1
2019-09-18 16:21:25.388,10902,10903,10902,1
2019-09-18 16:21:34.071,10902,10903,10902,5
2019-09-18 16:21:34.071,10902,10903,10901,5
2019-09-18 16:21:34.462,10901,10902,10902,6
2019-09-18 16:21:35.011,10901,10902,10902,1
2019-09-18 16:22:08.371,10902,10903,10902,1
2019-09-18 16:23:04.528,10902,10903,10902,1
2019-09-18 16:23:04.634,10901,10902,10902,1
2019-09-18 16:24:01.290,10902,10903,10902,1
2019-09-18 16:24:25.341,10901,10902,10902,1
2019-09-18 16:24:44.653,10902,10903,10902,1
2019-09-18 16:24:44.653,10902,10903,10902,1
2019-09-18 16:24:45.987,10902,10903,10902,1
2019-09-18 16:24:50.179,10902,10903,10902,1
2019-09-18 16:25:18.628,10901,10903,10903,3
2019-09-18 16:25:18.888,10901,10903,10901,2
2019-09-18 16:25:23.622,10901,10903,10903,1
2019-09-18 16:25:38.012,10901,10902,10902,1
2019-09-18 16:26:45.345,10901,10902,10902,3
2019-09-18 16:28:00.155,10901,10902,10902,1
2019-09-18 16:29:14.253,10901,10902,10901,1
2019-09-18 16:29:15.174,10901,10902,10902,1
2019-09-18 16:30:39.310,10901,10902,10901,1
2019-09-18 16:30:39.506,10901,10902,10902,1
2019-09-18 16:30:39.703,10901,10902,10901,2
2019-09-18 16:32:28.510,10901,10902,10901,16
2019-09-18 16:32:30.019,10901,10902,10901,4
2019-09-18 16:32:31.269,10901,10902,10901,2
2019-09-18 16:32:31.956,10901,10902,10901,1
2019-09-18 16:32:42.541,10900,10901,10901,1
2019-09-18 16:33:34.831,10900,10901,10901,2
2019-09-18 16:33:48.599,10900,10901,10901,1
2019-09-18 16:34:45.587,10900,10901,10900,1
2019-09-18 16:34:45.765,10900,10901,10901,1
2019-09-18 16:34:56.887,10900,10901,10900,1
2019-09-18 16:34:57.635,10900,10901,10900,1
2019-09-18 16:35:46.938,10900,10901,10901,7
2019-09-18 16:35:47.009,10900,10901,10901,2
2019-09-18 16:35:49.655,10901,10902,10901,1
2019-09-18 16:36:14.449,10901,10902,10902,1
2019-09-18 16:36:24.506,10901,10902,10902,5
2019-09-18 16:37:23.142,10901,10902,10902,1
2019-09-18 16:37:50.867,10901,10902,10902,1
2019-09-18 16:38:06.365,10901,10902,10902,2
2019-09-18 16:38:28.339,10901,10902,10902,2
2019-09-18 16:39:27.719,10901,10902,10901,2
2019-09-18 16:40:05.020,10901,10902,10901,2
2019-09-18 16:40:05.666,10901,10902,10901,1
2019-09-18 16:40:05.782,10901,10902,10901,1
2019-09-18 16:40:09.754,10901,10902,10901,1
2019-09-18 16:40:36.301,10901,10902,10902,6
2019-09-18 16:40:36.301,10901,10902,10903,1
2019-09-18 16:41:01.610,10902,10903,10903,1
2019-09-18 16:41:12.290,10902,10903,10902,1
2019-09-18 16:42:34.538,10901,10902,10901,2
2019-09-18 16:43:26.208,10901,10902,10901,1
2019-09-18 16:43:32.719,10901,10902,10901,1
2019-09-18 16:44:12.186,10901,10902,10902,4
2019-09-18 16:44:33.061,10901,10902,10902,1
2019-09-18 16:46:00.110,10901,10902,10902,1
2019-09-18 16:46:20.298,10901,10902,10902,1
2019-09-18 16:46:21.062,10901,10902,10902,1
2019-09-18 16:46:28.020,10901,10902,10902,1
2019-09-18 16:46:31.076,10901,10902,10902,1
2019-09-18 16:46:52.663,10901,10902,10902,1
2019-09-18 16:47:33.691,10901,10902,10902,1
2019-09-18 16:51:27.954,10901,10902,10901,3
2019-09-18 16:51:28.432,10901,10902,10901,2
2019-09-18 16:51:31.275,10901,10902,10901,1
2019-09-18 16:51:38.231,10901,10902,10902,1
2019-09-18 16:51:42.598,10901,10902,10901,1
2019-09-18 16:51:43.209,10901,10902,10902,2
2019-09-18 16:51:50.075,10901,10902,10902,2
2019-09-18 16:52:30.545,10901,10902,10902,2
2019-09-18 16:52:32.456,10901,10902,10902,1
2019-09-18 16:53:39.481,10901,10902,10901,1
2019-09-18 16:53:44.228,10901,10902,10902,5
2019-09-18 16:53:46.071,10901,10902,10902,5
2019-09-18 16:53:50.621,10901,10902,10901,1
2019-09-18 16:53:59.211,10901,10902,10901,2
2019-09-18 16:54:06.784,10901,10902,10901,1
2019-09-18 16:54:06.784,10901,10902,10901,1
2019-09-18 16:54:07.010,10901,10902,10901,50
2019-09-18 16:54:47.310,10900,10901,10900,1
2019-09-18 16:54:53.484,10900,10901,10901,1
2019-09-18 16:55:01.850,10900,10901,10901,9
2019-09-18 16:55:02.413,10901,10902,10901,1
2019-09-18 16:55:24.710,10900,10901,10900,2
2019-09-18 16:55:32.738,10900,10901,10901,1
2019-09-18 16:55:44.589,10900,10901,10901,1
2019-09-18 16:56:12.949,10901,10902,10901,1
2019-09-18 16:56:47.344,10901,10902,10901,1
2019-09-18 16:56:49.782,10901,10902,10901,2
2019-09-18 16:56:49.783,10901,10902,10901,1
2019-09-18 16:56:57.677,10900,10901,10900,5
2019-09-18 16:57:28.679,10900,10901,10900,1
2019-09-18 16:57:55.177,10900,10901,10900,2
2019-09-18 16:57:58.067,10900,10901,10900,1
2019-09-18 16:58:08.655,10900,10901,10901,1
2019-09-18 16:58:22.157,10900,10901,10900,1
2019-09-18 16:58:34.782,10900,10901,10900,1
2019-09-18 16:58:53.699,10900,10901,10900,1
2019-09-18 16:59:17.644,10900,10901,10901,6
2019-09-18 16:59:28.320,10900,10901,10900,1
2019-09-18 16:59:58.680,10900,10901,10901,2
2019-09-18 17:00:31.338,10900,10901,10901,1
2019-09-18 17:00:32.305,10900,10901,10900,2
2019-09-18 17:00:34.856,10900,10901,10901,1
2019-09-18 17:00:37.814,10900,10901,10901,1
2019-09-18 17:01:01.754,10900,10901,10901,4
2019-09-18 17:01:01.759,10900,10901,10901,1
2019-09-18 17:01:11.880,10900,10901,10901,2
2019-09-18 17:01:35.774,10900,10901,10900,2
2019-09-18 17:01:36.778,10900,10901,10900,1
2019-09-18 17:01:47.497,10900,10901,10900,2
2019-09-18 17:01:52.016,10900,10901,10900,1
2019-09-18 17:02:23.845,10900,10901,10900,1
2019-09-18 17:02:30.561,10900,10901,10900,1
2019-09-18 17:02:36.105,10900,10901,10900,40
2019-09-18 17:02:40.113,10900,10901,10900,9
2019-09-18 17:02:42.688,10900,10901,10900,1
2019-09-18 17:02:44.494,10900,10901,10900,1
2019-09-18 17:03:00.787,10899,10900,10899,1
2019-09-18 17:03:06.782,10899,10900,10900,1
2019-09-18 17:03:26.595,10899,10900,10900,1
2019-09-18 17:03:27.000,10899,10900,10900,1
2019-09-18 17:03:36.348,10899,10900,10899,4
2019-09-18 17:03:44.439,10899,10900,10900,3
2019-09-18 17:04:31.530,10899,10900,10900,2
2019-09-18 17:04:32.880,10899,10900,10900,1
2019-09-18 17:04:33.114,10899,10900,10900,9
2019-09-18 17:04:33.781,10900,10901,10900,1
2019-09-18 17:04:56.828,10900,10901,10900,2
2019-09-18 17:04:58.504,10899,10900,10900,1
2019-09-18 17:05:25.049,10899,10900,10900,2
2019-09-18 17:06:00.919,10899,10900,10900,1
2019-09-18 17:06:04.130,10899,10900,10900,1
2019-09-18 17:06:11.588,10900,10901,10900,1
2019-09-18 17:06:39.304,10900,10901,10900,2
2019-09-18 17:06:51.525,10900,10901,10900,4
2019-09-18 17:06:54.824,10900,10901,10900,1
2019-09-18 17:07:00.740,10900,10901,10900,2
2019-09-18 17:07:08.406,10899,10900,10899,5
2019-09-18 17:08:15.984,10899,10900,10899,1
2019-09-18 17:08:28.467,10899,10900,10900,1
2019-09-18 17:08:35.411,10899,10900,10900,1
2019-09-18 17:08:36.656,10899,10900,10900,1
2019-09-18 17:08:37.361,10899,10900,10900,1
2019-09-18 17:08:44.225,10899,10900,10899,1
2019-09-18 17:08:49.609,10899,10900,10900,1
2019-09-18 17:09:07.883,10899,10900,10900,1
2019-09-18 17:09:12.096,10899,10900,10899,1
2019-09-18 17:10:10.589,10899,10900,10899,1
2019-09-18 17:10:51.330,10899,10900,10899,1
2019-09-18 17:11:48.161,10899,10900,10899,1
2019-09-18 17:11:55.782,10899,10900,10899,2
2019-09-18 17:12:40.951,10899,10900,10900,8
2019-09-18 17:13:16.435,10899,10900,10900,2
2019-09-18 17:13:26.760,10899,10900,10899,14
2019-09-18 17:13:36.620,10899,10900,10899,3
2019-09-18 17:13:39.420,10899,10900,10900,4
2019-09-18 17:14:09.663,10899,10900,10899,1
2019-09-18 17:14:49.173,10899,10900,10900,1
2019-09-18 17:14:49.173,10899,10900,10900,2
2019-09-18 17:14:49.174,10899,10900,10900,2
2019-09-18 17:14:49.174,10899,10900,10900,1
2019-09-18 17:14:49.259,10899,10900,10900,2
2019-09-18 17:14:49.486,10900,10901,10900,1
2019-09-18 17:14:53.519,10900,10901,10900,1
2019-09-18 17:15:18.871,10900,10901,10900,1
2019-09-18 17:17:01.064,10900,10901,10900,1
2019-09-18 17:17:11.143,10900,10901,10901,4
2019-09-18 17:17:11.453,10900,10901,10901,4
2019-09-18 17:17:28.933,10900,10901,10901,1
2019-09-18 17:17:41.534,10900,10901,10901,2
2019-09-18 17:18:10.632,10900,10901,10901,1
2019-09-18 17:18:52.916,10900,10901,10900,1
2019-09-18 17:19:03.869,10900,10901,10900,22
2019-09-18 17:19:08.216,10900,10901,10900,1
2019-09-18 17:19:09.081,10900,10901,10901,1
2019-09-18 17:19:22.767,10900,10901,10900,3
2019-09-18 17:19:23.538,10900,10901,10900,1
2019-09-18 17:19:32.250,10899,10900,10900,1
2019-09-18 17:20:07.629,10899,10900,10899,1
2019-09-18 17:20:20.092,10899,10900,10899,2
2019-09-18 17:20:21.811,10899,10900,10899,2
2019-09-18 17:20:25.781,10899,10900,10899,2
2019-09-18 17:21:16.548,10899,10900,10900,1
2019-09-18 17:21:24.966,10899,10900,10900,1
2019-09-18 17:21:44.566,10899,10900,10900,1
2019-09-18 17:21:48.813,10899,10900,10900,1
2019-09-18 17:22:08.381,10899,10900,10900,1
2019-09-18 17:23:01.397,10900,10901,10900,1
2019-09-18 17:23:40.840,10900,10901,10901,1
2019-09-18 17:23:44.580,10900,10901,10900,1
2019-09-18 17:23:44.866,10900,10901,10901,1
2019-09-18 17:24:04.737,10900,10901,10900,1
2019-09-18 17:24:29.457,10900,10901,10901,1
2019-09-18 17:25:59.601,10900,10901,10900,1
2019-09-18 17:27:13.265,10900,10901,10900,1
2019-09-18 17:27:24.968,10900,10901,10900,2
2019-09-18 17:27:26.443,10900,10901,10900,1
2019-09-18 17:27:53.330,10900,10901,10901,1
2019-09-18 17:28:39.372,10900,10901,10901,2
2019-09-18 17:29:42.558,10900,10901,10900,1
2019-09-18 17:29:53.136,10900,10901,10900,1
2019-09-18 17:29:57.128,10900,10901,10900,3
2019-09-18 17:29:59.781,10900,10901,10901,4
2019-09-18 17:33:08.010,10900,10901,10901,10
2019-09-18 17:33:08.618,10900,10901,10901,1
2019-09-18 17:33:18.360,10900,10901,10901,4
2019-09-18 17:35:00.840,10900,10901,10901,1
2019-09-18 17:36:32.638,10900,10901,10901,2
2019-09-18 17:38:25.227,10900,10901,10900,1
2019-09-18 17:38:25.614,10900,10901,10900,1
2019-09-18 17:38:29.941,10900,10901,10900,4
2019-09-18 17:38:34.335,10900,10901,10900,1
2019-09-18 17:38:42.656,10900,10901,10900,1
2019-09-18 17:38:47.699,10900,10901,10900,1
2019-09-18 17:38:52.843,10900,10901,10900,5
2019-09-18 17:39:00.008,10900,10901,10900,1
2019-09-18 17:39:19.991,10900,10901,10901,1
2019-09-18 17:39:20.533,10900,10901,10900,2
2019-09-18 17:39:52.068,10900,10901,10900,10
2019-09-18 17:41:02.847,10899,10900,10900,11
2019-09-18 17:41:02.885,10900,10901,10900,3
2019-09-18 17:41:08.759,10900,10901,10900,1
2019-09-18 17:41:23.549,10899,10900,10900,1
2019-09-18 17:41:49.688,10899,10900,10900,2
2019-09-18 17:42:52.509,10899,10900,10900,1
2019-09-18 17:43:16.113,10899,10900,10900,1
2019-09-18 17:43:26.212,10899,10900,10900,2
2019-09-18 17:43:38.840,10899,10900,10900,1
2019-09-18 17:43:48.842,10899,10900,10900,2
2019-09-18 17:43:48.842,10899,10900,10900,2
2019-09-18 17:43:48.843,10899,10900,10900,2
2019-09-18 17:43:48.843,10899,10900,10900,2
2019-09-18 17:43:48.843,10899,10900,10900,2
2019-09-18 17:44:17.352,10900,10901,10900,2
2019-09-18 17:44:39.340,10900,10901,10900,1
2019-09-18 17:44:53.387,10900,10901,10900,1
2019-09-18 17:45:29.138,10900,10901,10900,5
2019-09-18 17:45:29.721,10900,10901,10900,1
2019-09-18 17:45:29.730,10900,10901,10901,10
2019-09-18 17:45:29.741,10900,10901,10900,1
2019-09-18 17:45:29.746,10900,10901,10900,1
2019-09-18 17:45:29.761,10900,10901,10900,1
2019-09-18 17:45:30.678,10900,10901,10901,10
2019-09-18 17:45:31.511,10900,10901,10901,10
2019-09-18 17:46:26.014,10900,10901,10901,1
2019-09-18 17:47:03.138,10901,10902,10901,1
2019-09-18 17:47:05.984,10900,10901,10901,1
2019-09-18 17:47:06.410,10900,10901,10901,1
2019-09-18 17:47:30.152,10900,10901,10901,1
2019-09-18 17:47:33.095,10900,10901,10901,1
2019-09-18 17:47:57.845,10901,10902,10901,1
2019-09-18 17:48:09.251,10901,10902,10901,1
2019-09-18 17:48:13.023,10901,10902,10901,1
2019-09-18 17:49:07.797,10901,10902,10901,1
2019-09-18 17:49:27.240,10901,10902,10901,1
2019-09-18 17:50:01.257,10901,10902,10901,2
2019-09-18 17:50:01.258,10901,10902,10901,2
2019-09-18 17:50:01.258,10901,10902,10901,3
2019-09-18 17:50:01.258,10901,10902,10901,2
2019-09-18 17:50:01.258,10901,10902,10901,2
2019-09-18 17:50:01.259,10901,10902,10901,1
2019-09-18 17:50:01.259,10901,10902,10901,1
2019-09-18 17:50:01.355,10901,10902,10901,1
2019-09-18 17:50:13.123,10900,10901,10900,1
2019-09-18 17:50:16.360,10900,10901,10901,1
2019-09-18 17:50:57.565,10900,10901,10901,1
2019-09-18 17:50:59.570,10900,10901,10901,2
2019-09-18 17:51:54.435,10901,10902,10902,1
2019-09-18 17:51:54.686,10901,10902,10902,1
2019-09-18 17:53:24.941,10901,10902,10902,1
2019-09-18 17:53:45.518,10901,10902,10902,1
2019-09-18 17:54:07.556,10901,10902,10902,1
2019-09-18 17:54:20.997,10901,10902,10902,20
2019-09-18 17:54:29.286,10901,10902,10902,4
2019-09-18 17:54:33.968,10901,10902,10902,1
2019-09-18 17:54:34.906,10901,10902,10901,19
2019-09-18 17:54:40.691,10900,10901,10901,1
2019-09-18 17:54:41.230,10900,10901,10901,1
2019-09-18 17:55:07.436,10900,10901,10900,23
2019-09-18 17:56:26.195,10900,10901,10900,5
2019-09-18 17:56:49.399,10900,10901,10900,1
2019-09-18 17:56:54.593,10900,10901,10900,1
2019-09-18 17:57:00.333,10900,10901,10900,1
2019-09-18 17:57:40.530,10899,10900,10899,1
2019-09-18 17:57:40.793,10899,10900,10900,1
2019-09-18 17:59:12.767,10899,10900,10900,1
2019-09-18 17:59:12.767,10899,10900,10900,2
2019-09-18 17:59:12.768,10899,10900,10900,1
2019-09-18 17:59:12.770,10899,10900,10900,1
2019-09-18 17:59:12.884,10899,10900,10900,1
2019-09-18 17:59:12.884,10899,10900,10900,2
2019-09-18 17:59:12.884,10899,10900,10900,1
2019-09-18 17:59:13.011,10899,10900,10900,1
2019-09-18 17:59:26.525,10899,10901,10901,1
2019-09-18 17:59:56.526,10899,10900,10900,1
2019-09-18 18:00:30.957,10899,10900,10900,1
2019-09-18 18:00:31.434,10900,10901,10900,1
2019-09-18 18:00:32.160,10899,10900,10899,1
2019-09-18 18:00:32.358,10899,10900,10899,1
2019-09-18 18:00:32.559,10899,10900,10899,1
2019-09-18 18:00:32.768,10899,10900,10899,1
2019-09-18 18:00:32.968,10899,10900,10899,10
2019-09-18 18:00:33.174,10899,10900,10899,1
2019-09-18 18:00:33.368,10899,10900,10899,1
2019-09-18 18:00:33.441,10899,10900,10899,1
2019-09-18 18:00:33.453,10899,10900,10899,2
2019-09-18 18:00:33.471,10899,10900,10899,1
2019-09-18 18:00:33.482,10899,10900,10899,2
2019-09-18 18:00:33.490,10899,10900,10899,1
2019-09-18 18:00:33.522,10899,10900,10899,1
2019-09-18 18:01:01.690,10899,10900,10900,2
2019-09-18 18:01:09.490,10899,10901,10899,1
2019-09-18 18:01:58.214,10899,10901,10901,1
2019-09-18 18:02:26.697,10899,10900,10900,1
2019-09-18 18:03:00.693,10899,10900,10899,1
2019-09-18 18:05:15.601,10899,10900,10899,1
2019-09-18 18:05:19.026,10899,10900,10899,2
2019-09-18 18:05:23.896,10899,10900,10899,1
2019-09-18 18:05:26.516,10899,10900,10899,2
2019-09-18 18:05:26.516,10899,10900,10899,1
2019-09-18 18:05:54.067,10899,10900,10899,1
2019-09-18 18:05:56.589,10899,10900,10900,2
2019-09-18 18:06:09.686,10899,10900,10900,1
2019-09-18 18:07:39.323,10899,10900,10900,1
2019-09-18 18:07:48.440,10899,10900,10899,1
2019-09-18 18:07:48.441,10899,10900,10899,3
2019-09-18 18:08:11.597,10899,10900,10900,1
2019-09-18 18:09:15.906,10899,10900,10900,5
2019-09-18 18:10:26.385,10899,10900,10899,8
2019-09-18 18:10:26.558,10899,10900,10899,4
2019-09-18 18:10:45.425,10899,10900,10899,1
2019-09-18 18:10:52.260,10899,10900,10899,1
2019-09-18 18:11:16.149,10899,10900,10899,1
2019-09-18 18:12:29.067,10899,10900,10900,1
2019-09-18 18:12:59.137,10899,10900,10899,1
2019-09-18 18:13:18.474,10899,10900,10899,1
2019-09-18 18:13:51.613,10899,10900,10899,16
2019-09-18 18:14:06.729,10899,10900,10899,2
2019-09-18 18:14:06.759,10899,10900,10899,5
2019-09-18 18:14:55.837,10898,10899,10899,1
2019-09-18 18:15:07.067,10898,10899,10898,1
2019-09-18 18:15:07.395,10898,10899,10898,1
2019-09-18 18:15:07.425,10898,10899,10898,1
2019-09-18 18:15:07.465,10898,10899,10898,1
2019-09-18 18:15:08.296,10898,10899,10898,1
2019-09-18 18:15:08.544,10898,10899,10898,1
2019-09-18 18:15:14.378,10898,10899,10899,1
2019-09-18 18:15:15.076,10898,10899,10899,2
2019-09-18 18:15:21.026,10898,10899,10899,1
2019-09-18 18:15:39.267,10898,10899,10898,1
2019-09-18 18:16:07.889,10898,10899,10898,10
2019-09-18 18:16:31.942,10898,10899,10898,1
2019-09-18 18:16:37.393,10898,10899,10898,6
2019-09-18 18:16:59.972,10898,10899,10898,1
2019-09-18 18:17:03.454,10898,10899,10898,2
2019-09-18 18:17:03.760,10898,10899,10898,1
2019-09-18 18:17:05.853,10898,10899,10898,6
2019-09-18 18:17:19.385,10898,10899,10898,1
2019-09-18 18:17:20.404,10898,10899,10898,1
2019-09-18 18:18:02.069,10898,10899,10899,2
2019-09-18 18:18:57.311,10898,10899,10898,1
2019-09-18 18:19:12.024,10898,10899,10898,1
2019-09-18 18:19:20.416,10898,10899,10899,1
2019-09-18 18:19:21.123,10898,10899,10898,1
2019-09-18 18:19:35.624,10898,10899,10898,1
2019-09-18 18:20:15.433,10898,10899,10898,1
2019-09-18 18:20:21.320,10898,10899,10898,1
2019-09-18 18:20:24.641,10898,10899,10898,1
2019-09-18 18:20:28.114,10898,10899,10898,1
2019-09-18 18:20:31.611,10898,10899,10898,1
2019-09-18 18:20:39.198,10898,10899,10898,1
2019-09-18 18:20:43.193,10898,10899,10898,1
2019-09-18 18:21:10.405,10898,10899,10898,2
2019-09-18 18:21:21.181,10898,10899,10898,1
2019-09-18 18:21:22.185,10898,10899,10898,1
2019-09-18 18:21:23.358,10898,10899,10898,1
2019-09-18 18:21:29.712,10898,10899,10898,10
2019-09-18 18:21:34.755,10898,10899,10898,1
2019-09-18 18:21:50.794,10898,10899,10898,2
2019-09-18 18:21:55.371,10898,10899,10898,5
2019-09-18 18:21:57.161,10898,10899,10898,1
2019-09-18 18:22:00.788,10898,10899,10898,2
2019-09-18 18:22:01.845,10898,10899,10898,1
2019-09-18 18:22:02.230,10898,10899,10898,1
2019-09-18 18:22:08.247,10898,10899,10898,2
2019-09-18 18:22:09.690,10898,10899,10898,2
2019-09-18 18:22:13.394,10898,10899,10898,1
2019-09-18 18:22:19.608,10898,10899,10898,2
2019-09-18 18:22:41.292,10897,10898,10898,1
2019-09-18 18:23:35.389,10897,10898,10897,1
2019-09-18 18:23:35.535,10897,10898,10897,1
2019-09-18 18:23:35.535,10897,10898,10897,1
2019-09-18 18:23:35.574,10897,10898,10897,1
2019-09-18 18:23:53.127,10897,10898,10897,1
2019-09-18 18:23:58.907,10897,10898,10898,3
2019-09-18 18:23:59.108,10897,10898,10897,1
2019-09-18 18:23:59.339,10897,10898,10897,1
2019-09-18 18:24:10.225,10897,10898,10898,1
2019-09-18 18:24:33.893,10897,10898,10898,1
2019-09-18 18:25:05.943,10897,10898,10898,2
2019-09-18 18:25:21.940,10897,10898,10898,1
2019-09-18 18:25:22.232,10897,10898,10898,1
2019-09-18 18:25:24.483,10897,10898,10898,2
2019-09-18 18:25:27.247,10897,10898,10898,2
2019-09-18 18:25:33.206,10897,10898,10898,1
2019-09-18 18:25:41.989,10897,10898,10898,1
2019-09-18 18:25:42.383,10897,10898,10898,1
2019-09-18 18:25:54.734,10898,10899,10898,1
2019-09-18 18:26:11.609,10898,10899,10899,1
2019-09-18 18:26:22.557,10898,10899,10898,1
2019-09-18 18:26:44.988,10898,10899,10898,3
2019-09-18 18:26:48.655,10898,10899,10899,1
2019-09-18 18:27:05.186,10898,10899,10899,1
2019-09-18 18:27:12.501,10898,10899,10899,1
2019-09-18 18:27:18.339,10898,10899,10899,1
2019-09-18 18:27:21.425,10898,10899,10899,2
2019-09-18 18:27:23.901,10898,10899,10899,1
2019-09-18 18:30:09.035,10898,10899,10899,2
2019-09-18 18:30:12.531,10898,10899,10898,1
2019-09-18 18:30:12.543,10898,10899,10898,1
2019-09-18 18:30:23.682,10898,10899,10899,1
2019-09-18 18:31:18.753,10898,10899,10899,2
2019-09-18 18:32:44.646,10898,10899,10899,1
2019-09-18 18:33:46.378,10898,10899,10899,3
2019-09-18 18:33:50.546,10898,10899,10899,8
2019-09-18 18:35:02.362,10898,10899,10899,1
2019-09-18 18:35:06.863,10898,10899,10899,2
2019-09-18 18:35:14.403,10898,10899,10899,1
2019-09-18 18:37:51.464,10898,10899,10899,2
2019-09-18 18:38:07.522,10898,10899,10899,2
2019-09-18 18:38:09.535,10898,10899,10899,1
2019-09-18 18:38:46.560,10899,10900,10899,1
2019-09-18 18:38:46.560,10899,10900,10899,1
2019-09-18 18:38:59.481,10898,10899,10899,1
2019-09-18 18:40:00.992,10899,10900,10899,1
2019-09-18 18:40:06.210,10899,10900,10899,1
2019-09-18 18:40:39.760,10899,10900,10900,8
2019-09-18 18:40:42.252,10899,10900,10900,1
2019-09-18 18:40:42.259,10899,10900,10900,3
2019-09-18 18:40:57.136,10899,10900,10900,1
2019-09-18 18:41:02.762,10899,10900,10900,4
2019-09-18 18:41:08.908,10899,10900,10900,5
2019-09-18 18:41:10.592,10899,10900,10900,5
2019-09-18 18:41:12.046,10899,10900,10900,1
2019-09-18 18:41:12.756,10899,10900,10900,2
2019-09-18 18:41:22.167,10899,10900,10900,2
2019-09-18 18:41:26.951,10899,10900,10900,2
2019-09-18 18:42:44.658,10900,10901,10901,1
2019-09-18 18:42:58.781,10900,10901,10901,1
2019-09-18 18:43:23.549,10900,10901,10901,1
2019-09-18 18:43:23.634,10900,10901,10901,1
2019-09-18 18:43:27.735,10900,10901,10901,1
2019-09-18 18:43:40.316,10900,10901,10901,1
2019-09-18 18:43:41.390,10900,10901,10901,1
2019-09-18 18:43:45.571,10900,10901,10901,1
2019-09-18 18:43:58.138,10900,10901,10900,1
2019-09-18 18:44:00.309,10900,10901,10901,1
2019-09-18 18:44:21.018,10900,10901,10901,1
2019-09-18 18:44:53.611,10900,10901,10901,1
2019-09-18 18:45:58.851,10900,10901,10901,1
2019-09-18 18:46:02.254,10900,10901,10900,2
2019-09-18 18:46:23.365,10900,10901,10900,1
2019-09-18 18:47:15.081,10900,10901,10901,1
2019-09-18 18:48:36.966,10900,10901,10901,10
2019-09-18 18:49:19.674,10900,10901,10901,1
2019-09-18 18:50:41.506,10900,10901,10900,1
2019-09-18 18:50:45.152,10900,10901,10900,1
2019-09-18 18:51:50.227,10900,10901,10900,1
2019-09-18 18:52:06.935,10900,10901,10900,1
2019-09-18 18:52:10.493,10900,10901,10900,1
2019-09-18 18:52:37.105,10900,10901,10900,1
2019-09-18 18:52:46.055,10900,10901,10900,1
2019-09-18 18:52:55.358,10900,10901,10900,1
2019-09-18 18:54:07.176,10900,10901,10900,2
2019-09-18 18:54:16.348,10900,10901,10900,1
2019-09-18 18:54:31.275,10900,10901,10900,1
2019-09-18 18:54:33.893,10900,10901,10900,1
2019-09-18 18:54:34.159,10900,10901,10900,1
2019-09-18 18:54:43.801,10900,10901,10900,1
2019-09-18 18:56:57.958,10900,10901,10900,1
2019-09-18 18:57:41.714,10900,10901,10901,4
2019-09-18 18:57:41.714,10900,10901,10901,2
2019-09-18 18:58:51.980,10900,10901,10900,1
2019-09-18 18:59:37.844,10900,10901,10901,1
2019-09-18 18:59:44.199,10900,10901,10901,1
2019-09-18 19:01:03.086,10900,10901,10901,1
2019-09-18 19:01:03.609,10900,10901,10901,4
2019-09-18 19:01:03.614,10900,10901,10900,2
2019-09-18 19:01:04.231,10900,10901,10901,2
2019-09-18 19:01:07.462,10900,10901,10901,1
2019-09-18 19:01:15.484,10900,10901,10901,1
2019-09-18 19:01:26.058,10900,10901,10901,1
2019-09-18 19:01:35.780,10900,10901,10901,1
2019-09-18 19:01:48.941,10900,10901,10901,1
2019-09-18 19:03:04.058,10900,10901,10901,1
2019-09-18 19:03:04.483,10900,10901,10901,1
2019-09-18 19:03:11.716,10900,10901,10901,1
2019-09-18 19:03:16.083,10900,10901,10901,1
2019-09-18 19:04:42.328,10900,10901,10900,1
2019-09-18 19:05:54.275,10900,10901,10900,4
2019-09-18 19:06:01.007,10900,10901,10900,1
2019-09-18 19:06:52.343,10900,10901,10900,2
2019-09-18 19:06:52.344,10900,10901,10900,1
2019-09-18 19:06:52.360,10900,10901,10900,2
2019-09-18 19:06:52.384,10900,10901,10900,1
2019-09-18 19:07:00.276,10900,10901,10900,1
2019-09-18 19:07:00.579,10900,10901,10900,1
2019-09-18 19:07:03.469,10900,10901,10900,3
2019-09-18 19:07:34.964,10899,10900,10900,1
2019-09-18 19:08:56.936,10899,10900,10899,12
2019-09-18 19:09:23.637,10898,10899,10898,1
2019-09-18 19:09:31.785,10898,10899,10899,1
2019-09-18 19:09:31.994,10898,10899,10898,1
2019-09-18 19:09:48.611,10898,10899,10898,1
2019-09-18 19:09:53.540,10898,10899,10898,1
2019-09-18 19:09:57.622,10898,10899,10899,2
2019-09-18 19:09:57.623,10898,10899,10899,2
2019-09-18 19:09:57.624,10898,10899,10899,2
2019-09-18 19:10:08.137,10898,10899,10898,1
2019-09-18 19:10:08.137,10898,10899,10898,2
2019-09-18 19:10:08.138,10898,10899,10898,1
2019-09-18 19:10:12.829,10898,10899,10898,1
2019-09-18 19:10:29.140,10898,10899,10898,2
2019-09-18 19:10:48.909,10898,10899,10899,2
2019-09-18 19:12:18.908,10898,10899,10899,2
2019-09-18 19:12:18.908,10898,10899,10899,1
2019-09-18 19:12:52.192,10899,10900,10899,1
2019-09-18 19:14:11.851,10899,10900,10899,1
2019-09-18 19:15:07.881,10899,10900,10899,7
2019-09-18 19:16:17.693,10899,10900,10900,1
2019-09-18 19:16:19.287,10899,10900,10899,1
2019-09-18 19:17:07.801,10899,10900,10899,20
2019-09-18 19:17:10.559,10898,10899,10899,1
2019-09-18 19:17:31.842,10898,10899,10899,1
2019-09-18 19:18:09.613,10898,10899,10898,1
2019-09-18 19:18:43.314,10898,10899,10898,5
2019-09-18 19:20:15.009,10898,10899,10899,1
2019-09-18 19:20:29.852,10898,10899,10898,3
2019-09-18 19:21:36.885,10898,10899,10898,1
2019-09-18 19:22:17.128,10898,10899,10899,1
2019-09-18 19:23:03.531,10898,10899,10899,1
2019-09-18 19:23:17.671,10898,10899,10899,2
2019-09-18 19:23:20.730,10898,10899,10899,1
2019-09-18 19:23:24.140,10898,10899,10899,1
2019-09-18 19:23:44.861,10898,10899,10899,1
2019-09-18 19:23:47.650,10898,10899,10899,1
2019-09-18 19:23:57.486,10898,10899,10898,1
2019-09-18 19:24:07.228,10898,10899,10898,1
2019-09-18 19:24:29.169,10898,10899,10898,4
2019-09-18 19:24:33.502,10898,10899,10899,10
2019-09-18 19:25:33.324,10898,10899,10899,1
2019-09-18 19:25:39.957,10898,10899,10899,4
2019-09-18 19:26:37.775,10898,10899,10899,1
2019-09-18 19:26:38.846,10898,10899,10899,1
2019-09-18 19:27:09.524,10898,10899,10899,1
2019-09-18 19:27:09.714,10898,10899,10899,1
2019-09-18 19:27:10.046,10898,10899,10899,1
2019-09-18 19:27:10.384,10898,10899,10899,2
2019-09-18 19:27:10.509,10898,10899,10899,1
2019-09-18 19:27:10.509,10898,10899,10899,2
2019-09-18 19:27:10.509,10898,10899,10899,4
2019-09-18 19:28:13.474,10899,10900,10900,2
2019-09-18 19:28:25.771,10899,10900,10900,1
2019-09-18 19:28:44.827,10899,10900,10900,3
2019-09-18 19:28:46.456,10899,10900,10900,1
2019-09-18 19:29:05.206,10899,10900,10900,2
2019-09-18 19:30:04.420,10899,10900,10900,3
2019-09-18 19:30:04.422,10899,10900,10900,3
2019-09-18 19:30:04.423,10899,10900,10900,6
2019-09-18 19:30:04.424,10899,10900,10900,3
2019-09-18 19:30:04.651,10900,10901,10901,2
2019-09-18 19:30:04.652,10900,10901,10901,2
2019-09-18 19:30:04.796,10900,10901,10901,4
2019-09-18 19:30:05.315,10900,10901,10901,2
2019-09-18 19:30:18.843,10901,10902,10901,1
2019-09-18 19:30:20.061,10901,10902,10901,1
2019-09-18 19:30:20.563,10900,10901,10901,2
2019-09-18 19:30:23.525,10900,10901,10901,2
2019-09-18 19:30:26.426,10900,10901,10901,1
2019-09-18 19:30:39.811,10900,10901,10901,2
2019-09-18 19:30:46.041,10901,10902,10901,1
2019-09-18 19:31:22.838,10900,10901,10901,2
2019-09-18 19:31:40.310,10900,10901,10901,2
2019-09-18 19:31:40.547,10901,10902,10901,1
2019-09-18 19:31:40.616,10901,10902,10901,1
2019-09-18 19:32:08.732,10901,10902,10901,2
2019-09-18 19:32:08.732,10901,10902,10901,1
2019-09-18 19:32:08.779,10900,10901,10901,2
2019-09-18 19:32:09.194,10900,10901,10901,3
2019-09-18 19:32:31.912,10900,10901,10901,2
2019-09-18 19:32:32.441,10900,10901,10901,2
2019-09-18 19:34:51.702,10900,10901,10900,6
2019-09-18 19:34:51.786,10899,10900,10900,2
2019-09-18 19:34:51.793,10899,10900,10900,2
2019-09-18 19:34:57.114,10899,10900,10900,2
2019-09-18 19:35:08.526,10899,10900,10900,1
2019-09-18 19:35:10.088,10899,10900,10900,1
2019-09-18 19:35:54.772,10899,10900,10900,3
2019-09-18 19:35:55.402,10899,10900,10900,1
2019-09-18 19:36:13.884,10899,10900,10899,1
2019-09-18 19:37:56.326,10899,10900,10899,1
2019-09-18 19:38:01.028,10899,10900,10899,4
2019-09-18 19:38:01.028,10899,10900,10899,3
2019-09-18 19:38:01.028,10899,10900,10899,3
2019-09-18 19:38:01.029,10899,10900,10899,1
2019-09-18 19:38:01.029,10899,10900,10899,2
2019-09-18 19:38:01.029,10899,10900,10899,1
2019-09-18 19:38:42.737,10898,10899,10898,1
2019-09-18 19:38:50.321,10898,10899,10898,1
2019-09-18 19:38:50.518,10898,10899,10898,1
2019-09-18 19:38:50.951,10898,10899,10898,1
2019-09-18 19:38:52.753,10898,10899,10898,1
2019-09-18 19:38:55.901,10898,10899,10898,1
2019-09-18 19:39:11.950,10898,10899,10898,1
2019-09-18 19:39:49.829,10898,10899,10899,1
2019-09-18 19:40:36.135,10898,10899,10898,2
2019-09-18 19:40:37.284,10898,10899,10898,4
2019-09-18 19:40:37.320,10898,10899,10898,2
2019-09-18 19:40:37.320,10898,10899,10898,1
2019-09-18 19:40:37.384,10898,10899,10898,15
2019-09-18 19:40:37.385,10898,10899,10898,4
2019-09-18 19:40:37.510,10898,10899,10898,2
2019-09-18 19:40:37.531,10898,10899,10898,1
2019-09-18 19:40:41.121,10897,10898,10898,1
2019-09-18 19:40:43.010,10897,10898,10897,1
2019-09-18 19:40:43.307,10897,10898,10897,4
2019-09-18 19:40:43.321,10897,10898,10897,4
2019-09-18 19:40:43.370,10897,10898,10897,2
2019-09-18 19:40:43.391,10897,10898,10897,2
2019-09-18 19:40:43.395,10897,10898,10897,4
2019-09-18 19:40:43.468,10897,10898,10897,2
2019-09-18 19:40:43.517,10897,10898,10897,4
2019-09-18 19:40:44.968,10897,10898,10897,1
2019-09-18 19:40:46.016,10897,10898,10897,1
2019-09-18 19:40:50.430,10897,10898,10897,1
2019-09-18 19:40:51.203,10897,10898,10897,1
2019-09-18 19:40:51.260,10897,10898,10897,24
2019-09-18 19:40:52.590,10896,10897,10896,1
2019-09-18 19:40:52.683,10896,10897,10896,10
2019-09-18 19:40:52.684,10896,10897,10896,1
2019-09-18 19:40:52.751,10896,10897,10896,1
2019-09-18 19:40:52.879,10896,10897,10896,1
2019-09-18 19:40:54.688,10896,10897,10896,1
2019-09-18 19:40:54.881,10896,10897,10896,1
2019-09-18 19:40:54.997,10896,10897,10896,1
2019-09-18 19:40:55.424,10896,10897,10896,1
2019-09-18 19:40:59.459,10896,10897,10896,21
2019-09-18 19:41:03.563,10895,10896,10895,1
2019-09-18 19:41:03.662,10895,10896,10895,1
2019-09-18 19:41:04.224,10895,10896,10895,1
2019-09-18 19:41:04.230,10895,10896,10895,1
2019-09-18 19:41:04.530,10895,10896,10895,1
2019-09-18 19:41:06.885,10895,10896,10895,46
2019-09-18 19:41:07.020,10894,10895,10895,1
2019-09-18 19:41:09.646,10894,10895,10894,1
2019-09-18 19:41:09.799,10894,10895,10894,2
2019-09-18 19:41:11.670,10894,10895,10894,2
2019-09-18 19:41:14.059,10894,10895,10894,1
2019-09-18 19:41:16.218,10894,10895,10894,2
2019-09-18 19:41:21.093,10894,10895,10894,1
2019-09-18 19:41:21.263,10894,10895,10895,2
2019-09-18 19:41:23.587,10894,10895,10894,5
2019-09-18 19:41:39.941,10894,10895,10894,1
2019-09-18 19:41:40.736,10894,10895,10894,1
2019-09-18 19:41:40.861,10894,10895,10894,1
2019-09-18 19:41:40.967,10894,10895,10894,1
2019-09-18 19:41:41.636,10894,10895,10894,1
2019-09-18 19:41:41.702,10894,10895,10894,1
2019-09-18 19:41:41.757,10894,10895,10894,1
2019-09-18 19:41:42.813,10894,10895,10894,1
2019-09-18 19:41:49.606,10894,10895,10894,1
2019-09-18 19:41:55.380,10894,10895,10894,1
2019-09-18 19:41:59.549,10894,10895,10894,1
2019-09-18 19:42:00.946,10894,10895,10894,1
2019-09-18 19:42:01.231,10894,10895,10894,1
2019-09-18 19:42:01.983,10894,10895,10894,1
2019-09-18 19:42:04.438,10894,10895,10894,1
2019-09-18 19:42:05.033,10894,10895,10894,1
2019-09-18 19:42:08.376,10894,10895,10894,1
2019-09-18 19:42:22.578,10894,10895,10895,13
2019-09-18 19:42:22.815,10895,10896,10895,2
2019-09-18 19:42:29.204,10895,10896,10896,1
2019-09-18 19:42:39.429,10895,10896,10896,1
2019-09-18 19:42:39.429,10895,10896,10896,2
2019-09-18 19:43:25.281,10896,10897,10896,1
2019-09-18 19:43:27.306,10896,10897,10897,1
2019-09-18 19:43:28.333,10896,10897,10897,1
2019-09-18 19:43:29.999,10896,10897,10896,4
2019-09-18 19:43:31.487,10896,10897,10897,1
2019-09-18 19:43:31.847,10896,10897,10897,2
2019-09-18 19:43:33.335,10896,10897,10896,1
2019-09-18 19:43:46.446,10896,10897,10897,1
2019-09-18 19:43:46.446,10896,10897,10898,1
2019-09-18 19:43:48.280,10896,10898,10896,1
2019-09-18 19:44:01.002,10897,10898,10898,5
2019-09-18 19:44:01.255,10897,10898,10898,5
2019-09-18 19:44:02.075,10897,10898,10898,5
2019-09-18 19:44:02.751,10897,10898,10897,1
2019-09-18 19:44:31.494,10896,10897,10897,1
2019-09-18 19:44:37.387,10896,10897,10897,2
2019-09-18 19:44:44.120,10896,10897,10897,3
2019-09-18 19:44:44.355,10897,10898,10897,1
2019-09-18 19:44:49.297,10896,10897,10897,2
2019-09-18 19:44:50.419,10896,10897,10897,1
2019-09-18 19:44:51.355,10896,10897,10897,1
2019-09-18 19:44:58.319,10896,10897,10897,1
2019-09-18 19:45:04.172,10896,10897,10897,1
2019-09-18 19:45:34.313,10896,10897,10897,1
2019-09-18 19:45:41.141,10896,10897,10897,2
2019-09-18 19:45:41.761,10896,10897,10897,1
2019-09-18 19:45:50.521,10897,10898,10897,2
2019-09-18 19:45:55.697,10897,10898,10897,1
2019-09-18 19:47:01.155,10896,10897,10897,1
2019-09-18 19:47:14.448,10896,10897,10897,2
2019-09-18 19:47:16.442,10896,10897,10896,1
2019-09-18 19:47:21.038,10896,10897,10896,2
2019-09-18 19:47:52.360,10896,10897,10896,1
2019-09-18 19:48:03.692,10896,10897,10896,1
2019-09-18 19:48:11.856,10896,10897,10896,4
2019-09-18 19:48:16.352,10896,10897,10896,1
2019-09-18 19:48:26.054,10896,10897,10896,1
2019-09-18 19:48:28.777,10896,10897,10896,1
2019-09-18 19:48:35.351,10896,10897,10896,1
2019-09-18 19:48:38.924,10896,10897,10896,1
2019-09-18 19:48:42.303,10896,10897,10896,1
2019-09-18 19:48:42.361,10896,10897,10896,1
2019-09-18 19:48:45.464,10896,10897,10896,1
2019-09-18 19:48:52.344,10896,10897,10896,1
2019-09-18 19:49:27.002,10896,10897,10896,1
2019-09-18 19:49:37.523,10896,10897,10896,1
2019-09-18 19:50:02.421,10896,10897,10897,1
2019-09-18 19:50:12.959,10896,10897,10896,1
2019-09-18 19:50:23.546,10896,10897,10897,1
2019-09-18 19:50:24.932,10896,10897,10897,4
2019-09-18 19:50:42.204,10897,10898,10897,1
2019-09-18 19:50:45.192,10897,10898,10898,2
2019-09-18 19:50:51.043,10897,10898,10898,1
2019-09-18 19:50:51.941,10898,10899,10898,1
2019-09-18 19:51:02.370,10897,10898,10898,3
2019-09-18 19:51:02.653,10897,10898,10898,1
2019-09-18 19:51:07.474,10897,10898,10898,1
2019-09-18 19:51:27.206,10897,10898,10898,1
2019-09-18 19:51:49.548,10897,10898,10898,1
2019-09-18 19:51:55.628,10897,10898,10898,1
2019-09-18 19:52:08.567,10897,10898,10897,1
2019-09-18 19:52:39.050,10897,10898,10898,2
2019-09-18 19:52:39.689,10897,10898,10898,2
2019-09-18 19:52:40.449,10897,10898,10898,2
2019-09-18 19:53:00.379,10898,10899,10898,1
2019-09-18 19:54:11.376,10898,10899,10898,2
2019-09-18 19:54:11.812,10898,10899,10898,1
2019-09-18 19:54:28.590,10898,10899,10898,1
2019-09-18 19:54:30.398,10898,10899,10898,1
2019-09-18 19:54:49.115,10898,10899,10899,1
2019-09-18 19:55:03.013,10898,10899,10899,3
2019-09-18 19:55:17.308,10898,10899,10898,6
2019-09-18 19:55:17.308,10898,10899,10897,4
2019-09-18 19:55:29.902,10898,10899,10898,1
2019-09-18 19:55:43.716,10898,10899,10898,3
2019-09-18 19:55:43.759,10897,10898,10898,1
2019-09-18 19:55:43.760,10897,10898,10898,1
2019-09-18 19:56:03.120,10897,10898,10898,2
2019-09-18 19:56:06.563,10897,10898,10898,1
2019-09-18 19:56:29.678,10897,10898,10898,2
2019-09-18 19:56:32.017,10897,10898,10898,2
2019-09-18 19:56:42.313,10897,10898,10898,1
2019-09-18 19:57:34.162,10897,10898,10898,1
2019-09-18 19:57:39.725,10897,10898,10898,1
2019-09-18 19:58:25.125,10897,10898,10898,1
2019-09-18 20:03:05.922,10897,10898,10898,2
2019-09-18 20:03:06.413,10897,10898,10897,2
2019-09-18 20:03:06.697,10897,10898,10897,2
2019-09-18 20:03:15.428,10897,10898,10898,1
2019-09-18 20:03:34.655,10897,10898,10898,1
2019-09-18 20:03:39.366,10897,10898,10898,1
2019-09-18 20:03:47.554,10897,10898,10897,2
2019-09-18 20:03:47.634,10897,10898,10897,2
2019-09-18 20:04:40.956,10897,10898,10897,1
2019-09-18 20:04:43.803,10897,10898,10897,2
2019-09-18 20:04:52.960,10897,10898,10897,1
2019-09-18 20:05:18.778,10897,10898,10897,1
2019-09-18 20:05:19.276,10897,10898,10898,2
2019-09-18 20:06:02.200,10897,10898,10898,4
2019-09-18 20:06:36.615,10897,10898,10898,1
2019-09-18 20:06:52.759,10897,10898,10898,1
2019-09-18 20:07:22.815,10897,10899,10897,1
2019-09-18 20:09:02.531,10897,10898,10898,1
2019-09-18 20:09:03.779,10897,10898,10897,1
2019-09-18 20:09:15.764,10897,10898,10898,2
2019-09-18 20:10:13.155,10897,10898,10898,1
2019-09-18 20:10:16.858,10897,10898,10898,1
2019-09-18 20:11:18.993,10897,10898,10897,1
2019-09-18 20:11:23.229,10897,10898,10897,2
2019-09-18 20:11:41.195,10897,10898,10898,1
2019-09-18 20:11:42.742,10897,10898,10897,1
2019-09-18 20:12:02.864,10897,10898,10898,3
2019-09-18 20:12:07.270,10897,10898,10898,1
2019-09-18 20:12:19.063,10897,10898,10897,1
2019-09-18 20:12:57.789,10897,10898,10898,1
2019-09-18 20:13:03.003,10897,10898,10898,2
2019-09-18 20:13:07.580,10897,10898,10898,1
2019-09-18 20:13:37.256,10897,10898,10898,1
2019-09-18 20:13:57.553,10897,10898,10898,1
2019-09-18 20:14:03.211,10897,10898,10898,1
2019-09-18 20:14:07.569,10897,10898,10898,1
2019-09-18 20:15:01.118,10897,10898,10898,1
2019-09-18 20:15:50.570,10898,10899,10899,1
2019-09-18 20:16:02.310,10898,10899,10899,1
2019-09-18 20:16:04.749,10898,10899,10899,1
2019-09-18 20:16:13.328,10898,10899,10899,18
2019-09-18 20:16:13.386,10898,10899,10899,1
2019-09-18 20:16:16.927,10898,10899,10899,1
2019-09-18 20:16:21.174,10898,10899,10899,2
2019-09-18 20:17:59.570,10899,10900,10899,1
2019-09-18 20:17:59.601,10899,10900,10899,1
2019-09-18 20:17:59.616,10899,10900,10899,1
2019-09-18 20:17:59.649,10899,10900,10899,1
2019-09-18 20:17:59.665,10899,10900,10899,2
2019-09-18 20:17:59.679,10899,10900,10899,1
2019-09-18 20:17:59.714,10899,10900,10899,1
2019-09-18 20:17:59.725,10899,10900,10899,1
2019-09-18 20:17:59.742,10899,10900,10898,1
2019-09-18 20:17:59.758,10899,10900,10898,1
2019-09-18 20:17:59.799,10898,10900,10898,1
2019-09-18 20:18:07.073,10899,10900,10900,1
2019-09-18 20:18:08.173,10899,10900,10900,1
2019-09-18 20:18:08.334,10899,10900,10900,1
2019-09-18 20:18:08.471,10899,10900,10900,1
2019-09-18 20:18:09.276,10899,10900,10900,1
2019-09-18 20:18:09.440,10899,10900,10900,1
2019-09-18 20:18:09.580,10899,10900,10900,1
2019-09-18 20:18:10.464,10899,10900,10900,1
2019-09-18 20:18:11.568,10899,10900,10900,1
2019-09-18 20:18:21.197,10899,10900,10900,2
2019-09-18 20:18:22.148,10899,10900,10900,2
2019-09-18 20:18:25.729,10899,10900,10900,1
2019-09-18 20:18:26.541,10899,10900,10900,1
2019-09-18 20:18:28.366,10899,10900,10900,1
2019-09-18 20:18:29.208,10899,10900,10900,1
2019-09-18 20:18:29.379,10899,10900,10900,1
2019-09-18 20:18:31.553,10899,10900,10900,1
2019-09-18 20:18:49.668,10899,10900,10899,5
2019-09-18 20:18:52.152,10899,10900,10900,1
2019-09-18 20:18:56.709,10899,10900,10899,1
2019-09-18 20:18:58.030,10899,10900,10900,2
2019-09-18 20:18:59.353,10899,10900,10899,1
2019-09-18 20:19:07.926,10899,10900,10899,5
2019-09-18 20:19:13.953,10899,10900,10899,1
2019-09-18 20:19:58.112,10899,10900,10899,3
2019-09-18 20:20:02.508,10899,10900,10899,1
2019-09-18 20:21:02.861,10899,10900,10900,3
2019-09-18 20:21:36.977,10899,10900,10900,2
2019-09-18 20:22:05.241,10899,10900,10900,1
2019-09-18 20:22:30.849,10899,10900,10900,2
2019-09-18 20:22:32.894,10899,10900,10899,1
2019-09-18 20:22:51.312,10899,10900,10900,4
2019-09-18 20:22:52.123,10899,10900,10900,2
2019-09-18 20:22:52.123,10899,10900,10901,7
2019-09-18 20:22:52.165,10899,10901,10901,1
2019-09-18 20:22:52.364,10900,10901,10900,1
2019-09-18 20:23:03.075,10900,10901,10901,1
2019-09-18 20:23:03.666,10900,10901,10901,1
2019-09-18 20:23:03.714,10900,10901,10901,3
2019-09-18 20:23:15.444,10900,10901,10900,4
2019-09-18 20:23:33.010,10899,10900,10900,1
2019-09-18 20:23:39.231,10899,10900,10900,2
2019-09-18 20:23:57.260,10899,10900,10900,1
2019-09-18 20:24:07.811,10899,10900,10900,2
2019-09-18 20:24:08.747,10899,10900,10900,1
2019-09-18 20:24:08.747,10899,10900,10901,1
2019-09-18 20:24:26.631,10900,10901,10901,1
2019-09-18 20:25:36.314,10900,10901,10900,1
2019-09-18 20:26:06.940,10900,10901,10900,1
2019-09-18 20:26:25.833,10900,10901,10900,1
2019-09-18 20:26:31.813,10900,10901,10900,1
2019-09-18 20:26:32.661,10900,10901,10900,1
2019-09-18 20:27:17.463,10900,10901,10900,1
2019-09-18 20:27:32.793,10900,10901,10900,1
2019-09-18 20:27:32.793,10900,10901,10900,1
2019-09-18 20:27:32.793,10900,10901,10900,2
2019-09-18 20:27:32.793,10900,10901,10900,1
2019-09-18 20:27:32.794,10900,10901,10900,2
2019-09-18 20:27:32.794,10900,10901,10900,1
2019-09-18 20:27:32.795,10900,10901,10900,2
2019-09-18 20:28:01.069,10899,10900,10900,3
2019-09-18 20:28:07.725,10899,10900,10900,1
2019-09-18 20:28:19.490,10899,10901,10899,1
2019-09-18 20:28:21.111,10899,10901,10899,1
2019-09-18 20:28:30.738,10899,10900,10899,1
2019-09-18 20:28:33.941,10899,10900,10899,1
2019-09-18 20:28:34.243,10899,10900,10899,1
2019-09-18 20:28:49.741,10899,10900,10899,1
2019-09-18 20:28:50.488,10899,10900,10899,1
2019-09-18 20:29:20.952,10898,10899,10899,2
2019-09-18 20:29:22.514,10898,10899,10899,1
2019-09-18 20:29:52.620,10899,10900,10899,1
2019-09-18 20:29:53.493,10899,10900,10899,1
2019-09-18 20:30:00.132,10899,10900,10900,7
2019-09-18 20:30:00.364,10900,10901,10900,1
2019-09-18 20:30:00.492,10900,10901,10900,1
2019-09-18 20:30:00.493,10900,10901,10900,1
2019-09-18 20:30:00.986,10899,10900,10899,1
2019-09-18 20:30:24.363,10899,10900,10899,1
2019-09-18 20:30:40.281,10899,10900,10899,1
2019-09-18 20:30:42.242,10899,10900,10899,1
2019-09-18 20:30:43.487,10899,10900,10899,1
2019-09-18 20:32:17.439,10899,10900,10899,6
2019-09-18 20:33:02.182,10898,10899,10899,2
2019-09-18 20:34:08.300,10899,10900,10899,1
2019-09-18 20:34:18.154,10898,10900,10900,1
2019-09-18 20:34:29.871,10899,10900,10900,1
2019-09-18 20:34:31.377,10899,10900,10899,1
2019-09-18 20:35:00.120,10899,10900,10899,1
2019-09-18 20:35:28.181,10898,10899,10899,1
2019-09-18 20:35:55.472,10898,10899,10899,1
2019-09-18 20:37:11.826,10898,10899,10899,1
2019-09-18 20:37:54.901,10898,10899,10899,1
2019-09-18 20:38:22.972,10898,10899,10899,1
2019-09-18 20:38:45.660,10898,10899,10899,3
2019-09-18 20:38:45.666,10898,10899,10899,3
2019-09-18 20:40:02.955,10899,10900,10900,2
2019-09-18 20:40:04.741,10899,10900,10900,1
2019-09-18 20:41:56.426,10899,10900,10899,1
2019-09-18 20:41:56.440,10899,10900,10899,1
2019-09-18 20:41:56.509,10899,10900,10899,1
2019-09-18 20:41:56.509,10899,10900,10899,2
2019-09-18 20:41:56.634,10899,10900,10899,1
2019-09-18 20:42:02.167,10898,10899,10899,1
2019-09-18 20:42:07.214,10898,10899,10898,1
2019-09-18 20:43:19.836,10898,10899,10899,1
2019-09-18 20:43:30.912,10898,10899,10899,1
2019-09-18 20:43:44.397,10898,10899,10898,1
2019-09-18 20:43:48.508,10898,10899,10898,2
2019-09-18 20:44:08.505,10898,10899,10898,2
2019-09-18 20:45:02.508,10898,10899,10899,3
2019-09-18 20:45:29.702,10898,10899,10899,1
2019-09-18 20:45:33.460,10898,10899,10899,1
2019-09-18 20:45:34.737,10898,10899,10899,1
2019-09-18 20:47:37.140,10898,10899,10898,2
2019-09-18 20:47:41.370,10898,10899,10898,1
2019-09-18 20:48:02.839,10898,10899,10899,1
2019-09-18 20:48:11.476,10898,10899,10899,1
2019-09-18 20:48:18.036,10898,10899,10899,2
2019-09-18 20:48:18.134,10898,10899,10899,1
2019-09-18 20:48:18.134,10898,10899,10899,4
2019-09-18 20:48:18.384,10898,10899,10899,3
2019-09-18 20:48:18.385,10898,10899,10899,1
2019-09-18 20:48:44.472,10899,10900,10900,5
2019-09-18 20:49:02.950,10899,10900,10900,1
2019-09-18 20:49:03.979,10899,10900,10900,1
2019-09-18 20:49:13.049,10899,10900,10900,2
2019-09-18 20:49:13.118,10899,10900,10900,1
2019-09-18 20:49:18.111,10899,10900,10900,1
2019-09-18 20:49:22.776,10899,10900,10900,4
2019-09-18 20:49:37.511,10900,10901,10901,6
2019-09-18 20:49:50.225,10900,10901,10901,2
2019-09-18 20:49:53.344,10900,10901,10901,1
2019-09-18 20:49:53.492,10900,10901,10901,1
2019-09-18 20:49:54.203,10900,10901,10901,1
2019-09-18 20:49:54.344,10900,10901,10901,1
2019-09-18 20:49:57.454,10900,10901,10901,1
2019-09-18 20:50:05.083,10900,10901,10900,1
2019-09-18 20:50:11.673,10900,10901,10900,2
2019-09-18 20:50:18.718,10900,10901,10900,1
2019-09-18 20:50:32.036,10900,10901,10900,1
2019-09-18 20:50:53.346,10900,10901,10900,1
2019-09-18 20:50:55.691,10900,10901,10900,1
2019-09-18 20:51:40.461,10900,10901,10901,1
2019-09-18 20:51:52.126,10900,10901,10901,1
2019-09-18 20:51:57.025,10900,10901,10901,1
2019-09-18 20:52:19.900,10900,10901,10901,1
2019-09-18 20:52:20.852,10900,10901,10900,1
2019-09-18 20:53:04.978,10900,10901,10901,3
2019-09-18 20:53:15.661,10900,10901,10900,8
2019-09-18 20:53:15.661,10900,10901,10900,2
2019-09-18 20:53:15.796,10899,10900,10900,2
2019-09-18 20:53:20.017,10899,10900,10900,1
2019-09-18 20:53:21.019,10899,10900,10900,1
2019-09-18 20:53:45.394,10899,10900,10900,1
2019-09-18 20:54:00.574,10899,10900,10899,1
2019-09-18 20:54:03.633,10899,10900,10900,1
2019-09-18 20:54:08.548,10899,10900,10899,4
2019-09-18 20:54:08.664,10898,10899,10899,2
2019-09-18 20:54:08.665,10898,10899,10899,2
2019-09-18 20:54:10.782,10898,10899,10899,2
2019-09-18 20:54:12.766,10898,10899,10899,1
2019-09-18 20:54:16.405,10898,10899,10899,1
2019-09-18 20:55:00.476,10898,10900,10900,2
2019-09-18 20:55:25.144,10899,10900,10900,2
2019-09-18 20:55:25.154,10899,10900,10900,4
2019-09-18 20:55:36.576,10899,10901,10899,1
2019-09-18 20:55:47.452,10900,10901,10900,1
2019-09-18 20:57:29.347,10900,10901,10900,2
2019-09-18 20:57:37.265,10900,10901,10900,1
2019-09-18 20:57:45.213,10900,10901,10900,1
2019-09-18 20:58:21.764,10899,10900,10900,1
2019-09-18 20:59:11.771,10899,10900,10900,1
2019-09-18 20:59:34.382,10899,10900,10899,3
2019-09-18 20:59:42.513,10898,10899,10899,2
2019-09-18 20:59:52.814,10899,10900,10900,2
2019-09-18 21:00:08.385,10899,10900,10900,1
2019-09-18 21:00:24.237,10900,10901,10900,1
2019-09-18 21:00:32.146,10900,10901,10900,1
2019-09-18 21:01:05.032,10899,10900,10900,1
2019-09-18 21:01:25.748,10899,10900,10900,1
2019-09-18 21:01:44.152,10899,10900,10900,2
2019-09-18 21:01:44.154,10899,10900,10900,4
2019-09-18 21:01:44.385,10900,10901,10900,1
2019-09-18 21:01:44.509,10900,10901,10900,1
2019-09-18 21:02:05.903,10899,10900,10900,1
2019-09-18 21:02:20.150,10899,10900,10900,1
2019-09-18 21:02:21.306,10899,10900,10900,1
2019-09-18 21:02:23.065,10899,10900,10900,2
2019-09-18 21:02:40.649,10899,10900,10900,1
2019-09-18 21:02:54.601,10899,10900,10900,1
2019-09-18 21:04:24.389,10899,10900,10900,1
2019-09-18 21:05:43.630,10899,10900,10900,1
2019-09-18 21:05:50.741,10899,10900,10899,1
2019-09-18 21:05:50.742,10899,10900,10899,3
2019-09-18 21:05:50.743,10899,10900,10899,1
2019-09-18 21:05:51.775,10899,10900,10899,1
2019-09-18 21:05:52.375,10899,10900,10899,2
2019-09-18 21:05:52.674,10899,10900,10899,2
2019-09-18 21:05:52.759,10899,10900,10899,3
2019-09-18 21:06:02.768,10898,10899,10899,1
2019-09-18 21:06:10.834,10898,10899,10899,1
2019-09-18 21:06:18.420,10898,10899,10899,1
2019-09-18 21:06:20.861,10898,10899,10899,1
2019-09-18 21:06:21.341,10898,10899,10898,1
2019-09-18 21:07:05.790,10898,10899,10898,1
2019-09-18 21:08:38.879,10898,10899,10898,2
2019-09-18 21:08:54.554,10898,10899,10898,1
2019-09-18 21:09:36.029,10898,10899,10898,1
2019-09-18 21:09:51.540,10898,10899,10898,4
2019-09-18 21:10:06.636,10898,10899,10898,4
2019-09-18 21:10:07.078,10898,10899,10898,1
2019-09-18 21:10:07.329,10898,10899,10898,1
2019-09-18 21:10:09.633,10898,10899,10898,12
2019-09-18 21:10:11.010,10898,10899,10898,1
2019-09-18 21:10:11.554,10898,10899,10898,1
2019-09-18 21:10:14.941,10898,10899,10898,2
2019-09-18 21:10:14.942,10898,10899,10898,1
2019-09-18 21:10:15.010,10898,10899,10898,4
2019-09-18 21:10:21.220,10897,10898,10897,4
2019-09-18 21:10:21.326,10897,10898,10897,2
2019-09-18 21:10:35.196,10897,10898,10897,3
2019-09-18 21:10:41.933,10897,10898,10897,3
2019-09-18 21:10:42.254,10897,10898,10897,7
2019-09-18 21:11:02.790,10896,10897,10897,1
2019-09-18 21:11:25.221,10896,10897,10896,2
2019-09-18 21:11:27.609,10896,10897,10896,1
2019-09-18 21:11:28.906,10896,10897,10896,1
2019-09-18 21:11:29.072,10896,10897,10896,1
2019-09-18 21:11:29.881,10896,10897,10896,1
2019-09-18 21:11:32.287,10896,10897,10896,2
2019-09-18 21:11:35.777,10896,10897,10896,1
2019-09-18 21:11:44.139,10896,10897,10896,1
2019-09-18 21:11:59.477,10896,10897,10896,1
2019-09-18 21:12:15.556,10896,10897,10896,1
2019-09-18 21:12:17.248,10896,10897,10896,2
2019-09-18 21:12:18.568,10896,10897,10896,2
2019-09-18 21:12:18.800,10896,10897,10896,1
2019-09-18 21:12:18.878,10896,10897,10896,6
2019-09-18 21:12:21.440,10895,10896,10895,1
