2024-01-23 15:00:00.001,17879,17879,17879,152,0
2024-01-23 15:00:00.001,17878,17878,17878,2,-2
2024-01-23 15:00:00.001,17878,17878,17878,2,0
2024-01-23 15:00:00.001,17879,17879,17879,2,2
2024-01-23 15:00:00.001,17879,17879,17879,4,0
2024-01-23 15:00:00.001,17878,17878,17878,4,-4
2024-01-23 15:00:00.001,17878,17878,17878,2,0
2024-01-23 15:00:00.001,17879,17879,17879,8,8
2024-01-23 15:00:00.001,17878,17878,17878,2,-2
2024-01-23 15:00:00.001,17879,17879,17879,8,8
2024-01-23 15:00:00.001,17879,17879,17879,6,0
2024-01-23 15:00:00.001,17879,17879,17879,2,0
2024-01-23 15:00:00.001,17879,17879,17879,2,0
2024-01-23 15:00:00.001,17879,17879,17879,2,0
2024-01-23 15:00:00.001,17879,17879,17879,6,0
2024-01-23 15:00:00.001,17879,17879,17879,2,0
2024-01-23 15:00:00.001,17879,17879,17879,4,0
2024-01-23 15:00:00.001,17880,17880,17880,4,4
2024-01-23 15:00:00.001,17880,17880,17880,4,0
2024-01-23 15:00:00.001,17880,17880,17880,2,0
2024-01-23 15:00:00.001,17880,17880,17880,2,0
2024-01-23 15:00:00.001,17880,17880,17880,2,0
2024-01-23 15:00:00.001,17881,17881,17881,2,2
2024-01-23 15:00:00.001,17881,17881,17881,2,0
2024-01-23 15:00:00.001,17880,17880,17880,4,-4
2024-01-23 15:00:00.001,17881,17881,17881,4,4
2024-01-23 15:00:00.001,17881,17881,17881,2,0
2024-01-23 15:00:00.001,17881,17881,17881,2,0
2024-01-23 15:00:00.001,17878,17878,17878,2,-2
2024-01-23 15:00:00.001,17881,17881,17881,4,4
2024-01-23 15:00:00.001,17881,17881,17881,2,0
2024-01-23 15:00:00.001,17881,17881,17881,2,0
2024-01-23 15:00:00.001,17881,17881,17881,2,0
2024-01-23 15:00:00.001,17881,17881,17881,2,0
2024-01-23 15:00:00.001,17881,17881,17881,2,0
2024-01-23 15:00:00.001,17881,17881,17881,2,0
2024-01-23 15:00:00.001,17880,17880,17880,2,-2
2024-01-23 15:00:00.001,17881,17881,17881,2,2
2024-01-23 15:00:00.001,17881,17881,17881,2,0
2024-01-23 15:00:00.001,17882,17882,17882,2,2
2024-01-23 15:00:00.001,17882,17882,17882,24,0
2024-01-23 15:00:00.001,17880,17880,17880,2,-2
2024-01-23 15:00:00.001,17882,17882,17882,2,2
2024-01-23 15:00:00.001,17882,17882,17882,2,0
2024-01-23 15:00:00.001,17882,17882,17882,2,0
2024-01-23 15:00:00.001,17882,17882,17882,2,0
2024-01-23 15:00:00.001,17882,17882,17882,4,0
2024-01-23 15:00:00.001,17882,17882,17882,2,0
2024-01-23 15:00:00.001,17882,17882,17882,2,0
2024-01-23 15:00:00.001,17882,17882,17882,2,0
2024-01-23 15:00:00.001,17882,17882,17882,2,0
2024-01-23 15:00:00.001,17882,17882,17882,2,0
2024-01-23 15:00:00.001,17881,17881,17881,2,-2
2024-01-23 15:00:01.001,17881,17881,17881,2,0
2024-01-23 15:00:01.001,17882,17882,17882,2,2
2024-01-23 15:00:01.001,17882,17882,17882,8,0
2024-01-23 15:00:01.001,17882,17882,17882,4,0
2024-01-23 15:00:01.001,17882,17882,17882,2,0
2024-01-23 15:00:01.001,17882,17882,17882,2,0
2024-01-23 15:00:01.001,17882,17882,17882,2,0
2024-01-23 15:00:01.001,17882,17882,17882,4,0
2024-01-23 15:00:01.001,17883,17883,17883,2,2
2024-01-23 15:00:01.001,17883,17883,17883,4,0
2024-01-23 15:00:01.001,17883,17883,17883,2,0
2024-01-23 15:00:01.001,17882,17882,17882,2,-2
2024-01-23 15:00:01.001,17882,17882,17882,2,0
2024-01-23 15:00:01.001,17882,17882,17882,2,0
2024-01-23 15:00:01.001,17883,17883,17883,2,2
2024-01-23 15:00:01.001,17883,17883,17883,2,0
2024-01-23 15:00:01.001,17883,17883,17883,4,0
2024-01-23 15:00:01.001,17882,17882,17882,2,-2
2024-01-23 15:00:01.001,17883,17883,17883,2,2
2024-01-23 15:00:01.001,17883,17883,17883,2,0
2024-01-23 15:00:01.001,17883,17883,17883,2,0
2024-01-23 15:00:01.001,17883,17883,17883,2,0
2024-01-23 15:00:01.001,17883,17883,17883,2,0
2024-01-23 15:00:01.001,17882,17882,17882,2,-2
2024-01-23 15:00:01.001,17883,17883,17883,2,2
2024-01-23 15:00:01.001,17883,17883,17883,2,0
2024-01-23 15:00:01.001,17884,17884,17884,2,2
2024-01-23 15:00:01.001,17882,17882,17882,2,-2
2024-01-23 15:00:01.001,17883,17883,17883,2,2
2024-01-23 15:00:01.001,17884,17884,17884,2,2
2024-01-23 15:00:01.001,17882,17882,17882,2,-2
2024-01-23 15:00:01.001,17882,17882,17882,2,0
2024-01-23 15:00:01.001,17882,17882,17882,28,0
2024-01-23 15:00:01.001,17882,17882,17882,2,0
2024-01-23 15:00:01.001,17883,17883,17883,2,2
2024-01-23 15:00:01.001,17882,17882,17882,2,-2
2024-01-23 15:00:01.001,17882,17882,17882,2,0
2024-01-23 15:00:01.001,17883,17883,17883,2,2
2024-01-23 15:00:02.001,17884,17884,17884,6,6
2024-01-23 15:00:02.001,17882,17882,17882,2,-2
2024-01-23 15:00:02.001,17882,17882,17882,4,0
2024-01-23 15:00:02.001,17882,17882,17882,2,0
2024-01-23 15:00:02.001,17882,17882,17882,2,0
2024-01-23 15:00:02.001,17882,17882,17882,2,0
2024-01-23 15:00:02.001,17882,17882,17882,4,0
2024-01-23 15:00:02.001,17882,17882,17882,10,0
2024-01-23 15:00:02.001,17882,17882,17882,24,0
2024-01-23 15:00:02.001,17882,17882,17882,4,0
2024-01-23 15:00:02.001,17882,17882,17882,2,0
2024-01-23 15:00:02.001,17881,17881,17881,4,-4
2024-01-23 15:00:02.001,17881,17881,17881,4,0
2024-01-23 15:00:02.001,17882,17882,17882,6,6
2024-01-23 15:00:02.001,17881,17881,17881,2,-2
2024-01-23 15:00:02.001,17881,17881,17881,2,0
2024-01-23 15:00:03.001,17882,17882,17882,6,6
2024-01-23 15:00:03.001,17883,17883,17883,4,4
2024-01-23 15:00:03.001,17881,17881,17881,2,-2
2024-01-23 15:00:03.001,17881,17881,17881,2,0
2024-01-23 15:00:03.001,17880,17880,17880,2,-2
2024-01-23 15:00:04.001,17881,17881,17881,2,2
2024-01-23 15:00:05.001,17880,17880,17880,2,-2
2024-01-23 15:00:05.001,17880,17880,17880,2,0
2024-01-23 15:00:05.001,17880,17880,17880,2,0
2024-01-23 15:00:05.001,17881,17881,17881,4,4
2024-01-23 15:00:06.001,17881,17881,17881,10,0
2024-01-23 15:00:06.001,17880,17880,17880,2,-2
2024-01-23 15:00:06.001,17881,17881,17881,2,2
2024-01-23 15:00:06.001,17881,17881,17881,14,0
2024-01-23 15:00:07.001,17881,17881,17881,10,0
2024-01-23 15:00:07.001,17882,17882,17882,2,2
2024-01-23 15:00:07.001,17882,17882,17882,20,0
2024-01-23 15:00:07.001,17883,17883,17883,10,10
2024-01-23 15:00:07.001,17882,17882,17882,2,-2
2024-01-23 15:00:07.001,17882,17882,17882,2,0
2024-01-23 15:00:07.001,17881,17881,17881,2,-2
2024-01-23 15:00:07.001,17880,17880,17880,2,-2
2024-01-23 15:00:07.001,17880,17880,17880,2,0
2024-01-23 15:00:07.001,17882,17882,17882,14,14
2024-01-23 15:00:07.001,17881,17881,17881,2,-2
2024-01-23 15:00:07.001,17880,17880,17880,2,-2
2024-01-23 15:00:07.001,17880,17880,17880,2,0
2024-01-23 15:00:07.001,17880,17880,17880,4,0
2024-01-23 15:00:07.001,17880,17880,17880,2,0
2024-01-23 15:00:08.001,17881,17881,17881,4,4
2024-01-23 15:00:08.001,17881,17881,17881,2,0
2024-01-23 15:00:08.001,17881,17881,17881,4,0
2024-01-23 15:00:08.001,17880,17880,17880,2,-2
2024-01-23 15:00:08.001,17880,17880,17880,2,0
2024-01-23 15:00:08.001,17882,17882,17882,4,4
2024-01-23 15:00:08.001,17882,17882,17882,2,0
2024-01-23 15:00:09.001,17881,17881,17881,2,-2
2024-01-23 15:00:09.001,17881,17881,17881,2,0
2024-01-23 15:00:09.001,17881,17881,17881,4,0
2024-01-23 15:00:10.001,17881,17881,17881,2,0
2024-01-23 15:00:10.001,17882,17882,17882,8,8
2024-01-23 15:00:10.001,17882,17882,17882,2,0
2024-01-23 15:00:10.001,17883,17883,17883,20,20
2024-01-23 15:00:10.001,17883,17883,17883,4,0
2024-01-23 15:00:10.001,17884,17884,17884,16,16
2024-01-23 15:00:10.001,17883,17883,17883,4,-4
2024-01-23 15:00:10.001,17883,17883,17883,2,0
2024-01-23 15:00:10.001,17883,17883,17883,2,0
2024-01-23 15:00:11.001,17883,17883,17883,4,0
2024-01-23 15:00:11.001,17884,17884,17884,2,2
2024-01-23 15:00:11.001,17883,17883,17883,2,-2
2024-01-23 15:00:11.001,17884,17884,17884,2,2
2024-01-23 15:00:11.001,17883,17883,17883,2,-2
2024-01-23 15:00:11.001,17884,17884,17884,10,10
2024-01-23 15:00:11.001,17883,17883,17883,2,-2
2024-01-23 15:00:12.001,17884,17884,17884,2,2
2024-01-23 15:00:13.001,17883,17883,17883,2,-2
2024-01-23 15:00:13.001,17882,17882,17882,2,-2
2024-01-23 15:00:13.001,17882,17882,17882,2,0
2024-01-23 15:00:14.001,17883,17883,17883,2,2
2024-01-23 15:00:16.001,17884,17884,17884,2,2
2024-01-23 15:00:16.001,17883,17883,17883,2,-2
2024-01-23 15:00:17.001,17883,17883,17883,2,0
2024-01-23 15:00:17.001,17884,17884,17884,2,2
2024-01-23 15:00:19.001,17883,17883,17883,2,-2
2024-01-23 15:00:20.001,17884,17884,17884,14,14
2024-01-23 15:00:21.001,17883,17883,17883,2,-2
2024-01-23 15:00:23.001,17884,17884,17884,2,2
2024-01-23 15:00:24.001,17884,17884,17884,2,0
2024-01-23 15:00:24.001,17884,17884,17884,6,0
2024-01-23 15:00:26.001,17884,17884,17884,2,0
2024-01-23 15:00:26.001,17884,17884,17884,2,0
2024-01-23 15:00:26.001,17884,17884,17884,2,0
2024-01-23 15:00:26.001,17884,17884,17884,2,0
2024-01-23 15:00:29.001,17884,17884,17884,4,0
2024-01-23 15:00:30.001,17884,17884,17884,6,0
2024-01-23 15:00:30.001,17884,17884,17884,4,0
2024-01-23 15:00:31.001,17884,17884,17884,2,0
2024-01-23 15:00:32.001,17884,17884,17884,6,0
2024-01-23 15:00:32.001,17883,17883,17883,16,-16
2024-01-23 15:00:32.001,17883,17883,17883,4,0
2024-01-23 15:00:32.001,17883,17883,17883,2,0
2024-01-23 15:00:32.001,17883,17883,17883,4,0
2024-01-23 15:00:32.001,17883,17883,17883,2,0
2024-01-23 15:00:32.001,17883,17883,17883,2,0
2024-01-23 15:00:32.001,17883,17883,17883,2,0
2024-01-23 15:00:32.001,17883,17883,17883,2,0
2024-01-23 15:00:32.001,17882,17882,17882,2,-2
2024-01-23 15:00:32.001,17882,17882,17882,4,0
2024-01-23 15:00:32.001,17882,17882,17882,4,0
2024-01-23 15:00:32.001,17882,17882,17882,2,0
2024-01-23 15:00:32.001,17882,17882,17882,2,0
2024-01-23 15:00:32.001,17882,17882,17882,2,0
2024-01-23 15:00:32.001,17882,17882,17882,4,0
2024-01-23 15:00:33.001,17883,17883,17883,2,2
2024-01-23 15:00:33.001,17884,17884,17884,36,36
2024-01-23 15:00:33.001,17885,17885,17885,56,56
2024-01-23 15:00:33.001,17886,17886,17886,2,2
2024-01-23 15:00:33.001,17886,17886,17886,2,0
2024-01-23 15:00:33.001,17886,17886,17886,2,0
2024-01-23 15:00:33.001,17885,17885,17885,2,-2
2024-01-23 15:00:33.001,17885,17885,17885,4,0
2024-01-23 15:00:33.001,17885,17885,17885,4,0
2024-01-23 15:00:34.001,17885,17885,17885,2,0
2024-01-23 15:00:35.001,17885,17885,17885,2,0
2024-01-23 15:00:35.001,17885,17885,17885,2,0
2024-01-23 15:00:37.001,17885,17885,17885,2,0
2024-01-23 15:00:38.001,17885,17885,17885,2,0
2024-01-23 15:00:38.001,17885,17885,17885,2,0
2024-01-23 15:00:38.001,17885,17885,17885,4,0
2024-01-23 15:00:38.001,17884,17884,17884,4,-4
2024-01-23 15:00:38.001,17884,17884,17884,2,0
2024-01-23 15:00:38.001,17884,17884,17884,2,0
2024-01-23 15:00:38.001,17884,17884,17884,2,0
2024-01-23 15:00:38.001,17884,17884,17884,2,0
2024-01-23 15:00:38.001,17884,17884,17884,4,0
2024-01-23 15:00:38.001,17884,17884,17884,4,0
2024-01-23 15:00:38.001,17884,17884,17884,4,0
2024-01-23 15:00:38.001,17884,17884,17884,2,0
2024-01-23 15:00:38.001,17884,17884,17884,2,0
2024-01-23 15:00:38.001,17884,17884,17884,2,0
2024-01-23 15:00:38.001,17884,17884,17884,4,0
2024-01-23 15:00:38.001,17884,17884,17884,4,0
2024-01-23 15:00:38.001,17883,17883,17883,2,-2
2024-01-23 15:00:38.001,17883,17883,17883,4,0
2024-01-23 15:00:38.001,17883,17883,17883,4,0
2024-01-23 15:00:38.001,17883,17883,17883,4,0
2024-01-23 15:00:38.001,17883,17883,17883,4,0
2024-01-23 15:00:38.001,17883,17883,17883,2,0
2024-01-23 15:00:38.001,17883,17883,17883,6,0
2024-01-23 15:00:38.001,17883,17883,17883,2,0
2024-01-23 15:00:38.001,17883,17883,17883,2,0
2024-01-23 15:00:38.001,17884,17884,17884,10,10
2024-01-23 15:00:38.001,17885,17885,17885,10,10
2024-01-23 15:00:40.001,17885,17885,17885,16,0
2024-01-23 15:00:41.001,17884,17884,17884,2,-2
2024-01-23 15:00:42.001,17885,17885,17885,36,36
2024-01-23 15:00:43.001,17885,17885,17885,2,0
2024-01-23 15:00:43.001,17885,17885,17885,4,0
2024-01-23 15:00:43.001,17885,17885,17885,2,0
2024-01-23 15:00:43.001,17886,17886,17886,40,40
2024-01-23 15:00:43.001,17887,17887,17887,2,2
2024-01-23 15:00:45.001,17886,17886,17886,2,-2
2024-01-23 15:00:47.001,17887,17887,17887,2,2
2024-01-23 15:00:47.001,17887,17887,17887,2,0
2024-01-23 15:00:47.001,17886,17886,17886,6,-6
2024-01-23 15:00:48.001,17887,17887,17887,2,2
2024-01-23 15:00:48.001,17887,17887,17887,24,0
2024-01-23 15:00:50.001,17887,17887,17887,2,0
2024-01-23 15:00:51.001,17886,17886,17886,2,-2
2024-01-23 15:00:51.001,17887,17887,17887,6,6
2024-01-23 15:00:51.001,17886,17886,17886,4,-4
2024-01-23 15:00:52.001,17887,17887,17887,2,2
2024-01-23 15:00:54.001,17887,17887,17887,2,0
2024-01-23 15:00:55.001,17886,17886,17886,4,-4
2024-01-23 15:00:55.001,17886,17886,17886,10,0
2024-01-23 15:00:55.001,17886,17886,17886,4,0
2024-01-23 15:00:55.001,17886,17886,17886,10,0
2024-01-23 15:00:55.001,17886,17886,17886,2,0
2024-01-23 15:00:55.001,17886,17886,17886,4,0
2024-01-23 15:00:56.001,17886,17886,17886,4,0
2024-01-23 15:00:56.001,17885,17885,17885,16,-16
2024-01-23 15:00:56.001,17885,17885,17885,2,0
2024-01-23 15:00:56.001,17885,17885,17885,2,0
2024-01-23 15:00:57.001,17886,17886,17886,22,22
2024-01-23 15:00:57.001,17887,17887,17887,34,34
2024-01-23 15:00:58.001,17886,17886,17886,2,-2
2024-01-23 15:00:58.001,17887,17887,17887,10,10
2024-01-23 15:00:58.001,17887,17887,17887,10,0
2024-01-23 15:00:58.001,17886,17886,17886,2,-2
2024-01-23 15:00:59.001,17887,17887,17887,2,2
2024-01-23 15:00:59.001,17887,17887,17887,8,0
2024-01-23 15:01:00.001,17888,17888,17888,8,8
2024-01-23 15:01:00.001,17888,17888,17888,2,0
2024-01-23 15:01:00.001,17888,17888,17888,2,0
2024-01-23 15:01:00.001,17888,17888,17888,40,0
2024-01-23 15:01:00.001,17889,17889,17889,2,2
2024-01-23 15:01:00.001,17889,17889,17889,2,0
2024-01-23 15:01:00.001,17889,17889,17889,4,0
2024-01-23 15:01:00.001,17889,17889,17889,2,0
2024-01-23 15:01:00.001,17889,17889,17889,10,0
2024-01-23 15:01:00.001,17889,17889,17889,2,0
2024-01-23 15:01:00.001,17889,17889,17889,2,0
2024-01-23 15:01:00.001,17889,17889,17889,4,0
2024-01-23 15:01:00.001,17890,17890,17890,2,2
2024-01-23 15:01:00.001,17890,17890,17890,8,0
2024-01-23 15:01:00.001,17890,17890,17890,4,0
2024-01-23 15:01:00.001,17890,17890,17890,20,0
2024-01-23 15:01:00.001,17890,17890,17890,4,0
2024-01-23 15:01:00.001,17890,17890,17890,12,0
2024-01-23 15:01:00.001,17891,17891,17891,4,4
2024-01-23 15:01:00.001,17891,17891,17891,22,0
2024-01-23 15:01:00.001,17892,17892,17892,22,22
2024-01-23 15:01:00.001,17892,17892,17892,12,0
2024-01-23 15:01:00.001,17893,17893,17893,6,6
2024-01-23 15:01:00.001,17893,17893,17893,8,0
2024-01-23 15:01:00.001,17893,17893,17893,4,0
2024-01-23 15:01:00.001,17893,17893,17893,4,0
2024-01-23 15:01:00.001,17894,17894,17894,2,2
2024-01-23 15:01:00.001,17894,17894,17894,4,0
2024-01-23 15:01:00.001,17894,17894,17894,4,0
2024-01-23 15:01:00.001,17894,17894,17894,20,0
2024-01-23 15:01:00.001,17893,17893,17893,4,-4
2024-01-23 15:01:00.001,17893,17893,17893,12,0
2024-01-23 15:01:00.001,17892,17892,17892,2,-2
2024-01-23 15:01:00.001,17892,17892,17892,2,0
2024-01-23 15:01:00.001,17892,17892,17892,2,0
2024-01-23 15:01:00.001,17891,17891,17891,2,-2
2024-01-23 15:01:00.001,17891,17891,17891,4,0
2024-01-23 15:01:00.001,17891,17891,17891,4,0
2024-01-23 15:01:00.001,17893,17893,17893,4,4
2024-01-23 15:01:00.001,17893,17893,17893,8,0
2024-01-23 15:01:00.001,17893,17893,17893,4,0
2024-01-23 15:01:00.001,17893,17893,17893,4,0
2024-01-23 15:01:00.001,17891,17891,17891,2,-2
2024-01-23 15:01:00.001,17891,17891,17891,2,0
2024-01-23 15:01:00.001,17893,17893,17893,4,4
2024-01-23 15:01:00.001,17891,17891,17891,2,-2
2024-01-23 15:01:00.001,17891,17891,17891,2,0
2024-01-23 15:01:00.001,17891,17891,17891,4,0
2024-01-23 15:01:00.001,17891,17891,17891,2,0
2024-01-23 15:01:00.001,17891,17891,17891,2,0
2024-01-23 15:01:00.001,17891,17891,17891,2,0
2024-01-23 15:01:00.001,17890,17890,17890,4,-4
2024-01-23 15:01:00.001,17890,17890,17890,2,0
2024-01-23 15:01:00.001,17890,17890,17890,4,0
2024-01-23 15:01:00.001,17890,17890,17890,4,0
2024-01-23 15:01:00.001,17890,17890,17890,4,0
2024-01-23 15:01:00.001,17890,17890,17890,4,0
2024-01-23 15:01:00.001,17890,17890,17890,2,0
2024-01-23 15:01:00.001,17890,17890,17890,2,0
2024-01-23 15:01:00.001,17889,17889,17889,2,-2
2024-01-23 15:01:01.001,17891,17891,17891,2,2
2024-01-23 15:01:01.001,17889,17889,17889,2,-2
2024-01-23 15:01:01.001,17889,17889,17889,2,0
2024-01-23 15:01:01.001,17889,17889,17889,2,0
2024-01-23 15:01:01.001,17888,17888,17888,2,-2
2024-01-23 15:01:01.001,17888,17888,17888,2,0
2024-01-23 15:01:02.001,17890,17890,17890,2,2
2024-01-23 15:01:03.001,17890,17890,17890,2,0
2024-01-23 15:01:03.001,17891,17891,17891,2,2
2024-01-23 15:01:03.001,17891,17891,17891,4,0
2024-01-23 15:01:03.001,17891,17891,17891,2,0
2024-01-23 15:01:03.001,17891,17891,17891,4,0
2024-01-23 15:01:03.001,17890,17890,17890,2,-2
2024-01-23 15:01:03.001,17890,17890,17890,2,0
2024-01-23 15:01:03.001,17889,17889,17889,2,-2
2024-01-23 15:01:03.001,17889,17889,17889,2,0
2024-01-23 15:01:03.001,17889,17889,17889,2,0
2024-01-23 15:01:03.001,17888,17888,17888,2,-2
2024-01-23 15:01:04.001,17890,17890,17890,2,2
2024-01-23 15:01:05.001,17890,17890,17890,4,0
2024-01-23 15:01:06.001,17890,17890,17890,2,0
2024-01-23 15:01:07.001,17890,17890,17890,4,0
2024-01-23 15:01:08.001,17890,17890,17890,4,0
2024-01-23 15:01:09.001,17890,17890,17890,6,0
2024-01-23 15:01:09.001,17891,17891,17891,2,2
2024-01-23 15:01:09.001,17891,17891,17891,2,0
2024-01-23 15:01:09.001,17891,17891,17891,2,0
2024-01-23 15:01:10.001,17890,17890,17890,2,-2
2024-01-23 15:01:10.001,17890,17890,17890,2,0
2024-01-23 15:01:11.001,17891,17891,17891,2,2
2024-01-23 15:01:11.001,17891,17891,17891,2,0
2024-01-23 15:01:11.001,17891,17891,17891,2,0
2024-01-23 15:01:12.001,17891,17891,17891,2,0
2024-01-23 15:01:12.001,17890,17890,17890,2,-2
2024-01-23 15:01:12.001,17890,17890,17890,2,0
2024-01-23 15:01:13.001,17890,17890,17890,2,0
2024-01-23 15:01:13.001,17890,17890,17890,2,0
2024-01-23 15:01:14.001,17890,17890,17890,2,0
2024-01-23 15:01:14.001,17890,17890,17890,2,0
2024-01-23 15:01:15.001,17890,17890,17890,4,0
2024-01-23 15:01:15.001,17890,17890,17890,14,0
2024-01-23 15:01:15.001,17889,17889,17889,2,-2
2024-01-23 15:01:18.001,17889,17889,17889,2,0
2024-01-23 15:01:18.001,17889,17889,17889,4,0
2024-01-23 15:01:18.001,17889,17889,17889,2,0
2024-01-23 15:01:18.001,17889,17889,17889,2,0
2024-01-23 15:01:18.001,17889,17889,17889,2,0
2024-01-23 15:01:19.001,17889,17889,17889,8,0
2024-01-23 15:01:20.001,17889,17889,17889,2,0
2024-01-23 15:01:20.001,17890,17890,17890,16,16
2024-01-23 15:01:20.001,17890,17890,17890,2,0
2024-01-23 15:01:22.001,17890,17890,17890,2,0
2024-01-23 15:01:23.001,17889,17889,17889,2,-2
2024-01-23 15:01:23.001,17889,17889,17889,2,0
2024-01-23 15:01:23.001,17889,17889,17889,2,0
2024-01-23 15:01:23.001,17888,17888,17888,2,-2
2024-01-23 15:01:23.001,17888,17888,17888,2,0
2024-01-23 15:01:23.001,17888,17888,17888,2,0
2024-01-23 15:01:24.001,17888,17888,17888,2,0
2024-01-23 15:01:24.001,17888,17888,17888,2,0
2024-01-23 15:01:24.001,17889,17889,17889,2,2
2024-01-23 15:01:26.001,17888,17888,17888,2,-2
2024-01-23 15:01:29.001,17889,17889,17889,2,2
2024-01-23 15:01:30.001,17888,17888,17888,2,-2
2024-01-23 15:01:30.001,17888,17888,17888,2,0
2024-01-23 15:01:30.001,17888,17888,17888,2,0
2024-01-23 15:01:30.001,17888,17888,17888,2,0
2024-01-23 15:01:30.001,17888,17888,17888,2,0
2024-01-23 15:01:30.001,17888,17888,17888,4,0
2024-01-23 15:01:30.001,17888,17888,17888,2,0
2024-01-23 15:01:30.001,17888,17888,17888,4,0
2024-01-23 15:01:30.001,17888,17888,17888,2,0
2024-01-23 15:01:30.001,17888,17888,17888,2,0
2024-01-23 15:01:30.001,17887,17887,17887,4,-4
2024-01-23 15:01:30.001,17887,17887,17887,2,0
2024-01-23 15:01:31.001,17888,17888,17888,2,2
2024-01-23 15:01:32.001,17888,17888,17888,4,0
2024-01-23 15:01:35.001,17888,17888,17888,40,0
2024-01-23 15:01:35.001,17888,17888,17888,2,0
2024-01-23 15:01:35.001,17887,17887,17887,4,-4
2024-01-23 15:01:35.001,17887,17887,17887,2,0
2024-01-23 15:01:35.001,17887,17887,17887,2,0
2024-01-23 15:01:35.001,17887,17887,17887,2,0
2024-01-23 15:01:35.001,17887,17887,17887,4,0
2024-01-23 15:01:35.001,17887,17887,17887,4,0
2024-01-23 15:01:35.001,17887,17887,17887,2,0
2024-01-23 15:01:36.001,17888,17888,17888,2,2
2024-01-23 15:01:36.001,17888,17888,17888,2,0
2024-01-23 15:01:37.001,17888,17888,17888,2,0
2024-01-23 15:01:40.001,17889,17889,17889,16,16
2024-01-23 15:01:40.001,17888,17888,17888,2,-2
2024-01-23 15:01:40.001,17888,17888,17888,14,0
2024-01-23 15:01:40.001,17888,17888,17888,2,0
2024-01-23 15:01:40.001,17888,17888,17888,2,0
2024-01-23 15:01:40.001,17888,17888,17888,2,0
2024-01-23 15:01:40.001,17888,17888,17888,2,0
2024-01-23 15:01:40.001,17888,17888,17888,2,0
2024-01-23 15:01:40.001,17888,17888,17888,2,0
2024-01-23 15:01:41.001,17888,17888,17888,2,0
2024-01-23 15:01:42.001,17888,17888,17888,4,0
2024-01-23 15:01:44.001,17888,17888,17888,8,0
2024-01-23 15:01:46.001,17888,17888,17888,4,0
2024-01-23 15:01:46.001,17889,17889,17889,20,20
2024-01-23 15:01:47.001,17889,17889,17889,2,0
2024-01-23 15:01:47.001,17890,17890,17890,2,2
2024-01-23 15:01:48.001,17888,17888,17888,2,-2
2024-01-23 15:01:49.001,17888,17888,17888,4,0
2024-01-23 15:01:50.001,17889,17889,17889,2,2
2024-01-23 15:01:53.001,17889,17889,17889,2,0
2024-01-23 15:01:53.001,17889,17889,17889,2,0
2024-01-23 15:01:57.001,17889,17889,17889,2,0
2024-01-23 15:01:59.001,17889,17889,17889,2,0
2024-01-23 15:01:59.001,17889,17889,17889,4,0
2024-01-23 15:02:00.001,17889,17889,17889,6,0
2024-01-23 15:02:00.001,17890,17890,17890,2,2
2024-01-23 15:02:01.001,17889,17889,17889,4,-4
2024-01-23 15:02:01.001,17889,17889,17889,4,0
2024-01-23 15:02:01.001,17889,17889,17889,4,0
2024-01-23 15:02:01.001,17889,17889,17889,4,0
2024-01-23 15:02:02.001,17890,17890,17890,2,2
2024-01-23 15:02:02.001,17890,17890,17890,2,0
2024-01-23 15:02:02.001,17890,17890,17890,2,0
2024-01-23 15:02:02.001,17889,17889,17889,2,-2
2024-01-23 15:02:05.001,17889,17889,17889,2,0
2024-01-23 15:02:05.001,17889,17889,17889,4,0
2024-01-23 15:02:05.001,17889,17889,17889,2,0
2024-01-23 15:02:05.001,17890,17890,17890,4,4
2024-01-23 15:02:05.001,17889,17889,17889,4,-4
2024-01-23 15:02:08.001,17890,17890,17890,2,2
2024-01-23 15:02:08.001,17890,17890,17890,2,0
2024-01-23 15:02:09.001,17890,17890,17890,30,0
2024-01-23 15:02:13.001,17889,17889,17889,2,-2
2024-01-23 15:02:13.001,17889,17889,17889,2,0
2024-01-23 15:02:13.001,17889,17889,17889,4,0
2024-01-23 15:02:13.001,17889,17889,17889,4,0
2024-01-23 15:02:16.001,17890,17890,17890,4,4
2024-01-23 15:02:17.001,17889,17889,17889,2,-2
2024-01-23 15:02:22.001,17889,17889,17889,4,0
2024-01-23 15:02:24.001,17889,17889,17889,2,0
2024-01-23 15:02:24.001,17889,17889,17889,6,0
2024-01-23 15:02:24.001,17890,17890,17890,2,2
2024-01-23 15:02:24.001,17889,17889,17889,2,-2
2024-01-23 15:02:30.001,17890,17890,17890,6,6
2024-01-23 15:02:30.001,17889,17889,17889,2,-2
2024-01-23 15:02:31.001,17889,17889,17889,2,0
2024-01-23 15:02:32.001,17889,17889,17889,2,0
2024-01-23 15:02:32.001,17889,17889,17889,2,0
2024-01-23 15:02:34.001,17889,17889,17889,2,0
2024-01-23 15:02:34.001,17890,17890,17890,4,4
2024-01-23 15:02:38.001,17889,17889,17889,2,-2
2024-01-23 15:02:38.001,17889,17889,17889,2,0
2024-01-23 15:02:38.001,17889,17889,17889,4,0
2024-01-23 15:02:39.001,17890,17890,17890,2,2
2024-01-23 15:02:39.001,17890,17890,17890,6,0
2024-01-23 15:02:40.001,17890,17890,17890,10,0
2024-01-23 15:02:40.001,17890,17890,17890,6,0
2024-01-23 15:02:42.001,17890,17890,17890,2,0
2024-01-23 15:02:42.001,17890,17890,17890,2,0
2024-01-23 15:02:42.001,17890,17890,17890,2,0
2024-01-23 15:02:43.001,17890,17890,17890,4,0
2024-01-23 15:02:43.001,17890,17890,17890,2,0
2024-01-23 15:02:43.001,17891,17891,17891,2,2
2024-01-23 15:02:44.001,17890,17890,17890,2,-2
2024-01-23 15:02:44.001,17890,17890,17890,2,0
2024-01-23 15:02:46.001,17891,17891,17891,2,2
2024-01-23 15:02:48.001,17891,17891,17891,6,0
2024-01-23 15:02:49.001,17891,17891,17891,4,0
2024-01-23 15:02:49.001,17891,17891,17891,2,0
2024-01-23 15:02:50.001,17890,17890,17890,2,-2
2024-01-23 15:02:50.001,17890,17890,17890,2,0
2024-01-23 15:02:51.001,17892,17892,17892,2,2
2024-01-23 15:02:51.001,17892,17892,17892,2,0
2024-01-23 15:02:54.001,17891,17891,17891,2,-2
2024-01-23 15:02:55.001,17891,17891,17891,2,0
2024-01-23 15:02:57.001,17891,17891,17891,2,0
2024-01-23 15:02:59.001,17891,17891,17891,2,0
2024-01-23 15:02:59.001,17891,17891,17891,2,0
2024-01-23 15:02:59.001,17892,17892,17892,2,2
2024-01-23 15:03:00.001,17892,17892,17892,12,0
2024-01-23 15:03:00.001,17892,17892,17892,12,0
2024-01-23 15:03:00.001,17892,17892,17892,10,0
2024-01-23 15:03:00.001,17892,17892,17892,8,0
2024-01-23 15:03:00.001,17893,17893,17893,4,4
2024-01-23 15:03:00.001,17893,17893,17893,2,0
2024-01-23 15:03:00.001,17893,17893,17893,2,0
2024-01-23 15:03:00.001,17894,17894,17894,4,4
2024-01-23 15:03:00.001,17894,17894,17894,2,0
2024-01-23 15:03:00.001,17894,17894,17894,2,0
2024-01-23 15:03:00.001,17894,17894,17894,10,0
2024-01-23 15:03:00.001,17894,17894,17894,4,0
2024-01-23 15:03:00.001,17894,17894,17894,4,0
2024-01-23 15:03:00.001,17894,17894,17894,4,0
2024-01-23 15:03:00.001,17894,17894,17894,2,0
2024-01-23 15:03:00.001,17894,17894,17894,4,0
2024-01-23 15:03:00.001,17894,17894,17894,2,0
2024-01-23 15:03:00.001,17894,17894,17894,2,0
2024-01-23 15:03:00.001,17893,17893,17893,2,-2
2024-01-23 15:03:00.001,17893,17893,17893,2,0
2024-01-23 15:03:00.001,17894,17894,17894,2,2
2024-01-23 15:03:00.001,17894,17894,17894,2,0
2024-01-23 15:03:00.001,17894,17894,17894,2,0
2024-01-23 15:03:01.001,17894,17894,17894,2,0
2024-01-23 15:03:01.001,17894,17894,17894,2,0
2024-01-23 15:03:01.001,17894,17894,17894,2,0
2024-01-23 15:03:01.001,17894,17894,17894,2,0
2024-01-23 15:03:01.001,17894,17894,17894,2,0
2024-01-23 15:03:01.001,17894,17894,17894,2,0
2024-01-23 15:03:01.001,17894,17894,17894,2,0
2024-01-23 15:03:02.001,17894,17894,17894,2,0
2024-01-23 15:03:02.001,17894,17894,17894,2,0
2024-01-23 15:03:02.001,17894,17894,17894,2,0
2024-01-23 15:03:02.001,17894,17894,17894,2,0
2024-01-23 15:03:03.001,17893,17893,17893,2,-2
2024-01-23 15:03:03.001,17892,17892,17892,4,-4
2024-01-23 15:03:03.001,17893,17893,17893,2,2
2024-01-23 15:03:03.001,17892,17892,17892,4,-4
2024-01-23 15:03:04.001,17893,17893,17893,2,2
2024-01-23 15:03:04.001,17893,17893,17893,6,0
2024-01-23 15:03:04.001,17894,17894,17894,2,2
2024-01-23 15:03:05.001,17894,17894,17894,2,0
2024-01-23 15:03:05.001,17893,17893,17893,4,-4
2024-01-23 15:03:05.001,17893,17893,17893,2,0
2024-01-23 15:03:05.001,17893,17893,17893,2,0
2024-01-23 15:03:05.001,17892,17892,17892,2,-2
2024-01-23 15:03:08.001,17893,17893,17893,2,2
2024-01-23 15:03:08.001,17892,17892,17892,2,-2
2024-01-23 15:03:09.001,17893,17893,17893,2,2
2024-01-23 15:03:09.001,17893,17893,17893,2,0
2024-01-23 15:03:09.001,17893,17893,17893,2,0
2024-01-23 15:03:09.001,17892,17892,17892,4,-4
2024-01-23 15:03:09.001,17892,17892,17892,6,0
2024-01-23 15:03:10.001,17894,17894,17894,8,8
2024-01-23 15:03:10.001,17893,17893,17893,2,-2
2024-01-23 15:03:10.001,17892,17892,17892,6,-6
2024-01-23 15:03:10.001,17892,17892,17892,4,0
2024-01-23 15:03:10.001,17892,17892,17892,4,0
2024-01-23 15:03:10.001,17892,17892,17892,4,0
2024-01-23 15:03:10.001,17892,17892,17892,2,0
2024-01-23 15:03:10.001,17892,17892,17892,4,0
2024-01-23 15:03:10.001,17892,17892,17892,2,0
2024-01-23 15:03:10.001,17892,17892,17892,2,0
2024-01-23 15:03:10.001,17892,17892,17892,4,0
2024-01-23 15:03:10.001,17892,17892,17892,4,0
2024-01-23 15:03:10.001,17892,17892,17892,2,0
2024-01-23 15:03:10.001,17892,17892,17892,2,0
2024-01-23 15:03:10.001,17892,17892,17892,2,0
2024-01-23 15:03:10.001,17892,17892,17892,2,0
2024-01-23 15:03:10.001,17891,17891,17891,6,-6
2024-01-23 15:03:10.001,17891,17891,17891,4,0
2024-01-23 15:03:10.001,17893,17893,17893,2,2
2024-01-23 15:03:11.001,17893,17893,17893,2,0
2024-01-23 15:03:12.001,17892,17892,17892,2,-2
2024-01-23 15:03:13.001,17892,17892,17892,2,0
2024-01-23 15:03:13.001,17892,17892,17892,4,0
2024-01-23 15:03:13.001,17892,17892,17892,4,0
2024-01-23 15:03:13.001,17892,17892,17892,2,0
2024-01-23 15:03:13.001,17892,17892,17892,2,0
2024-01-23 15:03:13.001,17893,17893,17893,2,2
2024-01-23 15:03:13.001,17892,17892,17892,2,-2
2024-01-23 15:03:14.001,17893,17893,17893,2,2
2024-01-23 15:03:16.001,17892,17892,17892,2,-2
2024-01-23 15:03:17.001,17892,17892,17892,4,0
2024-01-23 15:03:18.001,17892,17892,17892,4,0
2024-01-23 15:03:19.001,17892,17892,17892,4,0
2024-01-23 15:03:20.001,17892,17892,17892,8,0
2024-01-23 15:03:20.001,17892,17892,17892,2,0
2024-01-23 15:03:20.001,17892,17892,17892,2,0
2024-01-23 15:03:21.001,17893,17893,17893,2,2
2024-01-23 15:03:22.001,17892,17892,17892,2,-2
2024-01-23 15:03:23.001,17892,17892,17892,2,0
2024-01-23 15:03:25.001,17893,17893,17893,2,2
2024-01-23 15:03:25.001,17893,17893,17893,2,0
2024-01-23 15:03:25.001,17893,17893,17893,2,0
2024-01-23 15:03:26.001,17893,17893,17893,2,0
2024-01-23 15:03:26.001,17892,17892,17892,4,-4
2024-01-23 15:03:27.001,17893,17893,17893,2,2
2024-01-23 15:03:29.001,17893,17893,17893,2,0
2024-01-23 15:03:30.001,17892,17892,17892,2,-2
2024-01-23 15:03:31.001,17892,17892,17892,4,0
2024-01-23 15:03:31.001,17892,17892,17892,4,0
2024-01-23 15:03:31.001,17892,17892,17892,2,0
2024-01-23 15:03:31.001,17892,17892,17892,6,0
2024-01-23 15:03:31.001,17892,17892,17892,2,0
2024-01-23 15:03:33.001,17892,17892,17892,2,0
2024-01-23 15:03:34.001,17892,17892,17892,2,0
2024-01-23 15:03:35.001,17892,17892,17892,2,0
2024-01-23 15:03:36.001,17892,17892,17892,2,0
2024-01-23 15:03:38.001,17892,17892,17892,2,0
2024-01-23 15:03:40.001,17891,17891,17891,2,-2
2024-01-23 15:03:42.001,17892,17892,17892,2,2
2024-01-23 15:03:44.001,17891,17891,17891,2,-2
2024-01-23 15:03:44.001,17891,17891,17891,2,0
2024-01-23 15:03:44.001,17891,17891,17891,2,0
2024-01-23 15:03:44.001,17891,17891,17891,2,0
2024-01-23 15:03:44.001,17891,17891,17891,2,0
2024-01-23 15:03:48.001,17890,17890,17890,2,-2
2024-01-23 15:03:48.001,17890,17890,17890,2,0
2024-01-23 15:03:52.001,17891,17891,17891,2,2
2024-01-23 15:03:57.001,17891,17891,17891,2,0
2024-01-23 15:04:00.001,17891,17891,17891,2,0
2024-01-23 15:04:00.001,17891,17891,17891,18,0
2024-01-23 15:04:00.001,17891,17891,17891,2,0
2024-01-23 15:04:00.001,17891,17891,17891,6,0
2024-01-23 15:04:00.001,17891,17891,17891,2,0
2024-01-23 15:04:04.001,17891,17891,17891,2,0
2024-01-23 15:04:05.001,17890,17890,17890,2,-2
2024-01-23 15:04:09.001,17890,17890,17890,2,0
2024-01-23 15:04:10.001,17891,17891,17891,10,10
2024-01-23 15:04:10.001,17892,17892,17892,34,34
2024-01-23 15:04:10.001,17893,17893,17893,12,12
2024-01-23 15:04:10.001,17891,17891,17891,2,-2
2024-01-23 15:04:11.001,17891,17891,17891,2,0
2024-01-23 15:04:11.001,17892,17892,17892,2,2
2024-01-23 15:04:14.001,17892,17892,17892,2,0
2024-01-23 15:04:16.001,17891,17891,17891,2,-2
2024-01-23 15:04:17.001,17892,17892,17892,4,4
2024-01-23 15:04:18.001,17892,17892,17892,2,0
2024-01-23 15:04:20.001,17892,17892,17892,4,0
2024-01-23 15:04:20.001,17891,17891,17891,2,-2
2024-01-23 15:04:20.001,17891,17891,17891,2,0
2024-01-23 15:04:20.001,17891,17891,17891,4,0
2024-01-23 15:04:20.001,17891,17891,17891,2,0
2024-01-23 15:04:20.001,17891,17891,17891,2,0
2024-01-23 15:04:20.001,17891,17891,17891,4,0
2024-01-23 15:04:20.001,17891,17891,17891,2,0
2024-01-23 15:04:20.001,17891,17891,17891,2,0
2024-01-23 15:04:21.001,17892,17892,17892,2,2
2024-01-23 15:04:28.001,17891,17891,17891,2,-2
2024-01-23 15:04:30.001,17892,17892,17892,4,4
2024-01-23 15:04:31.001,17891,17891,17891,2,-2
2024-01-23 15:04:38.001,17891,17891,17891,2,0
2024-01-23 15:04:38.001,17891,17891,17891,2,0
2024-01-23 15:04:38.001,17891,17891,17891,2,0
2024-01-23 15:04:38.001,17891,17891,17891,4,0
2024-01-23 15:04:38.001,17891,17891,17891,4,0
2024-01-23 15:04:38.001,17891,17891,17891,4,0
2024-01-23 15:04:38.001,17891,17891,17891,2,0
2024-01-23 15:04:38.001,17891,17891,17891,2,0
2024-01-23 15:04:38.001,17891,17891,17891,2,0
2024-01-23 15:04:38.001,17891,17891,17891,2,0
2024-01-23 15:04:39.001,17890,17890,17890,2,-2
2024-01-23 15:04:39.001,17890,17890,17890,2,0
2024-01-23 15:04:40.001,17891,17891,17891,2,2
2024-01-23 15:04:40.001,17891,17891,17891,2,0
2024-01-23 15:04:43.001,17891,17891,17891,2,0
2024-01-23 15:04:47.001,17890,17890,17890,2,-2
2024-01-23 15:04:47.001,17890,17890,17890,2,0
2024-01-23 15:04:47.001,17890,17890,17890,2,0
2024-01-23 15:04:47.001,17890,17890,17890,4,0
2024-01-23 15:04:47.001,17890,17890,17890,2,0
2024-01-23 15:04:47.001,17890,17890,17890,2,0
2024-01-23 15:04:47.001,17890,17890,17890,2,0
2024-01-23 15:04:47.001,17890,17890,17890,4,0
2024-01-23 15:04:47.001,17890,17890,17890,6,0
2024-01-23 15:04:47.001,17890,17890,17890,4,0
2024-01-23 15:04:47.001,17890,17890,17890,2,0
2024-01-23 15:04:47.001,17890,17890,17890,2,0
2024-01-23 15:04:47.001,17890,17890,17890,2,0
2024-01-23 15:04:47.001,17890,17890,17890,2,0
2024-01-23 15:04:50.001,17889,17889,17889,2,-2
2024-01-23 15:04:50.001,17889,17889,17889,2,0
2024-01-23 15:04:50.001,17889,17889,17889,2,0
2024-01-23 15:04:50.001,17889,17889,17889,2,0
2024-01-23 15:04:50.001,17889,17889,17889,8,0
2024-01-23 15:04:50.001,17889,17889,17889,2,0
2024-01-23 15:04:50.001,17889,17889,17889,2,0
2024-01-23 15:04:53.001,17888,17888,17888,2,-2
2024-01-23 15:04:53.001,17888,17888,17888,2,0
2024-01-23 15:04:54.001,17889,17889,17889,2,2
2024-01-23 15:04:56.001,17888,17888,17888,2,-2
2024-01-23 15:04:58.001,17888,17888,17888,4,0
2024-01-23 15:04:58.001,17888,17888,17888,4,0
2024-01-23 15:04:58.001,17888,17888,17888,2,0
2024-01-23 15:05:00.001,17888,17888,17888,2,0
2024-01-23 15:05:00.001,17889,17889,17889,4,4
2024-01-23 15:05:00.001,17889,17889,17889,2,0
2024-01-23 15:05:00.001,17889,17889,17889,2,0
2024-01-23 15:05:00.001,17888,17888,17888,2,-2
2024-01-23 15:05:00.001,17888,17888,17888,2,0
2024-01-23 15:05:00.001,17888,17888,17888,2,0
2024-01-23 15:05:00.001,17888,17888,17888,2,0
2024-01-23 15:05:00.001,17888,17888,17888,18,0
2024-01-23 15:05:00.001,17888,17888,17888,10,0
2024-01-23 15:05:00.001,17888,17888,17888,2,0
2024-01-23 15:05:00.001,17888,17888,17888,4,0
2024-01-23 15:05:00.001,17888,17888,17888,4,0
2024-01-23 15:05:00.001,17888,17888,17888,10,0
2024-01-23 15:05:00.001,17888,17888,17888,2,0
2024-01-23 15:05:00.001,17888,17888,17888,2,0
2024-01-23 15:05:00.001,17888,17888,17888,12,0
2024-01-23 15:05:00.001,17888,17888,17888,2,0
2024-01-23 15:05:00.001,17888,17888,17888,2,0
2024-01-23 15:05:00.001,17888,17888,17888,2,0
2024-01-23 15:05:01.001,17889,17889,17889,2,2
2024-01-23 15:05:01.001,17888,17888,17888,2,-2
2024-01-23 15:05:02.001,17889,17889,17889,2,2
2024-01-23 15:05:03.001,17888,17888,17888,2,-2
2024-01-23 15:05:06.001,17888,17888,17888,2,0
2024-01-23 15:05:07.001,17888,17888,17888,2,0
2024-01-23 15:05:10.001,17888,17888,17888,2,0
2024-01-23 15:05:10.001,17888,17888,17888,2,0
2024-01-23 15:05:11.001,17888,17888,17888,2,0
2024-01-23 15:05:11.001,17888,17888,17888,16,0
2024-01-23 15:05:11.001,17888,17888,17888,2,0
2024-01-23 15:05:11.001,17888,17888,17888,4,0
2024-01-23 15:05:11.001,17888,17888,17888,2,0
2024-01-23 15:05:11.001,17888,17888,17888,6,0
2024-01-23 15:05:11.001,17888,17888,17888,2,0
2024-01-23 15:05:11.001,17888,17888,17888,2,0
2024-01-23 15:05:12.001,17888,17888,17888,2,0
2024-01-23 15:05:12.001,17889,17889,17889,6,6
2024-01-23 15:05:12.001,17888,17888,17888,2,-2
2024-01-23 15:05:14.001,17888,17888,17888,2,0
2024-01-23 15:05:20.001,17889,17889,17889,2,2
2024-01-23 15:05:26.001,17888,17888,17888,2,-2
2024-01-23 15:05:27.001,17888,17888,17888,2,0
2024-01-23 15:05:27.001,17888,17888,17888,2,0
2024-01-23 15:05:30.001,17888,17888,17888,2,0
2024-01-23 15:05:37.001,17889,17889,17889,4,4
2024-01-23 15:05:37.001,17889,17889,17889,2,0
2024-01-23 15:05:38.001,17888,17888,17888,2,-2
2024-01-23 15:05:38.001,17888,17888,17888,2,0
2024-01-23 15:05:39.001,17888,17888,17888,4,0
2024-01-23 15:05:42.001,17889,17889,17889,4,4
2024-01-23 15:05:42.001,17889,17889,17889,4,0
2024-01-23 15:05:42.001,17889,17889,17889,4,0
2024-01-23 15:05:43.001,17890,17890,17890,4,4
2024-01-23 15:05:43.001,17889,17889,17889,2,-2
2024-01-23 15:05:46.001,17890,17890,17890,2,2
2024-01-23 15:05:46.001,17890,17890,17890,8,0
2024-01-23 15:05:46.001,17890,17890,17890,6,0
2024-01-23 15:05:50.001,17891,17891,17891,2,2
2024-01-23 15:05:56.001,17890,17890,17890,2,-2
2024-01-23 15:06:00.001,17891,17891,17891,8,8
2024-01-23 15:06:03.001,17891,17891,17891,2,0
2024-01-23 15:06:04.001,17891,17891,17891,2,0
2024-01-23 15:06:04.001,17891,17891,17891,2,0
2024-01-23 15:06:05.001,17891,17891,17891,2,0
2024-01-23 15:06:10.001,17891,17891,17891,2,0
2024-01-23 15:06:10.001,17891,17891,17891,4,0
2024-01-23 15:06:10.001,17891,17891,17891,4,0
2024-01-23 15:06:10.001,17891,17891,17891,2,0
2024-01-23 15:06:13.001,17891,17891,17891,2,0
2024-01-23 15:06:17.001,17891,17891,17891,2,0
2024-01-23 15:06:20.001,17892,17892,17892,2,2
2024-01-23 15:06:21.001,17891,17891,17891,2,-2
2024-01-23 15:06:22.001,17891,17891,17891,2,0
2024-01-23 15:06:22.001,17891,17891,17891,2,0
2024-01-23 15:06:22.001,17891,17891,17891,2,0
2024-01-23 15:06:22.001,17891,17891,17891,2,0
2024-01-23 15:06:23.001,17891,17891,17891,2,0
2024-01-23 15:06:29.001,17891,17891,17891,8,0
2024-01-23 15:06:30.001,17891,17891,17891,2,0
2024-01-23 15:06:32.001,17890,17890,17890,2,-2
2024-01-23 15:06:38.001,17890,17890,17890,2,0
2024-01-23 15:06:40.001,17891,17891,17891,2,2
2024-01-23 15:06:41.001,17890,17890,17890,2,-2
2024-01-23 15:06:41.001,17890,17890,17890,2,0
2024-01-23 15:06:42.001,17890,17890,17890,2,0
2024-01-23 15:06:43.001,17890,17890,17890,2,0
2024-01-23 15:06:43.001,17890,17890,17890,2,0
2024-01-23 15:06:43.001,17890,17890,17890,6,0
2024-01-23 15:06:43.001,17890,17890,17890,2,0
2024-01-23 15:06:43.001,17890,17890,17890,4,0
2024-01-23 15:06:43.001,17890,17890,17890,10,0
2024-01-23 15:06:43.001,17890,17890,17890,2,0
2024-01-23 15:06:43.001,17890,17890,17890,2,0
2024-01-23 15:06:44.001,17890,17890,17890,2,0
2024-01-23 15:06:49.001,17889,17889,17889,2,-2
2024-01-23 15:06:49.001,17889,17889,17889,2,0
2024-01-23 15:06:49.001,17889,17889,17889,6,0
2024-01-23 15:06:49.001,17889,17889,17889,2,0
2024-01-23 15:06:49.001,17889,17889,17889,2,0
2024-01-23 15:06:53.001,17889,17889,17889,2,0
2024-01-23 15:06:53.001,17889,17889,17889,2,0
2024-01-23 15:06:53.001,17889,17889,17889,2,0
2024-01-23 15:06:53.001,17889,17889,17889,4,0
2024-01-23 15:06:58.001,17890,17890,17890,4,4
2024-01-23 15:06:58.001,17891,17891,17891,4,4
2024-01-23 15:06:58.001,17891,17891,17891,8,0
2024-01-23 15:07:00.001,17890,17890,17890,2,-2
2024-01-23 15:07:01.001,17890,17890,17890,2,0
2024-01-23 15:07:01.001,17891,17891,17891,6,6
2024-01-23 15:07:01.001,17889,17889,17889,2,-2
2024-01-23 15:07:01.001,17889,17889,17889,2,0
2024-01-23 15:07:02.001,17891,17891,17891,8,8
2024-01-23 15:07:09.001,17890,17890,17890,2,-2
2024-01-23 15:07:10.001,17890,17890,17890,12,0
2024-01-23 15:07:16.001,17890,17890,17890,2,0
2024-01-23 15:07:28.001,17890,17890,17890,2,0
2024-01-23 15:07:32.001,17890,17890,17890,2,0
2024-01-23 15:07:32.001,17890,17890,17890,2,0
2024-01-23 15:07:34.001,17890,17890,17890,2,0
2024-01-23 15:07:36.001,17890,17890,17890,2,0
2024-01-23 15:07:37.001,17890,17890,17890,4,0
2024-01-23 15:07:37.001,17890,17890,17890,2,0
2024-01-23 15:07:38.001,17890,17890,17890,2,0
2024-01-23 15:07:41.001,17891,17891,17891,2,2
2024-01-23 15:07:50.001,17891,17891,17891,2,0
2024-01-23 15:07:55.001,17891,17891,17891,4,0
2024-01-23 15:07:57.001,17890,17890,17890,2,-2
2024-01-23 15:08:00.001,17890,17890,17890,2,0
2024-01-23 15:08:01.001,17891,17891,17891,2,2
2024-01-23 15:08:02.001,17891,17891,17891,2,0
2024-01-23 15:08:05.001,17890,17890,17890,2,-2
2024-01-23 15:08:08.001,17891,17891,17891,2,2
2024-01-23 15:08:08.001,17891,17891,17891,6,0
2024-01-23 15:08:08.001,17891,17891,17891,6,0
2024-01-23 15:08:11.001,17891,17891,17891,2,0
2024-01-23 15:08:19.001,17891,17891,17891,2,0
2024-01-23 15:08:22.001,17892,17892,17892,6,6
2024-01-23 15:08:24.001,17891,17891,17891,2,-2
2024-01-23 15:08:24.001,17890,17890,17890,2,-2
2024-01-23 15:08:24.001,17891,17891,17891,4,4
2024-01-23 15:08:27.001,17890,17890,17890,2,-2
2024-01-23 15:08:27.001,17890,17890,17890,2,0
2024-01-23 15:08:28.001,17891,17891,17891,2,2
2024-01-23 15:08:31.001,17890,17890,17890,2,-2
2024-01-23 15:08:31.001,17890,17890,17890,2,0
2024-01-23 15:08:31.001,17890,17890,17890,2,0
2024-01-23 15:08:32.001,17890,17890,17890,2,0
2024-01-23 15:08:35.001,17890,17890,17890,2,0
2024-01-23 15:08:35.001,17890,17890,17890,2,0
2024-01-23 15:08:36.001,17890,17890,17890,2,0
2024-01-23 15:08:38.001,17890,17890,17890,2,0
2024-01-23 15:08:38.001,17890,17890,17890,2,0
2024-01-23 15:08:38.001,17890,17890,17890,2,0
2024-01-23 15:08:40.001,17890,17890,17890,2,0
2024-01-23 15:08:40.001,17890,17890,17890,2,0
2024-01-23 15:08:40.001,17890,17890,17890,2,0
2024-01-23 15:08:40.001,17890,17890,17890,2,0
2024-01-23 15:08:40.001,17891,17891,17891,2,2
2024-01-23 15:08:41.001,17891,17891,17891,2,0
2024-01-23 15:08:42.001,17890,17890,17890,2,-2
2024-01-23 15:08:42.001,17890,17890,17890,2,0
2024-01-23 15:08:42.001,17890,17890,17890,4,0
2024-01-23 15:08:42.001,17890,17890,17890,2,0
2024-01-23 15:08:42.001,17890,17890,17890,2,0
2024-01-23 15:08:43.001,17890,17890,17890,2,0
2024-01-23 15:08:43.001,17889,17889,17889,2,-2
2024-01-23 15:08:43.001,17889,17889,17889,2,0
2024-01-23 15:08:43.001,17889,17889,17889,2,0
2024-01-23 15:08:43.001,17889,17889,17889,2,0
2024-01-23 15:08:43.001,17889,17889,17889,2,0
2024-01-23 15:08:43.001,17889,17889,17889,2,0
2024-01-23 15:08:44.001,17889,17889,17889,2,0
2024-01-23 15:08:46.001,17889,17889,17889,2,0
2024-01-23 15:08:54.001,17890,17890,17890,2,2
2024-01-23 15:08:54.001,17890,17890,17890,2,0
2024-01-23 15:08:56.001,17890,17890,17890,2,0
2024-01-23 15:08:56.001,17890,17890,17890,2,0
2024-01-23 15:09:10.001,17890,17890,17890,2,0
2024-01-23 15:09:11.001,17890,17890,17890,2,0
2024-01-23 15:09:12.001,17890,17890,17890,2,0
2024-01-23 15:09:13.001,17890,17890,17890,4,0
2024-01-23 15:09:13.001,17890,17890,17890,10,0
2024-01-23 15:09:13.001,17890,17890,17890,2,0
2024-01-23 15:09:13.001,17890,17890,17890,4,0
2024-01-23 15:09:13.001,17890,17890,17890,2,0
2024-01-23 15:09:19.001,17890,17890,17890,2,0
2024-01-23 15:09:22.001,17890,17890,17890,2,0
2024-01-23 15:09:26.001,17889,17889,17889,2,-2
2024-01-23 15:09:30.001,17889,17889,17889,2,0
2024-01-23 15:09:30.001,17889,17889,17889,2,0
2024-01-23 15:09:33.001,17890,17890,17890,2,2
2024-01-23 15:09:34.001,17889,17889,17889,4,-4
2024-01-23 15:09:34.001,17889,17889,17889,6,0
2024-01-23 15:09:34.001,17889,17889,17889,4,0
2024-01-23 15:09:34.001,17889,17889,17889,4,0
2024-01-23 15:09:34.001,17889,17889,17889,2,0
2024-01-23 15:09:34.001,17889,17889,17889,2,0
2024-01-23 15:09:34.001,17889,17889,17889,2,0
2024-01-23 15:09:34.001,17889,17889,17889,2,0
2024-01-23 15:09:34.001,17889,17889,17889,2,0
2024-01-23 15:09:34.001,17889,17889,17889,2,0
2024-01-23 15:09:34.001,17889,17889,17889,2,0
2024-01-23 15:09:34.001,17889,17889,17889,2,0
2024-01-23 15:09:39.001,17889,17889,17889,2,0
2024-01-23 15:09:47.001,17889,17889,17889,2,0
2024-01-23 15:09:59.001,17888,17888,17888,2,-2
2024-01-23 15:09:59.001,17888,17888,17888,2,0
2024-01-23 15:09:59.001,17888,17888,17888,2,0
2024-01-23 15:09:59.001,17888,17888,17888,2,0
2024-01-23 15:09:59.001,17888,17888,17888,2,0
2024-01-23 15:09:59.001,17888,17888,17888,2,0
2024-01-23 15:09:59.001,17888,17888,17888,2,0
2024-01-23 15:09:59.001,17888,17888,17888,2,0
2024-01-23 15:09:59.001,17888,17888,17888,2,0
2024-01-23 15:09:59.001,17888,17888,17888,4,0
2024-01-23 15:09:59.001,17888,17888,17888,2,0
2024-01-23 15:09:59.001,17888,17888,17888,10,0
2024-01-23 15:09:59.001,17888,17888,17888,2,0
2024-01-23 15:09:59.001,17888,17888,17888,2,0
2024-01-23 15:09:59.001,17888,17888,17888,2,0
2024-01-23 15:09:59.001,17888,17888,17888,2,0
2024-01-23 15:09:59.001,17888,17888,17888,2,0
2024-01-23 15:09:59.001,17888,17888,17888,2,0
2024-01-23 15:09:59.001,17888,17888,17888,2,0
2024-01-23 15:09:59.001,17888,17888,17888,2,0
2024-01-23 15:09:59.001,17888,17888,17888,2,0
2024-01-23 15:09:59.001,17888,17888,17888,2,0
2024-01-23 15:09:59.001,17888,17888,17888,60,0
2024-01-23 15:09:59.001,17888,17888,17888,4,0
2024-01-23 15:09:59.001,17888,17888,17888,2,0
2024-01-23 15:09:59.001,17888,17888,17888,2,0
2024-01-23 15:10:00.001,17887,17887,17887,2,-2
2024-01-23 15:10:00.001,17887,17887,17887,2,0
2024-01-23 15:10:00.001,17888,17888,17888,2,2
2024-01-23 15:10:00.001,17887,17887,17887,2,-2
2024-01-23 15:10:00.001,17887,17887,17887,4,0
2024-01-23 15:10:00.001,17888,17888,17888,2,2
2024-01-23 15:10:00.001,17888,17888,17888,2,0
2024-01-23 15:10:00.001,17889,17889,17889,2,2
2024-01-23 15:10:00.001,17889,17889,17889,2,0
2024-01-23 15:10:02.001,17888,17888,17888,2,-2
2024-01-23 15:10:05.001,17888,17888,17888,4,0
2024-01-23 15:10:09.001,17888,17888,17888,2,0
2024-01-23 15:10:10.001,17889,17889,17889,2,2
2024-01-23 15:10:13.001,17889,17889,17889,2,0
2024-01-23 15:10:14.001,17889,17889,17889,2,0
2024-01-23 15:10:17.001,17889,17889,17889,2,0
2024-01-23 15:10:17.001,17889,17889,17889,2,0
2024-01-23 15:10:17.001,17889,17889,17889,8,0
2024-01-23 15:10:21.001,17889,17889,17889,2,0
2024-01-23 15:10:21.001,17890,17890,17890,2,2
2024-01-23 15:10:22.001,17889,17889,17889,2,-2
2024-01-23 15:10:22.001,17889,17889,17889,2,0
2024-01-23 15:10:22.001,17889,17889,17889,2,0
2024-01-23 15:10:22.001,17888,17888,17888,2,-2
2024-01-23 15:10:26.001,17889,17889,17889,2,2
2024-01-23 15:10:26.001,17889,17889,17889,2,0
2024-01-23 15:10:26.001,17889,17889,17889,2,0
2024-01-23 15:10:27.001,17889,17889,17889,2,0
2024-01-23 15:10:27.001,17888,17888,17888,2,-2
2024-01-23 15:10:30.001,17889,17889,17889,2,2
2024-01-23 15:10:31.001,17888,17888,17888,2,-2
2024-01-23 15:10:37.001,17889,17889,17889,2,2
2024-01-23 15:10:39.001,17888,17888,17888,2,-2
2024-01-23 15:10:42.001,17889,17889,17889,2,2
2024-01-23 15:10:43.001,17889,17889,17889,2,0
2024-01-23 15:10:43.001,17889,17889,17889,2,0
2024-01-23 15:10:43.001,17890,17890,17890,2,2
2024-01-23 15:10:55.001,17888,17888,17888,20,-20
2024-01-23 15:10:59.001,17888,17888,17888,2,0
2024-01-23 15:11:00.001,17889,17889,17889,2,2
2024-01-23 15:11:02.001,17888,17888,17888,2,-2
2024-01-23 15:11:04.001,17888,17888,17888,2,0
2024-01-23 15:11:04.001,17888,17888,17888,6,0
2024-01-23 15:11:04.001,17888,17888,17888,8,0
2024-01-23 15:11:04.001,17888,17888,17888,2,0
2024-01-23 15:11:04.001,17888,17888,17888,8,0
2024-01-23 15:11:04.001,17888,17888,17888,2,0
2024-01-23 15:11:04.001,17888,17888,17888,24,0
2024-01-23 15:11:04.001,17888,17888,17888,4,0
2024-01-23 15:11:04.001,17888,17888,17888,2,0
2024-01-23 15:11:04.001,17888,17888,17888,4,0
2024-01-23 15:11:04.001,17888,17888,17888,2,0
2024-01-23 15:11:04.001,17888,17888,17888,2,0
2024-01-23 15:11:04.001,17888,17888,17888,2,0
2024-01-23 15:11:08.001,17887,17887,17887,2,-2
2024-01-23 15:11:08.001,17887,17887,17887,2,0
2024-01-23 15:11:08.001,17886,17886,17886,4,-4
2024-01-23 15:11:08.001,17886,17886,17886,2,0
2024-01-23 15:11:08.001,17886,17886,17886,2,0
2024-01-23 15:11:08.001,17886,17886,17886,2,0
2024-01-23 15:11:08.001,17886,17886,17886,2,0
2024-01-23 15:11:08.001,17886,17886,17886,2,0
2024-01-23 15:11:13.001,17886,17886,17886,2,0
2024-01-23 15:11:13.001,17886,17886,17886,2,0
2024-01-23 15:11:13.001,17886,17886,17886,2,0
2024-01-23 15:11:13.001,17886,17886,17886,2,0
2024-01-23 15:11:13.001,17886,17886,17886,2,0
2024-01-23 15:11:14.001,17885,17885,17885,2,-2
2024-01-23 15:11:15.001,17885,17885,17885,2,0
2024-01-23 15:11:16.001,17885,17885,17885,2,0
2024-01-23 15:11:17.001,17885,17885,17885,2,0
2024-01-23 15:11:17.001,17886,17886,17886,2,2
2024-01-23 15:11:20.001,17886,17886,17886,2,0
2024-01-23 15:11:20.001,17885,17885,17885,2,-2
2024-01-23 15:11:20.001,17885,17885,17885,2,0
2024-01-23 15:11:20.001,17886,17886,17886,2,2
2024-01-23 15:11:20.001,17885,17885,17885,2,-2
2024-01-23 15:11:21.001,17885,17885,17885,2,0
2024-01-23 15:11:21.001,17885,17885,17885,2,0
2024-01-23 15:11:21.001,17885,17885,17885,2,0
2024-01-23 15:11:21.001,17885,17885,17885,2,0
2024-01-23 15:11:21.001,17885,17885,17885,2,0
2024-01-23 15:11:21.001,17885,17885,17885,2,0
2024-01-23 15:11:21.001,17885,17885,17885,2,0
2024-01-23 15:11:21.001,17885,17885,17885,2,0
2024-01-23 15:11:21.001,17885,17885,17885,2,0
2024-01-23 15:11:21.001,17885,17885,17885,2,0
2024-01-23 15:11:21.001,17885,17885,17885,4,0
2024-01-23 15:11:21.001,17885,17885,17885,2,0
2024-01-23 15:11:21.001,17885,17885,17885,2,0
2024-01-23 15:11:22.001,17885,17885,17885,2,0
2024-01-23 15:11:22.001,17885,17885,17885,2,0
2024-01-23 15:11:24.001,17885,17885,17885,2,0
2024-01-23 15:11:24.001,17885,17885,17885,2,0
2024-01-23 15:11:28.001,17885,17885,17885,2,0
2024-01-23 15:11:29.001,17885,17885,17885,2,0
2024-01-23 15:11:34.001,17885,17885,17885,4,0
2024-01-23 15:11:35.001,17886,17886,17886,2,2
2024-01-23 15:11:40.001,17885,17885,17885,2,-2
2024-01-23 15:11:42.001,17885,17885,17885,2,0
2024-01-23 15:11:50.001,17885,17885,17885,2,0
2024-01-23 15:11:51.001,17885,17885,17885,2,0
2024-01-23 15:11:52.001,17885,17885,17885,10,0
2024-01-23 15:11:52.001,17885,17885,17885,2,0
2024-01-23 15:11:52.001,17885,17885,17885,4,0
2024-01-23 15:11:52.001,17885,17885,17885,2,0
2024-01-23 15:11:52.001,17885,17885,17885,4,0
2024-01-23 15:11:52.001,17885,17885,17885,2,0
2024-01-23 15:11:52.001,17885,17885,17885,22,0
2024-01-23 15:11:52.001,17885,17885,17885,2,0
2024-01-23 15:11:52.001,17885,17885,17885,2,0
2024-01-23 15:11:52.001,17885,17885,17885,2,0
2024-01-23 15:11:52.001,17885,17885,17885,6,0
2024-01-23 15:11:52.001,17885,17885,17885,6,0
2024-01-23 15:11:52.001,17884,17884,17884,2,-2
2024-01-23 15:11:52.001,17884,17884,17884,4,0
2024-01-23 15:11:52.001,17884,17884,17884,4,0
2024-01-23 15:11:52.001,17884,17884,17884,2,0
2024-01-23 15:11:52.001,17884,17884,17884,2,0
2024-01-23 15:11:52.001,17884,17884,17884,16,0
2024-01-23 15:11:52.001,17884,17884,17884,2,0
2024-01-23 15:11:52.001,17884,17884,17884,2,0
2024-01-23 15:11:52.001,17884,17884,17884,6,0
2024-01-23 15:11:52.001,17884,17884,17884,4,0
2024-01-23 15:11:52.001,17884,17884,17884,2,0
2024-01-23 15:11:56.001,17884,17884,17884,2,0
2024-01-23 15:11:57.001,17884,17884,17884,2,0
2024-01-23 15:11:57.001,17885,17885,17885,2,2
2024-01-23 15:11:58.001,17884,17884,17884,2,-2
2024-01-23 15:11:58.001,17884,17884,17884,2,0
2024-01-23 15:11:59.001,17884,17884,17884,2,0
2024-01-23 15:11:59.001,17883,17883,17883,4,-4
2024-01-23 15:11:59.001,17883,17883,17883,4,0
2024-01-23 15:11:59.001,17883,17883,17883,4,0
2024-01-23 15:11:59.001,17883,17883,17883,4,0
2024-01-23 15:11:59.001,17883,17883,17883,2,0
2024-01-23 15:11:59.001,17883,17883,17883,6,0
2024-01-23 15:11:59.001,17883,17883,17883,2,0
2024-01-23 15:11:59.001,17883,17883,17883,2,0
2024-01-23 15:11:59.001,17883,17883,17883,2,0
2024-01-23 15:11:59.001,17883,17883,17883,4,0
2024-01-23 15:11:59.001,17883,17883,17883,6,0
2024-01-23 15:11:59.001,17883,17883,17883,4,0
2024-01-23 15:11:59.001,17883,17883,17883,2,0
2024-01-23 15:11:59.001,17883,17883,17883,2,0
2024-01-23 15:11:59.001,17883,17883,17883,2,0
2024-01-23 15:11:59.001,17883,17883,17883,2,0
2024-01-23 15:12:00.001,17883,17883,17883,2,0
2024-01-23 15:12:00.001,17883,17883,17883,2,0
2024-01-23 15:12:00.001,17882,17882,17882,4,-4
2024-01-23 15:12:00.001,17882,17882,17882,2,0
2024-01-23 15:12:00.001,17883,17883,17883,2,2
2024-01-23 15:12:00.001,17883,17883,17883,2,0
2024-01-23 15:12:00.001,17883,17883,17883,2,0
2024-01-23 15:12:00.001,17883,17883,17883,2,0
2024-01-23 15:12:02.001,17883,17883,17883,2,0
2024-01-23 15:12:02.001,17883,17883,17883,2,0
2024-01-23 15:12:02.001,17884,17884,17884,2,2
2024-01-23 15:12:02.001,17884,17884,17884,4,0
2024-01-23 15:12:02.001,17885,17885,17885,2,2
2024-01-23 15:12:02.001,17885,17885,17885,2,0
2024-01-23 15:12:02.001,17886,17886,17886,6,6
2024-01-23 15:12:02.001,17886,17886,17886,6,0
2024-01-23 15:12:03.001,17886,17886,17886,4,0
2024-01-23 15:12:03.001,17886,17886,17886,2,0
2024-01-23 15:12:04.001,17884,17884,17884,2,-2
2024-01-23 15:12:04.001,17884,17884,17884,2,0
2024-01-23 15:12:04.001,17884,17884,17884,2,0
2024-01-23 15:12:07.001,17884,17884,17884,4,0
2024-01-23 15:12:07.001,17884,17884,17884,4,0
2024-01-23 15:12:07.001,17884,17884,17884,4,0
2024-01-23 15:12:07.001,17884,17884,17884,2,0
2024-01-23 15:12:10.001,17886,17886,17886,4,4
2024-01-23 15:12:11.001,17885,17885,17885,2,-2
2024-01-23 15:12:17.001,17885,17885,17885,2,0
2024-01-23 15:12:18.001,17884,17884,17884,2,-2
2024-01-23 15:12:18.001,17884,17884,17884,2,0
2024-01-23 15:12:19.001,17885,17885,17885,2,2
2024-01-23 15:12:25.001,17885,17885,17885,4,0
2024-01-23 15:12:27.001,17885,17885,17885,4,0
2024-01-23 15:12:27.001,17885,17885,17885,8,0
2024-01-23 15:12:27.001,17885,17885,17885,4,0
2024-01-23 15:12:27.001,17885,17885,17885,2,0
2024-01-23 15:12:27.001,17885,17885,17885,4,0
2024-01-23 15:12:27.001,17885,17885,17885,4,0
2024-01-23 15:12:27.001,17885,17885,17885,2,0
2024-01-23 15:12:27.001,17885,17885,17885,8,0
2024-01-23 15:12:27.001,17885,17885,17885,2,0
2024-01-23 15:12:27.001,17884,17884,17884,4,-4
2024-01-23 15:12:27.001,17884,17884,17884,4,0
2024-01-23 15:12:27.001,17884,17884,17884,4,0
2024-01-23 15:12:27.001,17884,17884,17884,4,0
2024-01-23 15:12:27.001,17884,17884,17884,2,0
2024-01-23 15:12:27.001,17884,17884,17884,6,0
2024-01-23 15:12:27.001,17884,17884,17884,2,0
2024-01-23 15:12:27.001,17884,17884,17884,4,0
2024-01-23 15:12:27.001,17884,17884,17884,4,0
2024-01-23 15:12:27.001,17884,17884,17884,2,0
2024-01-23 15:12:27.001,17884,17884,17884,2,0
2024-01-23 15:12:27.001,17884,17884,17884,8,0
2024-01-23 15:12:27.001,17885,17885,17885,4,4
2024-01-23 15:12:29.001,17885,17885,17885,2,0
2024-01-23 15:12:34.001,17885,17885,17885,2,0
2024-01-23 15:12:36.001,17884,17884,17884,2,-2
2024-01-23 15:12:36.001,17884,17884,17884,2,0
2024-01-23 15:12:36.001,17884,17884,17884,4,0
2024-01-23 15:12:36.001,17884,17884,17884,4,0
2024-01-23 15:12:36.001,17884,17884,17884,8,0
2024-01-23 15:12:36.001,17884,17884,17884,2,0
2024-01-23 15:12:36.001,17884,17884,17884,2,0
2024-01-23 15:12:36.001,17884,17884,17884,4,0
2024-01-23 15:12:36.001,17884,17884,17884,2,0
2024-01-23 15:12:36.001,17884,17884,17884,6,0
2024-01-23 15:12:36.001,17884,17884,17884,4,0
2024-01-23 15:12:36.001,17884,17884,17884,4,0
2024-01-23 15:12:36.001,17884,17884,17884,4,0
2024-01-23 15:12:41.001,17884,17884,17884,2,0
2024-01-23 15:12:42.001,17884,17884,17884,2,0
2024-01-23 15:12:42.001,17884,17884,17884,4,0
2024-01-23 15:12:42.001,17884,17884,17884,4,0
2024-01-23 15:12:42.001,17884,17884,17884,4,0
2024-01-23 15:12:42.001,17884,17884,17884,8,0
2024-01-23 15:12:42.001,17884,17884,17884,2,0
2024-01-23 15:12:42.001,17884,17884,17884,4,0
2024-01-23 15:12:42.001,17884,17884,17884,6,0
2024-01-23 15:12:42.001,17884,17884,17884,4,0
2024-01-23 15:12:42.001,17884,17884,17884,4,0
2024-01-23 15:12:42.001,17884,17884,17884,2,0
2024-01-23 15:12:42.001,17884,17884,17884,2,0
2024-01-23 15:12:42.001,17884,17884,17884,2,0
2024-01-23 15:12:42.001,17883,17883,17883,2,-2
2024-01-23 15:12:42.001,17883,17883,17883,4,0
2024-01-23 15:12:42.001,17883,17883,17883,4,0
2024-01-23 15:12:42.001,17883,17883,17883,8,0
2024-01-23 15:12:42.001,17883,17883,17883,2,0
2024-01-23 15:12:42.001,17883,17883,17883,4,0
2024-01-23 15:12:42.001,17883,17883,17883,4,0
2024-01-23 15:12:42.001,17883,17883,17883,4,0
2024-01-23 15:12:42.001,17883,17883,17883,2,0
2024-01-23 15:12:42.001,17884,17884,17884,4,4
2024-01-23 15:12:44.001,17884,17884,17884,2,0
2024-01-23 15:12:50.001,17883,17883,17883,2,-2
2024-01-23 15:12:50.001,17883,17883,17883,2,0
2024-01-23 15:12:51.001,17883,17883,17883,2,0
2024-01-23 15:12:53.001,17883,17883,17883,2,0
2024-01-23 15:12:59.001,17883,17883,17883,2,0
2024-01-23 15:13:00.001,17884,17884,17884,2,2
2024-01-23 15:13:05.001,17884,17884,17884,2,0
2024-01-23 15:13:13.001,17884,17884,17884,2,0
2024-01-23 15:13:18.001,17883,17883,17883,2,-2
2024-01-23 15:13:18.001,17883,17883,17883,2,0
2024-01-23 15:13:20.001,17884,17884,17884,6,6
2024-01-23 15:13:27.001,17884,17884,17884,4,0
2024-01-23 15:13:27.001,17883,17883,17883,4,-4
2024-01-23 15:13:27.001,17883,17883,17883,2,0
2024-01-23 15:13:27.001,17883,17883,17883,2,0
2024-01-23 15:13:27.001,17883,17883,17883,2,0
2024-01-23 15:13:29.001,17883,17883,17883,2,0
2024-01-23 15:13:29.001,17883,17883,17883,2,0
2024-01-23 15:13:30.001,17883,17883,17883,2,0
2024-01-23 15:13:31.001,17883,17883,17883,4,0
2024-01-23 15:13:31.001,17882,17882,17882,4,-4
2024-01-23 15:13:32.001,17884,17884,17884,2,2
2024-01-23 15:13:39.001,17883,17883,17883,2,-2
2024-01-23 15:13:39.001,17883,17883,17883,2,0
2024-01-23 15:13:51.001,17884,17884,17884,8,8
2024-01-23 15:13:51.001,17885,17885,17885,6,6
2024-01-23 15:13:57.001,17886,17886,17886,6,6
2024-01-23 15:13:57.001,17886,17886,17886,4,0
2024-01-23 15:13:57.001,17886,17886,17886,4,0
2024-01-23 15:13:57.001,17886,17886,17886,10,0
2024-01-23 15:13:58.001,17887,17887,17887,2,2
2024-01-23 15:14:03.001,17887,17887,17887,8,0
2024-01-23 15:14:03.001,17887,17887,17887,2,0
2024-01-23 15:14:03.001,17887,17887,17887,2,0
2024-01-23 15:14:09.001,17888,17888,17888,2,2
2024-01-23 15:14:10.001,17888,17888,17888,24,0
2024-01-23 15:14:10.001,17889,17889,17889,2,2
2024-01-23 15:14:10.001,17889,17889,17889,24,0
2024-01-23 15:14:10.001,17890,17890,17890,6,6
2024-01-23 15:14:10.001,17890,17890,17890,4,0
2024-01-23 15:14:10.001,17890,17890,17890,2,0
2024-01-23 15:14:10.001,17890,17890,17890,4,0
2024-01-23 15:14:10.001,17890,17890,17890,2,0
2024-01-23 15:14:10.001,17890,17890,17890,8,0
2024-01-23 15:14:10.001,17890,17890,17890,4,0
2024-01-23 15:14:10.001,17890,17890,17890,6,0
2024-01-23 15:14:10.001,17890,17890,17890,2,0
2024-01-23 15:14:12.001,17891,17891,17891,2,2
2024-01-23 15:14:16.001,17889,17889,17889,2,-2
2024-01-23 15:14:17.001,17890,17890,17890,2,2
2024-01-23 15:14:23.001,17890,17890,17890,8,0
2024-01-23 15:14:23.001,17890,17890,17890,2,0
2024-01-23 15:14:26.001,17891,17891,17891,2,2
2024-01-23 15:14:26.001,17890,17890,17890,2,-2
2024-01-23 15:14:28.001,17890,17890,17890,2,0
2024-01-23 15:14:29.001,17890,17890,17890,6,0
2024-01-23 15:14:29.001,17890,17890,17890,2,0
2024-01-23 15:14:29.001,17890,17890,17890,2,0
2024-01-23 15:14:32.001,17891,17891,17891,2,2
2024-01-23 15:14:32.001,17891,17891,17891,2,0
2024-01-23 15:14:36.001,17891,17891,17891,2,0
2024-01-23 15:14:38.001,17890,17890,17890,4,-4
2024-01-23 15:14:40.001,17891,17891,17891,2,2
2024-01-23 15:14:45.001,17890,17890,17890,6,-6
2024-01-23 15:14:52.001,17891,17891,17891,2,2
2024-01-23 15:14:52.001,17891,17891,17891,2,0
2024-01-23 15:14:59.001,17890,17890,17890,2,-2
2024-01-23 15:14:59.001,17890,17890,17890,2,0
2024-01-23 15:14:59.001,17890,17890,17890,4,0
2024-01-23 15:14:59.001,17891,17891,17891,2,2
2024-01-23 15:15:00.001,17891,17891,17891,2,0
2024-01-23 15:15:00.001,17891,17891,17891,2,0
2024-01-23 15:15:00.001,17891,17891,17891,4,0
2024-01-23 15:15:00.001,17891,17891,17891,4,0
2024-01-23 15:15:00.001,17891,17891,17891,2,0
2024-01-23 15:15:00.001,17892,17892,17892,2,2
2024-01-23 15:15:00.001,17892,17892,17892,2,0
2024-01-23 15:15:00.001,17892,17892,17892,2,0
2024-01-23 15:15:00.001,17892,17892,17892,2,0
2024-01-23 15:15:02.001,17891,17891,17891,6,-6
2024-01-23 15:15:04.001,17891,17891,17891,2,0
2024-01-23 15:15:07.001,17890,17890,17890,2,-2
2024-01-23 15:15:12.001,17891,17891,17891,2,2
2024-01-23 15:15:12.001,17892,17892,17892,4,4
2024-01-23 15:15:13.001,17890,17890,17890,2,-2
2024-01-23 15:15:13.001,17890,17890,17890,2,0
2024-01-23 15:15:13.001,17890,17890,17890,2,0
2024-01-23 15:15:13.001,17890,17890,17890,2,0
2024-01-23 15:15:13.001,17890,17890,17890,8,0
2024-01-23 15:15:13.001,17891,17891,17891,2,2
2024-01-23 15:15:15.001,17890,17890,17890,4,-4
2024-01-23 15:15:18.001,17891,17891,17891,2,2
2024-01-23 15:15:22.001,17891,17891,17891,10,0
2024-01-23 15:15:23.001,17892,17892,17892,4,4
2024-01-23 15:15:23.001,17892,17892,17892,2,0
2024-01-23 15:15:24.001,17891,17891,17891,2,-2
2024-01-23 15:15:25.001,17892,17892,17892,2,2
2024-01-23 15:15:25.001,17892,17892,17892,2,0
2024-01-23 15:15:25.001,17892,17892,17892,2,0
2024-01-23 15:15:31.001,17890,17890,17890,8,-8
2024-01-23 15:15:41.001,17890,17890,17890,2,0
2024-01-23 15:15:41.001,17890,17890,17890,2,0
2024-01-23 15:15:41.001,17890,17890,17890,2,0
2024-01-23 15:15:41.001,17890,17890,17890,2,0
2024-01-23 15:15:41.001,17890,17890,17890,2,0
2024-01-23 15:15:41.001,17890,17890,17890,2,0
2024-01-23 15:15:41.001,17891,17891,17891,2,2
2024-01-23 15:15:45.001,17890,17890,17890,2,-2
2024-01-23 15:15:45.001,17890,17890,17890,2,0
2024-01-23 15:15:47.001,17890,17890,17890,2,0
2024-01-23 15:15:47.001,17890,17890,17890,2,0
2024-01-23 15:15:51.001,17891,17891,17891,2,2
2024-01-23 15:15:51.001,17889,17889,17889,2,-2
2024-01-23 15:16:02.001,17889,17889,17889,2,0
2024-01-23 15:16:02.001,17889,17889,17889,2,0
2024-01-23 15:16:04.001,17888,17888,17888,4,-4
2024-01-23 15:16:04.001,17888,17888,17888,2,0
2024-01-23 15:16:04.001,17888,17888,17888,4,0
2024-01-23 15:16:06.001,17888,17888,17888,2,0
2024-01-23 15:16:07.001,17889,17889,17889,2,2
2024-01-23 15:16:10.001,17889,17889,17889,2,0
2024-01-23 15:16:13.001,17888,17888,17888,8,-8
2024-01-23 15:16:13.001,17888,17888,17888,10,0
2024-01-23 15:16:13.001,17888,17888,17888,4,0
2024-01-23 15:16:13.001,17888,17888,17888,2,0
2024-01-23 15:16:13.001,17888,17888,17888,32,0
2024-01-23 15:16:13.001,17888,17888,17888,8,0
2024-01-23 15:16:13.001,17888,17888,17888,24,0
2024-01-23 15:16:13.001,17888,17888,17888,2,0
2024-01-23 15:16:13.001,17888,17888,17888,2,0
2024-01-23 15:16:13.001,17888,17888,17888,2,0
2024-01-23 15:16:13.001,17888,17888,17888,2,0
2024-01-23 15:16:13.001,17888,17888,17888,2,0
2024-01-23 15:16:13.001,17888,17888,17888,2,0
2024-01-23 15:16:20.001,17888,17888,17888,6,0
2024-01-23 15:16:21.001,17887,17887,17887,2,-2
2024-01-23 15:16:21.001,17888,17888,17888,2,2
2024-01-23 15:16:33.001,17887,17887,17887,2,-2
2024-01-23 15:16:45.001,17888,17888,17888,2,2
2024-01-23 15:16:50.001,17887,17887,17887,2,-2
2024-01-23 15:16:50.001,17888,17888,17888,2,2
2024-01-23 15:16:52.001,17888,17888,17888,2,0
2024-01-23 15:16:55.001,17888,17888,17888,2,0
2024-01-23 15:16:56.001,17889,17889,17889,2,2
2024-01-23 15:16:56.001,17889,17889,17889,2,0
2024-01-23 15:17:06.001,17889,17889,17889,2,0
2024-01-23 15:17:07.001,17888,17888,17888,2,-2
2024-01-23 15:17:19.001,17888,17888,17888,2,0
2024-01-23 15:17:23.001,17889,17889,17889,2,2
2024-01-23 15:17:23.001,17889,17889,17889,8,0
2024-01-23 15:17:23.001,17889,17889,17889,2,0
2024-01-23 15:17:23.001,17889,17889,17889,2,0
2024-01-23 15:17:23.001,17889,17889,17889,18,0
2024-01-23 15:17:23.001,17890,17890,17890,2,2
2024-01-23 15:17:23.001,17890,17890,17890,2,0
2024-01-23 15:17:23.001,17890,17890,17890,2,0
2024-01-23 15:17:35.001,17891,17891,17891,2,2
2024-01-23 15:17:40.001,17891,17891,17891,4,0
2024-01-23 15:17:43.001,17891,17891,17891,2,0
2024-01-23 15:17:46.001,17890,17890,17890,2,-2
2024-01-23 15:17:46.001,17890,17890,17890,2,0
2024-01-23 15:17:46.001,17890,17890,17890,4,0
2024-01-23 15:17:46.001,17890,17890,17890,2,0
2024-01-23 15:17:46.001,17890,17890,17890,2,0
2024-01-23 15:17:46.001,17890,17890,17890,2,0
2024-01-23 15:17:46.001,17891,17891,17891,2,2
2024-01-23 15:17:46.001,17890,17890,17890,4,-4
2024-01-23 15:17:50.001,17889,17889,17889,2,-2
2024-01-23 15:18:05.001,17889,17889,17889,2,0
2024-01-23 15:18:05.001,17890,17890,17890,2,2
2024-01-23 15:18:05.001,17890,17890,17890,2,0
2024-01-23 15:18:05.001,17889,17889,17889,2,-2
2024-01-23 15:18:17.001,17890,17890,17890,2,2
2024-01-23 15:18:35.001,17890,17890,17890,2,0
2024-01-23 15:18:36.001,17890,17890,17890,2,0
2024-01-23 15:18:41.001,17891,17891,17891,4,4
2024-01-23 15:18:44.001,17891,17891,17891,2,0
2024-01-23 15:18:50.001,17890,17890,17890,2,-2
2024-01-23 15:19:01.001,17891,17891,17891,2,2
2024-01-23 15:19:05.001,17891,17891,17891,2,0
2024-01-23 15:19:10.001,17891,17891,17891,2,0
2024-01-23 15:19:12.001,17891,17891,17891,2,0
2024-01-23 15:19:16.001,17891,17891,17891,2,0
2024-01-23 15:19:23.001,17890,17890,17890,2,-2
2024-01-23 15:19:23.001,17890,17890,17890,2,0
2024-01-23 15:19:23.001,17890,17890,17890,4,0
2024-01-23 15:19:23.001,17890,17890,17890,6,0
2024-01-23 15:19:23.001,17890,17890,17890,2,0
2024-01-23 15:19:23.001,17890,17890,17890,2,0
2024-01-23 15:19:30.001,17891,17891,17891,2,2
2024-01-23 15:19:33.001,17890,17890,17890,4,-4
2024-01-23 15:19:36.001,17890,17890,17890,2,0
2024-01-23 15:19:38.001,17889,17889,17889,2,-2
2024-01-23 15:19:39.001,17890,17890,17890,2,2
2024-01-23 15:19:54.001,17890,17890,17890,2,0
2024-01-23 15:19:56.001,17890,17890,17890,2,0
2024-01-23 15:19:59.001,17890,17890,17890,2,0
2024-01-23 15:19:59.001,17890,17890,17890,4,0
2024-01-23 15:19:59.001,17890,17890,17890,4,0
2024-01-23 15:19:59.001,17890,17890,17890,4,0
2024-01-23 15:19:59.001,17890,17890,17890,2,0
2024-01-23 15:19:59.001,17890,17890,17890,2,0
2024-01-23 15:20:05.001,17890,17890,17890,6,0
2024-01-23 15:20:07.001,17890,17890,17890,2,0
2024-01-23 15:20:07.001,17891,17891,17891,2,2
2024-01-23 15:20:08.001,17891,17891,17891,16,0
2024-01-23 15:20:10.001,17892,17892,17892,12,12
2024-01-23 15:20:10.001,17892,17892,17892,12,0
2024-01-23 15:20:10.001,17892,17892,17892,2,0
2024-01-23 15:20:10.001,17892,17892,17892,2,0
2024-01-23 15:20:10.001,17892,17892,17892,2,0
2024-01-23 15:20:10.001,17892,17892,17892,14,0
2024-01-23 15:20:12.001,17892,17892,17892,2,0
2024-01-23 15:20:15.001,17892,17892,17892,2,0
2024-01-23 15:20:15.001,17892,17892,17892,2,0
2024-01-23 15:20:15.001,17892,17892,17892,2,0
2024-01-23 15:20:15.001,17892,17892,17892,8,0
2024-01-23 15:20:15.001,17892,17892,17892,4,0
2024-01-23 15:20:15.001,17892,17892,17892,4,0
2024-01-23 15:20:15.001,17892,17892,17892,8,0
2024-01-23 15:20:15.001,17892,17892,17892,2,0
2024-01-23 15:20:15.001,17892,17892,17892,6,0
2024-01-23 15:20:15.001,17892,17892,17892,2,0
2024-01-23 15:20:17.001,17893,17893,17893,2,2
2024-01-23 15:20:18.001,17893,17893,17893,4,0
2024-01-23 15:20:22.001,17892,17892,17892,2,-2
2024-01-23 15:20:28.001,17893,17893,17893,4,4
2024-01-23 15:20:36.001,17893,17893,17893,4,0
2024-01-23 15:20:36.001,17893,17893,17893,4,0
2024-01-23 15:20:36.001,17892,17892,17892,2,-2
2024-01-23 15:20:36.001,17893,17893,17893,2,2
2024-01-23 15:20:41.001,17892,17892,17892,2,-2
2024-01-23 15:20:41.001,17892,17892,17892,2,0
2024-01-23 15:20:41.001,17892,17892,17892,6,0
2024-01-23 15:20:41.001,17892,17892,17892,2,0
2024-01-23 15:20:44.001,17893,17893,17893,4,4
2024-01-23 15:20:45.001,17892,17892,17892,2,-2
2024-01-23 15:20:45.001,17892,17892,17892,2,0
2024-01-23 15:20:45.001,17892,17892,17892,4,0
2024-01-23 15:20:45.001,17892,17892,17892,2,0
2024-01-23 15:21:01.001,17892,17892,17892,2,0
2024-01-23 15:21:01.001,17893,17893,17893,2,2
2024-01-23 15:21:01.001,17891,17891,17891,2,-2
2024-01-23 15:21:01.001,17891,17891,17891,2,0
2024-01-23 15:21:15.001,17891,17891,17891,4,0
2024-01-23 15:21:20.001,17891,17891,17891,2,0
2024-01-23 15:21:20.001,17892,17892,17892,4,4
2024-01-23 15:21:26.001,17892,17892,17892,6,0
2024-01-23 15:21:33.001,17892,17892,17892,2,0
2024-01-23 15:21:37.001,17891,17891,17891,2,-2
2024-01-23 15:21:37.001,17892,17892,17892,6,6
2024-01-23 15:21:37.001,17892,17892,17892,4,0
2024-01-23 15:21:42.001,17893,17893,17893,2,2
2024-01-23 15:21:55.001,17892,17892,17892,2,-2
2024-01-23 15:21:57.001,17892,17892,17892,2,0
2024-01-23 15:21:57.001,17892,17892,17892,2,0
2024-01-23 15:21:59.001,17893,17893,17893,2,2
2024-01-23 15:21:59.001,17891,17891,17891,2,-2
2024-01-23 15:21:59.001,17891,17891,17891,4,0
2024-01-23 15:21:59.001,17891,17891,17891,2,0
2024-01-23 15:21:59.001,17891,17891,17891,2,0
2024-01-23 15:21:59.001,17891,17891,17891,4,0
2024-01-23 15:21:59.001,17891,17891,17891,2,0
2024-01-23 15:21:59.001,17891,17891,17891,2,0
2024-01-23 15:21:59.001,17891,17891,17891,8,0
2024-01-23 15:21:59.001,17891,17891,17891,4,0
2024-01-23 15:21:59.001,17891,17891,17891,2,0
2024-01-23 15:21:59.001,17891,17891,17891,4,0
2024-01-23 15:21:59.001,17891,17891,17891,4,0
2024-01-23 15:21:59.001,17891,17891,17891,4,0
2024-01-23 15:21:59.001,17891,17891,17891,4,0
2024-01-23 15:21:59.001,17891,17891,17891,4,0
2024-01-23 15:21:59.001,17891,17891,17891,2,0
2024-01-23 15:21:59.001,17891,17891,17891,6,0
2024-01-23 15:21:59.001,17891,17891,17891,2,0
2024-01-23 15:21:59.001,17891,17891,17891,4,0
2024-01-23 15:21:59.001,17891,17891,17891,4,0
2024-01-23 15:22:00.001,17890,17890,17890,2,-2
2024-01-23 15:22:00.001,17890,17890,17890,2,0
2024-01-23 15:22:05.001,17891,17891,17891,2,2
2024-01-23 15:22:14.001,17892,17892,17892,2,2
2024-01-23 15:22:15.001,17893,17893,17893,2,2
2024-01-23 15:22:16.001,17891,17891,17891,2,-2
2024-01-23 15:22:23.001,17891,17891,17891,6,0
2024-01-23 15:22:23.001,17891,17891,17891,2,0
2024-01-23 15:22:23.001,17891,17891,17891,4,0
2024-01-23 15:22:23.001,17891,17891,17891,4,0
2024-01-23 15:22:23.001,17891,17891,17891,4,0
2024-01-23 15:22:31.001,17891,17891,17891,2,0
2024-01-23 15:22:33.001,17891,17891,17891,2,0
2024-01-23 15:22:44.001,17891,17891,17891,2,0
2024-01-23 15:22:44.001,17890,17890,17890,2,-2
2024-01-23 15:22:44.001,17890,17890,17890,2,0
2024-01-23 15:22:44.001,17890,17890,17890,2,0
2024-01-23 15:22:47.001,17891,17891,17891,2,2
2024-01-23 15:23:14.001,17891,17891,17891,2,0
2024-01-23 15:23:18.001,17891,17891,17891,2,0
2024-01-23 15:23:18.001,17891,17891,17891,2,0
2024-01-23 15:23:18.001,17890,17890,17890,2,-2
2024-01-23 15:23:55.001,17891,17891,17891,4,4
2024-01-23 15:24:08.001,17891,17891,17891,4,0
2024-01-23 15:24:08.001,17890,17890,17890,2,-2
2024-01-23 15:24:08.001,17890,17890,17890,2,0
2024-01-23 15:24:10.001,17891,17891,17891,2,2
2024-01-23 15:24:20.001,17891,17891,17891,2,0
2024-01-23 15:24:20.001,17891,17891,17891,2,0
2024-01-23 15:24:22.001,17890,17890,17890,2,-2
2024-01-23 15:24:22.001,17890,17890,17890,2,0
2024-01-23 15:24:22.001,17890,17890,17890,2,0
2024-01-23 15:24:22.001,17890,17890,17890,2,0
2024-01-23 15:24:22.001,17890,17890,17890,2,0
2024-01-23 15:24:29.001,17890,17890,17890,2,0
2024-01-23 15:24:29.001,17890,17890,17890,2,0
2024-01-23 15:24:29.001,17890,17890,17890,2,0
2024-01-23 15:24:30.001,17890,17890,17890,2,0
2024-01-23 15:24:35.001,17890,17890,17890,6,0
2024-01-23 15:24:35.001,17890,17890,17890,2,0
2024-01-23 15:24:39.001,17890,17890,17890,6,0
2024-01-23 15:24:42.001,17891,17891,17891,6,6
2024-01-23 15:24:43.001,17891,17891,17891,4,0
2024-01-23 15:24:47.001,17891,17891,17891,2,0
2024-01-23 15:24:56.001,17891,17891,17891,10,0
2024-01-23 15:25:05.001,17891,17891,17891,10,0
2024-01-23 15:25:06.001,17890,17890,17890,2,-2
2024-01-23 15:25:06.001,17890,17890,17890,2,0
2024-01-23 15:25:06.001,17890,17890,17890,2,0
2024-01-23 15:25:06.001,17890,17890,17890,6,0
2024-01-23 15:25:10.001,17890,17890,17890,6,0
2024-01-23 15:25:20.001,17889,17889,17889,2,-2
2024-01-23 15:25:20.001,17889,17889,17889,2,0
2024-01-23 15:25:27.001,17889,17889,17889,2,0
2024-01-23 15:25:27.001,17889,17889,17889,2,0
2024-01-23 15:25:35.001,17890,17890,17890,4,4
2024-01-23 15:25:35.001,17890,17890,17890,2,0
2024-01-23 15:25:35.001,17890,17890,17890,8,0
2024-01-23 15:25:35.001,17890,17890,17890,2,0
2024-01-23 15:25:39.001,17892,17892,17892,6,6
2024-01-23 15:25:45.001,17892,17892,17892,8,0
2024-01-23 15:26:00.001,17890,17890,17890,2,-2
2024-01-23 15:26:00.001,17890,17890,17890,2,0
2024-01-23 15:26:00.001,17890,17890,17890,2,0
2024-01-23 15:26:00.001,17891,17891,17891,4,4
2024-01-23 15:26:04.001,17890,17890,17890,2,-2
2024-01-23 15:26:04.001,17890,17890,17890,2,0
2024-01-23 15:26:08.001,17890,17890,17890,2,0
2024-01-23 15:26:08.001,17889,17889,17889,2,-2
2024-01-23 15:26:08.001,17889,17889,17889,2,0
2024-01-23 15:26:08.001,17889,17889,17889,2,0
2024-01-23 15:26:09.001,17889,17889,17889,2,0
2024-01-23 15:26:09.001,17889,17889,17889,2,0
2024-01-23 15:26:10.001,17890,17890,17890,2,2
2024-01-23 15:26:19.001,17890,17890,17890,2,0
2024-01-23 15:26:20.001,17889,17889,17889,2,-2
2024-01-23 15:26:25.001,17889,17889,17889,4,0
2024-01-23 15:26:25.001,17889,17889,17889,2,0
2024-01-23 15:26:25.001,17889,17889,17889,2,0
2024-01-23 15:26:31.001,17890,17890,17890,2,2
2024-01-23 15:26:42.001,17890,17890,17890,2,0
2024-01-23 15:26:46.001,17889,17889,17889,2,-2
2024-01-23 15:26:46.001,17889,17889,17889,2,0
2024-01-23 15:26:53.001,17889,17889,17889,2,0
2024-01-23 15:26:59.001,17889,17889,17889,2,0
2024-01-23 15:27:00.001,17889,17889,17889,2,0
2024-01-23 15:27:04.001,17890,17890,17890,2,2
2024-01-23 15:27:04.001,17889,17889,17889,2,-2
2024-01-23 15:27:11.001,17890,17890,17890,2,2
2024-01-23 15:27:16.001,17890,17890,17890,2,0
2024-01-23 15:27:16.001,17890,17890,17890,2,0
2024-01-23 15:27:16.001,17890,17890,17890,2,0
2024-01-23 15:27:24.001,17890,17890,17890,2,0
2024-01-23 15:27:29.001,17889,17889,17889,4,-4
2024-01-23 15:27:29.001,17889,17889,17889,2,0
2024-01-23 15:27:29.001,17889,17889,17889,2,0
2024-01-23 15:27:40.001,17889,17889,17889,2,0
2024-01-23 15:27:40.001,17889,17889,17889,2,0
2024-01-23 15:27:40.001,17889,17889,17889,2,0
2024-01-23 15:27:40.001,17889,17889,17889,4,0
2024-01-23 15:27:40.001,17889,17889,17889,4,0
2024-01-23 15:27:47.001,17888,17888,17888,2,-2
2024-01-23 15:27:56.001,17888,17888,17888,2,0
2024-01-23 15:27:59.001,17889,17889,17889,2,2
2024-01-23 15:28:00.001,17888,17888,17888,8,-8
2024-01-23 15:28:00.001,17888,17888,17888,2,0
2024-01-23 15:28:00.001,17888,17888,17888,2,0
2024-01-23 15:28:03.001,17889,17889,17889,2,2
2024-01-23 15:28:06.001,17889,17889,17889,6,0
2024-01-23 15:28:07.001,17888,17888,17888,2,-2
2024-01-23 15:28:20.001,17888,17888,17888,8,0
2024-01-23 15:28:22.001,17889,17889,17889,6,6
2024-01-23 15:28:22.001,17889,17889,17889,2,0
2024-01-23 15:28:31.001,17889,17889,17889,6,0
2024-01-23 15:28:31.001,17889,17889,17889,2,0
2024-01-23 15:28:31.001,17889,17889,17889,2,0
2024-01-23 15:28:31.001,17889,17889,17889,2,0
2024-01-23 15:28:31.001,17889,17889,17889,2,0
2024-01-23 15:28:31.001,17888,17888,17888,4,-4
2024-01-23 15:28:34.001,17889,17889,17889,2,2
2024-01-23 15:28:35.001,17889,17889,17889,2,0
2024-01-23 15:28:35.001,17889,17889,17889,4,0
2024-01-23 15:28:36.001,17889,17889,17889,2,0
2024-01-23 15:28:43.001,17889,17889,17889,2,0
2024-01-23 15:28:43.001,17889,17889,17889,4,0
2024-01-23 15:28:43.001,17889,17889,17889,6,0
2024-01-23 15:28:43.001,17889,17889,17889,4,0
2024-01-23 15:28:50.001,17889,17889,17889,2,0
2024-01-23 15:28:57.001,17889,17889,17889,2,0
2024-01-23 15:29:06.001,17890,17890,17890,4,4
2024-01-23 15:29:11.001,17890,17890,17890,2,0
2024-01-23 15:29:15.001,17890,17890,17890,2,0
2024-01-23 15:29:30.001,17891,17891,17891,10,10
2024-01-23 15:29:37.001,17892,17892,17892,2,2
2024-01-23 15:29:40.001,17892,17892,17892,2,0
2024-01-23 15:29:40.001,17892,17892,17892,22,0
2024-01-23 15:29:43.001,17893,17893,17893,2,2
2024-01-23 15:29:44.001,17893,17893,17893,4,0
2024-01-23 15:29:44.001,17893,17893,17893,2,0
2024-01-23 15:29:44.001,17892,17892,17892,2,-2
2024-01-23 15:29:48.001,17893,17893,17893,2,2
2024-01-23 15:29:50.001,17892,17892,17892,2,-2
2024-01-23 15:29:53.001,17893,17893,17893,2,2
2024-01-23 15:29:54.001,17893,17893,17893,2,0
2024-01-23 15:29:55.001,17893,17893,17893,26,0
2024-01-23 15:29:56.001,17894,17894,17894,24,24
2024-01-23 15:29:56.001,17894,17894,17894,28,0
2024-01-23 15:29:56.001,17895,17895,17895,2,2
2024-01-23 15:29:56.001,17895,17895,17895,4,0
2024-01-23 15:29:56.001,17895,17895,17895,12,0
2024-01-23 15:29:56.001,17895,17895,17895,2,0
2024-01-23 15:29:56.001,17895,17895,17895,2,0
2024-01-23 15:29:56.001,17895,17895,17895,4,0
2024-01-23 15:29:56.001,17895,17895,17895,4,0
2024-01-23 15:29:56.001,17895,17895,17895,124,0
2024-01-23 15:29:56.001,17895,17895,17895,2,0
2024-01-23 15:29:56.001,17895,17895,17895,4,0
2024-01-23 15:29:56.001,17895,17895,17895,2,0
2024-01-23 15:29:56.001,17895,17895,17895,2,0
2024-01-23 15:29:56.001,17895,17895,17895,10,0
2024-01-23 15:29:56.001,17895,17895,17895,34,0
2024-01-23 15:29:56.001,17895,17895,17895,2,0
2024-01-23 15:29:56.001,17895,17895,17895,6,0
2024-01-23 15:29:56.001,17895,17895,17895,80,0
2024-01-23 15:29:56.001,17895,17895,17895,4,0
2024-01-23 15:29:56.001,17895,17895,17895,4,0
2024-01-23 15:29:56.001,17895,17895,17895,20,0
2024-01-23 15:29:56.001,17895,17895,17895,20,0
2024-01-23 15:29:56.001,17895,17895,17895,2,0
2024-01-23 15:29:56.001,17895,17895,17895,4,0
2024-01-23 15:29:56.001,17895,17895,17895,2,0
2024-01-23 15:29:56.001,17895,17895,17895,12,0
2024-01-23 15:29:56.001,17896,17896,17896,2,2
2024-01-23 15:29:56.001,17896,17896,17896,2,0
2024-01-23 15:29:56.001,17896,17896,17896,2,0
2024-01-23 15:29:56.001,17896,17896,17896,2,0
2024-01-23 15:29:56.001,17896,17896,17896,6,0
2024-01-23 15:29:56.001,17896,17896,17896,4,0
2024-01-23 15:29:56.001,17896,17896,17896,14,0
2024-01-23 15:29:56.001,17897,17897,17897,2,2
2024-01-23 15:29:56.001,17897,17897,17897,2,0
2024-01-23 15:29:56.001,17897,17897,17897,2,0
2024-01-23 15:29:56.001,17897,17897,17897,2,0
2024-01-23 15:29:56.001,17897,17897,17897,4,0
2024-01-23 15:29:56.001,17896,17896,17896,2,-2
2024-01-23 15:29:56.001,17897,17897,17897,4,4
2024-01-23 15:29:56.001,17896,17896,17896,2,-2
2024-01-23 15:29:56.001,17897,17897,17897,2,2
2024-01-23 15:29:56.001,17897,17897,17897,2,0
2024-01-23 15:29:56.001,17898,17898,17898,4,4
2024-01-23 15:29:56.001,17896,17896,17896,4,-4
2024-01-23 15:29:56.001,17896,17896,17896,4,0
2024-01-23 15:29:56.001,17896,17896,17896,2,0
2024-01-23 15:29:57.001,17896,17896,17896,4,0
2024-01-23 15:29:57.001,17896,17896,17896,2,0
2024-01-23 15:29:57.001,17895,17895,17895,2,-2
2024-01-23 15:29:57.001,17895,17895,17895,2,0
2024-01-23 15:29:57.001,17895,17895,17895,6,0
2024-01-23 15:29:57.001,17894,17894,17894,2,-2
2024-01-23 15:29:57.001,17893,17893,17893,2,-2
2024-01-23 15:29:58.001,17893,17893,17893,2,0
2024-01-23 15:29:58.001,17893,17893,17893,2,0
2024-01-23 15:29:59.001,17894,17894,17894,2,2
2024-01-23 15:29:59.001,17894,17894,17894,2,0
2024-01-23 15:29:59.001,17895,17895,17895,2,2
2024-01-23 15:30:00.001,17893,17893,17893,2,-2
2024-01-23 15:30:00.001,17893,17893,17893,2,0
2024-01-23 15:30:00.001,17893,17893,17893,2,0
2024-01-23 15:30:00.001,17893,17893,17893,2,0
2024-01-23 15:30:00.001,17894,17894,17894,6,6
2024-01-23 15:30:00.001,17894,17894,17894,2,0
2024-01-23 15:30:00.001,17894,17894,17894,2,0
2024-01-23 15:30:00.001,17895,17895,17895,2,2
2024-01-23 15:30:00.001,17895,17895,17895,2,0
2024-01-23 15:30:00.001,17895,17895,17895,2,0
2024-01-23 15:30:00.001,17895,17895,17895,2,0
2024-01-23 15:30:03.001,17895,17895,17895,4,0
2024-01-23 15:30:03.001,17895,17895,17895,10,0
2024-01-23 15:30:03.001,17895,17895,17895,2,0
2024-01-23 15:30:07.001,17894,17894,17894,2,-2
2024-01-23 15:30:08.001,17895,17895,17895,2,2
2024-01-23 15:30:08.001,17894,17894,17894,2,-2
2024-01-23 15:30:08.001,17895,17895,17895,10,10
2024-01-23 15:30:11.001,17895,17895,17895,2,0
2024-01-23 15:30:11.001,17895,17895,17895,2,0
2024-01-23 15:30:11.001,17895,17895,17895,4,0
2024-01-23 15:30:13.001,17895,17895,17895,2,0
2024-01-23 15:30:14.001,17895,17895,17895,2,0
2024-01-23 15:30:14.001,17895,17895,17895,4,0
2024-01-23 15:30:16.001,17895,17895,17895,2,0
2024-01-23 15:30:16.001,17895,17895,17895,2,0
2024-01-23 15:30:16.001,17895,17895,17895,2,0
2024-01-23 15:30:18.001,17895,17895,17895,4,0
2024-01-23 15:30:19.001,17895,17895,17895,2,0
2024-01-23 15:30:19.001,17895,17895,17895,2,0
2024-01-23 15:30:19.001,17894,17894,17894,2,-2
2024-01-23 15:30:19.001,17894,17894,17894,4,0
2024-01-23 15:30:19.001,17895,17895,17895,2,2
2024-01-23 15:30:20.001,17895,17895,17895,2,0
2024-01-23 15:30:21.001,17895,17895,17895,2,0
2024-01-23 15:30:21.001,17894,17894,17894,2,-2
2024-01-23 15:30:22.001,17896,17896,17896,12,12
2024-01-23 15:30:22.001,17897,17897,17897,6,6
2024-01-23 15:30:24.001,17897,17897,17897,2,0
2024-01-23 15:30:27.001,17896,17896,17896,2,-2
2024-01-23 15:30:27.001,17897,17897,17897,8,8
2024-01-23 15:30:30.001,17897,17897,17897,8,0
2024-01-23 15:30:30.001,17897,17897,17897,8,0
2024-01-23 15:30:30.001,17898,17898,17898,2,2
2024-01-23 15:30:30.001,17898,17898,17898,4,0
2024-01-23 15:30:30.001,17898,17898,17898,16,0
2024-01-23 15:30:30.001,17897,17897,17897,2,-2
2024-01-23 15:30:31.001,17898,17898,17898,2,2
2024-01-23 15:30:31.001,17898,17898,17898,2,0
2024-01-23 15:30:31.001,17898,17898,17898,2,0
2024-01-23 15:30:31.001,17898,17898,17898,2,0
2024-01-23 15:30:31.001,17898,17898,17898,2,0
2024-01-23 15:30:32.001,17898,17898,17898,2,0
2024-01-23 15:30:32.001,17898,17898,17898,2,0
2024-01-23 15:30:34.001,17898,17898,17898,2,0
2024-01-23 15:30:34.001,17897,17897,17897,2,-2
2024-01-23 15:30:34.001,17897,17897,17897,2,0
2024-01-23 15:30:35.001,17898,17898,17898,2,2
2024-01-23 15:30:36.001,17898,17898,17898,2,0
2024-01-23 15:30:36.001,17898,17898,17898,12,0
2024-01-23 15:30:38.001,17897,17897,17897,4,-4
2024-01-23 15:30:38.001,17897,17897,17897,2,0
2024-01-23 15:30:38.001,17897,17897,17897,2,0
2024-01-23 15:30:38.001,17897,17897,17897,4,0
2024-01-23 15:30:38.001,17897,17897,17897,4,0
2024-01-23 15:30:38.001,17897,17897,17897,2,0
2024-01-23 15:30:38.001,17897,17897,17897,2,0
2024-01-23 15:30:38.001,17897,17897,17897,6,0
2024-01-23 15:30:38.001,17897,17897,17897,2,0
2024-01-23 15:30:38.001,17896,17896,17896,4,-4
2024-01-23 15:30:38.001,17896,17896,17896,2,0
2024-01-23 15:30:38.001,17896,17896,17896,2,0
2024-01-23 15:30:38.001,17896,17896,17896,2,0
2024-01-23 15:30:38.001,17896,17896,17896,4,0
2024-01-23 15:30:38.001,17896,17896,17896,4,0
2024-01-23 15:30:38.001,17896,17896,17896,4,0
2024-01-23 15:30:38.001,17896,17896,17896,2,0
2024-01-23 15:30:38.001,17896,17896,17896,2,0
2024-01-23 15:30:38.001,17896,17896,17896,2,0
2024-01-23 15:30:39.001,17897,17897,17897,2,2
2024-01-23 15:30:39.001,17898,17898,17898,4,4
2024-01-23 15:30:40.001,17898,17898,17898,2,0
2024-01-23 15:30:41.001,17898,17898,17898,4,0
2024-01-23 15:30:42.001,17898,17898,17898,2,0
2024-01-23 15:30:42.001,17898,17898,17898,2,0
2024-01-23 15:30:45.001,17898,17898,17898,2,0
2024-01-23 15:30:46.001,17898,17898,17898,2,0
2024-01-23 15:30:46.001,17898,17898,17898,2,0
2024-01-23 15:30:48.001,17898,17898,17898,2,0
2024-01-23 15:30:49.001,17897,17897,17897,2,-2
2024-01-23 15:30:49.001,17898,17898,17898,4,4
2024-01-23 15:30:50.001,17898,17898,17898,2,0
2024-01-23 15:30:51.001,17898,17898,17898,2,0
2024-01-23 15:30:56.001,17898,17898,17898,2,0
2024-01-23 15:30:56.001,17898,17898,17898,2,0
2024-01-23 15:30:58.001,17897,17897,17897,2,-2
2024-01-23 15:30:58.001,17897,17897,17897,2,0
2024-01-23 15:30:58.001,17897,17897,17897,2,0
2024-01-23 15:30:58.001,17897,17897,17897,2,0
2024-01-23 15:30:58.001,17897,17897,17897,2,0
2024-01-23 15:30:58.001,17897,17897,17897,2,0
2024-01-23 15:30:58.001,17897,17897,17897,2,0
2024-01-23 15:30:58.001,17897,17897,17897,4,0
2024-01-23 15:31:00.001,17898,17898,17898,2,2
2024-01-23 15:31:00.001,17898,17898,17898,2,0
2024-01-23 15:31:05.001,17898,17898,17898,10,0
2024-01-23 15:31:05.001,17898,17898,17898,2,0
2024-01-23 15:31:05.001,17898,17898,17898,2,0
2024-01-23 15:31:06.001,17897,17897,17897,2,-2
2024-01-23 15:31:06.001,17896,17896,17896,2,-2
2024-01-23 15:31:07.001,17898,17898,17898,40,40
2024-01-23 15:31:07.001,17899,17899,17899,16,16
2024-01-23 15:31:07.001,17898,17898,17898,4,-4
2024-01-23 15:31:07.001,17899,17899,17899,2,2
2024-01-23 15:31:07.001,17899,17899,17899,2,0
2024-01-23 15:31:07.001,17899,17899,17899,6,0
2024-01-23 15:31:07.001,17899,17899,17899,2,0
2024-01-23 15:31:07.001,17897,17897,17897,4,-4
2024-01-23 15:31:07.001,17897,17897,17897,2,0
2024-01-23 15:31:07.001,17897,17897,17897,2,0
2024-01-23 15:31:09.001,17898,17898,17898,2,2
2024-01-23 15:31:13.001,17898,17898,17898,2,0
2024-01-23 15:31:13.001,17898,17898,17898,2,0
2024-01-23 15:31:13.001,17898,17898,17898,2,0
2024-01-23 15:31:13.001,17898,17898,17898,2,0
2024-01-23 15:31:14.001,17898,17898,17898,2,0
2024-01-23 15:31:16.001,17898,17898,17898,2,0
2024-01-23 15:31:16.001,17898,17898,17898,2,0
2024-01-23 15:31:17.001,17899,17899,17899,6,6
2024-01-23 15:31:20.001,17899,17899,17899,2,0
2024-01-23 15:31:26.001,17899,17899,17899,8,0
2024-01-23 15:31:27.001,17898,17898,17898,4,-4
2024-01-23 15:31:27.001,17898,17898,17898,2,0
2024-01-23 15:31:27.001,17898,17898,17898,2,0
2024-01-23 15:31:28.001,17898,17898,17898,2,0
2024-01-23 15:31:28.001,17899,17899,17899,16,16
2024-01-23 15:31:28.001,17898,17898,17898,2,-2
2024-01-23 15:31:31.001,17899,17899,17899,2,2
2024-01-23 15:31:32.001,17898,17898,17898,2,-2
2024-01-23 15:31:32.001,17898,17898,17898,2,0
2024-01-23 15:31:32.001,17898,17898,17898,2,0
2024-01-23 15:31:35.001,17898,17898,17898,2,0
2024-01-23 15:31:35.001,17898,17898,17898,2,0
2024-01-23 15:31:35.001,17898,17898,17898,2,0
2024-01-23 15:31:35.001,17898,17898,17898,2,0
2024-01-23 15:31:35.001,17898,17898,17898,2,0
2024-01-23 15:31:36.001,17897,17897,17897,2,-2
2024-01-23 15:31:36.001,17897,17897,17897,2,0
2024-01-23 15:31:36.001,17897,17897,17897,2,0
2024-01-23 15:31:38.001,17899,17899,17899,2,2
2024-01-23 15:31:43.001,17897,17897,17897,2,-2
2024-01-23 15:31:44.001,17898,17898,17898,2,2
2024-01-23 15:31:47.001,17899,17899,17899,4,4
2024-01-23 15:31:48.001,17898,17898,17898,2,-2
2024-01-23 15:31:48.001,17899,17899,17899,2,2
2024-01-23 15:31:49.001,17897,17897,17897,4,-4
2024-01-23 15:31:50.001,17899,17899,17899,6,6
2024-01-23 15:31:53.001,17899,17899,17899,12,0
2024-01-23 15:31:53.001,17898,17898,17898,2,-2
2024-01-23 15:31:54.001,17899,17899,17899,34,34
2024-01-23 15:31:54.001,17899,17899,17899,4,0
2024-01-23 15:31:54.001,17899,17899,17899,2,0
2024-01-23 15:31:55.001,17899,17899,17899,2,0
2024-01-23 15:31:58.001,17900,17900,17900,10,10
2024-01-23 15:31:58.001,17900,17900,17900,8,0
2024-01-23 15:31:58.001,17900,17900,17900,78,0
2024-01-23 15:31:58.001,17900,17900,17900,2,0
2024-01-23 15:31:58.001,17900,17900,17900,6,0
2024-01-23 15:31:58.001,17900,17900,17900,4,0
2024-01-23 15:31:58.001,17900,17900,17900,8,0
2024-01-23 15:31:58.001,17900,17900,17900,20,0
2024-01-23 15:31:58.001,17900,17900,17900,2,0
2024-01-23 15:31:58.001,17900,17900,17900,2,0
2024-01-23 15:31:58.001,17900,17900,17900,4,0
2024-01-23 15:31:58.001,17900,17900,17900,2,0
2024-01-23 15:31:58.001,17900,17900,17900,2,0
2024-01-23 15:31:58.001,17900,17900,17900,2,0
2024-01-23 15:31:58.001,17900,17900,17900,16,0
2024-01-23 15:31:58.001,17900,17900,17900,2,0
2024-01-23 15:31:58.001,17900,17900,17900,8,0
2024-01-23 15:31:58.001,17900,17900,17900,20,0
2024-01-23 15:31:58.001,17900,17900,17900,4,0
2024-01-23 15:31:58.001,17900,17900,17900,4,0
2024-01-23 15:31:58.001,17900,17900,17900,10,0
2024-01-23 15:31:58.001,17900,17900,17900,4,0
2024-01-23 15:31:58.001,17900,17900,17900,2,0
2024-01-23 15:31:58.001,17900,17900,17900,2,0
2024-01-23 15:31:58.001,17900,17900,17900,2,0
2024-01-23 15:31:58.001,17900,17900,17900,2,0
2024-01-23 15:31:58.001,17900,17900,17900,2,0
2024-01-23 15:31:58.001,17900,17900,17900,6,0
2024-01-23 15:31:58.001,17900,17900,17900,2,0
2024-01-23 15:31:58.001,17900,17900,17900,6,0
2024-01-23 15:31:58.001,17900,17900,17900,4,0
2024-01-23 15:31:58.001,17900,17900,17900,2,0
2024-01-23 15:31:58.001,17900,17900,17900,2,0
2024-01-23 15:31:58.001,17900,17900,17900,4,0
2024-01-23 15:31:58.001,17900,17900,17900,14,0
2024-01-23 15:31:58.001,17901,17901,17901,30,30
2024-01-23 15:31:58.001,17902,17902,17902,2,2
2024-01-23 15:31:58.001,17902,17902,17902,8,0
2024-01-23 15:31:58.001,17902,17902,17902,2,0
2024-01-23 15:31:58.001,17902,17902,17902,2,0
2024-01-23 15:31:58.001,17902,17902,17902,2,0
2024-01-23 15:31:58.001,17902,17902,17902,6,0
2024-01-23 15:31:58.001,17902,17902,17902,8,0
2024-01-23 15:31:58.001,17902,17902,17902,2,0
2024-01-23 15:31:58.001,17903,17903,17903,18,18
2024-01-23 15:31:58.001,17903,17903,17903,10,0
2024-01-23 15:31:58.001,17903,17903,17903,12,0
2024-01-23 15:31:58.001,17903,17903,17903,2,0
2024-01-23 15:31:58.001,17903,17903,17903,4,0
2024-01-23 15:31:58.001,17903,17903,17903,2,0
2024-01-23 15:31:58.001,17902,17902,17902,4,-4
2024-01-23 15:31:58.001,17902,17902,17902,2,0
2024-01-23 15:31:58.001,17902,17902,17902,4,0
2024-01-23 15:31:58.001,17902,17902,17902,6,0
2024-01-23 15:31:58.001,17902,17902,17902,2,0
2024-01-23 15:31:58.001,17902,17902,17902,4,0
2024-01-23 15:31:58.001,17902,17902,17902,2,0
2024-01-23 15:31:58.001,17902,17902,17902,2,0
2024-01-23 15:31:58.001,17903,17903,17903,2,2
2024-01-23 15:31:58.001,17902,17902,17902,4,-4
2024-01-23 15:31:58.001,17902,17902,17902,4,0
2024-01-23 15:31:58.001,17901,17901,17901,2,-2
2024-01-23 15:31:58.001,17901,17901,17901,2,0
2024-01-23 15:31:59.001,17902,17902,17902,2,2
2024-01-23 15:31:59.001,17902,17902,17902,2,0
2024-01-23 15:31:59.001,17901,17901,17901,4,-4
2024-01-23 15:31:59.001,17901,17901,17901,34,0
2024-01-23 15:31:59.001,17901,17901,17901,4,0
2024-01-23 15:31:59.001,17901,17901,17901,4,0
2024-01-23 15:31:59.001,17901,17901,17901,4,0
2024-01-23 15:31:59.001,17901,17901,17901,2,0
2024-01-23 15:31:59.001,17901,17901,17901,2,0
2024-01-23 15:31:59.001,17901,17901,17901,2,0
2024-01-23 15:31:59.001,17900,17900,17900,4,-4
2024-01-23 15:31:59.001,17900,17900,17900,4,0
2024-01-23 15:31:59.001,17901,17901,17901,32,32
2024-01-23 15:31:59.001,17900,17900,17900,2,-2
2024-01-23 15:31:59.001,17901,17901,17901,4,4
2024-01-23 15:31:59.001,17901,17901,17901,2,0
2024-01-23 15:31:59.001,17901,17901,17901,2,0
2024-01-23 15:31:59.001,17901,17901,17901,2,0
2024-01-23 15:31:59.001,17901,17901,17901,8,0
2024-01-23 15:31:59.001,17900,17900,17900,2,-2
2024-01-23 15:32:00.001,17900,17900,17900,2,0
2024-01-23 15:32:00.001,17901,17901,17901,10,10
2024-01-23 15:32:00.001,17902,17902,17902,4,4
2024-01-23 15:32:00.001,17900,17900,17900,2,-2
2024-01-23 15:32:00.001,17902,17902,17902,2,2
2024-01-23 15:32:00.001,17902,17902,17902,2,0
2024-01-23 15:32:00.001,17902,17902,17902,2,0
2024-01-23 15:32:00.001,17903,17903,17903,2,2
2024-01-23 15:32:00.001,17903,17903,17903,4,0
2024-01-23 15:32:01.001,17903,17903,17903,2,0
2024-01-23 15:32:02.001,17903,17903,17903,4,0
2024-01-23 15:32:03.001,17902,17902,17902,2,-2
2024-01-23 15:32:03.001,17903,17903,17903,2,2
2024-01-23 15:32:03.001,17902,17902,17902,2,-2
2024-01-23 15:32:03.001,17902,17902,17902,2,0
2024-01-23 15:32:03.001,17901,17901,17901,2,-2
2024-01-23 15:32:05.001,17903,17903,17903,4,4
2024-01-23 15:32:05.001,17902,17902,17902,2,-2
2024-01-23 15:32:06.001,17902,17902,17902,2,0
2024-01-23 15:32:06.001,17901,17901,17901,2,-2
2024-01-23 15:32:06.001,17901,17901,17901,2,0
2024-01-23 15:32:06.001,17901,17901,17901,2,0
2024-01-23 15:32:07.001,17901,17901,17901,2,0
2024-01-23 15:32:07.001,17902,17902,17902,2,2
2024-01-23 15:32:07.001,17901,17901,17901,2,-2
2024-01-23 15:32:07.001,17902,17902,17902,10,10
2024-01-23 15:32:08.001,17900,17900,17900,2,-2
2024-01-23 15:32:08.001,17900,17900,17900,2,0
2024-01-23 15:32:09.001,17901,17901,17901,2,2
2024-01-23 15:32:09.001,17901,17901,17901,2,0
2024-01-23 15:32:10.001,17902,17902,17902,2,2
2024-01-23 15:32:12.001,17901,17901,17901,2,-2
2024-01-23 15:32:16.001,17902,17902,17902,2,2
2024-01-23 15:32:16.001,17902,17902,17902,4,0
2024-01-23 15:32:17.001,17902,17902,17902,2,0
2024-01-23 15:32:18.001,17902,17902,17902,12,0
2024-01-23 15:32:18.001,17902,17902,17902,2,0
2024-01-23 15:32:20.001,17902,17902,17902,4,0
2024-01-23 15:32:20.001,17902,17902,17902,4,0
2024-01-23 15:32:20.001,17902,17902,17902,2,0
2024-01-23 15:32:22.001,17902,17902,17902,2,0
2024-01-23 15:32:22.001,17902,17902,17902,2,0
2024-01-23 15:32:22.001,17903,17903,17903,2,2
2024-01-23 15:32:23.001,17901,17901,17901,2,-2
2024-01-23 15:32:25.001,17902,17902,17902,8,8
2024-01-23 15:32:26.001,17902,17902,17902,2,0
2024-01-23 15:32:27.001,17902,17902,17902,2,0
2024-01-23 15:32:30.001,17902,17902,17902,2,0
2024-01-23 15:32:32.001,17902,17902,17902,2,0
2024-01-23 15:32:33.001,17903,17903,17903,2,2
2024-01-23 15:32:34.001,17902,17902,17902,2,-2
2024-01-23 15:32:38.001,17903,17903,17903,2,2
2024-01-23 15:32:39.001,17903,17903,17903,2,0
2024-01-23 15:32:39.001,17903,17903,17903,2,0
2024-01-23 15:32:39.001,17903,17903,17903,20,0
2024-01-23 15:32:41.001,17903,17903,17903,2,0
2024-01-23 15:32:41.001,17903,17903,17903,2,0
2024-01-23 15:32:42.001,17904,17904,17904,2,2
2024-01-23 15:32:43.001,17904,17904,17904,12,0
2024-01-23 15:32:43.001,17904,17904,17904,8,0
2024-01-23 15:32:44.001,17904,17904,17904,4,0
2024-01-23 15:32:44.001,17905,17905,17905,4,4
2024-01-23 15:32:44.001,17905,17905,17905,4,0
2024-01-23 15:32:45.001,17905,17905,17905,8,0
2024-01-23 15:32:46.001,17904,17904,17904,2,-2
2024-01-23 15:32:46.001,17904,17904,17904,2,0
2024-01-23 15:32:46.001,17905,17905,17905,70,70
2024-01-23 15:32:46.001,17906,17906,17906,4,4
2024-01-23 15:32:46.001,17906,17906,17906,4,0
2024-01-23 15:32:46.001,17905,17905,17905,2,-2
2024-01-23 15:32:46.001,17905,17905,17905,2,0
2024-01-23 15:32:47.001,17906,17906,17906,2,2
2024-01-23 15:32:47.001,17905,17905,17905,2,-2
2024-01-23 15:32:47.001,17906,17906,17906,4,4
2024-01-23 15:32:47.001,17905,17905,17905,2,-2
2024-01-23 15:32:48.001,17906,17906,17906,10,10
2024-01-23 15:32:48.001,17905,17905,17905,2,-2
2024-01-23 15:32:48.001,17905,17905,17905,2,0
2024-01-23 15:32:49.001,17905,17905,17905,2,0
2024-01-23 15:32:49.001,17905,17905,17905,2,0
2024-01-23 15:32:49.001,17905,17905,17905,6,0
2024-01-23 15:32:49.001,17905,17905,17905,2,0
2024-01-23 15:32:49.001,17906,17906,17906,2,2
2024-01-23 15:32:49.001,17905,17905,17905,2,-2
2024-01-23 15:32:49.001,17905,17905,17905,2,0
2024-01-23 15:32:49.001,17906,17906,17906,2,2
2024-01-23 15:32:49.001,17905,17905,17905,2,-2
2024-01-23 15:32:50.001,17904,17904,17904,2,-2
2024-01-23 15:32:50.001,17905,17905,17905,2,2
2024-01-23 15:32:50.001,17904,17904,17904,4,-4
2024-01-23 15:32:50.001,17904,17904,17904,4,0
2024-01-23 15:32:50.001,17905,17905,17905,2,2
2024-01-23 15:32:51.001,17905,17905,17905,2,0
2024-01-23 15:32:51.001,17905,17905,17905,2,0
2024-01-23 15:32:52.001,17905,17905,17905,4,0
2024-01-23 15:32:53.001,17905,17905,17905,2,0
2024-01-23 15:32:53.001,17905,17905,17905,2,0
2024-01-23 15:32:54.001,17906,17906,17906,4,4
2024-01-23 15:32:55.001,17906,17906,17906,2,0
2024-01-23 15:32:56.001,17905,17905,17905,2,-2
2024-01-23 15:32:57.001,17905,17905,17905,2,0
2024-01-23 15:32:57.001,17905,17905,17905,2,0
2024-01-23 15:32:57.001,17906,17906,17906,2,2
2024-01-23 15:32:57.001,17906,17906,17906,2,0
2024-01-23 15:32:57.001,17906,17906,17906,2,0
2024-01-23 15:32:57.001,17906,17906,17906,4,0
2024-01-23 15:32:57.001,17906,17906,17906,4,0
2024-01-23 15:32:59.001,17906,17906,17906,2,0
2024-01-23 15:32:59.001,17905,17905,17905,2,-2
2024-01-23 15:32:59.001,17905,17905,17905,2,0
2024-01-23 15:32:59.001,17905,17905,17905,2,0
2024-01-23 15:32:59.001,17905,17905,17905,2,0
2024-01-23 15:33:00.001,17905,17905,17905,2,0
2024-01-23 15:33:01.001,17906,17906,17906,2,2
2024-01-23 15:33:01.001,17906,17906,17906,10,0
2024-01-23 15:33:01.001,17907,17907,17907,2,2
2024-01-23 15:33:01.001,17907,17907,17907,4,0
2024-01-23 15:33:01.001,17905,17905,17905,2,-2
2024-01-23 15:33:04.001,17906,17906,17906,2,2
2024-01-23 15:33:04.001,17905,17905,17905,10,-10
2024-01-23 15:33:04.001,17905,17905,17905,2,0
2024-01-23 15:33:04.001,17905,17905,17905,10,0
2024-01-23 15:33:04.001,17905,17905,17905,8,0
2024-01-23 15:33:04.001,17905,17905,17905,10,0
2024-01-23 15:33:04.001,17905,17905,17905,4,0
2024-01-23 15:33:04.001,17905,17905,17905,54,0
2024-01-23 15:33:04.001,17905,17905,17905,2,0
2024-01-23 15:33:04.001,17905,17905,17905,2,0
2024-01-23 15:33:04.001,17905,17905,17905,2,0
2024-01-23 15:33:04.001,17904,17904,17904,2,-2
2024-01-23 15:33:04.001,17904,17904,17904,2,0
2024-01-23 15:33:04.001,17904,17904,17904,2,0
2024-01-23 15:33:04.001,17904,17904,17904,2,0
2024-01-23 15:33:04.001,17904,17904,17904,2,0
2024-01-23 15:33:04.001,17904,17904,17904,2,0
2024-01-23 15:33:04.001,17905,17905,17905,6,6
2024-01-23 15:33:04.001,17905,17905,17905,2,0
2024-01-23 15:33:06.001,17905,17905,17905,2,0
2024-01-23 15:33:06.001,17904,17904,17904,2,-2
2024-01-23 15:33:07.001,17904,17904,17904,2,0
2024-01-23 15:33:08.001,17904,17904,17904,2,0
2024-01-23 15:33:08.001,17905,17905,17905,4,4
2024-01-23 15:33:10.001,17905,17905,17905,6,0
2024-01-23 15:33:11.001,17904,17904,17904,2,-2
2024-01-23 15:33:11.001,17904,17904,17904,2,0
2024-01-23 15:33:11.001,17905,17905,17905,2,2
2024-01-23 15:33:11.001,17904,17904,17904,2,-2
2024-01-23 15:33:11.001,17904,17904,17904,4,0
2024-01-23 15:33:11.001,17904,17904,17904,2,0
2024-01-23 15:33:12.001,17904,17904,17904,2,0
2024-01-23 15:33:12.001,17904,17904,17904,2,0
2024-01-23 15:33:13.001,17905,17905,17905,2,2
2024-01-23 15:33:14.001,17905,17905,17905,2,0
2024-01-23 15:33:14.001,17905,17905,17905,2,0
2024-01-23 15:33:14.001,17905,17905,17905,4,0
2024-01-23 15:33:17.001,17905,17905,17905,2,0
2024-01-23 15:33:18.001,17905,17905,17905,2,0
2024-01-23 15:33:19.001,17905,17905,17905,2,0
2024-01-23 15:33:19.001,17905,17905,17905,2,0
2024-01-23 15:33:19.001,17905,17905,17905,2,0
2024-01-23 15:33:21.001,17904,17904,17904,2,-2
2024-01-23 15:33:21.001,17905,17905,17905,2,2
2024-01-23 15:33:21.001,17905,17905,17905,2,0
2024-01-23 15:33:23.001,17905,17905,17905,12,0
2024-01-23 15:33:23.001,17906,17906,17906,42,42
2024-01-23 15:33:23.001,17907,17907,17907,66,66
2024-01-23 15:33:23.001,17906,17906,17906,4,-4
2024-01-23 15:33:23.001,17906,17906,17906,2,0
2024-01-23 15:33:23.001,17906,17906,17906,2,0
2024-01-23 15:33:24.001,17906,17906,17906,2,0
2024-01-23 15:33:24.001,17906,17906,17906,2,0
2024-01-23 15:33:26.001,17906,17906,17906,2,0
2024-01-23 15:33:27.001,17906,17906,17906,2,0
2024-01-23 15:33:28.001,17906,17906,17906,2,0
2024-01-23 15:33:28.001,17906,17906,17906,2,0
2024-01-23 15:33:28.001,17907,17907,17907,2,2
2024-01-23 15:33:31.001,17907,17907,17907,2,0
2024-01-23 15:33:31.001,17907,17907,17907,2,0
2024-01-23 15:33:31.001,17907,17907,17907,2,0
2024-01-23 15:33:31.001,17907,17907,17907,2,0
2024-01-23 15:33:32.001,17907,17907,17907,2,0
2024-01-23 15:33:32.001,17907,17907,17907,2,0
2024-01-23 15:33:33.001,17907,17907,17907,2,0
2024-01-23 15:33:33.001,17907,17907,17907,2,0
2024-01-23 15:33:33.001,17908,17908,17908,4,4
2024-01-23 15:33:33.001,17908,17908,17908,8,0
2024-01-23 15:33:33.001,17908,17908,17908,30,0
2024-01-23 15:33:33.001,17907,17907,17907,2,-2
2024-01-23 15:33:33.001,17908,17908,17908,4,4
2024-01-23 15:33:33.001,17907,17907,17907,2,-2
2024-01-23 15:33:34.001,17907,17907,17907,6,0
2024-01-23 15:33:34.001,17907,17907,17907,2,0
2024-01-23 15:33:34.001,17907,17907,17907,2,0
2024-01-23 15:33:34.001,17907,17907,17907,2,0
2024-01-23 15:33:34.001,17907,17907,17907,2,0
2024-01-23 15:33:34.001,17907,17907,17907,2,0
2024-01-23 15:33:34.001,17907,17907,17907,2,0
2024-01-23 15:33:34.001,17907,17907,17907,2,0
2024-01-23 15:33:34.001,17907,17907,17907,2,0
2024-01-23 15:33:34.001,17907,17907,17907,2,0
2024-01-23 15:33:34.001,17907,17907,17907,2,0
2024-01-23 15:33:35.001,17908,17908,17908,50,50
2024-01-23 15:33:35.001,17909,17909,17909,90,90
2024-01-23 15:33:35.001,17909,17909,17909,4,0
2024-01-23 15:33:35.001,17910,17910,17910,2,2
2024-01-23 15:33:35.001,17910,17910,17910,2,0
2024-01-23 15:33:35.001,17910,17910,17910,2,0
2024-01-23 15:33:35.001,17909,17909,17909,2,-2
2024-01-23 15:33:35.001,17909,17909,17909,2,0
2024-01-23 15:33:35.001,17908,17908,17908,2,-2
2024-01-23 15:33:35.001,17908,17908,17908,4,0
2024-01-23 15:33:35.001,17908,17908,17908,2,0
2024-01-23 15:33:35.001,17910,17910,17910,8,8
2024-01-23 15:33:35.001,17910,17910,17910,62,0
2024-01-23 15:33:35.001,17910,17910,17910,2,0
2024-01-23 15:33:35.001,17910,17910,17910,8,0
2024-01-23 15:33:35.001,17910,17910,17910,8,0
2024-01-23 15:33:35.001,17910,17910,17910,8,0
2024-01-23 15:33:37.001,17909,17909,17909,2,-2
2024-01-23 15:33:37.001,17908,17908,17908,2,-2
2024-01-23 15:33:39.001,17910,17910,17910,2,2
2024-01-23 15:33:40.001,17909,17909,17909,2,-2
2024-01-23 15:33:40.001,17909,17909,17909,4,0
2024-01-23 15:33:41.001,17909,17909,17909,2,0
2024-01-23 15:33:41.001,17909,17909,17909,2,0
2024-01-23 15:33:41.001,17910,17910,17910,2,2
2024-01-23 15:33:41.001,17910,17910,17910,6,0
2024-01-23 15:33:41.001,17910,17910,17910,2,0
2024-01-23 15:33:41.001,17910,17910,17910,2,0
2024-01-23 15:33:41.001,17910,17910,17910,2,0
2024-01-23 15:33:42.001,17910,17910,17910,2,0
2024-01-23 15:33:42.001,17910,17910,17910,2,0
2024-01-23 15:33:42.001,17910,17910,17910,2,0
2024-01-23 15:33:42.001,17910,17910,17910,2,0
2024-01-23 15:33:42.001,17910,17910,17910,2,0
2024-01-23 15:33:42.001,17910,17910,17910,14,0
2024-01-23 15:33:42.001,17910,17910,17910,2,0
2024-01-23 15:33:42.001,17910,17910,17910,2,0
2024-01-23 15:33:43.001,17910,17910,17910,2,0
2024-01-23 15:33:43.001,17911,17911,17911,2,2
2024-01-23 15:33:43.001,17911,17911,17911,2,0
2024-01-23 15:33:43.001,17911,17911,17911,2,0
2024-01-23 15:33:44.001,17910,17910,17910,2,-2
2024-01-23 15:33:44.001,17911,17911,17911,2,2
2024-01-23 15:33:44.001,17910,17910,17910,2,-2
2024-01-23 15:33:44.001,17910,17910,17910,2,0
2024-01-23 15:33:44.001,17911,17911,17911,6,6
2024-01-23 15:33:46.001,17911,17911,17911,2,0
2024-01-23 15:33:46.001,17910,17910,17910,2,-2
2024-01-23 15:33:46.001,17911,17911,17911,2,2
