2021-08-26 15:00:00.055,16983,16984,16976,75,-75
2021-08-26 15:00:00.057,16976,16977,16976,1,-1
2021-08-26 15:00:00.118,16975,16977,16975,1,-1
2021-08-26 15:00:00.328,16973,16977,16973,1,-1
2021-08-26 15:00:00.345,16973,16977,16975,1,1
2021-08-26 15:00:00.421,16973,16977,16977,2,2
2021-08-26 15:00:00.421,16973,16977,16978,2,2
2021-08-26 15:00:00.485,16973,16977,16975,1,-1
2021-08-26 15:00:00.560,16975,16979,16979,1,1
2021-08-26 15:00:00.572,16975,16979,16979,3,3
2021-08-26 15:00:00.641,16975,16979,16975,3,-3
2021-08-26 15:00:00.723,16975,16979,16976,1,1
2021-08-26 15:00:00.723,16975,16979,16975,1,-1
2021-08-26 15:00:00.861,16976,16979,16979,1,1
2021-08-26 15:00:00.906,16976,16979,16976,1,-1
2021-08-26 15:00:00.961,16976,16979,16975,3,-3
2021-08-26 15:00:01.044,16975,16980,16979,1,1
2021-08-26 15:00:01.131,16975,16977,16977,1,1
2021-08-26 15:00:01.131,16975,16977,16980,1,1
2021-08-26 15:00:01.230,16975,16977,16976,1,-1
2021-08-26 15:00:01.684,16977,16979,16977,1,1
2021-08-26 15:00:01.703,16977,16979,16979,1,1
2021-08-26 15:00:01.879,16976,16979,16979,1,1
2021-08-26 15:00:01.891,16976,16979,16977,1,-1
2021-08-26 15:00:02.004,16977,16979,16977,1,-1
2021-08-26 15:00:02.059,16977,16979,16976,3,-3
2021-08-26 15:00:02.314,16975,16978,16977,1,1
2021-08-26 15:00:02.352,16975,16978,16977,1,-1
2021-08-26 15:00:02.359,16975,16978,16979,2,2
2021-08-26 15:00:02.478,16976,16979,16978,1,-1
2021-08-26 15:00:02.606,16976,16979,16977,1,-1
2021-08-26 15:00:02.793,16976,16979,16976,1,-1
2021-08-26 15:00:02.850,16976,16979,16976,1,-1
2021-08-26 15:00:02.914,16975,16978,16978,1,1
2021-08-26 15:00:02.964,16975,16978,16975,6,-6
2021-08-26 15:00:02.967,16975,16978,16975,1,-1
2021-08-26 15:00:03.073,16974,16977,16976,1,1
2021-08-26 15:00:03.076,16974,16977,16976,1,-1
2021-08-26 15:00:03.260,16975,16978,16975,1,-1
2021-08-26 15:00:03.263,16975,16978,16975,1,-1
2021-08-26 15:00:03.265,16975,16978,16975,1,-1
2021-08-26 15:00:03.268,16975,16978,16975,3,-3
2021-08-26 15:00:03.720,16974,16977,16974,1,-1
2021-08-26 15:00:03.896,16974,16977,16974,2,-2
2021-08-26 15:00:03.896,16974,16977,16973,3,-3
2021-08-26 15:00:04.107,16974,16976,16974,1,1
2021-08-26 15:00:04.573,16973,16975,16975,1,1
2021-08-26 15:00:04.598,16973,16975,16973,2,-2
2021-08-26 15:00:04.772,16973,16975,16973,1,-1
2021-08-26 15:00:04.819,16973,16975,16975,1,1
2021-08-26 15:00:06.209,16972,16974,16974,1,1
2021-08-26 15:00:06.397,16972,16974,16974,1,1
2021-08-26 15:00:06.399,16972,16974,16974,1,1
2021-08-26 15:00:07.154,16973,16975,16974,3,-3
2021-08-26 15:00:07.155,16973,16975,16973,1,-1
2021-08-26 15:00:07.250,16973,16975,16974,1,1
2021-08-26 15:00:07.253,16974,16975,16975,5,5
2021-08-26 15:00:07.515,16974,16976,16975,1,-1
2021-08-26 15:00:08.765,16974,16976,16974,1,-1
2021-08-26 15:00:08.765,16974,16976,16974,1,-1
2021-08-26 15:00:08.797,16974,16976,16975,1,1
2021-08-26 15:00:08.811,16974,16976,16976,1,1
2021-08-26 15:00:09.089,16973,16976,16975,1,-1
2021-08-26 15:00:09.636,16973,16975,16975,1,1
2021-08-26 15:00:09.636,16973,16975,16976,6,6
2021-08-26 15:00:09.692,16973,16975,16975,1,1
2021-08-26 15:00:09.957,16975,16976,16975,1,-1
2021-08-26 15:00:10.118,16973,16976,16975,4,-4
2021-08-26 15:00:11.245,16974,16975,16974,1,-1
2021-08-26 15:00:11.246,16974,16975,16974,1,-1
2021-08-26 15:00:11.729,16973,16975,16973,2,-2
2021-08-26 15:00:13.009,16974,16975,16975,2,2
2021-08-26 15:00:13.023,16974,16975,16974,1,-1
2021-08-26 15:00:13.483,16973,16975,16974,1,-1
2021-08-26 15:00:13.483,16973,16975,16975,1,1
2021-08-26 15:00:13.658,16973,16975,16975,3,3
2021-08-26 15:00:13.660,16973,16975,16975,1,1
2021-08-26 15:00:13.660,16973,16975,16975,1,1
2021-08-26 15:00:13.888,16974,16976,16976,1,1
2021-08-26 15:00:13.929,16974,16976,16976,3,3
2021-08-26 15:00:14.295,16974,16977,16974,1,-1
2021-08-26 15:00:14.745,16973,16975,16975,1,1
2021-08-26 15:00:15.102,16974,16975,16975,1,1
2021-08-26 15:00:15.878,16974,16975,16974,1,-1
2021-08-26 15:00:16.168,16974,16975,16975,3,3
2021-08-26 15:00:17.044,16974,16975,16974,1,-1
2021-08-26 15:00:17.777,16974,16975,16975,1,1
2021-08-26 15:00:17.781,16974,16975,16974,1,-1
2021-08-26 15:00:17.829,16974,16975,16975,1,1
2021-08-26 15:00:18.696,16974,16975,16975,1,1
2021-08-26 15:00:19.225,16974,16975,16974,1,-1
2021-08-26 15:00:19.677,16974,16975,16975,1,1
2021-08-26 15:00:20.387,16974,16975,16975,1,1
2021-08-26 15:00:22.494,16974,16975,16975,2,2
2021-08-26 15:00:23.225,16974,16975,16975,1,1
2021-08-26 15:00:23.870,16974,16975,16975,1,1
2021-08-26 15:00:25.527,16974,16975,16975,2,2
2021-08-26 15:00:25.607,16974,16975,16974,1,-1
2021-08-26 15:00:25.917,16974,16975,16974,1,-1
2021-08-26 15:00:26.572,16974,16975,16974,2,-2
2021-08-26 15:00:26.781,16974,16975,16974,1,-1
2021-08-26 15:00:27.115,16974,16975,16974,2,-2
2021-08-26 15:00:27.197,16974,16975,16975,5,5
2021-08-26 15:00:27.197,16974,16975,16976,5,5
2021-08-26 15:00:27.209,16974,16975,16974,1,-1
2021-08-26 15:00:27.219,16974,16975,16974,1,-1
2021-08-26 15:00:27.280,16973,16976,16975,1,1
2021-08-26 15:00:28.087,16973,16974,16974,1,1
2021-08-26 15:00:28.491,16973,16974,16973,1,-1
2021-08-26 15:00:28.492,16973,16974,16973,3,-3
2021-08-26 15:00:28.503,16973,16974,16973,3,-3
2021-08-26 15:00:28.554,16973,16974,16974,2,2
2021-08-26 15:00:28.554,16973,16974,16975,4,4
2021-08-26 15:00:28.554,16973,16974,16976,4,4
2021-08-26 15:00:28.555,16973,16974,16974,1,1
2021-08-26 15:00:28.627,16972,16974,16972,3,-3
2021-08-26 15:00:28.966,16972,16974,16972,1,-1
2021-08-26 15:00:29.512,16972,16973,16972,8,-8
2021-08-26 15:00:29.671,16972,16973,16973,1,1
2021-08-26 15:00:29.802,16972,16973,16973,1,1
2021-08-26 15:00:29.802,16972,16973,16974,2,2
2021-08-26 15:00:29.802,16972,16973,16975,5,5
2021-08-26 15:00:29.803,16972,16973,16975,2,2
2021-08-26 15:00:30.230,16972,16975,16973,1,-1
2021-08-26 15:00:30.237,16972,16975,16973,1,-1
2021-08-26 15:00:30.982,16973,16974,16973,1,-1
2021-08-26 15:00:31.980,16973,16974,16973,1,-1
2021-08-26 15:00:32.043,16973,16974,16973,6,-6
2021-08-26 15:00:32.078,16973,16974,16973,1,-1
2021-08-26 15:00:32.650,16972,16974,16972,1,-1
2021-08-26 15:00:32.730,16972,16974,16972,1,-1
2021-08-26 15:00:32.731,16972,16974,16972,1,-1
2021-08-26 15:00:32.997,16972,16973,16972,1,-1
2021-08-26 15:00:32.998,16972,16973,16972,1,-1
2021-08-26 15:00:33.345,16971,16974,16971,1,-1
2021-08-26 15:00:34.246,16971,16972,16971,1,-1
2021-08-26 15:00:34.333,16971,16972,16972,1,1
2021-08-26 15:00:34.333,16971,16972,16973,1,1
2021-08-26 15:00:34.358,16971,16972,16973,1,1
2021-08-26 15:00:34.666,16972,16973,16972,1,-1
2021-08-26 15:00:35.248,16971,16972,16971,1,-1
2021-08-26 15:00:35.437,16971,16972,16972,1,1
2021-08-26 15:00:35.950,16971,16972,16971,3,-3
2021-08-26 15:00:35.950,16971,16972,16971,2,-2
2021-08-26 15:00:35.951,16971,16972,16971,1,-1
2021-08-26 15:00:35.952,16971,16972,16971,1,-1
2021-08-26 15:00:36.256,16970,16971,16971,1,1
2021-08-26 15:00:36.979,16970,16971,16971,1,1
2021-08-26 15:00:37.363,16970,16971,16971,1,1
2021-08-26 15:00:37.442,16970,16972,16970,1,-1
2021-08-26 15:00:37.627,16970,16971,16970,1,-1
2021-08-26 15:00:38.055,16970,16971,16970,1,-1
2021-08-26 15:00:38.230,16970,16971,16970,1,-1
2021-08-26 15:00:38.386,16970,16971,16971,1,1
2021-08-26 15:00:38.894,16970,16971,16971,1,1
2021-08-26 15:00:39.413,16970,16971,16970,5,-5
2021-08-26 15:00:42.235,16970,16971,16970,1,-1
2021-08-26 15:00:42.322,16970,16971,16970,1,-1
2021-08-26 15:00:42.898,16970,16971,16971,2,2
2021-08-26 15:00:43.149,16971,16973,16971,1,-1
2021-08-26 15:00:43.291,16971,16973,16971,2,-2
2021-08-26 15:00:43.405,16970,16973,16971,1,-1
2021-08-26 15:00:47.213,16970,16971,16971,1,1
2021-08-26 15:00:47.703,16971,16972,16971,1,-1
2021-08-26 15:00:49.478,16971,16972,16972,2,2
2021-08-26 15:00:50.502,16972,16973,16973,3,3
2021-08-26 15:00:51.064,16972,16974,16972,1,-1
2021-08-26 15:00:51.377,16972,16974,16974,3,3
2021-08-26 15:00:51.752,16973,16975,16975,6,6
2021-08-26 15:00:51.878,16974,16976,16976,4,4
2021-08-26 15:00:52.066,16974,16977,16977,4,4
2021-08-26 15:00:52.066,16974,16977,16978,9,9
2021-08-26 15:00:52.245,16977,16979,16979,1,1
2021-08-26 15:00:53.295,16977,16979,16977,1,-1
2021-08-26 15:00:56.452,16975,16977,16975,1,-1
2021-08-26 15:00:57.611,16975,16977,16975,1,-1
2021-08-26 15:00:58.230,16974,16977,16977,5,5
2021-08-26 15:00:58.231,16974,16977,16978,1,1
2021-08-26 15:00:58.946,16977,16978,16978,1,1
2021-08-26 15:00:58.946,16977,16978,16978,1,1
2021-08-26 15:01:01.093,16978,16980,16980,1,1
2021-08-26 15:01:01.249,16978,16980,16978,1,-1
2021-08-26 15:01:02.389,16979,16980,16979,3,3
2021-08-26 15:01:02.389,16979,16980,16978,1,-1
2021-08-26 15:01:02.408,16979,16980,16980,1,1
2021-08-26 15:01:02.409,16979,16980,16980,2,2
2021-08-26 15:01:02.794,16979,16981,16979,1,-1
2021-08-26 15:01:03.351,16979,16981,16980,1,1
2021-08-26 15:01:03.351,16979,16981,16981,2,2
2021-08-26 15:01:03.800,16980,16982,16982,1,1
2021-08-26 15:01:03.801,16980,16982,16982,1,1
2021-08-26 15:01:03.801,16980,16982,16982,1,1
2021-08-26 15:01:04.242,16982,16983,16983,1,1
2021-08-26 15:01:04.242,16982,16983,16983,1,1
2021-08-26 15:01:04.347,16982,16984,16984,1,1
2021-08-26 15:01:04.348,16982,16984,16985,6,6
2021-08-26 15:01:04.893,16982,16985,16984,1,-1
2021-08-26 15:01:05.047,16982,16985,16982,1,-1
2021-08-26 15:01:05.586,16981,16984,16984,1,1
2021-08-26 15:01:05.712,16982,16985,16982,1,-1
2021-08-26 15:01:06.699,16982,16984,16982,2,-2
2021-08-26 15:01:06.699,16982,16984,16981,5,-5
2021-08-26 15:01:06.699,16982,16984,16980,3,-3
2021-08-26 15:01:06.822,16980,16983,16982,2,2
2021-08-26 15:01:06.822,16980,16983,16983,3,3
2021-08-26 15:01:06.822,16980,16983,16984,5,5
2021-08-26 15:01:06.824,16980,16983,16984,2,2
2021-08-26 15:01:06.887,16983,16985,16985,1,1
2021-08-26 15:01:07.416,16983,16985,16985,1,1
2021-08-26 15:01:07.416,16983,16985,16985,1,1
2021-08-26 15:01:08.361,16984,16986,16984,1,-1
2021-08-26 15:01:08.782,16983,16985,16983,1,-1
2021-08-26 15:01:09.502,16983,16985,16985,1,1
2021-08-26 15:01:09.924,16983,16985,16985,4,4
2021-08-26 15:01:09.926,16983,16985,16985,6,6
2021-08-26 15:01:12.138,16984,16985,16984,1,-1
2021-08-26 15:01:12.138,16984,16985,16983,9,-9
2021-08-26 15:01:12.454,16983,16984,16983,1,-1
2021-08-26 15:01:12.455,16983,16984,16983,2,-2
2021-08-26 15:01:13.251,16981,16983,16981,1,-1
2021-08-26 15:01:13.593,16980,16983,16983,1,1
2021-08-26 15:01:14.818,16980,16981,16981,1,1
2021-08-26 15:01:15.162,16980,16981,16981,1,1
2021-08-26 15:01:15.166,16980,16981,16980,1,-1
2021-08-26 15:01:16.936,16979,16980,16979,1,-1
2021-08-26 15:01:17.911,16977,16979,16979,6,6
2021-08-26 15:01:17.911,16977,16979,16980,5,5
2021-08-26 15:01:20.466,16977,16980,16980,4,4
2021-08-26 15:01:20.466,16977,16980,16980,1,1
2021-08-26 15:01:25.520,16978,16980,16980,3,3
2021-08-26 15:01:25.520,16978,16980,16981,1,1
2021-08-26 15:01:25.905,16978,16981,16978,1,-1
2021-08-26 15:01:26.184,16978,16981,16978,5,-5
2021-08-26 15:01:26.184,16978,16981,16978,2,-2
2021-08-26 15:01:26.185,16978,16981,16978,1,-1
2021-08-26 15:01:26.185,16978,16981,16978,2,-2
2021-08-26 15:01:26.418,16978,16980,16978,1,-1
2021-08-26 15:01:29.022,16978,16980,16978,1,-1
2021-08-26 15:01:30.445,16979,16980,16979,1,1
2021-08-26 15:01:30.962,16978,16980,16978,2,-2
2021-08-26 15:01:32.743,16977,16978,16977,1,-1
2021-08-26 15:01:33.112,16977,16978,16978,1,1
2021-08-26 15:01:33.239,16977,16978,16978,1,1
2021-08-26 15:01:34.041,16977,16978,16977,5,-5
2021-08-26 15:01:34.432,16977,16978,16978,1,1
2021-08-26 15:01:34.852,16977,16978,16977,1,-1
2021-08-26 15:01:34.981,16976,16978,16978,3,3
2021-08-26 15:01:35.125,16976,16978,16978,1,1
2021-08-26 15:01:36.110,16976,16978,16976,1,-1
2021-08-26 15:01:36.859,16976,16978,16977,1,1
2021-08-26 15:01:38.161,16977,16978,16977,1,-1
2021-08-26 15:01:38.161,16977,16978,16977,1,-1
2021-08-26 15:01:39.500,16976,16977,16976,1,-1
2021-08-26 15:01:40.434,16976,16977,16977,1,1
2021-08-26 15:01:41.230,16976,16977,16977,1,1
2021-08-26 15:01:42.160,16976,16978,16977,1,-1
2021-08-26 15:01:43.707,16976,16977,16977,1,1
2021-08-26 15:01:43.707,16976,16977,16978,1,1
2021-08-26 15:01:45.553,16976,16977,16976,7,-7
2021-08-26 15:01:47.163,16975,16976,16975,6,-6
2021-08-26 15:01:47.181,16975,16976,16975,1,-1
2021-08-26 15:01:49.941,16974,16976,16974,2,-2
2021-08-26 15:01:50.301,16974,16976,16974,1,-1
2021-08-26 15:01:50.301,16974,16976,16973,4,-4
2021-08-26 15:01:52.291,16974,16975,16974,2,2
2021-08-26 15:01:57.293,16973,16974,16973,6,-6
2021-08-26 15:01:58.224,16972,16974,16972,1,-1
2021-08-26 15:01:59.371,16972,16974,16972,1,-1
2021-08-26 15:02:00.093,16972,16973,16973,2,2
2021-08-26 15:02:00.236,16972,16973,16972,1,-1
2021-08-26 15:02:01.048,16972,16973,16972,2,-2
2021-08-26 15:02:01.838,16971,16972,16971,1,-1
2021-08-26 15:02:02.923,16971,16972,16971,8,-8
2021-08-26 15:02:04.340,16970,16971,16970,3,-3
2021-08-26 15:02:04.377,16970,16971,16970,16,-16
2021-08-26 15:02:04.378,16970,16971,16970,1,-1
2021-08-26 15:02:04.378,16970,16971,16970,1,-1
2021-08-26 15:02:05.326,16969,16970,16970,1,1
2021-08-26 15:02:06.937,16969,16970,16969,1,-1
2021-08-26 15:02:07.107,16969,16970,16969,2,-2
2021-08-26 15:02:07.230,16968,16970,16968,1,-1
2021-08-26 15:02:07.260,16968,16970,16968,1,-1
2021-08-26 15:02:07.436,16968,16970,16969,1,1
2021-08-26 15:02:08.759,16968,16969,16968,5,-5
2021-08-26 15:02:09.050,16967,16968,16968,3,3
2021-08-26 15:02:09.751,16967,16969,16967,1,-1
2021-08-26 15:02:10.002,16968,16969,16969,4,4
2021-08-26 15:02:10.140,16968,16970,16968,1,-1
2021-08-26 15:02:10.336,16968,16970,16968,1,-1
2021-08-26 15:02:10.432,16968,16970,16968,1,-1
2021-08-26 15:02:11.734,16968,16970,16970,1,1
2021-08-26 15:02:11.923,16968,16970,16968,1,-1
2021-08-26 15:02:14.455,16969,16970,16969,1,1
2021-08-26 15:02:16.361,16968,16969,16968,5,-5
2021-08-26 15:02:16.405,16967,16969,16969,3,3
2021-08-26 15:02:16.835,16968,16969,16968,2,-2
2021-08-26 15:02:19.753,16968,16969,16968,1,-1
2021-08-26 15:02:19.849,16968,16969,16969,1,1
2021-08-26 15:02:20.100,16968,16969,16968,1,-1
2021-08-26 15:02:20.270,16968,16969,16969,12,12
2021-08-26 15:02:20.952,16969,16970,16969,1,-1
2021-08-26 15:02:22.007,16968,16970,16968,1,-1
2021-08-26 15:02:22.528,16968,16969,16969,1,1
2021-08-26 15:02:23.101,16969,16970,16969,1,-1
2021-08-26 15:02:32.715,16968,16970,16968,7,-7
2021-08-26 15:02:32.716,16968,16970,16968,1,-1
2021-08-26 15:02:34.263,16968,16969,16968,1,-1
2021-08-26 15:02:34.410,16967,16968,16968,2,2
2021-08-26 15:02:34.410,16967,16968,16969,1,1
2021-08-26 15:02:40.784,16968,16970,16968,5,-5
2021-08-26 15:02:40.785,16968,16970,16968,4,-4
2021-08-26 15:02:40.785,16968,16970,16968,1,-1
2021-08-26 15:02:40.786,16968,16970,16968,1,-1
2021-08-26 15:02:42.018,16967,16969,16969,1,1
2021-08-26 15:02:44.698,16968,16969,16969,1,1
2021-08-26 15:02:44.698,16968,16969,16970,1,1
2021-08-26 15:02:45.010,16968,16969,16969,1,1
2021-08-26 15:02:45.474,16968,16969,16969,1,1
2021-08-26 15:02:45.580,16968,16970,16970,1,1
2021-08-26 15:02:45.808,16968,16970,16970,4,4
2021-08-26 15:02:45.916,16970,16971,16970,1,-1
2021-08-26 15:02:47.731,16970,16971,16970,7,-7
2021-08-26 15:02:47.731,16970,16971,16969,3,-3
2021-08-26 15:02:47.731,16970,16971,16971,2,2
2021-08-26 15:02:49.161,16970,16972,16970,1,-1
2021-08-26 15:02:49.372,16970,16972,16970,1,-1
2021-08-26 15:02:53.329,16971,16972,16971,1,1
2021-08-26 15:02:53.998,16970,16971,16971,1,1
2021-08-26 15:02:54.658,16970,16971,16971,1,1
2021-08-26 15:02:55.986,16970,16971,16970,1,-1
2021-08-26 15:02:56.044,16970,16971,16970,1,-1
2021-08-26 15:02:56.128,16969,16970,16970,1,1
2021-08-26 15:02:56.999,16969,16970,16970,1,1
2021-08-26 15:02:57.084,16969,16970,16969,1,-1
2021-08-26 15:02:57.590,16968,16969,16969,1,1
2021-08-26 15:02:57.602,16968,16969,16969,1,1
2021-08-26 15:02:57.748,16968,16969,16969,1,1
2021-08-26 15:02:59.362,16968,16969,16968,1,-1
2021-08-26 15:02:59.363,16968,16969,16968,2,-2
2021-08-26 15:03:00.136,16967,16968,16968,2,2
2021-08-26 15:03:01.107,16967,16968,16967,4,-4
2021-08-26 15:03:01.108,16967,16968,16967,1,-1
2021-08-26 15:03:01.336,16966,16967,16967,3,3
2021-08-26 15:03:01.795,16966,16968,16966,1,-1
2021-08-26 15:03:03.033,16966,16968,16966,1,-1
2021-08-26 15:03:03.836,16967,16968,16968,3,3
2021-08-26 15:03:03.836,16967,16968,16969,2,2
2021-08-26 15:03:05.203,16967,16968,16967,1,-1
2021-08-26 15:03:05.309,16966,16968,16966,3,-3
2021-08-26 15:03:06.487,16966,16967,16966,5,-5
2021-08-26 15:03:08.376,16966,16967,16966,4,-4
2021-08-26 15:03:08.377,16966,16967,16966,2,-2
2021-08-26 15:03:09.145,16965,16967,16965,10,-10
2021-08-26 15:03:09.148,16965,16967,16965,3,-3
2021-08-26 15:03:11.074,16965,16966,16966,3,3
2021-08-26 15:03:12.173,16966,16967,16967,2,2
2021-08-26 15:03:13.028,16966,16967,16966,3,-3
2021-08-26 15:03:13.352,16965,16966,16966,2,2
2021-08-26 15:03:15.360,16965,16966,16965,1,-1
2021-08-26 15:03:15.360,16965,16966,16964,2,-2
2021-08-26 15:03:15.545,16964,16966,16964,1,-1
2021-08-26 15:03:15.578,16964,16966,16964,4,-4
2021-08-26 15:03:15.578,16964,16966,16963,9,-9
2021-08-26 15:03:15.722,16963,16965,16966,1,1
2021-08-26 15:03:16.877,16965,16966,16966,5,5
2021-08-26 15:03:17.942,16965,16967,16965,1,-1
2021-08-26 15:03:19.210,16966,16967,16967,2,2
2021-08-26 15:03:19.474,16966,16967,16966,1,-1
2021-08-26 15:03:19.474,16966,16967,16965,3,-3
2021-08-26 15:03:19.475,16966,16967,16965,6,-6
2021-08-26 15:03:20.223,16965,16966,16966,1,1
2021-08-26 15:03:20.224,16965,16966,16966,1,1
2021-08-26 15:03:21.337,16965,16966,16966,1,1
2021-08-26 15:03:21.390,16965,16966,16966,1,1
2021-08-26 15:03:21.518,16965,16966,16965,1,-1
2021-08-26 15:03:22.556,16964,16966,16964,2,-2
2021-08-26 15:03:22.556,16964,16966,16963,3,-3
2021-08-26 15:03:23.628,16964,16966,16964,1,1
2021-08-26 15:03:27.131,16965,16966,16965,1,1
2021-08-26 15:03:28.127,16965,16966,16966,3,3
2021-08-26 15:03:28.273,16965,16967,16965,4,-4
2021-08-26 15:03:28.274,16965,16967,16965,3,-3
2021-08-26 15:03:28.274,16965,16967,16965,3,-3
2021-08-26 15:03:29.881,16965,16966,16966,1,1
2021-08-26 15:03:30.137,16965,16966,16965,1,-1
2021-08-26 15:03:30.811,16963,16965,16965,1,1
2021-08-26 15:03:33.351,16963,16965,16963,4,-4
2021-08-26 15:03:33.351,16963,16965,16962,1,-1
2021-08-26 15:03:33.590,16962,16964,16962,2,-2
2021-08-26 15:03:34.920,16962,16963,16963,1,1
2021-08-26 15:03:34.990,16962,16963,16964,1,1
2021-08-26 15:03:36.129,16962,16963,16962,1,-1
2021-08-26 15:03:36.129,16962,16963,16962,1,-1
2021-08-26 15:03:36.129,16962,16963,16962,1,-1
2021-08-26 15:03:36.130,16962,16963,16962,1,-1
2021-08-26 15:03:36.516,16961,16962,16962,1,1
2021-08-26 15:03:36.738,16961,16963,16961,1,-1
2021-08-26 15:03:36.898,16961,16963,16963,1,1
2021-08-26 15:03:37.159,16961,16963,16961,5,-5
2021-08-26 15:03:38.462,16961,16963,16961,1,-1
2021-08-26 15:03:38.769,16961,16963,16961,1,-1
2021-08-26 15:03:38.878,16961,16962,16962,1,1
2021-08-26 15:03:39.965,16961,16963,16963,1,1
2021-08-26 15:03:40.656,16961,16964,16961,1,-1
2021-08-26 15:03:41.113,16962,16964,16962,1,1
2021-08-26 15:03:41.379,16962,16964,16962,1,-1
2021-08-26 15:03:47.161,16962,16964,16962,1,-1
2021-08-26 15:03:47.161,16962,16964,16962,1,-1
2021-08-26 15:03:47.161,16962,16964,16962,5,-5
2021-08-26 15:03:47.161,16962,16964,16962,1,-1
2021-08-26 15:03:47.161,16962,16964,16962,2,-2
2021-08-26 15:03:49.567,16962,16963,16962,1,-1
2021-08-26 15:03:50.806,16961,16962,16962,1,1
2021-08-26 15:03:51.141,16961,16962,16961,3,-3
2021-08-26 15:03:51.740,16960,16961,16960,2,-2
2021-08-26 15:03:51.767,16960,16961,16960,1,-1
2021-08-26 15:03:51.936,16960,16961,16960,1,-1
2021-08-26 15:03:52.553,16960,16961,16961,2,2
2021-08-26 15:03:53.689,16961,16962,16961,4,-4
2021-08-26 15:03:53.915,16960,16961,16961,1,1
2021-08-26 15:03:54.018,16960,16961,16960,1,-1
2021-08-26 15:03:54.276,16960,16961,16961,4,4
2021-08-26 15:03:54.378,16961,16962,16962,3,3
2021-08-26 15:03:54.611,16961,16963,16961,1,-1
2021-08-26 15:03:56.329,16961,16962,16961,1,-1
2021-08-26 15:03:56.503,16961,16962,16961,1,-1
2021-08-26 15:03:57.581,16961,16962,16962,1,1
2021-08-26 15:03:58.765,16961,16963,16963,6,6
2021-08-26 15:03:58.832,16961,16963,16962,1,-1
2021-08-26 15:03:58.849,16961,16963,16964,1,1
2021-08-26 15:03:59.193,16963,16964,16963,1,-1
2021-08-26 15:04:02.046,16963,16964,16963,1,-1
2021-08-26 15:04:02.046,16963,16964,16962,1,-1
2021-08-26 15:04:02.187,16962,16964,16964,1,1
2021-08-26 15:04:05.328,16963,16964,16963,1,-1
2021-08-26 15:04:05.380,16963,16964,16964,1,1
2021-08-26 15:04:05.380,16963,16964,16964,1,1
2021-08-26 15:04:05.380,16963,16964,16964,3,3
2021-08-26 15:04:05.380,16963,16964,16964,6,6
2021-08-26 15:04:05.380,16963,16964,16964,4,4
2021-08-26 15:04:05.591,16964,16965,16965,1,1
2021-08-26 15:04:07.377,16962,16964,16964,1,1
2021-08-26 15:04:11.139,16963,16964,16964,1,1
2021-08-26 15:04:13.723,16963,16964,16963,2,-2
2021-08-26 15:04:14.922,16963,16964,16963,3,-3
2021-08-26 15:04:15.665,16962,16963,16962,2,-2
2021-08-26 15:04:16.637,16962,16963,16962,1,-1
2021-08-26 15:04:18.638,16962,16963,16963,1,1
2021-08-26 15:04:18.754,16962,16963,16963,1,1
2021-08-26 15:04:18.962,16962,16963,16962,3,-3
2021-08-26 15:04:19.284,16962,16963,16963,2,2
2021-08-26 15:04:22.175,16962,16963,16963,3,3
2021-08-26 15:04:22.175,16962,16963,16964,2,2
2021-08-26 15:04:23.377,16962,16963,16963,1,1
2021-08-26 15:04:26.046,16962,16964,16964,1,1
2021-08-26 15:04:27.804,16962,16964,16962,3,-3
2021-08-26 15:04:27.931,16962,16964,16964,1,1
2021-08-26 15:04:29.867,16962,16964,16962,2,-2
2021-08-26 15:04:30.628,16963,16964,16964,5,5
2021-08-26 15:04:32.034,16963,16964,16964,1,1
2021-08-26 15:04:32.035,16963,16964,16964,9,9
2021-08-26 15:04:32.962,16964,16965,16964,1,-1
2021-08-26 15:04:34.840,16964,16965,16964,1,-1
2021-08-26 15:04:35.264,16963,16965,16964,1,-1
2021-08-26 15:04:37.189,16963,16964,16964,1,1
2021-08-26 15:04:37.697,16964,16965,16964,1,-1
2021-08-26 15:04:39.875,16964,16965,16964,1,-1
2021-08-26 15:04:39.880,16964,16965,16965,1,1
2021-08-26 15:04:40.178,16964,16965,16964,1,-1
2021-08-26 15:04:42.295,16964,16965,16965,10,10
2021-08-26 15:04:43.108,16965,16966,16966,7,7
2021-08-26 15:04:47.979,16964,16966,16966,1,1
2021-08-26 15:04:48.770,16964,16965,16964,1,-1
2021-08-26 15:04:50.656,16964,16965,16964,2,-2
2021-08-26 15:04:50.664,16964,16965,16963,6,-6
2021-08-26 15:04:50.664,16964,16965,16963,1,-1
2021-08-26 15:04:50.665,16964,16965,16963,2,-2
2021-08-26 15:04:50.665,16964,16965,16963,1,-1
2021-08-26 15:04:50.665,16964,16965,16963,11,-11
2021-08-26 15:04:53.876,16962,16963,16962,4,-4
2021-08-26 15:04:53.877,16962,16963,16962,3,-3
2021-08-26 15:04:54.627,16961,16962,16961,16,-16
2021-08-26 15:04:54.628,16961,16962,16961,1,-1
2021-08-26 15:04:54.628,16961,16962,16961,10,-10
2021-08-26 15:04:56.004,16960,16961,16961,3,3
2021-08-26 15:04:56.460,16960,16961,16960,5,-5
2021-08-26 15:04:56.461,16960,16961,16960,1,-1
2021-08-26 15:04:56.461,16960,16961,16960,6,-6
2021-08-26 15:04:56.461,16960,16961,16960,5,-5
2021-08-26 15:04:56.461,16960,16961,16960,1,-1
2021-08-26 15:04:56.461,16960,16961,16960,9,-9
2021-08-26 15:04:56.463,16960,16961,16959,1,-1
2021-08-26 15:04:56.463,16960,16961,16959,1,-1
2021-08-26 15:04:57.113,16958,16959,16958,11,-11
2021-08-26 15:04:57.155,16956,16958,16956,2,-2
2021-08-26 15:04:57.279,16956,16958,16956,1,-1
2021-08-26 15:04:57.538,16956,16958,16956,1,-1
2021-08-26 15:04:57.658,16956,16958,16956,1,-1
2021-08-26 15:04:57.741,16956,16958,16956,1,-1
2021-08-26 15:04:57.741,16956,16958,16956,5,-5
2021-08-26 15:04:57.742,16956,16958,16956,1,-1
2021-08-26 15:04:57.805,16955,16957,16955,1,-1
2021-08-26 15:04:57.842,16955,16957,16955,1,-1
2021-08-26 15:04:57.851,16955,16957,16955,1,-1
2021-08-26 15:04:57.892,16955,16957,16955,1,-1
2021-08-26 15:04:57.977,16955,16957,16956,1,1
2021-08-26 15:04:58.135,16956,16957,16956,1,-1
2021-08-26 15:04:58.232,16956,16957,16955,2,-2
2021-08-26 15:04:58.383,16955,16956,16955,1,-1
2021-08-26 15:04:58.707,16954,16956,16955,1,-1
2021-08-26 15:04:58.891,16954,16956,16956,2,2
2021-08-26 15:04:59.387,16955,16956,16956,1,1
2021-08-26 15:04:59.467,16955,16956,16955,1,-1
2021-08-26 15:04:59.467,16955,16956,16954,1,-1
2021-08-26 15:04:59.870,16954,16956,16954,1,-1
2021-08-26 15:04:59.884,16954,16956,16954,1,-1
2021-08-26 15:04:59.957,16954,16956,16954,1,-1
2021-08-26 15:04:59.970,16954,16956,16954,1,-1
2021-08-26 15:05:00.113,16954,16956,16954,1,-1
2021-08-26 15:05:00.186,16954,16956,16953,1,-1
2021-08-26 15:05:00.197,16954,16956,16953,1,-1
2021-08-26 15:05:00.250,16954,16956,16955,1,1
2021-08-26 15:05:00.250,16954,16956,16953,1,-1
2021-08-26 15:05:00.254,16953,16955,16953,1,-1
2021-08-26 15:05:00.308,16953,16955,16953,1,-1
2021-08-26 15:05:00.395,16953,16955,16955,1,1
2021-08-26 15:05:00.456,16953,16955,16955,5,5
2021-08-26 15:05:00.456,16953,16955,16956,3,3
2021-08-26 15:05:00.650,16954,16956,16956,1,1
2021-08-26 15:05:00.665,16954,16956,16957,1,1
2021-08-26 15:05:01.071,16956,16958,16958,1,1
2021-08-26 15:05:01.086,16956,16958,16956,2,-2
2021-08-26 15:05:01.094,16956,16958,16955,1,-1
2021-08-26 15:05:01.122,16956,16958,16957,1,1
2021-08-26 15:05:01.126,16956,16958,16957,1,-1
2021-08-26 15:05:01.708,16956,16959,16956,1,-1
2021-08-26 15:05:01.792,16956,16959,16956,2,-2
2021-08-26 15:05:02.246,16956,16959,16959,1,1
2021-08-26 15:05:02.251,16956,16959,16957,1,-1
2021-08-26 15:05:02.831,16957,16959,16957,1,-1
2021-08-26 15:05:04.237,16957,16959,16959,2,2
2021-08-26 15:05:04.804,16957,16959,16957,1,-1
2021-08-26 15:05:05.234,16957,16959,16957,1,-1
2021-08-26 15:05:05.699,16957,16959,16957,1,-1
2021-08-26 15:05:09.176,16956,16957,16956,2,-2
2021-08-26 15:05:10.106,16956,16957,16957,1,1
2021-08-26 15:05:10.595,16956,16957,16956,3,-3
2021-08-26 15:05:11.705,16955,16956,16955,1,-1
2021-08-26 15:05:12.439,16954,16955,16955,1,1
2021-08-26 15:05:13.451,16955,16956,16955,2,-2
2021-08-26 15:05:13.714,16954,16956,16954,1,-1
2021-08-26 15:05:13.837,16954,16956,16954,1,-1
2021-08-26 15:05:13.841,16954,16956,16956,1,1
2021-08-26 15:05:13.862,16954,16956,16954,1,-1
2021-08-26 15:05:13.887,16954,16957,16954,1,-1
2021-08-26 15:05:14.145,16954,16955,16955,1,1
2021-08-26 15:05:14.383,16954,16957,16954,2,-2
2021-08-26 15:05:15.443,16955,16957,16955,1,1
2021-08-26 15:05:15.782,16954,16957,16954,1,-1
2021-08-26 15:05:15.862,16954,16957,16955,1,1
2021-08-26 15:05:16.184,16955,16956,16956,1,1
2021-08-26 15:05:17.285,16955,16956,16956,1,1
2021-08-26 15:05:18.043,16955,16957,16956,5,-5
2021-08-26 15:05:18.043,16955,16957,16955,5,-5
2021-08-26 15:05:19.310,16956,16958,16956,1,1
2021-08-26 15:05:20.333,16956,16958,16956,1,-1
2021-08-26 15:05:22.543,16956,16958,16958,2,2
2021-08-26 15:05:22.710,16958,16959,16958,1,-1
2021-08-26 15:05:23.167,16958,16959,16958,2,-2
2021-08-26 15:05:23.167,16958,16959,16957,5,-5
2021-08-26 15:05:23.167,16958,16959,16956,3,-3
2021-08-26 15:05:24.278,16957,16959,16959,3,3
2021-08-26 15:05:25.299,16959,16960,16960,2,2
2021-08-26 15:05:29.097,16960,16962,16962,5,5
2021-08-26 15:05:30.429,16960,16962,16960,1,-1
2021-08-26 15:05:31.001,16961,16962,16962,2,2
2021-08-26 15:05:32.501,16961,16963,16962,1,-1
2021-08-26 15:05:32.502,16962,16963,16963,6,6
2021-08-26 15:05:34.588,16963,16964,16963,1,-1
2021-08-26 15:05:35.398,16963,16964,16963,1,-1
2021-08-26 15:05:35.398,16963,16964,16962,4,-4
2021-08-26 15:05:35.399,16963,16964,16962,1,-1
2021-08-26 15:05:35.399,16963,16964,16962,1,-1
2021-08-26 15:05:35.399,16963,16964,16962,3,-3
2021-08-26 15:05:36.877,16962,16963,16963,1,1
2021-08-26 15:05:39.264,16963,16964,16964,5,5
2021-08-26 15:05:39.500,16963,16964,16963,1,-1
2021-08-26 15:05:39.521,16963,16964,16963,1,-1
2021-08-26 15:05:39.521,16963,16964,16962,2,-2
2021-08-26 15:05:39.521,16963,16964,16962,2,-2
2021-08-26 15:05:39.522,16963,16964,16962,1,-1
2021-08-26 15:05:39.522,16963,16964,16962,4,-4
2021-08-26 15:05:42.877,16963,16964,16964,1,1
2021-08-26 15:05:45.004,16963,16964,16964,1,1
2021-08-26 15:05:45.062,16963,16964,16965,5,5
2021-08-26 15:05:48.141,16963,16965,16963,10,-10
2021-08-26 15:05:49.705,16964,16965,16965,5,5
2021-08-26 15:05:49.751,16964,16965,16966,1,1
2021-08-26 15:05:49.751,16964,16965,16966,1,1
2021-08-26 15:05:50.143,16965,16966,16966,1,1
2021-08-26 15:05:50.383,16966,16967,16966,1,-1
2021-08-26 15:05:50.590,16966,16967,16966,1,-1
2021-08-26 15:05:52.123,16966,16967,16966,1,-1
2021-08-26 15:05:53.320,16966,16967,16967,1,1
2021-08-26 15:05:53.320,16966,16967,16967,9,9
2021-08-26 15:05:53.926,16966,16968,16966,1,-1
2021-08-26 15:05:55.063,16966,16967,16966,1,-1
2021-08-26 15:05:55.063,16966,16967,16965,1,-1
2021-08-26 15:05:55.424,16965,16967,16965,1,-1
2021-08-26 15:05:55.752,16966,16967,16967,1,1
2021-08-26 15:05:56.537,16966,16968,16966,5,-5
2021-08-26 15:05:56.538,16966,16968,16966,1,-1
2021-08-26 15:05:56.538,16966,16968,16966,2,-2
2021-08-26 15:05:56.538,16966,16968,16966,1,-1
2021-08-26 15:05:56.538,16966,16968,16966,1,-1
2021-08-26 15:05:56.538,16966,16968,16966,1,-1
2021-08-26 15:05:56.538,16966,16968,16966,1,-1
2021-08-26 15:05:56.538,16966,16968,16966,6,-6
2021-08-26 15:05:56.538,16966,16968,16966,1,-1
2021-08-26 15:05:56.538,16966,16968,16966,12,-12
2021-08-26 15:05:56.776,16965,16966,16965,1,-1
2021-08-26 15:05:57.396,16964,16966,16966,1,1
2021-08-26 15:05:58.494,16964,16965,16965,1,1
2021-08-26 15:05:59.342,16964,16965,16965,3,3
2021-08-26 15:05:59.342,16964,16965,16966,2,2
2021-08-26 15:05:59.754,16965,16966,16966,2,2
2021-08-26 15:05:59.754,16965,16966,16967,2,2
2021-08-26 15:06:01.229,16966,16967,16967,1,1
2021-08-26 15:06:04.753,16967,16968,16968,2,2
2021-08-26 15:06:06.690,16967,16968,16968,1,1
2021-08-26 15:06:07.446,16968,16969,16969,1,1
2021-08-26 15:06:07.446,16968,16969,16969,4,4
2021-08-26 15:06:07.686,16969,16970,16969,1,-1
2021-08-26 15:06:08.287,16969,16970,16970,2,2
2021-08-26 15:06:08.401,16969,16970,16970,1,1
2021-08-26 15:06:09.715,16969,16970,16970,5,5
2021-08-26 15:06:10.252,16970,16971,16971,1,1
2021-08-26 15:06:11.766,16971,16972,16972,1,1
2021-08-26 15:06:11.946,16971,16972,16972,1,1
2021-08-26 15:06:11.946,16971,16972,16972,2,2
2021-08-26 15:06:12.859,16972,16973,16972,1,-1
2021-08-26 15:06:15.079,16972,16973,16972,2,-2
2021-08-26 15:06:15.434,16971,16972,16971,2,-2
2021-08-26 15:06:15.434,16971,16972,16971,1,-1
2021-08-26 15:06:15.434,16971,16972,16971,2,-2
2021-08-26 15:06:15.435,16971,16972,16971,1,-1
2021-08-26 15:06:15.435,16971,16972,16971,12,-12
2021-08-26 15:06:15.435,16971,16972,16971,2,-2
2021-08-26 15:06:18.492,16970,16971,16970,3,-3
2021-08-26 15:06:18.492,16970,16971,16970,2,-2
2021-08-26 15:06:18.494,16970,16971,16970,6,-6
2021-08-26 15:06:18.888,16968,16970,16970,5,5
2021-08-26 15:06:21.731,16968,16969,16968,1,-1
2021-08-26 15:06:28.867,16968,16969,16968,1,-1
2021-08-26 15:06:30.827,16966,16968,16968,1,1
2021-08-26 15:06:31.692,16966,16968,16968,1,1
2021-08-26 15:06:34.583,16968,16969,16968,2,-2
2021-08-26 15:06:35.384,16968,16969,16968,4,-4
2021-08-26 15:06:36.649,16965,16967,16965,1,-1
2021-08-26 15:06:39.436,16965,16966,16966,1,1
2021-08-26 15:06:43.897,16968,16969,16969,5,5
2021-08-26 15:06:43.897,16968,16969,16969,1,1
2021-08-26 15:06:43.897,16968,16969,16969,3,3
2021-08-26 15:06:45.093,16968,16970,16968,1,-1
2021-08-26 15:06:48.836,16968,16969,16969,1,1
2021-08-26 15:06:50.079,16968,16969,16969,1,1
2021-08-26 15:06:50.326,16968,16969,16969,3,3
2021-08-26 15:06:50.852,16968,16970,16968,1,-1
2021-08-26 15:06:50.852,16968,16970,16968,1,-1
2021-08-26 15:06:51.167,16967,16968,16967,1,-1
2021-08-26 15:06:51.520,16967,16968,16968,2,2
2021-08-26 15:06:51.521,16967,16968,16968,3,3
2021-08-26 15:06:55.761,16967,16968,16967,3,-3
2021-08-26 15:06:56.147,16965,16968,16968,1,1
2021-08-26 15:06:57.878,16965,16968,16968,1,1
2021-08-26 15:06:59.842,16965,16968,16968,2,2
2021-08-26 15:07:00.443,16966,16967,16967,1,1
2021-08-26 15:07:00.628,16966,16969,16969,2,2
2021-08-26 15:07:00.629,16966,16969,16969,1,1
2021-08-26 15:07:00.650,16966,16969,16969,1,1
2021-08-26 15:07:00.650,16966,16969,16969,1,1
2021-08-26 15:07:00.659,16966,16969,16969,1,1
2021-08-26 15:07:00.661,16966,16969,16969,1,1
2021-08-26 15:07:00.666,16966,16969,16969,1,1
2021-08-26 15:07:00.667,16966,16969,16969,1,1
2021-08-26 15:07:00.672,16966,16969,16969,1,1
2021-08-26 15:07:00.672,16966,16969,16970,3,3
2021-08-26 15:07:00.678,16966,16969,16970,1,1
2021-08-26 15:07:00.684,16966,16969,16970,1,1
2021-08-26 15:07:00.718,16966,16969,16970,1,1
2021-08-26 15:07:00.718,16966,16969,16970,1,1
2021-08-26 15:07:00.731,16966,16969,16970,1,1
2021-08-26 15:07:00.737,16966,16969,16970,1,1
2021-08-26 15:07:00.739,16966,16969,16971,1,1
2021-08-26 15:07:00.760,16969,16971,16971,1,1
2021-08-26 15:07:00.792,16969,16971,16971,1,1
2021-08-26 15:07:00.834,16969,16971,16971,1,1
2021-08-26 15:07:00.840,16969,16971,16971,1,1
2021-08-26 15:07:00.914,16970,16971,16971,2,2
2021-08-26 15:07:00.914,16970,16971,16972,1,1
2021-08-26 15:07:00.961,16970,16971,16972,3,3
2021-08-26 15:07:00.976,16970,16971,16972,3,3
2021-08-26 15:07:01.056,16970,16972,16972,1,1
2021-08-26 15:07:01.111,16970,16972,16972,1,1
2021-08-26 15:07:01.224,16970,16972,16972,1,1
2021-08-26 15:07:01.284,16970,16972,16972,1,1
2021-08-26 15:07:02.795,16970,16972,16970,1,-1
2021-08-26 15:07:04.538,16968,16971,16971,1,1
2021-08-26 15:07:07.468,16966,16968,16968,4,4
2021-08-26 15:07:11.113,16966,16968,16966,1,-1
2021-08-26 15:07:11.114,16966,16968,16966,1,-1
2021-08-26 15:07:13.983,16965,16966,16965,4,-4
2021-08-26 15:07:14.355,16964,16966,16964,1,-1
2021-08-26 15:07:14.970,16964,16966,16964,1,-1
2021-08-26 15:07:17.070,16964,16965,16965,1,1
2021-08-26 15:07:17.679,16964,16966,16966,1,1
2021-08-26 15:07:17.762,16964,16967,16964,1,-1
2021-08-26 15:07:20.454,16965,16966,16966,1,1
2021-08-26 15:07:25.784,16965,16968,16966,1,-1
2021-08-26 15:07:28.752,16964,16966,16964,1,-1
2021-08-26 15:07:29.615,16964,16966,16964,2,-2
2021-08-26 15:07:31.503,16963,16965,16963,1,-1
2021-08-26 15:07:36.267,16963,16964,16963,1,-1
2021-08-26 15:07:36.431,16963,16964,16964,1,1
2021-08-26 15:07:37.618,16963,16966,16963,2,-2
2021-08-26 15:07:42.161,16962,16963,16962,2,-2
2021-08-26 15:07:42.439,16962,16963,16962,3,-3
2021-08-26 15:07:43.042,16962,16963,16962,2,-2
2021-08-26 15:07:43.988,16961,16962,16962,1,1
2021-08-26 15:07:44.601,16961,16962,16961,1,-1
2021-08-26 15:07:50.869,16960,16961,16960,5,-5
2021-08-26 15:07:50.871,16960,16961,16960,1,-1
2021-08-26 15:07:51.287,16960,16961,16960,1,-1
2021-08-26 15:07:52.186,16960,16961,16960,1,-1
2021-08-26 15:07:53.407,16960,16961,16960,1,-1
2021-08-26 15:07:54.817,16960,16961,16961,1,1
2021-08-26 15:07:54.974,16960,16961,16960,1,-1
2021-08-26 15:07:56.088,16960,16961,16960,1,-1
2021-08-26 15:07:56.348,16960,16961,16960,1,-1
2021-08-26 15:07:56.348,16960,16961,16960,5,-5
2021-08-26 15:07:56.349,16960,16961,16960,3,-3
2021-08-26 15:07:56.353,16960,16961,16959,1,-1
2021-08-26 15:07:56.353,16960,16961,16959,2,-2
2021-08-26 15:07:59.347,16959,16960,16959,1,-1
2021-08-26 15:08:00.084,16959,16960,16960,1,1
2021-08-26 15:08:00.795,16960,16961,16961,2,2
2021-08-26 15:08:01.005,16960,16962,16960,1,-1
2021-08-26 15:08:03.853,16959,16960,16960,1,1
2021-08-26 15:08:05.144,16959,16960,16959,1,-1
2021-08-26 15:08:06.275,16959,16960,16959,1,-1
2021-08-26 15:08:07.305,16958,16959,16958,1,-1
2021-08-26 15:08:07.808,16958,16959,16959,1,1
2021-08-26 15:08:10.199,16958,16960,16958,3,-3
2021-08-26 15:08:10.913,16958,16959,16958,1,-1
2021-08-26 15:08:13.477,16957,16959,16959,1,1
2021-08-26 15:08:14.272,16957,16958,16958,1,1
2021-08-26 15:08:14.441,16957,16958,16958,1,1
2021-08-26 15:08:16.332,16957,16958,16958,3,3
2021-08-26 15:08:16.428,16957,16959,16957,1,-1
2021-08-26 15:08:17.429,16957,16958,16958,1,1
2021-08-26 15:08:17.451,16957,16958,16957,1,-1
2021-08-26 15:08:18.213,16958,16959,16959,1,1
2021-08-26 15:08:21.526,16958,16960,16958,2,-2
2021-08-26 15:08:26.704,16959,16960,16960,3,3
2021-08-26 15:08:26.704,16959,16960,16961,2,2
2021-08-26 15:08:28.615,16960,16962,16962,1,1
2021-08-26 15:08:30.435,16961,16963,16961,1,-1
2021-08-26 15:08:33.416,16961,16962,16961,2,-2
2021-08-26 15:08:33.531,16961,16962,16961,3,-3
2021-08-26 15:08:34.435,16960,16962,16960,1,-1
2021-08-26 15:08:46.033,16958,16960,16960,1,1
2021-08-26 15:08:46.125,16958,16960,16960,5,5
2021-08-26 15:08:49.296,16958,16959,16959,1,1
2021-08-26 15:08:49.368,16958,16959,16960,1,1
2021-08-26 15:08:51.193,16958,16960,16960,9,9
2021-08-26 15:08:51.193,16958,16960,16961,1,1
2021-08-26 15:08:51.375,16958,16960,16960,4,4
2021-08-26 15:08:51.375,16958,16960,16961,6,6
2021-08-26 15:08:55.456,16959,16960,16960,1,1
2021-08-26 15:08:57.061,16959,16961,16961,1,1
2021-08-26 15:08:57.134,16961,16962,16961,1,-1
2021-08-26 15:08:57.134,16961,16962,16960,1,-1
2021-08-26 15:08:59.234,16961,16962,16961,1,1
2021-08-26 15:09:02.434,16960,16961,16960,1,-1
2021-08-26 15:09:03.054,16959,16961,16959,1,-1
2021-08-26 15:09:03.078,16959,16961,16961,4,4
2021-08-26 15:09:03.078,16959,16961,16962,1,1
2021-08-26 15:09:07.389,16959,16961,16959,1,-1
2021-08-26 15:09:11.246,16959,16961,16960,1,1
2021-08-26 15:09:14.665,16959,16961,16961,3,3
2021-08-26 15:09:14.665,16959,16961,16962,2,2
2021-08-26 15:09:17.439,16960,16961,16961,1,1
2021-08-26 15:09:17.905,16960,16962,16961,1,-1
2021-08-26 15:09:19.915,16960,16962,16962,4,4
2021-08-26 15:09:19.955,16960,16962,16962,1,1
2021-08-26 15:09:21.476,16961,16963,16961,1,-1
2021-08-26 15:09:23.356,16962,16963,16963,1,1
2021-08-26 15:09:23.356,16962,16963,16963,1,1
2021-08-26 15:09:23.651,16962,16964,16962,1,-1
2021-08-26 15:09:27.042,16962,16964,16964,5,5
2021-08-26 15:09:27.320,16962,16964,16964,1,1
2021-08-26 15:09:27.414,16962,16964,16964,1,1
2021-08-26 15:09:29.808,16963,16964,16964,3,3
2021-08-26 15:09:29.808,16963,16964,16965,2,2
2021-08-26 15:09:31.876,16963,16965,16965,4,4
2021-08-26 15:09:32.080,16963,16965,16963,2,-2
2021-08-26 15:09:32.868,16963,16965,16965,1,1
2021-08-26 15:09:36.384,16964,16965,16964,1,-1
2021-08-26 15:09:37.651,16963,16964,16964,1,1
2021-08-26 15:09:40.092,16963,16965,16964,1,-1
2021-08-26 15:09:40.092,16963,16965,16965,1,1
2021-08-26 15:09:40.092,16963,16965,16966,3,3
2021-08-26 15:09:45.707,16961,16962,16961,2,-2
2021-08-26 15:09:46.377,16960,16961,16960,2,-2
2021-08-26 15:09:46.552,16959,16961,16959,1,-1
2021-08-26 15:09:46.553,16959,16961,16959,1,-1
2021-08-26 15:09:46.553,16959,16961,16959,1,-1
2021-08-26 15:09:46.553,16959,16961,16959,2,-2
2021-08-26 15:09:49.081,16958,16959,16959,1,1
2021-08-26 15:09:49.223,16958,16961,16959,1,-1
2021-08-26 15:09:49.433,16959,16961,16961,1,1
2021-08-26 15:09:49.601,16959,16961,16961,1,1
2021-08-26 15:09:49.819,16959,16961,16961,1,1
2021-08-26 15:09:51.688,16959,16961,16961,5,5
2021-08-26 15:09:57.880,16961,16963,16961,5,-5
2021-08-26 15:09:59.378,16961,16963,16961,1,-1
2021-08-26 15:10:01.730,16960,16961,16961,1,1
2021-08-26 15:10:01.824,16960,16961,16960,5,-5
2021-08-26 15:10:02.502,16958,16960,16958,2,-2
2021-08-26 15:10:03.084,16958,16960,16958,4,-4
2021-08-26 15:10:04.425,16957,16958,16958,1,1
2021-08-26 15:10:05.160,16957,16958,16958,1,1
2021-08-26 15:10:05.160,16957,16958,16959,1,1
2021-08-26 15:10:05.160,16957,16958,16960,3,3
2021-08-26 15:10:07.310,16957,16959,16958,1,-1
2021-08-26 15:10:07.407,16957,16959,16959,1,1
2021-08-26 15:10:07.485,16957,16959,16958,1,-1
2021-08-26 15:10:07.782,16957,16959,16959,4,4
2021-08-26 15:10:09.684,16957,16960,16960,4,4
2021-08-26 15:10:11.635,16958,16960,16960,1,1
2021-08-26 15:10:15.068,16959,16960,16959,1,-1
2021-08-26 15:10:18.581,16958,16960,16958,1,-1
2021-08-26 15:10:18.582,16958,16960,16958,3,-3
2021-08-26 15:10:20.675,16957,16958,16957,7,-7
2021-08-26 15:10:20.679,16957,16958,16956,3,-3
2021-08-26 15:10:20.679,16957,16958,16956,3,-3
2021-08-26 15:10:20.754,16956,16957,16957,1,1
2021-08-26 15:10:20.754,16956,16957,16957,1,1
2021-08-26 15:10:20.755,16956,16957,16957,1,1
2021-08-26 15:10:20.755,16956,16957,16957,1,1
2021-08-26 15:10:20.755,16956,16957,16957,1,1
2021-08-26 15:10:20.755,16956,16957,16957,1,1
2021-08-26 15:10:20.755,16956,16957,16958,1,1
2021-08-26 15:10:20.755,16956,16957,16958,1,1
2021-08-26 15:10:20.755,16956,16957,16958,1,1
2021-08-26 15:10:20.756,16956,16957,16958,1,1
2021-08-26 15:10:20.826,16956,16957,16956,2,-2
2021-08-26 15:10:20.906,16955,16958,16958,5,5
2021-08-26 15:10:25.284,16955,16957,16955,4,-4
2021-08-26 15:10:25.538,16955,16957,16955,1,-1
2021-08-26 15:10:26.768,16955,16956,16956,1,1
2021-08-26 15:10:27.185,16955,16956,16956,4,4
2021-08-26 15:10:27.185,16955,16956,16957,1,1
2021-08-26 15:10:27.896,16956,16957,16956,1,-1
2021-08-26 15:10:28.514,16956,16957,16957,1,1
2021-08-26 15:10:29.044,16956,16958,16958,1,1
2021-08-26 15:10:30.378,16957,16958,16958,1,1
2021-08-26 15:10:30.378,16957,16958,16958,1,1
2021-08-26 15:10:30.378,16957,16958,16958,1,1
2021-08-26 15:10:30.378,16957,16958,16958,1,1
2021-08-26 15:10:30.378,16957,16958,16958,2,2
2021-08-26 15:10:30.379,16957,16958,16958,1,1
2021-08-26 15:10:30.379,16957,16958,16958,4,4
2021-08-26 15:10:30.868,16958,16959,16959,2,2
2021-08-26 15:10:30.868,16958,16959,16960,3,3
2021-08-26 15:10:36.159,16959,16960,16959,3,-3
2021-08-26 15:10:36.159,16959,16960,16958,1,-1
2021-08-26 15:10:36.508,16959,16960,16960,1,1
2021-08-26 15:10:36.823,16959,16960,16959,1,-1
2021-08-26 15:10:37.767,16959,16960,16960,1,1
2021-08-26 15:10:37.768,16959,16960,16960,1,1
2021-08-26 15:10:37.768,16959,16960,16960,1,1
2021-08-26 15:10:37.768,16959,16960,16960,10,10
2021-08-26 15:10:37.880,16960,16961,16961,1,1
2021-08-26 15:10:38.096,16960,16961,16960,1,-1
2021-08-26 15:10:38.257,16960,16961,16960,1,-1
2021-08-26 15:10:38.732,16960,16961,16961,1,1
2021-08-26 15:10:38.733,16960,16961,16961,1,1
2021-08-26 15:10:38.733,16960,16961,16961,7,7
2021-08-26 15:10:39.200,16961,16962,16961,1,-1
2021-08-26 15:10:40.045,16960,16962,16962,5,5
2021-08-26 15:10:42.844,16961,16962,16962,1,1
2021-08-26 15:10:43.765,16961,16962,16962,1,1
2021-08-26 15:10:44.763,16961,16962,16962,1,1
2021-08-26 15:10:45.461,16961,16962,16961,1,-1
2021-08-26 15:10:46.290,16961,16962,16962,3,3
2021-08-26 15:10:46.290,16961,16962,16963,2,2
2021-08-26 15:10:46.542,16961,16963,16961,1,-1
2021-08-26 15:10:47.773,16961,16963,16963,5,5
2021-08-26 15:10:50.854,16960,16962,16962,1,1
2021-08-26 15:10:50.909,16960,16962,16962,5,5
2021-08-26 15:10:51.358,16961,16962,16962,4,4
2021-08-26 15:10:51.358,16961,16962,16962,1,1
2021-08-26 15:10:51.358,16961,16962,16962,1,1
2021-08-26 15:10:53.939,16961,16962,16962,1,1
2021-08-26 15:10:54.027,16961,16962,16962,4,4
2021-08-26 15:10:56.081,16961,16962,16962,5,5
2021-08-26 15:10:56.156,16962,16963,16962,1,-1
2021-08-26 15:10:58.610,16961,16963,16963,2,2
2021-08-26 15:10:59.015,16963,16964,16963,1,-1
2021-08-26 15:11:00.395,16963,16964,16964,4,4
2021-08-26 15:11:00.395,16963,16964,16965,1,1
2021-08-26 15:11:01.331,16963,16965,16963,1,-1
2021-08-26 15:11:05.025,16964,16965,16965,2,2
2021-08-26 15:11:05.674,16965,16966,16965,6,-6
2021-08-26 15:11:06.616,16965,16966,16965,1,-1
2021-08-26 15:11:06.646,16965,16966,16965,1,-1
2021-08-26 15:11:06.874,16965,16966,16966,1,1
2021-08-26 15:11:07.081,16965,16966,16966,2,2
2021-08-26 15:11:07.082,16965,16966,16966,2,2
2021-08-26 15:11:08.433,16966,16967,16967,2,2
2021-08-26 15:11:11.468,16965,16967,16967,3,3
2021-08-26 15:11:15.871,16965,16967,16965,1,-1
2021-08-26 15:11:16.564,16965,16967,16965,1,-1
2021-08-26 15:11:17.029,16965,16967,16967,1,1
2021-08-26 15:11:20.718,16964,16966,16966,1,1
2021-08-26 15:11:22.408,16965,16966,16965,2,-2
2021-08-26 15:11:27.593,16964,16966,16964,1,-1
2021-08-26 15:11:28.627,16965,16966,16966,2,2
2021-08-26 15:11:31.251,16964,16966,16966,1,1
2021-08-26 15:11:32.885,16964,16965,16965,1,1
2021-08-26 15:11:37.086,16964,16965,16965,1,1
2021-08-26 15:11:37.943,16964,16965,16965,1,1
2021-08-26 15:11:37.963,16964,16965,16965,1,1
2021-08-26 15:11:38.163,16964,16965,16964,10,-10
2021-08-26 15:11:38.178,16964,16965,16964,1,-1
2021-08-26 15:11:40.454,16963,16964,16964,1,1
2021-08-26 15:11:46.361,16963,16964,16964,1,1
2021-08-26 15:11:46.934,16963,16964,16963,1,-1
2021-08-26 15:11:48.394,16962,16964,16962,1,-1
2021-08-26 15:11:50.953,16961,16963,16963,1,1
2021-08-26 15:11:54.095,16961,16963,16961,1,-1
2021-08-26 15:11:56.364,16961,16962,16961,1,-1
2021-08-26 15:12:03.759,16961,16962,16962,30,30
2021-08-26 15:12:03.836,16961,16962,16962,3,3
2021-08-26 15:12:06.202,16961,16962,16961,3,-3
2021-08-26 15:12:16.846,16960,16962,16960,2,-2
2021-08-26 15:12:17.825,16960,16962,16960,1,-1
2021-08-26 15:12:19.248,16960,16962,16960,1,-1
2021-08-26 15:12:25.066,16959,16960,16960,2,2
2021-08-26 15:12:25.066,16959,16960,16960,1,1
2021-08-26 15:12:26.348,16960,16961,16961,4,4
2021-08-26 15:12:26.348,16960,16961,16962,16,16
2021-08-26 15:12:26.350,16960,16961,16962,2,2
2021-08-26 15:12:26.387,16962,16963,16963,1,1
2021-08-26 15:12:27.077,16963,16964,16963,1,-1
2021-08-26 15:12:30.570,16963,16964,16964,2,2
2021-08-26 15:12:32.907,16963,16965,16963,9,-9
2021-08-26 15:12:36.641,16963,16964,16964,1,1
2021-08-26 15:12:37.041,16963,16964,16963,1,-1
2021-08-26 15:12:37.561,16963,16964,16963,2,-2
2021-08-26 15:12:40.191,16963,16964,16964,1,1
2021-08-26 15:12:46.527,16963,16964,16964,1,1
2021-08-26 15:12:47.736,16963,16964,16964,1,1
2021-08-26 15:12:49.985,16963,16964,16963,1,-1
2021-08-26 15:12:49.985,16963,16964,16963,1,-1
2021-08-26 15:12:50.167,16962,16964,16964,1,1
2021-08-26 15:12:55.561,16963,16964,16964,7,7
2021-08-26 15:13:00.877,16964,16965,16965,4,4
2021-08-26 15:13:21.464,16965,16966,16965,4,-4
2021-08-26 15:13:25.016,16965,16966,16965,1,-1
2021-08-26 15:13:25.045,16965,16966,16965,1,-1
2021-08-26 15:13:25.165,16965,16966,16966,1,1
2021-08-26 15:13:25.639,16966,16967,16967,1,1
2021-08-26 15:13:25.640,16966,16967,16967,1,1
2021-08-26 15:13:25.640,16966,16967,16967,1,1
2021-08-26 15:13:31.486,16965,16967,16967,1,1
2021-08-26 15:13:34.982,16966,16967,16967,1,1
2021-08-26 15:13:44.035,16966,16968,16968,1,1
2021-08-26 15:13:44.290,16966,16968,16968,1,1
2021-08-26 15:13:44.659,16966,16968,16968,1,1
2021-08-26 15:13:47.577,16966,16968,16968,13,13
2021-08-26 15:13:49.287,16968,16969,16969,5,5
2021-08-26 15:13:51.847,16968,16969,16968,1,-1
2021-08-26 15:13:54.608,16968,16969,16968,1,-1
2021-08-26 15:14:00.431,16968,16969,16969,1,1
2021-08-26 15:14:00.835,16968,16969,16968,1,-1
2021-08-26 15:14:08.508,16967,16968,16967,1,-1
2021-08-26 15:14:08.715,16966,16968,16966,7,-7
2021-08-26 15:14:08.870,16965,16966,16965,1,-1
2021-08-26 15:14:13.538,16964,16966,16966,6,6
2021-08-26 15:14:13.538,16964,16966,16966,1,1
2021-08-26 15:14:14.042,16964,16966,16964,1,-1
2021-08-26 15:14:17.648,16963,16965,16965,2,2
2021-08-26 15:14:35.042,16967,16969,16967,1,1
2021-08-26 15:14:49.785,16968,16969,16968,1,1
2021-08-26 15:15:01.253,16965,16968,16965,1,-1
2021-08-26 15:15:02.068,16965,16967,16965,2,-2
2021-08-26 15:15:02.930,16965,16967,16967,10,10
2021-08-26 15:15:04.449,16967,16968,16968,2,2
2021-08-26 15:15:10.398,16967,16968,16967,1,-1
2021-08-26 15:15:10.399,16967,16968,16967,6,-6
2021-08-26 15:15:10.399,16967,16968,16967,1,-1
2021-08-26 15:15:10.399,16967,16968,16967,3,-3
2021-08-26 15:15:10.399,16967,16968,16967,10,-10
2021-08-26 15:15:10.748,16965,16967,16965,2,-2
2021-08-26 15:15:18.136,16967,16968,16967,1,1
2021-08-26 15:15:19.036,16967,16968,16968,2,2
2021-08-26 15:15:22.104,16967,16968,16968,1,1
2021-08-26 15:15:24.369,16967,16968,16967,3,-3
2021-08-26 15:15:24.377,16967,16968,16967,3,-3
2021-08-26 15:15:25.132,16967,16968,16968,6,6
2021-08-26 15:15:25.133,16967,16968,16968,1,1
2021-08-26 15:15:25.473,16968,16969,16969,1,1
2021-08-26 15:15:25.523,16968,16969,16969,1,1
2021-08-26 15:15:31.579,16968,16969,16968,3,-3
2021-08-26 15:15:31.919,16967,16968,16967,1,-1
2021-08-26 15:15:32.042,16965,16967,16965,2,-2
2021-08-26 15:15:32.042,16965,16967,16965,3,-3
2021-08-26 15:15:32.130,16965,16967,16967,1,1
2021-08-26 15:15:32.130,16965,16967,16967,1,1
2021-08-26 15:15:32.630,16965,16967,16967,1,1
2021-08-26 15:15:32.630,16965,16967,16968,1,1
2021-08-26 15:15:34.355,16965,16967,16967,1,1
2021-08-26 15:15:39.374,16966,16968,16968,1,1
2021-08-26 15:15:40.299,16966,16967,16966,1,-1
2021-08-26 15:15:42.910,16966,16967,16967,2,2
2021-08-26 15:15:43.040,16966,16967,16967,1,1
2021-08-26 15:15:45.366,16966,16967,16967,1,1
2021-08-26 15:15:46.392,16967,16968,16967,1,-1
2021-08-26 15:15:54.536,16966,16967,16967,2,2
2021-08-26 15:15:55.335,16966,16967,16967,1,1
2021-08-26 15:15:58.798,16966,16967,16967,2,2
2021-08-26 15:15:59.524,16966,16967,16967,2,2
2021-08-26 15:15:59.597,16966,16967,16966,1,-1
2021-08-26 15:15:59.598,16966,16967,16966,1,-1
2021-08-26 15:16:04.013,16966,16967,16967,1,1
2021-08-26 15:16:04.338,16966,16968,16967,1,-1
2021-08-26 15:16:04.338,16966,16968,16966,1,-1
2021-08-26 15:16:04.749,16966,16968,16966,1,-1
2021-08-26 15:16:04.749,16966,16968,16965,1,-1
2021-08-26 15:16:07.110,16964,16966,16965,1,-1
2021-08-26 15:16:07.129,16964,16966,16966,1,1
2021-08-26 15:16:08.341,16964,16966,16964,1,-1
2021-08-26 15:16:08.379,16963,16965,16965,1,1
2021-08-26 15:16:08.379,16963,16965,16965,1,1
2021-08-26 15:16:08.379,16963,16965,16966,1,1
2021-08-26 15:16:14.537,16965,16967,16965,1,-1
2021-08-26 15:16:31.666,16965,16967,16965,3,-3
2021-08-26 15:16:32.234,16964,16965,16964,1,-1
2021-08-26 15:16:32.254,16963,16965,16965,1,1
2021-08-26 15:16:32.254,16963,16965,16965,1,1
2021-08-26 15:16:32.254,16963,16965,16965,1,1
2021-08-26 15:16:32.255,16963,16965,16965,1,1
2021-08-26 15:16:32.281,16963,16965,16965,1,1
2021-08-26 15:16:32.506,16963,16966,16965,1,-1
2021-08-26 15:16:35.560,16965,16966,16966,1,1
2021-08-26 15:16:35.560,16965,16966,16967,1,1
2021-08-26 15:16:37.559,16966,16967,16967,2,2
2021-08-26 15:16:38.656,16966,16967,16967,2,2
2021-08-26 15:16:38.754,16966,16968,16968,1,1
2021-08-26 15:16:39.448,16966,16968,16968,2,2
2021-08-26 15:16:42.104,16967,16968,16967,1,-1
2021-08-26 15:16:42.114,16967,16968,16967,3,-3
2021-08-26 15:16:42.422,16966,16968,16968,3,3
2021-08-26 15:16:49.072,16967,16968,16968,1,1
2021-08-26 15:16:49.600,16967,16968,16968,1,1
2021-08-26 15:16:50.148,16967,16968,16968,1,1
2021-08-26 15:16:50.620,16967,16969,16969,1,1
2021-08-26 15:16:52.020,16968,16969,16969,1,1
2021-08-26 15:16:54.113,16968,16969,16969,7,7
2021-08-26 15:16:54.734,16969,16970,16970,1,1
2021-08-26 15:16:56.416,16969,16970,16970,1,1
2021-08-26 15:16:56.972,16969,16970,16970,1,1
2021-08-26 15:16:59.264,16969,16970,16970,1,1
2021-08-26 15:16:59.497,16969,16970,16970,1,1
2021-08-26 15:16:59.732,16969,16970,16970,1,1
2021-08-26 15:17:00.176,16969,16970,16970,1,1
2021-08-26 15:17:00.603,16969,16970,16970,1,1
2021-08-26 15:17:01.024,16969,16970,16970,1,1
2021-08-26 15:17:01.488,16969,16970,16970,1,1
2021-08-26 15:17:01.911,16969,16970,16970,1,1
2021-08-26 15:17:02.005,16969,16970,16970,1,1
2021-08-26 15:17:03.709,16970,16971,16970,3,-3
2021-08-26 15:17:04.520,16969,16970,16970,1,1
2021-08-26 15:17:05.064,16968,16970,16970,1,1
2021-08-26 15:17:05.185,16969,16970,16969,1,-1
2021-08-26 15:17:05.185,16969,16970,16968,1,-1
2021-08-26 15:17:06.200,16968,16970,16970,1,1
2021-08-26 15:17:13.498,16969,16971,16971,1,1
2021-08-26 15:17:14.960,16970,16971,16971,1,1
2021-08-26 15:17:14.961,16970,16971,16971,4,4
2021-08-26 15:17:16.105,16971,16972,16971,1,-1
2021-08-26 15:17:16.493,16970,16972,16972,1,1
2021-08-26 15:17:17.080,16970,16972,16972,2,2
2021-08-26 15:17:18.119,16970,16972,16970,2,-2
2021-08-26 15:17:18.444,16970,16972,16972,1,1
2021-08-26 15:17:21.931,16971,16972,16971,1,-1
2021-08-26 15:17:23.877,16970,16971,16971,1,1
2021-08-26 15:17:24.286,16970,16971,16971,1,1
2021-08-26 15:17:31.447,16970,16971,16971,1,1
2021-08-26 15:17:32.876,16970,16971,16971,1,1
2021-08-26 15:17:33.848,16970,16971,16971,1,1
2021-08-26 15:17:34.483,16970,16971,16971,1,1
2021-08-26 15:17:35.281,16971,16972,16971,1,-1
2021-08-26 15:17:35.281,16971,16972,16970,1,-1
2021-08-26 15:17:36.598,16971,16972,16972,4,4
2021-08-26 15:17:37.697,16972,16973,16972,1,-1
2021-08-26 15:17:42.492,16971,16972,16972,1,1
2021-08-26 15:17:42.696,16971,16972,16971,1,-1
2021-08-26 15:17:42.701,16971,16972,16971,1,-1
2021-08-26 15:17:42.992,16970,16972,16972,1,1
2021-08-26 15:17:44.056,16971,16972,16972,1,1
2021-08-26 15:17:45.776,16971,16972,16972,1,1
2021-08-26 15:17:47.040,16971,16972,16972,1,1
2021-08-26 15:17:48.148,16971,16972,16972,1,1
2021-08-26 15:17:49.071,16971,16972,16972,1,1
2021-08-26 15:17:50.076,16971,16972,16972,1,1
2021-08-26 15:17:50.939,16971,16972,16972,1,1
2021-08-26 15:17:52.559,16972,16973,16973,1,1
2021-08-26 15:17:52.665,16972,16973,16973,1,1
2021-08-26 15:17:53.494,16972,16973,16973,5,5
2021-08-26 15:17:58.112,16972,16973,16973,2,2
2021-08-26 15:18:00.000,16972,16973,16973,2,2
2021-08-26 15:18:03.145,16973,16974,16973,1,-1
2021-08-26 15:18:03.757,16973,16974,16974,1,1
2021-08-26 15:18:03.857,16973,16974,16974,2,2
2021-08-26 15:18:06.972,16973,16974,16974,5,5
2021-08-26 15:18:07.175,16974,16975,16974,2,-2
2021-08-26 15:18:10.088,16974,16975,16975,1,1
2021-08-26 15:18:14.088,16974,16975,16975,2,2
2021-08-26 15:18:15.208,16974,16975,16974,1,-1
2021-08-26 15:18:15.338,16974,16975,16975,2,2
2021-08-26 15:18:15.388,16974,16975,16975,2,2
2021-08-26 15:18:16.057,16974,16975,16975,1,1
2021-08-26 15:18:16.522,16974,16975,16974,3,-3
2021-08-26 15:18:17.633,16973,16974,16973,1,-1
2021-08-26 15:18:19.220,16973,16974,16974,2,2
2021-08-26 15:18:20.859,16974,16975,16974,1,-1
2021-08-26 15:18:21.176,16974,16975,16975,8,8
2021-08-26 15:18:21.176,16974,16975,16975,1,1
2021-08-26 15:18:21.176,16974,16975,16975,2,2
2021-08-26 15:18:21.176,16974,16975,16975,1,1
2021-08-26 15:18:21.176,16974,16975,16975,1,1
2021-08-26 15:18:21.176,16974,16975,16975,1,1
2021-08-26 15:18:21.176,16974,16975,16975,8,8
2021-08-26 15:18:22.176,16974,16976,16974,1,-1
2021-08-26 15:18:28.187,16975,16976,16976,1,1
2021-08-26 15:18:28.628,16975,16976,16976,2,2
2021-08-26 15:18:28.632,16975,16976,16976,2,2
2021-08-26 15:18:28.632,16975,16976,16977,1,1
2021-08-26 15:18:29.652,16976,16977,16977,2,2
2021-08-26 15:18:30.711,16976,16977,16977,1,1
2021-08-26 15:18:31.178,16976,16977,16976,1,-1
2021-08-26 15:18:31.232,16976,16977,16977,2,2
2021-08-26 15:18:31.684,16976,16978,16978,3,3
2021-08-26 15:18:32.219,16976,16978,16978,2,2
2021-08-26 15:18:32.438,16976,16978,16976,1,-1
2021-08-26 15:18:33.113,16976,16977,16977,1,1
2021-08-26 15:18:34.121,16977,16978,16977,1,-1
2021-08-26 15:18:34.134,16976,16977,16976,1,-1
2021-08-26 15:18:34.134,16976,16977,16976,1,-1
2021-08-26 15:18:34.890,16975,16977,16977,2,2
2021-08-26 15:18:35.601,16975,16977,16977,1,1
2021-08-26 15:18:36.892,16976,16978,16978,2,2
2021-08-26 15:18:38.394,16976,16978,16978,1,1
2021-08-26 15:18:42.592,16976,16978,16976,1,-1
2021-08-26 15:18:43.099,16975,16977,16977,2,2
2021-08-26 15:18:43.372,16975,16977,16977,5,5
2021-08-26 15:18:43.372,16975,16977,16978,1,1
2021-08-26 15:18:44.159,16975,16978,16978,1,1
2021-08-26 15:18:45.201,16975,16978,16978,2,2
2021-08-26 15:18:48.528,16977,16978,16977,1,-1
2021-08-26 15:18:50.428,16975,16977,16977,3,3
2021-08-26 15:18:57.910,16975,16977,16975,5,-5
2021-08-26 15:18:58.092,16975,16976,16975,1,-1
2021-08-26 15:19:04.351,16974,16975,16974,1,-1
2021-08-26 15:19:04.426,16973,16974,16973,1,-1
2021-08-26 15:19:04.427,16973,16974,16973,1,-1
2021-08-26 15:19:04.978,16971,16974,16971,1,-1
2021-08-26 15:19:05.208,16971,16974,16972,1,1
2021-08-26 15:19:18.169,16972,16974,16973,1,1
2021-08-26 15:19:19.080,16972,16974,16974,1,1
2021-08-26 15:19:27.792,16972,16974,16974,1,1
2021-08-26 15:19:39.656,16973,16975,16974,1,-1
2021-08-26 15:19:47.608,16974,16975,16975,1,1
2021-08-26 15:20:01.086,16975,16976,16975,2,-2
2021-08-26 15:20:01.086,16975,16976,16975,2,-2
2021-08-26 15:20:01.093,16975,16976,16974,1,-1
2021-08-26 15:20:01.177,16973,16975,16975,1,1
2021-08-26 15:20:01.371,16973,16975,16975,1,1
2021-08-26 15:20:15.915,16973,16975,16974,1,-1
2021-08-26 15:20:16.005,16973,16975,16975,1,1
2021-08-26 15:20:16.007,16973,16975,16975,1,1
2021-08-26 15:20:20.257,16974,16975,16975,1,1
2021-08-26 15:20:20.379,16974,16975,16975,1,1
2021-08-26 15:20:20.380,16974,16975,16976,1,1
2021-08-26 15:20:35.447,16974,16976,16976,1,1
2021-08-26 15:20:38.128,16975,16976,16976,5,5
2021-08-26 15:20:38.775,16976,16977,16976,1,-1
2021-08-26 15:20:44.804,16975,16976,16976,1,1
2021-08-26 15:20:50.948,16975,16977,16977,1,1
2021-08-26 15:20:53.984,16976,16977,16977,1,1
2021-08-26 15:21:01.534,16975,16976,16975,1,-1
2021-08-26 15:21:02.109,16974,16975,16975,1,1
2021-08-26 15:21:02.109,16974,16975,16974,1,-1
2021-08-26 15:21:09.243,16974,16975,16974,1,-1
2021-08-26 15:21:09.277,16973,16974,16973,1,-1
2021-08-26 15:21:15.125,16972,16973,16972,5,-5
2021-08-26 15:21:15.126,16972,16973,16971,3,-3
2021-08-26 15:21:16.092,16971,16972,16971,2,-2
2021-08-26 15:21:18.840,16970,16972,16972,1,1
2021-08-26 15:21:35.097,16970,16971,16970,1,-1
2021-08-26 15:21:36.984,16970,16971,16970,1,-1
2021-08-26 15:21:39.575,16970,16971,16970,1,-1
2021-08-26 15:21:40.756,16970,16971,16971,5,5
2021-08-26 15:21:41.595,16971,16972,16971,6,-6
2021-08-26 15:21:41.598,16971,16972,16971,20,-20
2021-08-26 15:21:41.599,16971,16972,16970,1,-1
2021-08-26 15:21:43.868,16969,16970,16970,1,1
2021-08-26 15:21:45.104,16969,16970,16969,1,-1
2021-08-26 15:21:45.931,16969,16970,16969,1,-1
2021-08-26 15:21:47.028,16968,16969,16969,1,1
2021-08-26 15:21:47.458,16968,16969,16969,1,1
2021-08-26 15:21:50.192,16968,16970,16968,1,-1
2021-08-26 15:21:51.715,16968,16970,16968,5,-5
2021-08-26 15:21:58.139,16968,16969,16968,1,-1
2021-08-26 15:21:58.139,16968,16969,16968,4,-4
2021-08-26 15:22:00.424,16968,16969,16968,1,-1
2021-08-26 15:22:01.171,16967,16969,16967,1,-1
2021-08-26 15:22:09.328,16967,16968,16968,2,2
2021-08-26 15:22:10.032,16967,16968,16968,1,1
2021-08-26 15:22:18.228,16967,16968,16967,2,-2
2021-08-26 15:22:18.228,16967,16968,16967,1,-1
2021-08-26 15:22:18.228,16967,16968,16967,2,-2
2021-08-26 15:22:18.229,16967,16968,16967,1,-1
2021-08-26 15:22:21.024,16966,16967,16967,1,1
2021-08-26 15:22:34.880,16966,16968,16968,1,1
2021-08-26 15:22:50.316,16967,16968,16967,1,-1
2021-08-26 15:22:59.189,16967,16968,16967,1,-1
2021-08-26 15:23:10.560,16966,16968,16968,6,6
2021-08-26 15:23:13.914,16967,16969,16967,4,-4
2021-08-26 15:23:19.068,16967,16969,16967,1,-1
2021-08-26 15:23:33.154,16967,16968,16968,1,1
2021-08-26 15:23:36.229,16967,16969,16969,4,4
2021-08-26 15:23:45.441,16969,16970,16970,2,2
2021-08-26 15:23:52.295,16970,16971,16971,1,1
2021-08-26 15:23:53.628,16971,16973,16971,2,-2
2021-08-26 15:23:53.987,16971,16973,16971,4,-4
2021-08-26 15:23:53.987,16971,16973,16970,2,-2
2021-08-26 15:23:56.991,16970,16973,16973,1,1
2021-08-26 15:24:08.264,16971,16972,16972,3,3
2021-08-26 15:24:09.706,16972,16973,16972,1,-1
2021-08-26 15:24:12.345,16972,16973,16973,2,2
2021-08-26 15:24:18.091,16973,16974,16973,2,-2
2021-08-26 15:24:25.987,16972,16973,16973,1,1
2021-08-26 15:24:26.004,16973,16974,16974,1,1
2021-08-26 15:24:30.064,16973,16974,16973,1,-1
2021-08-26 15:24:30.129,16973,16974,16974,1,1
2021-08-26 15:24:34.187,16973,16974,16973,1,-1
2021-08-26 15:24:36.742,16973,16974,16974,1,1
2021-08-26 15:24:57.297,16973,16974,16973,1,-1
2021-08-26 15:25:00.737,16973,16974,16974,3,3
2021-08-26 15:25:06.002,16973,16974,16974,1,1
2021-08-26 15:25:17.241,16972,16973,16973,1,1
2021-08-26 15:25:24.688,16972,16973,16973,3,3
2021-08-26 15:25:25.583,16973,16974,16974,5,5
2021-08-26 15:25:29.911,16974,16975,16974,1,-1
2021-08-26 15:25:29.991,16974,16975,16974,1,-1
2021-08-26 15:25:30.739,16974,16975,16974,2,-2
2021-08-26 15:25:30.877,16974,16975,16975,10,10
2021-08-26 15:25:30.878,16974,16975,16975,4,4
2021-08-26 15:25:30.878,16974,16975,16975,7,7
2021-08-26 15:25:33.021,16975,16976,16976,7,7
2021-08-26 15:25:33.170,16976,16977,16977,11,11
2021-08-26 15:25:33.175,16976,16977,16978,2,2
2021-08-26 15:25:36.132,16978,16979,16979,6,6
2021-08-26 15:25:36.385,16979,16980,16980,1,1
2021-08-26 15:25:37.887,16979,16980,16980,1,1
2021-08-26 15:25:38.640,16979,16980,16979,1,-1
2021-08-26 15:25:39.614,16978,16980,16980,1,1
2021-08-26 15:25:47.469,16979,16980,16979,2,-2
2021-08-26 15:25:48.822,16977,16979,16979,1,1
2021-08-26 15:25:49.409,16977,16978,16978,1,1
2021-08-26 15:25:54.212,16977,16978,16978,2,2
2021-08-26 15:25:54.433,16978,16979,16979,1,1
2021-08-26 15:25:56.722,16979,16980,16980,2,2
2021-08-26 15:25:56.722,16979,16980,16980,2,2
2021-08-26 15:25:56.722,16979,16980,16980,7,7
2021-08-26 15:25:59.336,16980,16981,16981,1,1
2021-08-26 15:25:59.535,16980,16982,16982,1,1
2021-08-26 15:25:59.691,16980,16982,16982,1,1
2021-08-26 15:26:01.056,16981,16982,16982,8,8
2021-08-26 15:26:02.446,16982,16983,16982,1,-1
2021-08-26 15:26:02.974,16982,16983,16983,1,1
2021-08-26 15:26:03.040,16982,16983,16983,2,2
2021-08-26 15:26:04.538,16982,16984,16982,2,-2
2021-08-26 15:26:06.753,16983,16984,16983,1,1
2021-08-26 15:26:06.765,16983,16984,16983,1,-1
2021-08-26 15:26:09.110,16983,16984,16984,1,1
2021-08-26 15:26:09.110,16983,16984,16985,2,2
2021-08-26 15:26:09.313,16983,16985,16985,3,3
2021-08-26 15:26:09.344,16983,16985,16983,1,-1
2021-08-26 15:26:09.344,16983,16985,16985,1,1
2021-08-26 15:26:10.425,16983,16984,16984,1,1
2021-08-26 15:26:10.425,16983,16984,16985,1,1
2021-08-26 15:26:10.775,16984,16985,16984,1,-1
2021-08-26 15:26:12.631,16983,16984,16984,1,1
2021-08-26 15:26:12.906,16984,16985,16984,1,-1
2021-08-26 15:26:13.835,16983,16984,16983,1,-1
2021-08-26 15:26:13.895,16983,16984,16984,1,1
2021-08-26 15:26:13.948,16983,16984,16984,1,1
2021-08-26 15:26:13.955,16983,16984,16985,1,1
2021-08-26 15:26:14.346,16984,16985,16984,1,-1
2021-08-26 15:26:16.682,16984,16985,16984,1,-1
2021-08-26 15:26:17.927,16984,16985,16985,2,2
2021-08-26 15:26:18.103,16984,16985,16984,1,-1
2021-08-26 15:26:18.741,16984,16985,16984,1,-1
2021-08-26 15:26:18.742,16984,16985,16984,5,-5
2021-08-26 15:26:18.924,16983,16984,16983,1,-1
2021-08-26 15:26:18.933,16983,16984,16983,1,-1
2021-08-26 15:26:18.947,16983,16984,16984,2,2
2021-08-26 15:26:19.987,16983,16984,16983,1,-1
2021-08-26 15:26:20.178,16983,16984,16983,1,-1
2021-08-26 15:26:20.182,16983,16984,16984,7,7
2021-08-26 15:26:20.183,16983,16984,16984,3,3
2021-08-26 15:26:20.462,16983,16984,16984,1,1
2021-08-26 15:26:20.482,16983,16984,16983,1,-1
2021-08-26 15:26:22.243,16983,16984,16984,1,1
2021-08-26 15:26:22.466,16984,16985,16984,1,-1
2021-08-26 15:26:22.546,16983,16985,16983,1,-1
2021-08-26 15:26:23.099,16983,16985,16985,1,1
2021-08-26 15:26:25.948,16983,16985,16985,2,2
2021-08-26 15:26:27.523,16984,16985,16985,3,3
2021-08-26 15:26:27.524,16984,16985,16985,11,11
2021-08-26 15:26:27.957,16985,16987,16985,1,-1
2021-08-26 15:26:28.008,16985,16987,16985,1,-1
2021-08-26 15:26:28.036,16985,16987,16985,1,-1
2021-08-26 15:26:31.331,16986,16987,16987,1,1
2021-08-26 15:26:31.433,16986,16987,16987,1,1
2021-08-26 15:26:31.520,16986,16987,16987,2,2
2021-08-26 15:26:31.596,16986,16987,16988,2,2
2021-08-26 15:26:31.828,16986,16988,16987,1,-1
2021-08-26 15:26:31.828,16986,16988,16988,1,1
2021-08-26 15:26:33.136,16987,16988,16988,2,2
2021-08-26 15:26:33.273,16987,16988,16988,3,3
2021-08-26 15:26:33.273,16987,16988,16988,3,3
2021-08-26 15:26:33.274,16987,16988,16988,4,4
2021-08-26 15:26:33.808,16988,16989,16989,6,6
2021-08-26 15:26:34.053,16989,16990,16990,1,1
2021-08-26 15:26:34.317,16989,16990,16990,5,5
2021-08-26 15:26:34.346,16989,16990,16990,1,1
2021-08-26 15:26:34.708,16989,16990,16989,1,-1
2021-08-26 15:26:35.204,16989,16990,16990,9,9
2021-08-26 15:26:35.308,16990,16991,16991,1,1
2021-08-26 15:26:36.263,16990,16991,16991,1,1
2021-08-26 15:26:36.546,16990,16991,16991,10,10
2021-08-26 15:26:36.581,16990,16991,16992,1,1
2021-08-26 15:26:37.110,16990,16992,16992,10,10
2021-08-26 15:26:37.252,16992,16993,16992,16,-16
2021-08-26 15:26:37.677,16990,16992,16992,7,7
2021-08-26 15:26:37.678,16990,16992,16992,2,2
2021-08-26 15:26:37.678,16990,16992,16992,1,1
2021-08-26 15:26:37.772,16990,16992,16991,1,-1
2021-08-26 15:26:38.234,16990,16992,16992,1,1
2021-08-26 15:26:38.972,16991,16993,16991,1,-1
2021-08-26 15:26:39.945,16990,16992,16992,1,1
2021-08-26 15:26:40.348,16990,16991,16991,1,1
2021-08-26 15:26:40.402,16990,16991,16991,4,4
2021-08-26 15:26:41.102,16992,16993,16992,1,1
2021-08-26 15:26:41.846,16992,16993,16992,1,-1
2021-08-26 15:26:42.020,16992,16993,16992,3,-3
2021-08-26 15:26:42.020,16992,16993,16991,12,-12
2021-08-26 15:26:42.020,16992,16993,16990,13,-13
2021-08-26 15:26:42.020,16992,16993,16989,2,-2
2021-08-26 15:26:42.640,16990,16991,16991,1,1
2021-08-26 15:26:46.064,16990,16991,16991,1,1
2021-08-26 15:26:49.048,16991,16992,16992,1,1
2021-08-26 15:26:49.048,16991,16992,16992,1,1
2021-08-26 15:26:49.709,16991,16993,16992,1,-1
2021-08-26 15:26:54.412,16992,16993,16992,1,-1
2021-08-26 15:26:56.217,16992,16993,16992,1,-1
2021-08-26 15:26:57.769,16992,16993,16992,5,-5
2021-08-26 15:26:58.104,16991,16993,16993,1,1
2021-08-26 15:26:58.542,16992,16993,16992,2,-2
2021-08-26 15:27:01.240,16992,16993,16993,13,13
2021-08-26 15:27:01.256,16993,16994,16994,1,1
2021-08-26 15:27:01.257,16993,16994,16994,1,1
2021-08-26 15:27:01.258,16993,16994,16994,1,1
2021-08-26 15:27:01.259,16993,16994,16994,1,1
2021-08-26 15:27:01.259,16993,16994,16995,1,1
2021-08-26 15:27:01.373,16993,16994,16995,1,1
2021-08-26 15:27:01.560,16993,16995,16995,1,1
2021-08-26 15:27:02.383,16993,16995,16995,5,5
2021-08-26 15:27:02.504,16993,16995,16995,1,1
2021-08-26 15:27:02.504,16993,16995,16995,1,1
2021-08-26 15:27:02.776,16993,16995,16995,2,2
2021-08-26 15:27:04.694,16993,16995,16995,2,2
2021-08-26 15:27:05.272,16993,16994,16994,2,2
2021-08-26 15:27:06.931,16993,16995,16994,1,-1
2021-08-26 15:27:07.383,16993,16995,16995,2,2
2021-08-26 15:27:07.504,16993,16995,16995,1,1
2021-08-26 15:27:07.504,16993,16995,16995,1,1
2021-08-26 15:27:07.504,16993,16995,16995,1,1
2021-08-26 15:27:07.504,16993,16995,16995,1,1
2021-08-26 15:27:07.504,16993,16995,16995,1,1
2021-08-26 15:27:07.505,16993,16995,16996,1,1
2021-08-26 15:27:07.505,16993,16995,16995,1,1
2021-08-26 15:27:07.505,16993,16995,16996,1,1
2021-08-26 15:27:07.505,16993,16995,16996,1,1
2021-08-26 15:27:07.505,16993,16995,16996,1,1
2021-08-26 15:27:07.505,16993,16995,16996,1,1
2021-08-26 15:27:07.507,16993,16995,16996,1,1
2021-08-26 15:27:07.507,16993,16995,16996,1,1
2021-08-26 15:27:07.508,16993,16995,16996,1,1
2021-08-26 15:27:09.592,16995,16996,16995,2,-2
2021-08-26 15:27:09.633,16995,16996,16996,5,5
2021-08-26 15:27:09.634,16995,16996,16996,6,6
2021-08-26 15:27:10.279,16996,16997,16997,1,1
2021-08-26 15:27:10.487,16996,16997,16997,1,1
2021-08-26 15:27:10.680,16996,16997,16997,3,3
2021-08-26 15:27:10.680,16996,16997,16998,2,2
2021-08-26 15:27:10.776,16996,16998,16998,5,5
2021-08-26 15:27:11.313,16997,16998,16998,1,1
2021-08-26 15:27:11.358,16997,16998,16998,1,1
2021-08-26 15:27:11.364,16997,16998,16998,6,6
2021-08-26 15:27:11.530,16998,16999,16999,1,1
2021-08-26 15:27:11.641,16998,16999,16999,1,1
2021-08-26 15:27:11.700,16998,16999,16999,1,1
2021-08-26 15:27:11.730,16998,16999,16999,1,1
2021-08-26 15:27:11.778,16998,16999,16999,1,1
2021-08-26 15:27:11.842,16998,16999,17000,1,1
2021-08-26 15:27:11.897,16998,17000,17000,2,2
2021-08-26 15:27:11.958,16998,17000,17000,1,1
2021-08-26 15:27:12.009,16998,17000,17000,1,1
2021-08-26 15:27:12.046,16998,17000,16998,1,-1
2021-08-26 15:27:13.652,16998,17000,17000,10,10
2021-08-26 15:27:14.607,16998,17000,17000,4,4
2021-08-26 15:27:14.741,17000,17001,17001,2,2
2021-08-26 15:27:14.879,17000,17001,17001,2,2
2021-08-26 15:27:14.879,17000,17001,17002,1,1
2021-08-26 15:27:15.053,17000,17002,17002,1,1
2021-08-26 15:27:15.364,17000,17002,17002,1,1
2021-08-26 15:27:15.642,17000,17002,17002,1,1
2021-08-26 15:27:16.707,17001,17003,17003,1,1
2021-08-26 15:27:17.257,17002,17003,17003,1,1
2021-08-26 15:27:17.379,17002,17003,17003,1,1
2021-08-26 15:27:17.379,17002,17003,17003,1,1
2021-08-26 15:27:17.379,17002,17003,17003,1,1
2021-08-26 15:27:17.379,17002,17003,17004,1,1
2021-08-26 15:27:17.380,17002,17003,17004,1,1
2021-08-26 15:27:17.381,17002,17003,17004,1,1
2021-08-26 15:27:17.691,17002,17004,17004,1,1
2021-08-26 15:27:17.762,17002,17004,17002,1,-1
2021-08-26 15:27:17.931,17002,17004,17004,1,1
2021-08-26 15:27:18.442,17002,17004,17002,1,-1
2021-08-26 15:27:18.694,17002,17004,17004,2,2
2021-08-26 15:27:18.868,17002,17004,17004,1,1
2021-08-26 15:27:19.315,17003,17004,17003,2,-2
2021-08-26 15:27:19.823,17003,17004,17004,1,1
2021-08-26 15:27:20.508,17003,17005,17003,3,-3
2021-08-26 15:27:20.627,17003,17005,17003,1,-1
2021-08-26 15:27:20.684,17002,17003,17003,1,1
2021-08-26 15:27:20.684,17002,17003,17004,7,7
2021-08-26 15:27:20.685,17002,17003,17004,2,2
2021-08-26 15:27:20.685,17002,17003,17003,5,5
2021-08-26 15:27:20.916,17002,17004,17004,1,1
2021-08-26 15:27:21.841,17002,17004,17004,1,1
2021-08-26 15:27:21.886,17002,17004,17004,2,2
2021-08-26 15:27:21.890,17002,17004,17004,2,2
2021-08-26 15:27:21.891,17002,17004,17004,3,3
2021-08-26 15:27:21.891,17002,17004,17004,1,1
2021-08-26 15:27:22.365,17004,17005,17004,1,-1
2021-08-26 15:27:22.375,17004,17005,17004,2,-2
2021-08-26 15:27:23.412,17004,17005,17004,5,-5
2021-08-26 15:27:23.683,17003,17004,17004,1,1
2021-08-26 15:27:23.683,17003,17004,17005,9,9
2021-08-26 15:27:24.056,17004,17005,17005,4,4
2021-08-26 15:27:24.377,17004,17005,17004,1,-1
2021-08-26 15:27:25.848,17004,17005,17004,1,-1
2021-08-26 15:27:26.662,17004,17005,17004,1,-1
2021-08-26 15:27:27.464,17004,17005,17005,7,7
2021-08-26 15:27:27.465,17004,17005,17005,3,3
2021-08-26 15:27:27.504,17004,17006,17006,1,1
2021-08-26 15:27:27.504,17004,17006,17006,1,1
2021-08-26 15:27:27.504,17004,17006,17006,1,1
2021-08-26 15:27:27.504,17004,17006,17006,1,1
2021-08-26 15:27:27.504,17004,17006,17006,1,1
2021-08-26 15:27:27.504,17004,17006,17006,1,1
2021-08-26 15:27:27.504,17004,17006,17006,1,1
2021-08-26 15:27:27.505,17004,17006,17006,1,1
2021-08-26 15:27:27.505,17004,17006,17006,1,1
2021-08-26 15:27:27.505,17004,17006,17006,1,1
2021-08-26 15:27:27.505,17004,17006,17006,1,1
2021-08-26 15:27:27.505,17004,17006,17006,1,1
2021-08-26 15:27:27.505,17004,17006,17006,1,1
2021-08-26 15:27:27.505,17004,17006,17006,1,1
2021-08-26 15:27:27.506,17004,17006,17007,1,1
2021-08-26 15:27:27.506,17004,17006,17006,1,1
2021-08-26 15:27:27.800,17005,17006,17006,1,1
2021-08-26 15:27:27.802,17005,17006,17006,2,2
2021-08-26 15:27:27.805,17005,17006,17006,3,3
2021-08-26 15:27:27.806,17005,17006,17007,1,1
2021-08-26 15:27:27.886,17005,17007,17007,1,1
2021-08-26 15:27:28.028,17006,17007,17007,2,2
2021-08-26 15:27:28.128,17006,17007,17007,2,2
2021-08-26 15:27:28.150,17006,17007,17008,2,2
2021-08-26 15:27:28.191,17006,17007,17008,5,5
2021-08-26 15:27:28.191,17006,17007,17008,1,1
2021-08-26 15:27:28.298,17008,17009,17009,5,5
2021-08-26 15:27:28.298,17008,17009,17009,7,7
2021-08-26 15:27:28.306,17008,17009,17010,1,1
2021-08-26 15:27:28.334,17008,17009,17009,1,1
2021-08-26 15:27:28.401,17009,17010,17009,2,-2
2021-08-26 15:27:28.406,17009,17010,17009,2,-2
2021-08-26 15:27:28.461,17009,17010,17009,1,-1
2021-08-26 15:27:28.494,17009,17010,17008,6,-6
2021-08-26 15:27:28.496,17009,17010,17008,1,-1
2021-08-26 15:27:28.663,17007,17009,17009,1,1
2021-08-26 15:27:28.829,17008,17010,17009,1,-1
2021-08-26 15:27:28.829,17008,17010,17010,2,2
2021-08-26 15:27:28.840,17008,17010,17010,1,1
2021-08-26 15:27:28.841,17008,17010,17010,1,1
2021-08-26 15:27:29.000,17009,17010,17010,1,1
2021-08-26 15:27:29.002,17009,17010,17009,1,-1
2021-08-26 15:27:29.132,17009,17011,17009,1,-1
2021-08-26 15:27:29.492,17007,17010,17010,1,1
2021-08-26 15:27:29.569,17007,17009,17008,1,-1
2021-08-26 15:27:29.896,17007,17009,17007,1,-1
2021-08-26 15:27:30.031,17007,17009,17009,1,1
2021-08-26 15:27:30.558,17008,17010,17010,1,1
2021-08-26 15:27:30.904,17009,17011,17011,1,1
2021-08-26 15:27:31.131,17010,17011,17011,1,1
2021-08-26 15:27:31.257,17010,17012,17012,1,1
2021-08-26 15:27:31.375,17010,17012,17012,2,2
2021-08-26 15:27:31.930,17011,17012,17011,1,-1
2021-08-26 15:27:32.127,17011,17012,17012,1,1
2021-08-26 15:27:32.513,17011,17013,17011,1,-1
2021-08-26 15:27:32.644,17011,17012,17012,1,1
2021-08-26 15:27:32.740,17011,17012,17012,1,1
2021-08-26 15:27:32.752,17012,17013,17013,13,13
2021-08-26 15:27:32.753,17012,17013,17013,1,1
2021-08-26 15:27:32.753,17012,17013,17013,1,1
2021-08-26 15:27:32.753,17012,17013,17013,1,1
2021-08-26 15:27:33.363,17012,17014,17012,1,-1
2021-08-26 15:27:33.715,17012,17014,17012,1,-1
2021-08-26 15:27:34.099,17012,17014,17014,1,1
2021-08-26 15:27:34.110,17012,17014,17014,1,1
2021-08-26 15:27:34.500,17012,17013,17013,1,1
2021-08-26 15:27:34.544,17012,17014,17014,1,1
2021-08-26 15:27:34.548,17012,17014,17014,1,1
2021-08-26 15:27:34.559,17012,17014,17014,1,1
2021-08-26 15:27:34.578,17012,17014,17015,1,1
2021-08-26 15:27:34.618,17012,17014,17015,1,1
2021-08-26 15:27:34.644,17013,17015,17015,1,1
2021-08-26 15:27:34.681,17013,17015,17013,1,-1
2021-08-26 15:27:34.705,17013,17015,17012,1,-1
2021-08-26 15:27:34.730,17013,17015,17012,1,-1
2021-08-26 15:27:35.013,17012,17014,17012,1,-1
2021-08-26 15:27:36.396,17011,17013,17011,31,-31
2021-08-26 15:27:36.791,17009,17010,17009,1,-1
2021-08-26 15:27:36.818,17009,17010,17010,1,1
2021-08-26 15:27:36.959,17008,17010,17007,1,-1
2021-08-26 15:27:36.974,17008,17010,17007,1,-1
2021-08-26 15:27:37.042,17007,17009,17007,1,-1
2021-08-26 15:27:37.129,17006,17009,17009,1,1
2021-08-26 15:27:37.129,17006,17009,17009,1,1
2021-08-26 15:27:37.129,17006,17009,17009,1,1
2021-08-26 15:27:37.843,17007,17010,17010,1,1
2021-08-26 15:27:38.178,17006,17009,17009,1,1
2021-08-26 15:27:38.849,17006,17008,17008,1,1
2021-08-26 15:27:39.103,17006,17008,17006,1,-1
2021-08-26 15:27:39.412,17006,17008,17006,1,-1
2021-08-26 15:27:39.540,17005,17007,17005,5,-5
2021-08-26 15:27:40.046,17004,17006,17004,1,-1
2021-08-26 15:27:40.221,17003,17005,17003,1,-1
2021-08-26 15:27:41.260,17002,17004,17004,1,1
2021-08-26 15:27:41.674,17002,17004,17002,1,-1
2021-08-26 15:27:42.494,17002,17004,17003,1,1
2021-08-26 15:27:45.720,17002,17003,17002,1,-1
2021-08-26 15:27:45.722,17002,17003,17002,2,-2
2021-08-26 15:27:46.098,17001,17002,17002,1,1
2021-08-26 15:27:46.938,17001,17002,17001,1,-1
2021-08-26 15:27:47.106,17001,17002,17002,1,1
2021-08-26 15:27:47.131,17002,17003,17003,1,1
2021-08-26 15:27:47.547,17003,17005,17003,1,-1
2021-08-26 15:27:47.993,17003,17005,17003,1,-1
2021-08-26 15:27:48.169,17003,17005,17003,1,-1
2021-08-26 15:27:50.317,17003,17005,17003,2,-2
2021-08-26 15:27:51.712,17003,17005,17003,2,-2
2021-08-26 15:27:52.917,17002,17003,17002,1,-1
2021-08-26 15:27:53.792,17000,17002,17002,1,1
2021-08-26 15:27:55.520,17002,17003,17002,5,-5
2021-08-26 15:27:55.520,17002,17003,17001,9,-9
2021-08-26 15:27:55.520,17002,17003,17000,36,-36
2021-08-26 15:27:56.027,16999,17001,16999,2,-2
2021-08-26 15:27:56.029,16999,17001,16998,1,-1
2021-08-26 15:27:56.139,16998,16999,16998,1,-1
2021-08-26 15:27:56.140,16998,16999,16998,3,-3
2021-08-26 15:27:56.667,16997,16998,16997,1,-1
2021-08-26 15:27:56.704,16997,16998,16998,1,1
2021-08-26 15:27:59.285,16998,16999,16999,1,1
2021-08-26 15:28:02.605,16998,17000,16999,1,-1
2021-08-26 15:28:02.827,16998,17000,16998,1,-1
2021-08-26 15:28:03.028,16998,17000,17000,1,1
2021-08-26 15:28:04.202,16999,17000,16999,2,-2
2021-08-26 15:28:05.103,16999,17000,16999,1,-1
2021-08-26 15:28:05.469,16999,17000,17000,4,4
2021-08-26 15:28:06.354,16999,17000,17000,1,1
2021-08-26 15:28:06.528,16999,17000,17000,1,1
2021-08-26 15:28:06.528,16999,17000,17000,1,1
2021-08-26 15:28:06.528,16999,17000,17000,2,2
2021-08-26 15:28:06.529,16999,17000,17000,9,9
2021-08-26 15:28:06.529,16999,17000,17000,18,18
2021-08-26 15:28:06.529,16999,17000,17000,1,1
2021-08-26 15:28:06.529,16999,17000,17000,1,1
2021-08-26 15:28:06.529,16999,17000,17000,12,12
2021-08-26 15:28:06.529,16999,17000,17000,1,1
2021-08-26 15:28:06.529,16999,17000,17000,10,10
2021-08-26 15:28:06.529,16999,17000,17000,10,10
2021-08-26 15:28:06.530,16999,17000,17001,5,5
2021-08-26 15:28:06.530,16999,17000,17001,1,1
2021-08-26 15:28:06.531,16999,17000,17001,1,1
2021-08-26 15:28:06.531,16999,17000,17001,5,5
2021-08-26 15:28:06.531,16999,17000,17001,4,4
2021-08-26 15:28:06.835,17000,17002,17002,1,1
2021-08-26 15:28:08.783,17001,17002,17001,1,-1
2021-08-26 15:28:08.942,17000,17002,17000,1,-1
2021-08-26 15:28:09.332,17001,17002,17001,1,1
2021-08-26 15:28:11.600,17001,17002,17001,3,-3
2021-08-26 15:28:11.600,17001,17002,17000,7,-7
2021-08-26 15:28:11.600,17001,17002,17000,1,-1
2021-08-26 15:28:11.600,17001,17002,17000,1,-1
2021-08-26 15:28:11.602,17001,17002,17000,3,-3
2021-08-26 15:28:14.496,17000,17001,17001,3,3
2021-08-26 15:28:14.701,17000,17001,17001,1,1
2021-08-26 15:28:15.243,17000,17001,17001,1,1
2021-08-26 15:28:17.191,17000,17001,17000,1,-1
2021-08-26 15:28:20.441,17000,17001,17001,1,1
2021-08-26 15:28:21.189,17000,17001,17001,1,1
2021-08-26 15:28:21.256,17000,17001,17001,4,4
2021-08-26 15:28:21.335,17000,17001,17000,1,-1
2021-08-26 15:28:22.464,17000,17001,17000,14,-14
2021-08-26 15:28:22.466,17000,17001,16999,10,-10
2021-08-26 15:28:22.467,17000,17001,16998,7,-7
2021-08-26 15:28:22.501,17000,17001,16998,1,-1
2021-08-26 15:28:22.584,16997,16998,16998,1,1
2021-08-26 15:28:25.651,16997,16998,16997,3,-3
2021-08-26 15:28:27.900,16996,16997,16996,2,-2
2021-08-26 15:28:28.418,16996,16997,16996,1,-1
2021-08-26 15:28:30.163,16996,16997,16997,1,1
2021-08-26 15:28:30.519,16996,16997,16996,1,-1
2021-08-26 15:28:32.458,16996,16997,16996,1,-1
2021-08-26 15:28:32.458,16996,16997,16995,1,-1
2021-08-26 15:28:36.362,16995,16996,16995,1,-1
2021-08-26 15:28:37.295,16995,16996,16995,4,-4
2021-08-26 15:28:37.831,16994,16995,16994,1,-1
2021-08-26 15:28:38.471,16994,16995,16995,1,1
2021-08-26 15:28:39.263,16994,16995,16995,1,1
2021-08-26 15:28:39.750,16994,16995,16995,2,2
2021-08-26 15:28:39.954,16994,16995,16995,1,1
2021-08-26 15:28:41.920,16994,16995,16995,1,1
2021-08-26 15:28:44.034,16994,16995,16994,1,-1
2021-08-26 15:28:44.152,16994,16995,16995,1,1
2021-08-26 15:28:44.997,16995,16996,16995,1,-1
2021-08-26 15:28:46.426,16994,16996,16996,1,1
2021-08-26 15:28:49.509,16994,16995,16994,1,-1
2021-08-26 15:28:49.555,16994,16995,16994,1,-1
2021-08-26 15:28:53.749,16993,16994,16993,1,-1
2021-08-26 15:28:54.206,16992,16994,16992,1,-1
2021-08-26 15:28:55.757,16993,16994,16994,4,4
2021-08-26 15:28:56.236,16994,16995,16994,1,-1
2021-08-26 15:28:56.312,16994,16995,16994,1,-1
2021-08-26 15:28:58.330,16994,16995,16995,2,2
2021-08-26 15:28:58.330,16994,16995,16995,11,11
2021-08-26 15:28:58.404,16995,16996,16996,3,3
2021-08-26 15:28:58.951,16995,16997,16995,1,-1
2021-08-26 15:29:00.957,16996,16997,16996,1,1
2021-08-26 15:29:02.044,16996,16997,16997,1,1
2021-08-26 15:29:02.045,16996,16997,16997,10,10
2021-08-26 15:29:02.131,16997,16998,16997,3,-3
2021-08-26 15:29:02.131,16997,16998,16996,5,-5
2021-08-26 15:29:03.582,16997,16998,16998,2,2
2021-08-26 15:29:03.622,16997,16998,16997,1,-1
2021-08-26 15:29:04.174,16997,16998,16998,1,1
2021-08-26 15:29:04.623,16997,16998,16998,6,6
2021-08-26 15:29:04.624,16997,16998,16998,4,4
2021-08-26 15:29:04.819,16997,16999,16997,12,-12
2021-08-26 15:29:04.821,16997,16999,16997,7,-7
2021-08-26 15:29:04.821,16997,16999,16997,7,-7
2021-08-26 15:29:06.183,16997,16999,16999,1,1
2021-08-26 15:29:06.183,16997,16999,16999,1,1
2021-08-26 15:29:06.183,16997,16999,16999,1,1
2021-08-26 15:29:06.184,16997,16999,16999,2,2
2021-08-26 15:29:06.184,16997,16999,16999,3,3
2021-08-26 15:29:06.527,16999,17000,16999,1,-1
2021-08-26 15:29:09.137,16997,16998,16997,1,-1
2021-08-26 15:29:10.105,16996,16997,16996,1,-1
2021-08-26 15:29:10.105,16996,16997,16995,3,-3
2021-08-26 15:29:11.095,16995,16996,16997,1,1
2021-08-26 15:29:11.312,16995,16997,16995,9,-9
2021-08-26 15:29:11.314,16995,16997,16994,2,-2
2021-08-26 15:29:11.574,16994,16995,16994,1,-1
2021-08-26 15:29:11.574,16994,16995,16994,1,-1
2021-08-26 15:29:11.719,16993,16994,16993,1,-1
2021-08-26 15:29:11.719,16993,16994,16992,3,-3
2021-08-26 15:29:12.035,16992,16994,16994,2,2
2021-08-26 15:29:12.766,16992,16994,16994,5,5
2021-08-26 15:29:12.767,16992,16994,16994,1,1
2021-08-26 15:29:15.086,16992,16993,16993,1,1
2021-08-26 15:29:19.158,16992,16993,16993,1,1
2021-08-26 15:29:19.443,16992,16993,16993,10,10
2021-08-26 15:29:19.611,16992,16993,16993,2,2
2021-08-26 15:29:19.633,16992,16993,16993,10,10
2021-08-26 15:29:19.731,16992,16993,16993,1,1
2021-08-26 15:29:20.454,16993,16994,16994,2,2
2021-08-26 15:29:20.455,16993,16994,16994,1,1
2021-08-26 15:29:21.727,16993,16994,16992,2,-2
2021-08-26 15:29:22.154,16992,16994,16992,1,-1
2021-08-26 15:29:23.048,16992,16994,16992,4,-4
2021-08-26 15:29:24.030,16992,16993,16992,1,-1
2021-08-26 15:29:24.875,16992,16993,16992,1,-1
2021-08-26 15:29:24.875,16992,16993,16991,3,-3
2021-08-26 15:29:26.410,16991,16993,16993,2,2
2021-08-26 15:29:26.945,16991,16993,16993,8,8
2021-08-26 15:29:26.946,16991,16993,16993,1,1
2021-08-26 15:29:26.946,16991,16993,16993,1,1
2021-08-26 15:29:27.078,16991,16993,16993,2,2
2021-08-26 15:29:27.129,16993,16994,16994,1,1
2021-08-26 15:29:27.129,16993,16994,16994,1,1
2021-08-26 15:29:27.792,16993,16994,16993,1,-1
2021-08-26 15:29:27.792,16993,16994,16994,1,1
2021-08-26 15:29:29.200,16993,16994,16993,1,-1
2021-08-26 15:29:31.878,16993,16994,16994,1,1
2021-08-26 15:29:35.008,16993,16994,16994,10,10
2021-08-26 15:29:35.129,16993,16994,16994,7,7
2021-08-26 15:29:37.820,16994,16995,16994,1,-1
2021-08-26 15:29:37.820,16994,16995,16993,2,-2
2021-08-26 15:29:37.956,16993,16995,16995,1,1
2021-08-26 15:29:40.948,16994,16995,16994,1,-1
2021-08-26 15:29:42.859,16993,16994,16994,1,1
2021-08-26 15:29:43.092,16993,16994,16993,5,-5
2021-08-26 15:29:43.436,16993,16994,16994,1,1
2021-08-26 15:29:45.813,16993,16994,16993,1,-1
2021-08-26 15:29:46.151,16992,16993,16993,4,4
2021-08-26 15:29:46.151,16992,16993,16994,6,6
2021-08-26 15:29:46.872,16992,16994,16992,1,-1
2021-08-26 15:29:47.139,16992,16994,16994,5,5
2021-08-26 15:29:51.028,16992,16994,16992,1,-1
2021-08-26 15:29:53.336,16992,16994,16992,1,-1
2021-08-26 15:29:53.598,16992,16994,16994,7,7
2021-08-26 15:29:53.599,16992,16994,16994,3,3
2021-08-26 15:29:53.759,16992,16994,16994,3,3
2021-08-26 15:29:53.760,16992,16994,16994,7,7
2021-08-26 15:29:56.699,16992,16994,16994,1,1
2021-08-26 15:29:58.172,16992,16994,16992,2,-2
2021-08-26 15:30:01.131,16993,16994,16994,1,1
2021-08-26 15:30:01.315,16993,16995,16995,1,1
2021-08-26 15:30:01.497,16994,16995,16995,1,1
2021-08-26 15:30:01.515,16994,16995,16994,1,-1
2021-08-26 15:30:01.603,16994,16995,16995,2,2
2021-08-26 15:30:01.627,16994,16995,16995,2,2
2021-08-26 15:30:01.650,16994,16995,16995,1,1
2021-08-26 15:30:01.650,16994,16995,16995,1,1
2021-08-26 15:30:01.650,16994,16995,16995,2,2
2021-08-26 15:30:01.650,16994,16995,16995,10,10
2021-08-26 15:30:01.650,16994,16995,16995,1,1
2021-08-26 15:30:01.650,16994,16995,16995,5,5
2021-08-26 15:30:01.650,16994,16995,16995,28,28
2021-08-26 15:30:01.664,16994,16995,16996,1,1
2021-08-26 15:30:01.664,16994,16995,16996,1,1
2021-08-26 15:30:01.692,16994,16995,16996,5,5
2021-08-26 15:30:01.692,16994,16995,16996,1,1
2021-08-26 15:30:01.693,16994,16995,16996,1,1
2021-08-26 15:30:01.693,16994,16995,16996,4,4
2021-08-26 15:30:01.869,16995,16997,16997,2,2
2021-08-26 15:30:05.283,16995,16996,16995,5,-5
2021-08-26 15:30:06.737,16995,16996,16996,1,1
2021-08-26 15:30:09.853,16996,16997,16996,1,-1
2021-08-26 15:30:09.879,16995,16996,16996,1,1
2021-08-26 15:30:09.879,16995,16996,16997,1,1
2021-08-26 15:30:09.879,16995,16996,16997,1,1
2021-08-26 15:30:09.880,16995,16996,16997,1,1
2021-08-26 15:30:09.880,16995,16996,16997,1,1
2021-08-26 15:30:09.880,16995,16996,16997,1,1
2021-08-26 15:30:09.880,16995,16996,16997,1,1
2021-08-26 15:30:11.058,16995,16996,16995,1,-1
2021-08-26 15:30:11.058,16995,16996,16995,1,-1
2021-08-26 15:30:11.227,16994,16996,16996,2,2
2021-08-26 15:30:11.529,16994,16996,16996,7,7
2021-08-26 15:30:11.529,16994,16996,16997,3,3
2021-08-26 15:30:18.698,16995,16996,16996,2,2
2021-08-26 15:30:18.779,16995,16997,16997,1,1
2021-08-26 15:30:18.780,16995,16997,16997,1,1
2021-08-26 15:30:21.128,16995,16997,16997,1,1
2021-08-26 15:30:22.698,16996,16997,16996,2,-2
2021-08-26 15:30:24.891,16995,16997,16997,1,1
2021-08-26 15:30:25.927,16996,16997,16997,1,1
2021-08-26 15:30:28.509,16996,16998,16998,1,1
2021-08-26 15:30:28.509,16996,16998,16998,1,1
2021-08-26 15:30:31.276,16996,16998,16997,1,-1
2021-08-26 15:30:31.276,16996,16998,16998,1,1
2021-08-26 15:30:31.335,16996,16998,16998,5,5
2021-08-26 15:30:31.335,16996,16998,16998,1,1
2021-08-26 15:30:31.381,16996,16998,16998,1,1
2021-08-26 15:30:32.243,16996,16998,16998,1,1
2021-08-26 15:30:32.429,16997,16998,16998,1,1
2021-08-26 15:30:34.224,16996,16998,16998,1,1
2021-08-26 15:30:35.468,16996,16998,16998,1,1
2021-08-26 15:30:35.786,16996,16998,16998,1,1
2021-08-26 15:30:37.045,16997,16999,16997,1,-1
2021-08-26 15:30:37.295,16997,16999,16999,1,1
2021-08-26 15:30:37.349,16997,16999,16998,2,-2
2021-08-26 15:30:38.413,16998,16999,16999,5,5
2021-08-26 15:30:38.413,16998,16999,16999,1,1
2021-08-26 15:30:39.116,16998,16999,16999,1,1
2021-08-26 15:30:39.116,16998,16999,16999,1,1
2021-08-26 15:30:42.269,16998,16999,16999,1,1
2021-08-26 15:30:42.294,16998,16999,16999,2,2
2021-08-26 15:30:42.516,16998,16999,16999,1,1
2021-08-26 15:30:45.254,16998,16999,16999,3,3
2021-08-26 15:30:45.254,16998,16999,17000,1,1
2021-08-26 15:30:45.521,16998,17000,17000,2,2
2021-08-26 15:30:47.687,16998,17000,16998,1,-1
2021-08-26 15:30:49.696,16999,17000,16999,1,1
2021-08-26 15:30:53.570,16999,17000,16999,1,-1
2021-08-26 15:30:57.518,16998,17000,16998,12,-12
2021-08-26 15:30:57.520,16998,17000,16997,1,-1
2021-08-26 15:30:58.377,16996,16997,16997,1,1
2021-08-26 15:30:58.379,16996,16997,16997,1,1
2021-08-26 15:30:58.886,16996,16997,16996,1,-1
2021-08-26 15:30:58.895,16996,16997,16997,1,1
2021-08-26 15:30:59.431,16996,16997,16996,1,-1
2021-08-26 15:30:59.431,16996,16997,16996,5,-5
2021-08-26 15:31:01.720,16995,16996,16996,1,1
2021-08-26 15:31:03.670,16997,16999,16999,1,1
2021-08-26 15:31:08.368,16998,16999,16998,1,-1
2021-08-26 15:31:08.953,16996,16998,16998,1,1
2021-08-26 15:31:12.722,16997,16998,16998,1,1
2021-08-26 15:31:16.154,16997,16998,16998,1,1
2021-08-26 15:31:19.089,16997,16998,16997,1,-1
2021-08-26 15:31:19.650,16996,16997,16996,2,-2
2021-08-26 15:31:19.650,16996,16997,16996,1,-1
2021-08-26 15:31:19.650,16996,16997,16996,3,-3
2021-08-26 15:31:22.254,16996,16997,16996,1,-1
2021-08-26 15:31:22.904,16995,16997,16995,1,-1
2021-08-26 15:31:24.512,16995,16997,16995,1,-1
2021-08-26 15:31:29.236,16995,16997,16995,1,-1
2021-08-26 15:31:32.317,16995,16996,16996,2,2
2021-08-26 15:31:32.317,16995,16996,16997,1,1
2021-08-26 15:31:38.509,16995,16996,16995,1,-1
2021-08-26 15:31:42.106,16995,16996,16996,1,1
2021-08-26 15:31:48.565,16996,16997,16997,1,1
2021-08-26 15:31:53.449,16997,16998,16998,1,1
2021-08-26 15:31:55.814,16997,16998,16997,1,-1
2021-08-26 15:31:55.815,16997,16998,16997,1,-1
2021-08-26 15:31:55.819,16997,16998,16996,2,-2
2021-08-26 15:31:56.975,16996,16997,16996,1,-1
2021-08-26 15:32:06.715,16996,16997,16997,3,3
2021-08-26 15:32:06.756,16996,16997,16997,1,1
2021-08-26 15:32:06.757,16996,16997,16997,1,1
2021-08-26 15:32:07.344,16996,16998,16998,1,1
2021-08-26 15:32:07.379,16996,16998,16998,1,1
2021-08-26 15:32:07.380,16996,16998,16999,1,1
2021-08-26 15:32:23.282,16997,16998,16997,2,-2
2021-08-26 15:32:24.385,16996,16998,16998,1,1
2021-08-26 15:32:24.504,16996,16998,16998,1,1
2021-08-26 15:32:25.700,16997,16998,16997,1,-1
2021-08-26 15:32:27.007,16996,16998,16998,1,1
2021-08-26 15:32:27.608,16997,16998,16997,1,-1
2021-08-26 15:32:36.274,16996,16998,16998,1,1
2021-08-26 15:32:36.379,16996,16998,16998,1,1
2021-08-26 15:32:36.379,16996,16998,16998,1,1
2021-08-26 15:32:36.380,16996,16998,16999,1,1
2021-08-26 15:32:38.746,16997,16999,16997,1,-1
2021-08-26 15:32:47.808,16998,16999,16998,1,1
2021-08-26 15:32:48.238,16997,16999,16999,2,2
2021-08-26 15:32:57.866,16998,16999,16998,1,-1
2021-08-26 15:32:57.866,16998,16999,16998,2,-2
2021-08-26 15:33:02.265,16998,16999,16999,2,2
2021-08-26 15:33:02.266,16998,16999,16999,3,3
2021-08-26 15:33:02.266,16998,16999,16999,2,2
2021-08-26 15:33:02.279,16998,16999,17000,5,5
2021-08-26 15:33:02.279,16998,16999,17000,1,1
2021-08-26 15:33:02.280,16998,16999,17000,8,8
2021-08-26 15:33:02.280,16998,16999,17000,5,5
2021-08-26 15:33:02.280,16998,16999,17000,1,1
2021-08-26 15:33:02.280,16998,16999,17000,1,1
2021-08-26 15:33:02.280,16998,16999,17000,1,1
2021-08-26 15:33:02.282,16998,16999,17001,2,2
2021-08-26 15:33:04.317,17001,17002,17002,5,5
2021-08-26 15:33:04.354,17001,17002,17002,1,1
2021-08-26 15:33:04.639,17002,17003,17002,1,-1
2021-08-26 15:33:05.332,17002,17003,17002,1,-1
2021-08-26 15:33:06.942,17002,17003,17003,1,1
2021-08-26 15:33:06.942,17002,17003,17003,1,1
2021-08-26 15:33:06.943,17002,17003,17003,1,1
2021-08-26 15:33:08.477,17003,17004,17003,1,-1
2021-08-26 15:33:09.650,17001,17004,17004,1,1
2021-08-26 15:33:10.813,17003,17004,17003,2,-2
2021-08-26 15:33:11.377,17002,17004,17004,1,1
2021-08-26 15:33:11.520,17002,17004,17004,1,1
2021-08-26 15:33:14.790,17003,17004,17004,1,1
2021-08-26 15:33:15.109,17003,17004,17004,3,3
2021-08-26 15:33:22.062,17003,17004,17004,3,3
2021-08-26 15:33:22.507,17004,17005,17004,1,-1
2021-08-26 15:33:22.616,17004,17005,17004,1,-1
2021-08-26 15:33:23.170,17003,17004,17003,1,-1
2021-08-26 15:33:24.555,17003,17004,17003,5,-5
2021-08-26 15:33:25.304,17003,17004,17004,1,1
2021-08-26 15:33:25.515,17003,17004,17003,1,-1
2021-08-26 15:33:28.388,17003,17004,17004,1,1
2021-08-26 15:33:32.453,17003,17004,17004,4,4
2021-08-26 15:33:33.311,17003,17004,17004,2,2
2021-08-26 15:33:33.767,17004,17005,17004,1,-1
2021-08-26 15:33:34.168,17004,17005,17004,1,-1
2021-08-26 15:33:35.959,17004,17005,17005,1,1
2021-08-26 15:33:38.577,17004,17005,17005,3,3
2021-08-26 15:33:38.810,17004,17005,17005,1,1
2021-08-26 15:33:40.427,17004,17005,17005,1,1
2021-08-26 15:33:41.068,17004,17005,17004,1,-1
2021-08-26 15:33:41.774,17004,17005,17005,10,10
2021-08-26 15:33:41.775,17004,17005,17005,2,2
2021-08-26 15:33:42.436,17005,17007,17005,2,-2
2021-08-26 15:33:43.123,17004,17005,17004,7,-7
2021-08-26 15:33:44.238,17003,17005,17005,1,1
2021-08-26 15:33:45.104,17004,17005,17005,1,1
2021-08-26 15:33:45.615,17004,17005,17004,1,-1
2021-08-26 15:33:47.875,17003,17004,17004,1,1
2021-08-26 15:33:49.438,17003,17004,17004,1,1
2021-08-26 15:33:49.855,17003,17004,17003,1,-1
2021-08-26 15:33:49.855,17003,17004,17003,3,-3
2021-08-26 15:33:51.675,17002,17004,17002,1,-1
2021-08-26 15:33:51.795,17002,17004,17002,1,-1
2021-08-26 15:33:59.530,17002,17003,17003,1,1
2021-08-26 15:33:59.708,17002,17004,17004,2,2
2021-08-26 15:34:00.174,17003,17004,17004,2,2
2021-08-26 15:34:00.255,17004,17005,17005,1,1
2021-08-26 15:34:00.257,17004,17005,17005,1,1
2021-08-26 15:34:00.259,17004,17005,17005,1,1
2021-08-26 15:34:00.459,17004,17005,17005,2,2
2021-08-26 15:34:01.151,17004,17005,17005,1,1
2021-08-26 15:34:01.254,17004,17005,17005,1,1
2021-08-26 15:34:04.883,17002,17004,17002,1,-1
2021-08-26 15:34:13.541,17003,17004,17003,3,3
2021-08-26 15:34:13.894,17002,17003,17003,1,1
2021-08-26 15:34:14.157,17002,17003,17002,11,-11
2021-08-26 15:34:14.159,17002,17003,17001,1,-1
2021-08-26 15:34:14.160,17002,17003,17001,1,-1
2021-08-26 15:34:14.160,17002,17003,17001,6,-6
2021-08-26 15:34:14.254,17000,17001,17001,1,1
2021-08-26 15:34:14.254,17000,17001,17001,1,1
2021-08-26 15:34:14.254,17000,17001,17002,1,1
2021-08-26 15:34:14.255,17000,17001,17002,1,1
2021-08-26 15:34:14.256,17000,17001,17002,1,1
2021-08-26 15:34:14.305,17000,17001,17000,1,-1
2021-08-26 15:34:14.475,17000,17002,17000,4,-4
2021-08-26 15:34:15.080,16999,17001,17001,2,2
2021-08-26 15:34:15.115,16999,17001,17001,1,1
2021-08-26 15:34:15.977,16999,17001,16999,4,-4
2021-08-26 15:34:15.978,16999,17001,16999,5,-5
2021-08-26 15:34:19.249,16998,17000,17000,1,1
2021-08-26 15:34:24.672,16999,17000,17000,1,1
2021-08-26 15:34:24.754,16999,17001,17001,1,1
2021-08-26 15:34:24.754,16999,17001,17001,1,1
2021-08-26 15:34:24.754,16999,17001,17001,1,1
2021-08-26 15:34:24.755,16999,17001,17001,1,1
2021-08-26 15:34:24.756,16999,17001,17002,1,1
2021-08-26 15:34:24.756,16999,17001,17002,1,1
2021-08-26 15:34:24.756,16999,17001,17002,1,1
2021-08-26 15:34:24.757,16999,17001,17002,1,1
2021-08-26 15:34:24.757,16999,17001,17002,1,1
2021-08-26 15:34:24.758,16999,17001,17002,1,1
2021-08-26 15:34:24.758,16999,17001,17002,1,1
2021-08-26 15:34:31.682,17000,17002,17002,1,1
2021-08-26 15:34:31.805,17000,17002,17002,7,7
2021-08-26 15:34:31.805,17000,17002,17003,3,3
2021-08-26 15:34:37.503,17001,17003,17003,4,4
2021-08-26 15:34:37.504,17001,17003,17003,4,4
2021-08-26 15:34:37.504,17001,17003,17003,2,2
2021-08-26 15:34:41.680,17001,17004,17001,2,-2
2021-08-26 15:34:42.404,17001,17003,17003,2,2
2021-08-26 15:34:47.601,17003,17004,17004,2,2
2021-08-26 15:34:49.719,17003,17004,17004,7,7
2021-08-26 15:34:50.061,17004,17005,17004,1,-1
2021-08-26 15:34:50.403,17004,17005,17004,2,-2
2021-08-26 15:34:51.941,17004,17005,17005,2,2
2021-08-26 15:34:54.704,17004,17005,17005,1,1
2021-08-26 15:34:58.415,17004,17005,17004,3,-3
2021-08-26 15:34:59.363,17003,17004,17004,3,3
2021-08-26 15:35:02.024,17004,17005,17005,21,21
2021-08-26 15:35:02.024,17004,17005,17005,7,7
2021-08-26 15:35:02.024,17004,17005,17005,1,1
2021-08-26 15:35:02.025,17004,17005,17005,9,9
2021-08-26 15:35:02.025,17004,17005,17005,4,4
2021-08-26 15:35:02.026,17004,17005,17006,3,3
2021-08-26 15:35:02.026,17004,17005,17006,3,3
2021-08-26 15:35:02.026,17004,17005,17006,1,1
2021-08-26 15:35:02.513,17005,17007,17007,1,1
2021-08-26 15:35:03.040,17005,17007,17007,1,1
2021-08-26 15:35:03.879,17006,17007,17007,1,1
2021-08-26 15:35:03.879,17006,17007,17007,2,2
2021-08-26 15:35:03.879,17006,17007,17007,1,1
2021-08-26 15:35:03.879,17006,17007,17007,2,2
2021-08-26 15:35:03.879,17006,17007,17007,1,1
2021-08-26 15:35:03.879,17006,17007,17007,1,1
2021-08-26 15:35:04.289,17007,17008,17008,1,1
2021-08-26 15:35:07.796,17006,17008,17006,1,-1
2021-08-26 15:35:09.665,17006,17008,17006,3,-3
2021-08-26 15:35:09.937,17006,17008,17005,1,-1
2021-08-26 15:35:12.117,17006,17007,17006,1,1
2021-08-26 15:35:12.117,17006,17007,17005,1,-1
2021-08-26 15:35:12.432,17005,17007,17007,1,1
2021-08-26 15:35:12.464,17005,17007,17007,4,4
2021-08-26 15:35:12.464,17005,17007,17008,6,6
2021-08-26 15:35:12.855,17006,17008,17008,1,1
2021-08-26 15:35:15.014,17007,17008,17008,1,1
2021-08-26 15:35:15.026,17007,17008,17007,1,-1
2021-08-26 15:35:17.131,17007,17008,17007,1,-1
2021-08-26 15:35:17.721,17006,17007,17006,1,-1
2021-08-26 15:35:17.919,17006,17007,17007,1,1
2021-08-26 15:35:17.920,17006,17007,17007,3,3
2021-08-26 15:35:18.180,17007,17008,17008,1,1
2021-08-26 15:35:18.511,17008,17009,17009,2,2
2021-08-26 15:35:18.511,17008,17009,17010,3,3
2021-08-26 15:35:19.252,17009,17010,17010,1,1
2021-08-26 15:35:19.356,17009,17010,17010,1,1
2021-08-26 15:35:19.659,17009,17010,17010,5,5
2021-08-26 15:35:19.660,17009,17010,17010,6,6
2021-08-26 15:35:20.032,17009,17010,17009,1,-1
2021-08-26 15:35:20.400,17009,17010,17010,1,1
2021-08-26 15:35:21.130,17009,17010,17010,4,4
2021-08-26 15:35:21.638,17009,17010,17009,1,-1
2021-08-26 15:35:21.798,17009,17010,17009,1,-1
2021-08-26 15:35:22.311,17009,17010,17010,2,2
2021-08-26 15:35:22.481,17009,17010,17009,1,-1
2021-08-26 15:35:23.783,17009,17010,17010,1,1
2021-08-26 15:35:23.783,17009,17010,17010,2,2
2021-08-26 15:35:23.908,17010,17011,17010,1,-1
2021-08-26 15:35:23.930,17010,17011,17011,4,4
2021-08-26 15:35:24.120,17010,17012,17009,1,-1
2021-08-26 15:35:26.579,17010,17011,17010,1,1
2021-08-26 15:35:28.306,17010,17011,17011,1,1
2021-08-26 15:35:29.683,17010,17011,17011,1,1
2021-08-26 15:35:30.704,17010,17012,17012,1,1
2021-08-26 15:35:30.986,17010,17012,17012,1,1
2021-08-26 15:35:31.093,17010,17012,17012,1,1
2021-08-26 15:35:32.443,17011,17012,17012,1,1
2021-08-26 15:35:32.622,17011,17012,17011,1,-1
2021-08-26 15:35:32.634,17011,17012,17011,2,-2
2021-08-26 15:35:33.842,17011,17012,17011,1,-1
2021-08-26 15:35:34.104,17011,17012,17012,1,1
2021-08-26 15:35:34.104,17011,17012,17012,1,1
2021-08-26 15:35:34.104,17011,17012,17012,1,1
2021-08-26 15:35:36.835,17011,17013,17013,1,1
2021-08-26 15:35:37.042,17011,17013,17013,2,2
2021-08-26 15:35:37.831,17011,17012,17011,5,-5
2021-08-26 15:35:38.589,17010,17012,17012,2,2
2021-08-26 15:35:39.171,17010,17011,17010,2,-2
2021-08-26 15:35:39.172,17010,17011,17010,11,-11
2021-08-26 15:35:39.172,17010,17011,17010,1,-1
2021-08-26 15:35:39.172,17010,17011,17010,1,-1
2021-08-26 15:35:39.173,17010,17011,17009,17,-17
2021-08-26 15:35:39.175,17010,17011,17008,1,-1
2021-08-26 15:35:39.175,17010,17011,17008,3,-3
2021-08-26 15:35:39.261,17006,17008,17008,1,1
2021-08-26 15:35:39.302,17006,17008,17007,1,-1
2021-08-26 15:35:39.384,17006,17008,17008,2,2
2021-08-26 15:35:39.581,17006,17008,17006,3,-3
2021-08-26 15:35:42.169,17009,17011,17009,3,3
2021-08-26 15:35:45.665,17007,17008,17007,1,-1
2021-08-26 15:35:46.080,17006,17008,17008,1,1
2021-08-26 15:35:47.353,17006,17008,17008,1,1
2021-08-26 15:35:47.990,17006,17008,17008,9,9
2021-08-26 15:35:47.990,17006,17008,17009,1,1
2021-08-26 15:35:47.991,17006,17008,17008,1,1
2021-08-26 15:35:54.704,17007,17010,17010,2,2
2021-08-26 15:35:56.582,17009,17010,17009,1,-1
2021-08-26 15:35:56.734,17009,17010,17010,1,1
2021-08-26 15:35:56.734,17009,17010,17010,1,1
2021-08-26 15:35:56.734,17009,17010,17010,1,1
2021-08-26 15:35:56.741,17009,17010,17012,2,2
2021-08-26 15:35:56.741,17009,17010,17012,1,1
2021-08-26 15:35:56.741,17009,17010,17012,2,2
2021-08-26 15:35:56.742,17009,17010,17012,2,2
2021-08-26 15:35:56.742,17009,17010,17011,2,2
2021-08-26 15:35:56.759,17011,17012,17012,1,1
2021-08-26 15:35:56.769,17011,17012,17012,1,1
2021-08-26 15:35:56.781,17011,17012,17012,1,1
2021-08-26 15:35:59.349,17011,17012,17011,1,-1
2021-08-26 15:36:01.312,17011,17012,17011,1,-1
2021-08-26 15:36:01.550,17010,17012,17012,1,1
2021-08-26 15:36:01.576,17010,17012,17012,2,2
2021-08-26 15:36:01.753,17011,17013,17013,1,1
2021-08-26 15:36:02.441,17011,17013,17013,1,1
2021-08-26 15:36:03.100,17011,17012,17012,1,1
2021-08-26 15:36:03.106,17011,17012,17013,1,1
2021-08-26 15:36:03.107,17011,17012,17013,2,2
2021-08-26 15:36:09.686,17010,17013,17013,8,8
2021-08-26 15:36:09.686,17010,17013,17013,2,2
2021-08-26 15:36:10.928,17010,17013,17011,1,-1
2021-08-26 15:36:11.004,17010,17013,17013,1,1
2021-08-26 15:36:11.549,17011,17013,17013,1,1
2021-08-26 15:36:11.797,17011,17013,17013,1,1
2021-08-26 15:36:12.695,17010,17012,17010,1,-1
2021-08-26 15:36:14.695,17011,17012,17012,1,1
2021-08-26 15:36:16.225,17010,17012,17012,2,2
2021-08-26 15:36:16.558,17010,17013,17013,10,10
2021-08-26 15:36:19.699,17011,17013,17012,1,-1
2021-08-26 15:36:19.754,17012,17013,17013,1,1
2021-08-26 15:36:21.686,17012,17013,17013,1,1
2021-08-26 15:36:24.365,17011,17013,17011,1,-1
2021-08-26 15:36:24.571,17011,17012,17012,5,5
2021-08-26 15:36:24.571,17011,17012,17013,5,5
2021-08-26 15:36:24.581,17011,17012,17012,1,1
2021-08-26 15:36:27.441,17012,17013,17012,1,-1
2021-08-26 15:36:29.814,17011,17012,17011,2,-2
2021-08-26 15:36:31.118,17010,17011,17010,1,-1
2021-08-26 15:36:31.533,17010,17012,17010,1,-1
2021-08-26 15:36:31.761,17010,17012,17011,1,1
2021-08-26 15:36:32.544,17010,17012,17010,1,-1
2021-08-26 15:36:32.545,17010,17012,17010,2,-2
2021-08-26 15:36:32.545,17010,17012,17010,5,-5
2021-08-26 15:36:37.791,17009,17010,17010,6,6
2021-08-26 15:36:37.791,17009,17010,17011,4,4
2021-08-26 15:36:37.792,17009,17010,17009,1,-1
2021-08-26 15:36:44.207,17010,17011,17011,1,1
2021-08-26 15:36:44.207,17010,17011,17011,1,1
2021-08-26 15:36:47.352,17011,17013,17011,1,-1
2021-08-26 15:36:54.252,17011,17012,17011,1,-1
2021-08-26 15:36:58.774,17011,17012,17012,2,2
2021-08-26 15:36:58.859,17011,17012,17013,2,2
2021-08-26 15:37:02.027,17011,17013,17011,1,-1
2021-08-26 15:37:03.973,17011,17013,17013,2,2
2021-08-26 15:37:04.832,17011,17012,17011,3,-3
2021-08-26 15:37:08.468,17011,17012,17012,1,1
2021-08-26 15:37:11.678,17011,17013,17013,2,2
2021-08-26 15:37:11.754,17013,17014,17014,1,1
2021-08-26 15:37:11.754,17013,17014,17014,1,1
2021-08-26 15:37:12.260,17013,17014,17013,1,-1
2021-08-26 15:37:12.770,17013,17014,17013,7,-7
2021-08-26 15:37:15.111,17011,17012,17011,1,-1
2021-08-26 15:37:15.118,17011,17012,17011,1,-1
2021-08-26 15:37:19.153,17010,17011,17011,1,1
2021-08-26 15:37:21.034,17010,17011,17010,2,-2
2021-08-26 15:37:21.130,17009,17011,17011,1,1
2021-08-26 15:37:21.402,17010,17012,17010,1,-1
2021-08-26 15:37:21.437,17010,17012,17012,3,3
2021-08-26 15:37:23.191,17011,17012,17011,1,-1
2021-08-26 15:37:27.149,17010,17011,17011,1,1
2021-08-26 15:37:28.710,17010,17011,17011,2,2
