2021-01-12 15:00:00.080,15497,15498,15500,92,92
2021-01-12 15:00:00.082,15497,15498,15500,6,6
2021-01-12 15:00:00.122,15499,15501,15499,1,-1
2021-01-12 15:00:00.244,15499,15501,15501,1,1
2021-01-12 15:00:00.292,15499,15501,15501,1,1
2021-01-12 15:00:00.293,15499,15501,15501,3,3
2021-01-12 15:00:00.312,15499,15501,15500,1,-1
2021-01-12 15:00:00.394,15499,15501,15500,1,-1
2021-01-12 15:00:00.433,15500,15502,15500,2,-2
2021-01-12 15:00:00.433,15500,15502,15499,1,-1
2021-01-12 15:00:00.439,15500,15502,15502,1,1
2021-01-12 15:00:00.477,15500,15502,15500,2,-2
2021-01-12 15:00:00.487,15500,15502,15500,1,-1
2021-01-12 15:00:00.540,15500,15502,15500,1,-1
2021-01-12 15:00:00.540,15500,15502,15499,1,-1
2021-01-12 15:00:00.543,15500,15502,15500,1,1
2021-01-12 15:00:00.550,15500,15502,15501,1,1
2021-01-12 15:00:00.550,15500,15502,15501,3,-3
2021-01-12 15:00:00.555,15500,15502,15500,2,-2
2021-01-12 15:00:00.556,15500,15502,15502,1,1
2021-01-12 15:00:00.557,15500,15502,15502,1,1
2021-01-12 15:00:00.558,15500,15502,15500,1,-1
2021-01-12 15:00:00.559,15500,15502,15502,1,1
2021-01-12 15:00:00.562,15500,15502,15500,1,-1
2021-01-12 15:00:00.571,15500,15502,15502,1,1
2021-01-12 15:00:00.585,15500,15502,15502,1,1
2021-01-12 15:00:00.643,15500,15502,15502,1,1
2021-01-12 15:00:00.644,15500,15502,15502,3,3
2021-01-12 15:00:00.645,15500,15502,15503,2,2
2021-01-12 15:00:00.653,15500,15503,15500,1,-1
2021-01-12 15:00:00.661,15500,15503,15500,1,-1
2021-01-12 15:00:00.678,15500,15503,15500,1,-1
2021-01-12 15:00:00.684,15500,15503,15500,1,-1
2021-01-12 15:00:00.684,15500,15503,15499,1,-1
2021-01-12 15:00:00.713,15500,15503,15500,1,1
2021-01-12 15:00:00.720,15500,15503,15500,2,-2
2021-01-12 15:00:00.722,15500,15503,15500,1,-1
2021-01-12 15:00:00.722,15500,15503,15499,1,-1
2021-01-12 15:00:00.723,15500,15503,15499,3,-3
2021-01-12 15:00:00.727,15500,15503,15500,1,1
2021-01-12 15:00:00.745,15500,15503,15500,1,-1
2021-01-12 15:00:00.778,15500,15503,15500,1,-1
2021-01-12 15:00:00.781,15500,15503,15503,1,1
2021-01-12 15:00:00.783,15500,15503,15500,1,-1
2021-01-12 15:00:00.796,15500,15503,15501,3,3
2021-01-12 15:00:00.797,15500,15503,15501,1,-1
2021-01-12 15:00:00.797,15500,15503,15500,2,-2
2021-01-12 15:00:00.811,15500,15503,15502,1,1
2021-01-12 15:00:00.828,15500,15503,15503,1,1
2021-01-12 15:00:00.828,15500,15503,15503,1,1
2021-01-12 15:00:00.840,15500,15503,15504,1,1
2021-01-12 15:00:00.845,15500,15503,15501,1,-1
2021-01-12 15:00:00.879,15500,15503,15503,1,1
2021-01-12 15:00:00.880,15500,15503,15503,1,1
2021-01-12 15:00:00.891,15500,15503,15502,1,-1
2021-01-12 15:00:00.891,15500,15503,15501,2,-2
2021-01-12 15:00:00.913,15501,15504,15501,1,-1
2021-01-12 15:00:00.929,15501,15504,15501,1,-1
2021-01-12 15:00:00.929,15501,15504,15500,1,-1
2021-01-12 15:00:00.960,15501,15504,15501,1,1
2021-01-12 15:00:01.005,15501,15504,15504,1,1
2021-01-12 15:00:01.011,15501,15504,15504,2,2
2021-01-12 15:00:01.013,15501,15504,15504,1,1
2021-01-12 15:00:01.051,15502,15505,15505,6,6
2021-01-12 15:00:01.051,15502,15505,15506,2,2
2021-01-12 15:00:01.051,15502,15505,15507,7,7
2021-01-12 15:00:01.141,15502,15505,15507,2,2
2021-01-12 15:00:01.141,15502,15505,15507,1,1
2021-01-12 15:00:01.141,15502,15505,15507,1,1
2021-01-12 15:00:01.155,15506,15508,15506,1,-1
2021-01-12 15:00:01.188,15506,15508,15505,1,-1
2021-01-12 15:00:01.215,15506,15508,15507,3,3
2021-01-12 15:00:01.243,15506,15508,15508,1,1
2021-01-12 15:00:01.244,15506,15508,15508,1,1
2021-01-12 15:00:01.256,15506,15508,15509,2,2
2021-01-12 15:00:01.261,15506,15508,15507,1,-1
2021-01-12 15:00:01.272,15507,15509,15509,1,1
2021-01-12 15:00:01.278,15507,15509,15509,2,2
2021-01-12 15:00:01.299,15507,15509,15509,4,4
2021-01-12 15:00:01.335,15507,15509,15507,1,-1
2021-01-12 15:00:01.356,15507,15509,15510,3,3
2021-01-12 15:00:01.388,15507,15509,15510,4,4
2021-01-12 15:00:01.388,15507,15509,15510,6,6
2021-01-12 15:00:01.389,15507,15509,15510,1,1
2021-01-12 15:00:01.400,15509,15511,15511,1,1
2021-01-12 15:00:01.431,15509,15511,15511,1,1
2021-01-12 15:00:01.456,15509,15511,15512,1,1
2021-01-12 15:00:01.456,15509,15511,15512,1,1
2021-01-12 15:00:01.480,15509,15511,15513,1,1
2021-01-12 15:00:01.483,15509,15511,15513,3,3
2021-01-12 15:00:01.527,15511,15513,15513,1,1
2021-01-12 15:00:01.555,15511,15513,15511,1,-1
2021-01-12 15:00:01.624,15511,15513,15511,1,-1
2021-01-12 15:00:01.637,15511,15513,15511,1,-1
2021-01-12 15:00:01.644,15511,15513,15511,1,-1
2021-01-12 15:00:01.663,15510,15513,15511,1,-1
2021-01-12 15:00:01.675,15510,15513,15512,1,1
2021-01-12 15:00:01.749,15510,15513,15513,3,3
2021-01-12 15:00:01.750,15510,15513,15513,1,1
2021-01-12 15:00:01.761,15510,15513,15514,1,1
2021-01-12 15:00:01.769,15510,15513,15514,2,2
2021-01-12 15:00:01.813,15513,15515,15513,1,-1
2021-01-12 15:00:01.815,15513,15515,15515,3,3
2021-01-12 15:00:01.821,15513,15515,15513,1,-1
2021-01-12 15:00:01.838,15513,15515,15514,2,2
2021-01-12 15:00:01.920,15513,15515,15513,1,-1
2021-01-12 15:00:02.034,15513,15515,15515,2,2
2021-01-12 15:00:02.122,15513,15515,15515,1,1
2021-01-12 15:00:02.174,15513,15515,15513,4,-4
2021-01-12 15:00:02.182,15513,15515,15514,1,1
2021-01-12 15:00:02.244,15513,15515,15514,1,-1
2021-01-12 15:00:02.286,15512,15514,15512,1,-1
2021-01-12 15:00:02.296,15512,15514,15514,1,1
2021-01-12 15:00:02.321,15512,15514,15512,2,-2
2021-01-12 15:00:02.327,15512,15514,15512,1,-1
2021-01-12 15:00:02.358,15512,15514,15511,1,-1
2021-01-12 15:00:02.389,15512,15514,15512,2,2
2021-01-12 15:00:02.405,15511,15512,15512,1,1
2021-01-12 15:00:02.430,15511,15512,15512,1,1
2021-01-12 15:00:02.430,15511,15512,15512,4,4
2021-01-12 15:00:02.601,15511,15512,15511,1,-1
2021-01-12 15:00:02.710,15511,15512,15512,1,1
2021-01-12 15:00:02.755,15511,15512,15511,1,-1
2021-01-12 15:00:02.769,15511,15512,15511,1,-1
2021-01-12 15:00:02.769,15511,15512,15511,5,-5
2021-01-12 15:00:02.798,15509,15511,15509,1,-1
2021-01-12 15:00:02.919,15509,15510,15509,2,-2
2021-01-12 15:00:02.988,15509,15510,15508,1,-1
2021-01-12 15:00:03.216,15507,15510,15507,1,-1
2021-01-12 15:00:03.222,15507,15510,15507,1,-1
2021-01-12 15:00:03.302,15506,15508,15506,1,-1
2021-01-12 15:00:03.418,15506,15508,15506,1,-1
2021-01-12 15:00:03.472,15506,15508,15508,1,1
2021-01-12 15:00:03.474,15506,15508,15506,1,-1
2021-01-12 15:00:03.966,15506,15508,15508,1,1
2021-01-12 15:00:04.213,15506,15508,15508,1,1
2021-01-12 15:00:04.216,15506,15508,15508,1,1
2021-01-12 15:00:04.261,15506,15508,15508,1,1
2021-01-12 15:00:04.298,15506,15508,15508,1,1
2021-01-12 15:00:04.298,15506,15508,15508,1,1
2021-01-12 15:00:04.308,15506,15508,15507,2,-2
2021-01-12 15:00:04.339,15506,15508,15508,1,1
2021-01-12 15:00:04.407,15506,15508,15506,1,-1
2021-01-12 15:00:04.421,15506,15508,15506,4,-4
2021-01-12 15:00:04.422,15506,15508,15506,2,-2
2021-01-12 15:00:04.423,15506,15508,15505,2,-2
2021-01-12 15:00:04.423,15506,15508,15505,4,-4
2021-01-12 15:00:04.602,15504,15506,15506,1,1
2021-01-12 15:00:04.645,15504,15506,15506,1,1
2021-01-12 15:00:04.650,15504,15506,15507,1,1
2021-01-12 15:00:04.689,15504,15506,15507,1,1
2021-01-12 15:00:04.690,15504,15506,15507,1,1
2021-01-12 15:00:04.981,15506,15508,15506,1,-1
2021-01-12 15:00:05.600,15504,15506,15504,3,-3
2021-01-12 15:00:06.500,15504,15505,15505,1,1
2021-01-12 15:00:06.707,15504,15505,15505,1,1
2021-01-12 15:00:06.831,15504,15505,15504,1,-1
2021-01-12 15:00:06.831,15504,15505,15504,1,-1
2021-01-12 15:00:06.916,15503,15505,15504,1,-1
2021-01-12 15:00:06.918,15503,15505,15504,4,-4
2021-01-12 15:00:07.217,15503,15505,15504,1,-1
2021-01-12 15:00:07.438,15503,15505,15505,4,4
2021-01-12 15:00:07.455,15503,15505,15505,1,1
2021-01-12 15:00:07.455,15503,15505,15506,3,3
2021-01-12 15:00:07.867,15504,15505,15505,1,1
2021-01-12 15:00:08.891,15505,15506,15505,2,-2
2021-01-12 15:00:08.937,15504,15505,15505,1,1
2021-01-12 15:00:10.345,15504,15505,15504,1,-1
2021-01-12 15:00:11.236,15502,15504,15504,1,1
2021-01-12 15:00:11.264,15502,15504,15502,1,-1
2021-01-12 15:00:11.828,15502,15503,15502,1,-1
2021-01-12 15:00:12.388,15501,15503,15503,2,2
2021-01-12 15:00:12.406,15501,15503,15502,2,-2
2021-01-12 15:00:12.441,15501,15503,15501,1,-1
2021-01-12 15:00:12.480,15501,15503,15501,1,-1
2021-01-12 15:00:12.547,15501,15502,15502,1,1
2021-01-12 15:00:13.010,15501,15503,15503,1,1
2021-01-12 15:00:13.015,15501,15503,15503,1,1
2021-01-12 15:00:13.291,15501,15502,15502,4,4
2021-01-12 15:00:14.059,15501,15503,15502,2,-2
2021-01-12 15:00:14.073,15501,15503,15501,1,-1
2021-01-12 15:00:14.078,15501,15503,15503,2,2
2021-01-12 15:00:14.577,15501,15503,15501,2,-2
2021-01-12 15:00:14.908,15501,15502,15502,4,4
2021-01-12 15:00:15.557,15502,15503,15503,1,1
2021-01-12 15:00:15.608,15502,15503,15503,3,3
2021-01-12 15:00:15.608,15502,15503,15504,2,2
2021-01-12 15:00:15.670,15502,15504,15502,1,-1
2021-01-12 15:00:15.836,15502,15504,15502,1,-1
2021-01-12 15:00:16.467,15502,15504,15502,1,-1
2021-01-12 15:00:17.444,15502,15504,15504,1,1
2021-01-12 15:00:17.446,15502,15504,15504,1,1
2021-01-12 15:00:17.469,15502,15504,15502,1,-1
2021-01-12 15:00:17.724,15503,15505,15503,2,2
2021-01-12 15:00:18.065,15502,15504,15502,3,-3
2021-01-12 15:00:18.553,15503,15504,15503,1,1
2021-01-12 15:00:18.650,15502,15504,15504,1,1
2021-01-12 15:00:20.282,15503,15504,15503,1,-1
2021-01-12 15:00:20.482,15503,15504,15503,1,-1
2021-01-12 15:00:20.772,15502,15504,15504,1,1
2021-01-12 15:00:23.145,15503,15505,15503,1,-1
2021-01-12 15:00:23.901,15503,15504,15504,1,1
2021-01-12 15:00:23.935,15503,15504,15504,1,1
2021-01-12 15:00:25.205,15504,15505,15505,6,6
2021-01-12 15:00:25.206,15504,15505,15505,16,16
2021-01-12 15:00:25.343,15505,15506,15505,1,-1
2021-01-12 15:00:25.343,15505,15506,15504,4,-4
2021-01-12 15:00:25.741,15504,15506,15505,1,1
2021-01-12 15:00:26.183,15505,15506,15506,1,1
2021-01-12 15:00:26.184,15505,15506,15506,1,1
2021-01-12 15:00:26.256,15505,15506,15507,1,1
2021-01-12 15:00:26.960,15506,15507,15506,1,-1
2021-01-12 15:00:27.177,15506,15507,15507,1,1
2021-01-12 15:00:27.216,15506,15507,15507,1,1
2021-01-12 15:00:27.226,15506,15507,15507,2,2
2021-01-12 15:00:27.227,15506,15507,15507,1,1
2021-01-12 15:00:27.228,15506,15507,15507,1,1
2021-01-12 15:00:27.446,15507,15508,15507,1,-1
2021-01-12 15:00:28.541,15507,15508,15508,1,1
2021-01-12 15:00:28.827,15507,15508,15507,1,-1
2021-01-12 15:00:29.669,15506,15508,15508,8,8
2021-01-12 15:00:29.669,15506,15508,15509,1,1
2021-01-12 15:00:31.135,15507,15508,15508,1,1
2021-01-12 15:00:31.327,15507,15508,15507,1,-1
2021-01-12 15:00:31.495,15506,15508,15508,5,5
2021-01-12 15:00:33.260,15508,15509,15508,1,-1
2021-01-12 15:00:33.932,15507,15508,15508,1,1
2021-01-12 15:00:34.386,15507,15508,15508,4,4
2021-01-12 15:00:34.386,15507,15508,15509,1,1
2021-01-12 15:00:34.435,15507,15509,15508,3,-3
2021-01-12 15:00:36.441,15507,15508,15507,4,-4
2021-01-12 15:00:36.441,15507,15508,15506,1,-1
2021-01-12 15:00:36.591,15506,15508,15508,7,7
2021-01-12 15:00:36.591,15506,15508,15509,1,1
2021-01-12 15:00:37.017,15507,15508,15508,4,4
2021-01-12 15:00:37.212,15508,15509,15509,5,5
2021-01-12 15:00:37.212,15508,15509,15509,1,1
2021-01-12 15:00:37.468,15509,15510,15509,1,-1
2021-01-12 15:00:37.895,15509,15510,15510,15,15
2021-01-12 15:00:38.418,15509,15511,15509,5,-5
2021-01-12 15:00:39.779,15510,15511,15510,1,1
2021-01-12 15:00:39.828,15510,15511,15511,4,4
2021-01-12 15:00:39.828,15510,15511,15512,1,1
2021-01-12 15:00:42.335,15509,15510,15510,1,1
2021-01-12 15:00:42.349,15509,15510,15512,1,1
2021-01-12 15:00:42.606,15509,15512,15509,1,-1
2021-01-12 15:00:42.810,15509,15512,15509,5,-5
2021-01-12 15:00:42.896,15509,15510,15509,3,-3
2021-01-12 15:00:42.921,15509,15510,15510,1,1
2021-01-12 15:00:42.949,15509,15510,15510,4,4
2021-01-12 15:00:42.949,15509,15510,15511,1,1
2021-01-12 15:00:43.202,15509,15510,15510,1,1
2021-01-12 15:00:43.330,15509,15510,15510,3,3
2021-01-12 15:00:43.330,15509,15510,15511,1,1
2021-01-12 15:00:44.338,15510,15512,15512,1,1
2021-01-12 15:00:45.499,15509,15511,15511,1,1
2021-01-12 15:00:46.148,15509,15511,15510,1,-1
2021-01-12 15:00:46.448,15510,15511,15510,1,-1
2021-01-12 15:00:46.740,15510,15511,15511,2,2
2021-01-12 15:00:47.242,15510,15511,15510,10,-10
2021-01-12 15:00:47.244,15510,15511,15509,1,-1
2021-01-12 15:00:47.302,15508,15509,15509,1,1
2021-01-12 15:00:47.347,15508,15509,15509,1,1
2021-01-12 15:00:48.326,15508,15509,15509,3,3
2021-01-12 15:00:48.327,15508,15509,15509,2,2
2021-01-12 15:00:48.425,15508,15509,15509,1,1
2021-01-12 15:00:49.347,15508,15509,15509,1,1
2021-01-12 15:00:49.383,15508,15509,15509,2,2
2021-01-12 15:00:49.383,15508,15509,15510,2,2
2021-01-12 15:00:50.521,15508,15509,15508,26,-26
2021-01-12 15:00:50.522,15508,15509,15508,1,-1
2021-01-12 15:00:51.587,15507,15508,15508,1,1
2021-01-12 15:00:51.950,15507,15508,15507,1,-1
2021-01-12 15:00:51.958,15507,15508,15508,1,1
2021-01-12 15:00:52.153,15507,15508,15507,3,-3
2021-01-12 15:00:52.153,15507,15508,15506,5,-5
2021-01-12 15:00:52.428,15506,15507,15506,2,-2
2021-01-12 15:00:52.463,15506,15507,15507,5,5
2021-01-12 15:00:52.468,15506,15507,15508,1,1
2021-01-12 15:00:53.009,15507,15509,15509,5,5
2021-01-12 15:00:53.009,15507,15509,15510,13,13
2021-01-12 15:00:53.009,15507,15509,15510,2,2
2021-01-12 15:00:54.575,15508,15509,15508,1,-1
2021-01-12 15:00:56.224,15507,15508,15508,2,2
2021-01-12 15:00:56.818,15507,15508,15508,1,1
2021-01-12 15:00:56.902,15507,15508,15508,1,1
2021-01-12 15:00:56.947,15507,15508,15509,2,2
2021-01-12 15:00:57.177,15507,15509,15509,2,2
2021-01-12 15:00:57.177,15507,15509,15510,4,4
2021-01-12 15:00:57.200,15507,15509,15510,3,3
2021-01-12 15:00:58.210,15507,15509,15509,1,1
2021-01-12 15:00:58.701,15507,15509,15509,1,1
2021-01-12 15:00:58.703,15507,15509,15509,1,1
2021-01-12 15:00:59.077,15507,15508,15507,1,-1
2021-01-12 15:00:59.574,15506,15508,15508,1,1
2021-01-12 15:01:00.002,15507,15508,15507,6,-6
2021-01-12 15:01:00.002,15507,15508,15506,1,-1
2021-01-12 15:01:00.031,15505,15507,15508,1,1
2021-01-12 15:01:00.069,15505,15507,15508,1,1
2021-01-12 15:01:00.075,15505,15507,15508,1,1
2021-01-12 15:01:00.122,15505,15507,15508,1,1
2021-01-12 15:01:00.127,15505,15507,15509,1,1
2021-01-12 15:01:00.136,15505,15507,15509,3,3
2021-01-12 15:01:00.354,15508,15509,15508,1,-1
2021-01-12 15:01:00.489,15508,15509,15507,1,-1
2021-01-12 15:01:00.489,15508,15509,15506,2,-2
2021-01-12 15:01:00.606,15506,15508,15508,2,2
2021-01-12 15:01:00.637,15506,15508,15508,2,2
2021-01-12 15:01:00.637,15506,15508,15509,2,2
2021-01-12 15:01:00.946,15507,15509,15509,1,1
2021-01-12 15:01:00.947,15507,15509,15509,1,1
2021-01-12 15:01:00.954,15507,15509,15509,2,2
2021-01-12 15:01:00.954,15507,15509,15509,1,1
2021-01-12 15:01:00.955,15507,15509,15509,1,1
2021-01-12 15:01:00.955,15507,15509,15509,1,1
2021-01-12 15:01:00.960,15507,15509,15510,1,1
2021-01-12 15:01:00.996,15507,15509,15510,1,1
2021-01-12 15:01:01.125,15508,15510,15508,2,-2
2021-01-12 15:01:01.147,15508,15510,15510,1,1
2021-01-12 15:01:01.148,15508,15510,15510,1,1
2021-01-12 15:01:01.532,15508,15510,15508,1,-1
2021-01-12 15:01:01.777,15507,15510,15510,1,1
2021-01-12 15:01:01.777,15507,15510,15510,1,1
2021-01-12 15:01:01.812,15507,15510,15510,1,1
2021-01-12 15:01:01.843,15507,15510,15510,1,1
2021-01-12 15:01:04.471,15508,15509,15509,1,1
2021-01-12 15:01:04.584,15508,15510,15510,6,6
2021-01-12 15:01:07.938,15509,15510,15509,1,-1
2021-01-12 15:01:09.029,15508,15510,15510,1,1
2021-01-12 15:01:09.147,15508,15510,15510,2,2
2021-01-12 15:01:09.148,15508,15510,15510,1,1
2021-01-12 15:01:09.148,15508,15510,15510,1,1
2021-01-12 15:01:09.148,15508,15510,15510,1,1
2021-01-12 15:01:09.148,15508,15510,15511,1,1
2021-01-12 15:01:09.149,15508,15510,15511,1,1
2021-01-12 15:01:09.150,15508,15510,15510,4,4
2021-01-12 15:01:09.349,15510,15511,15510,4,-4
2021-01-12 15:01:09.419,15508,15510,15510,1,1
2021-01-12 15:01:10.621,15508,15510,15510,1,1
2021-01-12 15:01:11.111,15508,15510,15509,1,-1
2021-01-12 15:01:12.710,15508,15509,15508,5,-5
2021-01-12 15:01:12.710,15508,15509,15508,9,-9
2021-01-12 15:01:12.712,15508,15509,15507,1,-1
2021-01-12 15:01:13.710,15506,15508,15506,1,-1
2021-01-12 15:01:14.712,15506,15508,15508,2,2
2021-01-12 15:01:15.602,15506,15508,15507,1,-1
2021-01-12 15:01:15.925,15506,15508,15508,4,4
2021-01-12 15:01:16.520,15506,15508,15508,3,3
2021-01-12 15:01:17.736,15506,15508,15508,1,1
2021-01-12 15:01:17.772,15506,15508,15508,2,2
2021-01-12 15:01:17.774,15506,15508,15509,1,1
2021-01-12 15:01:17.774,15506,15508,15509,1,1
2021-01-12 15:01:18.016,15508,15509,15508,4,-4
2021-01-12 15:01:18.388,15507,15508,15507,1,-1
2021-01-12 15:01:18.480,15506,15508,15506,1,-1
2021-01-12 15:01:19.156,15506,15508,15506,1,-1
2021-01-12 15:01:22.003,15506,15507,15506,2,-2
2021-01-12 15:01:22.003,15506,15507,15506,2,-2
2021-01-12 15:01:22.003,15506,15507,15506,5,-5
2021-01-12 15:01:23.880,15505,15506,15505,1,-1
2021-01-12 15:01:24.021,15505,15506,15505,3,-3
2021-01-12 15:01:24.815,15504,15505,15504,1,-1
2021-01-12 15:01:25.702,15504,15505,15505,1,1
2021-01-12 15:01:25.862,15504,15505,15504,1,-1
2021-01-12 15:01:25.868,15504,15505,15504,1,-1
2021-01-12 15:01:25.869,15504,15505,15504,1,-1
2021-01-12 15:01:26.567,15503,15505,15505,5,5
2021-01-12 15:01:26.568,15503,15505,15505,1,1
2021-01-12 15:01:27.296,15504,15505,15505,1,1
2021-01-12 15:01:27.397,15505,15506,15506,2,2
2021-01-12 15:01:27.398,15505,15506,15506,1,1
2021-01-12 15:01:27.398,15505,15506,15506,1,1
2021-01-12 15:01:27.398,15505,15506,15506,1,1
2021-01-12 15:01:27.398,15505,15506,15506,1,1
2021-01-12 15:01:27.398,15505,15506,15506,1,1
2021-01-12 15:01:27.399,15505,15506,15506,1,1
2021-01-12 15:01:27.399,15505,15506,15506,4,4
2021-01-12 15:01:27.399,15505,15506,15506,1,1
2021-01-12 15:01:27.399,15505,15506,15506,1,1
2021-01-12 15:01:27.399,15505,15506,15506,1,1
2021-01-12 15:01:27.399,15505,15506,15506,1,1
2021-01-12 15:01:27.400,15505,15506,15506,3,3
2021-01-12 15:01:27.409,15505,15506,15506,3,3
2021-01-12 15:01:27.781,15505,15507,15505,1,-1
2021-01-12 15:01:28.993,15505,15507,15507,4,4
2021-01-12 15:01:28.994,15505,15507,15507,1,1
2021-01-12 15:01:29.401,15506,15508,15507,1,-1
2021-01-12 15:01:29.454,15506,15508,15506,1,-1
2021-01-12 15:01:29.999,15506,15508,15506,2,-2
2021-01-12 15:01:32.375,15506,15508,15506,1,-1
2021-01-12 15:01:32.751,15505,15506,15506,4,4
2021-01-12 15:01:32.752,15505,15506,15506,1,1
2021-01-12 15:01:33.200,15505,15507,15505,3,-3
2021-01-12 15:01:34.049,15505,15506,15505,13,-13
2021-01-12 15:01:34.049,15505,15506,15505,1,-1
2021-01-12 15:01:34.049,15505,15506,15505,1,-1
2021-01-12 15:01:34.049,15505,15506,15505,1,-1
2021-01-12 15:01:34.049,15505,15506,15505,1,-1
2021-01-12 15:01:34.237,15505,15506,15506,1,1
2021-01-12 15:01:34.412,15505,15506,15506,1,1
2021-01-12 15:01:34.567,15505,15506,15505,1,-1
2021-01-12 15:01:34.756,15505,15506,15505,1,-1
2021-01-12 15:01:35.333,15505,15506,15505,1,-1
2021-01-12 15:01:35.519,15505,15506,15505,1,-1
2021-01-12 15:01:35.855,15505,15506,15506,1,1
2021-01-12 15:01:36.237,15505,15507,15507,5,5
2021-01-12 15:01:37.222,15506,15507,15507,2,2
2021-01-12 15:01:37.272,15507,15508,15508,1,1
2021-01-12 15:01:38.955,15507,15508,15507,1,-1
2021-01-12 15:01:39.303,15507,15508,15507,1,-1
2021-01-12 15:01:39.326,15507,15508,15507,1,-1
2021-01-12 15:01:43.626,15506,15508,15507,1,-1
2021-01-12 15:01:43.693,15507,15508,15508,2,2
2021-01-12 15:01:43.693,15507,15508,15508,3,3
2021-01-12 15:01:44.187,15508,15509,15509,4,4
2021-01-12 15:01:45.380,15508,15510,15510,1,1
2021-01-12 15:01:48.367,15508,15509,15509,3,3
2021-01-12 15:01:50.505,15508,15509,15509,2,2
2021-01-12 15:01:50.505,15508,15509,15509,5,5
2021-01-12 15:01:51.981,15508,15509,15509,1,1
2021-01-12 15:01:52.900,15509,15510,15509,1,-1
2021-01-12 15:01:52.900,15509,15510,15508,2,-2
2021-01-12 15:01:54.060,15508,15510,15510,1,1
2021-01-12 15:01:54.521,15508,15509,15509,1,1
2021-01-12 15:01:55.703,15508,15509,15509,1,1
2021-01-12 15:01:56.458,15508,15509,15508,1,-1
2021-01-12 15:01:57.109,15508,15509,15509,2,2
2021-01-12 15:01:57.198,15508,15509,15509,1,1
2021-01-12 15:01:57.198,15508,15509,15509,1,1
2021-01-12 15:01:57.198,15508,15509,15509,1,1
2021-01-12 15:01:57.198,15508,15509,15509,1,1
2021-01-12 15:01:57.198,15508,15509,15509,12,12
2021-01-12 15:01:58.677,15508,15510,15508,1,-1
2021-01-12 15:02:01.597,15509,15510,15510,1,1
2021-01-12 15:02:01.598,15509,15510,15510,9,9
2021-01-12 15:02:01.598,15509,15510,15510,18,18
2021-01-12 15:02:01.623,15509,15510,15509,2,-2
2021-01-12 15:02:02.289,15509,15511,15510,1,1
2021-01-12 15:02:02.528,15509,15511,15511,1,1
2021-01-12 15:02:02.661,15509,15511,15510,1,-1
2021-01-12 15:02:03.796,15509,15511,15509,1,-1
2021-01-12 15:02:05.672,15509,15510,15510,4,4
2021-01-12 15:02:05.672,15509,15510,15511,1,1
2021-01-12 15:02:05.703,15509,15510,15511,3,3
2021-01-12 15:02:06.043,15509,15510,15510,4,4
2021-01-12 15:02:06.043,15509,15510,15511,1,1
2021-01-12 15:02:06.350,15509,15511,15511,5,5
2021-01-12 15:02:06.623,15510,15511,15511,2,2
2021-01-12 15:02:06.623,15510,15511,15512,3,3
2021-01-12 15:02:06.679,15510,15512,15510,5,-5
2021-01-12 15:02:06.935,15509,15511,15511,5,5
2021-01-12 15:02:07.252,15509,15511,15511,5,5
2021-01-12 15:02:07.599,15509,15511,15511,5,5
2021-01-12 15:02:07.913,15510,15511,15511,1,1
2021-01-12 15:02:07.913,15510,15511,15512,4,4
2021-01-12 15:02:09.324,15510,15512,15512,1,1
2021-01-12 15:02:09.807,15511,15512,15512,4,4
2021-01-12 15:02:09.807,15511,15512,15512,6,6
2021-01-12 15:02:09.807,15511,15512,15512,9,9
2021-01-12 15:02:09.896,15512,15513,15513,7,7
2021-01-12 15:02:10.081,15512,15514,15512,1,-1
2021-01-12 15:02:10.394,15512,15514,15512,1,-1
2021-01-12 15:02:10.520,15512,15514,15514,2,2
2021-01-12 15:02:10.537,15512,15514,15514,1,1
2021-01-12 15:02:10.864,15512,15514,15512,2,-2
2021-01-12 15:02:10.906,15512,15513,15512,1,-1
2021-01-12 15:02:11.832,15511,15513,15511,1,-1
2021-01-12 15:02:14.533,15512,15513,15512,1,1
2021-01-12 15:02:16.469,15511,15513,15511,1,-1
2021-01-12 15:02:18.757,15510,15511,15510,1,-1
2021-01-12 15:02:19.119,15509,15511,15511,1,1
2021-01-12 15:02:19.577,15510,15511,15510,1,-1
2021-01-12 15:02:20.299,15509,15511,15509,2,-2
2021-01-12 15:02:21.200,15509,15511,15509,2,-2
2021-01-12 15:02:21.893,15509,15511,15509,4,-4
2021-01-12 15:02:22.822,15508,15510,15510,1,1
2021-01-12 15:02:24.784,15509,15511,15509,1,-1
2021-01-12 15:02:26.025,15509,15511,15511,1,1
2021-01-12 15:02:26.332,15510,15511,15510,1,-1
2021-01-12 15:02:27.829,15509,15510,15509,1,-1
2021-01-12 15:02:29.226,15508,15510,15508,3,-3
2021-01-12 15:02:30.246,15508,15510,15510,1,1
2021-01-12 15:02:33.474,15509,15510,15509,1,-1
2021-01-12 15:02:33.556,15509,15510,15509,2,-2
2021-01-12 15:02:36.288,15508,15509,15508,3,-3
2021-01-12 15:02:37.867,15508,15509,15508,1,-1
2021-01-12 15:02:38.902,15508,15509,15508,1,-1
2021-01-12 15:02:39.384,15507,15509,15509,3,3
2021-01-12 15:02:39.384,15507,15509,15510,7,7
2021-01-12 15:02:39.676,15508,15509,15508,1,-1
2021-01-12 15:02:42.652,15508,15509,15508,1,-1
2021-01-12 15:02:42.652,15508,15509,15507,24,-24
2021-01-12 15:02:42.849,15507,15508,15507,1,-1
2021-01-12 15:02:43.569,15507,15508,15508,1,1
2021-01-12 15:02:43.842,15507,15508,15507,1,-1
2021-01-12 15:02:43.881,15507,15508,15507,1,-1
2021-01-12 15:02:45.467,15506,15508,15508,2,2
2021-01-12 15:02:45.746,15506,15508,15508,1,1
2021-01-12 15:02:46.172,15506,15508,15506,15,-15
2021-01-12 15:02:46.174,15506,15508,15506,3,-3
2021-01-12 15:02:46.316,15505,15507,15505,2,-2
2021-01-12 15:02:46.448,15505,15507,15507,1,1
2021-01-12 15:02:46.835,15505,15506,15505,1,-1
2021-01-12 15:02:47.716,15505,15506,15505,1,-1
2021-01-12 15:02:47.878,15505,15506,15506,1,1
2021-01-12 15:02:48.326,15505,15506,15505,1,-1
2021-01-12 15:02:49.075,15505,15506,15505,1,-1
2021-01-12 15:02:50.263,15505,15506,15505,1,-1
2021-01-12 15:02:50.892,15505,15506,15506,1,1
2021-01-12 15:02:51.554,15505,15506,15506,2,2
2021-01-12 15:02:51.554,15505,15506,15507,2,2
2021-01-12 15:02:52.261,15506,15507,15506,1,-1
2021-01-12 15:02:53.992,15506,15507,15506,1,-1
2021-01-12 15:02:55.498,15506,15507,15506,1,-1
2021-01-12 15:02:55.843,15506,15507,15506,1,-1
2021-01-12 15:02:56.108,15506,15507,15507,1,1
2021-01-12 15:02:56.108,15506,15507,15508,1,1
2021-01-12 15:02:56.965,15506,15508,15506,1,-1
2021-01-12 15:03:00.049,15507,15508,15508,1,1
2021-01-12 15:03:00.835,15507,15508,15507,1,-1
2021-01-12 15:03:01.158,15507,15508,15507,1,-1
2021-01-12 15:03:01.476,15507,15508,15508,1,1
2021-01-12 15:03:01.482,15507,15508,15507,1,-1
2021-01-12 15:03:01.768,15507,15508,15508,3,3
2021-01-12 15:03:01.800,15507,15509,15507,1,-1
2021-01-12 15:03:06.329,15508,15509,15509,1,1
2021-01-12 15:03:07.126,15508,15509,15508,1,-1
2021-01-12 15:03:08.193,15507,15508,15507,4,-4
2021-01-12 15:03:10.659,15506,15507,15506,1,-1
2021-01-12 15:03:12.606,15506,15507,15506,4,-4
2021-01-12 15:03:12.607,15506,15507,15506,3,-3
2021-01-12 15:03:12.647,15505,15506,15505,2,-2
2021-01-12 15:03:12.686,15505,15506,15506,1,1
2021-01-12 15:03:13.651,15505,15506,15506,1,1
2021-01-12 15:03:13.728,15505,15506,15506,1,1
2021-01-12 15:03:13.962,15505,15507,15507,1,1
2021-01-12 15:03:14.492,15505,15506,15505,1,-1
2021-01-12 15:03:14.568,15505,15506,15506,1,1
2021-01-12 15:03:17.344,15505,15506,15506,1,1
2021-01-12 15:03:17.937,15505,15506,15506,3,3
2021-01-12 15:03:17.937,15505,15506,15506,1,1
2021-01-12 15:03:18.368,15505,15506,15506,1,1
2021-01-12 15:03:20.394,15505,15506,15505,1,-1
2021-01-12 15:03:20.695,15505,15506,15505,1,-1
2021-01-12 15:03:22.030,15505,15506,15506,1,1
2021-01-12 15:03:22.606,15505,15506,15505,1,-1
2021-01-12 15:03:23.345,15505,15506,15505,1,-1
2021-01-12 15:03:24.092,15505,15506,15506,3,3
2021-01-12 15:03:25.697,15505,15506,15506,1,1
2021-01-12 15:03:26.252,15505,15506,15506,1,1
2021-01-12 15:03:26.252,15505,15506,15507,3,3
2021-01-12 15:03:27.727,15505,15506,15506,1,1
2021-01-12 15:03:27.727,15505,15506,15507,9,9
2021-01-12 15:03:27.728,15505,15506,15507,3,3
2021-01-12 15:03:29.248,15507,15508,15507,1,-1
2021-01-12 15:03:32.454,15506,15508,15508,9,9
2021-01-12 15:03:32.455,15506,15508,15508,1,1
2021-01-12 15:03:33.812,15508,15509,15508,2,-2
2021-01-12 15:03:35.630,15508,15509,15509,1,1
2021-01-12 15:03:35.849,15508,15509,15508,1,-1
2021-01-12 15:03:36.160,15508,15509,15508,1,-1
2021-01-12 15:03:36.469,15508,15509,15508,1,-1
2021-01-12 15:03:36.779,15508,15509,15508,1,-1
2021-01-12 15:03:36.810,15508,15509,15508,1,-1
2021-01-12 15:03:36.828,15508,15509,15508,1,-1
2021-01-12 15:03:36.997,15507,15508,15507,1,-1
2021-01-12 15:03:39.052,15507,15508,15507,1,-1
2021-01-12 15:03:39.362,15507,15508,15507,1,-1
2021-01-12 15:03:39.912,15507,15508,15508,2,2
2021-01-12 15:03:40.212,15507,15508,15507,1,-1
2021-01-12 15:03:40.525,15507,15508,15507,1,-1
2021-01-12 15:03:41.671,15507,15508,15507,1,-1
2021-01-12 15:03:41.984,15506,15508,15507,1,-1
2021-01-12 15:03:41.984,15506,15508,15506,1,-1
2021-01-12 15:03:42.465,15507,15508,15507,1,1
2021-01-12 15:03:47.224,15506,15507,15507,1,1
2021-01-12 15:03:47.299,15506,15508,15508,4,4
2021-01-12 15:03:53.112,15508,15509,15509,2,2
2021-01-12 15:03:53.932,15508,15509,15508,1,-1
2021-01-12 15:03:56.629,15507,15508,15507,4,-4
2021-01-12 15:03:57.073,15507,15508,15508,2,2
2021-01-12 15:03:57.073,15507,15508,15508,1,1
2021-01-12 15:03:59.961,15507,15509,15509,2,2
2021-01-12 15:03:59.998,15507,15509,15509,1,1
2021-01-12 15:04:00.614,15508,15509,15508,1,-1
2021-01-12 15:04:04.028,15507,15508,15507,3,-3
2021-01-12 15:04:04.203,15507,15508,15507,1,-1
2021-01-12 15:04:05.168,15507,15508,15508,1,1
2021-01-12 15:04:05.168,15507,15508,15508,1,1
2021-01-12 15:04:05.313,15508,15509,15508,1,-1
2021-01-12 15:04:08.464,15508,15509,15508,1,-1
2021-01-12 15:04:09.406,15508,15509,15508,3,-3
2021-01-12 15:04:10.366,15508,15509,15509,1,1
2021-01-12 15:04:14.406,15509,15510,15510,1,1
2021-01-12 15:04:16.928,15509,15510,15510,1,1
2021-01-12 15:04:18.710,15509,15510,15510,1,1
2021-01-12 15:04:18.710,15509,15510,15510,3,3
2021-01-12 15:04:18.710,15509,15510,15510,14,14
2021-01-12 15:04:18.710,15509,15510,15510,2,2
2021-01-12 15:04:18.715,15509,15510,15510,1,1
2021-01-12 15:04:18.716,15509,15510,15510,2,2
2021-01-12 15:04:18.773,15510,15511,15511,1,1
2021-01-12 15:04:19.678,15510,15511,15510,2,-2
2021-01-12 15:04:19.973,15510,15511,15510,1,-1
2021-01-12 15:04:20.188,15510,15511,15510,1,-1
2021-01-12 15:04:20.188,15510,15511,15509,4,-4
2021-01-12 15:04:20.379,15509,15511,15511,2,2
2021-01-12 15:04:23.108,15510,15511,15510,1,-1
2021-01-12 15:04:32.210,15510,15511,15510,1,-1
2021-01-12 15:04:32.717,15510,15511,15511,4,4
2021-01-12 15:04:32.717,15510,15511,15512,6,6
2021-01-12 15:04:32.808,15510,15511,15511,2,2
2021-01-12 15:04:32.809,15510,15511,15511,2,2
2021-01-12 15:04:32.869,15510,15511,15511,1,1
2021-01-12 15:04:33.554,15510,15511,15510,1,-1
2021-01-12 15:04:33.647,15510,15511,15511,1,1
2021-01-12 15:04:33.648,15510,15511,15511,1,1
2021-01-12 15:04:34.624,15510,15512,15510,2,-2
2021-01-12 15:04:35.590,15510,15512,15512,1,1
2021-01-12 15:04:38.605,15511,15512,15511,1,-1
2021-01-12 15:04:39.867,15511,15512,15512,1,1
2021-01-12 15:04:39.899,15511,15512,15512,1,1
2021-01-12 15:04:40.844,15511,15512,15512,1,1
2021-01-12 15:04:42.531,15511,15512,15512,1,1
2021-01-12 15:04:43.292,15511,15512,15511,1,-1
2021-01-12 15:04:43.968,15511,15512,15512,7,7
2021-01-12 15:04:44.983,15511,15512,15512,1,1
2021-01-12 15:04:46.113,15511,15512,15512,8,8
2021-01-12 15:04:46.468,15512,15513,15512,2,-2
2021-01-12 15:04:46.468,15512,15513,15511,3,-3
2021-01-12 15:04:50.414,15510,15512,15510,10,-10
2021-01-12 15:04:50.414,15510,15512,15509,5,-5
2021-01-12 15:04:51.802,15509,15511,15511,1,1
2021-01-12 15:04:53.121,15509,15511,15510,1,-1
2021-01-12 15:04:54.187,15510,15511,15510,5,-5
2021-01-12 15:04:54.187,15510,15511,15509,10,-10
2021-01-12 15:04:58.609,15509,15510,15509,1,-1
2021-01-12 15:04:58.610,15509,15510,15509,4,-4
2021-01-12 15:05:00.110,15508,15509,15509,1,1
2021-01-12 15:05:00.126,15508,15509,15509,1,1
2021-01-12 15:05:00.477,15508,15509,15508,1,-1
2021-01-12 15:05:00.643,15508,15509,15509,1,1
2021-01-12 15:05:00.738,15508,15509,15509,1,1
2021-01-12 15:05:01.683,15508,15509,15508,1,-1
2021-01-12 15:05:02.149,15508,15509,15508,1,-1
2021-01-12 15:05:03.476,15508,15509,15509,1,1
2021-01-12 15:05:03.926,15508,15509,15509,11,11
2021-01-12 15:05:10.230,15509,15510,15509,1,-1
2021-01-12 15:05:16.812,15509,15510,15509,1,-1
2021-01-12 15:05:16.812,15509,15510,15508,1,-1
2021-01-12 15:05:16.898,15508,15510,15510,1,1
2021-01-12 15:05:16.898,15508,15510,15510,1,1
2021-01-12 15:05:16.898,15508,15510,15510,1,1
2021-01-12 15:05:16.899,15508,15510,15510,1,1
2021-01-12 15:05:16.899,15508,15510,15510,1,1
2021-01-12 15:05:16.899,15508,15510,15510,1,1
2021-01-12 15:05:16.899,15508,15510,15511,1,1
2021-01-12 15:05:16.899,15508,15510,15511,1,1
2021-01-12 15:05:16.900,15508,15510,15511,1,1
2021-01-12 15:05:16.900,15508,15510,15511,1,1
2021-01-12 15:05:16.902,15508,15510,15511,1,1
2021-01-12 15:05:18.001,15510,15511,15511,2,2
2021-01-12 15:05:18.083,15511,15512,15512,2,2
2021-01-12 15:05:19.337,15511,15512,15512,1,1
2021-01-12 15:05:19.337,15511,15512,15512,2,2
2021-01-12 15:05:24.358,15512,15513,15512,1,-1
2021-01-12 15:05:26.481,15512,15513,15513,2,2
2021-01-12 15:05:27.110,15512,15513,15513,5,5
2021-01-12 15:05:27.111,15512,15513,15513,3,3
2021-01-12 15:05:27.111,15512,15513,15513,1,1
2021-01-12 15:05:27.210,15513,15514,15513,1,-1
2021-01-12 15:05:30.305,15512,15513,15512,2,-2
2021-01-12 15:05:30.330,15512,15513,15513,1,1
2021-01-12 15:05:33.754,15512,15513,15513,1,1
2021-01-12 15:05:34.851,15512,15513,15512,1,-1
2021-01-12 15:05:38.327,15512,15513,15512,3,-3
2021-01-12 15:05:38.377,15512,15513,15511,1,-1
2021-01-12 15:05:38.424,15511,15512,15511,4,-4
2021-01-12 15:05:38.424,15511,15512,15510,2,-2
2021-01-12 15:05:39.832,15510,15512,15512,1,1
2021-01-12 15:05:40.250,15510,15512,15510,5,-5
2021-01-12 15:05:40.251,15510,15512,15510,2,-2
2021-01-12 15:05:40.252,15510,15512,15510,3,-3
2021-01-12 15:05:40.514,15510,15511,15511,1,1
2021-01-12 15:05:40.514,15510,15511,15512,1,1
2021-01-12 15:05:45.679,15510,15512,15512,2,2
2021-01-12 15:05:58.156,15510,15512,15512,10,10
2021-01-12 15:06:02.042,15510,15512,15512,1,1
2021-01-12 15:06:02.494,15510,15512,15512,2,2
2021-01-12 15:06:10.213,15510,15511,15510,1,-1
2021-01-12 15:06:10.213,15510,15511,15510,2,-2
2021-01-12 15:06:10.213,15510,15511,15510,3,-3
2021-01-12 15:06:10.275,15509,15511,15511,2,2
2021-01-12 15:06:12.245,15509,15511,15511,2,2
2021-01-12 15:06:13.677,15509,15511,15511,3,3
2021-01-12 15:06:13.678,15509,15511,15511,2,2
2021-01-12 15:06:13.827,15509,15511,15511,4,4
2021-01-12 15:06:14.321,15510,15511,15511,1,1
2021-01-12 15:06:14.321,15510,15511,15512,2,2
2021-01-12 15:06:19.157,15510,15511,15511,1,1
2021-01-12 15:06:28.704,15510,15511,15511,1,1
2021-01-12 15:06:30.275,15510,15511,15511,1,1
2021-01-12 15:06:37.078,15510,15511,15511,1,1
2021-01-12 15:06:37.212,15510,15511,15510,1,-1
2021-01-12 15:06:38.771,15510,15511,15510,2,-2
2021-01-12 15:06:38.834,15510,15511,15510,1,-1
2021-01-12 15:06:40.019,15509,15511,15510,1,-1
2021-01-12 15:06:41.746,15510,15511,15510,1,-1
2021-01-12 15:06:45.896,15509,15510,15509,3,-3
2021-01-12 15:06:48.940,15508,15510,15510,4,4
2021-01-12 15:06:54.042,15508,15509,15508,4,-4
2021-01-12 15:06:54.042,15508,15509,15508,1,-1
2021-01-12 15:06:54.042,15508,15509,15508,1,-1
2021-01-12 15:06:58.134,15507,15508,15507,1,-1
2021-01-12 15:06:59.294,15507,15508,15507,10,-10
2021-01-12 15:06:59.396,15506,15507,15506,13,-13
2021-01-12 15:07:01.194,15505,15507,15507,1,1
2021-01-12 15:07:03.168,15506,15507,15506,2,-2
2021-01-12 15:07:05.841,15506,15507,15506,1,-1
2021-01-12 15:07:07.524,15506,15507,15506,1,-1
2021-01-12 15:07:07.744,15506,15507,15506,1,-1
2021-01-12 15:07:07.744,15506,15507,15506,1,-1
2021-01-12 15:07:08.750,15505,15507,15505,1,-1
2021-01-12 15:07:09.692,15505,15506,15505,2,-2
2021-01-12 15:07:11.409,15505,15506,15506,1,1
2021-01-12 15:07:17.261,15506,15508,15506,1,-1
2021-01-12 15:07:21.830,15507,15508,15507,1,1
2021-01-12 15:07:21.897,15507,15508,15508,1,1
2021-01-12 15:07:22.150,15507,15508,15508,1,1
2021-01-12 15:07:22.401,15507,15508,15507,2,-2
2021-01-12 15:07:22.852,15506,15508,15508,1,1
2021-01-12 15:07:27.741,15507,15508,15508,4,4
2021-01-12 15:07:28.434,15508,15509,15508,1,-1
2021-01-12 15:07:28.844,15508,15509,15508,1,-1
2021-01-12 15:07:29.389,15508,15509,15508,1,-1
2021-01-12 15:07:31.475,15508,15509,15508,1,-1
2021-01-12 15:07:34.274,15508,15509,15508,1,-1
2021-01-12 15:07:35.006,15508,15509,15508,1,-1
2021-01-12 15:07:37.177,15507,15509,15507,3,-3
2021-01-12 15:07:38.971,15507,15508,15508,3,3
2021-01-12 15:07:39.309,15507,15508,15507,2,-2
2021-01-12 15:07:42.889,15507,15508,15507,1,-1
2021-01-12 15:07:42.967,15507,15508,15507,2,-2
2021-01-12 15:07:42.967,15507,15508,15507,4,-4
2021-01-12 15:07:42.968,15507,15508,15507,5,-5
2021-01-12 15:07:43.727,15506,15507,15507,1,1
2021-01-12 15:07:44.062,15506,15507,15506,1,-1
2021-01-12 15:07:47.873,15506,15507,15506,2,-2
2021-01-12 15:07:53.142,15506,15507,15507,4,4
2021-01-12 15:07:53.331,15506,15507,15506,1,-1
2021-01-12 15:07:53.612,15506,15507,15507,2,2
2021-01-12 15:07:54.538,15506,15507,15506,4,-4
2021-01-12 15:07:54.538,15506,15507,15506,8,-8
2021-01-12 15:07:55.017,15505,15506,15505,2,-2
2021-01-12 15:07:58.800,15505,15506,15506,1,1
2021-01-12 15:07:59.136,15505,15506,15505,19,-19
2021-01-12 15:07:59.542,15505,15506,15505,1,-1
2021-01-12 15:08:00.332,15505,15506,15505,1,-1
2021-01-12 15:08:02.531,15505,15506,15505,6,-6
2021-01-12 15:08:03.740,15505,15506,15506,1,1
2021-01-12 15:08:03.769,15505,15506,15505,3,-3
2021-01-12 15:08:06.405,15505,15506,15506,1,1
2021-01-12 15:08:10.581,15505,15506,15506,1,1
2021-01-12 15:08:11.172,15505,15506,15506,1,1
2021-01-12 15:08:18.396,15505,15506,15505,16,-16
2021-01-12 15:08:18.396,15505,15506,15505,1,-1
2021-01-12 15:08:18.396,15505,15506,15505,8,-8
2021-01-12 15:08:18.396,15505,15506,15505,33,-33
2021-01-12 15:08:18.598,15504,15505,15505,1,1
2021-01-12 15:08:21.107,15504,15505,15504,1,-1
2021-01-12 15:08:22.716,15504,15505,15504,1,-1
2021-01-12 15:08:22.716,15504,15505,15503,1,-1
2021-01-12 15:08:22.963,15503,15505,15503,4,-4
2021-01-12 15:08:24.638,15503,15504,15503,1,-1
2021-01-12 15:08:27.386,15503,15504,15503,1,-1
2021-01-12 15:08:28.552,15502,15504,15502,1,-1
2021-01-12 15:08:31.029,15502,15504,15502,1,-1
2021-01-12 15:08:32.237,15503,15504,15503,1,1
2021-01-12 15:08:32.659,15503,15504,15503,1,-1
2021-01-12 15:08:33.070,15502,15504,15502,1,-1
2021-01-12 15:08:33.233,15502,15504,15502,3,-3
2021-01-12 15:08:36.068,15502,15503,15502,1,-1
2021-01-12 15:08:38.499,15502,15503,15502,2,-2
2021-01-12 15:08:39.390,15502,15503,15503,8,8
2021-01-12 15:08:43.328,15502,15503,15503,1,1
2021-01-12 15:08:43.871,15502,15503,15502,1,-1
2021-01-12 15:08:47.162,15502,15503,15503,3,3
2021-01-12 15:08:47.820,15503,15504,15503,1,-1
2021-01-12 15:08:49.401,15503,15504,15503,1,-1
2021-01-12 15:08:52.416,15503,15504,15504,2,2
2021-01-12 15:08:53.518,15504,15505,15505,1,1
2021-01-12 15:08:56.525,15505,15506,15505,5,-5
2021-01-12 15:08:56.525,15505,15506,15504,5,-5
2021-01-12 15:08:56.771,15505,15506,15506,6,6
2021-01-12 15:08:58.513,15505,15507,15506,1,-1
2021-01-12 15:09:02.775,15506,15507,15507,1,1
2021-01-12 15:09:05.339,15506,15507,15507,1,1
2021-01-12 15:09:07.781,15506,15507,15506,3,-3
2021-01-12 15:09:07.782,15506,15507,15506,1,-1
2021-01-12 15:09:09.855,15505,15507,15507,1,1
2021-01-12 15:09:10.461,15505,15507,15507,1,1
2021-01-12 15:09:12.282,15505,15507,15507,1,1
2021-01-12 15:09:13.743,15505,15507,15507,2,2
2021-01-12 15:09:13.749,15505,15507,15508,1,1
2021-01-12 15:09:15.065,15507,15508,15507,1,-1
2021-01-12 15:09:20.216,15507,15508,15508,1,1
2021-01-12 15:09:30.671,15506,15507,15506,1,-1
2021-01-12 15:09:32.420,15506,15507,15507,1,1
2021-01-12 15:09:34.800,15506,15507,15506,3,-3
2021-01-12 15:09:41.296,15505,15506,15505,1,-1
2021-01-12 15:09:43.522,15505,15506,15505,1,-1
2021-01-12 15:09:43.815,15505,15506,15505,3,-3
2021-01-12 15:09:43.815,15505,15506,15504,3,-3
2021-01-12 15:09:46.564,15503,15505,15505,4,4
2021-01-12 15:09:52.743,15503,15504,15504,2,2
2021-01-12 15:09:52.743,15503,15504,15505,1,1
2021-01-12 15:09:55.933,15503,15505,15505,5,5
2021-01-12 15:09:55.933,15503,15505,15506,21,21
2021-01-12 15:09:55.934,15503,15505,15506,1,1
2021-01-12 15:09:55.934,15503,15505,15506,1,1
2021-01-12 15:09:55.934,15503,15505,15506,1,1
2021-01-12 15:09:55.934,15503,15505,15506,2,2
2021-01-12 15:09:55.977,15503,15505,15505,5,5
2021-01-12 15:09:55.977,15503,15505,15504,5,-5
2021-01-12 15:10:03.496,15504,15505,15504,1,-1
2021-01-12 15:10:03.582,15503,15505,15505,1,1
2021-01-12 15:10:03.675,15503,15505,15505,1,1
2021-01-12 15:10:03.682,15503,15505,15506,6,6
2021-01-12 15:10:03.700,15503,15505,15507,6,6
2021-01-12 15:10:03.708,15503,15505,15507,1,1
2021-01-12 15:10:04.043,15506,15507,15507,6,6
2021-01-12 15:10:04.043,15506,15507,15507,1,1
2021-01-12 15:10:04.043,15506,15507,15508,11,11
2021-01-12 15:10:04.287,15507,15509,15507,1,-1
2021-01-12 15:10:09.607,15507,15508,15507,1,-1
2021-01-12 15:10:10.263,15507,15508,15507,1,-1
2021-01-12 15:10:13.719,15506,15508,15508,1,1
2021-01-12 15:10:16.279,15507,15508,15508,4,4
2021-01-12 15:10:16.417,15508,15509,15509,4,4
2021-01-12 15:10:16.417,15508,15509,15509,1,1
2021-01-12 15:10:17.406,15509,15510,15509,1,-1
2021-01-12 15:10:19.081,15509,15510,15509,1,-1
2021-01-12 15:10:21.236,15509,15510,15509,1,-1
2021-01-12 15:10:32.646,15509,15510,15510,9,9
2021-01-12 15:10:32.652,15509,15510,15509,1,-1
2021-01-12 15:10:35.817,15509,15510,15510,2,2
2021-01-12 15:10:36.053,15510,15511,15511,4,4
2021-01-12 15:10:36.053,15510,15511,15511,2,2
2021-01-12 15:10:36.053,15510,15511,15511,2,2
2021-01-12 15:10:39.703,15511,15512,15511,2,-2
2021-01-12 15:10:40.505,15511,15512,15511,1,-1
2021-01-12 15:10:40.646,15510,15511,15511,4,4
2021-01-12 15:10:41.676,15511,15512,15512,12,12
2021-01-12 15:10:41.676,15511,15512,15512,1,1
2021-01-12 15:10:42.777,15512,15513,15513,4,4
2021-01-12 15:10:42.777,15512,15513,15513,6,6
2021-01-12 15:10:42.777,15512,15513,15513,4,4
2021-01-12 15:10:42.778,15512,15513,15513,4,4
2021-01-12 15:10:42.779,15512,15513,15514,1,1
2021-01-12 15:10:42.779,15512,15513,15514,1,1
2021-01-12 15:10:42.779,15512,15513,15514,1,1
2021-01-12 15:10:43.271,15513,15514,15514,6,6
2021-01-12 15:10:43.694,15514,15515,15515,1,1
2021-01-12 15:10:43.806,15514,15515,15515,1,1
2021-01-12 15:10:43.889,15514,15515,15515,1,1
2021-01-12 15:10:43.896,15514,15515,15515,9,9
2021-01-12 15:10:43.896,15514,15515,15515,11,11
2021-01-12 15:10:43.897,15514,15515,15515,9,9
2021-01-12 15:10:43.921,15514,15515,15516,1,1
2021-01-12 15:10:44.053,15515,15516,15516,2,2
2021-01-12 15:10:44.080,15515,15516,15516,13,13
2021-01-12 15:10:44.080,15515,15516,15517,2,2
2021-01-12 15:10:44.243,15515,15517,15517,10,10
2021-01-12 15:10:44.244,15515,15517,15517,2,2
2021-01-12 15:10:44.247,15515,15517,15518,4,4
2021-01-12 15:10:44.265,15515,15517,15518,3,3
2021-01-12 15:10:44.308,15517,15518,15518,1,1
2021-01-12 15:10:44.421,15517,15518,15518,1,1
2021-01-12 15:10:44.428,15517,15518,15518,1,1
2021-01-12 15:10:44.452,15517,15518,15518,1,1
2021-01-12 15:10:44.495,15517,15518,15518,1,1
2021-01-12 15:10:44.531,15517,15518,15518,1,1
2021-01-12 15:10:44.680,15517,15518,15518,1,1
2021-01-12 15:10:44.700,15517,15518,15518,1,1
2021-01-12 15:10:44.713,15517,15518,15518,1,1
2021-01-12 15:10:44.725,15517,15518,15518,1,1
2021-01-12 15:10:44.749,15517,15518,15518,2,2
2021-01-12 15:10:44.749,15517,15518,15518,1,1
2021-01-12 15:10:44.767,15517,15518,15518,5,5
2021-01-12 15:10:44.787,15517,15519,15519,1,1
2021-01-12 15:10:44.989,15517,15519,15517,1,-1
2021-01-12 15:10:45.004,15517,15519,15517,1,-1
2021-01-12 15:10:45.005,15517,15519,15517,1,-1
2021-01-12 15:10:45.059,15516,15517,15517,1,1
2021-01-12 15:10:45.115,15516,15517,15517,1,1
2021-01-12 15:10:45.135,15516,15517,15516,1,-1
2021-01-12 15:10:45.768,15516,15517,15517,1,1
2021-01-12 15:10:46.237,15517,15518,15517,1,-1
2021-01-12 15:10:48.594,15517,15518,15517,2,-2
2021-01-12 15:10:49.162,15516,15517,15517,1,1
2021-01-12 15:10:50.463,15516,15517,15517,1,1
2021-01-12 15:10:50.591,15516,15517,15517,1,1
2021-01-12 15:10:51.320,15516,15517,15516,1,-1
2021-01-12 15:10:51.320,15516,15517,15516,5,-5
2021-01-12 15:10:51.385,15516,15517,15517,3,3
2021-01-12 15:10:54.494,15514,15516,15515,1,-1
2021-01-12 15:10:56.178,15514,15515,15514,1,-1
2021-01-12 15:10:56.178,15514,15515,15513,1,-1
2021-01-12 15:10:57.243,15513,15514,15514,1,1
2021-01-12 15:10:57.262,15513,15514,15514,2,2
2021-01-12 15:10:58.056,15513,15515,15515,1,1
2021-01-12 15:10:59.184,15513,15514,15513,1,-1
2021-01-12 15:11:00.534,15513,15514,15514,1,1
2021-01-12 15:11:01.590,15513,15514,15514,3,3
2021-01-12 15:11:05.067,15513,15514,15515,1,1
2021-01-12 15:11:05.516,15513,15514,15514,1,1
2021-01-12 15:11:05.826,15513,15514,15513,1,-1
2021-01-12 15:11:12.547,15513,15514,15514,1,1
2021-01-12 15:11:16.254,15513,15515,15514,1,-1
2021-01-12 15:11:16.272,15513,15515,15515,1,1
2021-01-12 15:11:17.219,15514,15515,15515,1,1
2021-01-12 15:11:17.388,15514,15515,15514,1,-1
2021-01-12 15:11:17.881,15514,15515,15514,1,-1
2021-01-12 15:11:18.940,15513,15515,15515,1,1
2021-01-12 15:11:22.416,15514,15515,15515,3,3
2021-01-12 15:11:23.854,15514,15515,15515,1,1
2021-01-12 15:11:25.664,15514,15515,15515,12,12
2021-01-12 15:11:26.640,15515,15516,15516,1,1
2021-01-12 15:11:26.640,15515,15516,15516,4,4
2021-01-12 15:11:26.742,15516,15517,15515,4,-4
2021-01-12 15:11:28.746,15516,15517,15516,1,1
2021-01-12 15:11:28.773,15515,15516,15516,1,1
2021-01-12 15:11:31.516,15515,15516,15516,1,1
2021-01-12 15:11:32.455,15516,15517,15517,3,3
2021-01-12 15:11:32.562,15516,15517,15516,3,-3
2021-01-12 15:11:32.910,15516,15517,15517,1,1
2021-01-12 15:11:33.550,15516,15517,15517,1,1
2021-01-12 15:11:36.918,15516,15517,15517,1,1
2021-01-12 15:11:43.495,15516,15517,15517,2,2
2021-01-12 15:11:43.522,15516,15517,15517,1,1
2021-01-12 15:11:49.814,15516,15517,15517,1,1
2021-01-12 15:11:50.258,15516,15517,15516,1,-1
2021-01-12 15:11:50.274,15516,15517,15517,1,1
2021-01-12 15:11:51.468,15516,15517,15517,1,1
2021-01-12 15:11:51.469,15516,15517,15517,4,4
2021-01-12 15:11:53.147,15516,15517,15517,2,2
2021-01-12 15:11:53.158,15516,15517,15517,3,3
2021-01-12 15:11:53.443,15516,15517,15517,1,1
2021-01-12 15:11:53.443,15516,15517,15517,1,1
2021-01-12 15:11:54.682,15517,15518,15517,2,-2
2021-01-12 15:11:55.603,15517,15518,15517,1,-1
2021-01-12 15:11:58.376,15517,15518,15517,1,-1
2021-01-12 15:11:58.377,15517,15518,15517,2,-2
2021-01-12 15:12:00.854,15516,15517,15516,1,-1
2021-01-12 15:12:02.356,15515,15517,15517,1,1
2021-01-12 15:12:02.687,15515,15516,15516,1,1
2021-01-12 15:12:03.894,15515,15517,15517,1,1
2021-01-12 15:12:04.054,15515,15517,15517,1,1
2021-01-12 15:12:04.868,15516,15517,15516,1,-1
2021-01-12 15:12:05.097,15515,15516,15516,1,1
2021-01-12 15:12:05.441,15515,15517,15515,1,-1
2021-01-12 15:12:07.112,15515,15517,15515,3,-3
2021-01-12 15:12:11.434,15515,15517,15517,3,3
2021-01-12 15:12:13.666,15515,15516,15515,1,-1
2021-01-12 15:12:13.988,15515,15516,15515,1,-1
2021-01-12 15:12:19.529,15515,15516,15515,1,-1
2021-01-12 15:12:19.529,15515,15516,15515,1,-1
2021-01-12 15:12:19.529,15515,15516,15515,1,-1
2021-01-12 15:12:19.529,15515,15516,15515,1,-1
2021-01-12 15:12:19.529,15515,15516,15515,2,-2
2021-01-12 15:12:19.821,15514,15516,15514,2,-2
2021-01-12 15:12:23.314,15514,15516,15515,2,2
2021-01-12 15:12:23.314,15514,15516,15515,2,-2
2021-01-12 15:12:25.164,15514,15515,15514,1,-1
2021-01-12 15:12:25.271,15514,15515,15514,3,-3
2021-01-12 15:12:26.591,15513,15514,15514,1,1
2021-01-12 15:12:26.938,15513,15515,15515,2,2
2021-01-12 15:12:37.434,15513,15514,15514,1,1
2021-01-12 15:12:39.332,15513,15514,15514,1,1
2021-01-12 15:12:41.521,15513,15514,15513,5,-5
2021-01-12 15:12:42.011,15512,15513,15512,3,-3
2021-01-12 15:12:42.280,15511,15512,15511,1,-1
2021-01-12 15:12:43.827,15511,15512,15511,1,-1
2021-01-12 15:12:45.086,15510,15512,15512,1,1
2021-01-12 15:12:48.040,15511,15512,15511,1,-1
2021-01-12 15:12:48.252,15511,15512,15511,3,-3
2021-01-12 15:12:48.989,15511,15512,15512,1,1
2021-01-12 15:12:49.616,15511,15512,15512,1,1
2021-01-12 15:12:53.118,15511,15512,15511,1,-1
2021-01-12 15:12:58.134,15511,15512,15512,1,1
2021-01-12 15:12:58.240,15511,15512,15512,1,1
2021-01-12 15:13:02.247,15512,15513,15512,2,-2
2021-01-12 15:13:02.529,15511,15513,15513,1,1
2021-01-12 15:13:02.559,15511,15513,15513,2,2
2021-01-12 15:13:02.638,15511,15513,15512,2,-2
2021-01-12 15:13:07.765,15511,15512,15511,1,-1
2021-01-12 15:13:08.046,15511,15512,15512,1,1
2021-01-12 15:13:11.788,15511,15512,15512,1,1
2021-01-12 15:13:13.491,15512,15514,15512,11,-11
2021-01-12 15:13:13.491,15512,15514,15511,4,-4
2021-01-12 15:13:15.356,15511,15513,15511,1,-1
2021-01-12 15:13:23.892,15511,15512,15511,5,-5
2021-01-12 15:13:24.811,15511,15512,15512,1,1
2021-01-12 15:13:32.546,15511,15512,15512,1,1
2021-01-12 15:13:35.008,15511,15512,15512,1,1
2021-01-12 15:13:36.932,15511,15512,15511,1,-1
2021-01-12 15:13:45.941,15511,15512,15511,1,-1
2021-01-12 15:13:46.666,15511,15512,15512,1,1
2021-01-12 15:13:47.151,15511,15512,15511,1,-1
2021-01-12 15:13:47.406,15511,15512,15512,1,1
2021-01-12 15:13:49.369,15511,15512,15512,6,6
2021-01-12 15:13:49.585,15512,15513,15513,6,6
2021-01-12 15:13:49.585,15512,15513,15514,2,2
2021-01-12 15:13:49.810,15512,15514,15514,4,4
2021-01-12 15:13:49.897,15512,15514,15514,6,6
2021-01-12 15:13:49.897,15512,15514,15515,2,2
2021-01-12 15:13:50.436,15513,15515,15515,8,8
2021-01-12 15:13:50.649,15513,15515,15515,4,4
2021-01-12 15:13:50.649,15513,15515,15516,10,10
2021-01-12 15:13:51.257,15514,15516,15514,1,-1
2021-01-12 15:13:52.617,15514,15516,15516,4,4
2021-01-12 15:13:52.757,15515,15516,15515,1,-1
2021-01-12 15:13:55.040,15515,15516,15515,3,-3
2021-01-12 15:13:58.167,15515,15516,15515,1,-1
2021-01-12 15:13:58.684,15515,15516,15516,4,4
2021-01-12 15:13:58.769,15515,15516,15515,1,-1
2021-01-12 15:13:59.399,15515,15516,15516,1,1
2021-01-12 15:13:59.530,15515,15516,15516,5,5
2021-01-12 15:13:59.905,15515,15516,15516,1,1
2021-01-12 15:14:01.673,15515,15516,15515,1,-1
2021-01-12 15:14:02.026,15515,15516,15516,1,1
2021-01-12 15:14:02.088,15515,15516,15516,1,1
2021-01-12 15:14:02.709,15515,15516,15516,1,1
2021-01-12 15:14:05.007,15515,15516,15515,3,-3
2021-01-12 15:14:05.247,15514,15516,15514,2,-2
2021-01-12 15:14:05.274,15514,15515,15514,1,-1
2021-01-12 15:14:07.032,15513,15515,15515,2,2
2021-01-12 15:14:08.767,15514,15515,15514,1,-1
2021-01-12 15:14:09.398,15514,15515,15515,1,1
2021-01-12 15:14:17.423,15515,15516,15515,2,-2
2021-01-12 15:14:18.824,15514,15516,15514,1,-1
2021-01-12 15:14:25.032,15514,15515,15514,2,-2
2021-01-12 15:14:27.712,15512,15515,15514,1,-1
2021-01-12 15:14:31.002,15513,15514,15513,2,-2
2021-01-12 15:14:32.948,15513,15514,15513,1,-1
2021-01-12 15:14:35.862,15513,15514,15513,4,-4
2021-01-12 15:14:37.080,15512,15513,15513,4,4
2021-01-12 15:14:37.271,15513,15514,15513,4,-4
2021-01-12 15:14:37.359,15513,15514,15514,1,1
2021-01-12 15:14:38.021,15512,15513,15512,3,-3
2021-01-12 15:14:38.146,15511,15512,15511,7,-7
2021-01-12 15:14:42.682,15511,15513,15513,3,3
2021-01-12 15:14:46.995,15513,15514,15513,1,-1
2021-01-12 15:14:51.258,15513,15514,15514,4,4
2021-01-12 15:14:51.260,15513,15514,15514,3,3
2021-01-12 15:14:53.384,15513,15515,15513,1,-1
2021-01-12 15:14:59.544,15513,15514,15513,4,-4
2021-01-12 15:14:59.754,15512,15513,15512,1,-1
2021-01-12 15:15:00.896,15512,15513,15512,1,-1
2021-01-12 15:15:08.002,15512,15514,15512,1,-1
2021-01-12 15:15:08.747,15512,15514,15514,4,4
2021-01-12 15:15:13.502,15512,15514,15512,2,-2
2021-01-12 15:15:18.262,15512,15514,15514,5,5
2021-01-12 15:15:22.865,15513,15514,15513,1,-1
2021-01-12 15:15:23.174,15513,15514,15513,1,-1
2021-01-12 15:15:24.668,15513,15514,15513,1,-1
2021-01-12 15:15:24.774,15513,15514,15513,1,-1
2021-01-12 15:15:26.866,15513,15514,15513,1,-1
2021-01-12 15:15:35.505,15512,15514,15512,2,-2
2021-01-12 15:15:50.650,15513,15514,15513,2,2
2021-01-12 15:16:00.803,15513,15514,15514,4,4
2021-01-12 15:16:02.188,15513,15514,15514,4,4
2021-01-12 15:16:02.273,15514,15515,15515,1,1
2021-01-12 15:16:05.312,15514,15515,15515,4,4
2021-01-12 15:16:05.568,15514,15515,15514,1,-1
2021-01-12 15:16:11.273,15513,15515,15515,5,5
2021-01-12 15:16:15.017,15513,15514,15514,2,2
2021-01-12 15:16:15.022,15513,15514,15514,1,1
2021-01-12 15:16:15.023,15513,15514,15515,1,1
2021-01-12 15:16:15.023,15513,15514,15515,1,1
2021-01-12 15:16:15.023,15513,15514,15515,1,1
2021-01-12 15:16:15.023,15513,15514,15515,1,1
2021-01-12 15:16:15.023,15513,15514,15515,1,1
2021-01-12 15:16:15.024,15513,15514,15515,1,1
2021-01-12 15:16:15.024,15513,15514,15515,1,1
2021-01-12 15:16:15.024,15513,15514,15516,1,1
2021-01-12 15:16:15.025,15513,15514,15516,1,1
2021-01-12 15:16:21.052,15514,15515,15515,1,1
2021-01-12 15:16:23.482,15514,15515,15515,1,1
2021-01-12 15:16:26.474,15514,15515,15515,3,3
2021-01-12 15:16:28.028,15514,15515,15515,1,1
2021-01-12 15:16:29.127,15514,15515,15515,1,1
2021-01-12 15:16:31.770,15514,15515,15514,2,-2
2021-01-12 15:16:36.105,15514,15515,15514,4,-4
2021-01-12 15:16:36.105,15514,15515,15514,1,-1
2021-01-12 15:16:36.105,15514,15515,15514,1,-1
2021-01-12 15:16:36.137,15514,15515,15513,4,-4
2021-01-12 15:16:37.871,15513,15514,15514,1,1
2021-01-12 15:16:40.384,15513,15514,15514,4,4
2021-01-12 15:16:40.384,15513,15514,15515,19,19
2021-01-12 15:16:40.384,15513,15514,15516,10,10
2021-01-12 15:16:40.542,15514,15516,15515,1,-1
2021-01-12 15:16:41.683,15514,15515,15515,1,1
2021-01-12 15:16:41.684,15514,15515,15515,1,1
2021-01-12 15:16:44.709,15514,15516,15515,1,-1
2021-01-12 15:16:45.266,15515,15516,15516,1,1
2021-01-12 15:16:45.862,15515,15516,15516,1,1
2021-01-12 15:16:47.609,15515,15516,15515,1,-1
2021-01-12 15:16:47.937,15515,15516,15516,1,1
2021-01-12 15:16:50.383,15515,15516,15516,14,14
2021-01-12 15:16:50.384,15515,15516,15516,1,1
2021-01-12 15:16:50.384,15515,15516,15516,1,1
2021-01-12 15:16:50.384,15515,15516,15516,1,1
2021-01-12 15:16:50.384,15515,15516,15516,1,1
2021-01-12 15:16:50.384,15515,15516,15516,4,4
2021-01-12 15:16:50.384,15515,15516,15516,1,1
2021-01-12 15:16:50.527,15516,15517,15516,1,-1
2021-01-12 15:16:51.589,15515,15517,15515,1,-1
2021-01-12 15:16:53.608,15515,15516,15516,2,2
2021-01-12 15:16:56.367,15516,15517,15517,1,1
2021-01-12 15:17:00.207,15516,15517,15517,1,1
2021-01-12 15:17:00.503,15516,15517,15517,9,9
2021-01-12 15:17:00.704,15517,15518,15517,1,-1
2021-01-12 15:17:02.086,15517,15518,15518,9,9
2021-01-12 15:17:02.086,15517,15518,15518,6,6
2021-01-12 15:17:02.086,15517,15518,15518,13,13
2021-01-12 15:17:02.674,15517,15518,15518,1,1
2021-01-12 15:17:02.857,15517,15519,15517,1,-1
2021-01-12 15:17:04.686,15517,15518,15517,1,-1
2021-01-12 15:17:05.019,15517,15518,15517,1,-1
2021-01-12 15:17:07.566,15517,15518,15517,2,-2
2021-01-12 15:17:10.382,15517,15518,15518,1,1
2021-01-12 15:17:10.863,15517,15518,15518,3,3
2021-01-12 15:17:12.122,15517,15518,15518,3,3
2021-01-12 15:17:15.490,15517,15518,15517,1,-1
2021-01-12 15:17:18.113,15517,15518,15518,4,4
2021-01-12 15:17:18.737,15517,15518,15518,1,1
2021-01-12 15:17:20.905,15517,15518,15518,1,1
2021-01-12 15:17:20.905,15517,15518,15518,1,1
2021-01-12 15:17:22.180,15517,15519,15519,3,3
2021-01-12 15:17:22.500,15518,15519,15519,1,1
2021-01-12 15:17:22.687,15518,15519,15519,1,1
2021-01-12 15:17:23.134,15518,15519,15519,1,1
2021-01-12 15:17:23.357,15518,15519,15518,1,-1
2021-01-12 15:17:23.419,15518,15519,15519,3,3
2021-01-12 15:17:26.186,15518,15519,15519,5,5
2021-01-12 15:17:27.427,15518,15519,15519,5,5
2021-01-12 15:17:27.995,15518,15519,15519,1,1
2021-01-12 15:17:29.769,15518,15519,15519,2,2
2021-01-12 15:17:29.769,15518,15519,15519,3,3
2021-01-12 15:17:35.332,15518,15519,15519,5,5
2021-01-12 15:17:36.396,15518,15519,15518,1,-1
2021-01-12 15:17:36.515,15518,15519,15517,2,-2
2021-01-12 15:17:36.542,15517,15518,15517,3,-3
2021-01-12 15:17:36.543,15517,15518,15517,2,-2
2021-01-12 15:17:39.037,15516,15518,15518,1,1
2021-01-12 15:17:43.436,15516,15517,15517,2,2
2021-01-12 15:17:44.521,15516,15517,15516,2,-2
2021-01-12 15:17:44.646,15515,15516,15515,8,-8
2021-01-12 15:17:44.646,15515,15516,15515,1,-1
2021-01-12 15:17:44.646,15515,15516,15515,1,-1
2021-01-12 15:17:44.647,15515,15516,15515,1,-1
2021-01-12 15:17:44.693,15515,15516,15516,1,1
2021-01-12 15:17:44.765,15515,15516,15514,1,-1
2021-01-12 15:17:46.908,15514,15515,15514,1,-1
2021-01-12 15:17:48.894,15514,15515,15514,1,-1
2021-01-12 15:17:50.731,15514,15515,15515,1,1
2021-01-12 15:17:51.383,15514,15515,15515,3,3
2021-01-12 15:17:52.883,15514,15515,15515,2,2
2021-01-12 15:17:53.316,15515,15516,15515,3,-3
2021-01-12 15:17:57.325,15514,15516,15516,1,1
2021-01-12 15:18:01.079,15515,15517,15515,1,-1
2021-01-12 15:18:05.615,15516,15517,15517,1,1
2021-01-12 15:18:05.865,15516,15518,15516,2,-2
2021-01-12 15:18:07.102,15516,15518,15518,1,1
2021-01-12 15:18:08.485,15516,15518,15516,1,-1
2021-01-12 15:18:09.225,15516,15518,15516,1,-1
2021-01-12 15:18:11.092,15516,15518,15518,1,1
2021-01-12 15:18:17.184,15517,15518,15517,1,-1
2021-01-12 15:18:27.194,15517,15518,15517,1,-1
2021-01-12 15:18:46.013,15517,15518,15517,1,-1
2021-01-12 15:18:49.344,15517,15518,15517,3,-3
2021-01-12 15:18:52.084,15517,15518,15517,1,-1
2021-01-12 15:18:54.908,15517,15518,15517,1,-1
2021-01-12 15:18:57.815,15517,15518,15517,8,-8
2021-01-12 15:19:07.383,15515,15517,15515,1,-1
2021-01-12 15:19:07.383,15515,15517,15514,1,-1
2021-01-12 15:19:09.785,15514,15517,15515,1,1
2021-01-12 15:19:09.834,15514,15517,15514,3,-3
2021-01-12 15:19:09.881,15514,15517,15514,3,-3
2021-01-12 15:19:09.897,15514,15515,15515,1,1
2021-01-12 15:19:12.525,15514,15515,15515,1,1
2021-01-12 15:19:15.365,15514,15515,15515,1,1
2021-01-12 15:19:17.751,15514,15515,15515,1,1
2021-01-12 15:19:17.762,15514,15515,15515,1,1
2021-01-12 15:19:19.096,15514,15515,15515,1,1
2021-01-12 15:19:19.601,15514,15515,15515,1,1
2021-01-12 15:19:20.049,15514,15515,15514,1,-1
2021-01-12 15:19:20.223,15514,15515,15515,1,1
2021-01-12 15:19:20.223,15514,15515,15515,1,1
2021-01-12 15:19:20.223,15514,15515,15515,2,2
2021-01-12 15:19:20.223,15514,15515,15515,1,1
2021-01-12 15:19:20.224,15514,15515,15515,1,1
2021-01-12 15:19:20.224,15514,15515,15515,1,1
2021-01-12 15:19:20.224,15514,15515,15515,1,1
2021-01-12 15:19:22.780,15514,15515,15514,1,-1
2021-01-12 15:19:24.495,15514,15515,15515,1,1
2021-01-12 15:19:24.748,15514,15515,15515,1,1
2021-01-12 15:19:27.576,15514,15515,15514,2,-2
2021-01-12 15:19:30.759,15514,15515,15514,3,-3
2021-01-12 15:19:34.445,15514,15515,15515,2,2
2021-01-12 15:19:37.615,15514,15515,15515,2,2
2021-01-12 15:19:44.363,15514,15515,15514,1,-1
2021-01-12 15:19:59.006,15513,15514,15513,2,-2
2021-01-12 15:20:01.221,15513,15514,15513,2,-2
2021-01-12 15:20:01.275,15513,15514,15514,1,1
2021-01-12 15:20:01.275,15513,15514,15514,1,1
2021-01-12 15:20:01.278,15513,15514,15514,1,1
2021-01-12 15:20:01.278,15513,15514,15515,1,1
2021-01-12 15:20:01.552,15514,15515,15515,2,2
2021-01-12 15:20:01.553,15514,15515,15515,1,1
2021-01-12 15:20:01.553,15514,15515,15516,1,1
2021-01-12 15:20:01.721,15514,15516,15516,1,1
2021-01-12 15:20:02.311,15514,15516,15516,1,1
2021-01-12 15:20:02.899,15514,15516,15516,2,2
2021-01-12 15:20:05.562,15515,15516,15515,2,-2
2021-01-12 15:20:07.897,15515,15516,15515,2,-2
2021-01-12 15:20:07.897,15515,15516,15514,11,-11
2021-01-12 15:20:07.898,15515,15516,15514,4,-4
2021-01-12 15:20:07.898,15515,15516,15514,1,-1
2021-01-12 15:20:07.898,15515,15516,15514,1,-1
2021-01-12 15:20:07.898,15515,15516,15514,1,-1
2021-01-12 15:20:07.962,15515,15516,15514,1,-1
2021-01-12 15:20:11.805,15513,15515,15515,1,1
2021-01-12 15:20:11.897,15513,15515,15515,1,1
2021-01-12 15:20:14.024,15514,15515,15515,1,1
2021-01-12 15:20:17.664,15514,15515,15515,1,1
2021-01-12 15:20:22.637,15514,15515,15515,2,2
2021-01-12 15:20:22.638,15514,15515,15515,4,4
2021-01-12 15:20:22.638,15514,15515,15515,1,1
2021-01-12 15:20:22.639,15514,15515,15515,2,2
2021-01-12 15:20:22.647,15515,15516,15516,1,1
2021-01-12 15:20:22.649,15515,15516,15516,1,1
2021-01-12 15:20:24.124,15515,15516,15516,2,2
2021-01-12 15:20:29.383,15516,15517,15517,1,1
2021-01-12 15:20:29.965,15516,15517,15516,1,-1
2021-01-12 15:20:29.992,15516,15517,15516,1,-1
2021-01-12 15:20:31.424,15514,15516,15516,2,2
2021-01-12 15:20:31.523,15514,15516,15516,1,1
2021-01-12 15:20:31.523,15514,15516,15516,1,1
2021-01-12 15:20:31.523,15514,15516,15516,1,1
2021-01-12 15:20:31.524,15514,15516,15516,1,1
2021-01-12 15:20:33.404,15515,15516,15516,7,7
2021-01-12 15:20:35.037,15515,15517,15515,3,-3
2021-01-12 15:20:41.405,15515,15516,15515,1,-1
2021-01-12 15:20:50.366,15515,15516,15515,1,-1
2021-01-12 15:20:50.367,15515,15516,15516,1,1
2021-01-12 15:20:52.223,15515,15516,15516,1,1
2021-01-12 15:20:52.272,15516,15517,15517,1,1
2021-01-12 15:20:53.734,15516,15517,15516,3,-3
2021-01-12 15:20:55.979,15516,15517,15517,2,2
2021-01-12 15:21:02.234,15517,15518,15518,1,1
2021-01-12 15:21:02.275,15517,15518,15518,1,1
2021-01-12 15:21:02.275,15517,15518,15518,2,2
2021-01-12 15:21:02.276,15517,15518,15518,2,2
2021-01-12 15:21:02.276,15517,15518,15518,3,3
2021-01-12 15:21:02.277,15517,15518,15519,1,1
2021-01-12 15:21:02.394,15517,15518,15519,1,1
2021-01-12 15:21:02.825,15518,15519,15518,1,-1
2021-01-12 15:21:05.379,15518,15519,15519,9,9
2021-01-12 15:21:05.397,15519,15520,15520,1,1
2021-01-12 15:21:05.398,15519,15520,15520,1,1
2021-01-12 15:21:05.670,15519,15520,15519,3,-3
2021-01-12 15:21:05.864,15519,15520,15520,6,6
2021-01-12 15:21:08.003,15519,15520,15519,2,-2
2021-01-12 15:21:13.475,15518,15519,15519,2,2
2021-01-12 15:21:13.522,15518,15519,15519,2,2
2021-01-12 15:21:13.523,15518,15519,15519,1,1
2021-01-12 15:21:13.523,15518,15519,15520,1,1
2021-01-12 15:21:13.523,15518,15519,15520,1,1
2021-01-12 15:21:13.523,15518,15519,15520,1,1
2021-01-12 15:21:13.523,15518,15519,15520,1,1
2021-01-12 15:21:13.524,15518,15519,15520,1,1
2021-01-12 15:21:13.524,15518,15519,15520,1,1
2021-01-12 15:21:18.633,15518,15519,15519,1,1
2021-01-12 15:21:20.155,15518,15519,15519,1,1
2021-01-12 15:21:20.272,15518,15519,15519,3,3
2021-01-12 15:21:20.273,15518,15519,15519,4,4
2021-01-12 15:21:20.273,15518,15519,15520,1,1
2021-01-12 15:21:20.273,15518,15519,15520,1,1
2021-01-12 15:21:20.273,15518,15519,15520,1,1
2021-01-12 15:21:20.273,15518,15519,15519,1,1
2021-01-12 15:21:20.274,15518,15519,15520,1,1
2021-01-12 15:21:21.271,15519,15520,15519,2,-2
2021-01-12 15:21:21.271,15519,15520,15519,2,-2
2021-01-12 15:21:22.393,15518,15519,15518,2,-2
2021-01-12 15:21:23.344,15516,15517,15516,2,-2
2021-01-12 15:21:28.864,15515,15517,15515,5,-5
2021-01-12 15:21:30.425,15515,15516,15516,2,2
2021-01-12 15:21:30.522,15515,15517,15517,1,1
2021-01-12 15:21:33.609,15516,15517,15516,1,-1
2021-01-12 15:21:44.265,15516,15517,15516,1,-1
2021-01-12 15:21:44.566,15515,15517,15517,1,1
2021-01-12 15:22:01.726,15515,15516,15516,2,2
2021-01-12 15:22:01.773,15516,15517,15517,1,1
2021-01-12 15:22:05.144,15516,15517,15517,2,2
2021-01-12 15:22:12.186,15516,15517,15517,1,1
2021-01-12 15:22:15.031,15516,15517,15516,1,-1
2021-01-12 15:22:15.147,15516,15517,15517,1,1
2021-01-12 15:22:15.147,15516,15517,15517,1,1
2021-01-12 15:22:15.148,15516,15517,15517,1,1
2021-01-12 15:22:15.148,15516,15517,15517,1,1
2021-01-12 15:22:15.148,15516,15517,15517,1,1
2021-01-12 15:22:15.148,15516,15517,15518,1,1
2021-01-12 15:22:15.149,15516,15517,15518,1,1
2021-01-12 15:22:15.149,15516,15517,15518,1,1
2021-01-12 15:22:15.149,15516,15517,15518,1,1
2021-01-12 15:22:15.149,15516,15517,15518,1,1
2021-01-12 15:22:15.150,15516,15517,15518,1,1
2021-01-12 15:22:15.151,15516,15517,15519,1,1
2021-01-12 15:22:15.151,15516,15517,15519,1,1
2021-01-12 15:22:15.152,15516,15517,15519,1,1
2021-01-12 15:22:15.152,15516,15517,15519,1,1
2021-01-12 15:22:15.152,15516,15517,15519,1,1
2021-01-12 15:22:15.152,15516,15517,15518,1,1
2021-01-12 15:22:15.152,15516,15517,15519,1,1
2021-01-12 15:22:15.153,15516,15517,15519,1,1
2021-01-12 15:22:15.154,15516,15517,15519,1,1
2021-01-12 15:22:15.154,15516,15517,15519,1,1
2021-01-12 15:22:18.103,15517,15519,15519,2,2
2021-01-12 15:22:22.184,15518,15519,15519,1,1
2021-01-12 15:22:27.364,15517,15519,15519,3,3
2021-01-12 15:22:30.618,15517,15519,15519,6,6
2021-01-12 15:22:30.621,15517,15519,15519,1,1
2021-01-12 15:22:34.752,15517,15519,15519,2,2
2021-01-12 15:22:39.924,15517,15519,15519,5,5
2021-01-12 15:22:43.207,15517,15519,15519,3,3
2021-01-12 15:22:43.483,15518,15520,15520,1,1
2021-01-12 15:22:47.392,15518,15520,15519,1,-1
2021-01-12 15:22:55.133,15518,15520,15519,1,-1
2021-01-12 15:22:58.380,15519,15520,15519,1,-1
2021-01-12 15:23:00.975,15519,15520,15520,2,2
2021-01-12 15:23:01.118,15519,15520,15520,10,10
2021-01-12 15:23:04.022,15519,15520,15520,1,1
2021-01-12 15:23:04.030,15519,15520,15519,1,-1
2021-01-12 15:23:05.230,15519,15520,15520,5,5
2021-01-12 15:23:05.914,15519,15520,15519,1,-1
2021-01-12 15:23:19.418,15518,15520,15519,1,-1
2021-01-12 15:23:26.229,15518,15519,15518,1,-1
2021-01-12 15:23:28.924,15518,15519,15518,2,-2
2021-01-12 15:23:35.209,15517,15518,15518,1,1
2021-01-12 15:23:39.540,15517,15518,15517,1,-1
2021-01-12 15:23:41.281,15517,15518,15518,1,1
2021-01-12 15:23:42.509,15517,15518,15517,1,-1
2021-01-12 15:23:43.292,15517,15518,15518,1,1
2021-01-12 15:23:43.296,15517,15518,15518,1,1
2021-01-12 15:23:55.713,15517,15518,15518,1,1
2021-01-12 15:23:56.088,15517,15518,15518,1,1
2021-01-12 15:23:56.147,15518,15519,15519,1,1
2021-01-12 15:23:57.638,15518,15519,15519,4,4
2021-01-12 15:23:57.638,15518,15519,15519,2,2
2021-01-12 15:23:57.638,15518,15519,15519,2,2
2021-01-12 15:23:59.271,15519,15520,15519,2,-2
2021-01-12 15:24:09.025,15518,15519,15519,1,1
2021-01-12 15:24:09.967,15519,15520,15519,1,-1
2021-01-12 15:24:12.484,15519,15520,15520,1,1
2021-01-12 15:24:12.512,15519,15520,15520,2,2
2021-01-12 15:24:12.525,15519,15520,15520,1,1
2021-01-12 15:24:13.047,15519,15520,15520,1,1
2021-01-12 15:24:13.047,15519,15520,15520,1,1
2021-01-12 15:24:13.482,15519,15520,15520,1,1
2021-01-12 15:24:13.512,15519,15520,15520,1,1
2021-01-12 15:24:13.553,15519,15520,15520,1,1
2021-01-12 15:24:13.660,15519,15520,15520,1,1
2021-01-12 15:24:17.200,15519,15520,15520,1,1
2021-01-12 15:24:18.686,15519,15520,15519,3,-3
2021-01-12 15:24:26.327,15519,15520,15520,4,4
2021-01-12 15:24:26.328,15519,15520,15520,6,6
2021-01-12 15:24:26.328,15519,15520,15520,7,7
2021-01-12 15:24:26.328,15519,15520,15520,3,3
2021-01-12 15:24:26.328,15519,15520,15520,5,5
2021-01-12 15:24:26.329,15519,15520,15520,7,7
2021-01-12 15:24:26.329,15519,15520,15520,1,1
2021-01-12 15:24:28.241,15520,15521,15520,1,-1
2021-01-12 15:24:28.277,15520,15521,15520,2,-2
2021-01-12 15:24:28.944,15520,15521,15521,4,4
2021-01-12 15:24:28.964,15520,15521,15521,4,4
2021-01-12 15:24:28.964,15520,15521,15521,1,1
2021-01-12 15:24:28.964,15520,15521,15521,1,1
2021-01-12 15:24:28.965,15520,15521,15521,18,18
2021-01-12 15:24:29.052,15521,15522,15522,1,1
2021-01-12 15:24:29.153,15521,15522,15522,1,1
2021-01-12 15:24:29.255,15521,15522,15522,1,1
2021-01-12 15:24:29.268,15521,15522,15522,2,2
2021-01-12 15:24:29.304,15521,15522,15522,1,1
2021-01-12 15:24:29.313,15521,15522,15522,1,1
2021-01-12 15:24:29.468,15521,15522,15522,4,4
2021-01-12 15:24:29.811,15521,15522,15521,2,-2
2021-01-12 15:24:29.972,15520,15522,15522,5,5
2021-01-12 15:24:30.791,15521,15522,15521,1,-1
2021-01-12 15:24:31.912,15521,15522,15522,1,1
2021-01-12 15:24:33.685,15521,15522,15522,6,6
2021-01-12 15:24:33.766,15521,15522,15523,1,1
2021-01-12 15:24:36.307,15522,15523,15523,4,4
2021-01-12 15:24:36.307,15522,15523,15523,3,3
2021-01-12 15:24:36.308,15522,15523,15523,1,1
2021-01-12 15:24:36.308,15522,15523,15523,1,1
2021-01-12 15:24:36.308,15522,15523,15523,1,1
2021-01-12 15:24:36.309,15522,15523,15523,14,14
2021-01-12 15:24:37.558,15523,15524,15524,1,1
2021-01-12 15:24:37.738,15523,15524,15524,1,1
2021-01-12 15:24:37.739,15523,15524,15524,2,2
2021-01-12 15:24:37.811,15523,15525,15523,1,-1
2021-01-12 15:24:41.240,15523,15524,15524,1,1
2021-01-12 15:24:41.920,15523,15524,15524,2,2
2021-01-12 15:24:41.920,15523,15524,15524,1,1
2021-01-12 15:24:41.920,15523,15524,15524,3,3
2021-01-12 15:24:43.811,15523,15525,15523,1,-1
2021-01-12 15:24:44.836,15523,15524,15524,1,1
2021-01-12 15:24:45.437,15523,15524,15524,1,1
2021-01-12 15:24:47.166,15523,15525,15525,1,1
2021-01-12 15:24:47.715,15523,15525,15525,1,1
2021-01-12 15:24:48.353,15523,15525,15525,1,1
2021-01-12 15:24:49.170,15524,15525,15524,1,-1
2021-01-12 15:24:49.220,15524,15525,15525,10,10
2021-01-12 15:24:50.881,15524,15525,15525,1,1
2021-01-12 15:24:51.361,15524,15525,15525,1,1
2021-01-12 15:24:52.915,15523,15524,15524,1,1
2021-01-12 15:24:53.347,15523,15524,15524,1,1
2021-01-12 15:24:54.423,15523,15524,15524,2,2
2021-01-12 15:24:54.423,15523,15524,15524,1,1
2021-01-12 15:24:56.355,15524,15525,15524,1,-1
2021-01-12 15:24:56.780,15524,15525,15524,1,-1
2021-01-12 15:25:01.920,15524,15525,15524,1,-1
2021-01-12 15:25:02.657,15524,15525,15524,2,-2
2021-01-12 15:25:02.774,15524,15525,15525,1,1
2021-01-12 15:25:02.806,15524,15525,15524,4,-4
2021-01-12 15:25:02.953,15524,15525,15524,2,-2
2021-01-12 15:25:02.954,15524,15525,15524,7,-7
2021-01-12 15:25:02.987,15524,15525,15523,2,-2
2021-01-12 15:25:03.071,15523,15524,15523,7,-7
2021-01-12 15:25:04.190,15522,15523,15523,1,1
2021-01-12 15:25:04.639,15522,15523,15522,3,-3
2021-01-12 15:25:05.731,15521,15522,15522,1,1
2021-01-12 15:25:07.792,15521,15522,15522,5,5
2021-01-12 15:25:08.578,15521,15523,15521,1,-1
2021-01-12 15:25:11.760,15522,15523,15523,2,2
2021-01-12 15:25:15.958,15523,15524,15524,3,3
2021-01-12 15:25:16.929,15523,15524,15523,1,-1
2021-01-12 15:25:20.597,15523,15524,15523,1,-1
2021-01-12 15:25:23.348,15523,15524,15523,3,-3
2021-01-12 15:25:26.263,15522,15523,15523,1,1
2021-01-12 15:25:26.557,15522,15523,15523,1,1
2021-01-12 15:25:27.443,15522,15523,15523,2,2
2021-01-12 15:25:27.658,15523,15524,15523,1,-1
2021-01-12 15:25:31.727,15523,15524,15523,1,-1
2021-01-12 15:25:34.672,15523,15524,15524,1,1
2021-01-12 15:25:34.893,15523,15524,15523,1,-1
2021-01-12 15:25:35.180,15523,15524,15523,1,-1
2021-01-12 15:25:36.290,15522,15524,15522,1,-1
2021-01-12 15:25:39.538,15522,15523,15523,1,1
2021-01-12 15:25:40.087,15522,15523,15523,1,1
2021-01-12 15:25:44.818,15523,15524,15523,4,-4
2021-01-12 15:25:45.309,15523,15524,15523,1,-1
2021-01-12 15:25:46.704,15523,15524,15524,1,1
2021-01-12 15:25:55.377,15523,15524,15524,1,1
2021-01-12 15:25:58.838,15523,15524,15524,10,10
2021-01-12 15:25:58.839,15523,15524,15524,2,2
2021-01-12 15:25:58.839,15523,15524,15524,1,1
2021-01-12 15:25:58.951,15524,15525,15524,1,-1
2021-01-12 15:26:05.634,15524,15525,15524,1,-1
2021-01-12 15:26:05.838,15524,15525,15524,1,-1
2021-01-12 15:26:08.521,15523,15524,15524,1,1
2021-01-12 15:26:08.880,15523,15524,15524,1,1
2021-01-12 15:26:09.049,15524,15525,15524,1,-1
2021-01-12 15:26:10.351,15523,15524,15524,1,1
2021-01-12 15:26:27.316,15523,15524,15523,13,-13
2021-01-12 15:26:32.905,15523,15524,15523,6,-6
2021-01-12 15:26:32.906,15523,15524,15523,1,-1
2021-01-12 15:26:32.906,15523,15524,15523,1,-1
2021-01-12 15:26:32.906,15523,15524,15523,1,-1
2021-01-12 15:26:32.906,15523,15524,15523,1,-1
2021-01-12 15:26:35.449,15523,15524,15523,2,-2
2021-01-12 15:26:37.279,15522,15524,15524,26,26
2021-01-12 15:26:37.281,15522,15524,15524,1,1
2021-01-12 15:26:37.281,15522,15524,15524,1,1
2021-01-12 15:26:37.281,15522,15524,15524,1,1
2021-01-12 15:26:37.833,15524,15525,15524,1,-1
2021-01-12 15:26:38.232,15523,15525,15523,1,-1
2021-01-12 15:26:39.898,15523,15524,15523,1,-1
2021-01-12 15:26:44.985,15523,15524,15523,1,-1
2021-01-12 15:26:47.051,15523,15525,15523,1,-1
2021-01-12 15:26:58.173,15523,15525,15523,1,-1
2021-01-12 15:27:07.525,15523,15524,15524,1,1
2021-01-12 15:27:15.125,15523,15524,15524,1,1
2021-01-12 15:27:16.292,15523,15524,15524,2,2
2021-01-12 15:27:16.923,15523,15524,15523,2,-2
2021-01-12 15:27:24.722,15523,15524,15524,2,2
2021-01-12 15:27:43.037,15523,15524,15524,1,1
2021-01-12 15:27:45.747,15523,15524,15524,8,8
2021-01-12 15:27:46.497,15523,15524,15524,1,1
2021-01-12 15:27:49.872,15523,15524,15524,1,1
2021-01-12 15:27:53.810,15524,15525,15524,5,-5
2021-01-12 15:27:55.664,15524,15525,15525,4,4
2021-01-12 15:27:55.664,15524,15525,15525,2,2
2021-01-12 15:27:55.665,15524,15525,15525,14,14
2021-01-12 15:27:55.665,15524,15525,15525,1,1
2021-01-12 15:27:55.665,15524,15525,15525,1,1
2021-01-12 15:27:55.665,15524,15525,15525,1,1
2021-01-12 15:27:55.665,15524,15525,15525,1,1
2021-01-12 15:27:55.665,15524,15525,15525,1,1
2021-01-12 15:27:55.665,15524,15525,15525,5,5
2021-01-12 15:28:00.896,15525,15526,15526,12,12
2021-01-12 15:28:01.025,15526,15527,15527,1,1
2021-01-12 15:28:01.053,15526,15527,15527,1,1
2021-01-12 15:28:01.147,15526,15527,15527,1,1
2021-01-12 15:28:01.168,15526,15527,15527,5,5
2021-01-12 15:28:01.169,15526,15527,15527,5,5
2021-01-12 15:28:01.184,15526,15527,15528,2,2
2021-01-12 15:28:01.237,15526,15527,15528,1,1
2021-01-12 15:28:01.248,15526,15527,15528,1,1
2021-01-12 15:28:01.286,15527,15528,15528,1,1
2021-01-12 15:28:01.293,15527,15528,15528,1,1
2021-01-12 15:28:01.339,15527,15528,15528,1,1
2021-01-12 15:28:01.342,15527,15528,15528,1,1
2021-01-12 15:28:01.463,15527,15528,15528,1,1
2021-01-12 15:28:01.735,15527,15528,15528,1,1
2021-01-12 15:28:01.741,15527,15528,15528,1,1
2021-01-12 15:28:02.589,15527,15528,15528,1,1
2021-01-12 15:28:02.880,15527,15528,15528,1,1
2021-01-12 15:28:03.412,15527,15528,15527,1,-1
2021-01-12 15:28:03.463,15527,15528,15528,6,6
2021-01-12 15:28:03.677,15527,15528,15528,2,2
2021-01-12 15:28:03.678,15527,15528,15528,4,4
2021-01-12 15:28:08.261,15527,15528,15528,1,1
2021-01-12 15:28:09.856,15527,15528,15528,1,1
2021-01-12 15:28:09.856,15527,15528,15528,1,1
2021-01-12 15:28:09.856,15527,15528,15528,1,1
2021-01-12 15:28:09.897,15527,15529,15529,1,1
2021-01-12 15:28:10.165,15527,15529,15529,1,1
2021-01-12 15:28:10.217,15527,15529,15529,1,1
2021-01-12 15:28:10.246,15527,15529,15529,1,1
2021-01-12 15:28:10.252,15527,15529,15529,1,1
2021-01-12 15:28:10.330,15527,15529,15529,1,1
2021-01-12 15:28:10.348,15527,15529,15529,1,1
2021-01-12 15:28:10.350,15527,15529,15529,1,1
2021-01-12 15:28:10.402,15528,15529,15528,1,-1
2021-01-12 15:28:10.418,15528,15529,15529,4,4
2021-01-12 15:28:10.493,15528,15529,15529,2,2
2021-01-12 15:28:10.493,15528,15529,15530,2,2
2021-01-12 15:28:10.558,15528,15530,15530,1,1
2021-01-12 15:28:10.733,15528,15530,15530,1,1
2021-01-12 15:28:10.881,15528,15530,15530,1,1
2021-01-12 15:28:11.047,15528,15530,15530,1,1
2021-01-12 15:28:11.522,15528,15530,15530,1,1
2021-01-12 15:28:11.580,15528,15530,15530,1,1
2021-01-12 15:28:11.616,15528,15530,15530,1,1
2021-01-12 15:28:13.350,15528,15530,15528,1,-1
2021-01-12 15:28:16.307,15528,15529,15529,2,2
2021-01-12 15:28:16.441,15528,15529,15529,2,2
2021-01-12 15:28:16.441,15528,15529,15530,1,1
2021-01-12 15:28:17.442,15529,15530,15529,5,-5
2021-01-12 15:28:17.522,15528,15529,15529,1,1
2021-01-12 15:28:17.524,15528,15529,15529,1,1
2021-01-12 15:28:17.524,15528,15529,15529,1,1
2021-01-12 15:28:17.524,15528,15529,15529,1,1
2021-01-12 15:28:17.524,15528,15529,15529,1,1
2021-01-12 15:28:17.524,15528,15529,15529,1,1
2021-01-12 15:28:17.788,15528,15530,15528,3,-3
2021-01-12 15:28:19.609,15528,15529,15529,1,1
2021-01-12 15:28:22.187,15528,15530,15530,1,1
2021-01-12 15:28:23.110,15528,15530,15530,1,1
2021-01-12 15:28:24.632,15528,15530,15530,42,42
2021-01-12 15:28:24.633,15528,15530,15530,1,1
2021-01-12 15:28:24.633,15528,15530,15530,1,1
2021-01-12 15:28:24.633,15528,15530,15530,1,1
2021-01-12 15:28:24.633,15528,15530,15530,1,1
2021-01-12 15:28:24.913,15530,15531,15531,3,3
2021-01-12 15:28:25.450,15530,15531,15531,1,1
2021-01-12 15:28:25.560,15530,15531,15531,2,2
2021-01-12 15:28:26.539,15530,15531,15530,2,-2
2021-01-12 15:28:26.772,15530,15531,15531,2,2
2021-01-12 15:28:27.393,15530,15531,15530,1,-1
2021-01-12 15:28:27.398,15530,15531,15531,1,1
2021-01-12 15:28:27.398,15530,15531,15531,1,1
2021-01-12 15:28:27.399,15530,15531,15531,1,1
2021-01-12 15:28:27.411,15530,15531,15530,1,-1
2021-01-12 15:28:27.751,15530,15531,15530,1,-1
2021-01-12 15:28:27.771,15530,15531,15530,4,-4
2021-01-12 15:28:28.784,15528,15530,15530,2,2
2021-01-12 15:28:29.577,15528,15530,15530,1,1
2021-01-12 15:28:29.718,15528,15530,15530,6,6
2021-01-12 15:28:29.719,15528,15530,15530,4,4
2021-01-12 15:28:29.719,15528,15530,15530,4,4
2021-01-12 15:28:30.175,15528,15530,15530,1,1
2021-01-12 15:28:31.146,15529,15530,15529,1,-1
2021-01-12 15:28:31.646,15529,15530,15529,1,-1
2021-01-12 15:28:33.749,15528,15529,15528,3,-3
2021-01-12 15:28:34.642,15528,15529,15528,29,-29
2021-01-12 15:28:34.644,15528,15529,15527,1,-1
2021-01-12 15:28:34.642,15526,15527,15528,4,4
2021-01-12 15:28:34.644,15526,15527,15527,3,3
2021-01-12 15:28:34.645,15526,15527,15527,1,1
2021-01-12 15:28:34.679,15526,15527,15528,1,1
2021-01-12 15:28:35.250,15526,15528,15526,1,-1
2021-01-12 15:28:35.889,15525,15527,15527,1,1
2021-01-12 15:28:37.484,15525,15527,15527,2,2
2021-01-12 15:28:42.795,15526,15527,15526,1,-1
2021-01-12 15:28:42.897,15526,15527,15527,1,1
2021-01-12 15:28:48.944,15527,15528,15527,1,-1
2021-01-12 15:28:51.713,15527,15528,15528,1,1
2021-01-12 15:28:52.027,15527,15528,15527,1,-1
2021-01-12 15:28:53.354,15527,15528,15527,2,-2
2021-01-12 15:28:53.395,15527,15528,15528,1,1
2021-01-12 15:28:54.809,15527,15528,15527,1,-1
2021-01-12 15:28:55.069,15527,15528,15527,7,-7
2021-01-12 15:28:55.070,15527,15528,15527,3,-3
2021-01-12 15:28:55.193,15526,15528,15528,1,1
2021-01-12 15:28:57.150,15527,15528,15528,1,1
2021-01-12 15:28:57.311,15527,15528,15528,3,3
2021-01-12 15:28:57.311,15527,15528,15529,2,2
2021-01-12 15:28:57.737,15527,15529,15529,2,2
2021-01-12 15:29:01.120,15527,15529,15529,1,1
2021-01-12 15:29:01.338,15527,15529,15527,1,-1
2021-01-12 15:29:03.199,15527,15528,15528,1,1
2021-01-12 15:29:08.043,15528,15529,15529,1,1
2021-01-12 15:29:08.414,15528,15529,15528,2,-2
2021-01-12 15:29:13.022,15528,15529,15528,1,-1
2021-01-12 15:29:14.298,15528,15529,15529,1,1
2021-01-12 15:29:28.586,15528,15529,15529,2,2
2021-01-12 15:29:29.021,15528,15529,15529,1,1
2021-01-12 15:29:31.023,15528,15529,15528,1,-1
2021-01-12 15:29:31.187,15528,15529,15528,1,-1
2021-01-12 15:29:35.403,15528,15529,15528,5,-5
2021-01-12 15:29:38.241,15527,15528,15527,1,-1
2021-01-12 15:29:38.241,15527,15528,15527,2,-2
2021-01-12 15:29:38.242,15527,15528,15527,5,-5
2021-01-12 15:29:38.456,15526,15528,15528,1,1
2021-01-12 15:29:42.611,15527,15528,15527,2,-2
2021-01-12 15:29:42.678,15526,15527,15527,1,1
2021-01-12 15:29:44.768,15527,15528,15527,1,-1
2021-01-12 15:29:45.814,15526,15528,15528,1,1
2021-01-12 15:29:50.763,15527,15528,15527,1,-1
2021-01-12 15:29:56.482,15527,15528,15527,1,-1
2021-01-12 15:30:00.897,15527,15528,15527,1,-1
2021-01-12 15:30:01.408,15527,15528,15528,2,2
2021-01-12 15:30:01.533,15527,15528,15528,1,1
2021-01-12 15:30:01.533,15527,15528,15529,1,1
2021-01-12 15:30:01.533,15527,15528,15529,2,2
2021-01-12 15:30:02.106,15528,15529,15529,2,2
2021-01-12 15:30:02.720,15528,15529,15529,1,1
2021-01-12 15:30:03.854,15528,15530,15530,2,2
2021-01-12 15:30:05.237,15528,15529,15529,1,1
2021-01-12 15:30:05.267,15528,15529,15530,1,1
2021-01-12 15:30:05.304,15528,15530,15530,1,1
2021-01-12 15:30:07.669,15528,15530,15530,3,3
2021-01-12 15:30:08.437,15528,15530,15528,1,-1
2021-01-12 15:30:08.740,15528,15529,15528,5,-5
2021-01-12 15:30:10.322,15528,15529,15528,1,-1
2021-01-12 15:30:10.324,15528,15529,15527,7,-7
2021-01-12 15:30:10.502,15526,15528,15527,1,-1
2021-01-12 15:30:14.209,15526,15527,15527,1,1
2021-01-12 15:30:21.297,15527,15528,15527,1,-1
2021-01-12 15:30:22.776,15527,15528,15528,1,1
2021-01-12 15:30:25.460,15528,15529,15529,2,2
2021-01-12 15:30:26.137,15528,15530,15528,2,-2
2021-01-12 15:30:26.275,15528,15530,15528,1,-1
2021-01-12 15:30:28.278,15529,15530,15529,1,1
2021-01-12 15:30:28.397,15529,15530,15530,1,1
2021-01-12 15:30:29.344,15529,15530,15529,1,-1
2021-01-12 15:30:29.483,15529,15530,15529,1,-1
2021-01-12 15:30:30.242,15529,15530,15530,4,4
2021-01-12 15:30:30.243,15529,15530,15530,3,3
2021-01-12 15:30:30.243,15529,15530,15530,14,14
2021-01-12 15:30:30.243,15529,15530,15530,5,5
2021-01-12 15:30:30.243,15529,15530,15530,3,3
2021-01-12 15:30:30.291,15530,15531,15531,2,2
2021-01-12 15:30:30.411,15530,15531,15530,3,-3
2021-01-12 15:30:30.486,15530,15531,15531,2,2
2021-01-12 15:30:30.652,15530,15531,15531,1,1
2021-01-12 15:30:30.730,15530,15531,15531,1,1
2021-01-12 15:30:30.762,15530,15531,15531,1,1
2021-01-12 15:30:30.762,15530,15531,15531,2,2
2021-01-12 15:30:30.762,15530,15531,15531,3,3
2021-01-12 15:30:30.762,15530,15531,15531,4,4
2021-01-12 15:30:30.772,15531,15532,15532,1,1
2021-01-12 15:30:30.838,15531,15532,15532,15,15
2021-01-12 15:30:30.838,15531,15532,15532,1,1
2021-01-12 15:30:30.876,15531,15532,15533,1,1
2021-01-12 15:30:30.886,15531,15532,15532,1,1
2021-01-12 15:30:31.039,15532,15533,15533,2,2
2021-01-12 15:30:31.397,15532,15533,15533,3,3
2021-01-12 15:30:31.397,15532,15533,15533,9,9
2021-01-12 15:30:31.470,15532,15533,15534,1,1
2021-01-12 15:30:31.504,15532,15533,15534,1,1
2021-01-12 15:30:31.507,15532,15533,15534,1,1
2021-01-12 15:30:31.711,15532,15534,15533,1,-1
2021-01-12 15:30:31.732,15532,15534,15533,1,-1
2021-01-12 15:30:31.822,15532,15533,15533,1,1
2021-01-12 15:30:31.822,15532,15533,15533,1,1
2021-01-12 15:30:31.844,15532,15533,15533,1,1
2021-01-12 15:30:31.846,15532,15533,15533,1,1
2021-01-12 15:30:32.494,15531,15533,15531,2,-2
2021-01-12 15:30:33.655,15531,15533,15531,1,-1
2021-01-12 15:30:34.296,15529,15531,15529,1,-1
2021-01-12 15:30:34.314,15529,15531,15529,1,-1
2021-01-12 15:30:35.279,15529,15530,15529,1,-1
2021-01-12 15:30:35.279,15529,15530,15529,1,-1
2021-01-12 15:30:35.382,15529,15530,15529,4,-4
2021-01-12 15:30:35.382,15529,15530,15530,1,1
2021-01-12 15:30:35.949,15528,15529,15529,1,1
2021-01-12 15:30:36.353,15528,15529,15529,1,1
2021-01-12 15:30:36.354,15528,15529,15529,1,1
2021-01-12 15:30:38.586,15529,15530,15530,1,1
2021-01-12 15:30:40.441,15529,15530,15530,2,2
2021-01-12 15:30:41.470,15529,15530,15530,2,2
2021-01-12 15:30:43.186,15530,15531,15531,1,1
2021-01-12 15:30:45.233,15530,15531,15531,1,1
2021-01-12 15:30:45.344,15530,15531,15531,1,1
2021-01-12 15:30:49.450,15530,15531,15531,1,1
2021-01-12 15:30:49.451,15530,15531,15531,1,1
2021-01-12 15:30:51.504,15531,15533,15532,1,1
2021-01-12 15:30:51.971,15531,15533,15531,1,-1
2021-01-12 15:30:54.797,15530,15531,15531,1,1
2021-01-12 15:30:56.472,15530,15532,15531,1,-1
2021-01-12 15:31:01.149,15530,15531,15531,3,3
2021-01-12 15:31:01.276,15531,15533,15533,1,1
2021-01-12 15:31:01.574,15531,15533,15531,5,-5
2021-01-12 15:31:03.022,15530,15531,15531,2,2
2021-01-12 15:31:03.148,15530,15531,15531,1,1
2021-01-12 15:31:18.449,15530,15531,15530,1,-1
2021-01-12 15:31:20.456,15530,15531,15531,1,1
2021-01-12 15:31:20.522,15530,15531,15531,1,1
2021-01-12 15:31:20.524,15530,15531,15531,1,1
2021-01-12 15:31:20.598,15530,15531,15530,1,-1
2021-01-12 15:31:21.258,15530,15531,15530,2,-2
2021-01-12 15:31:23.591,15530,15531,15530,1,-1
2021-01-12 15:31:25.583,15530,15531,15530,4,-4
2021-01-12 15:31:25.651,15529,15530,15529,1,-1
2021-01-12 15:31:25.655,15529,15530,15529,1,-1
2021-01-12 15:31:25.656,15529,15530,15529,2,-2
2021-01-12 15:31:28.918,15529,15530,15529,6,-6
2021-01-12 15:31:33.381,15529,15530,15529,2,-2
2021-01-12 15:31:33.397,15529,15530,15530,1,1
2021-01-12 15:31:33.397,15529,15530,15530,1,1
2021-01-12 15:31:33.398,15529,15530,15530,1,1
2021-01-12 15:31:33.398,15529,15530,15530,1,1
2021-01-12 15:31:33.399,15529,15530,15530,1,1
2021-01-12 15:31:33.399,15529,15530,15530,1,1
2021-01-12 15:31:33.813,15529,15530,15530,1,1
2021-01-12 15:31:35.298,15529,15530,15529,2,-2
2021-01-12 15:31:35.298,15529,15530,15528,1,-1
2021-01-12 15:31:41.020,15528,15529,15529,1,1
2021-01-12 15:31:47.271,15528,15529,15529,1,1
2021-01-12 15:31:47.271,15528,15529,15530,20,20
2021-01-12 15:31:47.273,15528,15529,15530,4,4
2021-01-12 15:31:48.214,15529,15530,15529,1,-1
2021-01-12 15:31:50.407,15528,15529,15529,1,1
2021-01-12 15:31:51.490,15528,15529,15529,1,1
2021-01-12 15:31:51.490,15528,15529,15530,2,2
2021-01-12 15:31:53.460,15529,15530,15530,1,1
2021-01-12 15:31:54.760,15530,15531,15531,2,2
2021-01-12 15:31:55.708,15530,15531,15530,2,-2
2021-01-12 15:31:56.879,15530,15531,15531,1,1
2021-01-12 15:31:57.630,15530,15531,15531,1,1
2021-01-12 15:31:57.630,15530,15531,15531,1,1
2021-01-12 15:31:57.630,15530,15531,15531,4,4
2021-01-12 15:31:57.630,15530,15531,15531,4,4
2021-01-12 15:31:57.630,15530,15531,15531,14,14
2021-01-12 15:31:57.630,15530,15531,15531,12,12
2021-01-12 15:31:58.896,15531,15532,15532,1,1
2021-01-12 15:32:01.784,15532,15533,15532,1,-1
2021-01-12 15:32:02.403,15532,15533,15533,1,1
2021-01-12 15:32:02.404,15532,15533,15533,1,1
2021-01-12 15:32:02.541,15532,15533,15533,1,1
2021-01-12 15:32:02.740,15532,15533,15532,4,-4
2021-01-12 15:32:06.046,15531,15532,15531,2,-2
2021-01-12 15:32:06.047,15531,15532,15531,1,-1
2021-01-12 15:32:07.234,15530,15531,15531,1,1
2021-01-12 15:32:07.244,15530,15531,15531,1,1
2021-01-12 15:32:07.752,15530,15531,15531,1,1
2021-01-12 15:32:08.428,15530,15531,15530,1,-1
2021-01-12 15:32:08.428,15530,15531,15530,4,-4
2021-01-12 15:32:08.428,15530,15531,15530,2,-2
2021-01-12 15:32:08.486,15530,15531,15530,1,-1
2021-01-12 15:32:12.842,15530,15531,15530,2,-2
2021-01-12 15:32:14.046,15529,15530,15530,1,1
2021-01-12 15:32:15.000,15529,15530,15530,1,1
2021-01-12 15:32:18.098,15529,15531,15529,1,-1
2021-01-12 15:32:18.212,15529,15531,15531,10,10
2021-01-12 15:32:18.397,15530,15531,15530,1,-1
2021-01-12 15:32:23.713,15529,15530,15529,1,-1
2021-01-12 15:32:25.547,15529,15530,15530,1,1
2021-01-12 15:32:25.623,15529,15530,15530,1,1
2021-01-12 15:32:32.098,15529,15530,15529,19,-19
2021-01-12 15:32:32.099,15529,15530,15529,2,-2
2021-01-12 15:32:32.099,15529,15530,15529,4,-4
2021-01-12 15:32:32.100,15529,15530,15529,1,-1
2021-01-12 15:32:40.688,15528,15529,15528,1,-1
2021-01-12 15:32:41.260,15528,15529,15528,1,-1
2021-01-12 15:32:44.162,15528,15529,15528,1,-1
2021-01-12 15:32:44.971,15528,15529,15528,11,-11
2021-01-12 15:32:45.224,15527,15528,15528,1,1
2021-01-12 15:32:46.431,15527,15528,15527,2,-2
2021-01-12 15:32:46.431,15527,15528,15527,7,-7
2021-01-12 15:32:56.653,15526,15527,15527,2,2
2021-01-12 15:32:56.936,15526,15527,15526,5,-5
2021-01-12 15:32:57.512,15526,15527,15527,1,1
2021-01-12 15:32:57.581,15526,15528,15528,2,2
2021-01-12 15:32:57.811,15526,15528,15526,1,-1
2021-01-12 15:32:58.470,15526,15528,15528,2,2
2021-01-12 15:32:59.047,15526,15527,15526,1,-1
2021-01-12 15:33:00.265,15526,15527,15526,4,-4
2021-01-12 15:33:01.959,15525,15526,15526,1,1
2021-01-12 15:33:02.801,15525,15526,15525,1,-1
2021-01-12 15:33:02.938,15525,15526,15525,1,-1
2021-01-12 15:33:03.882,15525,15526,15526,1,1
2021-01-12 15:33:04.945,15525,15526,15526,3,3
2021-01-12 15:33:06.158,15526,15527,15526,4,-4
2021-01-12 15:33:06.158,15526,15527,15525,2,-2
2021-01-12 15:33:08.184,15525,15526,15525,1,-1
2021-01-12 15:33:08.272,15525,15526,15526,1,1
2021-01-12 15:33:08.273,15525,15526,15526,1,1
2021-01-12 15:33:08.274,15525,15526,15526,1,1
2021-01-12 15:33:12.245,15525,15526,15525,1,-1
2021-01-12 15:33:12.844,15525,15526,15525,2,-2
2021-01-12 15:33:14.892,15525,15526,15525,4,-4
2021-01-12 15:33:14.892,15525,15526,15525,8,-8
2021-01-12 15:33:14.919,15524,15525,15525,4,4
2021-01-12 15:33:17.247,15525,15526,15525,1,-1
2021-01-12 15:33:17.344,15525,15526,15526,1,1
2021-01-12 15:33:19.541,15525,15526,15526,1,1
2021-01-12 15:33:20.117,15525,15526,15526,2,2
2021-01-12 15:33:20.674,15525,15526,15526,2,2
2021-01-12 15:33:23.025,15525,15526,15526,2,2
2021-01-12 15:33:25.187,15526,15527,15526,1,-1
2021-01-12 15:33:27.384,15526,15527,15526,2,-2
2021-01-12 15:33:32.797,15525,15526,15526,2,2
2021-01-12 15:33:37.379,15525,15526,15526,1,1
2021-01-12 15:33:39.188,15525,15526,15526,1,1
2021-01-12 15:33:39.482,15526,15527,15526,1,-1
2021-01-12 15:33:39.922,15525,15527,15526,1,-1
2021-01-12 15:33:40.088,15525,15527,15526,1,-1
2021-01-12 15:33:41.838,15525,15527,15525,1,-1
2021-01-12 15:33:44.627,15526,15527,15527,2,2
2021-01-12 15:33:44.627,15526,15527,15527,1,1
2021-01-12 15:33:45.893,15527,15528,15527,5,-5
2021-01-12 15:33:45.893,15527,15528,15526,5,-5
2021-01-12 15:33:45.956,15526,15528,15526,1,-1
2021-01-12 15:33:49.118,15526,15527,15526,1,-1
2021-01-12 15:33:49.630,15526,15527,15526,1,-1
2021-01-12 15:33:53.244,15525,15527,15525,4,-4
2021-01-12 15:33:55.756,15525,15527,15527,1,1
2021-01-12 15:33:58.204,15525,15526,15526,1,1
2021-01-12 15:34:03.334,15526,15527,15526,3,-3
2021-01-12 15:34:07.866,15526,15527,15526,1,-1
2021-01-12 15:34:14.840,15525,15526,15526,1,1
2021-01-12 15:34:18.326,15525,15526,15525,1,-1
2021-01-12 15:34:18.327,15525,15526,15525,3,-3
2021-01-12 15:34:18.327,15525,15526,15525,1,-1
2021-01-12 15:34:18.327,15525,15526,15525,1,-1
2021-01-12 15:34:18.327,15525,15526,15525,8,-8
2021-01-12 15:34:21.174,15524,15525,15524,1,-1
2021-01-12 15:34:21.316,15524,15525,15524,1,-1
2021-01-12 15:34:22.561,15524,15525,15524,2,-2
2021-01-12 15:34:22.562,15524,15525,15524,3,-3
2021-01-12 15:34:23.773,15523,15524,15523,2,-2
2021-01-12 15:34:24.027,15523,15524,15524,1,1
2021-01-12 15:34:24.197,15523,15524,15524,1,1
2021-01-12 15:34:30.094,15524,15525,15525,2,2
2021-01-12 15:34:30.094,15524,15525,15525,3,3
2021-01-12 15:34:30.094,15524,15525,15525,4,4
2021-01-12 15:34:30.094,15524,15525,15525,3,3
2021-01-12 15:34:30.095,15524,15525,15525,1,1
2021-01-12 15:34:39.022,15525,15526,15525,5,-5
2021-01-12 15:34:42.537,15525,15526,15525,1,-1
2021-01-12 15:34:59.260,15525,15526,15525,1,-1
2021-01-12 15:35:05.485,15525,15526,15525,1,-1
2021-01-12 15:35:05.742,15525,15526,15526,1,1
2021-01-12 15:35:06.085,15525,15526,15526,1,1
2021-01-12 15:35:07.082,15525,15526,15525,4,-4
2021-01-12 15:35:07.338,15525,15526,15525,1,-1
2021-01-12 15:35:11.369,15524,15525,15525,1,1
2021-01-12 15:35:20.601,15524,15525,15525,1,1
2021-01-12 15:35:21.389,15524,15525,15524,2,-2
2021-01-12 15:35:22.499,15524,15525,15525,3,3
2021-01-12 15:35:23.076,15524,15525,15525,1,1
2021-01-12 15:35:27.573,15524,15525,15524,2,-2
2021-01-12 15:35:29.446,15524,15525,15525,2,2
2021-01-12 15:35:29.525,15524,15525,15525,2,2
2021-01-12 15:35:29.991,15525,15527,15525,1,-1
2021-01-12 15:35:33.815,15525,15526,15525,1,-1
2021-01-12 15:35:34.179,15525,15526,15526,1,1
2021-01-12 15:35:34.292,15525,15527,15525,1,-1
2021-01-12 15:35:35.585,15525,15527,15526,1,1
2021-01-12 15:35:43.774,15524,15526,15524,1,-1
2021-01-12 15:35:43.991,15524,15525,15525,4,4
2021-01-12 15:35:45.070,15525,15526,15526,1,1
2021-01-12 15:35:46.497,15525,15526,15526,1,1
2021-01-12 15:35:49.819,15525,15526,15525,4,-4
2021-01-12 15:35:54.724,15524,15525,15524,1,-1
2021-01-12 15:35:59.414,15524,15525,15524,6,-6
2021-01-12 15:36:00.328,15523,15525,15523,1,-1
2021-01-12 15:36:02.429,15523,15524,15523,1,-1
2021-01-12 15:36:04.757,15523,15524,15523,1,-1
2021-01-12 15:36:04.785,15523,15524,15524,1,1
2021-01-12 15:36:06.107,15523,15524,15524,2,2
2021-01-12 15:36:08.188,15523,15524,15523,1,-1
2021-01-12 15:36:08.553,15523,15524,15523,4,-4
2021-01-12 15:36:08.554,15523,15524,15523,2,-2
2021-01-12 15:36:08.554,15523,15524,15523,4,-4
2021-01-12 15:36:10.802,15522,15523,15523,1,1
2021-01-12 15:36:11.673,15522,15523,15522,1,-1
2021-01-12 15:36:13.670,15522,15523,15523,2,2
2021-01-12 15:36:16.104,15522,15523,15522,1,-1
2021-01-12 15:36:16.539,15522,15523,15523,1,1
2021-01-12 15:36:18.394,15522,15523,15522,4,-4
2021-01-12 15:36:18.394,15522,15523,15522,3,-3
2021-01-12 15:36:18.394,15522,15523,15522,1,-1
2021-01-12 15:36:18.394,15522,15523,15522,1,-1
2021-01-12 15:36:18.394,15522,15523,15522,2,-2
2021-01-12 15:36:18.394,15522,15523,15522,14,-14
2021-01-12 15:36:18.394,15522,15523,15522,3,-3
2021-01-12 15:36:21.357,15521,15522,15521,2,-2
2021-01-12 15:36:21.454,15521,15522,15521,2,-2
2021-01-12 15:36:21.812,15521,15522,15521,2,-2
2021-01-12 15:36:23.937,15521,15522,15521,1,-1
2021-01-12 15:36:26.795,15521,15522,15521,1,-1
2021-01-12 15:36:30.083,15521,15522,15522,1,1
2021-01-12 15:36:31.077,15522,15523,15523,1,1
2021-01-12 15:36:31.144,15522,15523,15522,5,-5
2021-01-12 15:36:31.144,15522,15523,15521,12,-12
2021-01-12 15:36:31.144,15522,15523,15520,13,-13
2021-01-12 15:36:33.914,15521,15522,15521,1,1
2021-01-12 15:36:35.662,15521,15522,15521,1,-1
2021-01-12 15:36:36.259,15520,15522,15520,1,-1
2021-01-12 15:36:36.742,15520,15522,15522,2,2
2021-01-12 15:36:38.115,15521,15522,15522,2,2
2021-01-12 15:36:38.181,15521,15522,15521,1,-1
2021-01-12 15:36:38.896,15521,15522,15522,2,2
2021-01-12 15:36:46.021,15521,15522,15522,1,1
2021-01-12 15:36:49.923,15521,15522,15522,1,1
2021-01-12 15:36:50.253,15521,15523,15521,1,-1
2021-01-12 15:36:50.918,15521,15522,15522,1,1
2021-01-12 15:36:52.753,15521,15522,15522,1,1
2021-01-12 15:36:52.801,15522,15523,15522,1,-1
2021-01-12 15:36:53.993,15522,15523,15522,1,-1
2021-01-12 15:36:54.813,15522,15523,15522,1,-1
2021-01-12 15:36:54.983,15522,15523,15523,3,3
2021-01-12 15:37:07.575,15523,15524,15523,2,-2
2021-01-12 15:37:10.544,15523,15524,15524,1,1
2021-01-12 15:37:13.293,15523,15524,15524,1,1
2021-01-12 15:37:16.944,15523,15524,15523,1,-1
2021-01-12 15:37:17.727,15523,15524,15523,2,-2
2021-01-12 15:37:17.727,15523,15524,15523,1,-1
2021-01-12 15:37:21.601,15522,15523,15523,1,1
2021-01-12 15:37:34.019,15522,15523,15523,2,2
2021-01-12 15:37:36.171,15522,15523,15523,1,1
2021-01-12 15:37:37.529,15522,15523,15522,2,-2
2021-01-12 15:37:38.023,15522,15523,15522,2,-2
2021-01-12 15:37:42.686,15522,15523,15523,1,1
2021-01-12 15:37:42.686,15522,15523,15523,5,5
2021-01-12 15:37:42.687,15522,15523,15523,1,1
2021-01-12 15:37:42.687,15522,15523,15523,1,1
2021-01-12 15:37:42.687,15522,15523,15523,1,1
2021-01-12 15:37:42.687,15522,15523,15523,1,1
2021-01-12 15:37:42.687,15522,15523,15523,1,1
2021-01-12 15:37:42.687,15522,15523,15523,3,3
2021-01-12 15:37:42.716,15522,15523,15524,1,1
2021-01-12 15:37:44.771,15523,15524,15524,4,4
2021-01-12 15:37:49.308,15523,15525,15523,8,-8
2021-01-12 15:37:49.308,15523,15525,15522,2,-2
2021-01-12 15:37:53.373,15522,15524,15524,1,1
2021-01-12 15:38:20.597,15522,15523,15522,1,-1
2021-01-12 15:38:29.037,15522,15523,15522,2,-2
2021-01-12 15:38:29.039,15522,15523,15522,1,-1
2021-01-12 15:38:29.533,15522,15523,15522,5,-5
2021-01-12 15:38:30.658,15522,15523,15523,3,3
2021-01-12 15:38:47.875,15522,15523,15522,1,-1
2021-01-12 15:38:48.327,15522,15523,15522,2,-2
2021-01-12 15:38:55.069,15522,15523,15522,1,-1
2021-01-12 15:38:58.106,15522,15523,15522,1,-1
2021-01-12 15:38:58.653,15522,15523,15522,10,-10
2021-01-12 15:39:02.988,15521,15522,15522,2,2
2021-01-12 15:39:05.165,15521,15522,15522,1,1
2021-01-12 15:39:09.277,15521,15522,15522,5,5
2021-01-12 15:39:10.151,15521,15523,15521,5,-5
2021-01-12 15:39:20.655,15521,15522,15522,1,1
2021-01-12 15:39:22.324,15521,15522,15522,1,1
2021-01-12 15:39:29.181,15522,15523,15523,4,4
2021-01-12 15:39:29.271,15522,15523,15523,11,11
2021-01-12 15:39:30.593,15522,15524,15522,10,-10
2021-01-12 15:39:37.546,15522,15523,15523,2,2
2021-01-12 15:39:42.156,15522,15523,15522,3,-3
2021-01-12 15:39:42.156,15522,15523,15522,1,-1
2021-01-12 15:39:42.156,15522,15523,15522,1,-1
2021-01-12 15:39:42.156,15522,15523,15522,1,-1
2021-01-12 15:39:42.156,15522,15523,15522,1,-1
2021-01-12 15:39:42.156,15522,15523,15522,10,-10
2021-01-12 15:39:42.174,15522,15523,15521,2,-2
2021-01-12 15:39:42.187,15522,15523,15521,2,-2
2021-01-12 15:39:42.691,15521,15522,15522,1,1
2021-01-12 15:39:44.358,15522,15523,15522,1,-1
2021-01-12 15:39:49.507,15521,15523,15523,1,1
2021-01-12 15:39:51.046,15521,15522,15522,1,1
2021-01-12 15:39:55.616,15522,15523,15522,2,-2
2021-01-12 15:39:56.619,15522,15523,15522,1,-1
2021-01-12 15:39:59.271,15522,15523,15523,3,3
2021-01-12 15:40:00.313,15523,15524,15523,1,-1
2021-01-12 15:40:02.205,15523,15524,15523,1,-1
2021-01-12 15:40:06.755,15523,15524,15523,2,-2
2021-01-12 15:40:08.055,15523,15524,15524,1,1
2021-01-12 15:40:08.811,15523,15524,15523,3,-3
2021-01-12 15:40:08.811,15523,15524,15522,5,-5
2021-01-12 15:40:28.443,15522,15523,15522,1,-1
2021-01-12 15:40:28.443,15522,15523,15522,4,-4
2021-01-12 15:40:28.443,15522,15523,15522,4,-4
2021-01-12 15:40:28.444,15522,15523,15522,21,-21
2021-01-12 15:40:28.444,15522,15523,15522,4,-4
2021-01-12 15:40:28.533,15521,15522,15521,1,-1
2021-01-12 15:40:28.547,15521,15522,15521,2,-2
2021-01-12 15:40:28.549,15521,15522,15521,3,-3
2021-01-12 15:40:28.549,15521,15522,15521,8,-8
2021-01-12 15:40:28.549,15521,15522,15521,1,-1
2021-01-12 15:40:28.550,15521,15522,15521,2,-2
2021-01-12 15:40:28.550,15521,15522,15521,3,-3
2021-01-12 15:40:28.550,15521,15522,15521,2,-2
2021-01-12 15:40:28.550,15521,15522,15521,1,-1
2021-01-12 15:40:28.815,15520,15521,15520,4,-4
2021-01-12 15:40:28.911,15520,15521,15520,4,-4
2021-01-12 15:40:29.214,15520,15521,15520,1,-1
2021-01-12 15:40:30.935,15520,15521,15520,2,-2
2021-01-12 15:40:33.967,15520,15521,15521,2,2
2021-01-12 15:40:34.714,15521,15523,15521,12,-12
2021-01-12 15:40:34.714,15521,15523,15520,3,-3
2021-01-12 15:40:39.279,15522,15523,15522,3,3
2021-01-12 15:40:40.197,15522,15523,15522,1,-1
2021-01-12 15:40:46.854,15521,15522,15522,3,3
2021-01-12 15:40:47.377,15521,15523,15523,1,1
2021-01-12 15:40:57.970,15522,15523,15522,1,-1
2021-01-12 15:40:59.155,15522,15523,15523,7,7
2021-01-12 15:41:00.131,15523,15524,15523,1,-1
2021-01-12 15:41:00.214,15523,15524,15523,1,-1
2021-01-12 15:41:01.178,15523,15524,15523,1,-1
2021-01-12 15:41:12.000,15522,15523,15523,3,3
2021-01-12 15:41:15.828,15523,15524,15523,1,-1
2021-01-12 15:41:16.819,15522,15524,15523,1,-1
2021-01-12 15:41:19.342,15523,15524,15524,1,1
2021-01-12 15:41:19.396,15523,15524,15524,6,6
2021-01-12 15:41:19.396,15523,15524,15524,16,16
2021-01-12 15:41:29.399,15523,15524,15524,2,2
2021-01-12 15:41:29.399,15523,15524,15524,3,3
2021-01-12 15:41:33.461,15523,15525,15523,1,-1
2021-01-12 15:41:33.543,15523,15525,15525,6,6
2021-01-12 15:41:36.961,15523,15525,15523,1,-1
2021-01-12 15:41:42.136,15524,15525,15524,1,1
2021-01-12 15:41:42.145,15524,15525,15524,1,-1
2021-01-12 15:41:42.580,15523,15525,15523,1,-1
2021-01-12 15:41:49.114,15524,15525,15524,2,2
2021-01-12 15:41:49.187,15524,15525,15524,3,-3
2021-01-12 15:41:49.699,15524,15525,15524,1,-1
2021-01-12 15:41:49.699,15524,15525,15523,1,-1
2021-01-12 15:41:50.069,15523,15525,15523,4,-4
2021-01-12 15:41:51.599,15524,15525,15524,1,1
2021-01-12 15:42:08.298,15524,15525,15524,2,-2
2021-01-12 15:42:09.354,15524,15525,15525,1,1
2021-01-12 15:42:13.584,15524,15525,15525,2,2
2021-01-12 15:42:18.348,15524,15525,15525,1,1
2021-01-12 15:42:18.743,15524,15525,15524,1,-1
2021-01-12 15:42:20.914,15524,15525,15525,4,4
2021-01-12 15:42:28.915,15524,15525,15524,1,-1
2021-01-12 15:42:29.917,15524,15525,15524,2,-2
2021-01-12 15:42:46.855,15524,15525,15524,5,-5
2021-01-12 15:42:46.856,15524,15525,15524,3,-3
2021-01-12 15:42:48.170,15523,15524,15523,2,-2
2021-01-12 15:42:53.749,15522,15524,15522,8,-8
2021-01-12 15:42:53.784,15522,15523,15522,1,-1
2021-01-12 15:42:53.810,15522,15523,15522,2,-2
2021-01-12 15:42:53.865,15522,15523,15522,1,-1
2021-01-12 15:42:55.193,15522,15523,15522,3,-3
2021-01-12 15:42:55.248,15522,15523,15522,2,-2
2021-01-12 15:42:55.292,15522,15523,15522,1,-1
2021-01-12 15:42:56.196,15522,15523,15523,1,1
2021-01-12 15:43:04.182,15522,15523,15523,2,2
2021-01-12 15:43:06.762,15523,15524,15523,1,-1
2021-01-12 15:43:07.694,15523,15524,15523,2,-2
2021-01-12 15:43:07.694,15523,15524,15522,3,-3
2021-01-12 15:43:10.268,15523,15524,15523,1,1
2021-01-12 15:43:18.178,15523,15524,15523,4,-4
2021-01-12 15:43:18.178,15523,15524,15522,1,-1
2021-01-12 15:43:20.972,15523,15524,15524,2,2
2021-01-12 15:43:20.973,15523,15524,15524,1,1
2021-01-12 15:43:32.902,15524,15525,15525,2,2
2021-01-12 15:43:35.169,15524,15525,15525,2,2
2021-01-12 15:43:35.169,15524,15525,15525,1,1
2021-01-12 15:43:35.169,15524,15525,15525,2,2
2021-01-12 15:43:35.169,15524,15525,15525,1,1
2021-01-12 15:43:35.169,15524,15525,15525,3,3
2021-01-12 15:43:35.169,15524,15525,15525,7,7
2021-01-12 15:43:35.169,15524,15525,15525,1,1
2021-01-12 15:43:35.169,15524,15525,15525,1,1
2021-01-12 15:43:35.169,15524,15525,15525,1,1
2021-01-12 15:43:35.169,15524,15525,15525,1,1
2021-01-12 15:43:40.193,15524,15525,15524,2,-2
2021-01-12 15:43:40.582,15523,15525,15523,2,-2
2021-01-12 15:43:51.033,15524,15525,15525,1,1
2021-01-12 15:43:52.105,15524,15525,15524,2,-2
2021-01-12 15:43:52.105,15524,15525,15524,1,-1
2021-01-12 15:44:03.404,15523,15524,15523,1,-1
2021-01-12 15:44:03.662,15523,15524,15523,1,-1
2021-01-12 15:44:03.692,15523,15524,15522,1,-1
2021-01-12 15:44:04.067,15522,15523,15523,4,4
2021-01-12 15:44:06.046,15522,15524,15523,1,-1
2021-01-12 15:44:30.041,15523,15524,15523,2,-2
2021-01-12 15:44:38.413,15523,15524,15523,3,-3
2021-01-12 15:44:38.960,15523,15524,15523,1,-1
2021-01-12 15:44:54.966,15523,15524,15523,1,-1
2021-01-12 15:45:15.697,15522,15523,15523,1,1
2021-01-12 15:45:18.876,15522,15523,15523,1,1
2021-01-12 15:45:39.200,15522,15524,15522,3,-3
2021-01-12 15:45:39.272,15522,15524,15524,1,1
2021-01-12 15:45:39.502,15522,15524,15522,1,-1
2021-01-12 15:45:43.828,15522,15524,15524,3,3
2021-01-12 15:46:01.552,15523,15524,15524,2,2
2021-01-12 15:46:01.938,15524,15525,15525,1,1
2021-01-12 15:46:02.035,15524,15525,15525,1,1
2021-01-12 15:46:16.492,15524,15525,15524,1,-1
2021-01-12 15:46:17.049,15524,15525,15524,1,-1
2021-01-12 15:46:17.147,15523,15524,15524,1,1
2021-01-12 15:46:17.148,15523,15524,15524,1,1
2021-01-12 15:46:17.148,15523,15524,15524,1,1
2021-01-12 15:46:21.879,15523,15524,15524,7,7
2021-01-12 15:46:21.880,15523,15524,15524,2,2
2021-01-12 15:46:24.038,15523,15524,15524,1,1
2021-01-12 15:46:29.346,15523,15524,15523,1,-1
2021-01-12 15:46:29.915,15523,15524,15523,2,-2
2021-01-12 15:46:47.626,15522,15523,15523,1,1
2021-01-12 15:46:47.647,15522,15523,15523,1,1
2021-01-12 15:46:47.649,15522,15523,15523,1,1
2021-01-12 15:47:00.470,15522,15523,15522,3,-3
2021-01-12 15:47:01.724,15522,15523,15522,1,-1
2021-01-12 15:47:01.862,15522,15523,15522,1,-1
2021-01-12 15:47:02.373,15522,15523,15522,2,-2
2021-01-12 15:47:10.210,15522,15523,15522,1,-1
2021-01-12 15:47:21.817,15522,15523,15523,1,1
2021-01-12 15:47:28.787,15522,15523,15522,4,-4
2021-01-12 15:47:28.787,15522,15523,15522,6,-6
2021-01-12 15:47:28.787,15522,15523,15522,9,-9
2021-01-12 15:47:33.166,15521,15523,15521,4,-4
2021-01-12 15:47:34.173,15521,15522,15522,5,5
2021-01-12 15:47:39.429,15522,15523,15522,3,-3
